4088 6454
338 357 442 421 £37

586 350 662 424 [ιιι
699 366 750 407 ο.
795 349 933 406 ηθί
970 365 1036 405 ω
1090 349 1249 425 1328]
1324 357 1773 419 BYZANTIN/E
1811 358 1923 419 HIs

2026 354 2202 419 )RUE
2245 360 2392 418 LIB.
2436 358 2601 417 Vlll.
2705 353 2839 427 [ηιμ.
2880 370 3171 413 ssonomc.
3210 371 3351 429 sem]

3500 361 3606 426 538

337 474 433 528 καὶ
464 471 605 542 ἀργύ
619 488 716 542 ρεα
735 471 902 541 σκεύη
939 472 1033 538 καὶ,
1060 472 1190 543 ἄχρι
1250 472 1542 544 πυθμένων
1598 489 1909 529 καταουντα

2026 474 2133 544 ajus
2161 472 2519 544 supellectilis
2543 474 2835 545 jacturam,
2859 489 3023 544 quam
3051 475 3123 530 ob
3150 475 3352 530 malum
3375 476 3432 545 in
3458 475 3603 545 ipso,

271 597 283 610 -
337 567 609 636 θαλάττης
633 582 648 597 ο
677 566 705 618 δ
750 566 847 620 καὶ⁸
874 566 963 619 διά
994 566 1244 638 μεγάλης
1287 568 1468 639 ἤγαγε
1504 568 1684 638 λύπης
1728 569 1915 631 αὐτὸν,

337 660 395 712 οὐ
421 657 676 711 τοσοῦτον
699 658 787 712 διά
819 660 919 726 τὴν
952 659 1212 731 στέρησιν
1239 662 1349 714 τῶν
1403 662 1636 724 σκευῶν,
1672 661 1796 716 ὅσον
1829 661 1919 715 διά

337 748 397 803 τδ
423 750 488 802 ἐκ
522 748 751 818 πρώτης
773 748 942 818 φάναι
983 752 1254 820 γραμμῆς
1281 751 1672 817 δυσοιώνιστον
1719 754 1918 807 συνάν-

340 857 488 910 τημα
521 840 618 894 καὶ
670 841 732 894 τὸ
790 841 892 910 τῆς
944 842 1176 913 μελέτης
1224 843 1476 898 ἐντεῦθεν
1535 845 1912 903 δυσέλπιστον.

348 932 508 987 Ἀλλά
531 932 638 1004 γάρ
678 930 933 988 ἀπελθὼν
976 936 1047 988 ὲν.
1090 934 1464 1008 Θεσσαλονίκῃ
1506 937 1714 1001 πάντας
1753 938 1918 1001 εὐθὺς

339 1023 741 1094 συλλαϐόμενος
778 1025 908 1089 τοὺς
942 1027 1072 1096 περὶ
1117 1026 1218 1097 τὴν
1246 1028 1538 1082 δέσποιναν
1590 1027 1759 1099 Ξένην
1799 1030 1915 1098 ἅμα

340 1117 477 1188 αὗτῇ
518 1118 616 1171 καὶ
653 1117 800 1187 μάλα
832 1119 1091 1188 ἀκόσμως
1128 1121 1441 1190 ἐμϐιϐάσας
1472 1121 1530 1185 ἐς
1558 1123 1760 1193 τριήρη
1796 1122 1916 1186 ἐξέ-

340 1209 557 1279 πεμψεν
590 1212 648 1272 ὲς
680 1209 975 1274 Βυζάντιον
995 1227 1009 1240 ·
1046 1212 1080 1281 ἢ
1108 1211 1175 1280 δὴ
1206 1213 1299 1265 καὶ
1349 1213 1560 1265 ἀκουτα
1619 1213 1916 1283 ὲληλυθυῖα

339 1302 662 1372 ἐφρουρεῖτο
691 1302 822 1373 περὶ
849 1304 910 1355 τὸ
949 1303 1087 1370 ἑῷον
1120 1304 1288 1374 μέρος
1314 1304 1425 1356 τῶν
1461 1303 1781 1374 βασιλείων.
1819 1306 1915 1357 Ἐν

342 1394 439 1463 μὲν
466 1395 532 1462 δὴ
558 1395 718 1450 τοῦτο
750 1396 845 1449 καὶ
888 1396 1317 1450 σπουδαιότατον
1364 1399 1531 1467 ἔργον
1577 1374 1919 1452 ΚωνὲταντίΣ

339 1505 433 1541 νου
484 1487 581 1541 τοῦ
637 1489 901 1543 δεσπότου
954 1491 1250 1559 γενομένου
1307 1490 1438 1560 περὶ
1489 1492 1913 1561 Θεσσαλονίκην.

341 1578 606 1650 Δεύτερον
638 1579 716 1643 δὲ,
747 1582 929 1634 πάντα
959 1582 1049 1634 τὸν
1099 1582 1164 1635 ἐκ
1195 1582 1538 1645 Μακεδονίας
1586 1570 1917 1652 συναγείρας

341 1670 578 1740 στρατὸν
605 1671 824 1744 ἔρχεται
882 1673 1023 1727 κατά
1075 1671 1170 1727 τοῦ
1229 1674 1452 1743 ἀνεψιοῦ
1503 1673 1770 1743 βασιλέως
1814 1674 1910 1744 (4).

352 1762 556 1818 Ἐλθὼν
626 1766 724 1833 μὲν
777 1764 841 1843 δὴ
886 1765 1040 1835 παρά
1093 1767 1193 1835 τὴν
1243 1766 1643 1837 Χριστούπολιν
1692 1766 1915 1838 πέμψας

345 1855 512 1927 ᾔτησε
538 1856 708 1909 δίοδον
739 1858 871 1929 παρ’
897 1859 1138 1912 ἑκόντων
1173 1858 1281 1912 τῶν
1312 1859 1587 1929 φρουρῶν,
1624 1861 1755 1930 πρὶν
1789 1861 1918 1932 παρ’

2019 566 2166 636 quod
2194 564 2577 630 aiunt,limine
2603 581 2785 632 omen,
2814 581 2923 636 quo
2954 568 3173 622 animus
3198 569 3275 622 rei
3304 532 3605 623 conhcien-

2020 658 2104 713 dae
2130 673 2355 728 parvam
2396 672 2548 728 spem
2580 657 2951 728 concipiebat.
2995 659 3268 714 Caeterum
3303 659 3603 715 Thessalo-

2017 752 2203 806 nicam
2258 750 2540 820 profectus
2588 749 2781 806 Xenen
2836 767 2962 807 cum
3018 753 3282 809 onmibus
3333 753 3603 808 ministris

2019 842 2495 912 comprehensam,
2524 843 2673 896 nulla
2714 842 2980 898 modestia
3027 844 3237 899 triremi
3265 844 3598 914 impositam,

2018 935 2342 1007 Byzantium
2379 935 2550 990 misit.
2583 934 2703 1000 Quo
2738 950 2863 990 cum
2906 936 2996 990 illa
3030 936 3203 991 invita
3232 938 3601 1006 pervenisset.

2019 1026 2073 1081 in
2100 1026 2358 1081 orientali
2389 1027 2574 1097 palatii
2602 1037 2757 1096 parte
2792 1028 3232 1083 custodiebatur.
3271 1029 3338 1083 Et
3364 1029 3601 1098 primum

2018 1120 2125 1174 hoc
2158 1129 2325 1190 atque
2369 1120 2756 1190 gravissimum
2791 1136 2931 1190 opus
2975 1120 3077 1175 fuit
3125 1121 3471 1176 Constantini
3506 1124 3603 1175 de-

2017 1223 2208 1282 spotae,
2261 1212 2354 1267 ubi
2415 1215 2461 1269 is
2511 1213 2961 1270 Thessalonicam
3022 1214 3265 1270 advenit.
3322 1216 3594 1280 Alterum,

2018 1306 2165 1376 quod
2212 1305 2443 1360 collecto
2490 1308 2640 1361 omni
2699 1306 3052 1362 Macedonico
3105 1307 3351 1361 exercitu
3403 1317 3596 1361 contra

2019 1397 2412 1467 imperatorem
2448 1398 2635 1454 fratris
2666 1398 2835 1453 lilium
2871 1399 3180 1455 contendit.
3227 1398 3399 1453 Porro
3438 1396 3600 1453 Chri-

2020 1491 2259 1561 stopolin
2291 1506 2614 1561 progressus
2658 1507 2688 1546 a
2730 1492 2982 1561 praesidio
3013 1493 3301 1547 transitum
3356 1492 3600 1560 postula-

2017 1589 2119 1649 vit,
2157 1584 2437 1651 minitans,
2479 1586 2535 1639 ni
2571 1587 2716 1640 ultro
2744 1586 2957 1646 darent.
2994 1585 3062 1639 iis
3096 1584 3285 1640 invitis
3315 1599 3373 1639 se
3402 1584 3600 1639 transi-

2020 1686 2229 1732 turum.
2280 1678 2436 1743 Quod
2475 1693 2600 1732 cum
2642 1678 2719 1731 illi
2759 1687 3100 1740 recusarent,
3139 1685 3401 1746 perrupta
3448 1684 3605 1746 parte

2022 1769 2164 1839 longi
2197 1770 2338 1824 muri
2372 1770 2512 1823 viam
2542 1769 2704 1840 355
2729 1769 3169 1835 intercludentis,
3197 1783 3416 1822 onmem
3448 1783 3607 1822 exer—

1954 1840 1994 1896 Β
2019 1863 2189 1917 citum
2224 1862 2555 1932 prohibente
2587 1861 2805 1915 nemine
2839 1861 3101 1916 traduxit.

342 1951 583 2004 ἀκόντων
612 1949 802 2004 λαϐεῖν
859 1951 1126 2006 ἀπειλῶν.
1174 1953 1296 2007 Τῶν
1349 1953 1408 2007 δὲ
1469 1953 1543 2025 μὴ
1592 1952 1943 2024 δεξαμένων,
1988 1954 2320 2026 βιασάμενος
2358 1955 2524 2018 αὐτὸς
2567 1954 2786 2025 διέκοψε
2816 1955 2981 2027 μέρος
3014 1952 3109 2007 τοῦ
3171 1954 3269 2026 τὴν
3297 1954 3468 2009 δίοδον
3485 1956 3605 2008 ἐπι-

337 2044 666 2117 τειχίζοντος
701 2047 913 2117 μακροῦ
945 2049 1182 2119 τείχους,
1201 2052 1296 2103 καὶ
1325 2048 1470 2102 οὕτω
1493 2051 1602 2113 πᾶς
1620 2049 1915 2107 ἀκωλύτως
1949 2050 2219 2104 διέϐαινεν
2248 2053 2276 2104 ὁ
2308 2052 2561 2122 στρατός.

415 2143 492 2197 E'.
524 2142 794 2210 Στραφεὶς
818 2141 875 2194 δὲ
904 2141 1039 2213 πρός
1066 2143 1260 2195 ἑαυτὸν
1284 2143 1311 2195 ό
1361 2142 1620 2211 βασιλεὺς
1661 2145 1756 2194 καὶ
1796 2159 1923 2194 συν-

348 2235 471 2291 ιδὼν
498 2236 571 2292 ὡς
599 2238 658 2289 ὲν
690 2235 861 2305 στενῷ
895 2235 1288 2289 συνελαύνεταί
1317 2236 1366 2288 οἱ
1392 2237 1461 2288 τὰ
1494 2237 1799 2307 πράγματα
1827 2235 1922 2288 τὸν

350 2332 449 2403 μὲν
502 2331 975 2402 πρωτοστράτορα
1028 2332 1120 2385 τὸν
1172 2332 1475 2400 Συναδηνὸν
1540 2330 1611 2384 τὰ
1667 2331 1924 2401 Θρᾳκικά

346 2424 620 2495 παραδοὺς
678 2423 1071 2495 στρατεύματα
1143 2426 1354 2493 πέμπει
1407 2425 1646 2494 φρουρὸν
1707 2425 1817 2477 τῶν
1861 2442 1922 2477 τε

342 2516 477 2583 πρὸς
509 2515 802 2578 Βυζάντιον
839 2514 1146 2586 βλεπόντων
1187 2515 1351 2584 ὁρίων
1381 2515 1481 2585 τῆς
1520 2514 1671 2585 αὐτῷ
1699 2508 1921 2585 κληρω-

346 2606 536 2676 θείσης
582 2606 759 2675 ἀρχῆς
788 2608 884 2659 καὶ
930 2609 1051 2668 τειῖς
1099 2604 1193 2658 τοῦ
1250 2606 1586 2676 Συργιάννου
1629 2605 1923 2677 ἐκδρομαῖς

342 2697 658 2754 ἀντίπαλον.
699 2698 871 2761 Αὐτὸς
901 2698 947 2752 δ’
986 2697 1201 2752 ἐκεῖθεν
1230 2699 1542 2766 δαιμονίαις
1592 2699 1705 2751 τισὶ
1736 2702 1921 2768 μηχα-

344 2793 464 2854 ναῖς
518 2790 613 2843 καὶ
673 2789 850 2851 δόλοις
904 2789 1047 2858 ἔγνω
1093 2790 1356 2860 πολεμεῖν
1406 2791 1485 2859 τῷ
1539 2789 1669 2861 θείῳ
1702 2793 1796 2843 καὶ
1841 2790 1926 2843 δε-

346 2881 648 2954 σπότη(5).
704 2883 817 2936 Καὶ
856 2882 1050 2954 πρῶτα
1127 2884 1227 2951 μὲν
1276 2881 1629 2951 διατάγματα
1686 2883 1920 2936 πλεῖστα

345 2976 554 3045 σπουδῇ
586 2975 866 3045 γραφῆναι
896 2974 1361 3045 παρεκελεύσατο,
1398 2976 1455 3027 ἐν
1484 2969 1565 3038 οἷς
1595 2975 1922 3044 ὑποσχέσεις

342 3068 645 3136 ἐγράφοντο
682 3067 900 3137 ἔνορκοι
959 3068 1266 3138 χρημάτων
1322 3067 1418 3120 καὶ
1471 3067 1774 3137 κτημάτων
1828 3066 1924 3120 καὶ

342 3159 521 3229 τιμῶν
584 3165 970 3230 προσηκόντων
1026 3160 1281 3228 διανομαὶ
1326 3162 1436 3223 τοῖς
1497 3159 1922 3231 συλληψομένοις

342 3252 432 3305 τὸν
457 3251 725 3320 δεσπότην
759 3252 860 3305 καὶ
891 3252 1057 3306 θεῖον.
1098 3252 1164 3305 *Α
1192 3252 1255 3321 δὴ
1283 3254 1463 3305 πάντα
1498 3252 1791 3323 βαναύσοις
1810 3252 1923 3304 τισὶ

345 3343 623 3414 παροδίοις
653 3343 883 3412 ἀνδράσι
937 3343 1191 3409 δεδωκὼς
1252 3345 1467 3417 ῥίπτειν
1524 3346 1780 3399 ἐκέλευσε
1828 3345 1923 3397 καὶ

2096 2144 2163 2200 ν.
2223 2143 2528 2214 Imperator
2575 2154 2756 2199 autem
2805 2142 3135 2213 cogitatione
3190 2142 3278 2196 his
3323 2141 3392 2198 de
3440 2143 3609 2197 rebus

2024 2244 2303 2304 suscepta,
2328 2251 2454 2290 cum
2490 2250 2550 2290 se
2600 2235 2654 2289 in
2708 2243 2921 2289 arctum
2968 2234 3087 2305 cogi
3120 2245 3390 2295 cerneret,
3421 2243 3612 2304 proto-

2025 2336 2319 2383 suatorem
2353 2326 2731 2399 Synadenum,
2765 2326 3017 2381 Thraciis
3064 2325 3403 2381 exercitibus
3442 2314 3609 2391 datis,

2023 2420 2090 2476 ad
2137 2419 2530 2476 custodiendos
2574 2418 2789 2490 imperii
2828 2417 2910 2474 sui
2950 2418 3107 2481 lines,
3148 2418 3241 2488 qui
3275 2435 3468 2473 versus
3507 2419 3610 2489 By-

2025 2511 2266 2565 zantium
2298 2519 2638 2580 spectarent,
2692 2520 2748 2565 et
2799 2510 2865 2564 ad
2907 2509 3226 2581 Syrgiaunis
3265 2508 3613 2563 incursiones

2023 2600 2415 2671 prohibendas'
2459 2600 2630 2654 misit.
2690 2599 2814 2668 Ipse
2879 2614 3013 2653 vero
3068 2598 3223 2654 miris
3280 2598 3613 2668 quibusdam

2024 2689 2531 2745 machinationibus
2574 2699 2631 2744 et
2686 2690 2824 2744 dolis
2858 2700 3115 2759 patruum
3163 2692 3445 2760 despotam
3483 2691 3612 2747 inde

2025 2796 2347 2853 oppugnare
2398 2781 2658 2835 instituit.
2722 2782 2798 2835 Ac
2852 2783 3092 2850 primum
3143 2781 3321 2835 edicta
3375 2782 3614 2850 plurima

2025 2874 2355 2930 festinanter
2413 2874 2692 2928 conscribi
2749 2873 2934 2943 jussit,
2990 2874 3193 2942 quibus
3250 2872 3614 2943 jurejurando

2025 2966 2249 3020 sancitze
2286 2965 2648 3035 pecuniarum
2682 2964 3115 3033 pollicitationes
3146 2964 3610 3019 continebantur:

2024 3060 2155 3114 item
2193 3060 2678 3128 possessionumet
2708 3057 2983 3111 honorum
3015 3057 3467 3111 convenientium
3498 3057 3614 3111 dis-

2026 3152 2360 3207 tributiones
2403 3149 2856 3218 proponebantur
2898 3149 2986 3213 iis,
3020 3150 3113 3218 qui
3147 3149 3432 3217 despotam
3466 3163 3616 3202 eom-

2024 3241 2351 3314 prehensuri
2391 3249 2582 3295 essent
2619 3256 2633 3293 :
2681 3254 2855 3309 eaque
2890 3239 3353 3308 praetereuntibus
3390 3239 3617 3308 plebeiis

2026 3334 2345 3389 hominibus
2369 3333 2539 3399 dedit,
2570 3344 2627 3387 ut
2657 3333 2963 3403 abjicerent
2990 3344 3045 3390 et
3071 3334 3137 3389 de
3163 3334 3439 3389 industria
3462 3350 3591 3403 spar

344 3412 685 3502 διασπείρειν
713 3431 1028 3502 ἐξεπίτηδες
1061 3433 1213 3502 παρά
1234 3412 1294 3486 τε
1352 3433 1414 3487 τὸ
1448 3434 1810 3502 στρατόπεδον
1834 3433 1923 3486 τοῦ

2028 3438 2246 3499 gerent.
2284 3441 2411 3480 cum
2442 3428 2597 3497 juxta
2632 3426 2875 3496 despotte
2910 3436 3112 3490 castra,
3158 3437 3272 3481 tum
3313 3428 3515 3496 passim
3560 3426 3614 3480 in

344 3530 608 3584 δεσπότου
657 3531 752 3585 καὶ
803 3530 1054 3600 πανταχῆ
1099 3529 1211 3581 τῶν
1275 3527 1431 3583 ὁδῶν.
1489 3527 1728 3580 Ἔπειτα
1782 3510 1923 3594 πρὸς

349 3622 557 3687 τούτοις
588 3623 818 3677 θάνατον
870 3624 1166 3695 κηρύττειν
1221 3622 1476 3675 ἐκέλευσε
1525 3618 1624 3674 τοῦ
1658 3618 1927 3687 βασιλέως

347 3715 443 3769 καὶ
477 3716 728 3779 πάππου,
744 3714 1163 3791 ,στασιασάντων
1189 3713 1347 3783 δῆθεν
1365 3712 1471 3764 τῶν
1492 3708 1806 3774 Βυζαντίων
1833 3708 1929 3760 καὶ

353 3809 789 3863 ἀποκτεινάντων
817 3807 997 3860 αὐτόν.
1025 3802 1243 3877 [Ρ.219]
1274 3805 1337 3857 Ὃ
1358 3803 1423 3872 δὴ
1446 3804 1540 3855 καὶ
1560 3799 1929 3870 διετράνωσαν

356 3897 667 3967 περιϊόντες
696 3895 985 3965 ἁπανταχῆ
1025 3897 1074 3947 οἱ
1113 3894 1180 3945 τά
1236 3891 1463 3945 τοιαῦτα
1518 3889 1776 3942 πλάττειν
1817 3885 1928 3938 δεισ·

348 3991 449 4055 νοὶ,
486 3981 561 4042 ὧν
596 3991 647 4043 οἱ
707 3989 927 4050 πλείους
983 3988 1077 4040 καὶ
1133 3985 1331 4057 ὅρκους
1386 3981 1800 4054 προσετίθεσαν,
1851 3978 1929 4041 ὡς

349 4082 601 4151 παρῆσαν
647 4082 744 4134 καὶ
791 4081 1058 4133 αὐτόπται
1098 4080 1197 4148 τῆς
1241 4077 1444 4146 πικρᾶς
1493 4076 1704 4128 ἐκείνου
1730 4072 1928 4124 τελευ-

352 4171 453 4234 τῆς
487 4172 734 4239 ἐγένοντο
761 4187 774 4201 ο
804 4171 900 4223 καὶ
935 4170 1281 4242 παράστασιν
1313 4166 1587 4220 ποιεῖσθαι
1617 4164 1709 4218 τοῦ
1749 4166 1927 4230 πράγ-

355 4281 521 4334 ματος
555 4263 804 4324 θέλοντες
855 4262 1052 4332 τρίχας
1098 4260 1416 4313 ἐδείκνυσαν
1446 4258 1669 4323 λευκὰς,
1707 4258 1763 4310 αἳ
1788 4252 1929 4324 ἦσαν

356 4356 455 4426 μὲν
483 4357 545 4407 ὲκ
574 4356 865 4425 προὸάτων
890 4355 1123 4416 λευκῶν,
1154 4353 1467 4405 ἐδείκνυντο
1518 4350 1564 4402 δ’
1606 4349 1681 4411 ὡς
1739 4351 1803 4403 ὲκ
1833 4349 1930 4416 τῆς

353 4443 591 4515 κεφαλῆς
651 4445 746 4497 καὶ
791 4444 893 4511 τῇς
934 4442 1149 4511 ὑπήνης
1197 4441 1291 4493 τοῦ
1348 4438 1581 4509 γηραιοῦ
1639 4438 1928 4508 βασιλέως,

350 4538 503 4590 ἀτετ
542 4540 592 4601 ῖς
628 4535 722 4590 τοῦ
775 4537 947 4605 δήμου
998 4532 1475 4587 διασκεδασθεῖσαι
1535 4531 1714 4602 χερσί.
1766 4530 1932 4584 Ταῦτ’

354 4614 661 4699 ἀκουόμενα
685 4632 797 4692 τοῖς
821 4631 878 4682 ὲν
910 4628 1129 4696 κώμαις
1169 4628 1263 4679 καί
1313 4624 1503 4678 πόλεσι
1561 4624 1656 4677 καὶ
1695 4622 1932 4693 μάλιστα

2031 3522 2155 3575 viis.
2206 3519 2418 3574 Deinde
2472 3519 2685 3575 obitum
2736 3520 2820 3574 avi
2876 3520 3228 3588 imperatoris
3289 3518 3617 3588 proclamari

2025 3612 2213 3683 jussit,
2246 3611 2341 3680 qui
2386 3628 2417 3666 a
2448 3610 2729 3682 Byzantiis
2763 3626 2862 3680 per
2910 3612 3239 3668 seditionem
3277 3613 3493 3667 occisus
3523 3626 3614 3665 cs-

2030 3714 2156 3760 set:
2189 3705 2357 3774 idque
2390 3704 2707 3775 hujusmodi
2736 3716 3178 3760 commentorum
3218 3707 3459 3761 artiticcs
3494 3705 3619 3759 ubi-

2030 3813 2140 3868 que
2171 3799 2470 3867 vulgarunt
2499 3818 2511 3852 :
2540 3799 2790 3868 plerique
2820 3798 2984 3853 etiam
3014 3799 3378 3870 jurejurando
3406 3798 3614 3863 addito,

2032 3908 2092 3946 se
2124 3891 2443 3946 interfuisse
2475 3900 2531 3945 et
2565 3891 2682 3947 suis
2721 3892 2901 3946 oculis
2942 3892 3205 3944 acerbum
3247 3891 3396 3944 illius
3427 3891 3620 3945 interi-

2034 3995 2149 4038 tum
2179 3984 2404 4037 vidisse.
2453 3983 2522 4037 Et
2574 3993 2635 4037 ut
2668 3999 2783 4037 rem
2824 3983 3238 4045 conﬁrmarent,
3273 3984 3430 4038 albos
3479 3983 3620 4051 pilus

2032 4075 2407 4131 ostendebant
2436 4075 2683 4129 albarum
2710 4076 2922 4138 ovium,
2945 4074 3102 4144 quasi
3131 4090 3160 4128 e
3192 4074 3372 4143 capite
3398 4084 3453 4127 et
3475 4091 3619 4127 incu-

2035 4178 2089 4223 to
2131 4168 2372 4223 senioris
2410 4168 2764 4237 imperatoris
2795 4168 2942 4238 vulgi
3002 4168 3259 4221 manibus
3310 4168 3481 4221 avulsi
3530 4182 3622 4221 es-

2033 4268 2245 4314 sentet
2277 4259 2550 4327 dissipati.
2583 4258 2714 4326 Quae
2746 4275 2883 4313 cum:
2910 4260 2964 4313 in
3000 4260 3155 4329 pagis
3186 4268 3243 4315 et
3274 4258 3504 4313 urbibus
3538 4270 3622 4312 at-
3710 4276 3723 4287 ι

2032 4368 2141 4423 que
2198 4352 2253 4407 in
2315 4352 2509 4423 primis
2565 4352 2620 4407 in
2675 4353 2919 4423 despota:
2972 4353 3218 4406 exercitu
3270 4344 3621 4420 audirentur,

2033 4446 2248 4501 animos
2264 4444 2549 4500 hominum
2572 4447 2740 4501 variis
2763 4446 3189 4515 cogitationibus
3210 4445 3616 4500 distrahebant.

2037 4539 2200 4611 356
2230 4540 2369 4593 Tum
2398 4540 2639 4606 dispersa
2674 4540 2764 4594 illa
2799 4541 2980 4594 edicta
3026 4554 3150 4593 cum
3189 4548 3246 4593 et
3294 4538 3517 4592 inventa
3566 4549 3622 4594 et

2036 4631 2280 4699 despota:
2310 4631 2509 4685 tradita
2540 4640 2748 4697 essent,
2780 4640 2985 4686 metum
3008 4614 3081 4685 ac
3107 4642 3372 4685 terrorem
3406 4631 3482 4685 illi
3514 4647 3622 4685 non

352 4722 429 4793 τῷ
466 4724 559 4775 τοῦ
588 4723 850 4776 δεσπότου
888 4722 1107 4790 στρατῷ
1163 4720 1264 4772 οὐκ
1315 4718 1403 4772 εἴα
1451 4719 1637 4787 μένειν
1703 4720 1794 4769 ἐπὶ
1844 4717 1923 4787 βε-

2041 4721 2207 4777 nimis
2240 4722 2566 4791 degenerem
2609 4723 2967 4777 incusserunt
3000 4738 3014 4777 :
3055 4733 3115 4776 ut
3163 4723 3483 4777 intimorum
3528 4739 3622 4777 eo-

361 4816 534 4879 6αίοις
573 4817 684 4879 τοῖς
711 4815 1013 4885 λογισμοῖς.
1058 4812 1199 4882 Ἤδη
1246 4811 1303 4863 δὲ
1331 4812 1424 4864 καὶ
1472 4811 1540 4864 τά
1563 4809 1936 4883 διασπαρέντα

364 4911 547 4963 ἐκεῖνα
571 4908 828 4979 βασιλικὰ
860 4907 1209 4975 διατάγματα
1250 4904 1619 4976 εὑρισκόμενα
1660 4906 1754 4956 καὶ
1800 4903 1939 4957 διδό-

368 5020 499 5070 μενα
529 5004 604 5075 τῷ
636 5003 873 5073 δεσπότῃ
912 5004 967 5064 ὲς
1019 5000 1222 5052 δειλίαν
1277 4999 1372 5051 καὶ
1445 4998 1627 5066 φόϐονθ
1652 4997 1937 5051 ἐνέϐαλλον

1184 5092 1276 5144 καὶ
1322 5090 1547 5158 φεύγειν
1589 5087 1936 5152 ἀναπεισθεὶς

357 5095 419 5147 οὐ
477 5095 622 5165 μάλα
673 5096 875 5164 ἀγεννῆ
905 5110 919 5124 ο
964 5092 1103 5144 ὥστε

2045 4814 2455 4869 hortationibus
2505 4814 2780 4868 adductus
2825 4814 3194 4884 proditionem
3238 4814 3317 4867 illi
3348 4820 3626 4868 exercitus

2039 4906 2263 4976 jamjam
2315 4905 2604 4961 imminere
2650 4904 3043 4961 allirmantium
3073 4905 3517 4975 Thessalonicam
3568 4920 3626 4961 se

2044 4997 2170 5067 fuga
2204 4997 2495 5066 reciperet.
2527 4997 2706 5067 Atque
2731 4998 2846 5053 ιιωο
2879 4999 2981 5053 sub
3008 4999 3206 5053 hiemis
3231 4999 3440 5052 exitum
3473 5007 3625 5068 gesta

2043 5101 2195 5142 Slllll.

359 5188 465 5241 ὑπὸ
491 5188 597 5241 τῶν
621 5189 999 5249 οἰκειοτάτων,
1021 5187 1292 5253 λεγόντων
1319 5186 1394 5248 ὼς
1428 5185 1542 5238 Οὐκ
1613 5183 1680 5237 ἂν
1746 5182 1974 5249 φθάνοις
2013 5181 2406 5251 προδεδομένος
2463 5182 2568 5235 ὑπὸ
2605 5182 2697 5237 τοῦ
2739 5185 3128 5254 στρατοπέδου,
3167 5183 3340 5259 ᾤχετο
3383 5185 3441 5246 ἐς
3493 5183 3626 5236 Θεσι

359 5280 668 5351 σαλονίκην.
698 5282 805 5334 Καὶ
828 5280 1003 5334 ταῦτα
1040 5279 1142 5349 μὲν
1201 5279 1345 5332 οῦτω
1394 5275 1762 5338 τελευτῶντος
1825 5276 2092 5346 χειμῶνος
2122 5275 2422 5341 ἐγίγνοντο.

430 5372 521 5437 ς’.
557 5365 730 5438 ἿΙρ·-ς
754 5370 800 5421 δ’
839 5372 1149 5440 ἀρχομένου
1176 5370 1463 5439 πέμπεται
1506 5367 1743 5437 τριήρης
1802 5366 1939 5435 πρὸς

353 5461 450 5516 τοῦ
480 5461 713 5533 γηραιοῦ
759 5462 1028 5532 βασιλέως
1059 5465 1115 5528 ἐς
1137 5461 1540 5532 Θεσσαλονίκην
1570 5464 1665 5512 καὶ
1703 5458 1940 5530 λαθραῖα

2115 5365 2205 5420 \‘l.
2246 5366 2401 5418 Veris
2436 5364 2597 5419 initio
2647 5380 2677 5418 a
2731 5366 2951 5422 seniore
3003 5368 3334 5438 imperatore
3381 5368 3628 5422 triremis

2048 5457 2491 5512 Thessafonieam
2528 5456 2765 5511 mittitur
2787 5473 2912 5513 cum
2937 5463 3154 5516 arcanis
3184 5461 3398 5524 litteris,
3421 5461 3627 5531 quibus

1715 5590 2056 5653 Variorum
2092 5601 2282 5653 noue.

432 5728 836 5799 (“Andronici
890 5728 1035 5783 ﬁlius
1093 5728 1197 5785 fuit
1251 5727 1342 5782 hic
1398 5725 1930 5799 Constantinus,iex

303 5852 311 5860 .
355 5798 517 5858 lre’ue
539 5800 781 5857 secunda
806 5815 996 5857 uxore.
1025 5799 1373 5856 Andronicus
1395 5802 1694 5869 imperator
1719 5798 1931 5869 junior,

2038 5725 2282 5797 ejusdem
2313 5741 2502 5797 nepos.
2530 5744 2560 5780 e
2586 5725 2851 5782 Michaele
2879 5728 3012 5782 lilio.
3041 5729 3314 5784 Womus.

2116 5799 2206 5867 (by
2231 5796 2422 5853 Eidem
2461 5795 2844 5853 Constantino.
2887 5804 3118 5855 vocans.
