4088 6460
478 385 570 449 551
719 377 796 444 ΙΑ.
839 395 894 434 ιι.
935 377 1063 434 6791
1111 394 1175 433 an
1213 377 1374 450 6856]

1662 384 2093 446 NlCEPHORl
2132 382 2519 447 GREGOR/E

2834 374 2969 447 [ιιιιυ.
3014 390 3296 434 annuente.
3340 348 3468 435 in.
3481 380 3496 451 Ῑ

3632 385 3737 449 5’2

475 507 666 553 curate
694 499 988 567 agendum.
1016 476 1101 551 Fit
1125 498 1291 568 igitur
1307 501 1645 571 exquisitum
1670 502 2061 573 aequinoctium

2166 520 2229 571 γε
2262 501 2371 572 μὴν
2415 501 2516 571 τῆς
2545 500 2740 570 ἢρινῆς
2765 501 2860 554 καὶ
2892 500 3035 571 μάλα
3080 499 3141 564 γέ
3171 518 3252 554 τοι
3285 501 3553 565 πλεῖστος.
3583 502 3731 556 Γίνε-

474 605 631 651 vere,
674 604 799 643 cum
834 590 915 642 sol
952 590 1182 658 primam
1220 591 1410 648 arietis
1466 601 1679 663 partem
1721 594 2053 665 ingreditur.

478 679 533 733 in
573 694 680 747 qua
738 677 903 732 etiam
940 679 1345 746 aequinoctialis
1378 682 1725 741 circulusab
1764 684 2058 754 astrologis

477 770 831 825 describitur.
871 770 1060 833 Neque
1094 786 1226 825 vero
1259 774 1312 826 in
1349 774 1684 841 quibuslibet
1715 777 1876 830 annis
1907 777 2059 830 simi-

479 865 610 918 liter
642 863 898 926 exsistit,
933 864 1028 917 sed
1064 864 1117 917 in
1155 866 1314 918 annis
1342 866 1712 922 Nabouassari
1761 868 1865 922 sub
1894 867 2057 921 ﬁnem

428 1018 431 1027 _
478 972 729 1025 vespera:
763 956 1012 1010 vicesimi
1051 957 1230 1025 quarti
1272 956 1381 1011 dici
1413 958 1613 1022 Martii,
1653 961 1707 1013 in
1743 960 1902 1014 annis
1931 960 2061 1014 Phi-

479 1047 610 1113 lippi
673 1046 875 1099 Aridaei
939 1046 1042 1099 sub
1092 1047 1378 1102 meridiem
1436 1049 1683 1104 vicesimi
1725 1052 1907 1119 quarti
1948 1048 2059 1106 die’i

475 1134 721 1203 «ejusdem
751 1134 992 1200 mensis;
1025 1135 1227 1203 quibus
1261 1148 1443 1191 autem
1467 1139 1661 1193 diebus
1683 1139 1934 1195 Christus
1962 1157 2060 1210 pro

486 1225 644 1279 nobis
678 1235 908 1279 mortem
935 1227 1190 1294 oppetiit,
1212 1227 1300 1280 die
1332 1228 1592 1283 vicesimo
1623 1231 1805 1295 tertio,
1830 1232 2060 1286 multum

486 1326 613 1369 ante
647 1316 784 1370 solis
818 1327 998 1370 ortum
1041 1332 1103 1371 ac
1145 1318 1331 1386 patius
1365 1320 1543 1395 media
1579 1322 1665 1375 illa
1696 1333 1877 1388 nocte,
1914 1339 2063 1378 nunc

486 1422 617 1461 vero
653 1416 837 1461 nostra
862 1416 1023 1463 aetate
1047 1408 1138 1462 die
1178 1411 1395 1463 decimo
1424 1413 1679 1481 septimo.
1717 1413 1916 1468 Horam
1952 1414 2063 1468 diei

487 1506 583 1550 aut
642 1506 850 1565 partem
895 1497 1041 1551 liora!
1092 1497 1311 1551 curiose
1347 1514 1455 1552 non
1507 1502 1763 1564 excutio,
1820 1517 1888 1555 ne
1919 1502 1973 1554 in
2005 1516 2065 1555 re

487 1587 633 1640 haud
668 1590 1007 1651 necessaria,
1051 1590 1164 1643 imo
1223 1590 1403 1659 quoad
1459 1607 1702 1660 praesens
1749 1592 2062 1647 institutum

486 1694 926 1748 supervacanea,
980 1690 1198 1750 tempus
1247 1691 1442 1736 teram.
1476 1683 1654 1749 Quare
1686 1699 1955 1738 annorum
1996 1686 2066 1740 ab

480 1789 547 1827 eo
571 1787 819 1841 tempore
866 1775 1180 1843 elapsorum
1224 1763 1523 1830 discrimen
1562 1776 1690 1831 hinc
1738 1776 1918 1846 colligi
1966 1789 2066 1844 po-

485 1874 623 1929 test;
659 1880 724 1919 ac
771 1865 929 1919 facile
954 1875 1039 1920 est
1071 1873 1390 1934 supputare,
1425 1874 1561 1936 quot
1607 1867 1870 1921 revolutis
1899 1867 2059 1921 annis

485 1956 648 2010 unius
679 1956 789 2010 diei
838 1960 1015 2025 spatio
1069 1965 1289 2026 tempus
1324 1940 1660 2023 ~aequinoetii
1720 1967 1874 2012 retro
1929 1974 2057 2028 aga-

486 2059 617 2113 tur;
683 2049 810 2103 item
859 2059 983 2118 post
1021 2058 1158 2118 quot
1209 2064 1431 2112 annos,
1500 2049 1699 2114 biduo;
1763 2060 1929 2118 atque
1982 2049 2057 2102 ita

481 2139 766 2210 deinceps.
810 2139 928 2196 Hoc
974 2156 1106 2195 vero
1186 2156 1296 2195 non
1355 2143 1568 2195 ratione
1620 2150 1802 2195 motus
1860 2140 2058 2195 solaris

482 2232 854 2302 accidit,-qui
902 2233 1131 2302 azqualis
1159 2241 1285 2297 est,
1337 2246 1440 2287 nec
1487 2247 1718 2301 usquam
1777 2230 2056 2298 deﬂectit;

480 2323 577 2379 sed
633 2324 705 2377 ob
764 2326 1241 2379 enumerationem
1298 2324 1512 2379 dierum
1601 2324 1731 2379 anui
1763 2364 1778 2387 ,
1842 2325 1893 2377 in
1950 2339 2058 2393 qua

483 2431 585 2471 uos
639 2416 914 2482 labimur,
969 2418 1304 2471 trecentenis
1353 2416 1637 2487 sexagenis
1689 2416 1874 2485 quinis
1896 2415 2057 2486 367

484 2508 683 2563 diebus
764 2510 1041 2579 integrum
1118 2508 1283 2563 unius
1352 2508 1459 2562 diei
1533 2507 1893 2577 quadrantem
1964 2507 2061 2560 ad-

476 2600 742 2671 jicienda,
775 2611 966 2654 contra
1009 2615 1175 2669 quam
1222 2600 1533 2670 Oportebat.
1554 2599 1625 2655 Ut
1666 2599 1812 2653 enim
1831 2612 2060 2669 magnus

487 2691 817 2746 Ptolemmus
848 2700 1042 2745 auctor
1088 2699 1194 2756 est,
1237 2706 1346 2744 non
1386 2692 1665 2759 quadrans
1698 2688 1911 2759 integer
1962 2687 2061 2742 ad-

482 2780 720 2842 dendus,
748 2780 839 2834 sed
867 2795 932 2834 ex
964 2794 1031 2834 eo
1063 2780 1449 2834 trecentesima
1481 2778 1588 2832 diei
1630 2793 1755 2847 pars
1780 2779 2060 2833 deducen-

481 2874 581 2941 da;
629 2884 690 2928 ut
729 2886 909 2930 autem
940 2890 1041 2945 ego
1084 2874 1331 2945 diligenti
1384 2873 1745 2943 inquisitione
1790 2873 2056 2943 comperi,

491 2968 674 3020 minus
698 2982 877 3036 neque
902 2968 1127 3037 praecise
1157 2967 1540 3022 trecentesima
1566 2982 1713 3036 pars.
1731 2966 1906 3032 Quam
1924 2980 2060 3020 meae

485 3059 716 3113 rationis
749 3058 1142 3115 certitudinem
1197 3075 1342 3115 nunc
1391 3059 1698 3129 explicandi
1746 3060 1903 3115 locus
1946 3074 2057 3113 non

482 3166 602 3220 est;
632 3153 872 3208 viderint
906 3152 1011 3206 hoc
1041 3152 1134 3221 qui
1184 3161 1484 3222 sequentur
1515 3152 1800 3223 astrologi.
1840 3152 1944 3207 Sed
1977 3162 2060 3207 ta-

486 3263 611 3304 men
645 3249 718 3302 sit
751 3249 846 3313 ita,
895 3257 957 3301 ut
993 3248 1083 3302 ille
1131 3248 1283 3302 dicit.
1323 3249 1400 3303 Ea
1430 3248 1578 3303 enim
1611 3249 1750 3303 ratio
1798 3249 1855 3303 in
1904 3248 2064 3302 annis

490 3354 604 3392 non
649 3338 909 3407 plurimis
960 3347 1450 3407 parum~nostram
1484 3338 1910 3408 disputationem
1961 3339 2065 3392 im-

491 3430 699 3500 pediet.
754 3429 870 3483 Hoc
901 3429 1085 3499 itaque
1120 3429 1522 3484 observandum
1551 3439 1657 3491 est,
1704 3429 2061 3486 Ptolemaeum

487 3523 674 3575 virum
722 3521 1022 3575 maximum
1071 3521 1376 3587 censuisse,
1433 3522 1592 3576 annis
1640 3521 1767 3577 totis
1801 3522 2064 3577 trecentis

492 3615 769 3684 integrum
802 3615 948 3668 diem
983 3614 1288 3667 naturalem
1325 3612 1575 3667 conﬂari.
1634 3614 1806 3668 Porro
1852 3615 2064 3669 minuta

487 3707 578 3760 illa
611 3706 720 3759 diei
771 3721 897 3774 pars
941 3714 1018 3759 tot.
1049 3705 1271 3773 quidem
1306 3704 1468 3758 annis
1518 3705 1934 3760 evidentissima
1970 3720 2066 3760 ex-

486 3798 658 3852 sistit.
688 3796 887 3851 Teruis
921 3811 1075 3860 vero,
1104 3795 1409 3864 quaternis,
1439 3796 1626 3864 quinis
1669 3805 1725 3850 et
1754 3796 1932 3860 denis,
1968 3804 2066 3850 aut

489 3895 573 3941 ter
600 3888 766 3941 etiam
805 3886 1053 3948 totidem,
1090 3887 1284 3956 exigua
1335 3887 1427 3938 illa
1470 3888 1714 3941 accessio
1756 3902 1865 3940 non
1896 3887 2067 3941 senti-

488 3984 596 4028 tur.
635 3974 751 4041 Qua
790 3984 917 4029 ante
950 3988 1066 4028 ‘nos
1114 3984 1240 4043 post
1287 3974 1512 4027 totidem
1563 3989 1738 4030 annos
1784 3975 2064 4029 subtracta

490 4082 677 4121 rerum
700 4067 1006 4121 caelestium
1035 4077 1090 4120 et
1125 4075 1398 4119 astrorum
1436 4066 1598 4135 periti
1629 4067 1772 4121 diem
1816 4067 2065 4134 aequino-

485 4160 582 4214 ctii
612 4161 887 4229 exquisite
918 4167 1277 4228 repererunt;
1308 4169 1474 4228 atque
1503 4159 1628 4214 inde
1646 4160 1811 4213 etiam
1830 4159 2067 4213 Pascha-

490 4251 560 4305 tis
594 4260 809 4321 tempus
829 4259 964 4305 Vera
989 4266 1055 4305 ac
1081 4260 1232 4306 certa
1255 4251 1598 4307 correctione
1622 4254 2061 4306 constituerunt:

485 4361 663 4415 eaque
696 4346 970 4400 correctio
994 4346 1237 4401 obtinuit
1267 4347 1333 4400 ad
1367 4362 1573 4400 annum
1609 4346 1722 4401 fere
1752 4346 1822 4401 ab
1852 4346 2065 4401 Adamo

2155 611 2247 648 ται
2277 596 2460 648 τοίνυν
2495 593 2731 664 ἀκριϐὴς
2784 595 3045 662 ἰσημερίαι
3097 595 3156 647 ὲν
3210 593 3370 664 ἔαρος
3399 594 3543 665 ὥρᾳ,
3570 595 3730 648 δπότε

2159 690 2287 754 περὶ
2350 686 2544 754 μοῖραν
2597 683 2823 751 πρώτην
2876 682 2909 733 ό
2955 681 3109 750 ἥλιος
3159 683 3367 748 γένοιτο
3411 676 3507 733 τοῦ
3554 682 3730 751 κριοῦ·

2158 778 2265 847 ὅπη
2299 777 2393 828 καὶ
2430 778 2458 829 ό
2492 772 2810 843 ίσήμερινδς
2851 776 2963 836 τοῖς
2997 772 3402 842 ἀστροθεάμοσι
3440 774 3739 843 διαγράφει

2157 881 2248 919 ται
2287 864 2506 926 κύκλος.
2535 864 2747 916 Γίνεται
2787 862 2844 915 δὲ
2870 862 2969 933 οὐχ
2997 864 3195 931 ὁμοίως
3222 862 3506 915 ὲνιάπχσιν
3538 862 3738 927 ἐτεσιν,

2160 957 2273 1010 ἀλλ’
2293 958 2351 1009 ὲν
2375 957 2490 1017 τοῖς
2514 955 2611 1024 μὲν
2631 953 2725 1007 τοῦ
2754 952 3138 1027 Ναερνασάρου
3165 936 3289 1024 πὲρῖ
3309 953 3462 1023 λῆξιν
3480 954 3741 1024 ἐσπερίαν

2164 1049 2262 1118 τῆς
2295 1046 2390 1101 τοῦ
2434 1047 2665 1115 μαρτίου
2696 1047 2955 1114 πέμπτης
2985 1045 3080 1097 καὶ
3109 1044 3394 1113 εἰκοστῆς·
3434 1048 3493 1098 ὲν
3531 1043 3589 1098 δὲ
3628 1046 3739 1107 τοῖς

2162 1141 2429 1195 Φιλίππου
2467 1138 2562 1191 τοῦ
2616 1137 2892 1209 Ἀριδαίου
2934 1139 3063 1206 περὶ
3098 1136 3455 1207 μεσημόρίαν
3504 1137 3608 1205 τῆς
3663 1137 3738 1188 εἱ-

2165 1235 2364 1301 κοστῆς
2414 1231 2680 1300 τετάρτης
2716 1229 2883 1282 αὐτοῦ
2943 1227 3083 1297 (2l)'
3143 1230 3204 1282 ἐν
3237 1221 3326 1289 αἷς
3360 1226 3407 1280 δ’
3454 1226 3744 1297 ἡμέραιςό

2164 1324 2400 1395 Χριστὸς
2459 1322 2600 1391 ὑπὲρ
2655 1320 2817 1391 ἡμῶν
2866 1319 3191 1373 ὲθανατοῦτο
3252 1318 3368 1387 (22)
3412 1319 3607 1389 τρίτην
3650 1318 3743 1373 καὶ

2165 1414 2419 1484 εἰκοστὴν
2451 1413 2759 1475 διανύοντος
2795 1410 2985 1476 αὑτοῦ,
3024 1409 3206 1479 πολλῷ
3254 1410 3526 1479 πρότερον
3554 1408 3741 1478 πρὶνῆ

2164 1508 2444 1561 ἀνατεῖλαι
2475 1507 2568 1559 τὸν
2604 1506 2757 1576 ἥλιον
2785 1545 2799 1569 ,
2840 1505 2871 1574 ἢ
2913 1504 3114 1574 μᾶλλον
3163 1504 3339 1556 εἰπεῖν
3379 1502 3513 1571 περὶ
3571 1500 3744 1569 μέσην

2166 1600 2389 1667 ἐκείνην
2428 1598 2529 1669 τὴν
2570 1597 2774 1651 νύκτα·
2808 1595 2905 1649 νῦν
2937 1594 2981 1648 δ’
3017 1595 3103 1663 ἐφ’
3134 1593 3295 1664 ἡμῶν
3344 1591 3745 1646 ἑπτακαιδεκά-

2166 1707 2266 1759 την
2301 1690 2412 1757 (25)
2465 1688 2721 1751 ἀνύοντος
2776 1687 2964 1741 αὑτοῦ.
3019 1687 3134 1738 Οὐκ
3190 1681 3661 1754 ἀκριϐολογοῦμαι
3697 1681 3742 1734 δ’

2168 1783 2291 1838 οὗτε
2334 1784 2439 1855 μὴν
2483 1784 2582 1854 τὴν
2623 1785 2719 1852 τῆς
2761 1784 2978 1851 ἡμέρας
3019 1780 3189 1850 ὥραν,
3220 1777 3345 1831 οὕτε
3393 1776 3501 1848 μὴν
3531 1775 3652 1828 ούδὲ
3681 1790 3743 1842 γε

2099 1851 2138 1905 Β
2171 1879 2233 1930 τὸ
2263 1851 2549 1947 τῆςῶρας
2595 1851 2781 1945 μέρος.
2815 1874 2891 1925 Οὐ
2928 1873 3038 1941 γὰρ
3066 1872 3361 1938 ἀναγκαῖον
3400 1868 3521 1930 νῦν.
3556 1869 3640 1921 ὅτι
3668 1863 3740 1935 μὴ

2166 1966 2419 2035 διατριϐὴ
2449 1966 2524 2035 μὴ
2574 1965 2720 2017 πάνυ
2762 1980 2847 2016 τοι
2879 1964 3238 2032 προσήκουσα
3269 1962 3335 2030 τῇ
3376 1959 3562 2031 χρείᾳ.
3594 1955 3743 2010 ἀεί’

2164 2056 2341 2120 ἔξεστι
2372 2054 2784 2122 συλλογίζεσθαι
2832 2053 2933 2123 τὴν
2990 2052 3102 2105 τῶν
3145 2051 3352 2120 μεταξὺ
3388 2051 3601 2120 χρόνων
3631 2047 3743 2101 δια-

2165 2148 2339 2218 φορὰν
2372 2146 2672 2202 κάντεῦθεν
2702 2147 2801 2200 καλ⁵
2828 2144 2897 2198 δι’
2925 2145 3066 2198 ὅσων
3093 2143 3205 2214 (Ἠ)
3239 2142 3378 2195 ἑτῶν
3413 2138 3743 2199 ὀπισθόπους

2163 2241 2193 2292 ό
2238 2240 2427 2309 χρόνος
2479 2238 2666 2308 ἡμέρᾳ
2732 2239 2831 2309 μιᾷ
2886 2237 3101 2305 γίνεται
3160 2236 3255 2288 καὶ
3310 2235 3383 2288 δι’
3420 2234 3564 2287 ὅσων
3589 2228 3741 2292 αὖθις

2164 2331 2329 2400 ἑτέρᾳ
2357 2330 2456 2399 μιᾷ
2480 2329 2577 2381 καὶ
2599 2328 2803 2397 ὁμοίως
2835 2327 2944 2381 ἀεί.
2981 2325 3153 2377 Τοῦτο
3177 2324 3223 2377 δ’
3246 2326 3307 2377 ού
3331 2324 3492 2394 παρὰ
3520 2322 3619 2390 τὴν
3647 2316 3739 2372 τοῦ

2165 2426 2317 2496 ἡλίου
2340 2428 2548 2492 γίνεται
2578 2424 2813 2492 κίνησιν.
2859 2419 2943 2492 [Ρ.
2975 2418 3102 2491 226]
3132 2417 3374 2489 Ὀμαλὴν
3411 2416 3522 2484 γὰρ
3539 2414 3741 2474 ἐκεῖνος

2164 2518 2251 2572 ἀεὶ
2287 2517 2493 2586 ταύτην
2543 2516 2655 2584 (25)
2684 2516 2920 2567 ποιεῖσαι
2964 2513 3058 2565 καὶ
3110 2508 3554 2582 ἀπαρέγκλιτον·
3609 2504 3740 2559 ἀλλά

2167 2610 2316 2680 παρὰ
2372 2612 2472 2680 τὴν
2535 2608 2644 2661 τῶν
2690 2608 2977 2659 ἐνιαυσίων
3043 2604 3262 2673 ἡμερῶν
3313 2599 3737 2670 ἀπαρίθμησιν.

2166 2708 2231 2778 ἣν
2262 2702 2547 2775 σφαλερῶς
2582 2701 2738 2755 αὐτοὶ
2783 2698 3103 2769 ποιούμεθα.
3135 2696 3276 2766 Πρὸς
3309 2695 3427 2764 γὰρ
3460 2695 3572 2755 τοῖς
3594 2704 3743 2760 τρια’

2167 2798 2372 2859 κοσίοις
2417 2796 2687 2865 ἑξήκοντα
2732 2793 2895 2845 πέντε
2949 2790 3313 2860 νυχθημέροις
3372 2787 3607 2855 τίθεμεν
3649 2782 3741 2836 καὶ

2166 2890 2460 2959 ὁλόκληρον
2524 2888 2784 2953 τέταρτον
2845 2882 3192 2952 νυχθημέρου
3249 2880 3391 2947 ἑνὸς,
3456 2880 3556 2933 οὐκ
3602 2876 3748 2946 ὀφεί-

2166 2984 2346 3043 λοντες
2401 2978 2561 3033 οὕτω.
2625 2974 2716 3038 Ὠς
2766 2976 2876 3045 γὰρ
2906 2977 2935 3027 ὁ
2984 2976 3157 3045 μέγας
3215 2974 3349 3043 φησὶ
3389 2973 3742 3041 Πτολεμαῖος,

2165 3067 2583 3145 τριακοσιοστοῦ
2639 3068 2853 3131 δέοντος
2911 3066 3129 3137 ἡμέρας
3193 3064 3395 3134 μέρους
3458 3064 3537 3117 δεῖ
3593 3061 3746 3115 τοῦτο

2168 3160 2562 3229 προστίθεσθαι
2594 3161 2691 3214 καὶ
2720 3161 2819 3230 οὐχ
2848 3159 3165 3228 ὁλόκληρον*
3197 3157 3273 3218 ῶς
3302 3154 3347 3208 δ’
3370 3155 3559 3224 ἔγωγε
3589 3152 3745 3215 αὐτὸς

2168 3256 2548 3327 ἐξακριϐῶσας
2579 3249 2762 3323 εὗρον,
2801 3252 3046 3321 μείζονος
3081 3248 3194 3319 (‘26)
3236 3251 3333 3301 καὶ
3363 3248 3575 3318 ἣκιστα
3597 3260 3743 3317 τρια-

2168 3348 2452 3404 κοσιοστοῦ
2498 3346 2717 3408 τελέως,
2750 3346 2800 3397 εἰ
2857 3343 2956 3413 μὲν
3015 3342 3271 3411 ἀσφαλῶς
3319 3341 3739 3412 ἠκριόωσάμηνσ

2167 3443 2305 3496 εἰδὲ
2348 3441 2445 3511 μὴ,
2480 3438 2707 3508 σκέμμα
2740 3435 2901 3489 τοῦτο
2949 3434 3141 3503 τίθημι
3183 3436 3295 3496 τοῖς
3323 3420 3505 3488 ἔπειτ’
3550 3436 3739 3499 ἀστρο-

2165 3535 2368 3603 λόγοις.
2422 3530 2567 3599 Ἐγὼ
2604 3530 2714 3598 γὰρ
2744 3529 2806 3581 οὐ
2840 3527 3089 3596 σχολάζω
3120 3525 3277 3578 τοῦτο
3312 3524 3414 3581 v5:
3441 3527 3735 3594 διασαφεῖν.

2168 3627 2361 3695 Ὅμως
2422 3623 2564 3675 ἔστω
2617 3620 2740 3674 κατ’
2771 3623 3002 3673 ἐκεῖνον.
3037 3610 3246 3671 Ἠττον
3286 3617 3400 3686 γὰρ
3430 3618 3737 3689 λυμανεῖται

2166 3715 2243 3787 τῷ
2284 3716 2429 3783 λόγῳ
2469 3712 2606 3782 πρὸς
2658 3711 2717 3763 ού
2750 3709 2895 3763 πάνυ
2948 3723 3031 3760 τοι
3062 3706 3293 3769 πολλοὺς
3347 3708 3478 3770 τοὺς
3524 3705 3738 3777 χρόνους

2165 3806 2513 3876 διατρίδοντι.
2544 3801 2968 3873 Παρατηρητέον
3005 3799 3121 3860 οὖν,
3152 3798 3227 3863 ὡς
3259 3798 3384 3852 κατ’
3416 3801 3620 3853 ἐκεῖνον
3652 3798 3739 3851 τὸν

2169 3900 2427 3969 μέγιστον
2480 3894 2681 3965 δηλαδὴ
2734 3892 3072 3961 Πτολεμαῖον
3115 3890 3185 3941 δι’
3235 3889 3372 3942 ὅλων
3418 3889 3738 3959 τριακοσίων

2167 3988 2436 4044 ἑνιαυτῶν
2462 3990 2815 4057 νυχθήμερον
2845 3983 2966 4036 ὅλον
2995 3984 3313 4050 συνάγεται.
3343 3983 3422 4037 Ta
3449 3984 3492 4036 δ’
3520 3979 3740 4052 είρημὲ·

2168 4101 2258 4137 νον
2324 4079 2794 4153 πολλοστημόριον
2830 4077 2930 4147 τῆς
2970 4076 3181 4145 ἡμέρας
3228 4076 3291 4129 ὲν
3330 4076 3433 4143 μὲν
3474 4074 3739 4131 τοσούτοις

2167 4175 2317 4228 ἔτεσι
2378 4176 2471 4227 καὶ
2516 4172 2663 4241 μάλα
2713 4169 2971 4238 ἐπίδηλον
3021 4167 3123 4237 ἤδη
3178 4167 3515 4223 καθίσταται
3538 4184 3570 4200 ’·
3591 4170 3647 4221 ἐν
3684 4165 3737 4218 δὲ

2168 4270 2318 4339 τρισὶ
2365 4267 2459 4320 καὶ
2489 4267 2713 4333 τέτρασι
2764 4263 2860 4315 καὶ
2896 4262 3061 4313 πέντε
3091 4262 3185 4312 καὶ
3213 4260 3345 4317 δέκα
3383 4264 3479 4315 zeal.
3508 4261 3627 4333 τρὶς
3653 4275 3738 4311 τοο

2174 4358 2407 4420 σούτοις,
2433 4356 2537 4408 οὐκ
2562 4355 2629 4408 ἂν
2656 4354 2851 4422 δήπου,
2886 4352 2972 4405 διὰ
3003 4355 3063 4405 τὸ
3092 4351 3235 4406 πάνυ
3264 4353 3602 4423 βραχύτατον
3628 4350 3736 4419 (27)

488 4441 672 4493 sexies
706 4438 1053 4494 millesimum
1102 4455 1166 4494 ac
1216 4444 1689 4493 trecentesimum.
1722 4439 1799 4493 Et
1831 4453 1899 4494 eo
1934 4455 2061 4494 vero

2171 4446 2270 4515 τῆς
2296 4443 2642 4513 προσθήκης.
2679 4440 2864 4510 Ὅπερ
2898 4440 2964 4507 δὴ
2992 4440 3087 4492 καὶ
3121 4440 3242 4492 κατ’
3271 4441 3534 4497 ἐνιαυτῶν
3563 4456 3736 4509 παρα-

492 4537 740 4598 tempore
790 4529 855 4583 ad
901 4541 1153 4602 nostram
1208 4546 1382 4600 usque
1427 4540 1643 4585 aetatem
1690 4546 1780 4585 res
1819 4532 2061 4602 neglecta

2172 4534 2380 4604 δρομὴν
2413 4530 2685 4585 τοσούτων
2715 4528 2763 4580 οἱ
2811 4526 2921 4598 πρδ
2952 4527 3112 4598 ἡμῶν
3142 4526 3213 4579 τὰ
3245 4527 3497 4599 μετέωρα
3526 4542 3739 4600 φροντι-

494 4622 683 4676 nescio
722 4622 1002 4690 quomodo
1049 4624 1358 4677 incorrecta
1396 4622 1635 4675 mansit:
1671 4630 1724 4676 et
1751 4623 1843 4692 qui
1878 4634 2061 4679 nostra

2172 4626 2299 4676 σταὶ
2344 4624 2440 4676 καὶ
2484 4620 2925 4691 ἀστροθεάμονες
2955 4618 3350 4689 ὐφαιρούμενοι
3389 4621 3644 4689 ἀσφαλῶς
3680 4617 3735 4671 τὺ

493 4724 747 4782 tempore
781 4714 835 4767 in
869 4714 1110 4769 Ecclesia
1147 4713 1430 4768 Paschalis
1458 4712 1904 4768 observationem
1939 4730 2068 4784 pro-

490 4805 636 4859 xime
688 4815 813 4860 ante
857 4804 1180 4859 vicesimum
1226 4803 1404 4857 Martii
1456 4804 1599 4859 diem
1642 4806 1913 4876 auspicari
1978 4807 2075 4862 de-

2166 4715 2269 4779 τῆς
2316 4714 2614 4784 ἰσημερίας
2660 4711 3005 4782 νυχθήμερον
3036 4710 3313 4781 εὕρισκονι
3348 4710 3640 4765 κάντεῦθεν
3672 4724 3732 4775 γε

2176 4806 2284 4878 μὴν
2318 4805 2544 4875 ἀσφαλῆ
2569 4804 2664 4857 κςιῖ⁵
2690 4801 2792 4873 τὴν
2824 4801 2919 4854 τοῦ
2954 4802 3148 4889 Πάσχα
3179 4802 3470 4872 διόρθωσιν
3494 4800 3734 4856 ἐποιοῦν-

492 4896 717 4961 bebant,
749 4911 871 4950 eam
917 4911 946 4950 a
981 4894 1245 4949 vicesimo
1274 4895 1518 4949 secundo
1546 4897 1918 4966 auspicantur,
1966 4913 2061 4952 non

2175 4913 2254 4952 το·
2293 4897 2393 4952 καὶ
2448 4896 2510 4949 τὸ
2559 4896 2659 4964 τῆς
2698 4886 3041 4964 διορθώσεως
3082 4894 3289 4960 ταύτης
3327 4897 3537 4964 ἐγίνετο
3578 4894 3731 4964 μέχρι
3770 4886 3787 4911 ’

488 4988 653 5059 368
702 4996 850 5042 recte
895 4998 1047 5042 sane.
1102 4985 1236 5040 Nam
1270 5000 1395 5039 cum
1447 4990 1842 5055 :equinoCtium
1876 4989 1945 5043 ab
1975 4988 2062 5042 in-

488 5094 675 5148 gressu
710 5078 843 5133 solis
865 5077 919 5131 in
952 5079 1204 5137 arietem.
1234 5077 1608 5146 plenilunium
1639 5095 1669 5132 a
1695 5079 1953 5134 distantia
1982 5096 2066 5135 so-

489 5172 556 5227 lis
587 5170 927 5233 di'ametrica,
959 5170 1168 5224 Pascha
1192 5183 1375 5225 autem
1422 5171 1593 5242 legale
1627 5172 1696 5226 ab
1736 5172 1856 5241 ipso
1889 5171 2066 5241 pleni-

2174 4988 2271 5041 τοῦ
2308 4988 2367 5054 ἐξ
2409 4985 2586 5055 Ἀδὰμ
2630 4983 3101 5052 ὲξακισχιλιοστοῦ
3146 4986 3556 5056 τριακοσιοστοῦ
3583 4985 3731 5044 ἔτους

2173 5079 2552 5149 ἔγγισταωτδ
2597 5079 2642 5131 δ’
2695 5077 2758 5142 ἐξ
2803 5079 3015 5131 ἐκείνου
3065 5079 3253 5149 μέχρις
3294 5080 3454 5149 ήμῶν
3505 5079 3603 5131 οὐκ
3637 5073 3729 5128 οἷδ’

2175 5172 2324 5234 ὅπως
2378 5168 2841 5241 ὲρῤᾳθυμημὲνον
2883 5169 2946 5220 τὸ
2994 5170 3226 5239 πρᾶγμα
3281 5172 3375 5222 καὶ
3411 5168 3728 5238 ἀδιόρθωτον

1848 5309 2188 5372 Vsriorum
2227 5316 2414 5372 natm.

565 5428 684 5511 (ςὶί)
718 5428 823 5511 sub
862 5433 1166 5511 meridiem-
1190 5437 1417 5511 vicesimi
1453 5439 1631 5508 quarti
1656 5438 1781 5502 diei,
1818 5453 1947 5506 non,
1991 5446 2067 5495 ci-

492 5504 670 5555 cesimi
700 5505 892 5572 quinti,
928 5513 986 5556 ut
1009 5504 1259 5559 Wolfius.
1294 5504 1510 5564 Borvtiv.

562 5572 676 5639 (22)
708 5573 982 5642 Ἐπασχε,
1019 5575 1143 5628 cod.
1190 5576 1362 5632 Vatic.
1398 5579 1611 5634 BOIVIN.

564 5644 676 5717 (αξ)
706 5645 1256 5717 ,ςρκτυζκαιδεκάτηῃ
1284 5648 1412 5702 cod.
1445 5650 1618 5706 Vatic.
1657 5653 1866 5710 Borvm.

559 5712 677 5798 (2.4).
844 5714 954 5798 τῶν
981 5712 1197 5798 μεταξύ
1225 5719 1432 5798 χρόνων
1451 5722 1735 5794 διαφοράνο
1771 5724 2065 5779 κάντεῦθεν

490 5797 589 5835 και-
607 5783 677 5837 δι’
705 5784 869 5849 ὅσων,
900 5787 1025 5861 cod.
1061 5783 1489 5844 Vaticfllorvm.

2241 5442 2356 5514 (25)
2412 5442 2648 5514 Ἐκεῖνος
2667 5443 2755 5496 ἀεὶ
2785 5442 3010 5509 ταύτην,
3046 5442 3176 5514 cod.
3206 5441 3373 5497 Vatic.
3412 5441 3620 5494 Batvm.

2241 5514 2351 5583 (26)
2412 5513 2730 5581 Legendum
2798 5515 3049 5583 μείονος,
3098 5513 3183 5567 vel
3257 5515 3527 5583 ἥττονος,Δ
3567 5517 3721 5575 quam

2165 5579 2509 5654 postremam
2572 5579 2868 5639 lectionem
2928 5583 3152 5639 exbibet
3202 5579 3372 5639 codex
3414 5579 3720 5635 Vaticanus.

2166 5656 2491 5795 ΒοίὲέῗοΔιὰ
2521 5725 2579 5779 τὸ
2609 5725 2749 5780 πάνυ
2781 5724 3138 5798 βραχύτατον,
3164 5723 3288 5781 cod.
3319 5721 3485 5781 Vatic.
3520 5718 3715 5775 BOIHN.
