4088 6458
538 450 644 516 555
789 443 864 516 pi.
896 458 951 498 ιι.
984 438 1115 496 679i
1148 423 1213 496 ui
1252 440 1415 516 6856]

1741 448 1788 508 N
1804 449 2166 512 lCEPHORI
2200 453 2581 516 GREGOPuE

2919 447 3055 520 [ηερ.
3086 466 3367 509 Ακοιιοιιιο.
3404 455 3552 529 seu.)

3688 462 3786 527 δ’ὁ

546 566 660 620 Huc
684 564 752 620 de
782 578 945 619 causa
981 574 1037 619 et
1071 564 1127 618 in
1151 563 1473 619 memoriam
1506 561 1656 617 illius
1688 562 1800 618 diei
1823 564 2117 634 quotannis

2228 568 2323 620 καὶ
2345 567 2519 621 ἄλλοτ’
2552 567 2722 638 ἄλλην
2752 568 2860 622 ἀεί’
2895 570 2989 622 καὶ
3019 569 3229 641 Πέρσαι
3266 571 3332 626 δὲ
3375 576 3468 627 καὶ
3494 575 3671 644 Μῆδοι
3698 583 3789 633 καὶ

543 653 742 709 festum
796 656 1082 710 Paschalis
1131 655 1436 710 celebrant.
1480 654 1593 710 Nec
1638 655 1708 710 ob
1746 671 1866 709 eam
1902 664 2111 710 tantum

538 762 800 812 causam;
834 762 1022 801 verum
1052 747 1221 801 etiam
1247 754 1306 799 ut
1333 747 1406 800 sit
1441 754 1601 817 typus
1640 760 1739 801 seu
1773 747 1945 816 ﬁgura
1969 756 2117 800 tran-

538 836 680 891 situs
706 842 775 889 ex
825 835 930 890 hoc
964 836 1167 897 saeculo
1203 836 1255 889 in
1294 837 1563 902 futurum,
1596 836 1739 890 sicut
1775 837 1889 905 ipse
1918 828 2116 889 transi-

539 939 630 994 tus
658 944 724 982 ex
756 926 1015 999 Aigypto.
1059 931 1197 983 Cum
1225 930 1409 998 itaque
1439 928 1685 982 futurum
1729 930 1986 981 saeculum
2020 943 2116 981 ve-

476 1018 497 1079 ,3
549 1035 763 1088 sperum
792 1019 1111 1073 habiturum
1140 1035 1248 1072 non
1281 1019 1374 1076 sit.
1415 1019 1523 1072 alio
1550 1018 1711 1072 modo
1736 1019 1854 1071 sine
1886 1034 2113 1088 vespera

539 1116 707 1168 etiam
738 1113 858 1181 ejus
899 1111 1268 1165 solemnitatis
1300 1111 1446 1165 diem
1479 1125 1600 1165 esse
1636 1120 1890 1179 oportere
1913 1111 2112 1176 aiunt:

538 1205 593 1259 id
621 1205 768 1276 quod
802 1205 880 1271 (it,
913 1220 1037 1259 cum
1068 1205 1214 1261 luna:
1242 1204 1710 1273 hemisphaerium,
1738 1205 1893 1265 nobis
1921 1205 2118 1260 obver-

539 1313 685 1363 sum,
719 1299 941 1368 plenum
966 1298 1175 1352 lumine
1207 1313 1303 1351 seu
1340 1306 1514 1351 totum
1547 1296 1789 1352 lucidum
1821 1307 1924 1353 est.
1971 1296 2117 1353 Solis

535 1395 686 1448 enim
717 1406 976 1447 occasum
1008 1392 1195 1446 statim
1229 1400 1344 1445 tum
1374 1400 1603 1445 exortus
1649 1392 1795 1445 lunae
1839 1392 2113 1461 sequitur,

540 1500 641 1539 nec
670 1486 835 1541 ullam
866 1486 1055 1538 horam
1079 1483 1277 1545 coelum
1307 1483 1468 1537 nobis
1491 1484 1787 1538 obscurum
1813 1498 1937 1538 esse
1959 1483 2113 1538 sinit.

536 1576 664 1631 Fuit
695 1576 860 1646 igitur
897 1585 1010 1630 tum
1060 1590 1300 1645 quoque,
1360 1585 1419 1629 ut
1464 1575 1748 1643 probabile
1783 1586 1888 1641 est,
1939 1575 2116 1629 hemi-

537 1671 836 1739 sphaerium
868 1669 1033 1733 lunae,
1081 1668 1227 1738 quod
1264 1684 1459 1723 versus
1495 1685 1597 1723 nos
1627 1680 1860 1739 spectat,
1889 1671 2113 1738 plenum

539 1762 846 1815 luminibus
867 1773 1019 1816 Sexta
1044 1761 1183 1815 sexti
1212 1760 1361 1817 illius
1379 1763 1486 1817 diei
1513 1764 1646 1833 (quo
1664 1765 1924 1817 nimirum
1952 1764 2113 1819 Chri-

538 1862 656 1907 stus
692 1868 883 1922 passus
911 1853 1018 1923 est)
1065 1852 1220 1917 hora,
1260 1840 1386 1908 cum
1433 1855 1566 1909 luna
1606 1867 1830 1911 centum
1879 1867 1936 1911 et
1961 1869 2112 1912 octo-

536 1947 686 2016 ginta
724 1945 974 2014 partibus
1019 1961 1050 1998 a
1081 1946 1195 2001 sole
1231 1946 1480 2003 distaret.
1535 1946 1907 2014 Quamobrem
1964 1966 2117 2005 mon.

537 2050 717 2094 strosa
745 2042 860 2095 visa
886 2047 970 2093 est
993 2040 1289 2110 astrologis
1317 2050 1375 2094 et
1401 2054 1569 2110 supra
1599 2042 1870 2097 rationem
1904 2059 1968 2097 ea
1992 2059 2117 2113 qua:

542 2144 656 2186 tum
692 2131 891 2187 accidit
933 2132 1067 2189 solis
1093 2131 1353 2188 defectio.
1387 2131 1578 2205 Neque
1608 2135 1756 2188 enim
1802 2150 2023 2191 causam
2052 2137 2112 2191 in

538 2234 731 2283 natura
763 2224 1002 2293 aliquam
1028 2223 1289 2281 habebat.
1316 2224 1453 2281 Nam
1478 2239 1602 2279 cum
1626 2226 1876 2281 eamdem
1904 2236 2117 2282 utrum-

536 2334 646 2389 que
679 2320 863 2374 lumen
902 2329 1116 2391 partem
1151 2319 1363 2375 zodiaci
1392 2331 1650 2389 occupat,
1677 2320 1956 2377 naturales
1981 2321 2145 2376 solis

538 2412 847 2466 iterationes
885 2412 1231 2484 contingunt,
1266 2412 1397 2467 luna
1427 2414 1600 2471 solem
1648 2414 1943 2469 subeunte.
1980 2414 2115 2469 Eam

540 2520 672 2559 vero
720 2490 1217 2576 partibuscentum
1267 2513 1325 2557 et
1355 2506 1635 2574 octoginta
1685 2505 1932 2563 dissitam
1964 2516 2116 2561 retro

532 2610 811 2653 converso
850 2610 1018 2655 cursu
1048 2594 1226 2650 solem
1261 2592 1526 2661 subiiSse,
1577 2596 1629 2650 id
1666 2612 1796 2651 vero
1827 2613 1992 2667 supra
2017 2614 2117 2651 na-

544 2689 775 2741 turalem
801 2702 1019 2742 omnem
1046 2687 1319 2742 rationem
1346 2688 1553 2743 factum
1580 2697 1688 2746 est.
1717 2688 1898 2755 Quare
1933 2691 1985 2744 id
2014 2692 2116 2743 mi-

539 2782 789 2838 raculum
819 2781 1122 2857 astronomi
1166 2790 1297 2837 ante
1328 2783 1467 2838 alios
1501 2797 1696 2838 omnes
1746 2794 1874 2837 sunt
1907 2784 2113 2850 mirati,

534 2885 594 2929 et
624 2874 788 2928 Deum
825 2888 946 2930 esse
969 2876 1065 2945 qui
1093 2884 1378 2947 pateretur
1401 2876 1683 2930 dixerunt.
1711 2877 1849 2932 Nam
1878 2877 2117 2933 indoctis

541 2972 768 3025 minime
804 2970 1027 3040 quidem
1064 2971 1119 3025 id
1153 2980 1557 3042 portentosum,
1602 2972 1699 3027 sed
1733 2973 2117 3041 superioribus

536 3063 872 3133 37letiam
896 3063 1059 3140 annis
1078 3062 1339 3118 usitatum
1364 3065 1539 3118 visum
1559 3075 1661 3120 est.
1674 3066 1747 3119 Eo
1766 3065 1933 3131 igitur
1954 3066 2121 3134 pleni-

538 3156 697 3210 lunio
738 3154 943 3211 Pascha
981 3154 1156 3215 Judaei
1196 3157 1583 3221 immolarunt;
1628 3172 1697 3212 eo
1726 3158 2115 3227 aequinoctium

2145 1910 2195 1970 B

2237 657 2387 710 Ἰνδοὶ
2429 657 2640 735 τούτοις
2678 675 2739 711 τε
2783 660 2916 712 πᾶσι
2968 661 3062 714 καί
3112 677 3297 727 σφισιν
3325 664 3509 727 αὐτοῖς
3543 666 3789 738 ἀλλήλοις

2220 748 2547 817 ἀσύμφωνα.
2614 750 2720 803 Καὶ
2762 751 3009 805 Ἰουδαῖοι
3068 752 3127 806 δὲ
3177 756 3307 808 ποτὲ
3356 756 3458 826 μὲν
3513 759 3669 822 τήνδε
3699 761 3788 813 τοῦ

2220 840 2343 892 καθ’
2383 843 2532 909 ἡμᾶς
2588 843 2875 915 Μαρτίου,
2930 846 3060 898 ποτὲ
3103 845 3150 901 δ’
3202 848 3396 917 ἑτέραν
3430 849 3668 919 ἡμέραν,
3705 853 3794 905 καὶ

2216 932 2398 987 ἄλλοτ’
2430 935 2599 1004 ἄλλην
2623 938 2732 1000 ἀεὶ,
2776 938 2949 1009 ἀρχὴν
2982 939 3076 993 τοῦ
3107 941 3258 1011 ξπαρ’
3287 941 3475 1004 αὐτοῖς
3504 943 3792 998 ¹ποιοῦνται

2221 1025 2457 1080 Νισσὰν.
2507 1027 2641 1081 ’Δπὸ
2696 1029 2808 1099 γὰρ
2856 1031 3084 1085 συνόδου
3128 1033 3269 1101 πρὸς
3304 1034 3528 1087 σύνοδον
3557 1034 3668 1089 τῶν
3705 1037 3794 1088 δύο

2220 1117 2534 1185 φωστήρων
2569 1117 2672 1181 τὰς
2719 1117 2830 1171 τῶν
2873 1118 3061 1189 μηνῶν
3101 1120 3465 1189 ἀριθμοῦντες
3512 1121 3791 1191 περιόδους

2218 1205 2308 1255 τὸν
2346 1203 2545 1256 ἑαυτοῦ
2583 1204 2786 1274 μεταξὺ
2818 1206 2921 1276 τὴν
2970 1208 3167 1277 ὴρινὴν
3200 1210 3499 1278 ἰσημερίαν
3530 1212 3795 1279 περιλαμ-

2218 1295 2453 1351 ϐάνοντα
2484 1299 2700 1368 πρῶτον
2745 1302 2843 1353 καὶ
2889 1301 3067 1371 ἀρχὴν
3113 1303 3228 1356 τῶν
3279 1302 3461 1359 ἄλλων
3519 1304 3794 1358 ποιοῦνται

2222 1387 2411 1456 μηνῶν
2448 1389 2545 1442 καὶ
2591 1388 2804 1442 Νισσὰν
2853 1389 3242 1460 ὀνομάζουσιν,
3296 1392 3563 1461 ἀόριστον
3598 1393 3697 1463 τὴν
3722 1396 3797 1446 ol-

2217 1477 2376 1531 κείαν
2415 1477 2609 1549 ἔχοντα
2641 1481 2842 1550 ἀρχήν.
2870 1482 3041 1551 Φησὶν
3078 1476 3174 1535 οὖν
3224 1484 3364 1553 πρὸς
3393 1485 3603 1543 Μωσέα
3634 1487 3796 1540 πάλαι

2216 1572 2244 1624 ὁ
2274 1571 2502 1641 Κύριοςο
2544 1589 2563 1623 ι
2609 1572 2669 1624 '0
2703 1572 2810 1642 μὴν
2837 1566 2992 1635 οὗτος
3028 1575 3156 1644 ὑμῖν
3179 1578 3321 1647 ἀρχὴ
3359 1579 3550 1647 μηνῶν
3585 1580 3796 1648 πρῶτος

2223 1663 2351 1731 ύμῖν
2398 1665 2552 1716 ἐστιν
2589 1664 2647 1716 ἐν
2690 1667 2803 1731 τοῖς
2847 1669 2985 1736 μησὶ
3029 1668 3124 1721 τοῦ
3157 1670 3433 1727 ἐνιαυτοῦ.
3476 1673 3555 1741 Τῇ
3600 1671 3793 1743 δεκάτῃ

2208 1752 2311 1805 τοῦ
2372 1756 2543 1825 μηνδις
2616 1754 2808 1809 τούτου
2892 1758 3104 1812 λαϐέτω
3175 1759 3410 1824 ἕκαστος·
3478 1761 3595 1822 τῶν
3664 1761 3792 1818 υἱῶν

2235 1847 2452 1920 Ἰσραὴλ
2481 1848 2760 1920 πρόϐατον
2799 1850 2919 1905 κατ’
2953 1853 3154 1907 οἰκίαν.
3188 1854 3302 1908 Καὶ
3346 1856 3506 1908 ἔσται
3533 1856 3661 1923 ὑμῖν
3682 1856 3795 1925 ,δια-

2222 1941 2597 2011 τετηρημένον
2622 1942 2728 2007 ἕως
2755 1944 2852 2013 τῆς
2879 1946 3492 2017 τεσσαρεσκαιδεκάτης
3518 1946 3612 2002 τοῦ
3636 1946 3795 2016 μηνὸς

2221 2037 2434 2088 τούτου·
2473 2037 2566 2089 καὶ
2596 2036 2860 2104 σφάξουσι
2911 2039 3048 2108 πρὸς
3084 2039 3324 2110 ἑσπέραν
3373 2043 3470 2095 καὶ
3511 2041 3790 2111 φάγονται.

2218 2128 2330 2181 Καὶ
2385 2129 2645 2200 ποιήσετε
2682 2130 2781 2201 τὴν
2804 2116 2807 2120 ’
2833 2131 3049 2201 ἡμέραν
3085 2131 3290 2202 ταύτην
3325 2133 3562 2202 νόμιμον
3588 2131 3796 2186 αἰώνιον

2218 2221 2298 2282 εἰς
2330 2221 2524 2292 γενεὰς
2557 2221 2737 2292 ὑμῶν.
2795 2242 2814 2274 ι
2854 2222 3020 2277 Ταῦτ’
3052 2225 3160 2295 ἄρα
3217 2226 3315 2281 καὶ
3361 2229 3451 2290 εἱς
3500 2227 3794 2294 ἀνάμνησιν

2219 2312 2322 2380 τῆς
2363 2314 2575 2384 ἡμέρας
2620 2314 2839 2382 ἐκείνης
2875 2316 3094 2383 ἐτήσιον
3133 2317 3224 2375 ἀεὶ
3271 2317 3558 2373 ποιοῦνται
3588 2318 3686 2387 τὴν
3707 2313 3795 2367 τοῦ

2221 2404 2414 2475 Πάσχα
2453 2407 2788 2475 πανήγυριν
2828 2407 2888 2460 ού
2918 2409 3080 2476 μόνον
3115 2409 3195 2474 δὲ,
3227 2410 3362 2463 ἀλλὰ
3406 2410 3502 2463 καὶ
3530 2410 3609 2472 εἰς
3633 2408 3796 2461 τύπον

2221 2498 2318 2568 τῆς
2361 2499 2425 2550 ἐκ
2450 2496 2544 2550 τοῦ
2576 2502 2842 2568 παρόντος
2883 2502 3021 2572 πρὸς
3044 2502 3136 2558 τὸν
3178 2502 3449 2572 μέλλοντα
3479 2503 3648 2561 αἰῶνα
3684 2501 3794 2553 δια-

2223 2587 2437 2652 ϐάσεως
2480 2593 2621 2643 κατὰ
2655 2593 2753 2662 τὴν
2784 2592 2844 2655 ἐξ
2877 2594 3155 2658 Αἰγύπτου
3204 2593 3482 2651 διάὸασιν.
3514 2593 3674 2648 Ὅθεν
3711 2591 3795 2642 καὶ

2220 2681 2525 2752 ἀνεσπέρου
2574 2682 2668 2735 τοῦ
2724 2683 3012 2752 μέλλοντος
3058 2687 3209 2748 ὄντος
3246 2686 3455 2748 αἰῶνος
3502 2685 3796 2752 ἀνέσπερον

2221 2773 2408 2842 ἕτερον
2432 2779 2632 2844 τρόπον
2654 2772 2796 2833 εἶναι
2825 2777 2941 2830 δεῖν
2974 2794 3106 2844 φασι
3134 2778 3231 2833 καὶ
3264 2777 3325 2833 τὸ
3362 2778 3497 2850 τῇδε
3535 2780 3600 2849 τῇ
3631 2791 3797 2843 πανη-

2221 2861 2382 2931 γύρει
2415 2862 2696 2918 διακονοῦν
2724 2866 3089 2935 νυχθήμερον.
3126 2866 3296 2925 Τοῦτο
3324 2867 3380 2921 δὲ
3432 2868 3641 2935 γίνεται
3667 2866 3797 2932 πλη-

2225 2956 2418 3025 σιφαές
2451 2975 2506 3010 τε
2544 2959 2636 3009 καὶ
2688 2958 3024 3025 πανσέληνον
3075 2956 3137 3033 τὸ
3179 2957 3318 3028 πρὸς
3366 2960 3525 3031 ἡμᾶς
3553 2957 3800 3033 ἡμισφαί-

2227 3065 2341 3117 ριον
2382 3048 2484 3119 τῆς
2519 3050 2753 3120 σελήνης
2795 3050 3048 3118 ἐχούσης.
3083 3032 3197 3121 Τὴν
3238 3053 3346 3120 γὰρ
3393 3055 3506 3115 τοῦ,
3539 3032 3686 3122 ἡλίου
3713 3067 3801 3121 τη-

2205 3139 2458 3219 νικαῦτα
2505 3142 2657 3195 δύσιν
2684 3146 2723 3212 ἡ
2765 3143 2866 3208 τῆς
2904 3144 3133 3214 σελήνης
3167 3145 3329 3207 εὐθὺς
3360 3145 3607 3215 ἀνατολὴ
3640 3142 3802 3199 διαδὲ-

452 3266 463 3288 ι
536 3247 667 3315 fuit,-
682 3263 747 3303 eo
762 3260 818 3305 et
831 3248 1087 3304 Servatur
1107 3256 1295 3311 noster
1313 3261 1542 3307 mortem
1563 3265 1660 3321 pro
1678 3251 1838 3306 nobis
1857 3253 2112 3322 oppetiit.

2223 3249 2375 3303 χεται
2415 3234 2512 3287 καὶ
2537 3235 2799 3302 οὐδεμίαν
2838 3232 2987 3305 ὥραν
3022 3238 3155 3304 ἡμῖν
3201 3237 3312 3306 (51)
3351 3239 3427 3309 ἰᾷ
3462 3237 3795 3304 σκοτισθῆναι

541 3340 811 3397 Omnibus
844 3355 1011 3411 porro
1044 3349 1239 3395 notum
1282 3350 1387 3411 est,
1422 3344 1636 3398 tertiam
1691 3344 1859 3399 fuisse
1890 3353 2015 3413 post
2039 3344 2118 3399 le-

539 3433 661 3502 gale
690 3434 820 3489 illud
851 3434 1054 3489 festum
1085 3437 1209 3491 eam
1235 3434 1401 3500 diem,
1433 3450 1543 3505 qua
1576 3436 1841 3493 Dominus
1868 3446 2058 3518 noster
2084 3453 2116 3493 a

458 3518 467 3523 ’
542 3535 722 3580 morte
750 3526 1072 3591 resurrexit,
1096 3541 1330 3596 eamque
1350 3527 1523 3583 fuisse
1544 3528 1749 3584 mensis
1772 3527 1947 3587 Martii
1972 3529 2115 3585 diem

541 3618 860 3673 vicesimam
891 3620 1163 3688 quintam.
1197 3620 1330 3689 Qua:
1362 3622 1472 3674 duo
1518 3621 1731 3690 utique,
1769 3622 2028 3677 nimirum
2062 3630 2120 3675 et

543 3709 751 3766 mensis
772 3709 916 3765 dicm
943 3718 1001 3765 et
1028 3709 1454 3771 resurrectionis
1475 3712 1821 3780 mysterium,
1843 3727 1969 3771 cum
1988 3728 2121 3768 con-

538 3798 725 3868 juncta
757 3808 963 3864 cssent,
997 3799 1252 3855 bifariam
1281 3809 1339 3859 et
1372 3800 1640 3867 trifariam
1670 3810 1729 3855 et
1760 3802 2117 3863 muitilariam

542 3889 717 3943 divisa
762 3885 977 3960 pioruiu
1018 3900 1196 3946 cretus
1241 3890 1575 3947 observavit.
1610 3889 1745 3945 Nam
1791 3892 1881 3947 alii
1914 3894 2120 3949 mensis

543 3981 689 4035 diem
723 3982 995 4051 perpetuo‘
1025 3966 1275 4036 instituto
1308 3991 1512 4036 nostrae
1563 3981 1850 4040 lestivitati
1895 3982 2120 4038 dicave-

542 4082 707 4138 runt;
735 4073 827 4126 alii
850 4072 1132 4128 Paschalis
1160 4073 1304 4127 diem
1326 4088 1391 4127 ex
1411 4073 1946 4144 observationelegis
1963 4074 2119 4142 prius

543 4165 911 4233 indagabant;
953 4164 1153 4219 deinde
1184 4164 1346 4219 tertio
1379 4175 1504 4235 post
1538 4166 1628 4221 die
1662 4166 1982 4237 mysterium
2013 4180 2119 4219 no-

545 4241 731 4310 siruni
772 4257 1148 4311 celebrabant.
1201 4256 1359 4315 Unde
1407 4258 1622 4323 infesta,
1679 4269 1739 4312 ut
1788 4258 1869 4311 ita
1915 4258 2117 4325 dicam,

548 4350 819 4404 tcstivitas
856 4351 1162 4415 exstiterat,
1206 4359 1263 4407 et
1314 4366 1422 4403 non
1474 4364 1641 4419 parva
1677 4348 1877 4403 seditio
1910 4359 1966 4402 et
1997 4364 2123 4418 pcr-

546 4442 795 4495 turbatio
843 4442 895 4494 in
945 4441 1149 4496 Christi
1194 4442 1492 4498 Ecclesiam
1543 4442 1838 4495 invaserat.
1888 4440 2025 4494 Nam
2076 4439 2122 4495 si

548 4547 768 4611 semper
813 4536 1008 4590 tertius
1057 4551 1087 4590 a
1137 4535 1296 4606 legali
1326 4535 1592 4591 Pascbate
1614 4533 1734 4587 dies
1761 4531 2026 4587 incideret
2054 4532 2118 4588 in

2216 3321 2309 3374 τὸν
2364 3320 2507 3390 ὑπὲρ
2559 3322 2800 3390 κεφαλῆς
2833 3323 2990 3391 ἀέρα.
3028 3320 3134 3375 Ἤν
3189 3323 3287 3392 μὲν
3319 3327 3507 3379 τοίνυν
3546 3328 3634 3377 καὶ
3658 3323 3789 3382 τότε,

2222 3415 2297 3487 ὡς
2328 3417 2501 3482 εἰκὸς,
2530 3417 2837 3487 πλησιφαὲς
2864 3418 2925 3470 τὸ
2951 3418 3088 3488 πρὸς
3124 3420 3273 3488 ἡμᾶς
3320 3420 3498 3488 αὐτῆς
3532 3416 3797 3490 ﬁgi-194:5

2226 3522 2340 3576 ριον
2362 3506 2559 3575 ἔχουσα
2597 3509 2630 3581 ἡ
2676 3508 2878 3582 σελήνη
2927 3511 2993 3579 τῇ
3046 3508 3183 3580 ἕκτῃ
3231 3510 3339 3580 τῆς
3389 3511 3554 3580 ἕκτης
3591 3510 3791 3573 ἐκείνης

2170 3666 2173 3673 ι
2221 3598 2435 3669 ἡμέρας
2492 3597 2612 3671 ὥρᾳ
2640 3601 2971 3671 ὀγδοήκοντα
3016 3602 3112 3655 καὶ
3147 3602 3342 3659 ἑκατὸν
3371 3600 3670 3672 τηνικαῦτα
3700 3597 3786 3651 τοῦ

2221 3688 2373 3761 ἡλίου
2433 3692 2785 3763 ἀφισταμένη
2845 3692 3063 3761 μοίρας.
3110 3694 3210 3745 Διά
3259 3709 3343 3748 τοι
3383 3695 3546 3748 τοῦτο
3586 3690 3678 3747 καὶ
3713 3705 3791 3740 τε·

2225 3778 2448 3845 ρὰστιον
2488 3780 2636 3846 ἔδοξε
2689 3784 2802 3844 τοῖς
2854 3771 3204 3851 ἀστρολόγοις
3256 3786 3352 3834 καὶ
3404 3782 3547 3849 ὑπὲρ
3593 3776 3789 3845 λόγυνό

2221 3870 2379 3937 λόγος
2430 3873 2529 3940 τῆς
2563 3872 2687 3925 τότε
2733 3872 3035 3942 γενομένης
3084 3872 3319 3944 ἡλιακῆς
3375 3873 3690 3942 ἐκλείψεως.
3719 3866 3787 3921 Οὐ

2221 3965 2330 4035 γὰρ
2382 3966 2613 4030 φυσικός
2654 3982 2735 4028 τις
2785 3965 2971 4018 εἵπετο
3001 3962 3177 4036 ταύτῃ
3223 3963 3405 4034 λόγος.
3452 3966 3537 4018 Ἐν
3564 3963 3667 4031 γὰρ
3698 3957 3788 4029 μιᾷ

2218 4057 2313 4113 τοῦ
2337 4056 2603 4119 ζωδιακοῦ
2638 4056 2943 4128 γενομένων
2969 4056 3130 4131 μοίρᾳ
3167 4058 3275 4109 τῶν
3292 4059 3385 4108 δύο
3413 4058 3712 4131 φωστήρων
3735 4049 3788 4102 ei

2222 4151 2452 4220 φυσικαὶ
2475 4149 2568 4203 τοῦ
2597 4150 2751 4225 ἡλίου
2775 4150 3359 4219 τελοῦνταιὲκλειψεις,
3396 4145 3787 4231 ὑποτρεχούσης

2222 4244 2323 4312 τῆς
2370 4244 2600 4313 σελήνης
2635 4243 2912 4312 τδν,ἥλιον
2939 4242 3024 4317 [Ρ.
3049 4243 3212 4315 ἓῖδμ
3233 4244 3591 4317 Ὀγδοήκοντα
3622 4240 3677 4293 δὲ
3704 4237 3789 4290 καὶ

2225 4337 2419 4393 ἑκατὸν
2458 4335 2813 4405 διισταμένην
2863 4338 3054 4410 μοίρας
3098 4338 3196 4405 τὴν
3238 4336 3463 4407 σελένην
3491 4329 3788 4395 ὀπισϋοδρο-

2227 4428 2397 4497 μῆσαι
2444 4428 2537 4480 καὶ
2593 4425 2932 4498 ὑποδραμεῖν
2985 4426 3076 4479 τὸν
3130 4428 3303 4497 ἥλιον,
3360 4428 3518 4481 τοῦτο
3568 4423 3616 4477 δ’
3655 4419 3788 4484 ὑπὲρ

2227 4522 2404 4575 πάντα
2458 4520 2686 4590 φυσικὸν
2727 4520 3192 4591 ὲτελεσιουρτήθη
3252 4520 3434 4588 λόγον.
3497 4516 3659 4570 Ὅθεν
3698 4509 3785 4568 καὶ

550 4607 803 4692 quintum
838 4640 903 4679 ac
944 4626 1260 4681 vicesimum
1307 4624 1486 4680 Martii
1521 4624 1690 4687 diem,
1726 4624 1924 4679 melius
1948 4625 2003 4679 id
2031 4638 2117 4681 es-

2230 4614 2337 4682 πρό
2364 4629 2426 4679 γε
2458 4613 2680 4679 πάντων
2713 4612 3042 4683 ἀστρονόμοι
3075 4613 3134 4664 τὸ
3172 4611 3363 4680 Θαῦμαη
3388 4610 3491 4666 διὰ,
3513 4607 3780 4704 Θαύματος

548 4730 635 4774 set
670 4721 981 4787 festumque
1027 4718 1391 4772 consentiret.
1441 4715 1549 4770 Sed
1580 4715 1708 4785 quia
1759 4730 1990 4786 perraro
2038 4716 2119 4783 ﬁt,

546 4818 609 4861 ut
639 4809 802 4861 simul
832 4806 1080 4861 incidant
1100 4813 1157 4858 et
1184 4804 1275 4858 vix
1308 4804 1452 4863 intra
1476 4817 1657 4857 annos
1674 4803 1942 4872 plurimos
1964 4821 1979 4870 ;
2002 4820 2123 4873 pcr-

545 4906 714 4966 petuo
744 4905 924 4949 autem
956 4902 1012 4949 et
1040 4893 1338 4963 quotannis
1376 4891 1492 4947 fere
1525 4893 1745 4958 accidit,
1796 4902 1856 4949 ut
1882 4895 2120 4953 alterum

547 4992 615 5043 ab
644 4989 819 5042 altero
847 4987 1051 5050 distet;
1075 4985 1167 5039 alii
1203 4983 1594 5053 plenilunium,
1623 4984 1769 5053 quod
1802 4993 1926 5050 post
1949 4988 2120 5055 atqui-

547 5078 793 5147 noctium
826 5077 1065 5137 exsistit,
1113 5083 1554 5139 anteverteruut,
1602 5073 1693 5127 alii
1737 5073 1911 5129 secuti
1946 5083 2117 5139 sunt;

547 5171 638 5225 alii
677 5171 882 5240 spretis
905 5165 1256 5236 tequinoctiis
1284 5175 1341 5219 et
1365 5166 1521 5234 agnis
1553 5175 1609 5219 et
1628 5166 1916 5220 sacriﬁciis
1933 5174 2121 5218 etum-

546 5263 714 5317 nibus
742 5259 1005 5330 legitimis
1054 5259 1254 5312 ritibus
1301 5257 1719 5327 quadragesima
1764 5264 1975 5309 tantum
2013 5272 2118 5309 nu-

551 5363 758 5408 merata
779 5351 1048 5422 jejunium
1062 5349 1440 5412 absolverunt,
1465 5348 1646 5402 ubivis
1663 5357 1718 5401 et
1737 5358 2012 5416 utcunque
2027 5362 2120 5401 ce-

547 5447 798 5502 cidisset.
830 5443 968 5497 Hinc.
984 5444 1153 5498 multa
1169 5443 1420 5498 confusio
1442 5450 1497 5496 et
1511 5440 1675 5511 372
1697 5440 2039 5510 perturbatio
2065 5449 2123 5494 et

548 5536 970 5607 qumdamveluti
984 5536 1293 5606 linguarum
1309 5534 1535 5604 partitio
1548 5533 1760 5587 exstitit
1776 5548 1841 5588 ex
1864 5533 2020 5585 unica
2038 5547 2118 5586 re.

494 5633 507 5642 ’
547 5628 709 5686 Certe
736 5630 883 5686 enim
912 5629 1200 5699 probabile
1228 5636 1337 5695 est,
1372 5627 1510 5682 alios
1539 5625 1679 5682 cibis
1710 5625 2042 5681 ahStinuisse
2066 5630 2122 5677 et

2225 4706 2434 4774 ἤγαγον
2481 4705 2576 4756 καὶ
2618 4704 2751 4757 θεὸν
2794 4702 2935 4757 εἶναι
2971 4705 3063 4759 τὸν
3092 4702 3374 4772 πάσχοντα
3407 4702 3638 4772 ἔφασαν.
3666 4692 3780 4749 Τοῖς

2227 4795 2336 4865 γὰρ
2369 4794 2639 4864 ἀμαθέσιν
2680 4796 2801 4848 οὐδὲ
2844 4797 3135 4864 τεράστιον
3186 4795 3403 4860 ἔδοξεν,
3455 4786 3569 4849 ἀλλ’
3601 4781 3781 4859 siwa

2226 4890 2335 4948 τοί,
2377 4887 2653 4948 πλείστοις
2691 4887 2888 4940 ἐτεσιν.
2945 4886 3030 4941 Ἐν
3063 4884 3252 4957 ἐκείνῃ
3283 4884 3466 4938 τοίνυν
3495 4884 3562 4952 τῇ
3594 4888 3784 4929 πανσε-

2228 4980 2378 5049 λήνῳ
2412 4981 2507 5037 καὶ
2532 4980 2592 5032 τὺ
2617 4980 2810 5051 Πάσχα
2826 4983 2941 5047 τοῖς
2977 4980 3252 5041 Ἰουδαίοις
3283 4977 3491 5033 ἐθύετο·
3526 4977 3581 5027 ὲν
3611 4966 3785 5032 ἐκείνῃ

2221 5074 2278 5124 δέ
2328 5089 2388 5138 γε
2420 5073 2515 5125 καὶ⁵
2559 5075 2627 5126 τὰ
2656 5073 2753 5141 τῆς
2791 5072 3081 5145 ἰσημερίας
3110 5068 3199 5143 ἦν’
3230 5077 3288 5125 ὲν
3335 5073 3521 5138 ἐκείνῃ
3546 5066 3600 5119 δὲ
3636 5061 3725 5118 καὶ
3757 5056 3784 5104 ό

2229 5165 2446 5233 Σωτὴρ,
2476 5167 2549 5228 ὡς
2584 5169 2818 5236 ἔφημεν,
2856 5165 2994 5233 ὑπὲρ
3028 5166 3186 5234 ἡμῶν
3215 5162 3560 5216 ὲθανατοῦτο.
3590 5150 3783 5236 Γνώριέ

2228 5274 2328 5325 μον
2361 5257 2417 5310 δὲ
2445 5258 2617 5328 δήπου
2666 5235 2779 5319 τοῖς
2834 5259 3060 5322 ἅπασιν,
3103 5258 3178 5319 ὡς
3202 5256 3362 5328 τρίτη
3414 5256 3511 5325 μὲν
3549 5245 3616 5317 ἦν
3654 5235 3782 5311 μετὰ

2222 5348 2322 5416 τὴν
2344 5348 2580 5416 νομικὴν
2604 5330 2824 5416 ἐκείνην
2847 5346 3062 5418 ἑορτὴν,
3092 5350 3150 5399 ὲν
3242 5344 3303 5397 τὸ
3332 5344 3430 5413 τῆς
3451 5337 3634 5403 οεῖκῆς
3659 5328 3781 5399 ἡμῖν

2226 5440 2581 5502 ἀναστάσεως
2615 5440 2920 5508 μυστήριον
2950 5438 3268 5507 δγεγένητοο
3308 5438 3404 5490 καὶ
3433 5433 3507 5495 ὡς
3538 5428 3780 5508 πέμπτην

2226 5532 2319 5584 καὶ
2368 5506 2628 5601 εἰκοστὴν
2656 5530 2957 5598 τηνικαῦτα
2985 5531 3013 5581 ὁ
3037 5530 3280 5599 Μάρτιος
3313 5529 3441 5598 ἤνυε
3471 5524 3595 5593 μήν.
3625 5506 3778 5601 ’Δᾲδὴ

2221 5620 2315 5675 δύο
2353 5621 2483 5673 ὅντα
2516 5597 2813 5690 ὲν-ταυτῷ,
2846 5623 2946 5689 τήν
2992 5636 3052 5672 τε
3098 5597 3192 5671 τοῦ
3226 5597 3398 5688 μηνὸς
3439 5613 3648 5686 ἡμέραν
3693 5597 3779 5661 δη·

1898 5754 2230 5817 \‘ariornm
2281 5762 2471 5815 nota.

623 5885 742 5954 (51)
784 5884 947 5951 Ἡμῖν
978 5882 1129 5937 atltlll
1165 5881 1289 5936 cod.
1326 5881 1448 5936 Vat.
1497 5878 1701 5932 BOIVIN.
