4088 6456
448 300 556 364 563
700 292 777 370 [Α.
821 312 877 359 ιι,
913 296 1045 353 6791
1088 314 1154 353 ao
1188 300 1353 374 6856]

1635 314 2067 380 NICEPHORI
2106 269 2522 379 GREGORIEI

2810 313 2946 384 lius.
2987 326 3268 370 ANDIIONIC.
3307 320 3463 392 sm.)

3607 323 3716 388 56!

451 414 679 470 intuens
721 429 914 484 parum
966 429 1068 472 nos
1101 430 1203 471 suo
1240 416 1454 476 lumine
1482 419 1737 493 iuvabat.
1763 424 1945 493 Quare
1979 425 2034 480 in

2149 444 2315 497 γωνον
2366 429 2443 500 τῷ
2503 428 2642 501 ἡλίῳ
2699 430 2968 502 γενομένη
3022 434 3429 504 σχηματισμὸν
3451 439 3513 492 ού
3566 438 3711 507 μάλα

386 545 398 557 .
451 506 802 563 densissimis
840 507 1119 575 tenebris,
1167 518 1229 564 ut
1278 511 1317 566 ii
1371 512 1466 581 qui
1501 528 1600 584 per
1641 515 1929 572 Taenarum
1966 517 2031 571 ad

451 595 664 651 inferos
694 597 1032 652 descendere
1072 607 1169 652 aut
1198 595 1541 671 Throphonii
1588 615 1808 660 antrum
1848 606 2035 662 fatidi-

453 705 581 744 cum
629 688 819 744 subire
871 691 1260 760 perhibentur,
1297 695 1738 752 ambulabamus.
1774 697 1911 753 Nam
1967 699 2035 754 ad

452 780 679 835 illunem
708 788 925 835 noctem
951 785 1116 838 etiam
1164 787 1433 842 montium
1480 787 1534 843 in
1562 790 1796 845 circuitu
1828 792 2036 861 posito-

454 886 576 924 rum
632 870 842 925 umbra:
898 872 1256 940 accedebant,
1324 893 1562 947 quorum
1624 882 1861 935 vertices
1911 879 2034 935 coeli

456 971 815 1031 conspectum
847 963 921 1018 ita
955 965 1119 1020 nobis
1149 968 1482 1038 eripiebant,
1516 980 1574 1026 ut
1612 971 1801 1027 infelix
1834 973 1939 1027 iter
1969 988 2037 1027 ne

456 1053 743 1108 stellarum
790 1053 1038 1124 quidem,
1086 1066 1149 1112 ut
1197 1059 1374 1126 aiunt,
1407 1061 1794 1118 observatione
1844 1079 2038 1134 regere

455 1161 768 1214 possemus.
801 1145 941 1201 Tum
984 1163 1116 1203 vero
1166 1151 1382 1204 animus
1425 1166 1582 1206 meus
1629 1152 1805 1222 frangi
1846 1154 2037 1222 ccepit,

459 1252 585 1290 cum
643 1253 731 1291 me
784 1236 997 1308 ingredi
1050 1249 1330 1308 oporteret
1377 1241 1593 1311 longam
1650 1257 1714 1297 ac
1756 1242 2034 1298 diﬂicilem

457 1327 627 1381 viam.
664 1326 722 1379 lu
756 1327 951 1381 silvam
984 1330 1132 1382 enim
1180 1329 1404 1385 densam
1436 1339 1491 1385 et
1533 1333 1859 1402 inaequalem
1900 1332 2040 1388 inci-

457 1419 664 1480 dimus,
700 1419 1041 1475 latebrarum
1089 1417 1307 1492 plen'am
1340 1431 1397 1478 et
1434 1423 1726 1493 profundis
1757 1426 2039 1497 voragini-

2139 515 2513 589 ἀκρονύκτους
2538 519 2675 590 ἡμῖν
2725 518 2976 574 ἐϐούλετο
3009 521 3337 591 χαρίζεσθαι
3369 524 3471 587 τὰς
3516 526 3709 595 αύγάς.

2140 609 2328 678 Ταύτῃ
2358 626 2444 661 τοι
2480 609 2576 661 καὶ
2604 607 2801 684 ᾗειμεν
2849 609 2940 663 διά
2984 611 3297 681 παχυτάτου
3336 612 3432 668 τοῦ
3467 614 3711 680 σκότους,

2140 701 2396 768 καθάπερ
2420 698 2512 762 οὒς
2546 700 2633 753 διά
2664 700 2755 754 τοῦ
2788 700 3059 772 Ταινάρου
3080 703 3181 767 τὰς
3213 705 3272 767 ἐς
3297 704 3423 775 ᾅδου
3456 705 3717 769 καθόδους

2142 791 2414 845 ποιεῖσθαί
2440 792 2664 862 φασινῆ
2714 792 2783 846 τά
2838 792 3068 860 ὑπόγεια
3125 796 3437 866 Τροφωνίου
3489 797 3718 866 μαντεύ-

2144 899 2311 952 ματα.
2347 879 2712 954 Προσετίθετο
2765 883 2873 951 γὰρ
2903 885 2970 952 τῇ
3021 883 3270 953 ἀσελήνῳ
3319 883 3507 956 ἐκείνῃ
3560 887 3717 939 νυκτὶ

2140 974 2236 1029 καὶ
2262 976 2296 1046 ἡ
2332 974 2441 1027 τῶν
2494 973 2838 1028 κυκλούντων
2888 975 3068 1044 λόφων
3100 976 3251 1030 σκιά.
3301 978 3366 1030 Δί
3404 978 3517 1049 γὰρ
3569 978 3718 1045 σφῶν

2142 1068 2443 1131 ὑπερϐολαὶ
2473 1069 2627 1140 ποιρά
2653 1070 2877 1124 τοσοῦτο
2903 1072 2997 1123 καὶ
3022 1070 3255 1141 ούρανοῦ
3286 1072 3384 1141 τὴν
3415 1071 3546 1126 θέαν
3570 1074 3719 1144 ἡμᾶς

2141 1159 2471 1230 ἀφῃροῦντο,
2505 1160 2634 1231 παρ’
2668 1162 2793 1214 ὅσον
2824 1162 2933 1215 οὐδ’
2963 1162 3183 1233 ἄστροις
3223 1163 3285 1216 τὸ
3311 1163 3718 1239 θρυλλούμενον

2139 1253 2539 1322 τεκμαίρεσθαι
2572 1252 2760 1320 σαφῶς
2811 1255 2912 1325 τὴν
2958 1255 3194 1325 δυστυχῆ
3229 1258 3458 1328 πορείαν
3499 1256 3720 1327 εἴχομεν

2139 1343 2377 1414 ἐκείνην.
2410 1343 2596 1415 Αὐτὰρ
2628 1344 2816 1413 ἔμοιγε
2848 1346 2960 1414 (44)
2993 1347 3336 1418 κατεκλάσθη
3366 1348 3523 1417 φίλον
3547 1344 3682 1419 ἦτορ
3705 1363 3721 1381 ο

2140 1436 2344 1491 οὕνεκά
2375 1455 2468 1507 μοι
2505 1439 2644 1493 ίέναι
2677 1438 2837 1511 ἐπῄει
2886 1438 3104 1510 δολιχὴν
3152 1439 3277 1494 ὁδὸν
3308 1440 3590 1509 ἀργαλέην
3637 1456 3719 1493 τε.

453 1507 563 1561 bus
588 1510 792 1578 passim
818 1511 1107 1581 abruptam
1137 1529 1152 1569 :
1186 1514 1239 1567 iu
1267 1529 1375 1583 qua
1410 1515 1616 1585 caligas
1638 1524 1694 1570 et
1722 1516 2044 1588 chlamydes

2149 1525 2337 1597 Λόχμῃ
2357 1526 2465 1597 γὰρ
2493 1507 2895 1596 ἐντυγχάνομεν
2920 1507 3276 1600 πάνυνδασείᾳ
3297 1507 3398 1583 καὶ
3427 1507 3719 1599 ἀνωμάλῳ,

454 1610 677 1653 nostras
704 1602 985 1669 spinarum
1034 1602 1312 1659 morsibus
1349 1603 1494 1659 foede
1525 1605 1796 1664 laceratas
1832 1607 1906 1660 ita
1939 1622 2039 1661 ne-

2143 1618 2370 1685 συχνοὺς
2408 1616 2529 1669 κατ’
2561 1617 2743 1684 ὀλίγον
2785 1618 2985 1691 ἐχούσῃ
3032 1620 3222 1689 λόχους
3254 1623 3348 1674 καὶ
3391 1620 3719 1689 φάραγγας³

457 1691 825 1761 gligebamus,
858 1704 918 1749 ut
968 1695 1131 1765 377
1175 1712 1301 1751 cum
1333 1702 1544 1751 crebrae
1576 1706 1632 1751 et
1669 1713 1736 1753 ex
1767 1697 1891 1752 aliis
1920 1699 2041 1753 aliae

2149 1708 2226 1761 ὅθι
2255 1707 2318 1779 δὴ
2347 1710 2440 1761 καὶ
2462 1712 2520 1772 ἐς
2547 1710 2799 1763 τοσοῦτον
2832 1710 3051 1780 ἀμελῶς
3075 1710 3309 1782 ἔσχομεν
3338 1714 3398 1775 ἐς
3419 1711 3479 1764 τὸ
3505 1710 3723 1778 δαψιλὲς

454 1792 739 1840 ramorum
785 1801 953 1843 coma;
998 1788 1052 1842 in
1085 1788 1270 1843 vultus
1311 1797 1532 1843 nostros
1561 1789 1772 1845 infesta:
1804 1791 2033 1849 invade-

2149 1769 2629 1872 Βιαρῤίηγνυμένων
2666 1802 2775 1857 τῶν
2804 1769 3093 1874 ἡμετέρων
3261 1821 3322 1859 τε
3353 1769 3723 1859 πεδίλωντῶν

456 1878 799 1943 rent,oculis
833 1880 971 1950 ipsis
999 1889 1398 1948 metueremus;
1431 1882 1771 1952 habenisque
1798 1894 1855 1939 et
1882 1884 2035 1950 loris,

459 1972 665 2039 quibus
692 1987 867 2043 equos
901 1973 1246 2045 regebamus,
1280 1974 1502 2031 omissis
1527 1991 1789 2033 manuum
1821 1976 2038 2047 objectu

454 2063 656 2119 faciem
697 2071 1140 2134 protegeremus.
1189 2062 1261 2121 At
1291 2065 1344 2120 in
1382 2064 1678 2131 famulitio,
1712 2066 1859 2137 quod
1891 2082 2033 2137 pone

458 2153 818 2220 sequebatur,
842 2153 1093 2208 nonnulli
1115 2155 1409 2224 praesentia
1436 2155 1680 2225 pericula
1705 2172 1895 2226 parum
1924 2171 2041 2210 me-

460 2252 684 2300 tuentes
711 2244 1165 2301 vociferabantur
1183 2256 1239 2301 et
1269 2246 1489 2317 tragicis
1518 2247 1773 2302 cantibus
1798 2247 2043 2303 celebra-

461 2337 601 2392 bant
630 2337 822 2393 laudes
854 2346 1105 2394 veterum
1140 2341 1397 2405 heroum,
1427 2354 1663 2409 quorum
1707 2339 1908 2394 famam
1955 2353 2044 2394 so-

459 2428 571 2485 lam
625 2430 963 2496 audivimus,
1006 2445 1096 2487 res
1147 2439 1332 2486 autem
1383 2443 1565 2502 gestas
1620 2447 1731 2487 non
1779 2432 2040 2487 vidimus.

459 2521 714 2590 Abrupta
767 2530 953 2577 autem
1004 2531 1062 2578 et
1112 2538 1390 2591 concava,
1424 2524 1622 2595 vicinis
1675 2525 2044 2593 undecunque

463 2614 752 2668 montibus
783 2615 1096 2684 interiecta,
1128 2615 1423 2669 clamorem
1464 2616 1677 2670 editum
1726 2617 2044 2685 intercipie-

463 2708 621 2767 lrant,
654 2715 710 2758 et
737 2707 893 2775 quasi
928 2706 1169 2761 animata
1208 2723 1439 2776 corpora
1470 2707 1745 2778 integrum
1773 2717 1828 2764 et
1864 2709 2044 2762 illiba-

413 2868 418 2875 .
464 2806 579 2849 tum
616 2799 669 2850 ct
696 2799 948 2850 articulis
979 2797 1095 2852 suis
1126 2797 1452 2851 distinctum
1484 2800 1801 2859 servabant,
1847 2813 2046 2853 accen-

462 2900 663 2958 tusque
690 2900 745 2941 (ιι
776 2907 940 2942 vom-s
972 2872 1201 2944 alternis
1234 2890 1547 2943 rcf‘rebant
1575 2906 1589 2953 ;
1623 2906 1687 2945 ac
1727 2900 1784 2944 ut
1815 2891 1869 2944 in
1906 2892 2043 2945 cho-

463 2981 578 3034 reis
614 2980 729 3033 ileri
772 2982 936 3042 solet,
984 2981 1100 3050 ipsa
1150 2984 1318 3037 etiam
1362 2982 1606 3039 vicissim
1654 2983 2044 3049 audiebantur,

2140 1909 2200 1945 τε
2248 1893 2539 1964 χλαμύδων
2593 1897 2719 1957 ταῖς
2769 1895 2881 1949 τῶν
2928 1897 3181 1957 ἀκανθῶν
3228 1895 3544 1961 ἀνθολκαῖς,
3584 1896 3724 1952 ὥστε

2142 1961 2277 2054 περλι
2300 1961 2408 2036 τῶν
2438 1961 2615 2052 ὄψεων
2644 1983 2825 2038 αὐτῶν
2848 1984 3163 2057 ἐδεδίειμεν,
3200 1989 3421 2058 συχνοῖς
3450 1989 3547 2043 καὶ
3573 1987 3727 2041 ἀλλε-

2142 2074 2437 2142 παλλήλοις
2472 2077 2587 2137 τοῖς
2612 2075 2721 2129 τῶν
2753 2077 3069 2149 ἀκροδρύων
3100 2072 3423 2149 βοστρύχοις
3451 2078 3726 2149 χρώμενοι

2143 2168 2429 2236 πολεμίοις
2458 2170 2569 2222 τῶν
2601 2167 2887 2240 ἡμετέρων
2922 2169 3255 2241 προσώπων.
3278 2171 3396 2225 Καὶ
3429 2171 3615 2241 μέντοι
3638 2170 3729 2223 καὶ

2144 2262 2520 2334 ἀμελήσαντες
2554 2262 2720 2333 ἡνιῶν
2736 2263 2833 2316 καὶ
2855 2263 3129 2336 ῥυτήρων,
3143 2259 3223 2329 οἷς
3249 2265 3377 2330 τοὺς
3396 2263 3601 2327 ἵππους
3616 2262 3728 2316 ἰθύ-

2143 2373 2329 2426 νομεν,
2345 2357 2553 2426 σκέπην
2572 2356 2903 2427 ἐποιούμεθα
2918 2358 3016 2421 τὰς
3034 2360 3221 2428 χεῖρας
3250 2356 3359 2409 τῶν
3395 2357 3596 2427 ὄψεων.
3620 2358 3728 2427 Τῆς

2147 2446 2229 2519 [Ρ.
2247 2443 2374 2519 252]
2394 2466 2456 2516 γε
2479 2451 2577 2518 μὲν
2604 2449 2874 2519 ἑπομένης
2896 2448 3213 2520 θεραπείας,
3232 2445 3317 2515 οἷς
3336 2450 3466 2503 οὐδὲ
3482 2450 3624 2515 πάνυ
3648 2467 3726 2501 τοι

2143 2541 2253 2594 τῶν
2284 2541 2566 2610 παρόντων
2588 2540 2747 2609 ἔμελε
2777 2542 2979 2611 φόϐων,
3012 2537 3154 2613 ἦσαν
3180 2542 3229 2597 οἳ
3257 2544 3470 2610 φωναῖς
3495 2542 3729 2613 ἐχρῶντο

2147 2635 2242 2687 καὶ
2291 2632 2479 2703 μέλεσι
2512 2637 2834 2706 τραγικοῖς⁶
2888 2631 3056 2707 τῌδον
3096 2635 3141 2689 δ’
3188 2635 3302 2706 ἄρα.
3329 2635 3474 2689 κλέα
3499 2634 3725 2705 ἀνδρῶν,

2145 2720 2219 2781 ὧν
2249 2722 2357 2781 οἷον
2394 2727 2550 2788 κλέος
2593 2727 2888 2796 ἀκούομεν,
2917 2727 3039 2781 οὐδέ
3083 2744 3166 2779 τοι
3211 2727 3382 2790 ἴδμεν.
3428 2727 3497 2781 Αἵ
3524 2744 3582 2779 τε
3608 2725 3732 2795 περὶ

2145 2821 2296 2891 ἡμᾶς
2327 2819 2634 2890 φάραγγες,
2688 2825 2783 2874 καὶ
2814 2821 2916 2875 ὅσα
2967 2820 3177 2888 μεταξὺ
3205 2819 3363 2874 κοῖλα
3413 2820 3526 2873 τῶν
3575 2816 3733 2886 πέριξ

2147 2910 2311 2980 ὀρῶν,
2365 2910 2876 2980 περιλαμϐάνουσαι
2928 2910 3027 2981 τὴν
3077 2909 3330 2978 κραυγὴν
3389 2909 3498 2962 καὶ
3548 2906 3732 2975 ὥσπερ

2149 3001 2387 3072 ἐμψυχοι
2426 3019 2573 3065 τινες
2629 3004 2907 3073 ἀκήρατον
2964 3001 3336 3070 φυλάττουσαι
3376 3002 3595 3070 ταύτην
3643 2998 3734 3053 καὶ

463 3082 521 3126 ct
569 3074 636 3125 ad
684 3074 1035 3141 praescriptos
1081 3075 1332 3128 modulos
1367 3075 1709 3128 acciuebant.
1765 3075 1874 3145 Ego
1910 3090 2044 3127 vero

2149 3095 2333 3166 ἀπαθῆ
2363 3096 2457 3147 καὶ
2492 3096 2599 3148 τῶν
2643 3095 2864 3165 ἄρθρων
2916 3095 3118 3162 ὁμοίως
3163 3094 3395 3165 ἔχουσαν
3458 3091 3598 3148 κατὰ
3622 3090 3734 3144 δια-

465 3168 677 3220 interea
701 3167 947 3219 animum
977 3182 1158 3220 meum
1183 3167 1443 3238 jubebam
1478 3184 1732 3223 recreare
1754 3178 1810 3222 et
1830 3170 2043 3243 erigere.

465 3274 548 3315 se.
583 3273 687 3313 uec
721 3260 1026 3314 terroribus
1052 3260 1290 3314 subinde
1320 3262 1701 3329 ingruentibus
1723 3262 1911 3331 jacere
1948 3277 2047 3331 op-

467 3366 739 3417 pressumq
788 3355 855 3405 At
896 3353 987 3405 ille
1022 3368 1131 3407 non
1167 3355 1424 3422 parebat:
1464 3354 1559 3409 sed
1590 3364 1645 3408 et
1685 3355 1829 3408 viam
1864 3354 2045 3409 alieno

469 3438 723 3511 tempore
769 3452 1082 3512 susceptam
1120 3459 1293 3514 usque
1343 3445 1679 3513 exprobrare
1711 3446 1851 3500 velle
1892 3446 2046 3498 vide-

467 3528 657 3594 batur,
684 3540 739 3585 et
767 3533 833 3585 ad
867 3533 1111 3602 seipsum
1148 3532 1454 3587 identidem
1488 3549 1794 3590 conversus
1820 3534 2047 3588 insidias

469 3633 528 3677 at
577 3625 824 3679 latrones
860 3625 1023 3678 tacite
1077 3624 1484 3689 ruminabatur,
1536 3640 1600 3679 ac
1636 3627 1787 3680 viros
1819 3613 2049 3695 sangui-

469 3732 607 3770 nutu
640 3717 745 3771 sibi
786 3718 1047 3786 fingebat,
1075 3717 1170 3787 qui
1206 3733 1275 3775 ex
1300 3717 1540 3773 obscuro
1580 3719 1955 3774 uos-adorturi
1993 3727 2050 3773 ct

468 3809 705 3865 occisuri
738 3820 948 3865 essent.
1124 3836 1127 3839 Α
1272 3847 1281 3858 .
1534 3818 1535 3821 ‘

544 4099 605 4153 γ.
658 4100 795 4152 llum
821 4106 1006 4153 autem
1040 4096 1093 4151 iu
1128 4096 1214 4152 his
1247 4112 1459 4163 sumus,
1482 4098 1669 4152 subito
1694 4098 1797 4152 viri
1822 4096 2049 4168 quidam

471 4205 539 4244 ex
569 4189 681 4243 illis
709 4188 944 4257 rupibus
967 4198 1023 4242 et
1048 4190 1304 4244 cavernis
1329 4198 1653 4260 exsurgunt,
1675 4179 1847 4259 nigris
1871 4187 2051 4243 induti

472 4284 722 4338 vestibus
755 4299 785 4337 e
832 4282 974 4337 lanis
1007 4290 1064 4336 et
1097 4283 1418 4348 velleribus,
1452 4297 1573 4351 quae
1606 4277 1912 4350 pecudibus
1958 4281 2056 4334 de-

2150 3184 2312 3254 δοχὴν
2335 3180 2446 3236 οἷον
2474 3185 2739 3255 ἀντήχουν
2773 3184 2868 3237 καὶ
2893 3184 3256 3253 ἀντεφώνουν,
3286 3182 3493 3255 ὥσπερ
3529 3185 3591 3237 ἐν
3619 3183 3735 3243 ταῖς

2150 3280 2396 3348 χορείαις
2427 3280 2692 3347 ἑπόμεναι
2721 3281 2819 3333 καὶ
2843 3271 3006 3332 αὗται
3039 3279 3132 3332 καὶ
3160 3278 3492 3348 ἀντᾴδουσαι
3522 3278 3653 3350 πρὸς
3673 3278 3741 3329 τὸ·

2150 3371 2245 3425 τοῦ
2286 3371 2483 3441 μέλους
2513 3369 2984 3440 ἐνδόσιμον.Ἑγὼ
3010 3370 3056 3422 δ’
3089 3372 3145 3423 ἐν
3181 3369 3404 3434 τούτοις
3442 3371 3728 3441 ἀναφέρειν

2152 3458 2432 3530 παρῄνουν
2465 3458 2554 3510 τὸν
2596 3458 2860 3527 λογισμὸν
2902 3461 2994 3511 καὶ
3023 3458 3098 3529 μὴ
3129 3461 3346 3529 συχνοῖς
3393 3458 3729 3530 περιαντλεῖ-

2153 3548 2277 3603 σθαι
2305 3551 2415 3610 τοῖς
2446 3550 2656 3615 φόϐοις.
2694 3550 2753 3603 Ὀ
2789 3550 2836 3604 δ’
2863 3550 2962 3603 ούκ
2995 3551 3279 3604 ἐπείθετω
3318 3551 3461 3605 ἀλλά
3489 3550 3644 3619 δῆλος
3667 3545 3729 3617 ἦν

2150 3637 2276 3692 οὔτε
2306 3640 2407 3709 τὴν
2445 3640 2565 3693 ὁδὸν
2608 3641 2706 3709 τῆς
2741 3640 3000 3711 ἀκαιρίας
3030 3642 3403 3711 ἀφιστάμενος
3435 3641 3689 3712 λοιδορεῖν
3712 3653 3723 3667 ·

2153 3731 2315 3794 αὐτός
2363 3750 2422 3784 τε
2460 3734 2546 3801 ἐφ’
2588 3733 2750 3784 αὑτὸν
2791 3732 2961 3803 συχνὰ
3005 3732 3365 3805 ἀναστρέφων
3407 3718 3596 3804 λόχους
3639 3730 3730 3784 καὶ

2153 3822 2471 3886 λωποδύτας
2503 3823 2794 3877 ἀνεκύκλει
2839 3822 2935 3876 καὶ
2973 3823 3171 3894 ἄνδρας
3224 3822 3498 3892 αἱμάτων,
3541 3825 3729 3892 μήπως

2155 3915 2213 3980 ἐξ
2271 3914 2517 3981 ἀφανοῦς
2579 3915 2923 3977 εἰσπεσόντες
2989 3914 3150 3983 ἔργον
3209 3917 3358 3986 ἡμᾶς
3416 3914 3730 3985 ἀποφήνωσι

2156 4004 2369 4072 ξίφους.
3348 4078 3349 4081 η

2231 4098 2306 4152 E'.
2352 4096 2560 4149 Οὐκοῦν
2590 4095 2706 4149 ἀλλ’
2740 4097 2797 4147 ἐν
2832 4094 3045 4159 τούτοις
3085 4094 3253 4151 ὄντων
3288 4095 3451 4165 ἡμῶν
3481 4093 3729 4161 ἐξαίφνης

2155 4189 2475 4260 ἀνίστανταί
2532 4206 2677 4252 τινες
2729 4188 2919 4254 ἄνδρες
2967 4189 3073 4241 τῶν
3134 4189 3313 4241 ἐκεῖσε
3372 4187 3590 4257 πετρῶν
3639 4183 3730 4257 καὶ

2158 4281 2464 4351 φαράγγων
2510 4278 2769 4349 μελαίνας
2801 4278 3034 4349 ἐσθῆτάς
3058 4294 3211 4341 τινας
3240 4278 3642 4348 περικείμενοι,
3675 4269 3734 4325 αἴ

477 4385 765 4432 traxerant
798 4376 866 4428 iis
900 4376 1105 4445 quibus
1140 4391 1279 4446 opus
1326 4375 1543 4440 fuerat,
1575 4373 1846 4427 diabolica
1897 4372 2044 4441 plant

2159 4374 2300 4425 εἰσιν
2332 4370 2391 4435 ἐξ
2424 4371 2589 4438 ἐρίων
2625 4370 2720 4422 καὶ
2748 4370 2984 4433 κωδίων,
3016 4368 3154 4423 ἅττα
3188 4369 3318 4421 ποτὲ
3357 4366 3514 4432 ζώων
3539 4361 3733 4419 ἀπεδύ-

475 4477 717 4538 spectra.
757 4466 863 4521 Sed
904 4467 1068 4523 iidem
1100 4483 1211 4522 non
1244 4465 1396 4536 gravi
1441 4474 1724 4517 armatura
1777 4462 2044 4527 instrueti,

2163 4481 2325 4517 σαντί)
2374 4457 2452 4523 οῗ,
2497 4462 2668 4532 δήπου
2704 4462 2757 4529 γ’
2798 4463 2964 4531 ἐχρῆν
2987 4478 3000 4490 ο
3036 4460 3293 4529 ἄντικρυς
3340 4459 3594 4529 δαιμόνια
3630 4454 3732 4523 φάο

473 4561 588 4615 imo
619 4561 846 4615 omnino
892 4560 1043 4615 leves
1069 4568 1126 4614 et
1173 4557 1414 4626 expediti
1453 4563 1633 4610 erant.
1686 4556 1762 4609 Ac
1803 4555 2044 4624 plerique

2163 4569 2371 4623 σματαε
2405 4554 2545 4623 πλὴν
2588 4554 2647 4606 ού
2678 4552 3057 4623 κατάφρακτοι
3093 4569 3238 4615 τινες
3278 4551 3516 4617 ὁπλῖται,
3554 4550 3635 4602 ὅτι
3660 4545 3729 4615 μὴ

474 4670 625 4709 arma
661 4656 726 4708 ad
768 4654 936 4724 378
974 4652 1231 4707 cominus
1252 4648 1606 4718 pugnandum
1644 4656 1762 4715 apta
1792 4648 1845 4700 in
1881 4647 2044 4700 mani-

2160 4648 2418 4713 καθάπαξ
2478 4646 2659 4717 ψιλοί’
2709 4648 2806 4699 καὶ
2861 4646 3154 4716 ἀγχέμαχά
3204 4662 3324 4697 τινα
3372 4643 3580 4713 ὄργανα
3614 4639 3729 4690 ταῖν

472 4744 582 4799 bus
633 4744 930 4803 habebant,
960 4755 1162 4810 nempe
1198 4740 1384 4793 hastas
1438 4749 1495 4792 et
1533 4753 1779 4792 secures.
1820 4737 2044 4825 Quidam

2160 4745 2342 4812 χεροῖν
2373 4743 2423 4794 οί
2474 4740 2689 4804 πλείους
2740 4737 2977 4809 ἔχοντες,
3008 4739 3108 4792 ὅσα
3136 4740 3196 4792 ἐν
3230 4737 3454 4810 λόγχαις
3497 4733 3603 4789 εἰσὶ

475 4844 534 4890 et
564 4837 668 4889 tela
694 4834 923 4888 missilia
949 4832 1259 4903 gestabant.
1283 4831 1361 4886 Ac
1381 4830 1653 4900 principio
1675 4828 1898 4900 quidem
1932 4829 2044 4884 ﬁeri

2162 4833 2472 4887 πελέκεσιν.
2506 4828 2688 4885 *Ησαν
2720 4831 2765 4884 δ’
2801 4831 2851 4884 οῖ
2896 4831 2990 4884 καὶ
3019 4830 3119 4884 ὅσα
3154 4832 3211 4884 ἐν
3256 4829 3585 4903 τηλεϐόλοις.
3627 4824 3731 4877 Καὶ

476 4944 591 4983 non
633 4937 886 4996 poterat,
922 4924 1055 4994 quin
1112 4924 1272 4979 nobis
1321 4931 1377 4978 et
1423 4924 1750 4992 intempesta
1799 4930 1959 4977 nocte
2001 4929 2058 4976 et

481 5019 686 5085 ignotis
734 5020 786 5066 lu
835 5016 972 5069 locis
1008 4998 1276 5069 terrorem
1335 5015 1696 5069 incuterent:
1751 5014 2056 5082 praesertim

430 5163 439 5172 ,
485 5127 610 5165 cum
642 5118 828 5163 nostra
851 5108 1035 5179 lingua
1066 5108 1210 5162 haud
1244 5118 1555 5162 uterentur.
1590 5108 1743 5160 illius
1773 5107 1921 5160 enim
1952 5104 2056 5189 loci

484 5202 677 5256 incola:
707 5201 952 5270 plerique
984 5201 1255 5271 Mysorum
1291 5200 1471 5254 coloni
1503 5208 1653 5260 sunt,
1690 5196 1933 5250 finitimae
1966 5210 2057 5248 na-

485 5295 674 5358 tionis,
712 5302 767 5348 et
798 5295 1077 5348 communi
1112 5309 1236 5348 cum
1288 5290 1490 5345 nostris
1520 5287 1879 5358 pepularibus
1907 5288 2057 5341 vietu

484 5399 741 5443 utuntur.
762 5386 969 5441 Deinde
998 5386 1309 5455 recepimus
1335 5383 1548 5439 animos
1575 5390 1633 5434 et
1656 5381 1723 5434 ad
1756 5395 1857 5433 nos
1886 5379 2059 5433 redii-

488 5497 632 5537 mus.
663 5478 799 5536 Nam
829 5495 927 5535 sua
964 5480 1149 5549 lingua
1181 5492 1284 5532 nos
1313 5476 1547 5531 comiter
1573 5483 1629 5526 ct
1684 5472 1935 5556 hilariter
1968 5487 2056 5526 sa-

2165 4923 2228 4979 τδ
2263 4926 2362 4994 μὲν
2402 4924 2618 4994 πρῶτον
2652 4922 2909 4992 ἐκπλήξει
2943 4923 3040 4975 καὶ
3092 4921 3197 4975 δέει
3248 4912 3731 4975 καθυπὲϐαλοντά

2165 5021 2433 5088 ἡμέτερα.
2466 5017 2592 5078 Πῶς
2620 5017 2727 5085 γὰρ
2770 5013 2868 5080 ob;
2915 5017 2973 5066 ἐν
3007 5014 3193 5077 τόποις
3229 5013 3530 5081 ἀλλοτρίοις
3569 5007 3731 5061 ὄντων

2166 5108 2283 5160 καὶ·
2312 5106 2489 5176 ἀωρίᾳ
2538 5104 2712 5173 τοιᾷδε
2767 5100 2867 5156 καὶ
2917 5099 3140 5169 γλώσσῃ
3197 5099 3333 5168 πρὸς
3381 5097 3588 5155 τούτοις
3637 5090 3729 5155 οὐχ

2165 5199 2415 5271 ἡμετέρᾳ
2452 5197 2761 5267 χρώμενοι;
2798 5194 3001 5249 Μυσῶν
3037 5194 3145 5261 γὰρ
3175 5190 3393 5245 ἄποικοι
3417 5187 3524 5243 τῶν
3557 5185 3728 5271 ἐκεῖσε

2173 5270 2605 5358 προσοικούντων
2650 5278 2797 5334 ἐἰσὶν
2842 5282 3084 5352 ἀρχῆθεν
3132 5280 3181 5330 οἱ
3223 5278 3438 5339 πλείους
3487 5273 3580 5328 καὶ
3622 5270 3728 5329 τοῖς
3783 5331 3791 5338 _

2166 5381 2298 5449 ἡμῖν
2328 5376 2623 5447 ὁμοφύλοις
2650 5373 2854 5442 ἀναμὶξ
2875 5375 2974 5441 τὴν
3003 5372 3211 5424 δίαιταν
3242 5369 3477 5438 ἔχοντες.
3508 5365 3728 5416 Ἔπειτα

2166 5471 2508 5541 ἁνεφέρομεν
2557 5468 2652 5523 καὶ
2698 5468 2908 5522 ἑαυτῶν
2942 5464 3269 5536 ἐγιγνόμεθα
3315 5461 3490 5526 αὖθις.
3529 5452 3723 5510 Ἦσπά-

1828 5610 2166 5673 Variornm
2209 5619 2393 5671 rimae.

561 5749 673 5819 uti
718 5724 988 5805 ilomerus
1013 5745 1199 5815 Odyss.
1231 5704 1514 5808 55.481.
1558 5741 1769 5795 orum
