4088 6462
445 307 545 368 5‘37
693 300 770 373 [Α.
804 317 858 356 tt.
889 301 1021 356 6791
1059 317 1123 354 an
1151 297 1313 369 6836]

1637 306 2051 365 NlCEl’lIORl
2095 307 2481 372 GREGORE

3582 327 3682 390 568

2803 311 2938 383 [ιιιίι.
2975 330 3255 372 ΛΧΒΠΟΝΙΟ.
3288 318 3436 392 sese]

439 436 739 490 puerorum
770 422 1178 490 spectabamus.
1210 423 1290 477 Ac
1313 422 1475 477 nobis
1510 423 1658 477 illius
1695 423 2011 478 festivitatis

2119 432 2212 483 καὶ
2245 434 2463 501 χορείας
2492 438 2838 502 παντοδαπάς
2866 441 3074 508 ἀνδρῶν
3100 441 3319 509 ἐφήϐων
3356 460 3418 497 τε
3458 444 3552 498 καὶ
3578 447 3688 501 ὅσοι

440 526 681 580 praesens
732 510 918 565 laetitia
946 527 1064 581 prae
1094 512 1200 566 alia
1247 514 1443 582 quavis
1470 513 1637 568 animi
1688 515 2014 570 remissione

435 613 490 656 et
520 602 890 667 oblectatione
945 602 1024 657 sic
1055 602 1283 672 placuit,
1333 614 1391 658 ut
1442 604 1816 671 spectaculum
1866 604 2011 659 istud

438 698 599 752 nobis
633 698 807 752 multo
835 708 988 752 esset
1012 697 1336 766 jucundius,
1374 715 1539 767 quam
1580 699 2013 754 Atheniensibus

435 802 491 846 et
542 791 827 860 Spartanis
869 799 1084 858 gratum
1136 790 1262 853 fuit,
1294 793 1514 860 quoties
1568 793 1672 847 sub
1718 793 1852 846 urbe
1904 792 2013 846 illis

435 885 659 953 quidem
693 900 790 940 sua
830 886 1013 940 Diasia
1056 888 1171 940 sive
1214 885 1469 950 Jovialia,
1505 887 1593 940 his
1619 902 1750 941 vero
1793 901 1859 941 ea
1892 900 2014 954 qua:

436 978 762 1049 Hyacinthia
812 978 1075 1032 dicuntur
1124 978 1406 1033 celebrare
1454 980 1633 1032 visum
1686 978 1887 1033 fuerat.
1943 978 2013 1035 Ut

433 1071 581 1122 enim
632 1070 701 1124 iis
762 1070 935 1139 magis
986 1069 1397 1124 delectarentur
1436 1070 1490 1123 in
1544 1086 1709 1125 causa
1767 1079 1887 1125 erat
1921 1086 2011 1125 re-

432 1162 585 1229 ligio,
618 1170 675 1217 et
703 1162 847 1231 quod
896 1163 1186 1231 peregrino
1223 1162 1278 1215 in
1326 1162 1445 1217 solo
1493 1177 1522 1215 a
1572 1165 1774 1216 nostris
1811 1162 2010 1218 remoti

398 1250 586 1317 _velut
634 1267 701 1306 ex
747 1261 903 1306 vasto
943 1254 1132 1323 pelago
1179 1252 1245 1308 ad
1282 1252 1515 1308 insulam
1568 1254 2007 1324 appelleremus:

435 1360 546 1413 quo
578 1360 709 1400 casu
739 1345 925 1398 omnia
961 1345 1293 1414 jucundiora
1328 1345 1589 1400 videntur
1620 1360 1783 1415 quam
1819 1360 2010 1400 revera

436 1446 587 1489 sunt.
1668 1453 1673 1459 ’

509 1530 598 1582 ΥΠ
659 1529 848 1585 Tertio
901 1530 1028 1585 itide
1064 1530 1153 1585 die
1208 1531 1272 1585 ad
1324 1531 1644 1601 oppidulum
1681 1530 2008 1602 Scopiorum

436 1621 787 1686 divertimus,
820 1625 970 1693 ipsos
1000 1625 1111 1695 jam
1142 1623 1513 1680 Triballorum
1548 1622 1686 1680 t‘lnes
1723 1625 1960 1695 ingressi
1992 1644 2005 1681 :

2114 522 2255 593 ἥϐης
2282 524 2543 589 ἐλλιπεῖς.
2580 529 2687 581 Καὶ
2711 531 2869 584 τοῦτο
2912 534 3189 603 παρέσχεν
3217 536 3350 605 ἡμῖν
3376 537 3409 605 ή
3443 538 3690 607 παροῦσα

2115 618 2422 687 πανήγυρις
2455 621 2570 672 ἀντ’
2609 609 2775 692 ἄλλης
2828 624 3065 688 ἀνέσεως
3111 627 3207 680 καὶ
3247 628 3461 697 τρυφῆς
3514 630 3690 700 πολλῷ

2114 725 2178 775 γε
2213 711 2362 787 ἥδιον
2412 713 2444 780 ἦ
2513 714 2819 785 Ἀθηναίοις
2854 717 2948 771 καὶ
2990 719 3386 786 Σπαρτιάταις,
3426 720 3591 773 ὁπότε
3629 723 3692 788 γέ

2116 818 2300 870 σφισιν
2339 804 2497 875 ἐπῄει
2524 805 2697 859 τελεῖν
2722 809 2826 879 πρὸ
2850 809 2941 861 τοῦ
2968 811 3159 873 ἄστεος
3184 814 3295 874 τοῖς
3336 812 3439 881 μὲν
3472 813 3539 864 τὰ
3572 813 3695 865 Διά-

2115 911 2227 959 σια,
2250 898 2360 957 τοῖς
2375 897 2429 949 δέ
2458 897 2493 951 ἀ
2514 916 2678 968 φασιν
2712 900 3012 955 Ὑακίνθια.
3038 903 3122 973 [Ρ.
3144 900 3403 975 254⁷1Ἧν
3427 904 3536 974 γὰρ
3561 906 3693 974 ἡμῖν

2113 988 2311 1059 κομιδῆ
2347 992 2777 1061 συμμαχόμενον
2808 995 2865 1055 ἐς
2890 996 2950 1047 τὸ
2980 995 3184 1064 μᾶλλον
3211 998 3440 1051 ἐκείνων
3471 995 3692 1066 ἥδεσθαι

2112 1081 2175 1133 τό
2232 1080 2280 1133 τ’
2310 1083 2531 1146 εὐσεϐὲς
2558 1084 2619 1138 τό
2660 1083 2709 1137 τ’
2759 1088 2816 1139 ἐν
2839 1088 2984 1157 ὅροις
3069 1090 3384 1158 ὑπερορίοις
3445 1092 3692 1160 ἀπηρτη-

2120 1174 2317 1244 μένους
2368 1178 2463 1229 καὶ
2508 1178 2617 1231 τῶν
2662 1179 2878 1234 οἰκείων
2923 1181 3085 1243 ὄντας
3129 1182 3401 1253 ἐκδήμους
3448 1182 3691 1250 ἐντυχεῖν

2112 1267 2366 1340 καθάπερ
2401 1270 2492 1323 ἐπὶ
2525 1273 2767 1340 μεγάλου
2815 1272 3090 1343 πελάγους
3143 1274 3297 1343 οίαδή
3346 1290 3459 1327 τινι
3508 1274 3690 1344 νήσῳ’

2110 1360 2274 1414 ὁπότε
2309 1362 2405 1415 καὶ
2444 1362 2513 1415 τὰ
2549 1367 2649 1434 τῆς
2680 1365 3043 1435 εὐφροσύνης,
3073 1365 3234 1419 ὁποῖά
3260 1381 3325 1433 γε
3354 1365 3468 1436 εἴη,
3516 1364 3695 1434 πολλῷ

2113 1442 2489 1508 πολλαπλάσια
2521 1457 2791 1524 φαίνεται,
2819 1458 2962 1527 ἥπερ
2994 1458 3142 1511 ἐστὶν
3173 1457 3230 1519 ἐς
3265 1474 3330 1526 γε
3371 1459 3434 1511 τὸ
3468 1456 3551 1512 ὃν.

2184 1548 2259 1601 Z'.
2313 1549 2553 1602 Ἐκεῖθεν
2590 1553 2823 1619 τριταῖοι
2878 1552 2935 1613 ἐς
2984 1550 3044 1604 τὸ
3082 1550 3189 1602 τῶν
3236 1550 3493 1602 Σκοπίων
3544 1549 3694 1603 πολί-

2112 1656 2259 1707 χνιον
2291 1639 2401 1708 (47)
2435 1639 2780 1709 καταλύομεν
2812 1641 3040 1712 ἐνβροις
3067 1639 3166 1710 ἤδη
3197 1640 3304 1693 τῶν
3324 1638 3650 1711 Τριϐαλλῶν
3672 1658 3687 1673 ο

436 1730 501 1767 ac
540 1715 1016 1783 pra-terlabentem
1062 1715 1303 1770 vidimus
1352 1716 1551 1769 Axium
1588 1715 1859 1782 ﬂuvium;
1910 1716 2005 1786 qui

2118 1724 2176 1783 οὖ
2234 1730 2628 1801 παραψαύοντα
2666 1733 2760 1785 καὶ
2810 1732 2900 1785 τὸν
2943 1731 3120 1796 ’Δξιδν
3165 1731 3480 1802 τεθεάμεθα
3529 1749 3692 1784 ποτα-

435 1820 562 1875 post
601 1805 947 1877 Strymonem
981 1809 1256 1861 maximus
1302 1807 1462 1862 nobis
1492 1807 1804 1873 videbatur,
1827 1817 1884 1863 et
1918 1809 2009 1864 iis-

435 1897 558 1952 dem
591 1896 796 1967 quibus
838 1897 929 1952 ille
962 1898 1244 1953 montibus
1286 1912 1585 1967 erumpens
1624 1898 1693 1952 ab
1745 1899 1859 1967 ipsa
1891 1898 2008 1968 qui-

436 1987 559 2041 dt'll'l
602 1986 817 2057 origine
858 2000 969 2043 non
1006 1995 1209 2051 tantus,
1240 1987 1339 2042 sed
1371 1986 1425 2041 in
1464 1988 1700 2043 decursu
1737 1989 2009 2043 montium

436 2081 629 2135 multis
679 2079 1018 2137 torrentibus
1077 2088 1275 2136 auctus
1303 2082 1529 2135 nomine
1579 2082 1635 2134 in
1686 2081 2010 2137 Bardarium

434 2181 646 2249 mutato
677 2171 977 2242 aliqumdo
1004 2183 1058 2228 et
1087 2172 1422 2244 quibusdam
1464 2174 1520 2226 in
1561 2173 1698 2227 locis
1730 2174 2012 2243 navigabi-

431 2266 502 2321 lis
529 2274 637 2320 est.
669 2265 771 2321 Ubi
805 2267 970 2340 regis,
1008 2267 1099 2321 cui
1140 2267 1368 2325 Triballi
1404 2280 1597 2321 omnes
1637 2281 1849 2321 summa
1880 2282 2006 2321 cum

431 2357 788 2414 observantia
842 2369 1060 2428 parent,
1093 2374 1310 2415 socrum
1346 2360 1729 2425 convenimus,
1778 2375 2011 2429 genero-

431 2464 549 2503 sam
598 2448 976 2513 Cmsarissam,
1022 2450 1246 2520 lugubri
1299 2450 1493 2505 habitu
1542 2449 1793 2505 dolorem
1844 2450 2006 2521 38],

432 2540 603 2595 animi
659 2540 1067 2597 testiﬁcantem.
1100 2542 1230 2595 Erat
1262 2542 1413 2596 enim
1462 2541 1545 2596 Iob
1608 2522 1883 2597 recentem
1955 2551 2012 2597 et

432 2633 697 2688 acerbum
738 2648 929 2689 casum
985 2635 1330 2705 perturbata.
1385 2634 1486 2690 Cui
1546 2636 1724 2691 dolori
1783 2652 1909 2692 eum
1942 2650 2009 2691 ex

429 2736 729 2795 conspectu
759 2736 952 2781 nostro
999 2741 1193 2797 magna
1217 2728 1569 2796 vehementia
1602 2731 1784 2783 statim
1820 2744 2010 2787 acces-

433 2818 622 2885 sisset,
651 2826 764 2874 tota
814 2819 872 2874 in
906 2819 1179 2891 laerymas
1221 2829 1279 2875 et
1308 2821 1731 2876 lamentationes
1753 2821 2006 2884 solvitur.

432 2911 631 2966 crebro
657 2914 914 2967 maritum
945 2911 1237 2977 (ἔπεσι-ειη,
1279 2913 1575 2967 multorum
1610 2914 2031 2983 imperatorum:

433 3012 728 3075 cognatum
763 3004 1091 3071 inclamans,
1124 3005 1446 3069 l'omt05um,
1483 3021 1734 3072 aureum,
1762 3006 2005 3071 dulcem,

2121 1824 2219 1893 μδν
2251 1824 2385 1894 (48),
2415 1824 2474 1888 ὃς
2505 1823 2643 1893 μετά
2688 1824 2971 1893 Στρυμόνα
3018 1824 3275 1893 μέγιστος
3321 1825 3461 1895 ἡμῖν
3491 1821 3689 1888 ἔδοξεν,

2114 1915 2172 1981 ἐξ
2195 1915 2338 1987 ὀρῶν
2357 1916 2463 1970 τῶν
2491 1915 2671 1968 αὐτῶν
2701 1915 2895 1985 ἐκείνῳ
2927 1912 3267 1985 ῥηγνύμενος
3287 1929 3301 1944 ⁸
3335 1914 3402 1967 ού
3431 1912 3691 1975 τοσοῦτος

2111 2006 2157 2060 δ’
2188 2005 2264 2060 ὢν
2293 2008 2356 2059 ἐκ
2385 2006 2580 2078 πηγῶν
2609 2004 2792 2068 εὐθὺς,
2825 2006 2939 2060 ἀλλ’
2978 2000 3072 2059 οῦν
3108 2007 3165 2069 ἐς
3201 2005 3261 2058 τὸ
3300 2004 3573 2066 κάταντες
3601 2004 3693 2057 ἰὼν

2114 2101 2208 2153 καὶ
2240 2100 2422 2163 ἄλλοις
2463 2101 2786 2169 χειμάρροις
2822 2099 2881 2152 τὸ
2912 2099 3094 2169 ῥεῦμα
3126 2098 3484 2169 κοινούμενος
3518 2098 3611 2152 καὶ
3639 2100 3696 2159 ἐς

2113 2191 2412 2261 Βαρδάριον
2455 2189 2879 2257 μετατιθέμενος
2912 2188 3151 2259 τοῦνομα
3202 2189 3302 2260 ήδη
3360 2190 3457 2242 καὶ
3515 2187 3695 2243 ναυσί-

2113 2298 2279 2349 πορος
2308 2281 2478 2335 ἐνίοτε
2513 2282 2608 2334 καὶ
2649 2280 2863 2351 ἐνιαχοῦ
2899 2281 3244 2335 καθίσταται.
3295 2280 3567 2336 Ἐνταῦθα
3605 2282 3698 2334 καὶ

2113 2371 2206 2427 τοῦ
2236 2374 2423 2444 ρηγδς,
2453 2366 2496 2441 ᾧ
2530 2372 2823 2443 Τριὸαλλοὶ
2854 2373 3056 2435 πάντες
3088 2372 3313 2427 ἐπονται
3340 2372 3441 2425 καί
3470 2373 3520 2426 οἱ
3556 2371 3697 2442 μάλα

2114 2465 2426 2539 ὑπείκουσι,
2468 2468 2533 2537 τῇ
2588 2466 2828 2537 πενθερᾷ
2874 2465 3303 2536 ἐντυγχάνομεν,
3361 2469 3433 2537 τῇ
3488 2466 3699 2533 εὐγενεῖ

2114 2558 2485 2628 Καισαρίσσῃ,
2537 2555 2781 2620 σύμϐολα
2811 2558 2912 2627 τῆς
2954 2557 3104 2610 ἔνδον
3135 2558 3490 2626 όδυνωμὲνης
3520 2556 3698 2626 ψυχῆς

2113 2651 2239 2714 τοὺς
2290 2649 2588 2719 πενθίμους
2618 2650 2980 2722 περικειμένῃ
3014 2651 3265 2721 χιτῶνας.
3313 2645 3434 2702 Ἦν
3468 2649 3578 2719 γάρ
3609 2647 3698 2700 ἐπὶ

2113 2742 2293 2809 νεαρῷ
2319 2740 2412 2793 καὶ
2441 2739 2746 2813 ἀκμάζοντι
2773 2742 3157 2813 συγκεχυμένη
3179 2740 3257 2810 τῷ
3290 2740 3464 2794 πάθει
3490 2756 3504 2772 ο
3536 2733 3581 2808 ᾧ
3607 2739 3699 2791 καὶ

2116 2834 2255 2887 πάνυ
2296 2850 2377 2886 τοι
2418 2812 2681 2902 πλείστην
2736 2832 2837 2904 ήδη
2890 2836 2997 2889 κάκ
3050 2835 3149 2904 τῆς
3202 2832 3360 2904 ἡμῶν
3427 2833 3552 2896 θέας
3603 2831 3700 2901 τὴν

2117 2925 2293 2997 ῥοπὴν
2321 2923 2585 2977 δεδωκυῖα
2618 2924 2715 2992 ὅλη
2749 2924 2967 2993 θρήνων
2997 2926 3091 2978 καὶ
3119 2923 3229 2977 τῶν
3256 2924 3520 2993 δακρύων
3550 2920 3702 2986 αὖθις

2114 3016 2386 3084 ἐγίγνετο.
2419 3016 2591 3085 συχνά
2634 3015 2982 3085 ἐπιϐοωμένη
3013 3016 3105 3069 τὸν
3130 3015 3366 3083 σύζυγον
3426 3016 3698 3083 Καίσαρα,

434 3097 693 3151 omnibus
730 3095 896 3152 bonis
932 3098 1287 3167 undiquaque
1322 3099 1610 3154 refertum.
1658 3099 1852 3153 Pectus
1885 3099 2006 3168 ejus

2113 3110 2201 3161 τὸν
2240 3107 2449 3161 πολλῶν
2478 3106 2744 3178 βασιλέοιν
2776 3108 3039 3177 συγγενῆ,
3084 3107 3177 3179 τὴν
3203 3106 3389 3169 καλὸν,
3449 3111 3540 3161 τὸν
3570 3122 3702 3181 χρυ-

438 3202 589 3244 mare
611 3187 989 3246 calamitatum
1031 3198 1173 3253 erat,
1209 3190 1355 3244 oeuli
1402 3190 1584 3245 fontes
1618 3190 2008 3261 lacrymarum,

436 3290 660 3351 totaque
707 3281 962 3337 mmroris
1010 3281 1272 3337 ﬂuctibus
1325 3283 1703 3353 mergebatur,
1758 3283 1812 3337 in
1868 3291 2010 3338 terra

435 3375 653 3430 deserta
682 3384 740 3430 et
768 3374 944 3430 aliena
989 3385 1069 3439 et,
1106 3387 1166 3429 ut
1204 3375 1277 3429 ita
1317 3377 1519 3441 dicam,
1553 3376 1620 3429 ad
1653 3375 1878 3431 ﬂumina
1908 3376 2013 3430 Ba-

447 3467 686 3538 bylonis,
720 3467 985 3522 destituta
1013 3467 1081 3522 ab
1109 3468 1326 3530 amicis,
1355 3467 1699 3537 parentibus,
1739 3469 2012 3538 cognatis,

437 3560 817 3629 popularibus,
850 3560 1106 3615 omnibus
1133 3559 1374 3629 denique
1402 3558 1589 3625 rebus,
1621 3575 1742 3629 quin
1768 3561 2011 3614 animum

436 3653 587 3722 gravi
636 3652 861 3707 tristitia
908 3668 1231 3723 oppressum
1271 3651 1650 3707 consolantur.
1691 3670 1710 3703 ι
1762 3650 1894 3717 Cur,
1934 3654 2015 3707 in-

437 3746 685 3815 quiebat,
713 3745 768 3800 in
804 3745 1107 3801 acerbitate
1136 3745 1322 3799 lumen
1357 3746 1538 3810 datur,
1571 3753 1627 3799 et
1656 3745 1871 3800 amictis
1890 3747 2012 3800 ani-

438 3838 544 3892 mis
571 3838 679 3892 vita
709 3838 725 3869 ¹
754 3838 777 3890 ?
816 3857 834 3889 ι
875 3836 1001 3892 Haec
1032 3848 1083 3891 et
1117 3836 1168 3889 id
1199 3850 1378 3906 genus
1409 3836 1515 3889 alia
1544 3836 1738 3891 dicens
1774 3837 2015 3891 laniabat

434 3946 602 4001 genas
627 3940 681 3984 et
705 3928 990 3998 sanguinis
1016 3928 1163 3982 rivos
1192 3926 1469 3995 unguibus
1492 3928 1771 3995 eliciebat,
1801 3938 2011 3984 tantum

436 4039 544 4079 non
593 4038 683 4076 τρε
723 4021 1052 4074 iuauiniatas
1082 4019 1149 4073 ad
1200 4018 1445 4074 dolorem
1478 4029 1533 4073 et
1567 4020 1836 4092 lacrymas
1861 4038 2014 4078 eom-

439 4130 687 4169 uzoxeus.
713 4095 825 4166 No's
856 4120 1039 4165 autem
1068 4110 1408 4165 consolando
1436 4122 1492 4165 et
1522 4113 1798 4167 mouendo
1820 4114 2014 4168 sedare

436 4208 684 4263 dolorem
720 4207 842 4276 ejus
871 4220 937 4259 ac
969 4204 1122 4257 velut
1168 4203 1443 4258 ﬂammam
1482 4220 1622 4274 aqua
1657 4207 2012 4275 exstinguere

437 4300 796 4361 conabamur,
830 4297 961 4352 hinc
988 4296 1232 4365 optimus
1263 4298 1415 4351 illius
1446 4296 1635 4359 frater,
1672 4299 1828 4350 illine
1870 4299 2015 4368 lega-

440 4393 610 4448 tionis
641 4391 883 4462 collegze,
918 4406 1065 4444 nunc
1095 4406 1221 4458 ego,
1258 4406 1408 4445 nunc
1443 4393 1664 4460 singuli,
1704 4406 1849 4443 nunc
1894 4393 2017 4445 uni-

446 4485 629 4541 versi:
662 4484 840 4538 donec
866 4484 1084 4537 tandem
1115 4482 1425 4546 caecimus,
1454 4493 1515 4534 ut
1551 4483 1869 4547 respiraret,
1907 4498 2013 4536 non

436 4574 661 4645 quidem
696 4574 938 4641 penitus,
962 4582 1017 4626 et
1047 4580 1108 4625 ut
1136 4587 1237 4624 nos
1267 4572 1502 4624 maxime
1537 4571 1885 4638 eptahamus,
1919 4572 2013 4626 sed

436 4668 625 4732 aliquo
677 4666 842 4720 modo
904 4675 1108 4718 tamen.
1170 4661 1302 4715 Erat
1349 4662 1497 4715 enim
1548 4661 1752 4729 alioqui
1816 4663 2014 4716 mulier

436 4760 707 4821 omnium,
741 4774 1105 4827 quascunque
1140 4768 1273 4810 actas
1324 4763 1512 4807 nostra
1561 4754 1717 4817 vidit,
1766 4750 2013 4823 pruden-

437 4854 673 4919 tissima,
700 4863 755 4907 et
786 4854 849 4905 ad
899 4853 1191 4906 celerrime
1221 4847 1579 4917 intelligenda
1621 4849 2013 4919 concipienda-

435 4961 545 5017 que
570 4947 754 4999 animo
788 4960 849 4997 ea
879 4958 1007 5010 quze
1032 4941 1158 5010 quis
1189 4941 1242 4992 in
1283 4945 1528 5007 tempore
1558 4949 1704 4993 recte
1732 4940 2013 5005 suaderet,

435 5039 603 5108 382
669 5035 954 5106 ingenium
1013 5031 1255 5087 habebat
1312 5031 1809 5100 promptissimum.
1873 5032 2011 5086 Tum

436 5130 627 5197 igitur,
683 5129 842 5183 nobis
895 5139 1119 5196 quoque
1167 5124 1437 5193 quidquid
1483 5125 1556 5179 ad
1617 5125 2014 5179 consolandum

512 5266 528 5296 ⁸
562 5263 664 5320 Joh
693 5281 777 5331 tu,
807 5262 899 5317 9.0.

2119 3201 2269 3267 σοῦν,
2302 3200 2395 3252 τὸν
2416 3200 2644 3269 γλυκὺν,
2677 3198 2772 3253 τὸν
2809 3201 2977 3252 πᾶσιν
3009 3199 3236 3266 ἀγαθοῖς
3266 3197 3699 3268 περιόρίθονταο

2116 3293 2395 3347 θάλασσαν
2442 3289 2554 3365 εἶχε
2604 3294 2903 3365 συμφορῶν
2952 3291 3050 3362 τὴν
3106 3292 3333 3362 καρδίαν
3389 3292 3488 3345 καὶ
3519 3290 3696 3359 πηγὰς

2114 3387 2368 3459 δακρύων
2416 3388 2541 3451 τοὺς
2573 3385 2918 3455 ὀφθαλμούς’
2973 3386 3065 3439 καὶ
3114 3385 3246 3454 ὃλην
3295 3383 3696 3437 κατεὸἀπτισεν

2117 3479 2314 3551 ἐαυτὴν
2344 3482 2456 3542 τοῖς
2488 3480 2597 3532 τῶν
2630 3478 2863 3549 θλίψεων
2896 3478 3158 3547 κύμασιν,
3187 3479 3244 3529 ἐν
3270 3480 3342 3548 γῇ
3378 3479 3574 3548 ἐρήμῳ
3606 3474 3697 3527 καὶ

2116 3573 2378 3644 ἀλλοτρία
2416 3572 2511 3625 καὶ
2545 3570 2639 3624 ἐπὶ
2667 3571 2967 3641 ποταμοὺς,
3002 3570 3077 3635 ὡς
3108 3571 3307 3636 εἰπεῖν,
3347 3569 3696 3632 Βαϐυλῶνος,

2116 3662 2320 3733 ἔρημος
2340 3661 2534 3730 φίλων,
2558 3660 2791 3727 γονέων,
2818 3659 3119 3729 συγγενῶν,
3150 3658 3379 3729 ἔσχατον
3411 3656 3698 3733 ὁμοφύλων

2117 3750 2445 3823 ἀνθρώπων,
2493 3752 2713 3804 πάντων
2747 3750 2883 3820 ὁμοῦ
2929 3749 3039 3803 τῶν
3075 3749 3175 3803 ὃσα
3219 3748 3494 3815 δεξιοῦται
3524 3746 3698 3818 ψυχὴν

2118 3845 2597 3915 κατενηνεγμένην
2633 3844 2738 3897 ὑπὸ
2769 3844 3009 3911 σφοδρᾶς
3045 3843 3284 3905 ἀθυμίας
3306 3858 3320 3873 ·
3368 3860 3388 3892 ι
3421 3844 3539 3895 Ἵνα
3567 3841 3643 3904 τί,
3672 3857 3690 3890 ι

2116 3941 2374 4009 λέγουσα,
2429 3958 2447 3990 ι
2481 3938 2689 3992 δέδοται
2721 3942 2835 3999 τοῖς
2861 3937 2919 3988 ἐν
2951 3936 3146 4008 πικρίᾳ
3176 3935 3313 4005 φῶς,
3348 3934 3466 4007 ζωὴ
3501 3934 3556 3988 δέ
3581 3935 3699 3994 ταῖς

2116 4032 2174 4083 ἐν
2199 4028 2409 4089 ὀδύναις
2431 4026 2664 4095 ψυχαῖς;
2712 4044 2730 4077 ι
2769 4023 2954 4077 Ταῦτα
2984 4025 3076 4077 καὶ
3105 4025 3175 4078 τά
3216 4023 3430 4087 τούτοις
3461 4022 3697 4091 ἑπόμενα

2117 4121 2354 4186 λέγουσα
2383 4118 2696 4187 ἐσπάραττε
2729 4118 2825 4178 τὰς
2872 4115 3108 4185 παρειάς
3137 4117 3232 4170 καὶ⁴
3273 4114 3489 4184 ῥύακας
3520 4110 3697 4167 ἐντεῦ-

2118 4217 2208 4266 θεν
2241 4212 2487 4279 αἱμάτων
2516 4208 2722 4278 ἐτρύγα
2751 4207 2901 4273 ὄνυξι
2922 4223 2935 4237 ·
2975 4210 3261 4277 μονονουχὶ
3301 4207 3403 4260 καὶ⁵
3428 4207 3528 4269 τὰς
3560 4203 3697 4275 ἀψύ-

2090 4296 2246 4372 ’χους
2286 4304 2454 4355 ἐκίνει
2488 4301 2679 4371 φύσεις
2708 4303 2789 4365 εἰς
2819 4302 3052 4372 θρήνους
3086 4302 3181 4354 καὶ
3206 4300 3443 4371 δάκρυα.
3486 4296 3697 4352 Ἐντεῦ-

2122 4377 2227 4443 θεν
2283 4392 2464 4459 λόγοις
2523 4392 2685 4460 ἡμεῖς
2756 4390 3110 4460 ἐπειρώμεθα
3192 4387 3694 4456 παραμυθητικοῖς,

2051 4467 2093 4520 D
2123 4485 2377 4553 καθάπερ
2420 4484 2591 4545 ὕδατι,
2627 4483 2725 4551 τῆς
2779 4483 2968 4551 ὀδύνης
3020 4481 3300 4534 σϐεννύειν
3343 4482 3446 4547 τὴν
3490 4480 3696 4548 φλόγα,

2119 4575 2271 4628 ἔνθεν
2326 4578 2423 4643 μὲν
2453 4578 2480 4627 ὁ
2515 4574 2671 4626 πάντ’
2716 4574 2941 4643 ἄριστος
2990 4574 3159 4640 αὐτῆς
3204 4572 3455 4641 ἀδελφὸς,
3493 4573 3698 4624 ἐκεῖθεν

2117 4669 2161 4722 δ’
2207 4670 2256 4719 οἱ
2296 4668 2693 4737 συμπρέσϐεις,
2742 4668 2835 4719 καὶ
2869 4665 2965 4717 νῦν
3002 4667 3100 4734 μὲν
3132 4663 3266 4732 ἐγὼ,
3302 4664 3397 4716 νῦν
3428 4665 3474 4718 δ’
3518 4661 3696 4717 αὐτῶν

2122 4760 2377 4824 ἓκαστοζ,
2420 4760 2514 4813 νῦν
2545 4759 2589 4811 δ’
2624 4758 2760 4828 ὁμοῦ
2810 4758 3044 4819 πάντες’
3082 4756 3223 4810 ὥστε
3271 4760 3365 4809 καὶ
3399 4756 3696 4823 ἀναφέρειν

2122 4854 2218 4918 ὀψὲ
2260 4854 2606 4916 πεπείκαμτν
2653 4851 2880 4921 ταύτην,
2935 4852 2996 4904 ού
3045 4851 3244 4913 τελέως
3296 4852 3415 4920 μὲν,
3468 4850 3576 4904 οὐδ’
3622 4846 3696 4907 ὡς

2072 4950 2077 4953 ’
2128 4947 2272 5015 μάλα
2313 4947 2445 5015 ἡμῖν
2484 4946 2551 4997 δι’
2580 4945 2821 5012 ἐφέσεως
2858 4938 2948 5014 ἦν,
2986 4943 3332 4996 πεπείκαλεν
3360 4943 3405 4995 δ’
3446 4941 3559 4995 οῦν.
3588 4935 3694 4990 Ἶιν

2124 5040 2233 5106 γάρ
2265 5055 2383 5099 πως
2427 5037 2519 5088 καὶ
2570 5036 2743 5098 ἄλλως
2794 5038 2826 5106 ὴ
2882 5034 3020 5103 γυνὴ
3064 5035 3331 5098 συνέσεως
3363 5035 3574 5106 ἤκουσα
3606 5032 3697 5081 ἐπὶ

2129 5127 2421 5199 μέγιστον,
2471 5128 2674 5188 ὁπόσας
2730 5127 2758 5179 ὀ
2818 5125 2937 5178 καθ’
2995 5127 3141 5195 ἡμᾶς
3182 5124 3393 5194 βόσκων
3452 5124 3695 5176 τεθέαται

1778 5359 2116 5423 λέιΓῖΟιίιη]
2155 5367 2343 5419 nona.

513 5486 622 5555 (47)
662 5485 797 5538 Vide
848 5484 1070 5537 easdem
1123 5485 1291 5539 Nmas
1340 5500 1460 5554 pag.
1495 5484 1619 5540 ‘297.
1653 5496 1705 5537 et
1746 5484 2012 5539 Lt‘llltt‘la-

436 5556 586 5609 vium
626 5556 679 5610 in
714 5555 973 5609 Pandecte
1006 5555 1242 5620 Turrim,
1277 5574 1331 5608 ιι.
1360 5556 1473 5607 Hii).
1508 5555 1739 5609 Ducam.

515 5628 625 5695 (l8)
663 5627 775 5679 Non
808 5628 1061 5696 congruit
1103 5627 1216 5678 Inec
1248 5625 1575 5696 geographia
1613 5642 1736 5678 cum
1793 5625 2010 5678 hodier-

444 5698 532 5768 nis
570 5697 792 5768 tabulis,
824 5695 943 5768 quis
987 5697 1188 5768 St'ttpos
1224 5695 1414 5768 urbem
1447 5697 1607 5768 longe
1655 5695 1886 5768 ahzlxio
1914 5712 2011 5768 seu

442 5764 704 5820 Bai‘dario
730 5764 953 5820 lluuiine
983 5767 1213 5836 positam
1239 5764 1517 5820 exhibent.
1554 5764 1741 5834 'Atqui
1795 5766 2009 5835 Sropia,

2118 5493 2173 5538 et
2200 5482 2419 5552 Scupos,
2457 5483 2709 5537 eamdem
2742 5483 2931 5534 urbem
2964 5498 3107 5546 esse,
3164 5482 3687 5552 inter‘omnes_gt‘0-

2115 5548 2375 5626 graphus
2409 5563 2640 5626 Constat.
2684 5554 2815 5626 Vide
2871 5552 3083 5626 Ot‘telii,
3142 5552 3477 5626 blercatoris,
3522 5548 3691 5626 _S.am-

2116 5620 2295 5746 iouis,
2349 5624 2535 5677 Brietii
2592 5633 2647 5677 et
2700 5624 2932 5677 aliorum
3012 5623 3228 5679 tabulas
3278 5620 3688 5692 geograpbieas.

2161 5708 2333 5746 eum.
3366 5728 3370 5733 ι

2161 5708 2333 5748 ΟΙνδΝ.
3366 5728 3370 5733 ,
