4088 6446
311 365 415 430 569

593 364 668 436 [Α.
710 379 759 419 c.
806 363 942 420 l282
972 382 1036 419 AD
1076 361 1234 435 1528]
1314 366 1767 427 BYZANTINAE
1801 363 2191 423 HISTORIA!
2234 338 2378 431 Lm.
2428 364 2591 423 Vill.
2670 355 2810 429 [ηερ.
2858 369 3138 411 ANDRONIC.
3181 353 3328 426 sm]

2048 196 2067 227 \

3478 357 3584 419 5⁸70

309 493 539 552 χρονος⁶
593 482 728 535 ἀλλὰ
779 484 844 552 δὴ
892 484 984 537 καὶ
1021 484 1261 547 ξυνιέναι
1318 482 1555 548 ὀξύτατα
1618 482 1717 534 καὶ
1769 479 1862 532 vo?)

2002 480 2309 549 pertineret
2358 479 2739 538 aﬂ'erentibus.
2798 480 3075 549 planctum
3117 476 3342 547 quidem
3395 486 3453 532 et
3507 477 3587 530 la-

310 574 584 637 ὲνθέσθαι,
616 577 777 638 εἴτις
820 578 879 627 ἐν
927 578 1105 648 καιρῷ
1155 575 1515 645 συμϐουλεύοι
1564 574 1632 627 τὰ
1670 573 1884 641 καίρια,

308 665 457 733 δεινὴ
501 667 723 719 πάντων
760 668 995 735 μᾶλλονί
1021 666 1244 737 Kal/6i)
1279 671 1374 720 καὶ
1415 666 1530 719 τόθ’
1556 664 1712 735 ἡμῶν
1746 682 1889 734 χρω-

314 758 492 828 μένων
526 760 701 813 ὁπόσα
732 760 902 829 ὲχρῆν
950 763 1028 823 είς
1061 759 1416 830 παραμυθίας
1445 758 1622 827 λόγον,
1663 757 1757 811 τοῦ
1794 757 1893 827 μὲν

312 851 719 921 σπαράττεσθαι
750 851 833 926 Ρ.
863 851 995 924 255]
1023 854 1114 905 καὶ
1167 852 1426 924 δακρύειν
1475 852 1727 920 ἐπεῖχεν·
1762 851 1793 919 ή
1833 848 1891 901 δὲ

307 942 451 1013 ψυχὴ
496 944 668 1012 αὐτῆς
701 945 1014 1013 ἀπηνήνατο
1047 945 1135 998 διὰ
1181 946 1241 997 τὸ
1281 945 1379 1014 τῆς
1400 945 1686 1015 συμφορᾶς
1719 943 1888 1010 ὑπερ-

308 1034 504 1087 ϐάλλον
537 1036 998 1106 παρακληθῆυαν
1025 1035 1143 1091 ἀλλ’
1176 1039 1272 1092 ἐπὶ
1293 1037 1393 1105 τῆς
1427 1037 1610 1101 δεξιᾶς
1630 1037 1891 1106 ἐρείσασα

306 1128 405 1195 τὴν
437 1128 685 1195 κεφαλὴν
723 1129 854 1191 ὅλας
880 1131 1121 1197 συνῆγεν
1145 1131 1298 1191 ἐντὸς
1320 1132 1419 1192 τὰς
1438 1129 1722 1198 αἰσθήσεις
1744 1130 1800 1192 ἐς
1821 1129 1888 1181 τὰ

303 1222 401 1287 τῆς
433 1219 677 1284 διανοίας
730 1225 1033 1292 μυστήρια·
1084 1224 1180 1276 καὶ
1233 1225 1407 1293 συχνὰ
1442 1223 1503 1277 τὸ
1541 1222 1764 1276 εἴδωλον
1796 1219 1887 1289 ἐφ’

303 1310 503 1379 ἑαυτῆς
532 1313 956 1368 ἀναπλάττουσα
989 1316 1081 1368 τοῦ
1125 1315 1362 1381 συζύγου
1411 1316 1506 1368 καὶ
1541 1316 1642 1376 τὰς
1674 1312 1887 1383 παρού·

240 1427 257 1435 ι
305 1418 401 1464 σας
430 1394 600 1473 τύχας
626 1405 1008 1458 ἀνακυκλούσα
1036 1407 1132 1476 ὅλη
1165 1407 1276 1460 τῶν
1295 1406 1572 1474 λογισμῶν
1598 1401 1691 1476 ἦν,
1721 1403 1885 1475 στρέ-

303 1510 480 1563 φουσα
508 1495 579 1548 τά
607 1513 665 1548 τε
707 1496 844 1550 ἄλλα
877 1497 970 1550 καὶ
1022 1499 1192 1561 ὅπως,
1241 1499 1316 1560 ὡς
1348 1500 1545 1560 εἰπεῖν,
1593 1496 1740 1566 ὑπὲρ
1786 1495 1887 1559 τὰς

300 1584 526 1652 κέδρους
560 1586 837 1654 ὐψωθεῖσα
887 1587 979 1640 τοῦ
1019 1589 1256 1643 Λιϐάνου
1293 1590 1387 1643 καὶ
1438 1590 1580 1658 ὑπὲρ
1612 1587 1677 1641 τὰ
1715 1589 1885 1656 κρῖνα

298 1677 585 1746 ἀνθήσασα
641 1678 734 1731 τοῦ
801 1678 976 1748 ἀγροῦ
1026 1682 1121 1733 καὶ⁹
1173 1681 1589 1750 ὲνευτυχήσασα
1646 1678 1724 1748 τῷ
1781 1678 1880 1748 βίῳ

1999 588 2219 644 crymas
2244 572 2585 641 compcsouit
2614 589 2627 624 :
2662 572 2883 624 animus
2924 585 3055 623 vero
3094 573 3214 639 ejus
3239 569 3312 624 ob
3356 571 3584 626 calami-

1997 665 2124 720 tatis
2171 664 2608 732 magnitudinem
2646 664 2853 717 nullam
2909 661 3344 716 consolationem
3380 662 3581 739 admit-

1997 758 2172 811 tebat.
2201 754 2307 810 Sed
2344 756 2526 825 capite
2554 755 2741 808 manui
2775 755 3033 824 imposito
3055 770 3249 809 omnes
3274 769 3474 809 sensus
3509 753 3577 806 ad
3667 816 3681 825 δ

1994 848 2162 901 animi
2211 847 2521 917 penetralia
2566 846 2863 901 revocabat
2895 862 2912 909 ;
2942 861 3007 900 ac
3059 847 3240 900 mariti
3278 847 3571 913 imaginem

1994 939 2099 994 sibi
2134 938 2237 1008 ipsi
2275 938 2512 992 subinde
2546 937 2811 1006 eliingens
2848 947 2903 991 et
2939 938 2992 990 in
3029 937 3274 991 animum
3312 953 3579 991 revocans

1980 1048 2059 1088 'ac
2108 1032 2347 1088 fortunae
2394 1033 2686 1103 praesentis
2718 1040 2923 1087 statum
2960 1038 3244 1100 reputans,
3278 1039 3389 1085 tela
3425 1029 3578 1100 cogi-

1994 1125 2301 1180 tationibus
2339 1126 2490 1181 hisce
2521 1125 2900 1194 occupabatur
2931 1132 2988 1177 et
3024 1138 3211 1178 secum
3263 1123 3426 1177 tacite
3462 1131 3575 1175 tum

1989 1218 2095 1272 alia
2124 1221 2400 1282 versabat,
2434 1227 2547 1273 tum
2580 1225 2641 1272 ut
2665 1233 2828 1286 supra
2862 1214 3283 1271 cedros’Libani
3315 1215 3573 1277 exaltata,

1988 1317 2047 1364 et
2091 1308 2223 1363 liliis
2255 1308 2370 1377 agri
2408 1308 2620 1376 pridem
2655 1307 2936 1368 ﬂoridior,
2970 1318 3024 1361 et
3066 1306 3329 1361 felicitate
3381 1319 3577 1358 omnes

1986 1404 2230 1473 aequales
2259 1418 2388 1457 suas
2417 1411 2829 1471 prmtergressa,
2862 1401 3044 1454 subito
3095 1399 3431 1454 concidisset
3478 1396 3579 1451 llo-

1989 1511 2222 1565 remque
2276 1510 2439 1550 suum
2490 1493 2887 1549 miserabiliter
2916 1492 3069 1561 carpi
3119 1502 3175 1546 et
3233 1504 3603 1551 marcescere

1985 1585 2223 1640 videret.
2282 1583 2364 1638 Ob
2412 1584 2528 1639 haec
2580 1583 2751 1655 igitur
2800 1598 2923 1638 cum
2975 1582 3268 1649 profundis
3314 1581 3574 1649 suspiriis

1986 1671 2258 1743 gemebat,
2282 1676 2436 1730 velut
2460 1691 2491 1730 e
2524 1690 2723 1745 magno
2746 1675 2969 1729 camino
2990 1674 3311 1729 acerbitatis
3336 1674 3571 1729 internae

300 1768 505 1839 μᾶλλον
535 1770 791 1832 ἀπασῶν,
828 1772 987 1826 ὅσσαι
1019 1773 1070 1826 οἱ
1102 1773 1241 1844 ὁμοῦ
1285 1774 1495 1843 τράφεν
1545 1771 1628 1841 ηδ’
1661 1771 1866 1838 ἐγένον-

1988 1768 2166 1823 fumos
2200 1750 2458 1821 evolvéns
2489 1765 2769 1820 ferventes
2797 1774 2853 1819 et
2900 1763 3209 1819 ﬂammeos.
3243 1765 3488 1842 'i‘andem
3514 1773 3570 1820 et
3598 1833 3617 1840 _

295 1838 356 1912 το
384 1859 518 1930 (49),
557 1855 659 1912 εἶτ’
705 1860 959 1932 ἀπερρύη
1007 1838 1151 1932 ταχυ
1180 1862 1276 1916 καὶ
1313 1838 1378 1915 τὸ
1409 1838 1584 1924 ’ἄνθος
1631 1859 1866 1921 ἐλεεινῶς

1989 1868 2181 1913 nostro
2207 1866 2484 1912 conventu
2517 1856 2663 1912 inter
2689 1856 2810 1913 haec
2844 1854 3116 1911 dissoluto
3145 1838 3306 1911 suum
3335 1856 3572 1926 quisque

296 1950 401 2006 εἶδε
443 1955 761 2025 κειρόμενον
802 1955 1003 2022 ἑαυτῆς
1050 1955 1147 2008 καὶ
1194 1955 1393 2025 κομιδῆ
1444 1955 1866 2025 μαραινόμενον.

1985 1951 2356 2011 diversorium
2387 1948 2570 2021 petiit.

294 2044 456 2098 Ταῦτ’
482 2046 591 2111 ἄρα
622 2048 938 2128 καὶ-βύθιον
985 2047 1267 2112 ἐστέναξε,
1296 2044 1552 2117 καθάπερ
1618 2047 1685 2099 ἐκ
1765 2042 2012 2116 μεγάλης
2073 2040 2312 2110 καμίνου
2385 2038 2487 2109 τῆς
2541 2037 2691 2093 ἔνδον
2739 2035 2974 2109 πικρίας
3023 2039 3269 2101 καπνοὺς
3320 2036 3571 2108 ἀναπέμ-

293 2151 472 2189 πουσα
511 2137 731 2201 ζέοντας
769 2141 865 2193 καὶ
896 2140 1216 2206 φλογώδεις.
1251 2140 1324 2192 Τὸ
1364 2139 1410 2192 δ’
1444 2137 1537 2192 οὖν
1596 2137 1909 2191 τελευταῖον
1941 2135 2000 2189 ὲν
2063 2134 2276 2198 τούτοις
2316 2134 2413 2187 καὶ
2451 2136 2478 2188 ὁ
2512 2132 2782 2205 ἡμέτερος
2837 2130 3113 2185 διελέλυτο
3160 2128 3414 2199 σύλλογος
3444 2131 3565 2209 ’καὶ

298 2231 388 2300 ἐφ’
424 2224 483 2286 οὗ
519 2234 782 2289 κατέλυεν
813 2235 1048 2300 ἕκαστος
1079 2236 1529 2307 ἀπηλλάττομεν.

370 2355 449 2409 Η’.
500 2352 733 2424 Ἡμέραι
764 2357 967 2424 μεταξὺ
995 2357 1393 2429 παρερῤύησαν
1422 2356 1554 2411 δέκα
1584 2357 1678 2410 καὶ
1717 2356 1870 2408 ἒπει-

291 2445 467 2516 δήπερ
506 2447 732 2515 ἔγγιστα
767 2448 1059 2521 διατρίϐων
1096 2446 1165 2523 ἦν
1207 2454 1232 2503 ὀ
1275 2451 1386 2504 τῶν
1420 2450 1742 2522 Τριϐαλλῶν
1771 2449 1870 2519 ἄρ-

292 2551 422 2605 χων,
462 2538 629 2591 τᾶλλα
678 2539 778 2609 τῆς
828 2541 1130 2612 πρεσϐείας
1175 2543 1541 2613 τετελεσμένα
1589 2540 1887 2613 παραδοὺς

291 2628 399 2680 τῶν
424 2630 709 2698 πρέσϐεων
748 2634 829 2685 ἐνὶ
874 2635 966 2687 καὶ
1012 2634 1233 2690 ἀπιέναι
1267 2634 1531 2698 κελεύσας
1578 2632 1714 2707 ἦκεν
1749 2635 1867 2703 ἅμα

289 2724 510 2787 γυναικὶ
540 2725 1083 2796 παραμυθησόμενος
1109 2728 1211 2799 τὴν
1242 2729 1409 2791 αὐτὸς
1447 2727 1644 2780 ἑαυτοῦ
1673 2727 1868 2779 πενθε-

289 2813 389 2881 ρὰν
437 2816 533 2866 καὶ
586 2816 646 2869 τὸ
697 2818 884 2870 λεῖπον
937 2822 1002 2890 τῇ
1058 2816 1326 2892 πρεσϐεία
1384 2820 1860 2892 προσαποδὼσων.

284 2906 446 2960 Τουτὶ
478 2908 533 2960 δὲ
572 2905 660 2978 ἦν,
691 2910 1018 2980 προπέμψαι
1051 2912 1144 2977 ξύν
1174 2928 1239 2980 γε
1265 2914 1454 2983 κόσμῳ
1482 2915 1575 2965 καὶ
1597 2915 1696 2980 ὅση
1727 2912 1863 2982 ἁνή-

284 3014 455 3051 κουσα
482 2999 567 3069 εἴη
608 3001 791 3064 αἰδὼς,
817 3002 977 3055 τοῦτο
1005 3005 1105 3072 μὲν
1136 3005 1231 3057 καὶ
1260 3004 1334 3068 ὡς
1362 3006 1534 3074 αὐτῆς
1566 3003 1858 3075 κηδεστὴς,

282 3090 440 3143 τοῦτο
468 3091 525 3144 δὲ
557 3095 646 3145 καὶ
675 3093 751 3157 ὡς
786 3094 1024 3163 μεγάλου
1054 3095 1315 3165 βασιλέως
1345 3099 1564 3167 νύμφην
1601 3096 1735 3169 (50),
1767 3097 1861 3149 καὶ

282 3184 467 3252 τρίτον
501 3184 576 3247 ὡς
609 3188 737 3255 περὶ
769 3188 838 3238 τὰ
870 3189 1060 3256 καίρια
1088 3188 1457 3257 δυστυχοῦσαν
1483 3206 1496 3218 ·
1529 3189 1564 3243 ἃ
1589 3191 1746 3244 πάντ’
1800 3191 1859 3242 ὲν

284 3271 481 3342 βραχεί
509 3276 887 3345 διεπεπράχει.
920 3277 994 3338 ὡς
1032 3278 1131 3346 μὲν
1162 3280 1356 3349 ἐκείνῳ
1402 3280 1600 3345 ἐδόκει,
1632 3280 1817 3342 καλῶς
1840 3296 1856 3313 ⁶

280 3370 346 3436 τῇ
374 3365 419 3418 δ’
437 3366 662 3437 ἀληθείᾳ
692 3367 872 3438 πολλῷ
901 3368 995 3422 τοῦ
1027 3371 1237 3435 δέοντος
1256 3371 1474 3434 ἐνδεῶς.
1507 3372 1651 3425 Ἀλλ’
1680 3373 1731 3425 oi
1765 3373 1859 3425 iri-‘-

285 3459 464 3529 θηκοι,
501 3462 654 3529 φησὶ,
689 3460 1070 3530 πιθηκίζοντες
1101 3466 1196 3518 καὶ
1225 3467 1275 3518 οἱ
1310 3465 1602 3536 μύρμηκες
1633 3484 1859 3538 μυρμη-

281 3551 525 3619 κίζοντες
549 3553 618 3607 τὰ
643 3554 794 3621 σφῶν
823 3557 1069 3610 ποιοῦσιν
1102 3559 1283 3614 αὐτῶν
1306 3575 1320 3592 ο
1354 3562 1405 3613 εί
1433 3561 1491 3614 δὲ
1522 3562 1597 3632 μὴ
1645 3563 1745 3615 καὶ
1790 3561 1860 3615 τὰ

281 3648 460 3699 ἀετῶν
486 3648 580 3700 καὶ
611 3647 712 3700 ὅσα
742 3649 958 3702 λέουσιν
991 3650 1158 3721 ἔθιμα
1187 3652 1466 3718 δύνανται,
1504 3654 1579 3725 μὴ
1623 3655 1684 3708 οὐ
1720 3654 1859 3725 πρὸς

281 3739 462 3792 αὐτῶν
493 3740 558 3791 ἂν
592 3738 815 3812 ὑπάρχῃ
844 3744 994 3795 τουτὶ
1043 3745 1341 3816 φαυλότητι
1371 3747 1586 3816 φύσεως
1619 3748 1858 3819 ἀρχῆθεν

283 3832 779 3904 συντεθραμμένων
811 3837 905 3889 καὶ
950 3837 1194 3908 ἀπουσίᾳ
1224 3839 1318 3892 τοῦ
1354 3836 1416 3893 εὖ
1446 3856 1505 3893 τε
1537 3842 1629 3894 καὶ
1662 3858 1860 3908 τεταγ-

285 3925 460 3993 μένως
488 3927 869 3996 ήνισιχήσοντος
888 3931 1176 4001 λογισμοῦ.
1208 3927 1286 3984 Ἦ
1312 3934 1475 4001 σοφὸς
1507 3929 1577 4003 ἦν
1599 3934 1688 4004 ἄρ’
1717 3935 1859 3986 ὲκεί-

278 4033 388 4082 νος,
422 4016 721 4101 ὅςπρῶτον
748 4024 806 4073 ὲν
831 4021 1023 4093 γνώμῃ
1061 4024 1167 4076 τόδ’
1203 4026 1474 4079 ἐϐάστασε
1511 4028 1608 4080 καὶ
1633 4028 1854 4099 γλώσσῃ

278 4105 771 4177 διεμυθολόγησεν,
825 4110 938 4164 εἴτε
988 4112 1169 4185 Θαλῆς
1216 4117 1245 4167 ὁ
1295 4116 1563 4185 Μιλήσιος
1597 4115 1702 4190 ἦν,
1741 4119 1854 4173 εἴτε

278 4199 504 4251 Πλάτων
532 4200 561 4253 ό
598 4201 941 4269 Ἀρίστωνος,
974 4205 1086 4257 εἴτε
1110 4209 1203 4259 καὶ
1227 4208 1415 4278 ἄμφω,
1449 4212 1601 4280 παρὰ
1624 4212 1854 4281 θατέρου

276 4290 472 4361 ἅτερος
501 4292 877 4363 ἐκδεξάμενος,
914 4299 974 4350 τό
1009 4298 1061 4367 γ’
1093 4301 1287 4356 taurini
1329 4304 1661 4374 μακαρίζειν
1695 4306 1855 4360 ἐκθύ-

283 4400 418 4453 μως,
473 4385 554 4437 ὅτι
607 4387 681 4455 μὴ
719 4387 1000 4461 βάρϐαρος
1028 4430 1043 4454 ,
1091 4393 1210 4446 ἀλλ’
1256 4395 1458 4467 Ἕλλην
1504 4399 1850 4467 γεγένηται.

2041 2363 2181 2421 Vill.
2220 2363 2429 2418 Diebus
2458 2361 2678 2415 interim
2710 2357 2901 2415 decem
2942 2358 3150 2424 elapsis
3189 2356 3561 2412 Tribaliorum

1969 2460 2249 2530 princeps,
2269 2457 2361 2526 qui
2385 2457 2439 2510 in
2454 2453 2703 2523 proximo
2721 2453 3198 2515 versabatur,cum
3218 2457 3415 2529 caetera
3435 2463 3562 2518 per-

1970 2552 2194 2621 egisset,
2224 2550 2293 2603 de
2314 2548 2518 2618 quibus
2554 2546 2745 2601 eadem
2777 2545 3047 2616 legatione
3078 2542 3330 2613 proximo
3363 2540 3562 2611 ageba-

1971 2654 2082 2706 tur,
2098 2656 2363 2713 responso
2387 2640 2477 2694 uni
2499 2654 2530 2694 e
2553 2640 2745 2708 legatis
2760 2637 2888 2693 dato
2906 2652 3084 2707 eoque
3100 2635 3252 2691 abire
3261 2635 3437 2706 iusso,
3449 2650 3560 2688 una

1970 2751 2093 2791 cum
2116 2751 2286 2790 uxore
2306 2733 2373 2788 ad
2393 2748 2612 2788 socrum
2631 2729 3020 2787 consolandam
3038 2729 3280 2786 advenit,
3301 2726 3560 2798 legationi

1961 2827 2139 2899 quoad
2178 2827 2390 2890 reliqua
2431 2826 2836 2899 satisfacturus.
2861 2823 2920 2878 Id
2952 2837 3086 2878 vero
3119 2829 3258 2889 erat,
3292 2830 3353 2875 ut
3374 2821 3559 2876 Caesa.

1960 2921 2153 2976 rissam
2186 2918 2490 2974 honoriﬁce
2539 2896 2835 2988 debitaque
2869 2930 2994 2970 cum
3039 2915 3367 2977 reverentia,
3418 2929 3542 2982 par-

1960 3013 2057 3067 tim
2125 3021 2187 3067 ut
2246 3027 2464 3068 socrum
2507 3025 2688 3075 suam,
2752 3009 2951 3078 partim
3014 3016 3086 3063 ut‘
3136 3009 3317 3077 magni
3381 3006 3557 3074 impe-

1961 3107 2162 3161 ratoris
2193 3094 2414 3172 nurum,
2451 3104 2691 3176 denique
2738 3114 2800 3159 ut
2845 3104 3045 3174 insigni
3075 3102 3383 3156 calamitate
3413 3100 3549 3154 aﬂ‘e-

1962 3209 2103 3252 ctam
2131 3196 2510 3251 comitaretur.
2539 3195 2672 3259 Quae
2702 3195 2886 3253 omnia
2911 3193 3108 3263 exiguo
3142 3201 3389 3261 tempore
3419 3208 3558 3246 cou-

1966 3288 2127 3352 fecit;
2160 3298 2219 3342 ut
2267 3288 2382 3358 ipse
2429 3287 2594 3358 383
2634 3287 2887 3357 putabat,
2921 3286 3182 3356 pulchre;
3229 3284 3326 3339 sed
3358 3300 3551 3339 revera

1964 3382 2194 3437 multum
2260 3379 2404 3434 infra
2465 3380 2811 3457 dignitatem.
2869 3379 3094 3442 Verum,
3141 3386 3205 3432 ut
3263 3376 3558 3445 proverbio

1962 3471 2187 3536 dicitur,
2217 3472 2392 3526 simiae
2412 3471 2724 3536 simiai-um,
2753 3470 2998 3524 formicae
3025 3469 3378 3524 formicarum
3404 3484 3556 3523 more

1961 3580 2091 3620 suas
2135 3581 2227 3619 res
2274 3564 2687 3618 administrant.
2725 3563 2881 3630 Quod
2933 3561 2978 3618 si
3013 3561 3324 3630 aquilarum
3355 3569 3413 3613 et
3446 3559 3559 3613 leo-

1961 3668 2093 3708 num
2143 3655 2253 3709 ritu
2300 3654 2448 3709 haud
2491 3663 2747 3725 possunt,
2780 3654 2832 3707 id
2877 3654 2932 3707 in
2967 3668 3155 3707 earum
3190 3660 3459 3722 potestate
3488 3650 3560 3704 si-

1963 3755 2075 3800 tum
2113 3762 2221 3800 non
2253 3756 2356 3809 est,
2385 3762 2510 3815 qua;
2543 3756 2795 3800 naturam
2827 3746 3098 3812 abiectam
3122 3744 3192 3799 ab
3227 3743 3386 3798 initio
3433 3758 3557 3798 sor-

1963 3840 2074 3891 tita:
2100 3849 2157 3891 et
2187 3837 2413 3906 ingenio
2456 3836 2597 3890 bene
2625 3851 2689 3891 ac
2726 3835 2831 3890 rite
2862 3851 2959 3889 eas
3002 3837 3357 3887 moderatore
3387 3833 3559 3886 desti-

1961 3939 2090 3985 tuta:
2113 3928 2497 3982 adoleverunt.
2527 3926 2707 3994 Quare
2741 3928 2961 3996 sapiens
3004 3926 3096 3979 ille
3129 3925 3253 3987 fuit,
3301 3925 3395 3993 qui
3438 3916 3552 3991 pri-

1958 4038 2082 4077 mus
2136 4023 2317 4074 animo
2366 4019 2621 4088 concepit
2653 4027 2709 4072 et
2751 4019 2934 4089 lingua
2986 4016 3284 4086 expressit,
3336 4016 3452 4069 sive
3508 4015 3573 4095 is_

1957 4115 2157 4179 Thales
2201 4111 2444 4167 Milesius
2493 4110 2680 4174 fuerit,
2721 4109 2837 4165 sive
2876 4111 3048 4174 Plato,
3081 4107 3353 4162 Aristonis
3385 4108 3549 4173 filius,

1956 4225 2054 4263 seu
2102 4200 2287 4276 potius
2317 4206 2683 4275 uterque,-ita
2719 4214 2781 4258 ut
2819 4203 2958 4258 alter
3002 4202 3284 4257 ali-altero
3324 4215 3554 4270 accepe-

1956 4303 2030 4355 rit
2056 4318 2070 4354 :
2103 4301 2331 4355 Beatum
2357 4313 2480 4353 esse
2507 4313 2651 4360 sese,
2687 4297 2780 4366 qui
2811 4312 2919 4351 non
2949 4295 3246 4357 Barbarus,
3278 4293 3373 4348 sed
3396 4292 3546 4348 Grae-

1957 4370 2055 4448 cus
2082 4403 2243 4447 natus
2276 4401 2446 4448 esset.
2483 4388 2619 4446 Nam
2660 4403 2716 4445 et
2762 4391 2896 4444 mihi
2944 4389 3152 4459 aliquid
3197 4389 3342 4443 haud
3373 4388 3543 4443 dissi-

290 4475 418 4528 Ἰδοὺ
445 4478 551 4545 γὰρ
582 4480 814 4543 ἐκείνοις
846 4482 1144 4555 ὁμόστοιχα
1192 4485 1375 4554 λέγειν
1407 4488 1565 4559 ἐπῄει
1595 4491 1738 4559 κάμὲ
1768 4493 1854 4560 βέ-

1966 4488 2090 4541 mile
2112 4486 2231 4555 ipsa
2255 4484 2611 4555 experientia
2640 4484 2841 4538 edocto
2867 4484 2930 4537 .in
2968 4494 3213 4537 “anle
3238 4483 3409 4537 venit.
3438 4480 3543 4537 Sed

277 4568 429 4620 ϐαιον
455 4568 545 4621 τὸν
576 4571 700 4622 νοῦν
732 4573 796 4624 ὲκ
823 4574 925 4643 τῆς
956 4577 1153 4645 πείρας
1179 4574 1548 4648 ξυνειλοχότα.
1599 4581 1737 4636 Ἀλλ’
1767 4584 1855 4635 ἵνα

276 4661 353 4732 μὴ
368 4662 453 4714 δια
464 4663 755 4732 τρίϐωμεν,
775 4666 1060 4722 ἐπανιτέον
1081 4671 1211 4739 ἡμῖν
1234 4671 1413 4724 ἐκείσέ
1433 4672 1604 4727 ἐστιν.
1637 4674 1854 4745 Ἐπειδὴ

273 4755 383 4821 γὰρ
431 4755 694 4809 ἐπανόδου
747 4754 891 4828 ἦμεν
947 4763 1217 4831 ἡμμένοι,
1268 4766 1484 4836 ἡμέρας
1536 4758 1855 4836 διηνῦκότες

273 4847 390 4898 ὁδον
414 4844 529 4901 εἶτα
554 4850 1032 4924 ἀπαλλαττόμεθα.
1051 4857 1129 4927 Τῇ
1165 4857 1263 4927 μὲν
1288 4860 1394 4929 γὰρ
1415 4863 1479 4931 τῇ
1502 4861 1878 4934 Καισαρίσοῃ’

278 4938 464 5007 σφόδρ’
493 4944 792 5010 ἀναγκαίου
819 4940 887 5016 ἦν
916 4947 1015 5017 τὴν
1044 4950 1100 5011 ἐς
1130 4950 1538 5019 Θεσσαλονίκην
1572 4954 1708 5023 ὁμοῦ
1739 4959 1853 5016 τοῖς

274 5027 455 5093 ἄλλοις
481 5032 635 5097 ἰέναι,
669 5035 744 5096 ὡς
775 5035 844 5088 ἂν
889 5037 987 5101 τὰς
1021 5040 1336 5104 τελευταίας
1383 5045 1717 5107 ἐπιτελέσειε
1754 5047 1849 5100 τοῦ

270 5124 460 5193 ἀνδρὸς
507 5125 747 5189 ἐντολάς.
796 5130 992 5203 Φθάνει
1042 5134 1151 5203 γὰρ
1191 5136 1400 5199 ἐκεῖνος
1449 5137 1538 5189 ἐπ’
1590 5139 1850 5210 ἐσχάταις

269 5214 364 5268 τοῦ
390 5217 506 5285 βίου
560 5223 754 5283 πνοαῖς
786 5224 1166 5293 ἐπισκήπτων,
1205 5227 1357 5290 ἐντός
1410 5245 1515 5281 που
1555 5230 1652 5299 τῆς
1695 5231 1851 5300 εἰρη-

270 5307 440 5378 μένης
474 5311 948 5384 μετακομισθῆναι
984 5318 1032 5368 oi
1073 5318 1282 5380 πόλεως
1314 5321 1405 5373 τὸν
1450 5322 1668 5392 νεκρόν.
1716 5322 1847 5391 Ἐμὲ

266 5398 313 5451 δ’
346 5400 482 5471 αὑτὴ
515 5403 623 5456 τῶν
663 5405 806 5457 κατά
840 5406 1096 5479 βούλησιν
1125 5411 1225 5463 ὅσα
1254 5412 1302 5463 οἱ
1349 5413 1486 5483 πρὸς
1539 5415 1850 5485 βουλήσεως

1956 4595 2026 4633 ne
2060 4579 2286 4648 longum
2322 4577 2609 4642 faciamus,
2654 4576 2786 4629 illuc
2835 4573 2999 4629 nobis
3048 4574 3392 4629 redeundum
3443 4582 3546 4627 est.

1950 4670 2089 4725 Cum
2144 4671 2294 4724 enim
2348 4669 2576 4725 domum
2633 4669 2819 4722 redire
2867 4667 3329 4730 instituissemus,
3383 4666 3547 4721 unius

1952 4761 2061 4816 diei
2099 4762 2204 4816 iter
2237 4763 2515 4832 progressi
2562 4761 2945 4816 discessimus.
2990 4758 3344 4824 Caesarissati:
3396 4760 3545 4815 enim

1956 4855 2184 4926 urgebat
2217 4854 2518 4909 necessitas
2548 4869 2655 4908 una
2696 4869 2820 4908 eum
2853 4855 3070 4908 ceteris
3100 4853 3270 4908 eundi
3308 4853 3548 4908 Thessa-

1914 4946 2234 5013 ‘lonicam,
2314 4955 2374 5001 ut
2433 4955 2680 5000 extrema
2753 4946 3003 5017 conjugis
3068 4945 3321 4999 mandata
3389 4944 3549 4999 exse-

1950 5046 2235 5106 queretur.
2289 5037 2349 5092 ln
2403 5047 2653 5094 extremo
2702 5040 2852 5094 enim
2917 5040 3007 5094 ille
3065 5039 3265 5109 spiritu
3318 5039 3548 5093 manda-

1952 5139 2073 5195 rat,
2147 5138 2206 5182 ut
2254 5144 2414 5183 suum
2457 5131 2691 5186 cadaver
2744 5131 2798 5185 in
2850 5147 2969 5185 eam
3026 5132 3214 5186 urbem
3270 5131 3551 5201 perferre—

1914 5250 1927 5267 κ
1955 5230 2063 5274 tur.
2119 5219 2247 5274 Mihi
2278 5236 2430 5285 vero,
2494 5237 2620 5276 cum
2649 5222 2916 5292 quidquid
2954 5222 3133 5278 libuit
3162 5223 3547 5278 commendas.-

1952 5319 2056 5373 set,
2102 5324 2266 5378 quam
2324 5312 2565 5380 primum
2600 5312 2918 5383 Byzantium
2954 5314 3031 5369 ire
3076 5314 3361 5384 permisit,
3419 5312 3545 5365 'l‘ri—

1954 5401 2098 5455 ballo
2149 5402 2336 5456 nescio
2391 5419 2503 5472 quo
2555 5406 2837 5476 adjuncto,
2880 5409 2972 5477 qui
3008 5409 3166 5464 nobis
3230 5422 3327 5477 per
3382 5422 3542 5476 aspe-

1623 5581 1962 5648 Variorum
2004 5594 2195 5648 notae.

335 5713 448 5781 (49)
485 5713 646 5774 Hom.
668 5718 762 5772 0d.
800 5738 873 5776 ιν.
923 5722 1127 5780 Bonus.

336 5786 449 5853 (50)
478 5787 610 5842 Erat
655 5801 810 5862 quasi
847 5810 1041 5850 nurus.
1094 5799 1229 5853 Nam
1267 5800 1614 5859 Andronicus
1662 5806 1849 5865 senior
1890 5825 2011 5865 cam
2053 5825 2277 5867 uxorem
2310 5810 2588 5884 delegerat
2611 5812 2723 5870 lilio
2750 5813 2936 5870 fratris
2966 5814 3072 5870 sui.
3112 5814 3318 5870 Bownv.
