4062 6496
325 427 432 492 585
574 421 650 495 [Α.
694 437 744 477 c.
785 419 923 478 l‘282
958 437 1023 475 an
1069 419 1230 494 1528]

1343 394 1788 487 amaris-‘1:
1828 422 2215 487 Hismara:
2262 421 2407 482 LIB.
2452 422 2558 481 1x.

2678 415 2814 487 [min
2857 429 3139 471 ANDRONIC.
3184 415 3329 489 sum]

3472 420 3577 484 586

325 544 433 613 γὰρ
466 543 621 605 ὅπως
649 540 751 610 τῆς
792 538 1035 608 ἐμαυτοῦ
1067 538 1216 606 ζωῆς
1243 537 1468 606 άφειδῶ,
1506 538 1655 608 μητέ
1675 541 1925 607 rumpe?

2032 546 2066 590 ιι
2100 550 2203 591 nec
2262 536 2387 590 vitae
2438 534 2569 589 mete
2610 549 2870 605 parcam;
2908 549 3015 589 non
3068 536 3287 604 corpori
3317 540 3586 605 curando,
3634 592 3644 603 ,

326 633 554 705 ζόμενος
582 632 679 687 καὶ
706 632 950 704 τρυφῶν,
987 631 1130 702 μήτε
1171 620 1502 701 δορυφόρους
1528 629 1561 700 ἢ
1598 629 1905 698 «exercueri-

330 743 458 797 ρους
489 725 602 797 (68)
632 724 997 794 ἐπαγόμενος,
1022 724 1098 786 ὡς
1128 722 1366 777 εἴθισται
1403 723 1478 794 μὴ
1500 724 1584 776 ὃτι
1618 721 1904 791 βασιλεῦσι

334 816 515 872 διὰ-τὸ
545 817 831 887 ἐπίφθονον
882 817 982 887 τῆς
1019 816 1217 888 ἀρχῆς,
1246 814 1384 870 ἀλλὰ
1431 815 1525 876 καὶ
1569 813 1664 878 οὓς
1699 817 1732 886 ἡ
1767 815 1906 886 τύχη

333 911 443 964 τῶν
468 910 677 979 γονέων
702 909 796 963 καὶ
828 907 1105 978 ξυγγενῶν
1131 907 1426 979 ὲξορίσασα
1451 909 1728 978 πλανήτας
1754 899 1907 961 ἐνθεν

336 1003 596 1059 κάκεῖθεν
625 1003 906 1074 ἠνάγκασε
940 999 1342 1073 περιφέρεσθαι
1367 1002 1464 1055 καὶ
1509 999 1781 1072 διηνεκῶς
1808 998 1908 1070 τὴν

333 1096 429 1151 τοῦ
463 1097 661 1150 αὐτίκα
689 1093 1044 1165 τεθνήξεσθαι
1071 1093 1177 1165 πρὸ
1205 1092 1502 1163 ὀφθαλμῶν
1521 1091 1664 1163 ἔχειν
1694 1090 1907 1147 ἐλπίδα.

276 1197 289 1209 ‘
334 1188 463 1244 Ειδ“
486 1182 603 1256 οὖν,
634 1184 899 1258 φρασάτω
927 1202 1010 1250 τις
1037 1188 1162 1255 ἐμοὶ
1192 1184 1499 1256 παρελθὼν,
1530 1183 1673 1254 ὑπὲρ
1703 1184 1844 1246 τίνος
1875 1181 1912 1237 ἃ

335 1297 402 1332 πε
415 1279 627 1348 ριφέρω
658 1279 948 1349 τραύματα
974 1278 1066 1329 ἐπὶ
1103 1260 1215 1369 τῆς
1244 1274 1447 1346 σαρκὸς
1484 1272 1775 1346 ἐδεξάμην,
1796 1276 1911 1338 τοῖς

335 1371 446 1423 τῶν
489 1370 778 1441 Ῥωμαίων
824 1370 1038 1440 ἐχθροῖς
1085 1371 1595 1441 παραϐαλλόμενος,
1622 1369 1808 1422 ὁπόσοι
1853 1386 1912 1421 τε

340 1463 398 1529 ἐξ
443 1462 631 1523 Ἀσίας
691 1464 771 1523 εἰς
808 1461 1032 1533 Θρᾴκην
1062 1463 1412 1516 ναυστολοῦσι
1450 1464 1544 1515 καὶ
1569 1463 1681 1516 ὅσοι
1709 1462 1802 1515 τὸν
1833 1460 1913 1515 Ἰ-

343 1570 517 1623 στρον·
530 1552 920 1623 παροικοῦντες
944 1553 1231 1624 βάρϐαροι,
1256 1553 1427 1607 ἔπειτ’
1455 1554 1667 1608 ἐκεῖθεν
1696 1552 1917 1621 ἐξελαύ-

340 1661 527 1708 νοντες
560 1646 993 1717 κατατρέχουσιν
1019 1646 1223 1717 ὁμοίως
1245 1647 1341 1700 καὶ
1369 1639 1516 1701 οὗτοι
1542 1646 1641 1717 τὴν
1672 1645 1914 1717 δυστυχῆ

342 1734 599 1806 Θρᾴκην;
636 1732 720 1807 [Ρ.
751 1732 882 1805 244]
914 1733 1056 1805 Ἐγὼ
1084 1734 1221 1802 γάρ,
1245 1734 1341 1789 ἵνα
1368 1736 1549 1789 πᾶσαν
1575 1734 1778 1801 ἐξείπω
1817 1736 1916 1805 τὴν

340 1825 608 1896 ἀλήθειαν
641 1825 779 1897 πρὸς
803 1827 973 1895 ὑμᾶς,
1002 1822 1146 1896 ὁρῶν
1182 1825 1275 1880 τὸν
1311 1824 1534 1897 βασιλέα
1578 1827 1637 1889 ἐς
1678 1825 1814 1880 πολὺ
1852 1826 1915 1880 τὺ

2015 642 2126 683 non
2184 627 2347 698 genio
2371 627 2721 698 indulgeam;
2754 643 2864 681 non
2925 627 3213 692 satellites,
3242 644 3351 685 non
3398 631 3596 704 bipen-

2014 720 2223 775 niferos
2245 720 2513 775 adducam
2548 737 2562 775 :
2598 730 2658 775 ut
2713 734 2822 774 non
2874 723 3046 791 \modo
3077 721 3299 791 regibus
3328 738 3448 799 mos
3484 734 3592 791 est,

2014 823 2240 883 propter
2287 813 2618 868 invidiosam
2670 813 2886 884 imperii
2943 814 3342 883 conditionem,
3369 817 3465 872 sed
3526 818 3596 874 iis

2013 907 2203 971 etiam,
2237 922 2377 976 quos
2405 905 2622 962 fortuna
2659 922 2689 962 a
2740 908 3066 978 parentibus
3105 916 3160 962 et
3185 910 3435 978 cognatis
3463 926 3596 980 pro-

2012 998 2102 1053 cul
2135 998 2408 1069 relegatos
2451 999 2559 1054 huc
2598 1008 2763 1069 atque
2805 1000 2937 1056 illuc
2976 999 3107 1056 ferri
3144 1008 3199 1053 et
3246 1001 3598 1057 continenter

2016 1101 2253 1145 mortem
2287 1092 2357 1145 ob
2382 1092 2571 1147 oculos
2604 1093 2805 1148 habere
2824 1093 3022 1165 coegit.
3061 1095 3153 1151 Sin
3189 1086 3602 1168 3993)ωῶ

2016 1184 2319 1247 dicatmihi
2356 1184 2652 1254 quispiam.
2693 1186 2945 1249 vulnera,
2974 1202 3095 1256 quae
3125 1188 3438 1257 incorpore
3471 1204 3596 1244 meo

2018 1285 2193 1345 gesto,
2226 1290 2334 1346 qua
2363 1276 2430 1329 dic
2465 1289 2630 1331 causa
2689 1277 3021 1347 acceperim,
3048 1294 3172 1334 cum
3217 1280 3595 1336 Romanorum

2017 1365 2272 1421 hostibus
2307 1367 2629 1436 pugnando,
2653 1366 2747 1437 qui
2777 1382 2844 1421 ex
2879 1367 3006 1422 Asia
3045 1371 3098 1424 in
3124 1369 3412 1425 Thraciam
3443 1371 3599 1442 traji-

2018 1458 2190 1522 ciunt,
2219 1470 2273 1513 ct
2301 1473 2424 1513 cum
2456 1458 2733 1525 Barbaris,
2765 1461 2860 1530 qui
2899 1460 3098 1516 Istrum
3131 1446 3407 1529 accolunt,
3450 1465 3600 1520 unde

2018 1548 2177 1604 factis
2200 1550 2622 1606 excursionibus
2649 1559 2703 1606 et
2747 1552 2849 1621 ipsi
2898 1553 3104 1622 pariter
3134 1555 3389 1610 miseram
3421 1555 3598 1612 Thra-

2018 1642 2159 1697 ciam
2210 1643 2472 1697 vastant?
2536 1643 2648 1714 Ego
2700 1643 2873 1713 enim,
2934 1653 2996 1699 ut
3042 1660 3261 1700 omnem
3309 1648 3601 1703 veritatem

2017 1734 2162 1805 apud
2198 1748 2294 1789 vos
2322 1735 2574 1804 eloquar,
2596 1750 2721 1790 eum
2777 1735 3164 1805 imperatorem
3193 1754 3303 1810 pra:
3346 1739 3504 1794 senio
3532 1740 3601 1795 ad

2020 1825 2334 1881 socordiam
2359 1834 2415 1881 et
2445 1834 2728 1896 stuporem
2787 1827 2897 1881 labi
2929 1828 3172 1884 viderem
3209 1840 3266 1885 et
3292 1846 3324 1884 e
3371 1840 3604 1888 veterno

343 1885 549 1985 νωθρὸν
585 1885 697 1970 καὶ·
711 1885 1019 1985 ἀνάλγητον
1036 1885 1112 1970 ’ἐκ
1145 1915 1242 1971 τοῦ
1292 1885 1486 1987 γήίως
1535 1885 1916 1972 ἀποκλίναντα

2032 1914 2409 1985 non‘cxcltari,
2443 1930 2624 1985 neque
2660 1915 2871 1981 dolere,
2899 1933 3024 1972 eum
3055 1918 3357 1975 Christiani
3383 1934 3604 1990 semper

346 2009 439 2062 καὶ
478 2008 648 2078 μηδὲν
674 2008 813 2071 ὅλως
848 2006 1281 2079 διεγειρόμενον,
1313 2007 1439 2077 μηδ’
1477 2005 1775 2076 ἀλγοῦντα,
1812 2007 1921 2061 τῶν

348 2097 695 2165 Χριστιανῶν
748 2097 837 2152 ἀεὶ
879 2096 1219 2167 νύκτωρηκαὶ
1260 2095 1382 2168 μεθ’
1426 2096 1641 2168 ἡμέραν
1670 2096 1780 2149 τῶν
1819 2097 1920 2167 μὲν

348 2190 700 2260 κοπτομένων
736 2190 842 2244 ὑπὸ
874 2189 986 2244 τῶν
1026 2188 1320 2261 βαρϐάρων
1361 2189 1562 2258 ἱερείου
1603 2188 1782 2260 δίκην,
1810 2189 1922 2242 τῶν

350 2284 393 2337 δ’
422 2282 972 2354 αἱχμαλωτιζομένων
1027 2283 1121 2335 καὶ
1179 2276 1753 2352 ἀνδραποδιζομένων,
1810 2281 1924 2336 τῶν

351 2375 411 2429 δὲ
436 2377 656 2444 γυμνῶν
695 2373 1076 2445 ἐλαυνομένων
1101 2373 1285 2446 πάσης
1325 2374 1512 2445 χώρας
1542 2375 1643 2429 καὶ
1668 2374 1882 2437 πόλεως
1904 2388 1919 2404 ο

352 2463 437 2519 ενα
467 2462 542 2536 μὴ
568 2463 716 2533 λέγω
744 2464 814 2518 τὰ
864 2461 1038 2533 μείζω
1092 2462 1194 2534 τῆς
1244 2462 1433 2529 Ἀσίας
1467 2463 1617 2533 πάθη
1656 2463 1763 2519 καὶ
1811 2463 1924 2517 τῶν

347 2554 529 2606 ἐκεῖσε
560 2551 799 2615 πόλεων,
824 2551 949 2605 ὅσαι
979 2553 1095 2613 τοῖς
1146 2550 1447 2622 βαρύάροις
1492 2552 1807 2624 ἡλώκεισαν
1834 2550 1925 2605 διὰ

346 2643 455 2712 τὴν
477 2642 574 2697 τοῦ
606 2641 874 2713 βασιλέως
932 2642 1199 2713 ἀμέλειαν
1247 2644 1345 2696 καὶ
1381 2643 1700 2715 νωθρότητα
1721 2660 1741 2678 ν
1780 2643 1925 2715 ὁρῶν

350 2733 447 2792 οὖν
476 2735 652 2791 ταῦτα
688 2737 868 2807 ἔγωγε
896 2736 993 2791 καὶ
1034 2728 1337 2808 περιαλγης
1364 2736 1487 2791 λίαν
1517 2737 1804 2808 γινόμενος
1832 2737 1929 2792 καὶ

346 2828 449 2899 τὴν
480 2828 588 2890 τῶν
620 2820 946 2898 σπλάγχνων
990 2827 1184 2899 ὀδύνην
1215 2828 1404 2899 φέρειν
1443 2828 1544 2882 οὐκ
1578 2828 1740 2898 ἔχων,
1773 2827 1931 2896 ἐξῆλ-

352 2923 447 2976 θον
476 2921 622 2975 δυοῖν
655 2921 844 2977 ἕνεκα.
877 2921 949 2974 Ἦ
987 2921 1098 2992 γὰρ
1130 2920 1349 2992 θανάτῳ
1398 2922 1672 2993 οίφδήτινι
1703 2938 1932 2992 περιπε-

352 3012 584 3077 πτωκὼς
618 3013 738 3083 ἃμα
761 3013 839 3086 τῷ
868 3013 973 3086 ζῇν
998 3012 1207 3067 καὶτὸν
1236 3012 1338 3083 τῆς
1368 3013 1544 3079 λύπης
1578 3016 1929 3086 συναπορρῆ-

355 3105 448 3170 ξαι
482 3105 684 3177 φόρτον
715 3106 965 3176 ἐνόμισα,
1000 3106 1034 3178 ἦ
1068 3107 1168 3179 τὴν
1208 3105 1500 3177 Ῥωμαίων
1550 3105 1723 3177 τύχην
1767 3108 1826 3169 ὲς
1868 3105 1933 3160 τὸ

2018 2011 2185 2058 noctu
2215 2012 2380 2073 atque
2420 2003 2662 2059 interdiu
2700 2005 2896 2076 partim
2936 2007 3089 2062 velut
3139 2009 3375 2064 victimae
3406 2026 3437 2065 a
3472 2010 3606 2064 Bar-

2021 2094 2173 2149 baris
2222 2104 2557 2163 mactentur,
2588 2099 2819 2166 partim.
2848 2099 3051 2168 captivi
3094 2100 3386 2156 trahantur
3441 2111 3498 2158 et
3547 2102 3606 2157 in

2024 2188 2349 2242 servitutem
2410 2186 2778 2253 abducantur,
2823 2190 3021 2259 partim
3088 2191 3222 2246 nudi
3268 2207 3336 2246 ex
3399 2193 3610 2248 uadibus

2024 2286 2191 2348 atque
2243 2277 2478 2333 urbibus
2533 2279 2882 2349 expellantur
2919 2282 3189 2352 (graviora
3240 2282 3379 2338 mala
3430 2293 3608 2348 taceo,

2025 2370 2169 2425 Asiae
2206 2370 2465 2426 videlicet
2494 2379 2557 2426 et”
2590 2371 2838 2439 urbium,
2877 2389 3220 2444 quaecunque
3259 2376 3611 2445 imperatoris

2025 2462 2239 2540 incuria
2261 2472 2323 2518 ct
2348 2462 2564 2534 ignavia
2601 2475 2775 2535 captae
2807 2467 2957 2534 sunt)
2991 2481 3005 2518 :
3038 2481 3164 2519 cum
3201 2482 3324 2536 ego,
3359 2468 3611 2539 inquam,

2028 2555 2148 2610 haec
2172 2555 2441 2622 viderem,
2470 2557 2758 2628 aegerrime
2791 2557 2913 2626 tuli,
2947 2567 3003 2612 et
3055 2556 3284 2612 inﬁxum
3317 2559 3471 2614 cordi
3512 2560 3616 2614 do-

2027 2646 2203 2705 iorem
2239 2663 2350 2703 non
2384 2647 2573 2711 ferens
2607 2644 2823 2703 duabus
2857 2650 2925 2704 de
2956 2649 3141 2706 causis
3182 2666 3305 2705 sum
3338 2658 3615 2722 egressus;

2030 2750 2092 2796 ut
2147 2748 2246 2795 aut
2282 2740 2479 2812 quovis
2500 2740 2651 2796 letho
2701 2742 2867 2798 vitam
2915 2741 3077 2798 simul
3124 2750 3181 2797 et
3231 2743 3618 2813 gravissimum

2028 2844 2327 2888 mterorem
2383 2832 2796 2900 abrumperem,
2851 2830 2955 2888 aut
2980 2833 3242 2889 Romanae
3295 2828 3616 2906 reipublicae

2028 2939 2131 2994 pro
2181 2923 2329 2980 virili
2384 2923 2757 2991 subvenirem.
2811 2924 2973 2979 Nullo
3027 2925 3174 2979 enim
3231 2924 3418 2990 modo,
3461 2925 3615 2982 nullo

2031 3016 2201 3072 modo
2222 3016 2342 3071 ﬁeri
2392 3023 2596 3087 potest,
2624 3001 2758 3084 quin
2797 3016 2983 3081 homo,
3007 3016 3141 3075 etis
3170 3016 3334 3088 longo
3368 3026 3616 3088 tempore

2031 3111 2217 3165 rerum
2240 3109 2472 3179 potitus,
2501 3106 2723 3163 fastidio
2748 3107 2820 3162 sit
2843 3108 2913 3164 iis
2945 3109 3040 3178 qui
3077 3118 3295 3180 parent,
3326 3119 3384 3165 et
3410 3110 3619 3180 capita-

358 3187 565 3272 βέλτιον
599 3205 830 3257 καθόσον
861 3200 1086 3273 ἐφικτὸν
1123 3200 1451 3266 ἀπαλλάξαι.
1500 3201 1577 3255 Οὐ
1610 3201 1720 3270 γάρ
1748 3200 1921 3269 ἐστιν,

2033 3200 2330 3256 ιῐοοοοτυπι
2383 3199 2511 3254 odia
2580 3199 2868 3270 suscipiat.
2907 3199 3056 3255 Nihil
3119 3200 3331 3258 scilicet
3367 3201 3515 3259 Deus
3560 3198 3620 3257 in

353 3295 454 3349 οὐκ
490 3296 645 3350 ἐστίν
676 3294 923 3366 ἐφικτὸν,
946 3296 1237 3367 ἄνθρωπον
1258 3293 1388 3350 ὄντα
1414 3294 1537 3349 τινὰ
1554 3295 1650 3348 καὶ
1675 3295 1932 3349 πλεῖστον

357 3386 775 3459 ὲνδιατρίψαντα
806 3388 1002 3460 χρόνον
1025 3388 1104 3461 τῷ
1135 3388 1330 3461 ἄρχειν
1370 3391 1447 3461 μὴ
1487 3390 1650 3460 κόρον
1686 3383 1933 3465 ’ἐμποιῆέ

360 3495 454 3533 σαι
481 3482 594 3543 τοῖς
629 3479 961 3552 ἀρχομένοις
989 3483 1086 3536 καὶ
1119 3484 1280 3554 μῖσος
1312 3483 1479 3552 φόνου
1530 3483 1720 3538 πνέον.
1764 3482 1934 3538 Οὐδὲν

360 3571 470 3640 γὰρ
507 3571 887 3643 άμετάῦλητον
918 3571 1044 3629 οὐδὲ
1089 3572 1320 3645 μόνιμον
1353 3575 1412 3627 ἐν
1437 3571 1517 3644 τῷ
1556 3573 1657 3645 βίῳ
1683 3574 1785 3640 τὴν
1829 3573 1935 3642 φύ-

363 3672 450 3716 σιν
494 3662 794 3734 πεποίηκεν
822 3664 851 3717 ὁ
882 3664 1037 3728 Θεός.
1077 3665 1178 3719 Διὰ
1212 3663 1375 3719 τοῦτο
1409 3666 1506 3719 καὶ
1541 3667 1599 3719 ὲν
1640 3666 1719 3736 τῷ
1766 3683 1935 3737 μετα-

370 3751 667 3807 ϐάλλεσθαι
704 3752 979 3825 βλέπομεν
1006 3754 1106 3825 τὴν
1137 3752 1288 3827 ὥραν
1332 3756 1431 3825 τῆς
1458 3756 1803 3828 εὐφροσύνης
1840 3757 1938 3811 καὶ

367 3844 562 3917 ἡδονῆς
585 3846 808 3915 ἴσχοντα
828 3848 1009 3902 πάντα
1045 3847 1329 3915 τάπίγεια.
1349 3848 1410 3901 El
1441 3848 1498 3902 δέ
1526 3866 1609 3912 τις
1639 3849 1803 3921 βιαίῳ
1826 3850 1937 3903 τινὶ

363 3938 460 3991 καὶ
485 3939 987 4012 κατηναγκασμένῃ
1012 3940 1157 4011 φορᾷ
1188 3940 1473 4010 χρώμενος
1498 3941 1593 3994 ἐπὶ
1626 3942 1758 4010 μιᾶς
1786 3941 1939 3995 ἵστα-

367 4029 491 4083 σθαι
521 4028 688 4100 τύχης
714 4029 915 4098 ὲθέλοι,
950 4024 1106 4094 οὗτος
1132 4033 1190 4091 ές
1218 4030 1320 4101 τὴν
1359 4031 1511 4101 παρὰ
1566 4030 1730 4101 φύσιν
1778 4032 1940 4101 κίνη-

372 4139 457 4175 σιν
482 4122 606 4191 ἄγει
631 4123 704 4177 τὰ
727 4123 1053 4194 πράγματα.
1085 4125 1201 4179 Πᾶν
1226 4124 1283 4178 δὲ
1311 4123 1374 4177 τὸ
1398 4125 1550 4195 παρὰ
1584 4124 1747 4194 φύσιν
1775 4125 1942 4195 ὑπερ-

369 4216 553 4269 ϐαἰνον
581 4217 709 4280 τοὺς
739 4216 1114 4286 ἁρμόττοντας
1162 4216 1324 4287 ὅρους
1359 4216 1715 4287 ὑπερϐαίνειν
1756 4233 1944 4287 παρα-

372 4307 624 4371 σκευάζει
651 4309 745 4362 καὶ
766 4308 893 4371 τοὺς
921 4309 1086 4380 ὅρους
1113 4308 1215 4380 τῆς
1250 4309 1549 4382 ἐθελούσης
1586 4308 1817 4364 ἕπεσθαι
1847 4311 1941 4363 εύ-

371 4398 647 4470 φροσὺνης
675 4402 771 4454 καὶ
801 4401 1019 4473 ἡδονῆς.
1073 4402 1164 4466 Ἐς
1193 4400 1356 4455 τοῦτο
1396 4401 1508 4472 γὰρ
1545 4401 1712 4457 τείνει
1744 4403 1841 4456 καὶ
1871 4402 1942 4457 τά

374 4488 635 4559 σοφάτῶν
665 4490 911 4546 παλαιῶν
948 4491 1477 4564 γνωματεύματαζι
1502 4492 1687 4562 Μηδὲν
1725 4492 1869 4560 ἄγαν
1914 4510 1933 4544 ›

376 4582 667 4651 λεγόντων,
712 4584 829 4650 καὶ,
873 4604 891 4638 ι
924 4586 1040 4640 Πᾶν
1068 4561 1268 4658 μέτρον
1299 4585 1547 4658 ἄριστον.
1577 4604 1596 4638 ι
1615 4586 1811 4657 Ὁρᾶτε
1835 4586 1943 4657 γὰρ
1975 4561 2020 4621 ο

376 4677 524 4739 ὅπως
548 4676 646 4730 καὶ
668 4676 700 4729 ὀ
726 4678 863 4746 ἐμὸς
894 4679 1121 4742 πάππος
1155 4682 1238 4742 είς
1284 4676 1420 4748 βαθὺ
1453 4676 1634 4747 γῆρας
1662 4676 1947 4747 ἐληλακὼς

377 4770 474 4820 καὶ
505 4766 749 4820 τοσαῦτα
774 4767 871 4841 ἐτη
896 4769 958 4821 τὸ
986 4769 1260 4838 βασίλειον
1285 4768 1424 4839 ἔχων
1467 4767 1689 4838 κράτος,
1722 4766 1823 4821 ὅσα
1858 4785 1949 4839 μι-

380 4855 514 4926 κροῦ
546 4857 649 4911 δέω
688 4857 868 4928 λέγειν
899 4858 1079 4922 οὐδείς
1108 4877 1203 4913 πω
1243 4859 1353 4913 τῶν
1400 4857 1623 4912 πώποτε
1657 4856 1951 4929 βασιλέων,

386 4945 678 5014 μεμίσηται
707 4947 809 5015 μὲν
839 4949 989 5019 παρὰ
1020 4948 1240 5003 πάντων
1264 4948 1543 5017 ὑπηκόων,
1564 4947 1665 5002 οὐκ
1687 4948 1949 5019 ἐπιστρέ-

383 5048 540 5097 φεται
562 5030 606 5085 δ’
638 5035 777 5097 ὅλως
800 5033 925 5090 οὔτε
953 5028 1416 5108 πρὸςθεραίπείαν
1444 5037 1540 5092 τοῦ
1575 5039 1791 5109 μίσους,
1821 5037 1950 5093 οὔτε

384 5119 517 5182 πρὸς
544 5117 719 5187 ὁρμὴν
738 5119 1112 5193 βοηθήσουσαν
1132 5130 1247 5191 τοῖς
1282 5127 1568 5198 Ῥωμαίων
1603 5129 1948 5202 πράγμασιν,

382 5202 506 5257 οὔτε
539 5207 647 5275 μὴν
679 5210 839 5279 ἀλγεῖ
865 5211 1081 5282 βλέπων
1096 5213 1225 5276 τοὺς
1249 5215 1529 5287 διαδόχους
1545 5219 1644 5289 τῆς
1670 5218 1950 5290 βασιλείας

382 5301 960 5372 προαποθνήσκοντας.
1003 5305 1249 5379 Τέθνηκε
1281 5310 1381 5379 μὲν
1411 5309 1520 5382 γάρ
1555 5314 1584 5365 ὁ
1622 5311 1878 5381 βασιλεὺς
1921 5316 1952 5367 6

382 5388 515 5458 δμδς
538 5394 721 5464 πατὴρ
751 5396 978 5467 μηδενὸς
1007 5398 1395 5464 ἀπολελαυκὼς
1427 5402 1539 5455 τῶν
1565 5403 1665 5457 ὅσα
1699 5391 1950 5472 βασιλεῦά

384 5496 471 5534 σιν
501 5485 730 5552 ἐφεῖται,
772 5488 914 5558 πλὴν
946 5482 1040 5544 τοῦ
1077 5491 1363 5563 ὀνόματος.
1412 5493 1725 5565 Τεθνήκασι
1758 5495 1802 5547 δ’
1834 5496 1951 5549 ἓτε-

385 5588 471 5643 ροι
514 5577 622 5632 τῶν
653 5580 774 5636 καθ’
806 5572 946 5654 αἷμα
978 5584 1124 5654 μάλα
1158 5603 1241 5640 τοι
1292 5590 1679 5659 προσηκόντων
1722 5589 1819 5643 καὶ
1853 5592 1952 5660 τὴν

2036 3304 2224 3347 rerum
2255 3296 2463 3345 natura
2483 3305 2550 3345 ex
2578 3305 2636 3346 se
2668 3290 3011 3347 immutabile
3044 3300 3101 3348 et
3142 3292 3339 3349 stabile
3366 3308 3493 3349 esse
3517 3308 3620 3350 vo-

2034 3383 2161 3439 luit.
2189 3382 2348 3445 Unde
2376 3382 2458 3445 ﬁt,
2489 3393 2548 3438 ut
2571 3382 2756 3460 omnia
2806 3393 3024 3439 terrena
3064 3385 3462 3440 mutationibus
3490 3400 3624 3456 seu-

2037 3475 2168 3532 dere
2191 3491 2255 3532 ac
2285 3474 2550 3532 delectari
2584 3476 2901 3535 videamus.
2930 3462 3086 3546 Quod
3118 3480 3162 3535 si
3195 3482 3323 3550 quis
3350 3478 3623 3552 injurioso

1987 3595 1990 3598 ~
2039 3566 2281 3637 quodam
2333 3581 2399 3622 ac
2456 3567 2711 3623 violento
2758 3578 2957 3623 conatu
2990 3569 3124 3624 velit
3151 3569 3389 3636 ellicere,
3443 3581 3625 3626 utres

2039 3672 2155 3715 sua:
2181 3652 2355 3730 m‘
2373 3656 2571 3713 eodem
2600 3673 2821 3729 semper
2844 3666 2986 3715 statu
3013 3661 3338 3729 consistant,
3367 3664 3412 3719 is
3438 3680 3626 3721 rerum

2039 3750 2295 3808 ordinem
2332 3750 2645 3807 naturalem
2679 3751 2938 3805 iuvertat.
2974 3746 3255 3822 Quidquid
3281 3763 3463 3808 autem
3495 3770 3623 3810 eum

2039 3854 2239 3899 natura
2288 3853 2516 3913 pugnat,
2551 3844 2605 3897 id
2660 3852 2786 3896 cum
2828 3843 3033 3898 limites
3073 3844 3301 3899 excedat
3326 3846 3624 3917 legitimos,

2042 3937 2201 4002 facit,
2238 3946 2301 3991 ut
2332 3936 2700 4006 judunditatis
2735 3944 2791 3990 et
2842 3936 3164 4005 voluptatis,
3193 3953 3316 4007 quae
3366 3948 3621 3993 naturam

2040 4029 2200 4099 sequi
2225 4028 2428 4093 solent,
2461 4029 2668 4083 limites
2700 4027 3064 4082 excedantur.
3095 4026 3305 4083 Eodem
3344 4031 3629 4098 pertinent
3742 4088 3747 4093 ,

2042 4122 2324 4190 sapientes
2375 4126 2627 4174 veterum
2666 4120 2977 4186 sementim,
3013 4122 3437 4191 praecipientes:
3487 4141 3505 4175 ι
3550 4124 3632 4179 Nc

2043 4212 2183 4284 quid
2214 4213 2411 4277 nimis;
2452 4231 2474 4264 ›
2529 4219 2586 4266 et
2626 4228 2640 4267 :
2682 4229 2701 4262 ι
2747 4209 2966 4272 Modum
3027 4227 3149 4266 esse
3204 4213 3632 4282 pulcherrimam

2044 4306 2331 4372 virtutem,
2368 4322 2388 4356 ι
2434 4304 2883 4374 pronuntiantes.
2922 4303 3128 4359 Videtis
3177 4305 3348 4369 enim,
3383 4317 3443 4359 ut
3477 4320 3635 4363 meus

2045 4414 2180 4454 avus
2203 4397 2272 4452 ad
2306 4405 2616 4453 extremum
2647 4395 2865 4452 senium
2891 4410 3237 4466 progressus,
3262 4407 3320 4452 et
3349 4405 3429 4452 tot
3456 4412 3634 4454 annos

2045 4491 2279 4561 imperio
2312 4490 2540 4559 potitus,
2598 4495 2734 4558 quot
2765 4488 2979 4557 (parum
3033 4487 3191 4544 abest
3239 4489 3372 4558 quin
3426 4488 3630 4561 dicam)

2049 4596 2213 4637 nemo
2248 4580 2515 4645 omnium,
2541 4580 2637 4649 qui
2674 4594 2912 4649 unquam
2943 4576 3096 4635 fuere
3134 4581 3554 4652 imperatorum,
3576 4582 3632 4637 in

2050 4674 2225 4729 totius
2252 4673 2439 4744 populi
2486 4683 2568 4727 est
2602 4673 2731 4729 odio
2764 4690 2777 4726 :
2817 4689 2919 4728 nec
2976 4673 3141 4729 ullam
3175 4689 3360 4730 curam
3399 4674 3482 4730 vel
3516 4677 3630 4730 odii

2051 4765 2202 4820 illius
2235 4781 2266 4819 a
2292 4780 2351 4821 se
2377 4765 2689 4831 amovendi,
2725 4765 2811 4819 vel
2858 4752 3119 4823 Romanae
3174 4766 3493 4837 reipublicae
3535 4782 3632 4823 su-

2051 4860 2358 4915 stentandae
2389 4862 2643 4931 suscipit,
2663 4877 2843 4932 neque
2861 4862 3011 4918 dolet
3040 4878 3391 4921 successores
3417 4864 3636 4936 imperii

2055 4960 2182 5030 ante
2223 4966 2283 5006 sc
2318 4935 2677 5008 mori.’0biit
2707 4955 2854 5008 enim
2918 4954 3217 5025 imperator
3270 4965 3428 5024 pater
3480 4935 3639 5012 meus

2057 5044 2177 5099 sine
2233 5043 2346 5099 ullo
2398 5044 2620 5115 imperii
2684 5045 2891 5111 fructu,
2944 5047 3053 5102 nisi
3087 5063 3286 5103 nomen
3333 5050 3638 5120 exceperis.

2056 5134 2341 5191 Ohicrunt'
2355 5146 2411 5190 et
2439 5135 2530 5190 alii
2567 5139 2837 5207 sanguine
2865 5137 2917 5192 ei
2975 5140 3411 5210 coniunctissimi
3445 5151 3502 5198 et
3537 5143 3644 5197 mi—

2059 5240 2228 5282 nores
2263 5237 2446 5283 aetate.
2483 5227 2690 5283 Moriar
2738 5237 2796 5284 et
2848 5229 2965 5299 ipse
3009 5232 3284 5297 fortassis,
3321 5233 3641 5303 priusquam

2060 5332 2129 5371 ex
2163 5316 2394 5387 imperio
2451 5317 2664 5372 fructus
2715 5319 2921 5390 aliquid
2954 5336 3174 5392 cepero.
3212 5322 3355 5390 Quid
3386 5323 3532 5376 enim
3563 5324 3646 5376 fa-

2060 5408 2222 5464 cilius
2252 5407 2459 5465 accidit
2491 5408 2724 5476 homini,
2762 5413 3066 5480 praesertim
3094 5412 3308 5467 nullum
3336 5413 3648 5483 periculum

2061 5498 2362 5569 detugienti
2419 5507 2476 5554 et
2524 5498 2594 5555 de
2630 5500 2741 5556 vita
2789 5501 3016 5558 minime
3050 5501 3324 5558 sollicito?
3376 5502 3645 5556 Fortassis

2064 5599 2247 5646 autem
2300 5605 2386 5646 me
2437 5592 2702 5661 regnandi
2741 5593 3043 5666 cupiditate
3073 5594 3326 5649 laborare
3350 5592 3519 5665 aliqui
3546 5606 3642 5647 su-

1699 5707 2044 5768 Variorum
2081 5713 2267 5768 notte.

455 5794 571 5868 (88)
603 5796 898 5870 Varangos,
940 5803 1017 5858 uti
1042 5818 1208 5875 supra
1232 5805 1333 5860 lib.
1360 5821 1477 5871 riu,
1501 5822 1622 5879 cap.
1649 5809 1702 5874 5,
1727 5819 1865 5866 sect.
1891 5809 1946 5863 it.
1994 5810 2229 5864 Ducam.

606 5922 613 5929 -
635 5894 914 5958 PATROL.
950 5896 1071 5960 Gn.
1130 5898 1433 5961 CXLVIII

3260 5906 3334 5970 l9
