4062 6452
492 416 598 482 595
777 389 859 489 [λζ
895 431 953 471 ιι.
992 416 1122 472 6791
1172 434 1238 473 AD
1280 417 1443 487 68501

1652 510 1657 515 ι
1700 422 2125 485 NICEPHORI
2165 422 2553 484 Gnsooure

2805 419 2938 493 [ιιιιι.
2983 436 3270 478 Αιιωιοιιιο.
3313 422 3457 497 sum]

3629 428 3731 496 596

493 535 713 590 latenus
755 537 1211 593 admittebantur.
1255 540 1367 595 Sed
1408 548 1461 594 et
1511 539 1780 594 acerrime
1828 537 2059 607 repelle-

2166 539 2264 593 οὐκ
2293 538 2440 611 εἶχεν
2457 540 2591 604 δλως
2618 539 2729 594 οὔτ’
2760 545 2945 609 αὐτὸς,
2981 544 3107 598 οὔτε
3141 542 3211 598 τὰ
3257 546 3393 616 πρδς
3443 547 3603 601 αὐτοῦ
3649 551 3738 602 λα-

489 626 675 692 lmtur,
702 628 977 698 lapidibus
1006 646 1242 700 superne
1270 632 1547 701 appetitus
1577 632 1645 687 ab
1678 632 1745 687 iis
1764 672 1778 695 ,
1808 624 1900 701 (ι,ὑὶ
1930 644 2060 699 pro—

488 720 799 789 pugnacula
854 723 1119 777 mrenium
1180 724 1519 789 tuebantur;
1585 724 1678 794 qui
1743 739 1811 779 ne
1866 738 2059 778 vocem

484 808 707 876 quidem
733 812 855 881 ejus
886 812 1159 881 ferebant,
1184 831 1420 885 cumque
1450 815 1867 871 contumeliosis
1895 813 2059 868 dictis

486 898 715 970 impune
764 904 1118 961 incessebant
1157 916 1212 962 et
1254 908 1621 976 ignominiosa
1664 907 2054 971 dimittebant,

484 992 767 1064 ingenium
790 1007 845 1051 et
876 999 1041 1052 verba
1071 1000 1193 1068 ejus
1220 1000 1347 1055 dolo
1381 1001 1539 1072 plena
1570 1016 1690 1056 esse
1717 1000 2054 1055 dictitantes.

481 1083 675 1156 Itaque
703 1088 794 1144 ille
819 1090 901 1145 sic
924 1090 1190 1148 dimissus
1210 1094 1493 1164 paululum
1511 1111 1537 1149 a
1558 1109 1718 1149 muro
1736 1092 2052 1149 declinavit.

550 1264 617 1320 ll.
658 1266 777 1321 Nox
807 1282 941 1323 vero
965 1270 1075 1340 jam
1105 1270 1298 1326 aderat
1324 1312 1338 1333 ,
1372 1287 1499 1327 cum
1535 1273 1757 1343 quidam
1783 1289 1813 1328 e
1840 1271 2052 1345 plebeia

480 1359 641 1414 turba
678 1359 933 1428 lactiosi,
984 1363 1143 1433 iique'
1186 1380 1296 1419 non
1346 1367 1546 1436 pauci,
1593 1367 1732 1421 clam
1778 1367 1834 1421 in
1878 1382 2050 1421 unum

478 1450 664 1505 locum
698 1455 1017 1524 congregati
1063 1457 1279 1511 occulte
1325 1457 1403 1512 illi
1450 1457 1793 1528 significant,
1845 1467 1906 1513 ut
1948 1459 2052 1513 sub

481 1543 717 1599 mediam
746 1557 964 1601 noctem
993 1592 1006 1613 ,
1038 1563 1150 1617 quo
1191 1558 1436 1620 tempore
1477 1559 1533 1604 et
1574 1551 1817 1622 Byzantii
1859 1565 2052 1606 omnes

479 1622 759 1694 dormia‘nt
806 1634 860 1694 et
913 1642 1176 1696 mcenium
1236 1642 1507 1699 custodes
1542 1643 1608 1698 ad
1658 1643 2049 1715 negligentiam

428 1767 446 1775 -
477 1724 591 1787 Γειιί
626 1733 931 1804 incipiant,
967 1734 1218 1804 proxime
1270 1737 1471 1791 momia
1520 1739 1727 1792 veniat.
1778 1738 1848 1792 Se
1900 1737 2047 1790 enim

477 1833 702 1891 paratos
735 1840 857 1880 esse
890 1826 959 1880 ad
991 1841 1115 1880 eum
1151 1826 1279 1881 fune
1317 1827 1371 1882 in
1417 1827 1831 1898 prepugnacnla
1877 1836 2050 1881 attra-

410 1980 413 1983 Α
482 1912 755 1969 hendum.
806 1915 961 1981 Quod
1013 1917 1059 1971 si
1112 1917 1307 1983 ﬁeret,
1360 1926 1536 1973 totum
1596 1918 1876 1988 negotium
1932 1912 2093 1972 fore!

476 2004 812 2060 conlectum.
864 2007 1193 2061 Persuasum
1249 2007 1453 2077 quippe
1505 2007 1710 2062 habere
1768 2022 1857 2072 sc,
1896 2006 1940 2061 si
1996 2007 2050 2061 in

478 2097 660 2153 media
694 2101 830 2154 urbe
860 2100 1298 2170 conspiceretur,
1330 2099 1617 2173 Byzantios
1643 2115 1837 2156 omnes
1866 2099 2051 2173 statim

478 2190 547 2245 ad
576 2206 702 2245 eum
734 2191 1074 2248 defecturos.
1109 2193 1288 2248 Media
1310 2195 1420 2265 jam
1453 2204 1645 2259 nocte,
1682 2207 1806 2247 cum
1837 2192 2054 2247 videret

477 2267 780 2352 imperator
823 2287 1172 2341 excubitores
1207 2294 1532 2355 perpetuam
1568 2294 1788 2339 noctem
1822 2282 2052 2339 alternis

480 2379 852 2435 custodiendo
907 2380 1250 2451 transigere,
1304 2385 1362 2433 et
1416 2378 1657 2435 assiduis
1712 2369 2053 2433 clamoribus

475 2469 717 2525 invicem
750 2469 821 2524 ad
853 2469 1191 2539 vigilandum
1242 2469 1525 2523 exhortari
1579 2485 1687 2524 non
1743 2468 2048 2534 desistere;

474 2563 814 2619 necessitate
866 2565 1096 2631 adactus
1149 2578 1207 2618 se
1255 2563 1435 2633 ipsum
1485 2561 2052 2635 cumICautacuzeno

478 2666 677 2725 magno
706 2655 1013 2711 domestico
1045 2665 1100 2711 et
1133 2655 1422 2726 Synadeuo
1457 2664 1863 2727 protostratore
1898 2653 2054 2709 navi-

478 2747 617 2801 cula:
652 2749 968 2811 committit,
1001 2750 1388 2819 declinataque
1421 2749 1647 2805 australi
1690 2747 1852 2803 Urbis
1884 2746 2052 2818 409

476 2848 637 2909 parte
671 2841 874 2895 sensim
912 2840 981 2895 ad
1017 2843 1245 2897 alteram
1281 2843 1458 2911 ripam
1497 2841 1844 2911 provehitur,
1879 2830 2053 2893 mari-

481 2932 677 2987 timum
711 2949 932 2989 murum
965 2936 1130 2990 tacite
1179 2936 1548 2999 circumiens,
1599 2934 1781 2990 sicubi
1834 2933 2049 2988 facilem

477 3025 791 3094 ingressum
831 3024 1080 3094 reperire
1124 3036 1336 3094 posset.
1382 3024 1540 3091 Quod
1587 3025 1622 3078 ii
1669 3025 1761 3096 qui
1815 3024 1869 3079 in
1916 3040 2053 3080 mte-

475 3115 644 3171 nihus
671 3116 1019 3171 excubabant
1049 3131 1175 3171 cum
1204 3116 1543 3182 sensissent,
1582 3119 1833 3187 asperius
1864 3125 1919 3171 et
1953 3131 2050 3171 vo-

475 3206 694 3261 ciferati
744 3215 803 3261 et
851 3207 1169 3261 tumuttuati
1211 3217 1382 3271 sunt,
1429 3217 1486 3263 et
1539 3208 1592 3261 in
1626 3208 1747 3263 illos
1779 3207 1916 3263 nihil
1966 3223 2119 3297 re-C

480 3297 822 3368 spondentes
860 3314 991 3354 saxa
1027 3300 1190 3354 etiam
1221 3300 1499 3371 conjicere
1526 3309 1844 3371 coeperunt,
1876 3300 2052 3355 donec

476 3388 647 3445 iidem
678 3389 855 3444 territi
901 3406 1198 3447 recessere.
1256 3393 1334 3450 Ac
1368 3402 1485 3448 tum
1520 3393 1746 3462 quidem
1781 3392 1897 3448 haec
1930 3401 2051 3446 acta

474 3492 627 3539 sunt.
729 3480 744 3562 ς
1586 3472 1591 3473 ⁷

546 3575 640 3631 lll.
683 3576 937 3647 Insecuta
963 3589 1147 3632 autem
1178 3594 1363 3634 mense
1393 3578 1683 3635 Decembri
1710 3578 1920 3650 juniori
1954 3577 2055 3631 im-

477 3669 721 3739 peratori
771 3671 966 3726 littera:
1017 3670 1602 3727 Thessalonicensium
1640 3671 1777 3725 clam
1810 3670 2056 3725 afferun-

478 3772 590 3823 tur,
625 3760 828 3831 quibus
864 3776 1028 3831 quam
1082 3762 1323 3832 primum
1370 3761 1780 3816 arcessebatur.
1835 3760 2053 3815 Etenim

474 3855 728 3924 plebeios
781 3870 974 3910 omnes
1026 3865 1081 3910 et
1130 3871 1392 3926 proceres
1443 3856 1735 3926 plerosque
1763 3866 1820 3911 ct
1873 3859 2052 3927 ipsum

476 3945 798 4018 pontiﬁcem
835 3947 1144 4025 compgsito
1176 3946 1493 4002 decrevisse
1518 3988 1531 4011 ,
1569 3947 1757 4002 statim
1796 3958 1961 4019 atque
2010 3950 2057 4005 is

477 4055 651 4111 prope
687 4040 890 4095 mtenia
925 4039 1219 4094 adfuturus
1247 4046 1418 4105 esset,
1450 4038 1516 4094 ad
1554 4038 1730 4110 ipsum
1764 4056 2057 4097 accurrere

479 4141 533 4187 et
572 4138 759 4202 portas
808 4132 863 4185 ei
909 4131 1149 4201 aperire.
1206 4129 1418 4196 Quibus
1463 4132 1704 4203 cognitis
1754 4132 2056 4211 imperator

479 4237 736 4295 magnam
774 4222 1014 4277 militum
1051 4239 1277 4277 manum
1314 4225 1705 4292 protostratori
1742 4224 1931 4289 dedit,
1969 4227 2056 4280 ei-

481 4330 591 4384 que
621 4314 920 4385 praecepit,
958 4322 1019 4369 ut
1054 4314 1467 4384 imperatricem
1506 4315 1699 4371 urbem
1737 4316 2062 4371 circumiret

477 4418 537 4465 ct
588 4390 817 4481 eminus
853 4406 1009 4459 velut
1056 4406 1257 4461 castris
1302 4408 1588 4483 cingeret,
1621 4423 1728 4464 nec
1764 4407 2060 4480 Byzantios

480 4514 655 4571 usque
689 4497 755 4553 ad
798 4496 1067 4567 Rhegium
1110 4499 1298 4568 egredi
1342 4499 1545 4555 forisve
1588 4503 1924 4555 commorari
1960 4515 2060 4570 pa-

2164 633 2420 706 λούμενα.
2476 633 2763 692 Ἐδιὼκετο
2791 636 2847 690 δὲ
2883 637 3030 708 μάλα
3062 638 3315 711 σφοδρῶς
3336 639 3510 702 λίθοις
3533 640 3739 708 βαλλόν-

2159 744 2269 781 των
2295 728 2458 782 αὐτὸν
2497 729 2608 782 τῶν
2634 729 2746 784 ἀνω
2769 730 2922 799 παρὰ
2961 730 3059 794 τὰς
3107 728 3356 794 ἐπάλξεις
3410 730 3505 784 τοῦ
3535 724 3738 802 τείχους

2159 819 2505 889 καθημένων,
2544 821 2596 873 οἶ
2616 822 2732 875 οὐδὲ
2764 821 2949 891 φωνῆς
2975 820 3141 876 αὐτοῦ
3181 820 3401 876 ἀκούειν
3435 824 3735 894 ἠνείχοντο*

2158 911 2294 966 ἀλλά
2323 914 2413 965 καὶ
2438 912 2663 983 ὖϐρεσιν
2695 911 2927 967 ἔπλυνον
2959 912 3131 974 ἀδεῶς
3165 914 3259 967 καὶ
3310 914 3569 983 ἀσέμνως
3611 910 3738 969 ἀπέ-

2159 1020 2399 1073 πεμπον,
2451 1003 2835 1073 δεδολιευμένα
2866 1004 3165 1070 φάσκοντες
3210 999 3351 1059 εἶναι
3411 1004 3481 1057 τά
3522 1020 3580 1056 τε
3636 1005 3735 1076 ἢθη

2157 1097 2253 1151 καὶ
2311 1097 2441 1160 τοὺς
2493 1096 2686 1164 λόγους
2733 1095 2926 1150 αὑτοῦ.
2971 1098 3210 1159 Ἐκεῖνος
3263 1097 3365 1166 μὲν
3421 1082 3516 1151 οὖν
3570 1096 3737 1161 οὕτως
3820 1146 3832 1173 π

2158 1186 2538 1254 ἀποπεμφθεὶς
2568 1186 2842 1251 ἐξέκλινεν
2872 1186 2982 1240 ἀπὸ
3020 1186 3115 1259 τοῦ
3140 1187 3354 1257 τείχους
3383 1188 3601 1257 μικρόν.

2230 1280 2301 1333 B'.
2346 1278 2461 1344 Νὺξ
2483 1279 2537 1332 δὲ
2564 1280 2673 1350 ήδη.
2698 1282 2879 1349 παρῆν
2906 1279 3000 1333 καί
3029 1296 3173 1342 τινες
3192 1279 3302 1332 τῶν
3326 1279 3421 1332 τοῦ
3462 1277 3734 1333 πολιτικοῦ

2156 1368 2330 1439 δήμου
2404 1368 2719 1422 στασιωτῶν
2774 1369 2874 1422 οὐκ
2924 1368 3117 1438 ὀλίγοι,
3155 1368 3631 1441 συναθροισθέντες
3661 1369 3736 1431 εἰς

2156 1460 2213 1514 ἓν
2253 1461 2426 1530 λάθρα
2453 1459 2628 1532 τούτῳ
2679 1460 3098 1530 διεμηνύσαντο,
3147 1460 3375 1530 ἔγγιστα
3423 1459 3735 1529 ἐληλυθέναι

2155 1552 2248 1606 τοῦ
2281 1554 2494 1623 τείχους
2530 1553 2658 1625 περὶ
2692 1554 2862 1621 μέσας
2894 1551 3119 1618 νύκτας,
3146 1553 3306 1606 ὁπότε
3329 1552 3424 1607 καὶ
3454 1552 3735 1616 Βυζάντιοι

2156 1646 2353 1708 πάντες
2384 1642 2723 1698 ὑπνώττουσι
2763 1645 2856 1697 καὶ
2890 1645 2939 1698 οί
2983 1645 3075 1697 ἐπι
3121 1644 3215 1698 τοῦ
3262 1644 3478 1714 τείχους
3509 1645 3734 1714 φρουροὶ⁵

2156 1736 2290 1805 πρὸς
2316 1735 2375 1788 τὸ
2428 1736 2797 1808 ῥᾳθυμότερον
2850 1736 3267 1791 ἀναπίπτουσιν.
3310 1736 3595 1804 Ἐτοίμους
3630 1734 3735 1804 γάρ

2156 1827 2292 1883 είναι
2316 1831 2454 1899 σφᾶς
2486 1830 2856 1898 ἀνιμήσασθαι
2872 1829 3034 1883 αὐτὸν
3054 1831 3142 1883 διὰ
3172 1830 3439 1899 μηρίνθου
3462 1830 3606 1892 τινός
3626 1827 3734 1882 ἀπὸ

2154 1922 2261 1975 τῶν
2281 1921 2575 1986 ἐπάλξεων.
2601 1921 2685 1995 [Ρ.
2708 1921 3013 1993 250]Ίόῦτο
3031 1921 3075 1974 δ’
3090 1923 3139 1975 εί
3160 1922 3392 1991 γένοιτο,
3416 1921 3585 1992 πέρας
3603 1916 3735 1973 εἶναι

2126 2015 2254 2084 ,τῆς
2276 2014 2404 2084 ὅλης
2428 2014 2662 2083 σπουδῆς
2695 2013 2901 2067 καὶτοῦ
2935 2012 3148 2083 μακροῦ
3175 2013 3402 2082 δρόμου.
3439 2011 3734 2080 Πεπεισμέ-

2153 2123 2278 2169 νους
2300 2106 2407 2175 γὰρ
2430 2099 2592 2171 εἶναι,
2619 2104 2825 2167 πάντας
2848 2103 3173 2168 Βυζαντίους
3195 2104 3360 2167 εὐθὺς
3381 2102 3735 2171 ἀκολουθῆσαι

2155 2197 2379 2267 φανέντι
2434 2196 2566 2268 περὶ
2609 2197 2782 2267 μέσην
2836 2195 2936 2268 τὴν
2990 2195 3411 2266 βασιλεύουσαν.
3471 2194 3649 2264 Μέσης
3681 2192 3734 2245 δέ

2153 2291 2257 2362 ἤδη
2282 2289 2475 2353 νυκτὸς
2507 2288 2809 2358 γενομένης
2870 2289 2967 2343 καὶ
3020 2288 3234 2358 βλέπων
3287 2288 3315 2340 ὀ
3352 2287 3626 2359 βασιλεὺς,
3662 2285 3734 2346 ὼς

2154 2382 2452 2453 ἀμοιϐαδὸν
2483 2381 2532 2434 οί
2562 2381 2794 2451 φρουροὶ
2824 2380 2922 2452 τὴν
2953 2381 3123 2435 νύκτα
3180 2383 3364 2435 πᾶσαν
3425 2378 3731 2449 παραλλάτά

2153 2492 2337 2536 τοντες
2372 2474 2434 2527 οὐ
2472 2473 2741 2526 παύονται
2775 2474 2981 2542 φωναῖς
3003 2471 3433 2541 ἀλλεπαλλήλοις
3479 2468 3732 2537 ἀλλήλους

2153 2567 2292 2640 πρὸς
2318 2568 2379 2621 τὸ
2401 2546 2701 2637 ἐγρηγορδς
2723 2565 3104 2636 διεγείροντες,
3127 2563 3338 2633 ἀκατίῳ
3362 2563 3471 2617 τινὶ
3494 2559 3732 2615 πιστεύει

2155 2660 2347 2716 ἐαυτὸν
2375 2659 2435 2727 ἐξ
2471 2658 2714 2727 ἀνάγκης
2739 2657 2833 2723 ξύν
2850 2674 2913 2724 γε
2941 2656 3384 2724 Καντακουζηνῷ
3419 2656 3496 2725 τῷ
3521 2652 3732 2724 μεγάλῳ

2152 2750 2455 2822 δομεστίκῳ
2482 2748 2575 2802 καὶ
2602 2746 2888 2816 Συναδηνῷ
2912 2746 2988 2817 τῷ
3012 2747 3459 2817 πρωτοστράτορι
3479 2762 3492 2775 ο
3515 2746 3580 2798 δι’
3601 2736 3659 2796 οὗ
3678 2740 3734 2793 τὸ

2155 2845 2329 2898 νότιον
2360 2843 2527 2912 μέρος
2582 2838 2682 2908 τῆς
2737 2839 3369 2901 Κωνσταντινουπὸλεως
3423 2836 3729 2905 κάμψαντες

2151 2932 2367 3004 ὁμαλῶς
2384 2929 2790 3001 διεπεραιοῦντο
2815 2929 3124 2999 περιιόντες
3150 2927 3369 2998 ἡσύχως
3393 2930 3452 2981 τὸ
3478 2926 3733 2996 παράλιον
3762 2937 3767 2943 '

2152 3028 2351 3095 τεῖχος,
2389 3023 2570 3076 εἵπου
2603 3021 2883 3093 δυνηθεῖεν
2913 3021 3117 3075 είσοδόν
3146 3038 3264 3073 τινα
3313 3021 3509 3093 ῥᾳδίαν
3539 3018 3728 3087 εὑρεῖν.
3808 3076 3813 3081 ,

2166 3114 2308 3171 Ἀλλ’
2332 3114 2381 3166 οἱ
2415 3114 2508 3167 ἐπὶ
2552 3114 2614 3166 τὸ
2678 3116 2856 3183 τεῖχος
2890 3111 3119 3181 φρουροὶ
3171 3111 3581 3181 συναισθόμενοι
3612 3125 3735 3178 τρα-

2154 3211 2361 3280 χυτέρᾳ
2410 3210 2475 3279 τῇ
2523 3206 2619 3279 βοῇ
2673 3206 2767 3259 καὶ
2799 3205 2877 3276 τῷ
2934 3203 3147 3276 θορύϐῳ
3180 3204 3488 3274 ἐχρήσαντο
3508 3220 3520 3234 ⁸
3547 3201 3637 3255 καὶ
3663 3198 3734 3270 μὴ

2156 3299 2636 3371 ἀποκρινομένωνο
2656 3302 2749 3351 καὶ⁵
2793 3295 2975 3360 λίθους
3006 3298 3105 3368 ἢδη
3139 3298 3260 3349 κατ’
3292 3296 3479 3349 αὐτῶν
3512 3293 3737 3366 ἧρξαντο

2157 3391 2421 3460 πέμπειν,
2452 3388 2527 3453 ὡς
2556 3389 2752 3442 ἐκείνοι
2782 3388 3111 3459 φοϐηθέντες
3153 3388 3597 3459 ἀναστρέψαντες
3635 3386 3736 3439 ἀπο

2155 3483 2342 3554 ῄεσαν.
2382 3482 2514 3533 Τότε
2553 3481 2651 3551 μὲν
2677 3476 2772 3533 οῦν
2806 3479 2977 3533 ταῦτα
3006 3479 3277 3550 ἐπράχθη.

2229 3576 2305 3647 Γ.
2333 3575 2438 3627 Τοῦ
2465 3573 2510 3626 δ’
2546 3574 2792 3635 ἐπιόντος
2844 3573 3012 3642 μηνὸς
3048 3571 3394 3641 Δεκεμϐρίου
3423 3571 3533 3644 (74)
3565 3568 3738 3640 γράμ-

2161 3686 2308 3741 ματα
2365 3667 2500 3739 πρὸς
2574 3666 2683 3720 τῶν
2741 3665 3181 3718 Θεσσαλονικέων
3244 3664 3429 3735 λάθρα
3500 3664 3576 3735 τῷ
3638 3662 3738 3728 νέῳ

2159 3760 2480 3832 κομίζονται
2535 3758 2767 3829 βασιλεῖ,
2824 3755 3280 3827 προσκαλούμενα
3324 3757 3433 3827 τὴν
3483 3754 3738 3824 ταχίστην

2158 3853 2343 3907 αὐτόν.
2369 3849 2523 3905 Εἶναι
2555 3851 2664 3920 γάρ
2688 3850 3040 3922 ξυγκείμενον
3058 3852 3171 3913 τοῖς
3191 3867 3248 3902 τε
3283 3850 3545 3920 δημόταις
3571 3847 3733 3901 ἅπασι
3764 3888 3769 3893 .

2159 3945 2401 4008 καὶτοῖς
2448 3944 2656 3997 πλείοσι
2731 3926 3210 4013 τῶίπροὺχόντων
3249 3942 3345 3996 καὶ
3390 3942 3538 4013 αὐτῷ
3584 3955 3644 4006 γε
3671 3937 3732 4006 δὴ

2160 4037 2238 4108 τῷ
2264 4037 2530 4106 ἀρχιερεῖ,
2566 4033 2685 4104 ἅμα
2730 4034 2807 4104 τῷ
2837 4034 3063 4105 πλησίον
3107 4034 3344 4103 φανῆναι
3398 4034 3494 4088 τοῦ
3530 4031 3731 4101 τείχους

2160 4129 2321 4184 αὐτὸν
2346 4127 2653 4198 δραμόντας
2685 4125 2894 4192 ἀνοῖξαί
2913 4126 2963 4178 οἱ
2996 4125 3096 4189 τάς
3146 4126 3344 4188 πύλας.
3390 4125 3541 4180 Ἐπεὶ
3568 4121 3732 4175 ταῦτα

2161 4221 2512 4292 ἐμεμαθήκει
2535 4222 2560 4272 ό
2599 4219 2871 4290 βασιλεὺς,
2910 4221 3136 4289 συχνοὺς
3172 4221 3449 4290 παραδοὺς
3480 4218 3556 4289 τῷ
3588 4229 3732 4284 πριιι-

2161 4317 2485 4388 τοστράτορι
2512 4314 2849 4385 στρατιώτας
2873 4312 3143 4382 περιιέναι
3173 4312 3611 4382 παρεκελεύσατο
3645 4306 3734 4359 καὶ

2160 4408 2274 4466 οἷον
2306 4396 2884 4482 περιστρατοπεδεύειν
2946 4405 3045 4477 τὴν
3101 4405 3497 4475 βασιλεύουσαν
3546 4398 3730 4472 μικρὸν

2164 4505 2383 4561 ἄπωθεν
2416 4495 2516 4557 ’καὶ
2559 4502 2633 4571 μὴ
2658 4482 2769 4571 ὲᾷν
2798 4500 2926 4570 ἄχρι
2971 4497 3190 4568 Ῥηγίου
3242 4499 3366 4561 τοὺς
3417 4492 3731 4559 Βυζαντίους

484 4599 723 4652 teretur,
764 4589 1107 4659 eosdemque
1137 4592 1357 4647 arcanis
1380 4592 1583 4648 litteris
1611 4602 1668 4647 et
1700 4592 2054 4661 pollicitatio-

2169 4598 2408 4666 ἐξιόντας
2457 4593 2756 4665 διατρίϐειν
2775 4609 2790 4623 ·
2822 4593 2915 4643 καὶ
2945 4593 3106 4661 πρός⁸
3133 4606 3196 4653 γε
3251 4589 3527 4658 λαθραίοις
3556 4582 3730 4650 γράμο

483 4685 670 4747 nibus,
696 4698 818 4752 quae
857 4683 1055 4752 cuique
1102 4684 1489 4749 convenirent,
1526 4684 1766 4739 ambiret
1796 4695 1851 4741 et
1880 4697 2012 4756 pote
2037 4717 2063 4729 -

481 4779 609 4834 stati
640 4791 754 4832 suae
787 4776 1249 4847 subjicere‘thse
1283 4792 1412 4831 vero
1447 4793 1569 4831 cum
1608 4778 1799 4847 paucis
1832 4780 2062 4836 delectis

484 4870 934 4925 Thessalonicam
985 4869 1145 4923 abiit.
1178 4869 1316 4923 Tum
1348 4885 1496 4931 vero,
1534 4881 1761 4939 propter
1789 4871 2064 4940 suspicio.

484 4980 583 5020 nes
622 4965 987 5027 tumnltuum,
1042 4963 1358 5017 Demetrius
1410 4961 1639 5031 des-pota
1692 4974 1751 5017 et
1804 4976 2060 5034 protove-

480 5057 711 5114 stiarius
739 5056 1092 5111 Andronicus
1129 5061 1185 5108 ct
1220 5054 1447 5109 Michael
1484 5056 1632 5109 Asan
1663 5070 1787 5109 cum
1816 5057 2058 5111 auxilia-

479 5152 640 5208 ribus
691 5149 1067 5205 Trihallurum
1117 5147 1292 5216 copiis
1346 5155 1499 5200 extra
1552 5148 1755 5202 muenia
1811 5148 2058 5203 diversa-

480 5245 707 5309 bantur,
740 5253 797 5296 et
847 5239 1230 5295 Macedonicas
1264 5239 1431 5293 etiam
1468 5238 1842 5293 Romanorum
1888 5241 2059 5311 legio-

486 5351 587 5391 nes
634 5349 819 5391 secum
874 5329 1172 5387 habebant.
1204 5330 1307 5396 Qui
1358 5331 1493 5384 rixis
1523 5339 1579 5385 et
1609 5332 2059 5388 contentionibus

486 5428 717 5496 privatis
745 5439 870 5479 cum
902 5431 1332 5493 occuparentur,
1369 5438 1505 5492 quas
1535 5422 1766 5476 ambitio
1801 5432 1853 5477 et
1884 5437 2061 5477 carens

482 5533 641 5573 amor
664 5517 747 5572 sui
787 5515 870 5569 vel
901 5517 1083 5583 potius
1115 5514 1193 5567 ira
1220 5512 1470 5568 Numinis
1504 5512 1669 5585 410
1700 5513 2058 5580 accendebat,

487 5619 547 5663 nt
608 5600 773 5663 rebus
813 5594 1085 5675 ipsorum’
1110 5604 1360 5663 confusis
1414 5605 1515 5676 ipsi
1580 5605 1684 5660 sibi
1750 5607 2058 5676 perniciem

2168 4709 2300 4763 μασι
2334 4690 2427 4744 καὶ
2461 4685 2818 4756 ὑποσχέσεσιν
2849 4682 3182 4753 ὑπέρχεσθαι
3213 4680 3308 4735 καὶ
3359 4673 3727 4734 ὑποποιεῖσθαι

2162 4759 2288 4843 τοὺς
2325 4778 2652 4843 Βυζαντίους
2686 4774 2826 4827 κατά
2877 4772 2939 4825 τὸ
2989 4773 3262 4844 προσῆκον
3320 4771 3549 4838 ἑκάστῳ.
3606 4763 3660 4815 Ὀ
3688 4759 3729 4812 δ’

2161 4873 2374 4941 ὀλίγους
2402 4871 2555 4932 τινάς
2581 4867 2981 4936 ἀπολεξάμενος
3018 4865 3194 4935 ῷχετο
3226 4863 3404 4916 ἀπιὼν
3456 4863 3509 4920 ἐς
3533 4858 3729 4910 Θεσσα-

2162 4967 2406 5033 λονίκην.
2466 4964 2695 5031 Ἔτυχον
2757 4961 2812 5013 δὲ
2873 4956 3184 5022 τηνικαῦτα
3226 4954 3592 5025 διατρίϐοντες
3633 4943 3730 5010 ἔξω

2164 5056 2359 5128 τειχῶν
2390 5055 2476 5108 διὰ
2503 5055 2599 5115 τὰς
2633 5052 2869 5121 ύπιψίας
2896 5051 3002 5103 τῶν
3030 5047 3275 5120 θορύϐων
3330 5046 3469 5116 μετά
3507 5041 3597 5096 τοῦ
3628 5034 3729 5089 ἀπὸ

2166 5148 2277 5203 τῶν
2311 5147 2629 5217 Τριϐαλλῶν
2660 5143 3011 5215 συμμαχικοῦ
3045 5141 3278 5213 στρατοῦ
3313 5143 3341 5194 ὃ
3362 5157 3419 5194 τε
3477 5132 3729 5195 δεσπότης

2159 5244 2466 5315 Δημήτριος
2515 5245 2605 5293 καῖ
2645 5243 2672 5294 ὀ
2731 5238 3225 5309 πρωτοϐεστιάριος
3278 5233 3606 5304 Ἀνδρόνικος
3644 5221 3728 5276 καὶ

2157 5338 2184 5389 ὁ
2226 5335 2387 5387 Ἀσὰν
2417 5332 2635 5403 Μιχαὴλ
2676 5332 2790 5402 (75)
2815 5368 2833 5397 ,
2869 5320 3201 5399 ἐπαγόμενοι
3232 5329 3326 5382 καλ⁵
3350 5328 3418 5380 τά
3440 5320 3728 5378 Μακεδονι-

2166 5428 2236 5480 κά
2267 5426 2374 5479 τῶν
2418 5426 2708 5495 Ῥωμαίων
2736 5422 3143 5493 στρατεύματα.
3172 5414 3271 5473 Ὧν
3292 5420 3356 5479 δὴ
3383 5417 3477 5473 καὶ
3499 5410 3727 5481 ἀσχόλων

2161 5517 2330 5572 ὄντων
2365 5517 2493 5587 περὶ
2522 5517 2618 5578 τὰς
2665 5516 2786 5569 κατ’
2838 5515 3034 5593 αρτοὺς
3069 5514 3272 5583 ἐριδας,
3313 5512 3381 5575 ἃς
3439 5499 3725 5573 ἁνέφλεξαν

2165 5610 2463 5676 κενοδοξίας
2518 5610 2610 5662 καὶ
2649 5606 3226 5686 φιλαυτίαςμελχῖές
3279 5622 3445 5671 τινες,
3476 5601 3508 5671 ἦ
3541 5592 3726 5669 μᾶλλθν

1840 5704 2177 5768 Variorum
2213 5718 2401 5770 nota».

556 5804 671 5871 ιη)
711 5804 1086 5860 Cantacuzeu.
1126 5803 1220 5857 lib.
1250 5819 1289 5867 ι,
1316 5819 1437 5873 cap.
1499 5806 1589 5870 51,
1649 5806 1739 5867 55,
1802 5806 1887 5860 5L
1926 5805 2159 5861 Dromo.

564 5868 675 5947 (75)
699 5875 927 5930 Joannis
958 5876 1153 5933 Asauis
1188 5868 1457 5944 Bulgaria:
1486 5868 1631 5946 regis
1664 5877 1807 5932 ﬁlius
1852 5877 2275 5944 primogcuilus.
2308 5869 2443 5927 Vide
2474 5868 2673 5927 Famil.
2713 5871 2941 5945 Byzaut.
2976 5887 3098 5941 pag.
3125 5871 3248 5927 3'25.
3288 5872 3527 5925 Ducam.

3120 5964 3133 5991 \
