4062 6500
398 335 507 401 59]
653 333 729 406 [Α.
760 332 980 404 πίστει
1019 351 1087 391 ιο
1112 334 1275 411 esse]

1598 345 1650 405 Ν
1660 343 2025 405 ICEPHORI
2064 343 2451 407 GREGORIE

3556 344 3693 407 *600

2760 341 2907 414 [ιιιιι.
2933 354 3217 400 mamma.
3251 341 3410 416 sam]

403 447 582 514 tiavit,
616 462 697 513 se,
730 447 777 504 si
812 450 997 513 vellet,
1039 465 1201 522 opem
1228 451 1282 507 ei
1313 461 1506 509 contra
1536 431 1974 525 nepotem-latu-

2078 454 2404 528 Βουλγάρων
2449 455 2635 529 ἄρχων
2670 457 2980 533 λημμάτων
3017 457 3192 512 ἐλπίδι
3232 455 3514 534 μεγάλων
3547 457 3694 512 tau—

401 551 548 591 rum.
584 536 655 592 At
705 536 1026 606 imperator,
1053 540 1206 596 velut
1248 557 1279 597 e
1312 557 1510 612 magna
1559 551 1883 617 tempestate
1914 554 1973 600 et

401 626 687 696 naufragio
734 636 955 703 portum
1011 630 1295 700 insperato
1350 632 1626 704 adeptus,
1688 634 1971 691 mordicus

400 733 552 787 spem
600 718 747 775 illam
818 720 1019 777 tenuit.
1064 721 1270 777 Deinde
1319 722 1482 795 legati
1534 724 1679 779 ultro
1718 724 1968 795 citroque

400 808 553 865 missi
590 809 724 879 quid
757 811 1030 882 agendum
1067 814 1137 868 sit
1176 814 1524 872 deliberant:
1561 816 1693 873 item
1727 817 1794 872 de
1839 832 1969 887 pro-

402 900 586 957 missis
623 908 681 959 ct
719 902 1070 971 pactionibus
1102 914 1297 975 agunt,
1330 907 1587 965 omnibus
1617 907 1835 963 interim
1871 908 1972 963 ho-

403 1008 524 1053 rum
553 994 912 1053 consiliorum
937 997 1402 1068 ignaris,duobus
1428 1012 1526 1057 aut
1548 1002 1727 1058 tribus
1756 1002 1969 1059 intimis

397 1094 455 1141 et
492 1086 739 1143 Cralzena
794 1090 1082 1160 exceptis:
1114 1105 1237 1161 quae
1283 1091 1518 1149 subinde
1561 1102 1773 1164 patrem
1823 1095 1967 1151 bona

402 1191 499 1248 spe
546 1178 833 1248 implebat,
859 1196 1024 1251 quam
1068 1184 1194 1237 vani
1241 1192 1417 1252 vales,
1457 1194 1512 1241 et
1540 1187 1636 1256 qui
1687 1202 1875 1242 vocem
1911 1188 1969 1245 in

399 1275 592 1325 ventre
622 1266 851 1333 habent,
883 1268 934 1324 ei
963 1269 1263 1326 faciebant.

468 1543 537 1601 ll.
573 1546 802 1618 Magnus
854 1557 1038 1604 autem
1086 1548 1365 1620 logotheta
1424 1549 1770 1617 Metochites,
1805 1551 1969 1625 412

399 1644 691 1705 postquam
730 1638 1001 1693 seniorem
1047 1639 1438 1709 imperatorem
1472 1649 1529 1695 et
1570 1641 1969 1712 rempublicam

402 1722 545 1779 vidit
586 1723 810 1779 fortuna
865 1724 1051 1796 iniqua
1101 1741 1165 1781 ac
1207 1736 1464 1797 proterva
1495 1727 1821 1796 conflictari,
1853 1745 1972 1785 om-

2072 548 2163 601 τὸν
2186 549 2406 620 ἐπάρας
2437 548 2802 620 διεμηνύσατο
2828 549 3019 623 ,λάθρα
3046 551 3126 622 τῷ
3153 548 3380 623 γηραιῷ
3408 546 3687 619 βῐισιλεῑ,

2073 641 2120 692 εἰ
2148 640 2415 710 βούλοιτο,
2453 642 2817 713 συμμαχῆσαι
2852 641 3004 712 αύτῷ
3057 643 3202 696 κατὰ
3253 641 3357 694 τοῦ
3408 638 3695 706 ἐγγόνου.

2082 732 2143 785 '0
2187 732 2245 787 δὲ
2285 732 2562 803 βασιλεὺς,
2582 734 2789 802 ὥσπερ
2840 734 2905 789 ἐκ
2960 733 3203 803 μεγάλου
3246 732 3542 798 ναυαγίου
3594 733 3699 785 καὶ

2072 823 2344 889 κλύδωνος
2393 826 2824 897 ἀπροσδοκήτως
2877 825 3059 896 λιμένι
3108 823 3468 897 περιτυχὼν,
3504 822 3696 893 ἀπρὶξ

2070 916 2374 973 ἐπλάὸετο
2426 918 2643 974 τούτου.
2699 918 2815 973 Καὶ
2837 918 2968 990 ἑξῆς
3016 918 3496 990 διεπρεσϐεύοντο
3544 916 3698 987 πρὸς

2066 1007 2335 1080 ἀλλήλους
2362 1009 2492 1080 περὶ
2529 1007 2627 1064 τοῦ
2691 1012 2953 1081 ποιητέου
2985 1012 3081 1069 καὶ
3119 1011 3253 1083 περὶ
3306 1006 3698 1076 ἐπαγγελιῶν

2071 1101 2166 1155 καὶ
2195 1101 2500 1171 συνθηκῶν,
2533 1100 2769 1170 μηδενὸς
2814 1102 3280 1170 ἐπιγινώσκοντος
3330 1102 3412 1155 τὰ
3451 1100 3699 1171 βουλεύ-
3736 1149 3741 1154 ,

2074 1209 2245 1262 ματα,
2274 1191 2415 1263 πλὴν
2443 1191 2588 1246 δυοῖν
2618 1193 2650 1264 ἢ
2678 1192 2848 1263 τριῶν
2875 1194 2985 1247 τῶν
3006 1184 3146 1249 πάνυ
3178 1193 3554 1248 πιστοτάτων
3579 1194 3693 1246 καὶ

2070 1284 2175 1353 τῆς
2218 1283 2557 1355 Κραλαίνης,
2585 1284 2619 1355 ἢ
2652 1284 2914 1354 διηνεκῶς
2939 1286 3036 1340 τὸν
3059 1286 3272 1356 πατέρα
3301 1285 3407 1339 καὶ
3442 1285 3694 1355 βασιλέα

2073 1370 2295 1440 ἀγαθῶν
2320 1372 2634 1442 ἐνεπίμπλα
2659 1372 2913 1439 ἐλπίδων,
2948 1367 3023 1427 ὧν
3056 1375 3229 1442 αὐτὴν
3262 1376 3310 1429 οί
3345 1373 3693 1444 ψευδομάν-

2070 1481 2184 1527 τεις
2222 1466 2317 1518 καὶ
2346 1464 2779 1535 ἐγγαστρίμυθοι
2834 1466 3283 1536 ἐνεπίμπλασαν.

2144 1548 2222 1602 B'.
2266 1546 2325 1600 Ὀ
2359 1548 2545 1617 μέντοι
2578 1548 2753 1616 μέγας
2783 1547 3079 1620 λογοθέτης
3111 1552 3140 1603 ὁ
3170 1549 3505 1621 Μετοχίτης
3536 1551 3695 1622 ὁρῶν

2074 1637 2458 1709 στρεφομένην
2480 1636 2788 1706 ἀνωμάλως
2811 1638 2910 1706 τὴν
2928 1636 3100 1709 τύχην
3128 1638 3271 1690 κατὶι
3294 1637 3400 1691 τοῦ
3428 1637 3689 1708 γηραιοῦ

2075 1729 2346 1800 βασιλέως
2395 1729 2490 1782 καὶ
2530 1727 2980 1799 κατορχουμένην
3027 1725 3172 1782 οὕτω
3224 1727 3293 1783 τά
3346 1728 3695 1799 πράγματα

406 1811 561 1867 nium
586 1816 822 1870 maxime
852 1814 957 1869 sibi
990 1815 1209 1870 timuit:
1245 1816 1448 1888 quippe
1478 1818 1704 1888 quicum
1740 1820 1832 1877 ille
1858 1809 1974 1875 οηιέ

2076 1821 2266 1877 ἐδεδίει
2298 1822 2430 1892 περὶ
2461 1820 2640 1891 ἐαυτῷ
2675 1821 2912 1890 μάλιστα
2944 1820 3165 1874 πάντων
3204 1820 3407 1885 αὐτὸς,
3444 1820 3553 1875 ἆτε
3584 1823 3688 1875 καὶ

409 1901 501 1957 nia
530 1903 761 1959 dicenda
795 1904 1134 1975 tacendaque
1163 1909 1597 1964 communicaret
1629 1917 1683 1965 et
1710 1911 1830 1971 sine
1861 1926 1973 1981 quo

402 1998 539 2054 nihil
563 1994 884 2057 decerneret
899 2010 1215 2072 autageret.
1234 2003 1416 2071 Quare
1439 2006 1609 2062 tristis
1630 2017 1687 2063 et
1704 2008 1974 2067 sollicitus

401 2107 622 2161 semper
653 2102 769 2149 erat
795 2104 851 2149 et
882 2093 1195 2149 futurorum
1241 2097 1457 2166 plenus.
1493 2113 1727 2168 quorum
1762 2101 1972 2156 exitum

400 2182 505 2240 sibi
537 2200 729 2254 parum
756 2185 968 2240 felicem
996 2184 1111 2241 fore
1154 2189 1508 2257 pravidebat.
1539 2190 1785 2258 Quadam
1807 2192 1975 2264 igitur

401 2284 562 2331 nocte
580 2292 775 2332 novam
803 2277 972 2348 ignoti
999 2277 1242 2335 hominis
1267 2279 1499 2337 formam
1520 2283 1706 2340 videre
1723 2285 1876 2342 visus
1891 2297 1977 2342 est

400 2365 504 2421 sibi
519 2368 725 2437 jacenti
756 2372 1307 2440 astantem,pra2doni
1331 2382 1387 2428 et
1411 2375 1611 2444 agresti
1633 2375 1829 2431 latroni
1847 2392 1975 2447 per-

401 2453 672 2521 similem,
711 2460 804 2527 qui
840 2475 1035 2517 manus
1085 2462 1192 2518 sibi
1230 2460 1501 2532 injiCeret,
1538 2464 1687 2519 etde
1717 2465 1976 2522 cervicali

403 2548 588 2604 claves
612 2549 854 2606 cubiculi
889 2554 1109 2624 eripere
1142 2555 1329 2623 vellet,
1367 2555 1421 2609 in
1458 2570 1567 2626 quo
1620 2558 1867 2629 supellex
1920 2569 1977 2614 et

402 2653 629 2709 gemmae
662 2644 914 2719 repositae
939 2654 1099 2699 erant
1130 2653 1185 2701 et
1212 2645 1479 2717 quidquid
1510 2661 1678 2716 opum
1712 2649 1972 2705 habebat.

405 2726 610 2784 Somno
654 2740 837 2787 autem
879 2733 931 2786 vi
985 2748 1217 2789 excusso
1257 2743 1406 2793 totus
1453 2736 1635 2793 adhuc
1691 2738 1976 2811 trepidans

404 2837 719 2894 quanquam
779 2823 1198 2899 expergefactus
1244 2825 1566 2887 inclamavit
1624 2827 1880 2895 famulos,
1913 2839 1976 2891 ut

402 2914 717 2984 praedonem
751 2926 1247 2986 persequerentur,
1292 2933 1364 2973 ne
1416 2935 1525 2977 una
1559 2934 1684 2981 eum
1735 2921 1973 2990 pecunia

406 3004 693 3078 effugeret.
734 3006 1029 3077 ignorabat
1060 3009 1209 3067 enim
1236 3010 1355 3065 visa
1400 3010 1491 3067 illa
1520 3012 1797 3071 somnium
1823 3027 1972 3080 esse,

2078 1916 2312 1987 μάλιστα
2341 1915 2561 1969 πάντων
2602 1915 2767 1978 αὐτὸς
2796 1914 3070 1967 κοινωνῶν
3115 1913 3192 1983 τῷ
3222 1912 3457 1983 βασιλεῖ
3487 1912 3690 1984 ῥητῶν

2076 2008 2170 2062 καὶ
2201 2008 2530 2079 ἀπορρήτων
2580 2007 2677 2061 καὶ
2727 2003 2954 2076 γνώμης
3006 2007 3099 2063 καὶ
3139 2005 3409 2076 πράξεως
3461 2004 3683 2073 πάσης.

2075 2099 2166 2152 Διὸ
2197 2100 2292 2152 καὶ
2321 2098 2548 2161 σύννους
2582 2115 2666 2160 τις
2694 2092 2763 2168 ἦν
2793 2097 2888 2152 καὶ
2926 2099 3268 2167 ἐμμέριμνος
3302 2097 3401 2150 ἀεὶ
3431 2097 3536 2150 καὶ
3566 2096 3685 2148 τῶν

2079 2188 2380 2259 μελλόντων
2433 2186 2670 2257 πλήρης,
2700 2189 2759 2241 οὐ
2803 2186 2951 2258 μάλα
3002 2205 3086 2240 τοι
3117 2186 3289 2253 δεξιὸν
3355 2186 3424 2240 τὸ
3475 2187 3687 2256 μέλλον

2076 2278 2451 2350 σκοπούμενος
2480 2278 2655 2333 ἐπιόν.
2698 2279 2791 2333 Ἐν
2836 2279 2939 2349 μιᾷ
2982 2276 3114 2347 γοῦν
3142 2276 3253 2331 τῶν
3284 2277 3519 2332 νυκτῶν
3556 2277 3684 2330 ἐδοο

2077 2371 2168 2438 ξεν
2197 2369 2489 2425 ἀλλόκοτόν
2532 2373 2658 2424 τίνα
2692 2368 2993 2424 θεάσασθαι
3023 2369 3316 2438 ἄνθρωπον
3348 2368 3681 2425 ἐπιστάντα

2075 2464 2125 2516 οί
2155 2460 2414 2531 κειμένῳ,
2444 2459 2686 2530 ἀτεχνῶς
2724 2458 3013 2531 λωποδύτῃ
3046 2459 3152 2512 τινὶ¹
3203 2458 3302 2512 καὶ
3339 2457 3539 2526 ἀγρίῳ
3569 2456 3676 2528 λῃ-

2078 2556 2178 2625 στῇ
2202 2553 2416 2606 ἐοικότα
2446 2553 2545 2622 τὴν
2574 2550 2734 2622 χεῖρά
2770 2567 2830 2603 τε
2866 2549 3196 2621 ἐμϐαλόντα,
3223 2546 3679 2615 ἀφελέσθαιτοῦ

2079 2642 2516 2716 προσκεφαλαίου
2542 2644 2640 2706 τὰς
2665 2641 2760 2695 τοῦ
2782 2640 3026 2711 θαλάμου
3059 2640 3297 2702 κλεῖδας.
3324 2637 3417 2711 [Ρ.
3447 2636 3589 2710 255]
3617 2637 3678 2689 ἐν

2075 2730 2120 2806 ᾧ
2151 2738 2219 2793 τά
2243 2738 2319 2790 ἰε’
2343 2735 2546 2790 ἔπιπλα
2575 2733 2672 2789 καὶ
2722 2733 2771 2791 oi
2801 2733 3113 2796 πολυτελεῖς
3147 2732 3362 2785 ἔκειντο
3401 2730 3548 2783 λίθοι
3576 2728 3677 2783 καὶ

2075 2829 2178 2881 ὅσα
2229 2826 2339 2882 τῶν
2369 2810 2670 2897 χρημάτων
2719 2823 2870 2895 αὐτῷ
2914 2822 3132 2894 περιῆν.
3169 2821 3275 2875 Τὸν
3328 2822 3391 2874 δὲ
3446 2820 3546 2892 βίᾳ
3576 2821 3672 2873 τὸν

2077 2921 2245 2976 ὕπνον
2269 2918 2703 2986 ἀποτινάξασθαι
2738 2918 2834 2971 καὶ
2862 2916 3091 2987 θορύϐου
3114 2914 3315 2985 μεστὸν
3354 2912 3673 2986 ἐγερθέντα

2075 3013 2207 3085 βοᾷν
2236 3012 2327 3065 καὶ
2358 2996 2470 3074 τοῖς
2502 3010 2840 3081 θεράπουσιν
2879 3006 3265 3076 ἐγκελεύεσθαι
3302 3005 3541 3059 διώκειν
3576 3004 3670 3055 τὸν

407 3116 517 3157 non
567 3115 677 3157 rem
713 3115 922 3163 veram.
974 3101 1081 3166 Qui
1126 3117 1251 3165 cum
1295 3104 1477 3165 statim
1523 3107 1891 3162 surrexissent
1917 3115 1973 3163 et

2078 3104 2418 3173 λωποδύτην,
2455 3101 2529 3172 μὴ
2563 3101 2746 3173 φθάσῃ
2768 3099 2989 3171 διαδρὰς
3019 3098 3161 3164 μετὰ
3189 3098 3299 3150 τῶν
3324 3097 3670 3167 χρημάτων.

406 3191 556 3257 fores
591 3194 805 3251 clausas
846 3194 1205 3263 reperissent,
1250 3204 1307 3251 et
1360 3195 1742 3265 aﬂirmassent,
1780 3199 1974 3270 imagi-

406 3287 687 3342 nationem
726 3299 849 3343 esse
873 3300 903 3342 e
922 3285 1148 3345 diurnis
1175 3286 1606 3361 cogitationibus
1638 3298 1813 3349 ortam
1832 3331 1848 3361 ,
1882 3292 1974 3347 ille

406 3377 496 3432 vix
521 3376 588 3431 ad
617 3392 675 3433 se
703 3376 882 3447 ipsum
911 3392 1163 3434 reversus
1199 3379 1645 3437 ardentissimum
1670 3382 1973 3452 suapirium

407 3483 475 3523 ex
517 3468 628 3523 imo
678 3468 866 3531 traxit,
907 3483 971 3525 ac
1018 3484 1127 3524 non
1174 3477 1283 3527 tam
1338 3471 1667 3531 diurnarum
1717 3488 1973 3529 curarum

404 3555 737 3626 imaginem,
800 3570 963 3625 quam
1010 3558 1338 3628 praesagium
1386 3559 1696 3616 eversionis
1752 3561 1974 3617 familiae

406 3662 539 3712 suae,
588 3645 857 3701 visionem
911 3647 1059 3703 illam
1100 3664 1223 3705 esse
1266 3649 1559 3721 judicavit.
1613 3650 1795 3718 Quare
1845 3666 1970 3709 cum

405 3736 716 3803 diluxisset,
742 3738 1036 3818 plerasque
1061 3754 1194 3810 opes
1235 3754 1268 3795 e
1308 3741 1426 3798 suis
1461 3740 1673 3798 aedibus
1709 3750 1967 3813 tanquam

405 3830 709 3901 desperatis
723 3831 832 3902 jam
842 3833 1136 3893 translatas
1153 3833 1298 3888 inter
1307 3833 1514 3889 amicos
1528 3833 1821 3891 fidissimos
1834 3837 1975 3892 clam
1992 3844 1999 3851 '

405 3920 689 3977 distribuit
709 3922 1118 3979 custodiendas.
1142 3922 1324 3979 UXOre
1353 3938 1487 3980 vero
1509 3935 1563 3980 et
1589 3925 1802 3982 ancillis
1824 3926 1975 3982 domi

404 4013 610 4070 relictis
637 4015 752 4084 ipse
773 4012 1059 4084 infpalatio
1087 4014 1416 4069 commorari
1440 4013 1604 4086 413
1638 4030 1701 4071 ac
1731 4015 1975 4072 residere

403 4122 470 4163 ex
499 4122 566 4162 eo
588 4106 754 4178 cepit
774 4125 789 4173 ;
811 4106 957 4163 unde
997 4121 1098 4162 nec
1126 4106 1276 4163 foras
1313 4107 1717 4177 egrediebatur,
1751 4109 1976 4164 seditio-

403 4214 530 4254 nem
552 4199 741 4271 populi
767 4206 959 4253 contra
988 4212 1047 4253 se
1076 4198 1530 4254 eﬂ‘ervescentem
1550 4199 1971 4269 pertimescens.

2087 3186 2358 3266 Ἐλέλήθει
2393 3196 2502 3263 γὰρ
2525 3194 2684 3247 αὑτὸν
2713 3191 2964 3245 ἐνύπνιον
2993 3186 3133 3247 εἶναι
3173 3188 3241 3242 τὰ
3271 3187 3670 3259 φαντασθέντα

2074 3292 2167 3348 καὶ
2202 3288 2304 3347 οὐκ
2326 3288 2610 3359 ἀλήθειαν.
2636 3285 2757 3338 Τῶν
2780 3285 2844 3354 δὴ
2875 3283 3224 3354 θεραπόντων
3253 3280 3669 3334 διανιστάντων

2072 3383 2236 3448 εὐθὺς
2290 3381 2520 3445 καὶτὰς
2558 3379 2729 3451 θύρας
2776 3377 3178 3447 κεκλεισμένας
3227 3375 3515 3443 εὑρόντων
3570 3374 3669 3427 καὶ

2073 3476 2583 3531 διαόεὸαιωσάντων
2627 3472 2931 3540 φαντασίαν
2988 3465 3128 3522 εἶναι
3165 3467 3228 3521 τὸ
3271 3467 3521 3536 πρᾶγμα
3570 3466 3670 3517 καὶ

2079 3567 2461 3639 μεθημερινῶν
2497 3565 2796 3637 φροντίδων
2851 3563 3161 3634 βλάστημα,
3192 3559 3363 3631 μόλις
3413 3560 3498 3620 είς
3533 3558 3664 3610 ἐαυ-

2078 3658 2170 3713 τὸν
2228 3656 2399 3712 ἐλθὼν
2431 3657 2762 3729 θερμότατόν
2815 3672 2939 3709 τινα
2992 3651 3297 3723 στεναγμὸν
3341 3652 3414 3704 ἐκ
3456 3648 3666 3719 βάθους

2076 3748 2386 3818 ἀνέπεμψε,
2435 3749 2530 3801 καὶ
2549 3749 2608 3803 ού
2653 3746 2907 3801 τοσοῦτον
2940 3742 3325 3816 μεθημερινῶν
3350 3740 3665 3813 φροντίδων

2075 3842 2367 3913 βλάστημα
2389 3840 2471 3909 (τὸ
2511 3838 2712 3910 φανθὲν
2754 3839 2992 3906 ἔκρινεν,
3031 3838 3157 3890 ὅσον
3222 3835 3493 3905 μαντείαν
3539 3829 3663 3885 τινὰ

2073 3933 2170 3987 καὶ
2198 3934 2654 4004 προαναφώνησιν
2678 3930 2773 3986 τοῦ
2801 3930 3089 4002 μέλλοντος
3118 3926 3543 3997 καταλήψεσθαι
3567 3922 3667 3975 τὸν

2072 4023 2276 4076 οἰκεῖον
2322 4016 2473 4075 οἷκον
2512 4020 2849 4091 ἀφανισμοῦ.
2882 4019 3046 4073 Ὅθεν
3084 4018 3297 4089 ἡμέρας
3342 4016 3661 4085 γενομένης

2073 4113 2143 4167 τὰ
2170 4112 2337 4166 πλείω
2366 4111 2475 4166 τῶν
2503 4111 2806 4182 χρημάτων
2834 4109 3170 4179 ἀφελόμενος
3199 4108 3301 4176 τῆς
3328 4104 3539 4169 οἰκίας,
3560 4102 3657 4155 am

2073 4203 2505 4272 άπεγνωσμένης
2575 4202 2701 4274 ἢδη,
2747 4201 3043 4273 διεμέρισέ·
3065 4219 3125 4255 τε
3178 4197 3428 4253 καὶτῶν
3484 4194 3658 4264 φίλων

401 4293 517 4355 τοῖς
567 4291 912 4354 πιστοτάτοις
954 4290 1132 4361 λάθρα
1159 4290 1406 4345 ἐδεδώκει
1452 4289 1754 4355 φυλάττειν
1786 4292 1958 4363 αὐτῷ.
2016 4292 2076 4348 '0
2120 4294 2177 4350 δὲ
2210 4295 2324 4380 ,τὴν
2357 4296 2594 4365 γυναῖκα
2643 4293 2740 4348 καὶ
2805 4293 2907 4358 τὰς
2975 4292 3363 4363 θεραπαινίδας
3399 4288 3533 4359 περὶ
3564 4286 3661 4338 τὸν

402 4381 553 4438 οἷκον
589 4383 750 4453 ἀφεὶς
782 4380 948 4442 αὐτὸς
996 4384 1127 4452 περὶ
1159 4383 1226 4436 τὰ
1260 4381 1511 4452 βασίλεια
1550 4382 1818 4453 ἀπρόῖτον
1872 4385 1970 4438 τοῦ
2008 4384 2197 4441 λοιποῦ
2233 4387 2331 4457 τὴν
2399 4384 2685 4458 διατριϐὴν
2760 4384 2856 4440 καὶ
2898 4380 3213 4455 καταμονὴν
3257 4384 3525 4449 ἐποιεῖτο,
3569 4381 3658 4434 δε·

403 4474 533 4538 διὼς
587 4475 686 4545 τὴν
717 4471 813 4526 τοῦ
849 4473 1022 4542 δήμου
1049 4471 1239 4526 στάσιν
1259 4473 1702 4542 φλεγμαίνουσαν
1732 4476 1855 4528 κατ’
1877 4475 2065 4530 αὑτοῦ.

473 4567 561 4622 ιιι.
595 4564 867 4620 Caeterum
907 4562 1000 4632 qui
1047 4577 1079 4617 a
1126 4562 1342 4619 seniore
1374 4562 1704 4631 imperatore
1742 4563 1974 4622 urbibus

2093 4554 2116 4576 ⁸
2150 4565 2227 4623 Γ¹.
2260 4567 2323 4621 Oi
2358 4568 2543 4639 μέντοι
2580 4566 2736 4638 παρὰ
2770 4564 2862 4621 τοῦ
2898 4564 3132 4636 γηραιοῦ
3168 4564 3439 4635 βασιλέως
3478 4579 3655 4634 προα-

401 4666 458 4715 et
503 4653 806 4727 provinciis
838 4652 1168 4707 Macedoniae
1207 4652 1481 4721 praepositi
1529 4663 1688 4708 antea
1731 4654 1966 4721 fuerant,

403 4764 511 4803 una
534 4762 659 4802 cum
691 4744 956 4812 uxoribus
981 4752 1036 4798 et
1064 4742 1255 4797 liberis
1276 4746 1360 4813 (ut
1385 4752 1510 4797 ante
1536 4743 1798 4818 diximus)
1825 4747 1969 4816 capti

402 4849 552 4906 sunt,
588 4849 644 4894 et
675 4837 873 4910 partim
925 4835 1391 4902 Thessalonicam,
1425 4839 1621 4908 partim
1670 4840 1972 4913 Didymoti-

402 4936 568 4991 chum
593 4931 772 4996 missi,
802 4944 991 4984 omnes
1022 4943 1209 4985 earum
1246 4930 1462 4985 urbium
1494 4946 1743 4987 carceres
1778 4917 1970 5002 imple-

399 5032 622 5083 verunt.
675 5006 1146 5078 Demetriusivero
1190 5021 1432 5093 despota,
1468 5039 1639 5079 uxore
1682 5032 1738 5079 et
1780 5023 1971 5079 liberis

400 5115 629 5183 relictis,
662 5115 756 5187 qui
794 5131 824 5170 a
869 5114 1329 5186 persequentibus
1373 5115 1515 5186 capti
1552 5124 1702 5179 sunt,
1743 5114 1866 5186 fuga
1900 5116 1968 5170 ad

401 5209 607 5264 Servis:
634 5205 848 5262 Cralem
878 5202 1116 5277 elapsus.
1152 5206 1609 5261 Protovestiarius
1639 5214 1822 5260 autem
1861 5207 1971 5259 An-

399 5300 679 5365 dronicus,
712 5301 778 5354 ad
812 5309 1023 5370 tempus
1048 5308 1103 5354 et
1133 5297 1248 5368 ipse
1278 5299 1559 5368 despotam
1591 5307 1832 5362 secutus,
1858 5312 1966 5352 non

398 5396 579 5465 potuit
606 5403 873 5466 perpetuo
897 5391 1120 5462 parasiti
1147 5405 1299 5444 more
1323 5390 1495 5443 aliena
1523 5389 1732 5458 quadra
1756 5388 1964 5450 vivere,

402 5494 461 5540 ut
495 5487 607 5542 ille.
659 5486 779 5541 Sed
803 5492 1036 5555 quantas
1065 5481 1229 5537 modo
1271 5494 1427 5550 opes,
1445 5481 1721 5551 jumenta,
1753 5494 1977 5550 posses-

401 5581 618 5648 siones,
652 5582 882 5652 gloriam
935 5595 1060 5635 eum
1110 5577 1258 5633 omni
1313 5591 1410 5647 spe
1460 5576 1644 5632 subito
1703 5576 1976 5632 amisisset

402 5685 587 5725 secum
622 5682 907 5741 reputans,
935 5679 992 5725 et
1031 5671 1123 5725 illa
1167 5669 1332 5723 etiam
1367 5667 1434 5723 de
1465 5682 1633 5723 uxore
1666 5670 1974 5736 suspicatus

403 5764 628 5834 probra.
654 5764 867 5837 .uuibus
897 5762 1125 5821 captiva:
1157 5760 1412 5817 mulieres
1445 5760 1580 5816 allici
1610 5761 1678 5817 ab
1715 5762 1972 5817 hostibus

2080 4657 2443 4720 ποσταλέντες
2491 4660 2573 4720 εἰς
2605 4656 2705 4727 τὴν
2736 4656 2846 4711 τῶν
2880 4658 3020 4713 κατὰ
3061 4655 3404 4712 Μακεδονίαν
3458 4652 3658 4726 χωρῶν

2079 4748 2173 4802 καὶ
2207 4747 2417 4801 πόλεων
2446 4746 2718 4823 διοίκησιν
2749 4748 2995 4800 ἑάλωσαν
3043 4746 3160 4817 ἆμα
3207 4747 3426 4815 γυναιξί
3454 4762 3517 4801 τε
3558 4746 3652 4797 καὶ

2075 4843 2310 4909 τέκνοις,
2339 4843 2415 4904 ὡς
2444 4842 2689 4912 ἔφθημεν
2716 4842 3034 4911 εἰρηκότες.
3073 4842 3169 4894 καὶ
3195 4840 3652 4912 διαμερισθέντες

2077 4937 2180 4992 ὅσα
2209 4937 2338 5006 περὶ
2378 4936 2786 5006 Θεσσαλονίκην
2829 4936 2921 4988 ml.
2949 4935 3337 5007 Διδυμότειχον
3360 4933 3651 5002 δεσμωτήο

2081 5046 2172 5098 ρια
2223 5030 2399 5096 πάντα
2439 5031 2613 5097 μεστὰ
2663 5027 2874 5086 ἑαυτῶν
2924 5027 3321 5096 πεποιήκεσαν.
3393 5025 3452 5079 Ὅ
3500 5023 3555 5076 δέ
3586 5037 3649 5088 γε

2076 5118 2344 5186 δεσπότης
2382 5120 2690 5189 Δημήτριος
2723 5116 2900 5186 φυγάς
2936 5115 3107 5187 ᾤχετο
3140 5114 3321 5169 ἀπιὼν
3352 5115 3504 5184 παρὰ
3554 5110 3647 5162 τὸν

2080 5209 2303 5280 Κράλην
2337 5209 2589 5280 Σερδίας,
2646 5211 2883 5281 γυναῖκα
2933 5213 3024 5261 καὶ
3076 5209 3271 5270 παῖδας
3325 5205 3645 5259 καταλιπὼν

2076 5300 2383 5372 διώκουσιν.
2432 5300 2490 5353 '0
2513 5300 2570 5353 δὲ
2626 5302 3125 5371 πρωτοὸεστιάριος
3183 5300 3519 5370 Ἀνδρόνικος
3547 5294 3643 5363 μέ-

2075 5410 2167 5464 χρι
2196 5393 2341 5457 τινὸς
2383 5392 2649 5461 ἑπόμενος
2685 5392 2781 5446 καὶ
2831 5390 2997 5455 αὐτὸς
3025 5393 3103 5464 τῷ
3125 5392 3358 5460 δεσπότῃ
3405 5390 3504 5442 οὐκ
3531 5385 3645 5437 ἐδυ-

2074 5484 2211 5556 νήθη
2257 5485 2423 5555 μέχρι
2443 5485 2630 5547 τέλους
2664 5484 2914 5554 καθάπερ
2948 5503 3032 5547 τις
3060 5484 3363 5555 παράσιτος
3397 5486 3453 5544 ἐς
3485 5476 3640 5532 ἀλλο⁸
3728 5470 3735 5473 ⁷

2072 5576 2231 5647 τρίαν
2264 5575 2598 5631 ἀποϐλέπειν
2645 5576 3149 5647 τράπεζαν,ὧσπερ
3207 5576 3435 5636 ἐκεῖνος.
3504 5564 3643 5621 Ἀλλ’

2071 5668 2558 5737 ἀναλογισάμενος,
2619 5669 2743 5721 ὅσον
2783 5667 3043 5737 ἐξαπίνης
3077 5667 3356 5737 ἀφῄρηται
3414 5659 3637 5716 πλοῦτον

2072 5760 2170 5815 καὶ
2198 5762 2372 5820 κτήνη
2404 5761 2499 5814 καὶ
2524 5762 2782 5821 κτήματα
2813 5761 2908 5815 καὶ
2934 5761 3094 5822 δόξαν
3140 5762 3280 5815 μετὰ
3311 5757 3499 5815 πασῶν
3530 5751 3633 5806 τῶν
