4062 6444
347 326 459 391 60]

643 323 718 395 [Α.
760 337 816 376 C-
863 321 1004 380 1382'
1033 341 1098 380 AD
1142 317 1302 397 1523]
1381 329 1823 391 BYZANTIN/E
1864 329 2252 390 HISTORHZ
2295 331 2440 391 LIB.
2476 332 2578 394 IX.

2700 325 2837 399 [nun
2879 338 3161 382 annnoxtc.
3203 332 3345 400 sem]

3489 334 3596 398 610

330 435 436 517 ἧκέ
467 461 550 508 τις
576 441 800 498 καὶτῶν
830 442 1058 511 ἔγγιστα
1102 445 1319 513 χωρίων
1345 442 1425 513 τῷ
1456 443 1644 514 δρόμῳ
1674 441 1897 511 ἀσθμαί·

2012 442 2161 512 agris
2183 441 2447 495 anhelans
2480 443 2740 506 accurrit,
2773 451 2829 496 et
2864 440 3194 512 Gyrolimnaa
3224 454 3382 512 porta
3418 446 3590 501 vehe-

333 551 475 586 νων·
521 540 615 590 καὶ
648 531 885 604 κρούσας
939 533 1036 595 τὰς
1067 533 1217 602 παρά
1267 535 1332 602 τῇ
1386 533 1696 604 Γυρολίμνῃ
1732 533 1908 594 πύλας

335 624 742 692 έκπληκτικώτε
753 642 842 692 ρον
875 624 1056 677 ἐκάλει
1080 625 1206 677 τινά
1229 625 1336 678 τῶν
1357 625 1505 679 ἔνδον
1530 642 1544 657 ·
1579 625 1676 679 καὶ
1699 625 1908 679 ὲλθόντι

335 717 639 788 ἑωρακέναι
696 718 903 784 ἔφασκε
961 717 1045 790 [Ρ.
1081 716 1210 790 258]
1246 719 1353 789 πρὸ
1408 718 1641 790 βραχέος
1676 717 1907 782 πολλούς

334 831 490 878 τινας
525 810 635 863 τῶν
663 809 754 862 τοῦ
790 810 909 862 νέου
944 809 1208 879 βασιλέως
1249 815 1452 881 σπουδῇ
1509 812 1939 881 προσελαύνονς.

337 921 436 965 τας
470 901 605 972 πρὸς
640 903 706 954 τὰ
735 902 862 971 περὶ
887 903 980 955 τὶν
1022 901 1301 972 Ῥωμανὺν
1348 905 1504 973 τείχη
1541 903 1650 972 (86)
1679 905 1776 973 τῆς
1812 886 1908 958 πόέ

335 995 494 1057 λεως.
533 993 710 1061 Ὅπερ
757 993 1026 1046 ἀκουσθέν
1069 993 1146 1064 τῷ
1201 993 1414 1065 βασιλεῖ
1453 995 1618 1063 φόϐον
1683 996 1904 1048 ἐνέϐαλε

338 1085 589 1138 πλεῖστον
623 1086 715 1139 καὶ
759 1083 988 1155 θόρυϐον
1018 1083 1303 1156 ἐνεποίησε
1335 1086 1633 1155 λογισμῶν.
1664 1088 1772 1140 Καὶ
1794 1087 1905 1140 ἐδο-

343 1177 430 1242 ξεν
478 1177 750 1241 ἀνοίξαντι
783 1177 1012 1247 συχνοὺς
1049 1177 1162 1232 τῶν
1193 1178 1540 1248 στρατιωτῶν
1590 1177 1906 1242 ἐξαποστεῖ-

338 1268 448 1333 λαι,
475 1266 724 1337 φύλακας
748 1268 1078 1339 περιπόλους
1097 1269 1190 1321 τοῦ
1220 1269 1476 1339 χερσαίου
1499 1269 1903 1339 γενησομένους

335 1361 549 1431 τείχους
575 1359 681 1412 ἀπὸ
703 1359 971 1431 Θαλάττης
993 1360 1122 1429 ἄχρι
1153 1359 1443 1431 θαλάττης.
1494 1359 1635 1412 Ἀλλ’
1665 1362 1693 1414 ό
1726 1360 1904 1430 μέγας

335 1447 586 1518 ἐμποδὼν
616 1449 909 1519 γεγένηται
942 1448 1252 1517 λογοθέτης,
1287 1448 1503 1512 ἀνάξιον
1530 1442 1671 1502 εἶναι
1720 1450 1903 1520 φήσας

337 1538 780 1608 μεγαλοπρεπέσι
849 1539 1195 1609 φρονήμασιν
1267 1539 1522 1593 ἐνδιδόναι
1575 1541 1712 1610 πρὸς
1759 1539 1902 1593 οὕτω

335 1632 771 1700 σμικροπρεπεῖς
821 1632 989 1695 ἀκοὰς
1022 1634 1119 1684 κοιλ⁵
1176 1633 1365 1702 φήμας
1397 1633 1666 1701 ἀγεννεῖς.
1695 1633 1765 1685 Ἦ
1793 1633 1901 1704 γάρ

337 1719 413 1790 μὴ
448 1717 587 1774 εἶναι
623 1721 684 1774 τδ
729 1723 962 1793 λαληθὲν
1011 1723 1229 1792 ἀληθὲς,
1272 1724 1303 1795 ἢ
1363 1725 1555 1794 μωρὰν
1608 1720 1748 1779 εἶναι
1801 1726 1902 1794 τὴν

333 1810 675 1881 ἐπιχείρησιν
705 1852 718 1875 ,
759 1813 1035 1876 τοσούτοις
1084 1814 1272 1876 ὅπλοις
1319 1817 1428 1868 τῶν
1457 1832 1514 1868 τε
1552 1817 1738 1870 πυλῶν
1763 1816 1900 1887 ὁμοῦ

333 1903 428 1954 καὶ
455 1903 564 1955 τῶν
591 1903 786 1972 τειχῶν
836 1905 1265 1974 πεφραγμένων.
1303 1907 1514 1960 Ταυτδν
1541 1907 1651 1980 γὰρ
1684 1909 1900 1974 πείσον-

332 2004 454 2056 ται,
489 1995 535 2044 εἰ
556 1995 619 2064 τῇ
645 1995 834 2065 είσόδῳ
865 1996 958 2049 νῦν
990 1998 1290 2067 ἐπιχειρεῖν
1317 1999 1634 2071 ἐθελήσαιεν
1665 2003 1714 2055 οί
1744 2003 1899 2057 πολέ-

339 2099 472 2149 μιοι,
502 2084 684 2136 ὁποῖον
712 2087 803 2138 καὶ
833 2088 880 2138 οί
931 2087 1070 2158 πρὸς
1101 2089 1301 2158 κέντρα
1333 2090 1699 2156 λακτίζοντες.
1731 2095 1901 2148 Ταυτὶ

337 2173 381 2224 δ’
412 2174 646 2244 ἔφασκεν
693 2172 868 2242 οὗτος,
924 2181 1032 2232 εἴτε
1064 2181 1152 2233 διὰ
1188 2183 1248 2234 τὸ
1277 2185 1444 2256 ἀδαὴς
1488 2188 1902 2256 στρατιωτικῶν

303 2262 475 2332 ⁵εἶναι
505 2271 858 2339 πραγμάτων,
893 2273 1002 2326 εἴτε
1027 2275 1120 2325 τοῦ
1147 2274 1280 2329 Θεοῦ
1309 2276 1615 2347 σφῆλαντος
1640 2281 1742 2352 τὴν
1772 2281 1865 2335 τού
1883 2309 1900 2324 ο

334 2371 432 2406 του
458 2357 726 2421 διάνοιαν,
762 2362 849 2413 ἵνα
881 2366 976 2417 καὶ
1032 2366 1208 2437 πέρας
1261 2368 1293 2434 ἠ
1349 2370 1658 2438 κυρωθεῖσα
1689 2373 1901 2426 ἀνωθεν

332 2442 509 2513 ψῆφος
561 2447 710 2518 σχοίη
749 2451 890 2503 κατά
935 2449 1032 2503 τοῦ
1066 2453 1298 2522 γηραιοῦ
1353 2455 1618 2526 βασιλέως
1652 2461 1748 2513 καὶ
1791 2461 1902 2515 τῶν

329 2539 521 2590 τούτου
549 2541 911 2610 πραγμάτων.

402 2631 475 2687 1".
510 2633 674 2687 Οὔπω
717 2636 779 2689 τὸ
818 2637 1002 2706 τρίτον
1061 2637 1162 2707 τῆς
1221 2640 1414 2706 νυκτὸς
1440 2646 1752 2718 παρερῤύη,
1803 2650 1907 2704 καὶ·

333 2727 516 2795 συχνοὶ
544 2730 691 2798 παρὰ
733 2731 832 2794 τὰς
866 2731 1037 2797 πύλας
1068 2731 1222 2798 αὖθις
1253 2741 1352 2807 τῆς
1382 2738 1722 2811 Γυρολίμνης
1761 2739 1906 2816 ἧκον-

331 2817 582 2885 ἀγροῖκοί
614 2835 759 2883 τινες
789 2822 852 2873 ἐκ
893 2822 1003 2876 τῶν
1059 2827 1397 2894 προαστείων
1444 2831 1544 2897 τῆς
1573 2832 1895 2898 Βυζαντίδος

330 2909 423 2994 καὶ
447 2908 614 2964 πολὺν
644 2911 864 2981 ἐδήλουν
899 2917 1011 2976 τοῖς
1052 2916 1280 2982 φύλαξιν
1310 2919 1663 2989 ἀθροίζεσθαι
1707 2919 1894 2994 ὅμιλον

330 2993 526 3058 ἔξωθεν
554 2999 704 3070 παρὰ
735 3002 828 3066 τὰς
856 3002 1032 3068 πύλας
1068 3005 1163 3059 τοῦ
1207 3007 1509 3078 Ῥωμανοῦ.
1537 3011 1714 3084 Ὅπερ
1739 2993 1892 3079 αὖθις

1871 1778 1977 1838 ςΒ

2012 534 2252 590 mentius
2289 533 2500 602 pulsata
2548 533 2788 600 aliquem
2843 549 3034 588 eorum
3087 535 3179 604 qui
3237 534 3388 590 intus
3433 545 3593 592 erant

2009 637 2240 678 evorare
2268 625 2458 694 coepit,
2488 633 2542 677 ct
2583 625 2632 677 ci
2668 625 2762 693 qui
2808 625 3051 680 venisset
3087 625 3246 693 dixit,
3286 614 3488 682 vidisse
3531 644 3592 685 se

2010 713 2174 782 paulo
2221 721 2351 795 ante
2381 729 2448 768 ex
2495 714 2733 784 junioris
2768 713 3116 783 imperatoris
3146 718 3392 770 exercitu
3436 733 3592 772 com-

2008 804 2216 873 plures,
2249 804 2344 874 qui
2381 803 2447 858 ad
2485 805 2639 859 urbis
2685 806 2885 860 mtenia
2937 807 3170 860 Romani
3203 816 3374 877 portae
3405 809 3588 864 vicina

2009 911 2134 950 cum
2171 896 2522 951 festinatione
2559 882 3044 967 progrederemur.
3095 898 3224 964 Quae
3273 914 3361 953 res
3399 901 3587 953 audita

2010 996 2281 1042 terrorem
2335 988 2654 1057 imperatori
2708 988 3008 1042 maximum
3068 989 3300 1044 incussit
3344 1005 3408 1044 ac
3465 991 3588 1060 ejus

2007 1077 2254 1132 animum
2305 1079 2474 1133 variis
2517 1078 2946 1148 cogitationibus
3003 1081 3367 1148 perturbavit.
3429 1081 3584 1136 Unde

2006 1173 2185 1224 visunt
2243 1171 2369 1241 ipsi,
2408 1180 2564 1241 porta
2611 1181 2820 1240 aperta,
2870 1187 3032 1241 quam
3082 1172 3348 1242 plurimos
3377 1174 3584 1230 milites

2003 1263 2283 1327 emittere,
2319 1265 2414 1334 qui
2471 1264 2747 1319 terrestria
2782 1263 2980 1319 moenia
3015 1280 3043 1317 a
3093 1265 3230 1318 mari
3282 1281 3458 1335 usque
3509 1265 3578 1320 ad

2005 1369 2156 1409 mare
2189 1357 2553 1411 custodiendo
2581 1357 2967 1412 circumirent.
3008 1356 3112 1410 Sed
3148 1373 3377 1428 magnus
3424 1359 3582 1427 logo-

2006 1445 2155 1500 theta
2207 1446 2476 1516 impediit,
2511 1447 2794 1519 indignum
2850 1461 2970 1502 esse
3005 1463 3203 1518 magno
3258 1449 3445 1503 animo
3497 1450 3582 1504 in-

2003 1538 2220 1607 quiens,
2263 1548 2372 1593 tam
2409 1538 2515 1593 levi
2549 1553 2772 1594 rumore
2807 1549 2862 1595 et
2896 1539 3127 1610 ignobili
3162 1539 3304 1596 fama
3336 1556 3584 1596 coinmo-

2004 1629 2116 1683 veri
2147 1644 2162 1680 :
2199 1636 2294 1682 aut
2323 1628 2470 1683 enim
2507 1627 2705 1683 falsum
2755 1644 2880 1685 esse
2913 1631 3194 1696 nuntium,
3228 1641 3323 1686 aut
3353 1632 3581 1687 stultum

2001 1735 2126 1776 esse
2179 1729 2438 1774 conatum
2481 1728 2592 1774 tam
2645 1736 2971 1790 paucorum,
3007 1737 3132 1777 cum
3175 1731 3231 1776 et
3293 1723 3494 1777 moenia
3529 1731 3585 1777 et

2008 1821 2179 1884 porta:
2209 1821 2288 1867 tot
2318 1813 2486 1868 armis
2515 1824 2683 1884 septae
2712 1815 2844 1868 sint.
2873 1814 3021 1870 ldcm
3055 1816 3200 1870 enim
3228 1817 3503 1881 hostibus,
3537 1815 3583 1870 si

2008 1905 2044 1960 ii
2087 1919 2235 1961 nunc
2295 1905 2507 1976 ingredi
2565 1917 2859 1974 conentur,
2903 1923 3007 1963 usu
3065 1919 3382 1972 venturum,
3433 1908 3584 1978 quod

2009 2005 2199 2050 contra
2231 1995 2518 2049 stimulum
2549 1996 2992 2052 calcitrantibus.
3025 1995 3148 2051 Haec
3196 1997 3586 2052 veroldicebat

2007 2087 2094 2141 vel
2127 2097 2186 2142 ut
2234 2088 2314 2142 rei
2364 2087 2620 2142 militaris
2647 2087 2806 2160 42],
2845 2072 3092 2159 ignarus,
3121 2088 3207 2142 vel
3259 2089 3388 2158 quia
3440 2089 3584 2144 Deus

2008 2180 2126 2250 ipse
2160 2191 2400 2236 mentem
2429 2183 2546 2252 ejus
2576 2183 2948 2247 subverterat,
2981 2191 3043 2236 ut
3075 2181 3351 2236 sententia
3386 2191 3580 2235 contra

2007 2273 2282 2328 seniorem
2312 2273 2703 2343 imperatorem
2731 2282 2788 2327 ct
2816 2283 3007 2327 contra
3039 2286 3128 2327 res
3163 2271 3284 2342 ejus
3316 2270 3586 2326 divinitus

2006 2363 2110 2420 lata
2143 2365 2363 2420 tandem
2393 2375 2508 2420 rata
2535 2372 2700 2420 esset.

1986 2631 1989 2633 ’
2073 2647 2166 2705 Ill.
2217 2647 2476 2702 Nondum
2523 2646 2694 2700 terti=
2732 2653 2890 2715 parte
2938 2643 3119 2699 noctis
3169 2643 3353 2713 elapsa
3399 2643 3592 2700 denuo:

2004 2740 2318 2809 complures
2349 2738 2539 2792 rustici
2570 2753 2601 2791 e
2632 2736 2918 2791 suburbiis
2943 2736 3186 2808 Byzantii
3214 2735 3282 2789 ad
3314 2735 3585 2806 Gyrolim-

2003 2849 2085 2887 me
2118 2841 2328 2902 portam
2365 2831 2564 2885 adsunt
2591 2838 2647 2883 et
2672 2827 3000 2883 custodibus
3033 2827 3300 2890 indicant,
3332 2843 3581 2896 magnam

2002 2923 2287 2976 hominum
2337 2920 2750 2976 multitudinem
2792 2920 2925 2974 foris
2974 2918 3040 2972 ad
3083 2918 3316 2972 Romani
3367 2928 3580 2987 portam

2001 3014 2316 3069 convenire.
2351 3013 2509 3080 Quod
2543 3027 2738 3067 rursus
2777 3012 2841 3065 ad
2875 3009 3228 3078 imperatoris
3265 3021 3430 3061 aures
3458 3021 3584 3077 per-

328 3089 408 3151 είς
451 3092 552 3152 τὰς
602 3091 886 3161 βασιλικὰς
914 3097 1087 3162 ἀκοὰς
1141 3101 1575 3172 ἀνενηνεγμένον
1624 3109 1702 3172 είς
1730 3109 1892 3176 φόϐον

2000 3107 2170 3160 latum
2202 3107 2321 3176 ejus
2359 3116 2564 3159 metum
2611 3118 2674 3158 ac
2720 3102 3146 3172 trepidationem
3178 3101 3348 3154 auxit.
3396 3100 3594 3169 Itaque

327 3186 420 3236 καὶ
442 3184 666 3255 θόρυϐον
695 3188 871 3258 ἧγαγε
905 3190 1158 3245 πλείονα·
1214 3195 1310 3249 καὶ
1344 3200 1656 3269 τραχυτέρᾳ
1685 3206 1898 3270 χρησά-

329 3294 488 3347 μενος
533 3282 597 3350 τῇ
628 3283 778 3352 φωνῇ
828 3282 965 3353 πρὸς
995 3284 1090 3338 τὸν
1117 3287 1293 3356 μέγαν
1323 3289 1528 3358 ἔφασκε
1564 3294 1858 3367 λογοθέτην
1879 3312 1894 3327 ⁸

251 3378 272 3394 ⁸
333 3388 352 3421 ι
389 3370 631 3433 Ἔοικας,
661 3371 935 3442 ἄνθρωπε,
968 3375 1187 3446 σιδήρου
1225 3379 1387 3449 φύσιν
1437 3384 1743 3455 εἰληφέναι.
1797 3389 1897 3442 Διά

324 3463 432 3530 γὰρ
485 3464 642 3516 τοῦτο
669 3464 762 3518 καὶ
809 3466 980 3528 ἀδεῶς
1023 3468 1168 3539 ἔχεις
1201 3473 1311 3526 τῶν
1339 3473 1618 3545 λογισμῶν
1665 3479 1761 3533 κα)⁵
1797 3481 1896 3535 οὐκ

325 3557 627 3630 ἐπαιτθάνῃ
652 3560 760 3613 τῶν
813 3567 1328 3634 περιστοιχιζόντων
1373 3571 1522 3638 ἡμᾶς
1552 3569 1680 3638 ἄρτι
1711 3575 1892 3626 κινδύ-

323 3665 450 3702 νων,
488 3649 567 3701 Ἦ.
589 3651 686 3720 οὐχ
722 3652 872 3721 ὁρᾷς,
903 3653 980 3716 ὡς
1003 3655 1124 3718 ,οὐκ
1161 3656 1226 3727 ἐᾷ
1281 3674 1348 3726 με
1379 3659 1438 3711 τὸ
1472 3663 1703 3730 πρᾶγμα
1725 3663 1896 3734 καθῆ-

324 3739 466 3802 σθαι,
506 3741 642 3812 μηδὲ
673 3744 1514 3820 καταδαρθάνεινςἈλλ”ῶσπερ
1561 3769 1645 3815 τις
1675 3753 1896 3824 ίσχυρὸς

322 3833 566 3900 πάταγος
597 3836 625 3887 ὁ
663 3836 757 3889 τοῦ
787 3838 1012 3905 ἐγγόνου
1051 3857 1152 3908 μου
1179 3840 1409 3910 θόρυϐος
1437 3847 1626 3911 κροτεῖ
1671 3864 1770 3914 μου
1795 3847 1892 3911 τὰς

320 3929 489 3990 ἀκοὰς
532 3927 626 3980 καὶ
663 3932 856 4000 συγχεῖ
892 3948 994 4000 μου
1035 3933 1135 4002 τὴν
1162 3933 1405 3988 διάνοιαν
1435 3938 1528 3990 καὶ
1563 3936 1752 3990 δεινῶν
1803 3956 1894 4010 μοι

321 4018 553 4087 πέλαγος
575 4019 806 4091 έρῤωγε,
839 4023 936 4085 τάς
965 4039 1028 4092 γε
1065 4025 1268 4096 φρένας
1297 4027 1562 4080 τινάττων
1594 4031 1765 4101 συχνὰ
1800 4029 1895 4083 καὶ

321 4114 503 4166 κυκῶν
525 4115 616 4166 καὶ
647 4115 882 4185 βυθίζων
914 4133 1014 4186 μου
1050 4119 1148 4187 τὴν
1174 4119 1424 4189 καρδίαν.
1449 4139 1468 4172 ι
1499 4120 1614 4174 Ὅδ*
1635 4119 1894 4192 ἄντικρυς

320 4207 677 4274 Μακκαϐαῖος
708 4205 799 4282 ἦν,
851 4212 964 4275 τοῖς
1010 4212 1300 4282 προτέροις
1353 4214 1610 4283 ἐμμένων
1657 4215 1893 4286 δόγμασι

321 4301 412 4354 καὶ
448 4302 790 4372 περιφρονῶν
831 4303 899 4356 τὰ
928 4303 1219 4374 λεγόμενα,
1254 4304 1506 4376 καθάπερ
1536 4323 1621 4370 τις
1646 4306 1895 4378 προϐλὴς

320 4389 637 4453 θαλάττιος·
673 4390 812 4444 ὥστε
855 4392 948 4445 καὶ
1007 4394 1249 4457 ἀναστὰς
1285 4395 1451 4466 ἀπῄει
1507 4396 1884 4468 καθευδήσων,

2001 3199 2286 3269 asperiore
2333 3212 2465 3252 voce
2511 3195 2846 3266 logotbetam
2896 3194 3190 3262 increpans
3228 3209 3241 3246 :
3283 3209 3302 3242 ι
3345 3190 3580 3254 Videris,

1999 3292 2199 3361 inquit,
2228 3292 2393 3344 homo
2423 3287 2635 3342 ferreus
2663 3301 2787 3341 esse
2817 3285 3015 3348 factus,
3057 3285 3150 3353 qui
3183 3282 3322 3338 adeo
3349 3296 3584 3338 securus

1997 3384 2105 3447 sis,
2160 3395 2264 3436 nec
2315 3380 2558 3450 pericula
2603 3392 2724 3447 quae
2779 3391 2881 3451 nqs
2931 3375 3293 3429 circumstant
3351 3375 3580 3428 sentias.

1998 3477 2190 3530 Nonne
2224 3473 2380 3528 vides
2413 3487 2526 3527 rem
2556 3469 2827 3542 ejusmodi
2861 3483 3004 3531 esse,
3044 3477 3105 3520 ut
3134 3481 3220 3519 me
3253 3481 3354 3520 nec
3386 3466 3582 3520 sedere

1996 3581 2098 3621 nec
2121 3566 2367 3622 dormire
2400 3563 2676 3634 patiatur?
2696 3561 2922 3630 Nepotis
2942 3560 3090 3614 enim
3119 3559 3388 3612 tumultus
3418 3571 3583 3611 aures

1996 3674 2146 3714 meas
2190 3668 2452 3727 tanquam
2504 3656 2803 3711 vehemens
2849 3653 3051 3722 aliquis
3095 3642 3278 3721 fragor
3321 3659 3586 3720 personat

1997 3765 2289 3820 meumque
2327 3749 2613 3820 perturbat
2662 3748 2931 3810 animum,
2978 3753 3032 3798 et
3073 3743 3354 3798 exundant
3391 3743 3446 3794 in
3492 3757 3590 3796 tne

1995 3844 2226 3914 quidam
2243 3842 2409 3898 veluti
2441 3852 2715 3896 terrorum
2733 3838 2954 3900 ﬂuctus,
2983 3837 3078 3905 qui
3101 3843 3158 3890 et
3179 3843 3417 3889 mentem
3449 3835 3582 3888 sub-

2001 3933 2131 3989 inde
2185 3934 2507 3990 concutiunt
2556 3940 2613 3986 et
2680 3945 2774 3983 cor
2817 3928 3081 3998 agitatum
3149 3925 3578 3992 demersumque

1995 4029 2256 4081 obruunt.
2305 4043 2323 4077 ι
2355 4024 2562 4080 Verum
2611 4022 2702 4076 ille
2743 4019 3088 4074 Machaba‘us
3134 4027 3276 4081 erat,
3311 4025 3476 4085 atque
3521 4017 3580 4070 in

1996 4120 2179 4191 priore
2213 4117 2483 4172 sententia
2510 4126 2845 4184 permanens
2886 4110 3112 4164 nuntios
3144 4109 3268 4163 illos
3299 4110 3375 4162 uti
3409 4123 3594 4178 rupes

1997 4213 2208 4268 marina
2260 4209 2670 4267 contemnebat.
2719 4205 2956 4262 Proinde
3016 4203 3258 4259 surrexit
3323 4201 3574 4256 cubitum

1995 4305 2196 4370 iturus,
2241 4314 2301 4358 ut
2337 4317 2396 4356 re
2429 4298 2899 4371 ipsa.ostendcret
2925 4295 3146 4350 inanem
3187 4309 3310 4349 esse.
3333 4293 3580 4348 hostium

1997 4398 2264 4462 laborem,
2297 4412 2360 4451 ac
2398 4394 2604 4449 nullam
2644 4391 2753 4447 vim
2793 4390 3048 4445 habitura
3083 4403 3147 4443 ea
3179 4401 3302 4459 quae
3333 4387 3412 4440 illi
3441 4385 3575 4441 foris

319 4481 461 4549 ἔργῳ
493 4482 708 4545 δεικνὺς
725 4482 797 4545 ὼς
835 4484 1064 4553 μάταιος
1081 4485 1236 4555 ὄχλος
1258 4487 1354 4540 καὶ
1384 4482 1537 4542 οὐδὲν
1568 4490 1790 4560 ἰσχυρὸν
1824 4491 1893 4544 τὰ
1924 4490 1968 4545 D
1997 4495 2244 4560 agerent.

317 4574 452 4643 πρὶς
485 4574 755 4643 πολεμίων
779 4574 975 4638 ἔξωθεν
1005 4575 1286 4646 δρώμενα.

387 4663 460 4716 Δ⁹.
501 4665 559 4717 '0
585 4663 640 4717 δὲ
664 4665 914 4735 βασιλεὺς
942 4667 1104 4736 μόνος
1133 4667 1484 4737 ἀπολειφθεὶς
1505 4671 1599 4722 καὶ
1628 4670 1727 4723 οὐκ
1754 4669 1892 4740 ἔχων

317 4757 454 4827 πλὴν
483 4757 591 4809 τῶν
623 4759 915 4811 οἰκειακῶν
951 4761 1326 4830 μειρακίσκων
1359 4762 1570 4832 ἕτερον,
1611 4757 1655 4830 ᾧ
1696 4779 1891 4816 κοινω-

299 4851 468 4920 -νήσει
496 4849 590 4902 τοῦ
623 4851 849 4919 πάθους,
888 4852 980 4905 ἐπὶ
1003 4853 1102 4920 τῆς
1133 4852 1423 4922 βασιλικῆς
1461 4855 1555 4907 καὶ
1579 4854 1740 4918 αὐτὸς
1763 4856 1892 4906 ἐχυ-

316 4944 403 4996 τδν
434 4943 715 4998 κατέκλινε
769 4945 957 5016 κλίνης
984 4985 998 5009 ,

314 5035 428 5086 ἀλλ’
465 5036 582 5104 ἅμα,
631 5037 839 5100 τούτοις
875 5040 964 5090 καὶ
1019 5040 1148 5110 ὃλην
1205 5039 1551 5108 ἐνδεδυμένος
1593 5039 1737 5116 σαφῆ
1787 5040 1887 5108 τὴν

313 5129 618 5197 ἀπόγνωσιν
644 5131 820 5184 ἔκειτο
857 5133 1265 5202 μεμερισμένος
1306 5136 1523 5202 πικροῖς
1558 5133 1652 5186 καὶ
1679 5134 1884 5185 ἀλλεπ-

312 5220 563 5292 αλλήλοις
610 5223 890 5293 λογισμοῖς
949 5223 1047 5296 τὴν
1105 5225 1284 5295 ψυχὴν
1329 5225 1424 5278 καὶ
1474 5226 1594 5278 ὅλον
1629 5225 1689 5277 τὸ
1724 5225 1882 5294 σῶμα

313 5315 809 5386 περιστρεφόμενος
862 5307 988 5386 τῇδε
1029 5317 1253 5369 κάκεῖσε
1302 5318 1493 5389 συχνά,
1520 5315 1799 5388 ῶσπερᾶν
1835 5319 1884 5370 εί

1062 4948 1231 5016 μηδὲν
1284 4947 1392 4998 τῶν
1425 4948 1657 5016 ἱματίων
1691 4948 1848 5009 ἐκδύς
1871 4964 1884 4978 ·

2062 4669 2148 4724 IV.
2181 4669 2250 4721 At
2270 4666 2566 4736 imperator
2583 4663 2736 4718 solus
2750 4659 2994 4721 relictus,
3015 4674 3114 4713 nec
3129 4671 3457 4726 quemquam
3478 4656 3577 4712 ba-

1991 4759 2148 4824 bens,
2182 4757 2404 4827 quicmn
2436 4755 2682 4810 dolorem
2725 4746 2886 4810 suum
2916 4749 3348 4806 communicaret
3377 4760 3578 4818 praeter

1991 4851 2322 4906 domesticos
2349 4847 2810 4912 adolescentulos,
2833 4847 2886 4899 in
2906 4858 3067 4900 suum
3093 4843 3357 4898 lectulum
3380 4854 3430 4897 et
3455 4844 3576 4913 ipse

1991 4943 2258 4999 incubuit.
2284 4942 2340 4996 ln
2359 4958 2467 5011 quo
2487 4941 2632 4994 nulla
2657 4948 2806 4994 veste
2828 4947 3014 5003 exuta,
3035 4937 3131 4991 sed
3156 4945 3398 4990 extrema
3421 4936 3575 4990 insu-

1990 5054 2085 5107 per
2135 5035 2515 5106 desperationc
2567 5033 2782 5100 induta,
2823 5031 3008 5085 animo
3042 5029 3254 5083 crebris
3311 5029 3475 5100 [‘22
3515 5039 3580 5082 eL

1986 5128 2218 5182 diversis
2263 5128 2688 5196 cogitationibus
2737 5136 3002 5180 a‘stuante
3051 5126 3275 5195 jacebat
3323 5144 3335 5180 :
3397 5135 3572 5178 totum

1988 5237 2188 5290 corpus
2211 5221 2318 5275 huc
2347 5232 2513 5290 atque
2535 5221 2664 5275 illuc
2687 5221 2919 5275 subinde
2948 5221 3254 5282 revolvens,
3274 5232 3383 5271 non
3414 5219 3574 5271 aliter
3621 5268 3624 5270 γ

1986 5331 2150 5386 quam
2204 5314 2250 5368 si
2310 5328 2498 5384 pruna:
2559 5313 2702 5368 lecto
2757 5314 3028 5385 subjectae
3074 5321 3282 5368 essent.
3344 5310 3568 5364 Interim

1631 5471 1640 5479 '
1669 5451 2006 5514 Variorum
2041 5457 2228 5513 nota).

385 5602 493 5680 (86)
524 5605 602 5680 Ad
627 5604 918 5680 Romanam
949 5615 1176 5676 portam.
1214 5607 1447 5680 Wolfius
1481 5621 1615 5680 pro,
1638 5609 1708 5662 ad
1736 5609 1876 5664 urbis
1975 5612 2332 5680 portam,'pro
2365 5609 2590 5664 Romani
2614 5620 2822 5680 portam
2844 5625 2864 5674 ;
2889 5623 3010 5680 qua:
3035 5606 3113 5660 Sic
3149 5611 3292 5680 dicta
3327 5615 3460 5680 93M
3499 5604 3559 5659 S-

312 5677 525 5747 nia’nia,
555 5676 780 5747 Romani
807 5688 972 5747 porta:
992 5681 1182 5732 vicina.
1207 5678 1297 5733 Sic
1320 5679 1460 5733 idem
1496 5678 1658 5747 paulo
1689 5695 1875 5747 supra,

1977 5682 2213 5734 Romani
2260 5683 2376 5735 aede
2431 5681 2630 5735 vicina.
2696 5683 2830 5737 Vide

2921 5679 3292 5750 Ionstantinop.
3363 5679 3563 5733 Christ.

309 5744 410 5820 τὴν
436 5745 527 5798 τοῦ
559 5744 843 5817 Ῥωμανοῦ
870 5747 1047 5820 πύλην
1085 5744 1554 5819 interpretabatur
1580 5744 1878 5804 Romanam

2005 5751 2080 5803 ib.
2114 5765 2151 5816 I,
2179 5761 2316 5806 sect.
2350 5753 2436 5818 {5,
2471 5768 2523 5806 u.
2557 5752 2610 5806 9.
2646 5752 2853 5808 BOIVIN.
