4062 6484
489 307 589 372 611
742 302 816 375 [Α.
848 319 901 358 It.
942 302 1072 358 6791
1105 318 1172 356 ΑΒ
1203 299 1365 373 6836]

1688 304 2109 366 NICEPHORI
2145 304 2529 365 GREGORaﬁ

2853 301 2989 372 (ιιι).
3019 316 3329 363 .Auonoxtc.
3363 301 3515 375 sum]

3663 304 3770 373 612

489 433 718 489 magnus
743 417 885 471 circa
914 417 1174 486 palatium
1206 424 1262 471 et
1297 415 1363 471 ad
1403 414 1585 485 palatii
1616 413 1764 472 fores
1800 416 2064 469 tumultus

2171 415 2450 487 κρατῆρας
2483 409 2596 484 εἶχε
2632 414 2805 485 πυρὸς
2846 415 3196 484 ὁφάπτοντας
3228 414 3490 469 κάτωθεν
3522 417 3624 488 τὴν
3656 419 3768 472 κλί-

486 509 733 572 auditur.
759 508 997 579 junioris
1030 507 1381 577 imperatoris
1414 508 1722 578 ingressum
1758 507 2057 573 nuntians,

428 620 437 625 κ
486 610 544 657 et
590 603 812 671 plausus
846 614 1123 654 armorum
1163 614 1414 669 magnus.
1464 598 1635 654 Erant
1677 598 1823 657 enim
1861 597 2064 653 milites

486 692 723 762 amplius
750 677 1079 761 octingentis
1097 705 1222 745 cum
1256 691 1585 758 imperatore
1611 690 1863 759 ingressi.
1887 688 2061 753 Simul

487 783 655 839 etiam
692 781 936 851 undique
982 779 1181 834 faustis
1209 779 1703 852 acclamationibus
1738 778 1926 847 jtlnior
1955 778 2061 832 im-

483 881 706 941 perator
737 870 1099 926 salutabatur.
1141 868 1340 923 Senior
1373 882 1540 933 vero,
1580 866 1815 920 tumultu
1860 873 1914 919 et
1951 865 2065 920 cla-

485 976 636 1016 more
662 960 871 1024 audito,
903 961 1134 1014 delecto
1161 955 1978 1026 surrexitperturbatissimus;
2007 962 2062 1009 et

483 1069 608 1108 cum
653 1054 929 1108 neminem
975 1051 1225 1116 haberet,
1258 1065 1288 1104 a
1319 1064 1429 1118 quo
1477 1045 2061 1117 adjtnaretur,‘neque

483 1145 703 1207 ducem.
758 1160 938 1213 neque
992 1144 1220 1197 militum
1282 1141 1569 1212 (palatium
1619 1119 1766 1194 cnim
1821 1139 2060 1193 cubiculi

366 1222 389 1234 ’
484 1234 756 1289 ministris
789 1234 1231 1288 adolescentibus
1255 1230 1497 1299 exceptis
1527 1230 1805 1285 desertum
1839 1245 2063 1299 prorsus

482 1331 647 1396 erat),
684 1328 748 1380 ad
780 1340 995 1393 sacram
1025 1325 1313 1394 imaginem
1342 1324 1438 1378 Dei
1470 1322 1765 1378 Genitricis
1815 1322 2059 1392 Hodege-

483 1418 605 1473 tria:
634 1416 901 1488 confugit,
926 1427 1051 1470 ante
1080 1417 1279 1471 multos
1313 1414 1433 1468 dies
1461 1414 1514 1467 in
1545 1414 1806 1483 palatium
1832 1414 2063 1487 transla-

488 1519 622 1573 tam,
654 1525 775 1578 quze
814 1509 864 1562 ei
901 1509 1058 1562 firmo
1097 1507 1288 1561 solatio
1326 1514 1467 1561 erat.
1498 1507 1578 1559 Ad
1620 1506 1784 1570 hanc,
1816 1506 2088 1576 inquam;

482 1599 749 1671 confugit,
775 1608 832 1653 et
855 1598 1007 1651 humi
1034 1605 1342 1666 prostratus
1367 1610 1492 1650 cum
1517 1595 1706 1650 dolore
1729 1604 1786 1649 et
1805 1596 2059 1665 lacrymis

483 1692 742 1747 ardenter
770 1692 1097 1757 obtestatur,
1125 1705 1191 1745 ne
1223 1688 1625 1758 periclitantem
1656 1697 1711 1742 et
1732 1688 2055 1743 sicariorum

480 1784 710 1840 ensibus
750 1783 1057 1853 expositum
1104 1781 1345 1836 deserat.
1384 1780 1675 1835 Exaudivit
1713 1794 1905 1850 preces
1939 1782 2059 1851 ejus

483 1889 541 1930 et
571 1875 826 1930 festinam
864 1874 985 1929 tulit
1018 1874 1284 1927 auxilium
1323 1887 1444 1941 quae
1474 1871 1692 1942 quidvis
1727 1879 1908 1942 potest
1963 1887 2060 1927 ca-

482 1966 724 2029 stissima
756 1964 846 2020 Dei
877 1964 1143 2018 Genitrix.

2163 525 2284 577 νην.
2318 507 2536 560 Τούτων
2577 506 2749 570 οὕτως
2775 504 3010 578 ἐχόντων
3043 506 3211 571 πολὺς
3236 508 3377 575 ἡκού
3392 508 3500 579 σθη
3536 509 3769 581 θόρυϐος

2163 598 2267 664 ἔξω
2298 597 2520 668 περὶτὰ
2554 597 2804 669 βασίλεια
2834 599 2930 653 καὶ
2972 599 3067 662 τὰς
3089 599 3405 669 βασιλείους
3438 600 3648 668 πύλας,
3665 604 3766 674 τὴν

2162 692 2255 747 τοῦ
2276 693 2396 745 νέου
2421 691 2685 760 βασιλέως
2701 690 2985 768 περιηχῶν
3001 690 3228 755 εἴσοδον,
3250 693 3351 745 καὶ
3363 694 3568 765 κρότος
3583 692 3773 750 ὃπλων

2159 782 2310 864 μάλα
2331 782 2496 846 πολύς
2517 798 2529 811 ·
2551 781 2633 854 [Ρ.
2656 764 2786 854 259]
2806 764 2946 851 ἦσαν
2980 783 3088 853 γὰρ
3117 784 3166 837 ei
3206 784 3663 864 συνεισελθόντες
3691 787 3769 857 τῷ

2164 873 2376 945 βασιλεῖ
2407 873 2741 945 στρατιῶται
2801 874 3022 940 πλείους
3067 863 3415 929 ὀκτακοσίων
3439 894 3455 908 '
3509 876 3612 931 καὶ
3650 876 3770 948 ἅμα

2164 966 2506 1036 πανταχόθεν
2534 967 2803 1035 εὐφημίαι
2835 966 2929 1020 καὶ
2967 965 3208 1034 γλῶσσαι
3248 967 3346 1019 τὸν
3379 967 3509 1020 νέον
3552 967 3768 1038 ἀνακη-

2163 1056 2456 1129 ρύττουσαι
2507 1057 2756 1126 βασιλέα.
2802 1057 3135 1128 Λίσθόμενος
3183 1058 3227 1111 δ’
3259 1057 3285 1110 ὁ
3315 1058 3570 1128 γηραιὸς
3607 1057 3768 1129 βασ-

2161 1147 2286 1212 λεὺς
2305 1148 2398 1202 τοῦ
2422 1149 2652 1220 θορύϐου
2677 1150 2771 1202 καὶ
2796 1149 2896 1218 τῆς
2926 1150 3078 1220 βοῆς,
3117 1149 3386 1220 ἐξανέστη
3412 1145 3519 1220 τῆς
3551 1150 3765 1220 κλίνης,

2162 1242 2423 1313 ἐκπλήξει
2451 1242 2621 1312 πολλῇ
2668 1241 3063 1311 συνεχόμενος’
3100 1241 3197 1294 καὶ
3235 1239 3312 1312 μὴ
3363 1240 3514 1311 ἔχων
3569 1241 3764 1295 οὐδένα

2162 1337 2253 1388 τὸν
2284 1334 2642 1411 βοηθήσοντα,
2671 1337 2808 1404 μήτε
2845 1334 3208 1403 στρατιώτην,
3244 1335 3387 1404 μήτε
3418 1334 3761 1403 στρατηγόν·

2163 1428 2304 1495 πλὴν
2338 1427 2447 1495 γὰρ
2493 1425 2602 1478 τῶν
2655 1425 3058 1499 θαλαμηπόλων
3094 1425 3494 1495 μειρακίσκων
3550 1427 3762 1495 ἐρημία

2163 1520 2331 1588 πολλὴ
2359 1521 2426 1572 τὰ
2457 1517 2706 1588 βασίὶεια
2730 1516 2841 1588 εἶχε
2868 1533 2885 1549 ·
2918 1518 3257 1586 καταφεύγει
3287 1519 3437 1589 πρρς
3471 1518 3578 1588 τὴν
3609 1516 3764 1569 θείαν
3792 1570 3801 1577 η

2164 1610 2346 1663 εἰκόνα
2374 1611 2486 1679 (87)
2524 1612 2620 1678 τῆς
2645 1610 2955 1680 ὑπεράγνου
2980 1609 3326 1680 Θεομήτορος
3375 1610 3481 1678 τῆς
3522 1608 3760 1678 Ὀδηγη-

2164 1701 2339 1771 τρίας.
2371 1701 2592 1770 Συχνῶν
2622 1700 2729 1771 γὰρ
2764 1700 2989 1771 ἡμερῶν
3028 1701 3299 1771 ἐκομίσθη
3334 1700 3484 1771 πρὸς
3514 1698 3588 1754 τὰ
3609 1698 3762 1768 βασί-

2162 1797 2283 1848 λεια
2332 1797 2596 1866 πρότερον
2649 1796 2744 1853 καὶ
2780 1788 2847 1863 ἦν
2895 1792 3042 1862 αὐτῷ
3077 1795 3435 1864 παραμύθιον
3491 1792 3760 1861 ἀσφαλές.

2165 1888 2306 1958 Πρὸς
2332 1886 2537 1957 ταύτην
2570 1886 2751 1939 τοίνυν
2774 1884 3108 1955 καταφυγὼν
3149 1886 3246 1940 καὶ
3277 1885 3612 1955 περιχυθεὶς
3642 1882 3762 1936 τεῦ-

2164 1978 2331 2047 δαφος
2360 1976 2471 2049 (88)
2501 1977 2648 2048 μάλα
2693 1976 3002 2046 περιαλγής
3039 1994 3099 2030 τε
3141 1978 3234 2031 καὶ
3282 1977 3565 2050 ἔνδακρυς
3594 1976 3763 2029 ἐδεῖτο

485 2074 726 2145 θερμῶς,
770 2074 844 2144 μὴ
886 2072 1153 2143 περιιδεῖν
1212 2069 1596 2124 κινδυνεύοντα
1645 2069 1959 2139 μιαφονίας
1994 2068 2172 2140 ξίφεσι
2216 2070 2317 2140 τὴν
2341 2064 2520 2141 ψύχὴν
2553 2069 2943 2140 παραπέμψαι.
3015 2070 3123 2123 Ναὶ
3193 2069 3302 2141 μὴν
3356 2070 3458 2123 καὶ
3521 2070 3761 2138 ἐπήκοος

484 2167 701 2235 ἐγένετο
720 2166 817 2237 τῆς
844 2165 1083 2234 δεήσεως
1129 2161 1299 2218 αὑτοῦ
1347 2164 1442 2216 καὶ
1463 2162 1727 2233 ταχίστην
1759 2162 2054 2233 ἐχαρίσατο
2093 2164 2192 2229 τὴν
2229 2164 2552 2235 ἐπικουρίαν
2580 2165 2613 2233 ἡ
2647 2163 2804 2218 πάνθ’
2869 2164 2972 2217 ὅσα
3014 2163 3265 2233 βούλεται
3296 2163 3591 2234 δυναμένη
3623 2162 3762 2216 πάν-

499 2277 664 2328 αγνος
689 2258 977 2323 Θεοτόκος.

553 2352 619 2406 ν.
665 2350 801 2420 Nam
832 2349 965 2405 dum
1002 2348 1094 2404 ille
1138 2349 1194 2403 in
1232 2349 1437 2419 palatio
1469 2349 1760 2420 Deiparam
1805 2350 1871 2405 ad
1916 2351 2064 2406 bunc

483 2443 706 2497 modum
724 2443 1073 2511 deprecatur,
1093 2440 1280 2510 junior
1308 2440 1611 2511 imperator
1635 2442 1770 2496 foris
1804 2442 2064 2496 omnibus

482 2534 719 2589 ducibus
747 2542 801 2588 et
836 2532 1075 2588 tribunis
1103 2532 1220 2587 suis
1252 2535 1570 2589 convocatis
1603 2534 1843 2605 graviter
1868 2532 2063 2598 edicit,

489 2641 557 2679 ne
575 2640 733 2678 avum
774 2624 1156 2693 imperatorem
1176 2625 1258 2679 vel
1275 2639 1435 2679 manu
1457 2626 1692 2682 violenta
1713 2626 2062 2690 interficiant,

483 2716 571 2771 vel
597 2716 707 2770 ullo
725 2716 1123 2771 contumelioso
1141 2716 1287 2772 dicto
1308 2718 1604 2782 lacessant,
1624 2734 1722 2773 nec
1739 2734 2065 2789 quemquam

480 2820 710 2875 prorsus
743 2805 987 2859 omnium
1025 2824 1038 2859 :
1078 2824 1096 2857 ι
1134 2804 1283 2860 Hanc
1314 2807 1485 2870 enim,
1525 2808 1724 2876 inquit,
1758 2807 2050 2862 victoriam
2085 2839 2093 2859 ι

484 2898 629 2951 Deus
679 2896 840 2952 nobis
875 2895 1036 2967 423
1069 2896 1241 2962 dedit,
1283 2912 1390 2951 non
1431 2897 1532 2965 ipsi
1588 2897 1922 2966 paravimus.
1969 2897 2062 2951 Dei

482 2987 739 3041 voluntas
789 2993 972 3040 movet
1015 2986 1233 3048 omnia,
1276 2995 1333 3041 et
1374 2988 1556 3040 omnia
1608 2986 1656 3040 ei
1710 2986 2062 3051 famulantur,

483 3080 677 3146 stella',
723 3095 839 3142 aer.
878 3094 1053 3145 mare,
1104 3090 1279 3145 terra,
1306 3080 1579 3143 homines,
1620 3081 1871 3143 fulntina,
1915 3080 2060 3150 ignei

2232 2346 2310 2404 E'.
2358 2348 2623 2411 Τοιαύτας
2651 2347 2758 2419 γὰρ
2788 2347 2934 2401 ἔνδον
2980 2348 3087 2402 τῶν
3115 2350 3409 2420 βασιλείων
3441 2351 3615 2406 αὐτοῦ
3664 2353 3760 2414 τὰς

2166 2443 2377 2512 δεήσεις
2413 2444 2480 2513 τῇ
2511 2441 2761 2511 Θεοτόκῳ
2808 2439 3235 2510 προσφέροντος,
3285 2442 3317 2494 ὁ
3371 2444 3498 2507 νέος
3548 2443 3750 2509 ἔξωθεν

2163 2533 2418 2604 βασιλεὺς
2464 2534 2807 2602 συγκαλέσας
2844 2535 3051 2597 πάντας
3079 2535 3204 2597 τοὺς
3229 2538 3361 2605 περὶ
3391 2536 3565 2590 αὐτὸν
3597 2554 3762 2610 στρα-

2161 2626 2362 2694 τηγοὺς
2393 2625 2487 2679 καὶ
2503 2625 2832 2696 ταξιάρχους
2861 2625 3263 2696 παρεκελεύετο
3298 2628 3453 2695 μάλα
3487 2629 3756 2698 σφοδρῶς.

2172 2721 2307 2789 μήτε
2339 2723 2498 2790 χεῖρα
2549 2718 2898 2789 φονεύτριαν,
2957 2720 3093 2789 μήτε
3127 2719 3391 2787 γλῶσσαν
3435 2720 3756 2791 ὑϐρίστριαν

2165 2816 2485 2882 ἐπενεγκεῖν
2518 2814 2657 2884 μήτε
2698 2814 2773 2883 τῷ
2806 2815 3016 2884 πάππῳ
3048 2819 3142 2867 καὶ
3174 2814 3415 2884 βασιλεῖ,
3460 2819 3601 2885 μήτε
3648 2834 3755 2885 μη-

2162 2905 2279 2958 δενὶ
2302 2903 2413 2955 τῶν
2443 2904 2700 2957 ἁπάντων
2733 2902 2926 2972 ἑτέρῳ.
2964 2920 2982 2953 t
3028 2903 3101 2954 Ού
3135 2902 3243 2972 γὰρ
3273 2905 3468 2975 ἡμεῖς,
3505 2924 3525 2956 ι
3568 2910 3751 2974 φησιν,

2169 3013 2187 3046 ι
2222 2996 2339 3048 ἀλλ’
2369 2998 2397 3048 ὁ
2430 2995 2563 3056 Θεὸς
2593 2996 2725 3064 ἡμῖν
2756 2994 2826 3046 τὰ
2864 2993 3090 3047 τοιαῦτα
3137 2995 3459 3065 παρέσχετο
3489 2995 3748 3064 τρόπαια.

2167 3094 2277 3146 Καὶ
2329 3093 2464 3146 Θεοῦ
2499 3091 2598 3160 μὲν
2637 3091 2891 3161 βούλησις
2939 3092 3114 3145 πάντα
3152 3095 3327 3143 κινεῖ⁶
3386 3093 3660 3162 ὑπηρετεῖ
3699 3091 3753 3142 δὲ

485 3170 752 3237 turbines,
788 3170 1130 3240 pestilentiae,
1158 3179 1317 3224 terr.e
1347 3182 1528 3227 motus
1547 3212 1561 3237 ,
1594 3172 1797 3227 imbres
1822 3212 1835 3235 ,
1864 3172 2064 3226 sterili-

2169 3184 2366 3248 πάντα,
2396 3140 2662 3250 ὰστέρεςῖ
2702 3140 2837 3253 ἀὴρ,
2869 3140 3156 3246 ⁷θάλασσα,
3190 3183 3282 3253 γῆ,
3326 3140 3640 3252 ἄνθρωὲτοι,
3668 3198 3754 3236 κε-

484 3272 644 3330 tates,
665 3272 716 3318 et
742 3264 845 3317 alia
872 3263 1202 3339 consimilia,
1236 3264 1437 3333 partim
1470 3264 1537 3319 ad
1578 3264 1918 3327 felicitatem,
1948 3279 2067 3334 par'

488 3356 583 3408 tim
617 3354 682 3407 ad
714 3352 1091 3407 infelicitatem
1128 3369 1190 3407 ac
1223 3354 1407 3431 potius
1431 3352 1870 3422 castigationem.
1898 3350 2067 3406 Nobis

486 3446 653 3515 igitur
704 3445 978 3500 hodierna:
1011 3446 1384 3517 castigationis
1421 3445 1688 3500 ministris
1727 3454 1783 3498 et
1833 3458 2066 3498 exsecu-

487 3527 698 3590 toribus
729 3536 985 3590 victorias
1013 3545 1068 3590 et
1108 3546 1309 3606 tropaea
1344 3536 1600 3603 largitur.
1652 3533 1923 3588 Fortassis
1965 3548 2066 3585 au-

487 3638 595 3682 tem
627 3644 747 3683 cras
784 3629 904 3683 aliis
938 3637 1131 3684 contra
1160 3644 1261 3683 nos
1295 3636 1480 3683 utetur
1510 3645 1522 3679 :
1563 3636 1619 3681 et
1650 3626 1841 3694 quales
1879 3638 1981 3678 nos
2011 3623 2064 3676 in

482 3734 581 3774 eos
614 3720 900 3784 Iuerimus,
932 3720 1026 3789 qui
1068 3720 1121 3773 in
1171 3733 1369 3773 manus
1408 3717 1570 3772 nobis
1606 3717 1909 3786 castigandi
1952 3727 2065 3771 tra-

485 3811 710 3875 duntur,
744 3811 878 3865 tales
903 3812 1093 3879 utique
1120 3818 1176 3865 et
1194 3810 1294 3873 illi,
1320 3810 1520 3879 quibus
1551 3809 1852 3889 trademur,
1884 3811 1937 3864 in
1964 3825 2065 3865 nos

482 3901 655 3955 futuri
694 3912 843 3955 sunt.
896 3900 1078 3967 Quare
1124 3901 1169 3955 si
1221 3916 1321 3955 nos
1360 3915 1540 3969 neque
1580 3899 1836 3970 cognatio
1884 3914 2065 3968 neque

484 3994 724 4063 ejusdem
751 3994 933 4063 gentis
961 3991 1314 4046 necessitudo
1338 3991 1405 4046 ad
1436 3991 1784 4046 clementiam
1816 3999 1872 4046 et
1900 3991 2065 4045 mise-

485 4083 778 4138 ricordiam
811 4082 1060 4147 adducit,
1094 4083 1266 4136 nostri
1295 4086 1542 4152 ipsorum
1577 4083 1771 4138 saltem
1812 4092 2061 4153 respectu

486 4177 828 4231 humanitate
859 4174 934 4229 uti
971 4191 1119 4235 nunc
1154 4177 1332 4231 satius
1363 4186 1469 4241 est,
1514 4191 1581 4231 ne
1618 4174 1723 4245 ipsi
1760 4175 2061 4246 graviorem

486 4268 581 4325 Dei
615 4269 1044 4340 indignationem
1070 4268 1441 4339 experiamur.
1483 4288 1519 4354 ι

560 4547 651 4605 Vl.
707 4550 921 4605 interea
957 4550 1181 4621 quidam
1231 4564 1262 4603 e
1309 4548 1511 4617 palatio
1559 4562 1814 4618 egressus
1858 4549 2066 4619 juniori

488 4643 808 4711 imperatori
848 4652 1058 4709 portam
1094 4642 1349 4711 aperitet
1400 4642 1468 4694 ab
1506 4656 1606 4695 avo
1634 4641 1780 4696 hunc
1805 4646 2061 4698 nuntium

484 4733 643 4787 aﬂ‘ert
682 4750 696 4786 :
741 4750 760 4783 ι
809 4731 1078 4796 Quoniam
1123 4730 1288 4783 hodie
1336 4731 1499 4794 Deus,
1532 4732 1604 4784 mi
1639 4731 1711 4785 fili
1737 4773 1749 4794 ,
1783 4743 2067 4802 secptrum

484 4826 902 4895 inperatorium
939 4823 1072 4876 mihi
1126 4822 1442 4891 ademptum
1478 4824 1575 4878 tibi
1612 4826 1855 4889 donavit,
1900 4841 2066 4879 unum

488 4916 593 4970 hoe
630 4913 952 4969 beneficium
997 4928 1026 4965 a
1072 4921 1124 4965 te
1158 4921 1283 4981 peto
1314 4927 1414 4981 pro
1459 4913 1644 4968 multis
1682 4930 1802 4983 qua:
1826 4914 1909 4968 ‘ab
1950 4914 2071 4985 ipso

484 5019 607 5061 ortu
629 5014 721 5058 tuo
747 5004 800 5056 in
834 5012 884 5056 te
912 5003 1121 5057 contuli
1152 5003 1368 5072 (omitto
1397 5007 1545 5059 enim
1574 5005 1679 5059 hoc
1703 5021 1883 5059 rerum
1913 5022 2065 5061 mea-

486 5111 608 5150 rum
642 5104 810 5159 statu,
840 5107 927 5147 me
957 5094 1049 5147 tibi
1078 5094 1251 5163 ipsius
1273 5096 1646 5150 nativitatiset
1669 5096 2067 5163 progressionis

448 5212 451 5217 -
486 5189 543 5240 in
580 5188 783 5249 vitam;
804 5194 927 5254 post
966 5186 1156 5251 Deum,
1189 5194 1468 5240 auctorem
1506 5186 1719 5252 fuisse),
1758 5185 1898 5247 dona
1930 5187 2063 5240 mihi

488 5279 652 5332 vitam
703 5292 913 5345 meam;
958 5293 1120 5347 parce
1162 5287 1390 5347 paterno
1432 5276 1641 5345 capiti;
1685 5291 1787 5329 nec
1827 5276 2066 5332 violento

482 5371 630 5425 l‘etro
658 5383 782 5424 eum
818 5350 1132 5440 sanguinem
1166 5370 1346 5430 hauri,
1389 5383 1420 5423 a
1466 5383 1575 5438 quo
1605 5376 1661 5422 tu
1700 5365 1824 5423 vita:
1858 5368 2064 5423 fontem

2171 3277 2380 3347 pawo‘t,
2419 3277 2758 3345 πρηστῆρες,
2795 3274 2995 3343 λοιμοὶ,
3023 3276 3258 3343 σεισμοὶ,
3298 3258 3456 3329 ὑετοί
3484 3276 3750 3347 ῥαγδαῖοι,

2168 3367 2399 3438 καρπῶν
2431 3368 2678 3436 ἁφορίαι,
2719 3366 2816 3420 καὶ
2847 3366 2947 3418 ὅσα
2997 3365 3210 3429 τούτοις
3236 3367 3516 3433 ἑπόμενα,
3555 3366 3622 3417 τὰ
3656 3364 3750 3434 μὲν

2169 3460 2302 3529 πρὸς
2333 3459 2699 3528 εὐδαιμονίαν,
2717 3458 2785 3508 τὰ
2811 3456 2869 3510 δὲ
2897 3456 3032 3525 πρὸς
3064 3456 3523 3525 κακοδαιμονίαν,
3555 3455 3586 3523 ἦ
3618 3454 3751 3523 μᾶ).-

2169 3551 2260 3611 λον
2293 3550 2426 3619 πρὸς
2483 3548 2767 3602 παίδευσιν
2825 3549 2919 3600 καὶ
2959 3549 3364 3618 σωφρονισμόν.
3412 3547 3748 3617 ’Υπηρέταις

2169 3642 2231 3711 δὴ
2260 3636 2353 3693 οὖν
2384 3642 2515 3710 ἡμῖν
2549 3640 2644 3693 καὶ
2674 3638 2968 3701 κολασταῖς
3004 3638 3104 3706 τῆς
3147 3638 3441 3710 παρούσης
3470 3637 3748 3706 χρώμενος

2173 3731 2510 3793 παιδεύσεως
2542 3730 2727 3783 δίδωσι
2760 3731 2915 3793 νίκας
2937 3731 3032 3782 καὶ
3055 3728 3296 3798 τρόπαια
3320 3732 3450 3793 ταῖς
3478 3727 3637 3800 ήμῶν
3668 3727 3748 3778 δε-

2171 3823 2328 3888 ξιαῖς.
2369 3823 2644 3891 Χρήσεται
2678 3821 2722 3874 δ’
2778 3820 2908 3883 ἴσως
2936 3820 3119 3882 ἄλλοις
3159 3818 3348 3888 αθριον
3386 3820 3513 3873 καθ’
3558 3817 3747 3888 ἡμῶν·

2168 3910 2262 3963 καὶ¹
2291 3911 2465 3961 ὁποῖοι
2502 3899 2597 3962 καῖ
2623 3908 2787 3977 ἡμεῖς
2820 3908 3055 3975 ἐσόμεθα
3089 3909 3200 3969 τοῖς
3228 3907 3285 3968 ἐς
3323 3907 3427 3969 τὰς
3454 3907 3614 3977 ὴμῶν
3642 3904 3748 3971 χεῖ-

2172 4021 2268 4077 ρας
2323 4000 2706 4074 παραδοθεῖσιν
2767 4001 2850 4064 είς
2908 3999 3216 4061 παίδευσιν,
3254 3998 3495 4051 τοιοῦτοι
3536 3999 3748 4057 πάντως

2169 4098 2381 4150 ἔσονται
2415 4096 2509 4147 καὶ
2531 4095 2688 4162 ἡμῖν,
2719 4086 2799 4153 οἷς
2824 4093 2984 4160 ἡμεῖς
3034 4088 3552 4160 παραδοθησόμεθα.
3588 4088 3744 4140 ’Ὥστε

2168 4192 2216 4242 εἰ
2253 4189 2328 4258 μὴ
2355 4187 2423 4241 δι’
2465 4186 2617 4239 ἔλεον
2645 4185 2738 4239 καὶ
2767 4179 2949 4237 οἶκτον
2989 4182 3328 4249 συγγενικῶν
3366 4199 3431 4235 τε
3466 4181 3575 4247 ,καὶ
3622 4181 3748 4247 ὁμο·

2172 4280 2354 4350 φύλων
2379 4260 2651 4348 αἱμάτων,
2690 4274 2777 4328 διὰ
2803 4274 2934 4342 γοῦν
2976 4274 3231 4343 πρόνοιαν
3258 4272 3420 4343 ήμῶν
3449 4272 3629 4325 αὐτῶν
3658 4283 3742 4335 φι-

2171 4366 2494 4439 λανθρωπία
2524 4364 2643 4417 νυνὶ
2676 4360 2984 4431 χρήσασθαι
3044 4358 3278 4428 βέλτιον,
3320 4359 3413 4432 μὴ.
3439 4359 3743 4429 βαρυτέρας

2084 4469 2136 4528 ὀ
2172 4458 2328 4511 αὐτοὶ
2366 4453 2722 4526 πειραθῶμεν
2755 4451 3085 4520 θεομηνίας.
3122 4470 3140 4500 ι

2241 4547 2333 4615 ς’.
2377 4547 2466 4601 Ἐν
2526 4544 2736 4607 τούτοις
2799 4542 2971 4596 ἐλθών
3027 4560 3114 4605 τις
3166 4544 3233 4595 ἐκ
3287 4543 3394 4596 τῶν
3459 4539 3740 4614 βασιλείων

2170 4641 2374 4711 ἀνέῳξέ
2406 4655 2464 4691 τε
2498 4636 2594 4699 τὰς
2622 4636 2795 4697 πύλας
2842 4635 2920 4705 τῷ
2951 4634 3055 4703 νέῳ
3083 4634 3318 4704 βασιλεῖ,
3362 4637 3458 4689 καὶ
3486 4630 3740 4702 ἀγγελίας
3757 4643 3765 4649 ’

2171 4730 2320 4800 αὐτῷ
2347 4728 2548 4790 ταύτας
2602 4726 2814 4791 κομίζει
2842 4726 2992 4797 παρὰ
3044 4725 3135 4779 τού
3177 4727 3440 4780 πάππουο
3478 4744 3497 4778 ι
3528 4718 3739 4787 Ἐπειδὴ
3786 4794 3793 4807 ,

2171 4825 2411 4893 τήμερον
2452 4821 2480 4872 ὁ
2508 4819 2641 4881 Θεὸς
2677 4817 2894 4885 ἀφελὼν
2925 4817 3057 4886 ἐμοῦ
3086 4818 3147 4870 τὸ
3174 4818 3468 4886 βασίλειον,
3504 4815 3582 4869 υίέ
3617 4828 3735 4882 μου,

2179 4912 2455 4982 σκῆπτρόν
2491 4925 2573 4962 σοι
2618 4908 2760 4961 τοῦτ’
2808 4908 3105 4977 ἐχαρίσατο
3133 4946 3147 4970 ,
3209 4909 3340 4976 μίαν
3375 4908 3577 4975 ταύτην
3610 4897 3736 4955 αίτώ

2168 5008 2319 5076 παρὰ
2353 5002 2446 5056 σοῦ
2471 5003 2634 5071 χάριν
2667 5000 2789 5052 ἀντὶ
2842 4998 3074 5064 πολλῶν,
3124 4992 3197 5051 ῶν
3227 5000 3286 5065 ἐξ
3314 4999 3484 5069 αὐτῆς
3542 5012 3623 5048 σοι
3651 5005 3737 5057 γε’

2163 5100 2362 5159 νέσεως
2390 5094 2666 5147 ἐδεδώκειν
2690 5092 2852 5157 αὐτός
2883 5092 2977 5162 (ἐῶ
3008 5094 3118 5161 γὰρ
3148 5092 3328 5158 λέγειν
3364 5088 3421 5145 ἐν
3451 5091 3568 5148 ταῖς
3602 5099 3735 5150 παρ-

2164 5192 2349 5249 οᾷσαις
2403 5186 2593 5256 τύχαις
2623 5184 2721 5247 ὣν,
2783 5184 2865 5236 ὅτι
2898 5183 2989 5236 καὶ
3024 5183 3120 5252 τῆ;
3163 5183 3427 5251 γενέσεως
3458 5181 3623 5247 αὐτῆς
3646 5175 3733 5226 καὶ

2163 5277 2261 5344 τῆς
2285 5276 2343 5337 ἐς
2379 5272 2492 5342 βίον
2529 5272 2755 5341 προόδου
2778 5273 2915 5340 μετά
2941 5288 3003 5338 γε
3030 5272 3160 5323 Θεὸν
3180 5273 3339 5335 αὐτὸς
3362 5290 3441 5325 σοι
3476 5267 3732 5327 κατέστην

2165 5370 2354 5436 αἴτιος)
2375 5381 2387 5393 '
2414 5365 2497 5437 [Ρ.
2518 5363 2647 5436 260]
2674 5364 2896 5435 χάρισαί
2925 5382 3016 5434 μοι
3035 5364 3133 5435 τὴν
3156 5365 3394 5434 ἐμαυτοῦ
3415 5365 3558 5432 ζωήν
3579 5378 3591 5391 ·
3625 5357 3732 5424 φεῖ⁶

1836 5480 2186 5541 'Variorum
2224 5488 2413 5541 notas.

557 5584 668 5652 (87)
725 5583 857 5648 Qum
915 5593 1026 5638 tum
1080 5584 1135 5637 in
1201 5585 1402 5652 palatio
1464 5582 1867 5638 asscrvalvatur.
1931 5581 2065 5637 Vide

487 5653 1000 5723 Constantinopolim
1044 5654 1238 5717 Christ.
1295 5654 1391 5708 lib.
1431 5670 1503 5715 Iv,
1546 5669 1672 5721 pag.
1707 5654 1796 5706 9i.
1833 5653 2064 5707 “nemo.

561 5725 674 5794 (88)
721 5725 838 5779 Non
884 5726 1016 5778 satis
1062 5724 1198 5791 scio,
1242 5740 1312 5778 an
1357 5739 1484 5780 eum
1536 5723 1689 5777 humi
1733 5732 2066 5792 prostratum

2175 5581 2430 5647 adorasse
2466 5580 2759 5649 imaginem
2796 5579 2963 5643 dicat,
3016 5594 3084 5634 an
3119 5580 3341 5649 pulvere
3379 5569 3731 5649 conspersiﬁe

2177 5662 2340 5720 caput
2397 5670 2409 5704 :
2451 5666 2517 5705 an
2553 5647 2714 5705 imam
2746 5651 2998 5718 imaginis
3037 5647 3247 5721 partem
3284 5649 3434 5708 bumi
3473 5647 3727 5719 jacentem

2176 5737 2297 5778 esse
2328 5722 2660 5791 amplexum.
2698 5721 2974 5776 “cuius.

2511 5849 2547 5870 ο
