4062 6460
329 337 436 404 613
580 328 658 401 [τι.
698 343 749 382 c.
798 326 929 382 [28-2
965 343 1027 381 se
1079 324 1235 399 ISQS]

1346 330 1795 392 ΒΥΖΑΝΤΙΝᾸΞ
1824 326 2210 389 ΗΙδΤΟΙὶΙβΕ
2237 326 2381 386 LIB.
2409 326 2512 385 IX.

2622 318 2758 391 [tum
2800 333 3087 375 ANDBONIC.
3146 318 3294 392 seu.)

3470 323 3577 388 6ιᾶ

297 471 419 523 ,σαι
453 453 722 523 πατρικῆς
761 450 1004 520 κεφαλῆς
1027 467 1042 484 ο
1073 450 1149 521 μὴ
1174 451 1351 519 βίαιον
1383 446 1691 526 επενέγκῃς
1709 450 1904 518 αἵματι

2007 423 2293 515 accepisti.
2316 445 2488 500 llomo
2508 445 2738 514 quidem
2767 445 2967 500 ccelum
2986 455 3041 500 et
3066 453 3268 501 terram
3295 446 3577 505 intuetur:

325 545 563 612 σίδηρον,
605 544 698 610 ἀφ’
726 536 787 595 οὗ
821 542 887 596 σὺ
922 541 1025 605 τάς
1053 541 1237 610 πηγὰς
1265 540 1432 606 ἐδέξω
1476 543 1570 595 τοῦ
1604 543 1729 613 ζῇν.
1768 543 1900 597 Ἀν-

326 634 541 706 θρωπος
574 634 673 703 μὲν
700 634 941 702 ἐπόπτης
971 635 1120 687 ἐστὶν
1145 634 1379 704 ούρανοῦ
1409 650 1469 687 τε
1497 640 1592 688 καὶ
1622 638 1725 704 γῆς
1746 651 1762 667 ·
1791 636 1900 688 τῶν

326 726 370 780 δ’
394 725 751 796 ἀνθρωπίνων
778 724 1029 795 πράξεων
1059 727 1294 778 ἐπόπται
1329 725 1401 795 γῆ
1435 743 1495 779 τε
1523 724 1619 779 καὶ
1647 727 1897 796 οὐρανός.

327 820 417 891 Μὴ
438 818 504 889 δὴ
529 814 622 873 οὖν
649 817 912 888 ἐθελήσῃς
935 816 1208 886 ἀθεμίτων
1228 817 1407 887 ἔργων
1431 817 1527 872 καὶ
1567 818 1695 871 οἴων
1725 818 1901 882 οὐδείς

330 929 415 963 πω
461 910 801 982 τετόλμηκεν
840 910 898 975 ἐξ
948 908 1145 973 αἰῶνος
1190 910 1435 974 ἐπόπτας
1479 909 1665 965 λαϐεῖν
1706 911 1811 980 γῆν
1840 928 1900 965 τε

331 1002 423 1054 καὶ
464 1001 710 1071 οὐρανόν.
747 1001 809 1054 El
846 1000 889 1054 δ’
923 1000 1212 1070 ἀδελφικὸν
1256 998 1396 1071 αἷμα
1427 1002 1569 1056 κατὰ
1623 1003 1719 1056 τοῦ
1763 1003 1900 1057 Κάῖν
1928 1028 1939 1033 -

331 1092 458 1144 ἐσόα
512 1091 678 1151 πάλαι
733 1092 869 1161 πρὸς
908 1090 1131 1162 Κύριον,
1184 1093 1301 1156 πῶς
1336 1094 1396 1146 ού
1443 1094 1709 1163 πατρικὸν
1760 1092 1902 1164 αἷμα

332 1182 518 1252 βοήσει
549 1186 684 1248 πρὸς
719 1183 924 1254 Κύριον
953 1184 1047 1237 καὶ
1086 1188 1152 1254 γῇ
1177 1202 1237 1237 τε
1267 1185 1361 1238 καὶ
1383 1186 1517 1256 ὴλίῳ
1548 1186 1644 1240 καὶ
1669 1186 1902 1256 ἀστράσι

330 1275 389 1327 τὺ
417 1273 673 1329 τοσοῦτον
723 1274 1021 1344 ἀναγγελεῖ
1049 1275 1310 1346 τόλμημα
1342 1277 1439 1332 καὶ
1471 1266 1901 1349 διατραγῳδήσει

330 1365 465 1436 πρὸς
504 1367 750 1429 ἅπαντας
805 1367 1059 1437 βασιλέας
1115 1368 1326 1436 ὲθνῶν;
1390 1370 1681 1440 Αίδέσθητι
1724 1372 1903 1442 γῆρας

329 1456 559 1509 ἐλεεινὸν
616 1458 739 1523 ἐμοὶ
794 1458 905 1526 μὲν
957 1458 1074 1528 βίου
1132 1459 1395 1531 τελευτὴν
1424 1462 1526 1514 οὐκ
1572 1462 1651 1525 είς
1683 1463 1903 1532 μακρὰν

330 1544 782 1615 ὑπισχνούμενον,
840 1548 928 1599 σοὶ
977 1547 1035 1600 δὲ
1068 1547 1367 1618 φροντίδων
1399 1550 1630 1621 μακρῶν
1657 1550 1905 1604 ἀνάπαυ-

331 1653 437 1691 σιν.
467 1636 752 1705 Δίδέσθητι
782 1640 994 1706 χεῖρας,
1021 1639 1080 1692 αἴ
1104 1657 1163 1692 σε
1189 1641 1450 1704 πολλάκις
1480 1643 1540 1694 έν
1565 1643 1902 1711 σπαργάνοις

328 1727 456 1779 ὄντα
485 1727 579 1779 καὶ
601 1725 828 1795 γάλαξιν
866 1727 1256 1796 ἠγκαλίσαντο.
1283 1728 1572 1798 Αίδέσθητι
1602 1729 1754 1798 χείλη
1776 1729 1905 1782 πολ-

328 1812 484 1875 λάκις
527 1813 660 1880 μετά
709 1812 916 1882 θερμοῦ
954 1830 1015 1865 σε
1044 1810 1138 1866 τοῦ
1197 1815 1421 1884 φίλτρου
1470 1817 1777 1886 φιλήσαντα
1808 1818 1904 1871 καὶ

328 1903 590 1975 δευτέραν
621 1905 986 1975 προσειπόντα
1034 1906 1230 1978 ψυχήν.
1276 1907 1540 1976 Κάλαμον
1570 1909 1904 1980 ἐρριμμένον

330 1994 435 2048 ὑπὸ
472 1994 571 2064 τῆς
601 1994 769 2065 τύχης
796 1995 1069 2067 οἴκτειρον
1099 1999 1195 2050 καὶ
1229 1996 1303 2068 μὴ
1333 1998 1429 2052 καὶ
1456 1998 1620 2061 αὐτὸς
1641 1998 1906 2069 ἐθελήσῃς

327 2083 586 2156 δευτέραν
622 2086 942 2153 ἀπενεγκεῖν
970 2087 1287 2159 συντριδήν.
1313 2088 1407 2159 Μὴ
1440 2090 1562 2152 ταῖς
1598 2088 1904 2160 παρούσαις

330 2174 609 2245 ἄνθρωπος
635 2174 712 2231 ὢν
741 2176 965 2232 πίστευε
986 2178 1178 2250 τύχαις
1197 2196 1211 2211 η
1228 2180 1344 2233 ἀλλ’
1371 2180 1474 2251 ὅρα
1503 2181 1564 2235 τὸ
1578 2181 1688 2236 τῶν
1718 2197 1904 2249 πραγ-

339 2266 520 2336 μάτων
563 2268 822 2323 ἀϐέϐαιον
844 2271 939 2324 καὶ
967 2271 1318 2343 ἀστάθμητον
1338 2272 1646 2342 ἀρξάμενος
1668 2272 1727 2337 ἐξ
1744 2273 1898 2343 ἐμοῦ.

333 2362 474 2433 Ὅρα
505 2362 716 2434 μακροῦ
752 2362 869 2432 βίου
898 2364 1403 2432 τέλοςᾲθαύμασον,
1437 2366 1553 2429 πῶς
1587 2367 1684 2435 μία
1712 2367 1778 2438 δὴ
1802 2367 1898 2434 νὺξ

329 2451 469 2521 αὕτη
504 2469 568 2521 με
599 2451 824 2522 βασιλέα
869 2454 1245 2526 παρειληφυῖα
1276 2456 1515 2524 πολυετῆ
1548 2457 1905 2528 βασιλευόμε-

328 2557 419 2594 νον
470 2541 673 2612 οἴχεται
715 2544 1223 2614 καταλιμπάνουσα.
1254 2565 1273 2598 ι
1313 2546 1540 2610 Τούτοις
1572 2550 1687 2611 τοῖς
1723 2547 1902 2615 λόγοις

332 2629 687 2697 μαλακισθεὶς
747 2633 775 2684 6
824 2632 943 2698 νέος
1010 2634 1350 2703 Ἀνδρόνικος
1412 2636 1616 2706 μικροῦ
1671 2637 1765 2690 καὶ
1804 2638 1901 2689 δα-

328 2724 513 2796 κρύων
539 2726 716 2796 ἥττων
743 2727 1036 2794 γενόμενος
1069 2727 1266 2781 εἴσεισι
1286 2728 1353 2781 τά
1396 2728 1665 2797 βασίλεια,
1700 2726 1899 2797 πολλὴν

330 2815 474 2884 ὑπὲρ
522 2819 792 2889 σωτηρίας
839 2817 933 2872 τοῦ
968 2820 1193 2874 πάππου
1243 2821 1568 2890 ποιούμενος
1614 2822 1896 2890 πρόνοιαν.

330 2908 463 2985 Καὶ.
505 2909 698 2978 πρῶτα
733 2910 834 2980 μὲν
882 2912 952 2981 τῇ
988 2910 1265 2982 σεϐασμίᾳ
1294 2911 1394 2979 τῆς
1442 2912 1786 2982 Θεομήτορος
1822 2912 1899 2964 sl-

2002 537 2281 589 humanas
2303 551 2435 589 vero
2472 535 2718 590 actiones
2764 535 2962 591 crelum
3006 543 3062 589 et
3096 545 3241 590 terra
3268 535 3577 593 intuentur.

1998 626 2164 699 424
2175 627 2253 683 Ne
2273 627 2409 682 velis
2431 627 2597 697 igitur
2617 626 2841 683 nefandi
2861 626 3141 692 facinoris,
3163 627 3322 697 quale
3344 628 3412 684 ab
3429 629 3580 683 omni

1999 733 2117 772 aevo
2146 732 2308 772 nemo
2356 732 2598 786 unquam
2630 732 2802 773 ausus
2841 728 2947 784 est,
2987 720 3335 787 inspectores
3375 718 3581 774 habere

2001 808 2170 863 caelos
2192 817 2246 863 et
2274 816 2495 877 terram.
2524 807 2679 874 Quod
2698 810 2744 863 si
2775 809 3055 865 fraternus
3093 809 3315 878 sanguis
3349 810 3478 863 olim
3510 814 3590 864 ad.

2002 897 2294 953 Dominum
2329 905 2518 952 contra
2555 896 2787 951 Cainum
2833 896 3120 962 clamabat,
3172 904 3377 966 quanto
3411 878 3583 967 magis

1990 999 2262 1059 paternus
2291 988 2513 1060 sanguis
2536 988 2602 1043 ad
2633 988 2923 1055 Dominum
2952 987 3236 1054 clamabit,
3261 997 3316 1042 et
3343 999 3503 1045 terrae
3525 998 3584 1042 et

2001 1080 2108 1136 soli
2147 1088 2205 1137 et
2241 1079 2409 1135 astris
2445 1090 2657 1134 tantum
2706 1078 2924 1134 facinus
2960 1079 3315 1133 annuntiabit
3343 1089 3399 1134 et
3436 1083 3581 1150 apud

2001 1185 2196 1227 omnes
2212 1173 2457 1240 gentium
2494 1185 2650 1240 reges
2690 1169 3089 1226 detestabitur?
3115 1169 3383 1225 Reverere
3420 1184 3585 1224 sene-

2009 1271 2152 1319 ctam
2183 1262 2567 1317 misericordia
2595 1263 2836 1332 plenam,
2867 1276 2986 1330 quae
3030 1261 3161 1315 milii
3195 1260 3412 1328 quidem
3459 1259 3586 1314 vitae

2003 1352 2164 1408 linem
2188 1357 2437 1423 proximo
2459 1362 2729 1423 tempore,
2758 1354 2850 1407 tibi
2876 1360 3055 1407 autem
3082 1367 3404 1422 magnarum
3431 1350 3585 1406 solli-

2002 1446 2304 1501 citudinem
2332 1446 2703 1500 cessationem
2729 1445 3045 1515 pollicetur.
3071 1447 3347 1501 Reverere
3368 1458 3584 1508 manus,

2001 1553 2124 1609 qua:
2156 1548 2209 1593 te
2251 1551 2394 1605 saepe
2426 1537 2482 1591 in
2519 1537 2676 1593 cunis
2704 1547 2761 1592 et
2794 1537 2849 1591 in
2881 1538 3005 1592 sinu
3049 1535 3280 1591 nutricis
3324 1536 3589 1605 amplexa:

2005 1638 2156 1686 sunt.
2188 1630 2464 1685 Reverere
2492 1628 2659 1690 labia.
2679 1643 2801 1697 qua:
2830 1636 2883 1681 te
2901 1641 3044 1696 sa‘pe
3071 1641 3283 1681 summa
3315 1624 3587 1683 cbaritate

2005 1720 2318 1777 deosculata
2359 1729 2490 1775 sunt
2534 1729 2590 1775 et
2647 1719 2875 1773 alteram
2924 1717 3162 1772 animam
3215 1717 3585 1786 appellarunt.

1934 1790 1977 1846 Β
2003 1812 2206 1869 Calami
2233 1822 2273 1867 a‘
2298 1811 2518 1867 fortuna
2544 1811 2777 1881 proiecti
2800 1811 3084 1875 miserere,
3118 1823 3219 1863 nec
3242 1818 3299 1863 tu
3331 1822 3457 1862 eum
3488 1807 3589 1862 de-

2002 1918 2116 1960 nuo
2151 1913 2440 1959 conterere
2484 1902 2641 1958 velis.
2682 1900 2765 1956 Ne
2815 1912 2891 1967 ιιι,
2929 1916 3052 1958 cum
3100 1899 3266 1954 homo
3312 1900 3409 1964 sis,
3449 1912 3590 1965 prer-

2007 1996 2150 2052 senti
2196 1995 2432 2049 fortuna:
2476 1992 2759 2057 confidas;
2793 1992 2888 2047 sed
2932 2008 3116 2047 rerum
3160 1988 3584 2046 inconstantiam

2000 2088 2411 2146 eLvarietatem
2446 2102 2477 2142 a
2512 2101 2599 2142 me
2632 2086 2754 2156 ipso
2810 2100 3040 2155 exorsus
3079 2082 3448 2139 considerato.
3480 2079 3589 2134 Bc-

2003 2179 2153 2249 spice
2186 2180 2365 2248 longa:
2390 2179 2515 2234 vita:
2545 2177 2733 2233 finem.
2756 2172 3151 2238 Admirare,u£
3172 2188 3280 2229 una
3312 2187 3437 2233 nox,
3465 2186 3589 2241 qua:

2000 2287 2089 2327 me
2106 2272 2407 2345 multorum
2432 2284 2704 2329 annorum
2725 2269 3112 2339 imperatorem
3143 2266 3376 2336 accepit,
3405 2264 3587 2319 alieno

2001 2362 2239 2433 imperio
2279 2364 2588 2435 subjectum
2632 2362 2932 2432 relinquat.
2986 2380 3004 2412 ι
3044 2361 3139 2415 llis
3183 2358 3365 2416 verbis
3399 2356 3588 2428 junior

2002 2454 2353 2509 Andronicus
2394 2454 2661 2513 delinitus
2689 2454 2776 2508 vix
2818 2453 2983 2508 etiam
3022 2469 3051 2506 a
3084 2451 3587 2523 lacrymisitempe-

2007 2559 2137 2600 rans
2161 2545 2427 2614 palatium
2460 2544 2769 2614 ingreditur
2803 2554 2860 2600 et
2894 2543 2962 2598 de
2994 2543 3168 2598 salute
3186 2542 3273 2598 avi
3300 2555 3486 2595 curam
3510 2539 3592 2594 di-

2006 2626 2265 2706 ligentem
2290 2636 2538 2706 suscipit.
2572 2635 2650 2691 Ac
2684 2635 2921 2706 primum
2954 2633 3321 2690 venerabilem
3355 2631 3451 2687 Dei
3486 2628 3592 2685 Ge-

2008 2729 2221 2783 nitricis
2252 2729 2543 2799 imaginem
2571 2744 2635 2782 ea
2669 2744 2774 2798 qua
2800 2743 2898 2798 par
2929 2737 3013 2782 est
3042 2727 3361 2782 aderationc
3394 2726 3595 2794 impor—

2008 2819 2108 2885 tit;
2138 2819 2342 2875 deinde
2360 2836 2520 2873 avum
2543 2819 2622 2873 illi
2651 2819 3013 2880 inhazrentcm
3044 2818 3341 2874 abductum
3368 2815 3591 2881 salutat,

2006 2910 2357 2980 amplectitur
2387 2918 2444 2965 et
2477 2908 2697 2964 blandis
2727 2909 2912 2963 verbis
2947 2917 3183 2964 recreat.

334 2999 456 3051 κόνι
490 3000 602 3070 (89)
630 3000 728 3070 τὴν
756 3002 1143 3073 προσήκουσαν
1184 3002 1419 3067 ἀποδοὺς
1448 3004 1843 3073 προσκύνησιν,
1885 3001 2074 3057 ἔπειτα
2094 3001 2184 3056 τὸν
2207 3004 2435 3056 πάππον
2462 3000 2951 3072 ταύτηςὲχόμενον
2980 2998 3268 3054 ἀπολαϐὼν
3303 2999 3592 3070 ἠσπάσατό

330 3111 390 3149 τε
420 3095 891 3165 περιπτυξάμενος
923 3097 1018 3151 καὶ
1050 3097 1230 3166 λόγοις
1269 3099 1611 3169 ἀνεκτήσατο
1652 3099 1957 3171 μειλιχίοις.

306 3250 309 3253 _
402 3185 485 3252 Z’.
524 3186 759 3241 Ἐκεῖθεν
790 3189 1008 3243 ἄπεισιν
1057 3191 1142 3252 είς
1189 3188 1288 3261 τὴν
1328 3190 1435 3244 τῶν
1462 3191 1776 3261 Μαγγάνων
1811 3207 1905 3261 μο-

2034 3229 2048 3246 .
2079 3184 2190 3242 νιι.
2223 3183 2357 3239 Inde
2389 3183 2444 3237 in
2479 3181 2867 3252 Manganerum
2898 3178 3293 3235 monasterium
3327 3178 3462 3244 abit,
3497 3175 3589 3234 ubi

332 3274 448 3345 νην,
480 3274 606 3329 ἔνθα
641 3278 852 3345 φθάσας
894 3279 923 3331 ὁ
951 3277 1411 3351 λόγος-ἐδήλωσεν
1462 3284 1521 3336 ὲν
1550 3282 1771 3353 ἀδέσμῳ
1804 3298 1904 3349 φυ-

332 3368 470 3439 λακῇ
494 3367 584 3421 τὸν
615 3369 956 3442 πατριάρχην
996 3370 1220 3424 Ἡσαΐαν
1253 3371 1548 3441 καθῆσθαι.
1579 3372 1780 3426 Τοῦτον
1809 3371 1925 3425 οὖντ

277 3488 283 3494 -
333 3458 468 3529 ἄρας
504 3458 712 3513 ἐκεῖθεν
760 3461 853 3513 καὶ
909 3461 994 3530 ἐφ’
1022 3461 1080 3514 ἓν
1116 3463 1229 3517 τῶν
1280 3463 1576 3534 βασιλικῶν
1606 3462 1901 3536 ὀχημάτων

330 3548 688 3612 ἀναϐιϐάσας,
713 3550 787 3612 ὼς
813 3546 923 3622 εἶχε
946 3551 1053 3604 τῶν
1078 3552 1470 3623 ἐρυθροϐαφῶν
1503 3554 1898 3623 κοσμημάτων,

332 3640 412 3709 τῷ
446 3641 824 3711 πατριαρχικῷ
852 3643 1033 3713 φέρων
1066 3643 1358 3698 ἀποδίδωσι
1391 3642 1567 3714 θρόνῳ
1587 3638 1615 3672 δ
1636 3644 1738 3698 οὐκ
1777 3646 1899 3697 ἑπι-

334 3728 552 3785 σκόπων
585 3734 747 3786 τινῶν
776 3734 898 3791 οὐδὲ
941 3736 1330 3807 πρεσϐυτέριον
1364 3736 1769 3801 προοδευόντων
1805 3740 1904 3791 καὶ

333 3822 634 3890 ἑπομένων,
680 3823 795 3876 ἀλλ’
844 3826 1093 3896 αὐλητῶν
1121 3829 1214 3880 καὶ
1244 3826 1580 3897 αὐλητρίδων
1611 3829 1706 3881 καὶ
1736 3828 1907 3897 ὀρχηο

338 3915 476 3967 στῶν
504 3919 598 3969 καὶ
624 3917 995 3989 ὀρχηστρίδων
1026 3921 1125 3974 σὺν
1178 3921 1342 3991 ᾠδαῖς
1397 3920 1758 3991 χαρμοσύνοις
1808 3921 1907 3990 τὴν

336 4007 558 4075 πομπὴν
584 4012 924 4080 ποιουμένων
953 4013 1190 4084 εκείνην.
1226 4011 1325 4069 Ὧν
1351 4015 1451 4085 μία
1472 4032 1576 4077 τις,
1609 4016 1640 4084 ἡ
1671 4012 1907 4083 μάλιστα

334 4097 441 4148 τῶν
455 4097 629 4153 ἄλλων
646 4101 984 4172 αὐλητρίδων
994 4105 1375 4177 ⁴δοκιμωτάτη,
1395 4107 1563 4159 ἵππου
1582 4108 1638 4159 ἐν
1662 4106 1902 4176 ἀνδρικῷ

333 4183 412 4254 τῷ
445 4189 683 4257 σχήματι
708 4191 1063 4245 ὲπιὸαίνουσα
1086 4197 1199 4255 τοίς
1233 4194 1686 4264 στρατευομένοις
1719 4193 1906 4246 εἵπετο

339 4278 440 4346 μὲν
469 4280 565 4331 καὶ
591 4282 872 4351 πρότερον,
901 4283 1089 4337 εἵπετο
1114 4284 1171 4337 δὲ
1189 4302 1222 4338 κ
1238 4286 1284 4337 xi
1308 4285 1404 4338 νῦν
1437 4284 1907 4355 προπομπεύουσά

334 4386 396 4422 τε
433 4371 510 4442 τῷ
554 4375 863 4446 πατριάρχῃ
899 4374 992 4429 καὶ
1035 4378 1154 4438 ταῖς
1182 4378 1445 4448 συνήθεσι
1479 4380 1576 4434 καὶ
1621 4381 1909 4449 πορνικαῖς

2006 3275 2375 3348 patriarchae)
2410 3273 2608 3329 Isaiam
2642 3273 2695 3326 in
2746 3271 2996 3326 custodia
3034 3269 3272 3325 vinculis
3305 3269 3480 3324 libera
3510 3285 3592 3325 se-

2009 3370 2143 3426 dere
2172 3366 2433 3422 diximus.
2459 3364 2631 3435 Quem
2667 3363 2794 3418 inde
2821 3361 3122 3416 abductum
3170 3369 3225 3415 et
3259 3358 3354 3412 uni
3386 3374 3454 3414 ex
3486 3359 3593 3413 im-

2004 3458 2294 3531 peratoriis
2312 3456 2569 3515 curribus
2590 3455 2928 3525 impositum,
2947 3452 3109 3526 425
3139 3461 3477 3517 ornamenta,
3509 3452 3585 3507 ita

2006 3562 2065 3625 ut
2098 3558 2278 3618 erant,
2308 3551 2472 3604 rubra
2497 3547 2829 3619 praeferenti,
2860 3546 2914 3599 in
2938 3545 3363 3616 patriarchicum
3386 3543 3584 3599 solium

2005 3643 2269 3706 restituit,
2296 3641 2460 3696 nullis
2493 3639 2767 3709 episcopis
2795 3647 2892 3692 aut
2927 3636 3263 3708 presbyteris
3302 3636 3588 3706 sequenti.

2003 3736 2107 3791 bus
2135 3745 2230 3787 aut
2245 3731 2733 3797 antecedentibus;
2760 3730 2852 3785 sed
2885 3729 3205 3785 tibicinibus
3238 3737 3291 3783 et
3317 3727 3584 3784 tibicinis.

2004 3823 2358 3883 saltatoribus
2387 3832 2443 3879 et
2474 3822 2848 3877 saltatricibus
2879 3821 3274 3875 comitantibus
3297 3861 3313 3886 ,
3343 3802 3406 3874 ac
3450 3821 3590 3895 laetis

1996 3917 2232 3987 canticis
2260 3932 2386 3973 eum
2419 3915 2906 3986 prosequentibus.
2932 3914 3172 3979 Quarum
3204 3914 3426 3983 quidem
3463 3914 3590 3967 tibi—

2005 4011 2252 4065 cinarum
2280 4008 2385 4062 una
2411 3994 2794 4078 probatissima
2824 4006 3013 4059 habitu
3036 4005 3176 4059 virili
3197 4004 3504 4074 equitabat;
3532 4016 3590 4059 ct

2013 4101 2236 4165 milites,
2261 4115 2322 4155 ut
2355 4109 2540 4154 secuta
2565 4106 2723 4152 antea
2759 4098 2958 4158 fuerat.
2985 4080 3062 4150 ita
3094 4109 3223 4151 tunc
3253 4111 3473 4165 quoque
3501 4111 3590 4151 se-

2014 4196 2319 4266 quebatur;
2364 4178 2737 4264 patriarcham'
2777 4207 2909 4247 vero
2955 4193 3129 4263 ipsum
3174 4189 3538 4246 antecedebat
3568 4228 3584 4253 ,

2016 4303 2179 4359 quem
2211 4287 2388 4342 solitis
2413 4295 2468 4340 et
2504 4284 2831 4357 meretriciis
2857 4286 3037 4354 nugis,
3072 4295 3129 4338 ut
3150 4295 3205 4338 ct
3233 4294 3462 4336 caeteros
3495 4282 3587 4352 qui

2018 4380 2267 4442 aderant,
2308 4378 2374 4433 ad
2408 4377 2729 4433 illiberalem
2769 4377 2939 4431 risum
2973 4375 3129 4431 facile
3161 4373 3514 4444 provocabat.

337 4467 626 4538 φλυαρίαις
670 4470 760 4523 τόν
794 4489 853 4524 τε
901 4472 1270 4544 πατριάρχην,
1316 4473 1410 4526 καὶ
1451 4476 1564 4526 ὅσοι
1591 4473 1715 4529 τότε
1748 4475 2023 4544 παρῆσαν,
2058 4477 2136 4540 εἰς
2200 4476 2441 4543 γέλωτας
2508 4472 2755 4542 ἀσήμους
2788 4478 2964 4542 ῥᾷστα
2994 4468 3408 4540 παρασύρουσα.

413 4559 493 4614 H’.
526 4557 633 4614 Ἦν
663 4561 708 4616 δ’
752 4563 920 4619 ἕωθεν
975 4566 1032 4627 ἐς
1084 4566 1322 4635 ἑσπέραν
1362 4568 1489 4622 ἰδεῖν
1539 4552 1661 4637 τῆν’
1689 4569 1902 4639 ἡμέραν

2084 4568 2221 4624 Vill.
2251 4567 2328 4621 Eo
2360 4567 2449 4622 die
2476 4581 2504 4620 a
2538 4582 2696 4620 mane
2724 4564 2792 4619 ad
2816 4578 3099 4633 vesperam
3120 4576 3310 4615 omnes
3335 4575 3465 4629 epes
3489 4560 3588 4615 do-

340 4654 554 4724 ὲκείνην
583 4653 891 4711 κενωθέντα
923 4656 1019 4708 τὸν·
1042 4656 1198 4711 ὄλϐον
1227 4658 1442 4712 ἅπαντα
1471 4659 1581 4713 τῶν
1612 4661 1774 4713 οἴκων
1802 4659 1909 4711 τῶν

337 4747 739 4817 λαμπροτάτων
771 4750 865 4801 καὶ
910 4749 1136 4819 λείψανα
1179 4751 1277 4821 τὴν
1309 4751 1572 4822 ταχίστην
1602 4752 1910 4805 καταστάν-

337 4856 435 4902 τας
474 4841 667 4903 αύτοὺς
715 4841 972 4910 ἐρειπίων
1017 4844 1110 4896 καὶ
1156 4843 1453 4914 δημοτικὸν
1503 4844 1762 4913 ἄθυρμα·
1817 4845 1911 4896 καὶ

338 4930 429 5002 [Ρ.
450 4930 576 5002 261]
614 4931 850 5001 μάλιστα
878 4933 1096 4986 πάντων
1119 4933 1220 5003 τὴν
1248 4933 1341 4987 τοῦ
1363 4926 1605 5003 μεγάλου
1625 4933 1909 4999 λογοοέτου

339 5025 729 5095 λαμπροτάτην
762 5024 961 5089 οἰκίαν,
991 5024 1087 5080 καὶ
1137 5025 1240 5078 ὃσα
1282 5026 1394 5078 τῶν
1417 5026 1716 5097 χρημάτων
1745 5025 1804 5078 ἐν
1840 5042 1901 5078 τε

338 5118 403 5185 τῇ
433 5116 576 5185 οἰκίᾳ.
609 5118 981 5186 ὲταμιεύοντο,
1019 5117 1113 5170 καὶ
1144 5117 1244 5170 ὅσα
1291 5117 1505 5185 φθάσας
1545 5120 1651 5171 τισὶ
1675 5118 1786 5169 τῶν
1814 5117 1906 5188 φίο

340 5207 447 5259 λων
474 5204 761 5277 παρέθετο.
817 5208 939 5261 Τῶν
969 5208 1365 5279 γραμματείων
1394 5197 1515 5280 γάᾱ
1549 5210 1905 5279 εὑρεθέντων,

339 5298 376 5351 ἃ
415 5298 540 5362 τοὺς
592 5301 881 5371 εἰληφότας
928 5301 1112 5369 φίλους
1169 5301 1384 5372 ἐδήλου,
1443 5302 1702 5371 λαφύρων
1748 5304 1910 5374 μερὶς

339 5391 665 5465 ἐγεγένηντο
685 5395 865 5449 πάντα
895 5396 988 5449 καὶ
1009 5395 1160 5450 οὐδὲν
1190 5395 1300 5448 τῶν
1316 5396 1573 5450 ἁπάντων
1603 5396 1751 5465 αὐτῷ
1770 5415 1913 5468 παρ·

337 5485 554 5559 ελείφθη
584 5504 597 5516 ο
643 5488 780 5541 ἀλλά
808 5487 875 5542 τὰ
908 5488 1005 5559 μὲν
1020 5488 1105 5552 είς
1130 5487 1190 5541 τὸ
1235 5487 1517 5558 βασιλικὸν
1539 5490 1915 5560 εἰσενήνεκται

2014 4674 2228 4713 merum
2251 4658 2815 4727 Splendidissimarum
2840 4653 3120 4709 exhauriri
3154 4651 3371 4720 ctipsas
3390 4652 3587 4706 domos

2014 4751 2087 4805 ita
2127 4749 2305 4804 statim
2344 4749 2490 4804 dirui
2522 4764 2586 4803 ac
2622 4747 2768 4818 vulgi
2802 4746 3099 4801 ludibrium
3136 4759 3255 4799 esse
3294 4759 3587 4806 cerneres,

2012 4854 2073 4900 ut
2111 4846 2202 4900 vix
2238 4843 2437 4898 rudera
2472 4851 2827 4912 superessent
2865 4859 2878 4894 :
2921 4840 2973 4893 in
3006 4838 3200 4907 primis
3232 4837 3410 4908 magni
3441 4836 3590 4906 logo-

2012 4938 2177 4993 tltette
2202 4935 2347 4991 cedes
2374 4912 2967 5005 magnilicentissimas,
3002 4933 3053 4983 in
3087 4930 3290 5000 quibus
3318 4929 3586 4999 quidquid

1994 5044 2176 5096 epum
2208 5026 2508 5096 repositum
2529 5035 2668 5090 erat,
2699 5024 2974 5097 direptum
3004 5030 3120 5087 est;
3156 5021 3286 5075 item
3314 5019 3587 5091 quidquid

2006 5123 2098 5178 ille
2122 5123 2263 5194 apud
2295 5122 2562 5192 quosdam
2592 5124 2795 5176 amicos
2817 5121 3168 5190 deposucrat.
3198 5121 3416 5173 Litteris
3438 5122 3598 5174 enim-

2007 5215 2263 5285 repertis,
2319 5215 2520 5284 quibus
2583 5214 2945 5284 perscriptum
3002 5224 3118 5269 erat
3166 5208 3589 5283 quid‘quisque

2009 5308 2217 5363 amicus
2251 5308 2579 5376 accepisset,
2608 5307 2791 5361 omnia
2824 5306 3021 5376 prinde:
3050 5308 3310 5372 fuerunt;
3345 5321 3445 5360 nec
3476 5322 3590 5359 om-

2011 5400 2160 5454 nium
2191 5415 2371 5453 rerum
2405 5398 2701 5468 quidquam
2730 5401 2779 5454 ei
2811 5409 2896 5454 cst
2928 5400 3178 5454 relictum
3208 5416 3221 5451 :
3256 5398 3350 5451 sed
3387 5397 3491 5452 alia
3525 5396 3579 5449 in

2010 5494 2198 5547 fiscum
2234 5493 2423 5557 relata,
2455 5493 2560 5547 alia
2590 5492 2844 5548 manibus
2875 5492 3020 5562 vulgi
3055 5491 3337 5545 distracta.
3372 5488 3449 5542 Ita
3484 5501 3579 5542 su-

1683 5618 2018 5679 Variorum
2051 5629 2234 5680 notre.
2280 5638 2283 5643 '

406 5714 519 5787 (89)
575 5719 816 5790 Deiparte
860 5719 1221 5795 lledegclrire,
1266 5733 1324 5779 ut
1390 5738 1555 5794 supra
1592 5724 1717 5795 (col.
1775 5726 1921 5796 481).
1966 5726 2196 5781 Dtrcise.

538 5909 585 5927 ο
