4062 6448
527 313 642 378 615
822 307 900 380 [Α.
941 323 998 362 ιι.
1035 307 1167 362 6791
1215 322 1283 361 AD
1323 306 1485 380 esse]

1739 273 2164 376 NIeEPHoaI
2208 315 2592 378 esseom

2847 312 2983 385 [ιιιρ.
3022 328 3306 371 Αινοιιοιηιο.
3346 314 3496 387 δίει]

3686 320 3787 390 616

526 426 645 480 bito
694 439 800 478 una
840 438 960 477 cum
1002 422 1192 476 liberis
1227 421 1295 476 ad
1346 429 1644 491 egestatem
1704 423 1969 479 redactus
2010 434 2096 479 est

2205 427 2553 497 πρυτανεῖον,
2585 426 2651 480 τὰ
2693 425 2750 480 δέ
2772 425 3026 498 δημοτῶν
3054 427 3395 497 διενείμαντο
3442 431 3630 501 χεῖρες
3650 445 3667 459 ο
3696 435 3792 485 καὶ

523 516 616 586 qui
638 525 760 584 post
785 515 1168 583 imperatorem
1190 514 1436 567 omnium
1465 512 1816 569 felicissimus
1869 513 2103 569 habeba-

522 619 648 672 tur;
681 616 736 661 et
756 607 842 660 cui
871 621 966 676 per
994 605 1196 660 multos
1228 620 1405 660 annos
1435 620 1584 660 mera
1607 605 1844 674 quadam
1877 620 2104 675 prospeo

527 700 686 754 ritate
715 700 819 752 frui
853 699 1197 768 contigerat,
1238 697 1284 751 is
1319 711 1430 751 uno
1469 697 1558 752 die
1595 705 1769 752 totum
1801 712 1865 751 ac
1895 711 2102 751 merum

523 795 757 850 tristitia:
773 796 1029 864 pocuium
1053 794 1255 847 hausit.
1286 792 1362 847 Ibi
1397 793 1644 848 homines
1657 793 1918 862 querulos
1937 793 2106 864 426

522 886 715 941 dicere
749 887 972 940 audires
998 900 1120 939 eum
1152 885 1281 950 alia,
1312 893 1425 938 tum
1459 901 1591 953 opes
1641 885 1762 939 illas
1800 898 2106 954 pauperum

520 993 643 1032 esse
677 976 1006 1047 sanguinem
1029 987 1084 1032 et
1129 975 1399 1045 lacrymas
1421 1017 1434 1038 ,
1467 976 1807 1030 contributas
1850 975 2108 1030 videlicet

520 1079 579 1124 et
608 1068 982 1138 suppeditatas
1012 1070 1062 1121 ei
1107 1068 1175 1121 ab
1208 1067 1277 1121 iis
1307 1067 1515 1136 quibus
1565 1068 1936 1122 Romanarum
1970 1083 2106 1137 pro-

522 1159 829 1213 v‘inciarum
861 1167 918 1212 et
949 1157 1170 1210 urbium
1210 1156 1621 1210 administratio
1648 1157 1940 1212 commissa
1971 1157 2106 1212 fuis-

519 1259 620 1311 set.
652 1257 712 1303 ut
739 1263 864 1303 cum
897 1247 974 1301 illi
1004 1247 1278 1300 Romanos
1308 1246 1607 1301 crudeliter
1641 1259 1742 1315 pro
1768 1261 1876 1300 mre
1903 1246 2108 1316 emptis

520 1340 814 1410 mancipiis
869 1348 1194 1401 tractarent,
1235 1339 1353 1407 ipse
1409 1338 1623 1392 miseris
1666 1336 1986 1406 confugium
2039 1335 2112 1390 ad

521 1436 914 1502 imperatorem
953 1430 1289 1492 Obstrueret,
1333 1443 1443 1497 quo
1483 1443 1676 1497 magna
1719 1427 1810 1482 illa
1863 1427 2112 1482 facinora

530 1525 612 1580 ab
635 1524 783 1580 omni
803 1531 958 1593 parte
1001 1531 1288 1576 manerent
1312 1519 1604 1589 impunita.
1636 1518 1822 1589 Itaque
1856 1521 2114 1574 vindictas

521 1616 744 1671 oculum
780 1629 887 1668 non
920 1621 1188 1683 perpetuo
1218 1612 1563 1674 dormitasse,
1593 1610 1687 1664 sed
1721 1620 2106 1680 experrectum

521 1716 648 1757 sero
691 1719 754 1758 ac
799 1703 888 1757 vix
941 1703 1158 1757 tandem
1194 1701 1407 1756 debitas
1453 1700 1531 1754 illi
1576 1715 1767 1769 pcenas
1811 1701 2104 1772 irregasse.

517 1794 650 1860 Quae
675 1809 798 1849 cum
829 1794 989 1864 vulgo
1005 1801 1381 1861 cantarentur,
1411 1792 1780 1849 calamitatem
1806 1792 1926 1864 ejus
1946 1807 2102 1848 acer-

527 1885 742 1940 biorem
774 1885 1073 1941 faciebant.

573 2067 661 2132 IX.
678 2074 809 2142 Quis
821 2090 950 2131 vero
967 2083 1256 2132 enumeret
1275 2075 1575 2131 seditiones
1593 2075 1733 2140 illas,
1753 2077 1954 2147 quibus
1971 2087 2102 2133 tunc

513 2167 743 2223 Romani
764 2182 956 2222 omnes
983 2169 1212 2237 atquein
1231 2168 1422 2238 primis
1443 2168 1685 2238 Byzantii
1707 2169 1849 2223 inter
1870 2183 1930 2224 se
1951 2168 2104 2222 labo-

511 2266 748 2320 rarunt?
791 2266 928 2342 Nam
983 2265 1205 2320 duobus
1251 2264 1675 2335 imperatoribus
1700 2263 2100 2318 dissidentibus

511 2357 674 2413 etiam
709 2357 912 2411 subditi
937 2363 997 2411 ut
1035 2356 1453 2411 fitdissideba-nt
1485 2373 1498 2409 :
1529 2363 1586 2408 ut
1633 2353 1826 2409 furore
1853 2355 2105 2424 quodam-

512 2449 672 2502 liberi
701 2458 890 2503 contra
919 2457 1195 2516 parentes,
1224 2454 1476 2517 parentes
1499 2456 1689 2500 contra
1723 2446 1966 2509 liberos,‘
1988 2446 2098 2501 fra-

514 2550 628 2594 tres
647 2549 834 2594 ccntra
859 2539 1075 2601 fratres,
1107 2540 1264 2592 vicini
1292 2548 1480 2594 contra
1502 2537 1730 2602 vicinos,
1751 2547 1805 2592 et
1823 2538 1966 2607 quod
1989 2553 2100 2591 ma-

507 2634 598 2704 jus
629 2643 732 2692 est.
759 2633 996 2702 episcopi
1024 2643 1212 2688 contra
1241 2633 1546 2701 episcopos,
1579 2631 1884 2701 presbyteri
1909 2639 2099 2686 contra

512 2723 884 2792 presbyteros.
938 2722 1194 2777 monachi
1231 2731 1423 2776 contra
1470 2720 1770 2774 monachos
1814 2720 2090 2774 saevirent.

511 2814 664 2881 Quod
691 2814 746 2868 ni
775 2815 1076 2883 imperator
1101 2813 1500 2866 humanissimo
1523 2812 1740 2882 ingenio
1766 2811 2098 2880 praeditusjet

510 2906 746 2962 militum
767 2915 823 2960 et
848 2905 1021 2974 plebis
1051 2905 1314 2973 impetum
1342 2902 1992 2974 repressisset,ffortassis
2018 2902 2100 2956 illi-

512 2995 714 3063 templa
765 3003 821 3048 et
872 2993 1067 3048 domos
1109 2995 1496 3063 Byzantiorum
1535 2995 1775 3063 prmdam
1818 2993 2092 3064 Mysorum

2206 519 2396 585 γέγονε
2427 519 2594 586 πένης
2628 518 2790 581 εὐθὺς
2818 518 2955 588 ὁμοῦ
2984 521 3097 582 τοῖς
3122 521 3309 574 παισὶν
3347 522 3375 574 ὀ
3397 521 3627 574 πάντων
3659 527 3794 592 μετὰ

2207 608 2435 678 βασιλέα
2462 611 2952 680 εὐδαιμονέστατος
2979 613 3115 666 πᾶσι
3145 612 3340 670 δοκῶν.
3382 615 3664 685 ’Δκράτου
3685 618 3794 690 γὰρ

2206 702 2303 771 τῆς
2347 703 2697 773 εὐδαιμονίας
2721 705 2779 756 ἐν
2801 704 3013 768 πολλοῖς
3045 706 3443 771 ἀπολελαυκὼς
3481 710 3602 772 τοῖς
3628 710 3800 776 ἡλίοις

2206 793 2326 846 ὅλον
2359 794 2686 847 ἐκπέπωκεν
2715 797 2957 864 ἄκρατον
2987 796 3172 869 ἡμέρᾳ
3217 799 3319 869 μιᾷ
3345 799 3442 851 τὸν
3475 800 3578 868 τῆς
3619 799 3798 869 λύπης

2207 885 2478 956 κρατῆρα.
2515 887 2625 940 Καὶ
2653 882 2721 957 ἦν
2763 887 2988 941 ἀκούειν
3016 890 3127 940 τῶν
3174 888 3575 960 μεμψιμοίρων
3606 890 3800 959 λεγόν-

2207 997 2316 1033 των
2342 978 2410 1033 τά
2439 995 2494 1031 τε
2529 979 2664 1032 ἄλλα
2713 978 2808 1032 καὶ
2850 978 2925 1041 ὡς
2975 980 3226 1049 πενήτων
3254 976 3323 1050 ἦν
3363 980 3586 1050 αῖματά
3609 997 3671 1034 τε
3711 982 3804 1036 καὶ

2207 1071 2423 1141 δάκρυα
2462 1071 2528 1146 τὰ
2547 1070 2776 1126 τοιαῦτα
2803 1072 3083 1142 χρήματα,
3114 1071 3598 1142 συνεισφερόμενά
3625 1089 3685 1125 τε
3708 1073 3804 1148 καὶ

2210 1161 2594 1233 χορηγούμενα
2639 1161 2772 1231 παρ’
2812 1157 2892 1242 οἷς
2940 1163 3315 1233 ἐπετέτραπτο
3355 1162 3579 1217 πόλεών
3618 1181 3677 1216 τε
3709 1165 3804 1217 καὶ

2210 1253 2412 1323 χωρῶν·
2443 1254 2706 1322 διοίκησις
2749 1253 3077 1322 Ῥωμαϊκῶν
3099 1269 3114 1285 ⁸
3149 1255 3216 1308 ἵν’
3245 1255 3480 1309 ἐκείνων
3514 1256 3619 1326 μὲν
3659 1257 3803 1326 ἀπη-

2211 1347 2316 1409 νῶς
2337 1347 2634 1416 χρωμένων
2665 1349 2774 1410 τοῖς
2805 1347 3169 1417 ταλαιπώροις
3203 1347 3528 1416 Ῥωμαίοις,
3552 1342 3646 1402 οἷά
3667 1365 3805 1402 τισιν

2211 1439 2438 1509 ὠνητοῖς
2467 1439 2846 1509 ἀνδραπόδοις,
2900 1441 3064 1504 αὐτὸς
3102 1441 3411 1511 ἐπιτειχίζῃ
3449 1439 3674 1500 τούτοις
3706 1440 3804 1510 τὴν

2211 1529 2268 1592 ἐς
2298 1529 2519 1599 βασιλέα
2552 1530 2880 1601 καταφυγὴν
2911 1531 3006 1584 καὶ
3056 1530 3191 1602 μένῃ
3221 1532 3283 1584 τὸ
3327 1532 3478 1600 μέγα
3503 1531 3669 1586 τοῦτο
3699 1531 3806 1584 δει-

2212 1619 2302 1673 νὸν
2356 1621 2711 1692 ἀνεκδίκητον
2773 1623 3148 1692 πανταχόθεν·
3209 1623 3328 1676 ὅθεν
3383 1626 3413 1678 ὁ
3475 1625 3582 1694 τῆς
3648 1625 3805 1694 δίκης

2213 1706 2492 1783 ὀφθαλμδς
2537 1715 2636 1770 οὐκ
2667 1716 2748 1778 είς
2796 1716 2950 1779 τέλος
2988 1715 3338 1784 κεκοίμηται,
3370 1715 3516 1770 ἀλλὰ
3545 1716 3802 1787 διανέστη

2207 1805 2306 1859 καὶ
2322 1806 2422 1876 τὴν
2452 1808 2834 1876 προσήκουσαν
2876 1807 2974 1876 ὀψὲ
3005 1807 3097 1860 καὶ
3135 1805 3288 1876 μόλις
3319 1808 3605 1878 ἐπήνεγκε
3635 1807 3792 1860 κόλα-

2205 1914 2313 1950 σιν.
2343 1895 2532 1950 Ταῦτα
2552 1899 2702 1968 παρὰ
2729 1897 2941 1952 πολλῶν
2957 1897 3194 1969 ᾀδόμενα
3214 1898 3568 1968 πικροτέραν
3584 1899 3801 1951 ἐποίουν
3865 1885 3868 1887 λ

2202 1987 2304 2057 τὴν
2351 1987 2448 2040 τοῦ
2479 1988 2674 2058 ἀνδρὸς
2716 1988 3030 2059 συμφοράν.

2272 2078 2353 2134 Θ’.
2381 2079 2505 2142 Πῶς
2532 2078 2576 2133 δ’
2605 2079 2670 2134 ἄν
2697 2097 2782 2143 τις
2805 2079 3132 2150 ἐξαριθμοίη
3159 2080 3260 2150 τὴν
3289 2080 3441 2134 τότε·
3466 2079 3610 2151 πρὸς
3636 2078 3801 2148 ἀλλήο

2201 2171 2329 2235 λους
2383 2172 2757 2225 ἐπανάστασιν
2786 2173 3007 2226 πάντων
3045 2163 3362 2241 Ῥωμαίων,
3425 2173 3528 2226 καὶ
3571 2168 3803 2243 μάλιστὰ

2203 2279 2266 2332 γε
2296 2265 2403 2316 τῶν
2435 2262 2779 2331 Βυζαντίων;
2828 2264 2894 2316 Ἦ
2922 2263 3030 2332 γὰρ
3057 2263 3162 2315 τῶν
3188 2264 3333 2317 δυοῖν
3364 2262 3645 2332 βασιλέων
3685 2263 3799 2322 δια.

2203 2356 2345 2425 φορὰ
2371 2355 2663 2424 διαφόρους
2684 2356 2764 2419 ὡς
2794 2355 2854 2408 τὸ
2875 2359 3021 2419 εἰκὸς
3044 2355 3142 2409 καὶ
3168 2356 3297 2419 τοὺς
3322 2355 3612 2426 ὑπηκόους
3641 2357 3796 2424 ποιή.

2202 2465 2344 2501 σασα
2376 2447 2496 2500 κατ’
2530 2448 2779 2518 ἀλλήλων
2831 2446 3064 2515 ἐξέμηνε
3091 2463 3106 2479 ·
3153 2447 3319 2500 τέκνα
3373 2447 3522 2502 κατὰ
3567 2449 3790 2516 γονέων,

2203 2540 2369 2609 φημὶ,
2401 2539 2496 2592 καὶ
2529 2539 2722 2607 γονέας
2765 2539 2906 2593 κατὰ
2936 2539 3161 2601 τέκνων,
3191 2537 3460 2607 ἀδελφοὺς
3492 2538 3617 2590 κατ’
3641 2539 3793 2591 ἀδελ.

2202 2631 2316 2700 φῶν
2345 2631 2441 2685 καὶ
2470 2631 2614 2684 κατὰ
2649 2633 3221 2699 γειτόνωνλγείτοναςο
3255 2633 3314 2684 τὸ
3334 2631 3397 2684 δὲ
3423 2633 3638 2700 μεῖζον,
3670 2634 3788 2684 ἐπι-

2203 2723 2441 2783 σκόπους
2504 2726 2598 2777 καὶ
2659 2724 3072 2793 πρεσϐυτέρους
3127 2723 3249 2777 κατ’
3313 2725 3643 2778 ἐπισκόπων
3697 2723 3790 2778 καὶ

2201 2814 2610 2884 πρεσϐυτέρων,
2665 2816 2761 2868 καὶ
2817 2816 3087 2885 μοναχοὺς
3118 2817 3258 2869 κατὰ
3291 2817 3574 2886 μοναχῶν.
3611 2818 3716 2868 Καὶ
3745 2817 3789 2867 εί

2204 2905 2277 2973 μὴ
2313 2905 2569 2974 βασιλεὺς
2603 2906 2990 2976 φιλανθρώπου
3023 2907 3250 2976 γνώμης
3297 2908 3483 2978 τυχὼν
3515 2910 3572 2969 ἐς
3624 2909 3790 2977 ὑπερι

2201 2992 2365 3064 ϐολὴν
2392 2996 2503 3047 τῶν
2527 3013 2586 3049 τε
2621 2997 2976 3066 στρατιωτῶν
3029 2999 3123 3050 καὶ⁵
3151 2995 3246 3049 τοῦ
3275 2997 3335 3066 δή
3345 3015 3455 3067 μου
3487 2998 3589 3068 τὴν
3621 2997 3787 3068 φορὰν

509 3085 827 3141 effecissent
861 3102 873 3138 :
907 3084 1155 3140 fortassis
1185 3087 1348 3139 etiam
1380 3086 1556 3140 cedes
1590 3087 1839 3156 plurimae
1870 3097 2092 3155 patratm

2202 3083 2530 3152 ἀνεχαίτισε,
2566 3085 2685 3152 τάχ’
2721 3085 2788 3138 ἂν
2837 3085 3045 3138 Μυσῶν
3073 3085 3225 3138 λείαν
3254 3087 3585 3154 εἰργάζοντο
3629 3087 3786 3141 τάςτε

511 3185 719 3241 essent,
771 3163 895 3231 cum
940 3177 1096 3231 multi
1141 3193 1169 3230 a
1214 3193 1272 3232 se
1323 3177 1555 3231 invicem
1606 3191 1794 3245 ρωπος
1835 3188 2094 3247 expetere

508 3270 734 3332 vellent,
768 3269 812 3322 si
844 3269 969 3340 quis
999 3269 1154 3322 alteri
1206 3269 1261 3322 in
1293 3268 1525 3322 dissidio
1569 3267 1660 3321 illo
1692 3268 2094 3324 contumeliose

510 3363 848 3420 insultasset.
891 3382 908 3414 ι
944 3362 1076 3416 Nam
1111 3361 1154 3417 si
1173 3377 1295 3432 ego,
1329 3361 1508 3430 inquit
1538 3360 1860 3430 imperator,
1899 3361 1967 3416 iis
1997 3359 2094 3432 qui

507 3455 594 3509 vel
636 3455 908 3524 petulanti
938 3454 1145 3524 lingua,
1190 3454 1272 3508 vel
1313 3469 1443 3508 ense
1485 3452 1751 3506 insidioso
1781 3461 1973 3507 contra
2007 3469 2094 3509 me

508 3547 593 3602 usi
621 3557 785 3611 sunt,
822 3548 1030 3602 crimen
1065 3547 1228 3618 427
1271 3561 1434 3600 onme
1471 3543 1679 3607 remisi,
1711 3545 1884 3598 multo
1920 3544 2094 3616 magis

505 3635 666 3691 vobis
714 3637 765 3692 id
824 3653 949 3708 erga
994 3652 1290 3693 conservos
1343 3645 1557 3690 vestros
1592 3643 1679 3690 est
1742 3635 2088 3704 faciendum;

508 3729 706 3798 partim
737 3731 864 3799 quia
898 3731 1209 3799 exemplum
1243 3743 1424 3782 meum
1453 3727 1655 3781 imitari
1689 3727 1898 3783 debetis
1923 3771 1936 3795 ,
1967 3745 2093 3799 par—

511 3819 606 3872 tim
639 3822 782 3889 quod
819 3838 925 3876 non
960 3820 1246 3891 ignoratis,
1270 3819 1415 3874 haud
1446 3821 1698 3873 eumdem
1730 3815 1850 3874 eSse
1881 3822 2089 3874 exitum

506 3913 625 3981 ejus
653 3913 955 3984 cmdis,qua
986 3914 1303 3982 imperator,
1335 3927 1397 3966 ac
1419 3912 1558 3983 ejus,
1591 3927 1697 3981 qua
1729 3913 1890 3968 homo
1911 3913 2090 3983 priva-

506 4010 594 4058 tus
625 4003 960 4058 interfectus
982 4003 1074 4058 sit.
1109 4022 1126 4055 ι

575 4191 644 4245 Χ.
677 4191 832 4258 Quod
865 4193 908 4246 si
940 4200 995 4246 et
1038 4206 1158 4256 nos,
1189 4191 1394 4247 seniori
1420 4192 1733 4262 imperatori
1763 4192 1957 4246 merito
1988 4190 2086 4244 ad-

504 4281 658 4350 dicti,
693 4283 1038 4353 tempestatis
1062 4283 1206 4337 illius
1232 4283 1432 4340 fluctus
1459 4285 1680 4354 aliquot
1699 4283 2082 4349 sustinuimus,

505 4374 644 4428 nihil
674 4383 758 4428 est
784 4374 935 4428 novi.
967 4373 1156 4444 Neque
1180 4375 1326 4430 enim
1359 4389 1576 4445 aequum
1604 4384 1742 4435 erat,
1772 4387 1875 4427 nos
1899 4373 2080 4427 neutri

2199 3169 2320 3239 ἱερὰ
2354 3171 2576 3224 καὶτῶν
2607 3172 2919 3236 Βυζαντίων
2948 3175 3074 3236 τοὺς
3104 3176 3288 3238 οῖκους
3308 3191 3321 3205 ·
3356 3177 3505 3247 τάχα
3527 3177 3574 3228 δ’
3607 3177 3672 3230 ἂν
3700 3176 3787 3229 καὶ

2197 3262 2356 3332 φόνος
2409 3266 2668 3335 ἠγείρετο
2727 3267 3005 3332 πλεῖστος,
3056 3267 3214 3336 δίκην
3267 3267 3623 3340 βουλομένων
3655 3267 3782 3334 παρ’

2196 3355 2443 3426 ἀλλήλων
2482 3357 2592 3410 τῶν
2625 3357 2899 3412 πλείστων
2942 3359 3264 3428 λαμϐάνειν,
3314 3360 3369 3413 εἷ
3397 3363 3483 3426 τίς
3513 3379 3618 3415 τινι
3645 3358 3782 3414 κατὰ

2194 3450 2292 3509 τὰς
2326 3448 2506 3518 μάχας
2537 3448 2752 3512 ὲκείνας
2779 3449 3279 3520 ἐμπεπαρῴνηκεν.
3329 3470 3348 3502 ι
3381 3455 3450 3506 Ei
3482 3454 3593 3524 γὰρ
3621 3452 3778 3520 ἐγὼ,›

2194 3539 2359 3609 φησὶν
2407 3540 2435 3593 ὁ
2485 3540 2764 3611 βασιλεὺς,
2830 3559 2850 3593 ι
2885 3545 2998 3605 τοῖς
3027 3542 3276 3609 γλῶσσάν
3307 3560 3364 3596 τε
3407 3541 3780 3615 βακχεύουσαν

2194 3630 2291 3682 καὶ
2310 3629 2463 3699 ξίφος
2497 3631 2787 3686 ἐπίϐουλον
2822 3633 2989 3703 ἄρασί
3023 3636 3145 3688 κατ’
3179 3633 3314 3705 ἐμοῦ
3361 3639 3554 3690 πᾶσαν
3602 3635 3778 3690 αίτίαν

2193 3721 2404 3792 ἀφῆκα,
2439 3724 2620 3794 πολλῷ
2670 3726 2871 3794 μᾶλλον
2899 3725 3046 3792 ὑμᾶς
3073 3719 3236 3780 τοῦτο
3266 3732 3450 3781 ποιεῖν
3494 3727 3602 3798 χρὴ
3645 3713 3778 3796 πρὸς

2190 3815 2327 3877 τοὺς,
2382 3816 2733 3880 συνδούλους·
2788 3816 2948 3870 τοῦτο
3003 3817 3103 3888 μὲν
3135 3819 3248 3871 ,καὶ
3281 3819 3357 3880 ὠς
3414 3820 3514 3890 τὴν
3549 3820 3778 3888 μίμησιν

2191 3908 2486 3979 ἀναφέρειν
2515 3909 2831 3976 ὀφείλοντας
2857 3912 2935 3972 είς
2967 3911 3101 3980 ἐμέ·
3129 3910 3287 3965 τοῦτο
3314 3911 3371 3963 δὲ
3401 3914 3498 3966 καὶ
3527 3912 3604 3974 ὡς
3646 3909 3775 3963 2166-

2190 4015 2288 4062 τας
2320 4001 2415 4070 οὐχ
2438 4002 2625 4068 ὅμοιον
2655 4000 2713 4052 ὂν
2742 4002 2801 4054 τὸ
2831 4002 2932 4071 τῆς
2963 4001 3242 4066 ἐκϐάσεως
3264 4001 3423 4067 τέλος
3457 4001 3698 4072 ὑπηκόου
3719 4015 3773 4051 τε

2192 4087 2546 4154 φονευθέντος
2574 4089 2671 4140 καὶ
2703 4089 2991 4156 βασιλέως.
3034 4110 3053 4142 ι

2261 4177 2347 4249 [Ρ.
2369 4177 2497 4249 262]
2521 4177 2644 4232 [ﬁlii
2666 4181 2720 4234 δὲ
2741 4181 2832 4234 καὶ
2859 4183 3017 4252 ἡμεῖς
3050 4184 3127 4253 τῷ
3151 4186 3364 4256 γηραιῷ
3389 4189 3536 4240 κατὰ
3554 4184 3610 4238 τὸ
3636 4182 3774 4242 εἰκὸς

2189 4269 2572 4339 προσκείμενοι
2623 4272 2834 4341 βασιλεῖ
2881 4275 3077 4344 ῥοθίοις
3129 4279 3276 4330 τισὶν
3305 4281 3634 4348 ἐνετύχομεν
3681 4274 3768 4326 τοῦ

2186 4361 2453 4431 χειμῶνος
2482 4364 2714 4428 ἐκείνου,
2747 4366 2934 4419 καινὸν
2961 4367 3136 4424 οὐδέν.
3157 4367 3295 4422 Οὔτε
3321 4369 3431 4439 γὰρ
3452 4371 3657 4423 δίκαιον
3681 4361 3766 4440 ἦν)

505 4462 647 4531 parti
674 4463 917 4526 studere,
941 4473 1002 4517 ut
1037 4442 1205 4519 Solon
1237 4442 1476 4520 monuit.
1506 4461 1772 4517 Prazterea
1795 4470 2086 4516 consenta-

2202 4455 2336 4522 ἡμᾶς
2361 4452 2602 4534 μηδεμιᾷ
2631 4457 2984 4525 προσκεῖσθαι
3010 4460 3214 4529 μερίδι,
3237 4459 3329 4513 τοῦ
3357 4462 3598 4522 Σόλωνος
3621 4457 3768 4510 τοῦτο

504 4569 671 4607 neum
701 4562 804 4618 est,
831 4554 948 4623 ipso
981 4565 1200 4624 pastore
1225 4569 1490 4626 percusso
1514 4553 1842 4608 universum
1866 4569 2079 4624 gregem

507 4659 610 4716 pro
640 4656 753 4699 rata
790 4657 943 4716 parte
975 4647 1118 4702 mala
1150 4646 1388 4717 perpeti.

2194 4545 2597 4615 προτρέποντος
2617 4563 2630 4575 ·
2654 4548 2748 4598 καὶ
2774 4547 2906 4617 πρός
2934 4565 2998 4616 γε
3031 4549 3137 4603 τῶν
3165 4551 3391 4605 είκότων
3415 4551 3508 4615 αὖ,
3538 4547 3633 4602 τοῦ
3661 4561 3771 4599 ποια

2197 4637 2356 4704 μένος
2397 4637 2764 4706 καταχθέντος
2808 4639 2957 4694 δεινὰ
3007 4641 3200 4696 παθεῖν
3239 4642 3381 4696 κατὰ
3415 4645 3474 4696 τὸ
3517 4640 3769 4704 ἀνάλογον

2194 4728 2344 4779 ἆπαν
2376 4730 2436 4780 τὸ
2467 4729 2722 4799 ποίμνιον

1953 4843 2181 4900 CAPUT
2243 4839 2354 4899 VII.

513 4938 718 5006 Niphon
775 4940 966 4993 seniori
1011 4954 1111 5010 cur_
1154 4935 1410 5010 infensus.
1465 4936 1594 5007 Ejus
1633 4939 1768 4992 male
1813 4939 2079 4992 tractandi
2125 4936 2608 5010 au_rtor.rlnvidus.
2645 4939 2923 5010 Ingratus.
2955 4943 3284 4997 Andronicus
3325 4947 3500 4998 senior
3528 4942 3638 4996 sola
3671 4942 3761 4992 im-

577 5005 709 5084 perii
750 5010 974 5084 insignia
1016 5008 1224 5084 retinet.
1253 5005 1473 5084 Annuus
1505 5005 1704 5084 reditus
1806 5011 2129 5084 assignatus.
2167 5007 2453 5084 Logotheta
2481 5005 2912 5084 Didymi—idtum
2942 5013 3229 5082 relegatur.
3263 5012 3759 5084 Isaias'patrtarrha

570 5076 764 5132 seniori
787 5076 1045 5151 insultat._
1070 5076 1338 5151 Episcopis
1381 5086 1427 5151 et
1469 5079 1830 5151 sacerdotibus
1871 5076 2048 5151 pinnas
2095 5076 2319 5151 ἐτι-σθαι.
2371 5076 2640 5151 Joannes,
2698 5081 2970 5136 Heraclea:
3013 5076 3486 5151 nietropolitanus',
3525 5083 3756 5142 Gregorw

572 5147 879 5212 avunculus,
913 5149 1158 5200 moritur.
1181 5145 1315 5213 Ejus
1345 5147 1593 5217 elogium.
1620 5149 1693 5202 De
1719 5145 1897 5201 eodem
1932 5148 2088 5218 plura
2124 5149 2176 5201 in
2202 5145 2312 5218 ejus
2345 5150 2470 5214 vita,
2503 5166 2664 5220 quant
2695 5151 2955 5222 Cregoras
2985 5145 3234 5222 scriptum
3264 5172 3298 5207 α
3323 5172 3379 5209 se
3408 5145 3646 5209 testatur.

576 5261 617 5313 1.
668 5260 792 5314 Fuit
866 5260 956 5314 ille
998 5259 1116 5314 dies
1161 5269 1391 5329 quartus
1427 5272 1480 5316 et
1543 5263 1836 5318 vicesimus
1877 5265 2078 5319 mensis

505 5348 630 5418 Mnji
662 5347 964 5404 undecimae
1009 5351 1344 5416 indietionis,
1393 5369 1504 5423 quo
1547 5355 1660 5409 haec
1698 5357 1882 5410 omnia
1928 5367 2078 5425 gesta

2259 5268 2338 5320 A'.
2391 5263 2500 5319 Ἦν
2548 5267 2734 5337 μέντοι
2787 5269 3020 5340 τετάρτη
3060 5274 3154 5325 xui.
3198 5272 3416 5342 εἰκοστὴ
3465 5267 3557 5323 τοῦ
3584 5259 3750 5319 Μαΐου

2191 5359 2357 5427 μηνὸς
2401 5357 2513 5428 (90)
2551 5359 2584 5428 ἡ
2617 5360 2797 5430 ἡμέρα
2825 5363 3010 5430 ἐκείνη
3037 5365 3133 5432 τῆς
3165 5363 3455 5430 ἑνδεκάτης
3498 5347 3752 5416 ίνδικτιῶο

1847 5484 2186 5546 Variorum
2225 5497 2414 5548 notae.

579 5573 689 5644 (90)
735 5573 968 5630 Proinde
1012 5578 1103 5654 die
1143 5579 1286 5654 57ab
1334 5583 1469 5638 urbe
1503 5593 1680 5654 capta.
1733 5584 1968 5640 Ducam.
2009 5616 2078 5626 --

502 5645 919 5723 (iantacusenus
941 5649 1239 5723 μεθείη-θη
1271 5669 1298 5705 a
1327 5654 1547 5723 juniore
1568 5645 1886 5708 'Andronico
1910 5670 2077 5708 occu-

2322 5587 2464 5664 C_ave
2513 5591 2660 5644 enim
2700 5593 2936 5664 _eredas,
2971 5594 3021 5648 id
3045 5594 3189 5664 quod
3253 5594 3554 5663 Dueangius
3584 5582 3749 5664 credi-

2187 5657 2287 5736 dit,
2344 5659 2798 5736 Gregorant_iioc
2847 5665 2967 5718 loco
3004 5656 3251 5736 voluisse
3295 5656 3568 5736 assignare
3613 5656 3745 5736 diem

507 5723 688 5783 patam
720 5717 806 5772 die
857 5715 979 5803 Maii
1012 5718 1100 5786 l9,
1131 5715 1399 5792 Gregofas
1429 5724 1518 5780 die
1567 5725 1811 5792 ejusdem
1874 5727 2077 5780 mensis
2143 5715 2555 5796 xquintumvab
2589 5730 2726 5788 urbe
2771 5715 2954 5804 capta.
3001 5715 3538 5808 1'..ib"&iém"i5’smu
3588 5731 3748 5794 (ιιινιω
