4062 6444
467 393 570 462 627
719 387 792 459 [Α.
838 403 893 440 ιι.
936 387 1076 440 6856
1110 403 1176 443 AD
1217 386 1380 458 6849]

1633 392 2053 454 NICEPHORI
2092 395 2483 457 GREGORE

2755 387 2889 452 [ιιίρ.
2931 402 3216 443 umorue.
3279 387 3422 460 sum]

3612 392 3712 458 628

467 503 634 555 etiam
683 501 981 570 imperator
1027 499 1132 556 levi
1183 501 1421 570 quodam
1473 510 1529 555 et
1577 503 1806 558 minime
1860 502 2048 558 Ietltali

2156 523 2265 568 τοις
2298 505 2392 558 καὶ
2422 507 2450 558 6
2484 501 2738 574 βασιλεὺς
2771 505 2966 573 ἆτερον
3003 505 3116 556 τοῖν
3147 501 3330 555 ποδοῖν
3359 501 3582 573 ἔλαφρῷ
3611 519 3714 557 τινι

467 594 680 663 sagitta:
720 593 830 646 ictu
863 593 1094 648 alterum
1129 592 1320 662 pedem
1357 594 1676 649 vulneratus
1705 601 1810 650 est.

527 683 624 739 lll.
668 684 744 740 Ea
774 694 937 739 nocte
968 685 1346 754 spectaculum
1381 685 1694 740 miserabile
1727 697 1780 740 et
1819 685 2046 741 evidens

469 779 564 842 ina:
614 778 816 832 divina:
855 778 1074 848 signum
1122 779 1351 832 exstitit.
1414 778 1547 833 Nam
1599 779 1898 845 Barbarus,
1951 777 2042 848 qui

469 871 840 924 Romanorum
893 881 1234 924 armaturam
1275 882 1330 924 et
1382 870 1596 925 virilem
1645 872 1699 926 in
1751 871 2046 942 pugnando

468 958 831 1015 constantiam
861 959 1075 1014 viderat
1120 969 1170 1013 et
1222 960 1526 1015 admiratus
1570 961 1768 1024 fuerat,
1809 974 1907 1016 eos
1937 976 2042 1014 nou

468 1053 778 1122 quieturos,
803 1051 897 1107 sed
923 1051 1188 1121 postridie
1212 1050 1432 1121 longius
1456 1066 1846 1122 progressuros
1871 1061 2042 1114 ratus.

469 1143 732 1197 trecentis
781 1141 1063 1212 equitibus
1101 1141 1420 1211 speculandi
1469 1142 1641 1211 gratia
1696 1142 1769 1196 ibi
1816 1141 2042 1204 relictis,

373 1277 376 1280 .
468 1234 587 1304 ipse
644 1249 768 1288 cum
819 1233 968 1286 omni
1020 1232 1267 1287 exercitu
1317 1233 1560 1302 perrexit
1593 1233 1824 1288 ulterius
1849 1233 1916 1287 ad
1949 1250 2020 1302 op

468 1336 734 1394 portunas
768 1326 886 1380 vias
927 1323 1296 1393 occupandas.
1334 1323 1514 1394 Atque
1574 1326 1646 1378 ita
1685 1326 1904 1393 quidetu
1954 1325 2044 1379 ille

470 1416 744 1472 discessit.
780 1415 1082 1487 imperator
1125 1431 1260 1472 vero
1307 1417 1629 1486 oppidulum
1682 1418 2043 1473 Pliilocrenen

471 1506 771 1574 ingressus,
807 1515 893 1560 est
936 1505 1167 1561 curandi
1205 1503 1451 1560 vulneris
1494 1506 1688 1576 gratia.
1741 1505 1895 1572 Quod
1938 1506 2047 1560 Ro-

472 1597 617 1651 mani
667 1596 871 1652 milites
924 1612 1048 1651 cum
1096 1597 1641 1664 animadvertissent,
1690 1614 1791 1657 nec
1824 1613 2044 1653 causam

472 1689 609 1742 satis
638 1699 788 1744 certo
812 1688 1044 1754 scirent,
1069 1704 1194 1744 eum
1224 1705 1336 1760 pra:
1360 1701 1508 1744 metu
1542 1689 1730 1761 fugere
1761 1699 2042 1760 putarunt.

471 1778 643 1835 Noctu
675 1780 823 1835 enim
869 1779 1178 1838 Orchanem
1201 1798 1326 1837 cum
1354 1797 1551 1854 magno
1579 1782 1822 1838 exercitu
1852 1783 2040 1847 aﬂ'ore,

2151 597 2300 668 βέλει
2339 596 2437 650 καὶ
2466 597 2524 650 ού
2557 596 2704 666 μάλα
2731 597 2950 668 καιρίῳ.

2221 691 2258 742 Γ
2261 697 2296 745 ’.
2337 689 2426 742 Ἐν
2466 689 2638 761 ταύτῃ
2668 689 2725 742 δὲ
2757 692 2824 760 τῇ
2851 688 3010 742 νυκτί⁵
3030 687 3239 756 γίνεταί
3266 705 3320 740 τι
3345 685 3530 757 θέαμα
3557 687 3720 742 ἀλεει-

2150 783 2239 834 νὸν
2277 782 2371 836 καὶ
2403 781 2688 850 προφανής
2719 797 2802 842 τις
2838 777 3124 849 θεομηνία.
3161 777 3321 832 Ἐπεὶ
3368 776 3482 844 γὰρ
3531 778 3559 828 ό
3588 776 3718 844 βάρ-

2150 875 2316 942 ϐαρος
2351 872 2721 939 ἐτεθαυμάκει
2773 870 3110 940 θεασάμενος
3153 868 3262 922 τῶν
3305 866 3593 938 Ῥωμαίων
3621 869 3719 936 τήν

2148 982 2206 1017 τε
2257 965 2480 1018 ὅπλισιν
2506 965 2600 1017 καὶ
2645 963 2744 1032 τὴν
2799 961 3063 1032 ἀνδρικὴν
3137 960 3410 1026 ἔνστασιν,
3482 959 3726 1028 ἐνόμισεν

2149 1057 2209 1108 ού
2249 1057 2411 1127 μέχρι
2439 1055 2634 1109 τούτου
2688 1053 2880 1123 στῆναι
2909 1051 3163 1122 θελήσειν
3197 1051 3417 1116 αὐτοὺς,
3453 1049 3591 1104 ἀλλά
3627 1051 3720 1102 καὶ

2151 1151 2208 1212 ἐς
2269 1148 2341 1200 τὰ
2393 1147 2582 1218 πρόσω
2643 1145 2842 1216 χωρεῖν
2897 1144 2956 1206 ἐς
3041 1143 3140 1208 τὴν
3187 1140 3504 1212 ὑστεραίαν.
3570 1139 3725 1192 Ὅθεν

2148 1237 2494 1306 τριακοσίους
2529 1237 2648 1288 ἐκεῖ
2679 1231 3081 1296 καταλελοιπὼς
3113 1232 3316 1296 ἱππέας
3365 1229 3601 1300 θεωρίας
3647 1229 3726 1281 εϊο

2150 1347 2303 1393 νεκα,
2327 1329 2487 1391 αὐτὸς
2521 1328 2622 1398 τὴν
2649 1327 2778 1396 ὅλην
2834 1323 3121 1380 ἀναλαϐὼν
3191 1320 3455 1393 στρατιὰν
3499 1321 3725 1392 ἧλαυνεν

2158 1417 2216 1475 ἐς
2246 1417 2314 1469 τά
2365 1415 2579 1486 πρόσω,
2607 1415 2859 1468 σπεύδων
2891 1413 3333 1484 προκαταλαϐεῖν
3359 1410 3430 1464 τά
3456 1410 3567 1463 τῶν
3597 1408 3728 1496 ὁδέων

2149 1506 2502 1578 καιριώτερα.
2545 1509 2780 1569 Ἐκεῖνος
2816 1507 2917 1577 μὲν
2947 1507 3040 1561 οὖν
3070 1506 3242 1568 οὓτως
3267 1503 3443 1576 ᾤχετο
3464 1503 3674 1556 ἀπιών·
3701 1505 3728 1555 6

2148 1598 2203 1649 δὲ
2239 1596 2488 1666 βασιλεὺς
2521 1598 2578 1659 ἐς
2609 1596 2670 1649 τὸ
2708 1597 2805 1664 τῆς
2851 1597 3196 1666 Φιλοκρήνης
3239 1594 3414 1664 εἰσῄει
3459 1591 3729 1662 πολίχνιον

2151 1689 2445 1759 θεραπείας
2475 1689 2664 1742 εἵνεκα
2713 1687 2808 1741 τοῦ
2856 1687 3034 1749 ποδός.
3067 1687 3247 1758 Ὅπερ
3276 1689 3305 1740 6
3341 1685 3574 1756 στρατὸς
3607 1684 3728 1738 θεαο

2152 1781 2376 1848 σάμενοι
2414 1780 2523 1832 τῶν
2569 1779 2864 1848 Ῥωμαίων
2909 1779 3006 1832 καὶ
3065 1778 3266 1846 ἥκιστα
3328 1776 3590 1844 καθαρῶς
3631 1775 3728 1844 τὴν

472 1887 652 1942 neque
704 1888 1034 1943 quemquam
1092 1873 1463 1930 Romanorum
1510 1875 1719 1930 salvum
1748 1890 2039 1931 evasurum

2156 1872 2324 1926 αἰτίαν
2354 1870 2728 1942 μεμαθηκότες
2777 1869 3002 1938 φεύγειν
3039 1871 3298 1939 ἐνόμισαν
3368 1868 3480 1922 ὑπὸ
3531 1867 3726 1928 δειλίας

471 1959 636 2032 ι36
683 1976 745 2016 ac
783 1963 952 2017 solem
1006 1964 1272 2034 postridie
1317 1964 1668 2019 intuiturum.
1718 1967 1908 2037 Itaque
1949 1968 2041 2037 qui

472 2051 757 2107 naviculas
803 2069 988 2108 secum
1039 2055 1364 2122 attulerant,
1416 2056 1654 2123 nudiiin
1693 2057 1828 2126 ipsis
1874 2057 2045 2127 fugie-

473 2141 629 2198 bant.
687 2145 792 2198 Alii
849 2145 1182 2202 festinantes
1233 2156 1360 2202 ante
1408 2158 1596 2216 portas
1632 2147 1878 2219 oppiduli
1927 2165 2046 2203 sese

469 2244 664 2289 mutuo
701 2235 950 2306 plerique
988 2237 1388 2292 conculcabant
1438 2248 1494 2292 et
1544 2237 1908 2294 suﬂ‘ocabant.
1944 2241 2044 2292 Alii

469 2335 678 2380 catena:
707 2325 880 2381 instar
918 2343 986 2383 ex
1021 2343 1080 2383 se
1125 2329 1365 2384 invicem
1399 2331 1524 2384 nexi
1558 2344 1621 2385 ac
1647 2331 1899 2400 suspensi
1927 2347 2048 2400 par-

470 2417 572 2470 tim
617 2419 670 2471 in
705 2420 1116 2490 propugnacula
1163 2421 1492 2486 evadebant,
1532 2423 1727 2492 partim
1755 2438 1784 2476 a
1816 2436 2048 2492 sequen-

471 2507 623 2563 tibus
669 2508 904 2564 detracti
953 2519 1012 2567 et
1041 2513 1220 2566 eversi
1253 2527 1383 2567 casu
1437 2513 1836 2569 moriebantur.
1878 2514 2048 2568 Erant

469 2599 636 2654 etiam
691 2601 785 2671 qui
813 2602 930 2656 solo
986 2603 1180 2657 timore
1228 2604 1528 2658 exanimati
1570 2612 1783 2659 stantes
1807 2605 2050 2674 exspira-

473 2701 617 2746 rent.
655 2692 810 2747 Mane
839 2708 971 2748 vero
1003 2694 1187 2748 statim
1229 2695 1345 2751 sole
1383 2707 1507 2752 orto
1544 2697 1777 2752 trecenti
1822 2696 1897 2752 illi
1929 2697 2051 2750 Bar-

471 2783 595 2838 bari
639 2784 1022 2868 incredibilem
1068 2802 1190 2841 eam
1231 2787 1608 2845 Romanorum
1655 2789 1863 2845 cladem
1916 2805 2051 2844 can-

472 2876 668 2945 spicati
701 2879 1152 2948 progrediuntur,
1182 2889 1382 2935 etcum
1419 2883 1473 2936 in
1509 2882 1708 2937 castris
1737 2898 1934 2953 equos,
1966 2900 2053 2938 ar-

472 2984 584 3036 ma,
631 2985 802 3025 vacua
843 2971 1162 3028 hominibus
1194 2974 1452 3040 tentoria,
1489 2976 1876 3045 imperatorias
1923 2977 2053 3032 item

473 3076 650 3130 equos
683 3078 808 3118 cum
842 3064 1027 3119 rubris
1055 3065 1205 3119 sellis
1239 3076 1295 3122 et
1332 3066 1748 3136 imperatorium
1795 3068 2055 3122 taberna-

2147 1965 2330 2018 αὐτόν.
2358 1963 2588 2016 Μέλλειν
2615 1962 2722 2032 γὰρ
2758 1960 3134 2015 ἐπικείσεσθαι
3181 1962 3399 2024 τούτοις
3427 1960 3619 2021 νυκτὸς
3639 1959 3726 2011 τὸν

2151 2057 2419 2124 Ὄρχανον
2444 2056 2582 2126 μετὰ
2612 2054 2756 2124 μάλα
2795 2051 2992 2107 πολλοῦ
3023 2052 3116 2106 τοῦ
3153 2051 3388 2123 στρατοῦ
3414 2051 3511 2105 καὶ
3534 2049 3726 2122 μηδένα

2149 2148 2326 2212 ζῶντα
2363 2147 2648 2217 Ῥωμαίων
2695 2147 2780 2219 [Ρ.
2821 2146 2952 2218 ἓϐὃ]
3016 2146 3354 2210 καταλιπεῖν,
3385 2145 3478 2197 τὸν
3535 2145 3590 2203 ἐς
3634 2141 3726 2211 τὴν

2149 2243 2441 2310 ὑστεραίαν
2477 2241 2974 2310 θεάσσώαιῆ).ιον.
3014 2241 3180 2292 Ὅθεν
3212 2240 3327 2291 ὅσοι
3367 2238 3472 2307 μὲν
3529 2235 3725 2288 ἀκάτια

2149 2331 2500 2398 ἐπεφέροντο,
2554 2329 2757 2398 ᾤχοντο
2809 2327 3102 2396 φεύγοντες
3153 2329 3352 2396 γυμνοὶ
3409 2325 3476 2379 δι’
3531 2323 3726 2378 αὐτῶν.

2150 2422 2213 2474 Ol
2248 2403 2654 2483 δὲ’σπεύδοντες
2684 2420 2793 2490 πρὸ
2830 2419 2938 2472 τῶν
2964 2418 3148 2471 πυλῶν
3175 2419 3270 2471 τοῦ
3319 2417 3604 2486 πολιχνίου
3631 2433 3725 2468 και

2149 2515 2532 2584 τεπατήθησαν
2563 2513 2654 2567 ὑπ’
2683 2499 2926 2583 ἀλλῆλων
2957 2514 3006 2566 oi
3038 2511 3254 2570 πλείους
3296 2511 3398 2562 καὶ⁵
3433 2508 3734 2574 ἀπεπνίγη-

2157 2622 2288 2658 σαν·
2324 2603 2475 2656 ἄλλοι
2509 2604 2548 2656 δ’
2589 2604 2838 2683 ἀλλήλων
2893 2603 3268 2674 ἐξαρτώμενοι
3317 2601 3487 2671 δίκην
3532 2599 3732 2668 σειρᾶς,

2153 2701 2201 2751 oi
2247 2699 2344 2768 μὲν
2377 2699 2466 2751 διὰ
2495 2698 2603 2751 τῶν
2630 2698 2914 2765 ἐπάλξεων
2957 2699 3284 2769 είσεπήδων,
3312 2696 3364 2748 oi
3385 2696 3454 2749 δὲ
3477 2692 3733 2748 ἀποσπῶν

2162 2807 2316 2858 μενοι
2350 2791 2486 2860 πρὸς
2515 2793 2624 2843 τῶν
2657 2791 2881 2844 ὄπισθεν
2905 2789 3306 2860 ἐφελκομένων
3365 2785 3734 2854 ἀνετρέποντό

2158 2899 2217 2934 τε
2246 2883 2340 2934 καὶ
2375 2881 2640 2953 ἔθνησκον
2673 2881 2988 2944 πίπτοντες.
3012 2877 3195 2934 Ἶισαν
3219 2880 3266 2934 δ’
3299 2879 3348 2932 οἳ
3379 2879 3489 2934 καὶ
3519 2878 3620 2930 ὑπὸ
3649 2877 3738 2946 p.6-

2160 2993 2260 3044 νης
2313 2974 2516 3038 δειλίας
2559 2975 2846 3046 ἀπέψυξαν
2901 2975 3206 3045 ἱστάμενοι.
3244 2974 3422 3043 Ἄρτι
3456 2973 3513 3026 δὲ
3565 2971 3656 3025 καὶ
3711 2972 3737 3021 6

2159 3068 2312 3138 ἥλιος
2343 3068 2587 3138 ὑπερϐὰς
2620 3067 2713 3120 τὸν
2764 3065 3018 3136 ὁρίζοντα
3068 3065 3384 3136 ἡρμήνευσε
3428 3064 3542 3124 τοῖς
3589 3076 3732 3130 τριαο

472 3156 660 3211 culum
698 3158 970 3223 viderent,
1001 3157 1222 3214 ducenti
1259 3175 1324 3214 et
1358 3159 1424 3215 iis
1465 3161 1551 3215 his
1585 3159 1844 3216 omnibus
1889 3162 2051 3218 abre-

2165 3159 2368 3222 κοσίοις
2391 3161 2621 3221 ἐκείνοις
2648 3159 2944 3230 βαρϐάροις
2973 3159 3073 3228 τὴν
3105 3157 3333 3212 ἄπιστον
3360 3155 3579 3225 εκείνην
3599 3169 3729 3220 συμο

472 3249 584 3317 ptis
629 3250 852 3306 abeunt.
912 3250 1127 3320 Reliqui
1170 3260 1394 3308 centum
1458 3254 1687 3324 prOpitts
1739 3269 2047 3320 accessere,

472 3351 529 3395 et
554 3357 650 3396 eos
679 3343 774 3412 qui
809 3357 990 3412 neque
1017 3343 1072 3398 iu
1104 3344 1389 3398 naviculas
1422 3359 1598 3414 neque
1637 3344 1690 3397 in
1725 3345 2048 3415 oppidulum

474 3432 835 3504 confugerant
871 3432 1254 3505 frequentibus
1284 3435 1406 3490 telis
1441 3435 1804 3490 coofixeruut.

2163 3253 2336 3324 φορὰν
2368 3251 2460 3304 τοῦ
2526 3253 2837 3322 Ῥωμαϊκοῦ
2869 3251 3136 3322 στρατοῦ·
3170 3251 3263 3302 καὶ
3292 3247 3721 3314 προσελάσαντες

2164 3348 2259 3400 καὶ
2299 3347 2630 3416 θεασάμενοι
2692 3347 3030 3416 προκείμενα
3080 3343 3232 3414 παρά
3259 3341 3320 3393 τδ
3375 3335 3730 3410 στρατόπεδον

2166 3441 2368 3501 ἵππους
2391 3441 2486 3494 καὶ
2518 3440 2659 3492 ὅπλα
2718 3440 2815 3490 καὶ
2851 3438 3060 3507 σκηνὰς
3090 3433 3300 3503 ἀνδρῶν
3357 3433 3547 3492 κενὰς,
3603 3426 3730 3498 πρὸς

473 3525 532 3577 δὲ
582 3525 794 3588 τούτοις
851 3527 1102 3588 καὶτοὺς
1162 3527 1322 3595 βασιλ
1348 3528 1720 3590 κοὺςνῖππους
1791 3529 1931 3598 μετά
2007 3532 2117 3584 τῶν
2163 3531 2407 3602 ἔρυθρῶν
2457 3530 2789 3601 ὲφεστρίδων
2841 3531 2935 3582 καί
2992 3527 3091 3598 τὴν
3157 3525 3455 3596 βασιλικὴν
3509 3519 3729 3592 σκηνὴν,

475 3614 694 3670 ἅπαντα
729 3617 989 3680 λαϐόντες
1011 3619 1061 3669 οί
1089 3612 1357 3672 διακόσιοι
1378 3619 1651 3690 ἀπῄεσαν.
1687 3621 1747 3671 Οί
1775 3621 1818 3672 δ’
1891 3621 2087 3675 ἑκατὸν
2128 3625 2296 3692 ἐγγὺς
2314 3625 2602 3695 γενόμενοι
2633 3622 2848 3684 πολλοῖς
2911 3622 3235 3692 κατέπειρον
3260 3618 3500 3688 βέλεσιν,
3523 3619 3634 3670 ὅσοι
3663 3612 3732 3682 μὴ

477 3707 725 3777 ἔφθησαν
789 3710 916 3781 μήτ’
973 3713 1026 3772 ὲς
1082 3710 1309 3776 ἀκάτια,
1365 3712 1492 3782 μήτ’
1541 3713 1598 3777 ἐς
1661 3712 1722 3765 τὸ
1772 3713 2050 3783 πολίχνιον
2090 3717 2317 3781 ἑαυτοὺς
2347 3716 2697 3786 ἐμϐαλόντες.
3673 3720 3698 3726 ’

549 3801 635 3856 IV.
689 3801 993 3871 Imperator
1046 3817 1179 3857 vero
1215 3803 1303 3858 his
1355 3804 1486 3858 visis
1519 3819 1644 3860 eum
1698 3804 1834 3860 nihil
1887 3822 2052 3878 agere

475 3905 654 3961 posset
691 3909 791 3947 nec
822 3893 988 3947 ullam
1020 3903 1236 3961 tempus
1262 3897 1731 3964 opportunitatem
1761 3898 2056 3969 prieberet,

477 4000 779 4039 conscensa
811 3997 866 4040 et
894 3987 1009 4055 ipse
1041 3986 1160 4040 navi
1196 3987 1517 4058 Byzantium
1560 3990 1746 4045 rediit.
1777 3990 2070 4046 Czeterum

477 4077 567 4131 ille
615 4092 820 4146 anceps
867 4077 1154 4132 haesitabat
1182 4089 1237 4134 et
1271 4095 1458 4135 secum
1504 4071 1690 4136 tacite.
1719 4083 2058 4154 ambigebat,

475 4183 640 4238 quam
694 4171 766 4224 ob
809 4185 1034 4224 causam
1073 4169 1184 4225 Deo
1235 4173 1372 4227 irato
1421 4173 1704 4228 Romanus
1759 4175 2059 4241 exercitus,

478 4274 602 4316 cum
636 4277 810 4317 nemo
851 4278 918 4318 ex
979 4262 1232 4319 hostibus
1287 4274 1742 4337 persequeretur,
1794 4266 2062 4336 temporis

480 4365 765 4437 tnomento
802 4356 877 4411 ita
910 4369 1055 4411 esset
1085 4359 1426 4428 prolligatus.
1469 4357 1713 4412 Tandem
1750 4367 1872 4425 post
1917 4357 2061 4411 mul-

481 4456 565 4500 tas
601 4446 981 4501 dubitationes
1024 4461 1150 4501 cum
1189 4449 1295 4501 alia
1331 4447 1591 4516 plurima,
1643 4459 1755 4500 tum
1808 4447 1859 4499 id
1912 4447 2058 4516 quod

480 4539 868 4608 gravissimum
910 4549 1028 4593 erat
1050 4538 1462 4598 animadvertit,
1499 4539 1728 4607 publica:
1753 4537 2062 4608 disciplina:

2228 3818 2304 3865 A'.
2359 3811 2547 3865 Ταῦτα
2611 3808 2950 3878 θεασάμενος
3007 3809 3100 3858 καὶ
3158 3807 3186 3856 6
3228 3802 3486 3873 βασιλεὺς
3539 3797 3732 3867 καὶμὴ

2157 3904 2297 3974 ἔχων
2351 3903 2378 3956 ὅ
2412 3919 2465 3954 τι
2503 3902 2600 3954 καλ⁸
2636 3900 2880 3970 δράσειε,
2911 3897 3005 3967 τῆς
3032 3895 3416 3964 περιστάσεως
3467 3891 3619 3945 οὐδὲν
3647 3888 3731 3943 οὐ·

2157 3997 2307 4067 δαμῆ
2341 3993 2692 4078 χορηγούσης
2731 3991 3066 4060 εὐμήχανον,
3127 3988 3184 4049 ἐς
3208 3986 3396 4038 πλοῖον
3422 3983 3614 4078 ,ἐριδας
3643 3981 3731 4078 καὶ

2159 4066 2321 4149 αὐτὸς
2343 4066 2572 4155 ἐπανῄει
2605 4083 2739 4155 πρὸς
2772 4083 2833 4135 τὸ
2886 4079 3202 4144 Βυζάντιον.
3253 4077 3518 4146 Διηπόρει
3549 4072 3592 4126 δ’
3643 4066 3730 4124 οὖν

2160 4181 2309 4250 ὅμως
2361 4175 2486 4230 καθ’
2516 4175 2708 4230 ἑαυτὸν
2741 4173 3112 4242 γνωσιμαχῶν
3160 4172 3255 4224 καὶ
3294 4167 3476 4238 ζητῶν
3505 4167 3600 4236 τὴν
3635 4164 3729 4232 τῆς

2162 4270 2458 4340 θεομηνίας
2495 4265 2696 4331 αἰτίαν,
2736 4265 2805 4318 δι’
2839 4265 2906 4334 ἢν
2947 4264 3006 4316 τὸ
3033 4263 3140 4315 τῶν
3181 4259 3478 4329 Ῥωμαίων
3511 4253 3729 4328 στρατό-

2162 4363 2324 4415 πεδον
2353 4360 2531 4424 οὓτως
2587 4362 2644 4412 ὲν
2696 4359 2896 4429 ἀκαρεῖ
2939 4356 3286 4426 διέφθαρται,
3341 4353 3572 4424 μηδενὸς
3627 4347 3729 4400 τῶν

2163 4453 2439 4523 πολεμίων
2463 4451 2772 4513 διώκοντος.
2801 4449 3011 4518 Συνῆκε
3049 4447 3093 4502 δ’
3128 4447 3226 4518 ὀψὲ
3246 4446 3344 4499 καὶ
3375 4446 3601 4498 πλεῖστα
3635 4439 3728 4510 μὲν

2161 4547 2346 4617 ἕτερα,
2377 4544 2734 4614 καιριώτερον
2772 4542 2819 4595 δ’
2857 4537 3000 4595 εἶναι
3022 4540 3084 4594 τὸ
3110 4540 3220 4593 τῶν
3245 4535 3540 4590 πολιτικῶν
3562 4546 3732 4602 πραγ-

483 4630 949 4699 perturbationem
993 4631 1118 4684 dico
1143 4640 1198 4684 et
1242 4643 1560 4697 perversum
1586 4645 1794 4684 morem
1823 4629 2051 4701 judicio-

2169 4616 2355 4709 μάτων
2383 4637 2733 4707 ἀστάθμητον
2789 4635 2885 4689 καὶ
2917 4637 2977 4688 τὸ
3008 4636 3140 4703 περὶ
3185 4632 3284 4695 τὰς
3331 4631 3490 4690 δίκας
3524 4626 3730 4690 νόσημα

482 4737 604 4775 rmn
671 4739 687 4776 :
733 4724 827 4791 qui
885 4723 1108 4793 quidem
1162 4720 1388 4774 morbus
1434 4721 1542 4775 late
1589 4721 1823 4777 diffusus
1852 4732 1906 4776 et
1943 4723 2062 4792 ipso

481 4814 748 4883 temporis
795 4814 950 4883 lapsu
1007 4813 1344 4867 inveteratus
1375 4827 1628 4883 magnam
1680 4809 2059 4871 confusionem

479 4920 543 4957 ac
575 4903 736 4976 437
776 4906 1010 4960 multum
1062 4902 1375 4958 detrimenti
1419 4903 1736 4972 reipublicze
1773 4907 2058 4963 afferebat.

481 4995 924 5058 Etenim-morbi,
955 4993 1051 5064 qui
1085 5009 1151 5047 ex
1187 4993 1330 5075 maio
1365 4996 1552 5066 aliquo
1579 4999 1830 5066 corporis
1869 4999 2057 5052 habitu

479 5091 757 5153 oriuntur,
805 5101 1008 5158 paucos
1047 5087 1332 5151 invadunt,
1378 5105 1480 5144 nec
1527 5090 1744 5159 publice
1771 5101 2058 5161 vagantur.

481 5183 622 5236 Aere
652 5191 834 5236 autem
890 5182 1094 5235 infecto
1141 5196 1354 5248 omnes,
1386 5185 1478 5253 qui
1511 5183 1768 5239 eumdem
1809 5193 1865 5238 ct
1907 5199 2059 5238 com-

483 5288 705 5328 munem
751 5288 935 5327 aerem
993 5275 1360 5344 participant,
1425 5277 1600 5346 ipsius
1649 5275 1813 5330 etiam
1881 5275 2059 5330 morbi

481 5365 776 5434 participes
822 5363 940 5418 ﬁeri
993 5380 1218 5422 necesse
1270 5375 1372 5422 est.
1424 5367 1683 5422 Eamdem
1735 5374 1919 5422 autem
1971 5366 2063 5422 ille

483 5453 757 5508 rationem
790 5468 912 5509 esse
959 5455 1140 5511 aiebat
1172 5458 1511 5527 privatorum
1537 5458 1786 5513 omnium
1833 5457 2065 5512 delicto-

484 5557 623 5604 rum,
653 5542 699 5596 si
726 5557 850 5596 cum
879 5544 1081 5614 iniquis
1107 5548 1330 5618 judiciis
1363 5549 1770 5604 conferrentur.

525 5629 619 5683 'V.
665 5631 903 5689 Proinde
933 5651 1042 5692 non
1087 5641 1275 5695 multis
1313 5649 1437 5711 post
1468 5639 1666 5696 diebus
1723 5639 1917 5700 lsaiam
1963 5658 2062 5712 pa-

485 5721 784 5778 triarcliam
831 5730 1088 5785 convenit
1139 5750 1150 5784 :
1199 5747 1261 5787 ac
1293 5733 1532 5802 primum
1566 5733 1619 5788 ei
1662 5743 1896 5789 conatur
1930 5749 2060 5804 per-

485 5812 740 5887 suadere,
774 5828 832 5875 ut
882 5821 1018 5879 iram
1074 5827 1339 5885 adversus
1386 5825 1677 5901 episcopos
1728 5827 1968 5900 deponat
2004 5838 2062 5887 et

2161 4729 2432 4798 πολύχουν
2461 4727 2523 4780 ὃν
2568 4729 2661 4781 καὶ
2715 4727 2967 4780 δυσίατον
3007 4725 3096 4778 διὰ
3124 4723 3223 4794 τὴν
3281 4725 3348 4775 ὲκ
3389 4719 3486 4774 τοῦ
3538 4715 3724 4787 χρόνον

2159 4821 2607 4892 προσγενομένην
2650 4820 2766 4886 ἕξιν
2821 4817 2975 4890 αὐτῷ
3021 4818 3116 4871 καὶ
3163 4814 3365 4882 πολλὴν
3413 4811 3616 4877 ὲπάγον
3650 4801 3724 4871 τῷ

2160 4913 2325 4985 κοινῷ
2347 4912 2457 4966 τῶν
2488 4913 2830 4985 πραγμάτων
2880 4913 2978 4982 τὴν
3044 4909 3308 4980 σύγχυσιν
3364 4904 3459 4958 καὶ¹
3503 4898 3719 4970 ζημίαν-

2161 5009 2372 5076 ’Ὠσπερ
2398 5006 2506 5075 γὰρ
2541 5007 2609 5058 τὰ
2637 5007 2698 5058 ἔκ
2749 5021 2892 5076 τινος
2920 5001 3181 5073 καχεξίας
3227 4994 3548 5068 σωματικῆς
3601 4991 3717 5041 ἑπι-

2161 5094 2528 5165 συμϐαίνοντα
2547 5095 2825 5164 νοσήματα
2852 5095 2963 5156 τοῖς
2998 5090 3304 5162 ἀνθρώποις
3339 5085 3580 5145 σπανίοις
3609 5080 3723 5132 tn:-

2163 5188 2454 5257 συμϐαίνει
2486 5189 2580 5242 καὶ
2613 5188 2714 5240 οὐκ
2750 5187 2808 5250 ἐς
2841 5187 2902 5239 τὸ
2942 5186 3122 5238 κοινὸν
3163 5181 3264 5251 τὴν
3292 5179 3541 5234 διάϐασιν
3563 5173 3718 5240 ίσχειν

2159 5277 2256 5332 τοῦ
2283 5277 2329 5331 δ’
2349 5277 2510 5348 ἀέρος
2541 5279 2871 5348 νοσήσαντος
2899 5277 3115 5344 ἀνάγκη
3151 5271 3426 5326 κοινωνεῖν
3457 5264 3552 5320 τοῦ
3570 5262 3721 5327 νοσή-
3741 5329 3764 5348 Ι

2165 5387 2337 5440 ματος
2377 5369 2648 5434 ἅπαντας,
2679 5371 2794 5424 ὅσοι
2824 5369 2920 5422 τοῦ
2956 5368 3125 5422 αὑτοῦ
3155 5367 3311 5436 κοινῇ
3343 5359 3724 5434 μετειλήφασιν

2161 5462 2351 5532 ἀέρος,
2405 5460 2581 5525 οὕτως
2610 5463 2756 5532 ἔχειν
2791 5462 2997 5532 ἔφασκε
3019 5462 3088 5514 τὰ
3121 5456 3324 5529 μερικά
3356 5451 3512 5506 πάντ’
3541 5443 3723 5510 ἀδική-

2163 5571 2309 5622 ματα
2345 5554 2480 5625 πρδς
2503 5555 2564 5607 τὸ
2597 5557 2723 5626 περὶ
2742 5555 2839 5617 τὰς
2872 5555 3083 5625 κρίσεις
3105 5552 3406 5621 γινόμενον.

2231 5643 2308 5700 E'.
2343 5647 2510 5700 Ὅθεν
2575 5649 2693 5717 μετ’
2731 5649 2792 5702 οὐ
2835 5648 3036 5712 πολλὰς
3089 5649 3188 5710 τὰς
3238 5645 3452 5714 ἡμέρας
3513 5635 3720 5687 ἄπεισιν

2159 5738 2218 5801 ἐς
2261 5737 2354 5792 τὸν
2381 5739 2732 5812 πατριάρχην
2764 5739 2996 5795 Ἡσαΐαν
3018 5755 3032 5770 ’
3052 5739 3147 5792 καὶ
3177 5738 3372 5807 πρῶτα
3401 5733 3495 5805 μὲν
3521 5723 3726 5781 πείθειν

2155 5827 2346 5885 τοῦτον
2383 5829 2682 5888 ἀποθέσθαι
2712 5832 2981 5904 ἐπιχειρεί
3013 5833 3102 5888 τὸν
3139 5832 3278 5903 πρὸς
3333 5832 3454 5892 τους
3493 5815 3708 5878 ἐπισκόα
3780 5885 3787 5893 ι
