4062 6452
439 359 556 425 535
699 353 776 429 pi.
821 368 879 409 ιι.
922 351 1062 409 6856
1103 369 1168 406 λυ
1211 351 1376 424 6849]
1452 398 1476 410 -

1661 353 2086 416 NlCEPllOlll
2129 357 2172 416 G
2189 355 2520 417 [{EGORxE

2826 349 2961 422 [ιιιρ.
3009 363 3292 405 ικυιιοκιο.
3328 353 3465 427 tum]

3603 363 3700 426 636

439 477 662 534 cucullo
695 474 952 536 induunt,
985 482 1036 528 et
1067 481 1281 527 mutato
1327 471 1556 526 nomine
1599 470 1901 526 Antonium
1935 488 2033 526 vo-

2141 490 2324 534 σοντος
2358 473 2668 540 ἄνθρωπον,
2718 471 3086 540 ἐστερημένον
3112 469 3203 523 τοῦ
3260 471 3476 538 βλέπειν
3511 478 3584 546 πῆ
3614 483 3710 548 μὲν

443 581 591 626 cant.
630 570 698 626 Et
729 570 845 623 haec
875 567 1100 638 quidem
1136 567 1206 621 ita
1242 581 1300 620 se
1341 564 1679 620 habuerunt.

2146 566 2404 634 στήσεται
2441 565 2576 634 (l5),
2608 565 2688 633 πῆ
2712 563 2769 617 δὲ
2796 563 3112 633 διαϐήσεται
3138 581 3153 624 ;
3201 564 3338 616 Ἀλλ’
3370 567 3456 620 ἵνα
3489 572 3562 638 μὴ
3593 571 3704 625 δια-

436 665 734 734 τρίῧωμεν,
774 663 1000 723 ἄκοντος
1051 662 1292 723 ἑκόντος,
1343 659 1547 721 είπεῖν,
1606 659 1709 728 τήν
1763 675 1824 712 τε
1883 659 2062 729 κόμην
2119 660 2365 728 κείρουσι
2404 658 2594 712 τούτου
2651 659 2769 720 καὶ,
2800 658 2861 711 τὸ
2904 657 3197 728 μοναχικὸν
3255 662 3438 729 σχῆμα
3509 682 3711 734 mpm.

440 758 598 812 Οέασι
629 757 724 809 καὶ
748 757 804 816 ἐς
849 752 1136 809 ’Λντώνιον
1167 752 1408 818 τοῦνομα
1460 754 1853 821 μεταφέρουσι.
1909 754 2018 805 Καὶ
2053 751 2230 806 ταῦτα
2264 753 2366 822 μὲν
2393 753 2567 814 οὕτως
2603 751 2790 823 ἔσχεν.

513 851 573 904 ν.
619 849 923 918 Imperator
959 859 1142 901 autem
1177 845 1570 915 Didymotichi,
1607 845 1758 898 nullo
1793 845 1902 898 alio
1939 844 2022 898 vi-

437 956 503 997 ta!
536 942 692 1012 signo
717 950 1019 1011 apparente
1053 949 1252 1008 praeter
1279 939 1529 1008 exiguam
1557 949 1613 991 et
1639 937 2022 992 tenuissimam

439 1033 888 1102 respirationem,
941 1030 1202 1084 vitalibus
1257 1030 1642 1084 instrumentis
1692 1029 1936 1083 immotis
1971 1037 2028 1098 et

439 1125 888 1180 extremitatibus
939 1122 1193 1191 corporis
1225 1122 1517 1182 emortuis,
1567 1121 1723 1190 plane
1774 1130 2027 1175 mortuus

441 1230 616 1274 totum
673 1218 905 1272 biduum
942 1217 1180 1288 iacebat.
1215 1217 1402 1270 Tertio
1453 1232 1586 1271 vero
1632 1216 1743 1282 die,
1794 1216 1942 1269 velut
1991 1229 2023 1268 e

441 1311 718 1380 profundo
749 1326 942 1364 somno
972 1309 1222 1363 nonnihil
1251 1319 1631 1378 experrectus,
1669 1308 1919 1362 divinum
1951 1307 2032 1360 la-

441 1405 607 1460 ticem
644 1402 967 1456 castissima:
998 1401 1091 1456 Dei
1129 1401 1431 1470 genitricis,
1471 1417 1593 1470 qua:
1622 1418 1651 1454 a
1685 1401 1855 1454 Fonte
1888 1400 2029 1455 dici-

440 1506 554 1559 tur,
608 1496 922 1565 postulavit.
976 1494 1096 1560 Quo
1133 1495 1316 1549 statim
1360 1494 1525 1548 allato
1559 1503 1614 1548 et
1648 1493 1817 1563 capiti
1851 1492 2030 1548 affusa

438 1598 717 1644 recreatus
745 1597 847 1643 est.
884 1596 940 1642 et
968 1588 1151 1640 cibum
1190 1587 1356 1654 cepit,
1399 1595 1456 1640 et
1489 1587 1630 1641 intra
1667 1577 1876 1656 paucos
1909 1587 2030 1644 dies

439 1681 786 1735 confirmatis
821 1679 1035 1733 viribus
1068 1679 1356 1749 pristinam
1391 1679 1765 1734 valetudinem
1797 1695 2030 1750 recupe-

441 1774 607 1828 ravit.

1894 1861 1909 1894 \

515 1959 599 2015 Vl.
641 1958 914 2014 Cancrum
970 1957 1119 2012 Isaize
1164 1955 1492 2027 patriarchae
1541 1955 1594 2009 id
1635 1954 1781 2024 quod
1815 1938 2023 2009 seniori

440 2051 754 2120 imperatori
783 2031 1060 2104 acciderat
1079 2050 1546 2120 iucundissimum
1570 2049 1702 2112 fuit,
1729 2059 2024 2118 propterea

438 2144 582 2213 quod
636 2159 737 2197 nec
793 2142 869 2197 illi
927 2143 1037 2197 ulla
1093 2143 1310 2211 imperii
1361 2158 1510 2212 spes,
1557 2156 1661 2195 nec
1706 2141 1808 2196 sibi
1843 2152 2024 2197 metus

440 2237 584 2290 ullus
613 2229 1068 2306 relinqueretbr.’
1100 2235 1528 2290 Deliberandum
1567 2243 1751 2288 tamen
1783 2250 1906 2289 esse
1940 2235 2022 2288 vi-

438 2343 579 2394 sum,
610 2343 720 2396 quo
755 2337 912 2396 pacto
955 2328 1077 2398 ejus
1122 2329 1175 2382 in
1215 2327 1465 2382 Ecclesia
1517 2327 1728 2382 mentio
1772 2326 2025 2382 facienda

438 2430 599 2482 esset,
640 2419 685 2472 si
734 2434 841 2488 qua
892 2427 1075 2472 tamen
1124 2419 1330 2488 (aiebat
1371 2419 1482 2488 ille)
1532 2417 1802 2473 facienda.
1846 2418 2026 2474 Missis

438 2511 608 2578 igitur
634 2509 850 2565 duobus
879 2511 947 2564 ad
979 2525 1107 2564 eum
1143 2511 1444 2581 episcopis,
1478 2526 1576 2579 per
1609 2505 1854 2566 derisum
1899 2511 2024 2581 opi-

441 2619 564 2666 nor,
600 2602 876 2657 tristitiam
917 2612 972 2656 et
1000 2603 1402 2702 ignoratione'm
1440 2603 1517 2658 rei
1551 2614 1721 2674 gesta:
1755 2604 2025 2660 simulans

437 2695 558 2760 ejus
596 2709 706 2748 non
747 2693 976 2748 alterius
1008 2695 1079 2749 de
1114 2711 1176 2749 ea
1207 2711 1264 2749 re
1295 2693 1625 2750 sententiam
1659 2711 1723 2750 ac
1745 2696 2022 2766 judicium

429 2786 703 2854 exquirit.
739 2785 830 2841 Hle
865 2803 998 2843 vero
1026 2787 1368 2857 gravissimis
1397 2787 1566 2842 animi
1599 2788 1889 2844 doloribus
1923 2804 2024 2859 op-

431 2897 662 2948 pressus
693 2882 1028 2952 profundum
1072 2892 1130 2938 et
1163 2883 1368 2937 ardens
1400 2881 1563 2954 443
1598 2897 1663 2936 cx
1705 2883 1818 2938 imo
1853 2883 2024 2938 corde

440 2975 738 3041 suspirium
765 2977 950 3040 traxit,
978 2985 1036 3030 et
1058 2974 1124 3028 ad
1160 2976 1284 3029 illos
1309 2989 1609 3030 conversus
1635 2975 1686 3029 in
1715 2975 1831 3030 haec
1857 2976 2022 3030 verba

437 3082 502 3120 us
534 3067 751 3134 aperuit
787 3085 800 3120 ε

2241 845 2329 917 [P.
2382 845 2512 916 272i
2556 848 2629 900 E'.
2710 846 2768 900 '0
2830 846 2886 898 δέ
2945 845 3200 914 βασιλεὺς
3246 847 3305 900 ἐν
3354 849 3710 920 Διδυμοτείχῳ

2133 937 2286 991 οὐδὲν
2318 937 2481 992 πλέον
2502 937 2640 1006 ἔχων
2663 937 2765 1007 ήδη
2787 939 3015 1007 σημεῖον
3040 937 3132 990 τοῦ
3159 939 3278 1010 ζῇν,
3305 938 3442 1010 πλὴν
3466 940 3714 1011 βραχείας

2135 1032 2229 1084 καὶ
2267 1031 2603 1101 λεπτοτάτης
2657 1032 2953 1102 ἀναπνοῆς,
2989 1031 3100 1084 τῶν
3157 1031 3405 1095 ζωτικῶν
3475 1034 3715 1102 ὁργάνων

2134 1124 2407 1192 ἀκινήτων
2448 1122 2746 1192 μεινάντων
2777 1125 2870 1177 καὶ
2896 1124 3008 1176 τῶν
3027 1124 3120 1177 τοῦ
3145 1127 3396 1193 σώματος
3429 1126 3718 1190 νεκρωθέν-

2149 1232 2261 1268 των
2299 1213 2689 1286 ἀκρωτηρίων,
2717 1213 2896 1267 ἔκειτο
2935 1214 3127 1283 νεκρὸς
3159 1215 3422 1284 ἄντικρυς
3453 1219 3544 1268 ἐπὶ
3572 1216 3716 1268 δυσὶν

2147 1307 2298 1368 ὅλαις
2333 1305 2586 1376 ήμέραις.
2648 1305 2726 1375 Τῇ
2760 1304 2818 1358 δὲ
2865 1306 3027 1376 τρίτῃ
3080 1306 3337 1376 καθάπερ
3374 1307 3483 1359 ἀπὸ
3536 1306 3720 1375 βαθέος

2148 1397 2320 1451 ὕπνου
2378 1397 2575 1466 μικρὸν
2610 1394 2921 1462 ἀνενεγκὼν
2957 1395 3100 1449 θεῖον
3155 1397 3417 1468 ἐζητήκει
3452 1399 3598 1465 νᾶμα
3631 1398 3722 1465 τῆς
3747 1391 3766 1402 ’

2148 1491 2461 1559 ὑπεράγνου
2493 1488 2838 1557 Θεομήτορος
2872 1489 2971 1558 τῆς
3020 1489 3228 1559 Πηγῆςί
3258 1490 3396 1560 (Η).
3443 1485 3518 1545 υἷι
3573 1507 3721 1559 κομι-

2148 1583 2368 1643 σθέντος
2397 1580 2558 1642 εὐθὺς
2581 1580 2683 1642 ,καὶ
2706 1580 3058 1650 ἐπιχυθέντος
3086 1583 3152 1650 τῇ
3179 1581 3388 1651 κεφαλῇ
3415 1581 3636 1652 ἐρῥάῖσί
3665 1597 3718 1633 τε

2136 1677 2233 1730 καὶ
2294 1675 2503 1745 τροφὴν
2568 1674 2744 1727 είλετο
2802 1675 2898 1728 καὶ
2969 1675 3110 1742 μετά
3173 1674 3442 1745 βραχείας
3517 1675 3741 1744 ἡμέρας

2066 1797 2111 1854 Β
2142 1765 2468 1836 ἀνερῤώσθη
2527 1781 2586 1816 τε
2645 1763 2744 1816 καὶ
2802 1765 2860 1827 ἐς
2893 1763 2992 1834 τὴν
3049 1764 3328 1834 προτέραν
3380 1761 3720 1828 ἀποκατέστη

2141 1858 2382 1923 ὑγίειαν.

2201 1955 2293 2018 (Γ.
2321 1949 2412 2018 Τῷ
2441 1967 2503 2018 γε
2537 1952 2642 2022 μὴν
2672 1951 2990 2023 πατριάρχῃ
3025 1953 3222 2023 Ἡσαΐᾳ
3256 1951 3524 2021 μεγίστην
3550 1949 3709 2021 πρού-

2128 2044 2352 2112 ξένησεν
2389 2043 2583 2114 ἡδονὴν
2612 2044 2672 2096 τὸ
2707 2051 2834 2111 περὶ
2855 2033 2946 2096 τὸν
2970 2043 3200 2114 γηραιὸν
3222 2044 3454 2115 βασιλέα
3488 2041 3712 2113 συμϐάν.

2127 2139 2279 2208 Μηδέ
2314 2138 2418 2208 γάρ
2453 2137 2533 2191 ἔτι
2560 2137 2843 2190 λείπεσθαι
2880 2137 3007 2206 μήτ’
3042 2138 3235 2206 ἐκείνῳ
3268 2137 3547 2207 βασιλείας
3575 2135 3725 2196 Dari,

2126 2229 2210 2292 δα,
2256 2229 2394 2299 μήτε
2417 2228 2590 2298 τούτῳ
2617 2228 2786 2297 φόσου
2817 2228 3071 2297 λείψανον
3107 2229 3280 2282 οὐδέν.
3311 2228 3514 2296 Σκέψιν
3540 2225 3716 2297 μέντοι

2127 2322 2455 2391 ποιήσασθαι
2479 2321 2676 2386 ἔδοξεν,
2702 2322 2850 2384 ὅπως
2882 2321 2988 2392 χρὴ
3014 2321 3113 2392 τὴν
3134 2321 3220 2374 ἐπ’
3253 2305 3551 2392 ἐκκλησίας
3577 2319 3714 2390 ἔχειν

2129 2415 2370 2484 μνήμην,
2411 2416 2458 2466 εἰ
2497 2413 2606 2484 ἄρα
2639 2412 2816 2484 (φησι.)
2882 2416 2976 2468 καὶ
3013 2415 3141 2486 χρή.
3196 2414 3428 2486 Πέμψας
3477 2407 3570 2468 οὖν
3631 2410 3718 2464 δύο

2125 2508 2233 2558 τῶν
2269 2507 2604 2570 ἐπισκόπων,
2637 2502 2790 2576 οἶμαι
2811 2506 3255 2575 εἰρωνευόμενος,
3289 2509 3387 2562 καὶ
3413 2504 3715 2575 πλαττόμε-

2126 2617 2214 2662 νος
2239 2597 2417 2667 λύπην
2435 2599 2526 2652 καὶ
2550 2598 2774 2663 ἄγνοιαν
2799 2599 2906 2650 τῶν
2921 2601 3008 2652 ἐπ’
3032 2599 3181 2670 αὐτῷ
3204 2601 3638 2672 πεπραγμένων,
3661 2594 3717 2660 ἐξ

2126 2692 2290 2747 αὑτοῦ
2317 2694 2410 2746 καὶ
2435 2691 2536 2744 οὐκ
2565 2691 2786 2746 ἀλλοθεν
2810 2692 2991 2761 ἐζήτει
3026 2692 3122 2763 τήν
3147 2693 3246 2762 τῆς
3276 2694 3525 2764 σκέψεως
3551 2692 3725 2762 ψῆφον

2125 2785 2219 2840 καὶ
2245 2785 2538 2855 ἐπίκρισιν.
2586 2786 2644 2837 '0
2673 2786 2730 2840 δέ
2755 2785 3003 2856 βαρείαις
3032 2788 3153 2848 ταῖς
3209 2786 3473 2858 ἀλγηδόσι
3505 2783 3724 2852 κάτοχος

2125 2877 2200 2930 ὢν
2215 2878 2314 2940 τὴν
2343 2877 2521 2946 ψυχὴν
2544 2877 2726 2947 βύθιόν
2753 2896 2872 2932 τινα
2899 2881 2994 2931 καὶ
3019 2878 3215 2932 πολλοῦ
3252 2879 3346 2932 τοῦ
3379 2879 3478 2948 τῆς
3505 2875 3724 2944 καρδίας

2127 2971 2298 3038 πυρὸς
2350 2971 2588 3040 γέμοντα
2639 2971 2941 3040 στεναγμὸν
2982 2972 3264 3042 ἀνέπεμψε
3293 2989 3305 3000 ·
3370 2975 3468 3027 καὶ
3513 2968 3723 3031 ἀνοίξας

2124 3065 2187 3118 τὸ
2214 3063 2386 3132 στόμα
2420 3063 2594 3117 ταῦτα
2628 3063 2848 3129 διέξεισι
2880 3065 3019 3134 πρὸς
3051 3066 3247 3138 αὐτούς
3279 3082 3294 3098 ·

429 3201 440 3207 ,
519 3159 629 3212 \"ll.
677 3179 695 3211 ι
739 3160 831 3223 Ut,
865 3161 1067 3229 inquit,
1099 3161 1297 3229 duplex
1344 3161 1397 3215 in
1447 3161 1657 3216 Lazaro
1698 3161 2028 3217 miraculum

2206 3159 2281 3212 Z'.
2313 3175 2330 3209 ι
2360 3157 2596 3227 Ὥσπερ,
2630 3158 2816 3227 φησὶν,
2839 3159 2932 3209 ἐπὶ
2954 3158 3050 3211 τοῦ
3084 3158 3338 3228 Λαζάρου
3367 3157 3588 3214 διπλοῦν
3615 3158 3728 3224 ἐγε-

435 3254 702 3322 contigit,
749 3253 896 3322 quod
931 3261 988 3307 et
1039 3263 1295 3307 mortuus
1342 3254 1671 3320 resurrexit,
1713 3265 1770 3309 et
1813 3255 2036 3309 vinctus

447 3343 775 3408 ambulavit,
813 3345 888 3399 ita
915 3355 972 3398 et
1002 3343 1057 3398 in
1099 3360 1186 3398 me
1218 3344 1335 3398 fieri
1370 3346 1680 3413 oportebat.
1710 3345 1852 3400 Ecce
1885 3345 2035 3398 enim

448 3452 501 3490 et
532 3437 690 3506 plane
733 3445 987 3492 mortuus
1031 3453 1175 3502 sum,
1214 3438 1404 3494 multis
1438 3438 1813 3492 calamitatum
1848 3437 2038 3492 flucti-

451 3529 553 3582 bus
587 3514 908 3591 demersus;
938 3530 1195 3600 idemque
1228 3545 1336 3583 non
1371 3539 1584 3582 tantum
1623 3543 1820 3584 manus
1847 3537 1905 3583 et
1939 3544 2038 3598 pe-

448 3620 547 3672 des
585 3619 824 3686 vinctus,
872 3619 967 3674 sed
1019 3621 1193 3690 ipsam
1240 3620 1407 3674 etiam
1465 3620 1732 3689 linguam,
1784 3635 1917 3690 qua,
1974 3628 2040 3674 ut

449 3709 586 3762 nihil
636 3709 806 3774 aliud,
853 3711 1048 3766 saltem
1078 3711 1219 3764 mala
1269 3726 1389 3764 mea
1426 3720 1483 3765 et
1514 3710 1688 3764 factas
1717 3710 1852 3764 mihi
1891 3712 2034 3782 inju-

437 3803 560 3855 rrias
590 3803 701 3856 aeri
737 3813 792 3856 et
827 3803 1148 3857 hominibus
1195 3803 1262 3870 (si
1312 3803 1406 3870 qui
1461 3801 1602 3856 forte
1653 3802 1935 3874 audirent)
1981 3811 2041 3858 et

435 3895 666 3950 acerbis
695 3896 960 3958 tenebris,
992 3896 1045 3949 in
1075 3895 1278 3965 quibus
1311 3909 1462 3948 nunc
1493 3909 1702 3959 versor;
1735 3898 2040 3950 annuntia-

439 4004 587 4042 -rcm.
626 3989 860 4060 Operuit
908 3988 1162 4044 confusio
1216 3986 1412 4042 faciem
1469 4004 1669 4042 meam.
1730 3987 2041 4044 Extraneus

435 4081 629 4136 tfactus
670 4095 792 4136 sum
826 4079 1093 4135 fratribus
1135 4080 1273 4135 meis
1307 4089 1365 4135 et
1406 4083 1736 4152 peregrinus
1770 4080 1894 4136 filiis
1929 4097 2044 4136 ma-

438 4175 551 4230 1ris
597 4191 754 4230 mcaa.
795 4175 861 4228 Et
905 4175 1094 4229 lumen
1141 4175 1429 4229 oculorum
1464 4189 1714 4254 meorum
1763 4183 1814 4228 et
1861 4174 2038 4244 ipsum

439 4285 561 4324 ιιιοιι
594 4279 676 4324 est
706 4285 942 4324 mecum.
975 4268 1150 4324 Amici
1185 4270 1293 4324 mei
1330 4280 1384 4323 ct
1434 4269 1669 4338 proximi
1703 4267 1810 4322 mei
1843 4267 2042 4321 adver-

438 4377 573 4414 sum
608 4376 694 4416 me
738 4370 1034 4416 steterunt.
1071 4361 1138 4416 Et
1171 4377 1365 4418 omnes
1399 4362 1654 4416 videntes
1700 4374 1787 4414 me
1832 4359 2043 4414 derise-

445 4460 588 4504 runt
619 4467 726 4506 me.
772 4451 875 4506 Mei
915 4462 1103 4507 autem
1147 4468 1288 4521 pene
1320 4453 1454 4506 moti
1486 4465 1615 4506 sunt
1650 4451 1864 4520 pedes:
1901 4465 2042 4520 pene

441 4539 611 4594 effusi
653 4549 782 4595 sunt
811 4557 1038 4612 gressus
1065 4542 1194 4595 mei.
1235 4541 1374 4608 Quia
1417 4541 1591 4595 zelavi
1623 4555 1792 4610 super
1822 4540 2044 4610 iniquos

341 4659 346 4666 -
449 4647 646 4702 pacem
676 4642 1024 4698 peccatorum
1060 4633 1274 4687 videns.
1311 4633 1453 4687 Olim
1487 4633 1712 4703 quidem
1747 4632 2041 4702 imperium

451 4743 518 4780 ea
560 4726 844 4796 privilegia
877 4726 1139 4781 Ecclesiae
1164 4726 1337 4791 dedit,
1388 4743 1508 4796 quae
1557 4727 1724 4781 etiam
1759 4743 1909 4782 nunc
1935 4725 2042 4780 ob-

443 4829 772 4873 servantur.
803 4817 1014 4873 Rursus
1044 4827 1230 4873 autem
1266 4820 1514 4874 Ecclesia
1550 4819 1600 4873 id
1637 4820 1873 4888 imperio
1905 4834 2040 4873 con-

446 4907 646 4969 cessit,
673 4917 733 4962 ut
763 4923 927 4977 quem
954 4910 1122 4965 vellet
1153 4926 1184 4965 e
1210 4909 1514 4982 designatis
1547 4913 1919 4982 patriarcham
1949 4913 2042 4966 de-

449 5001 715 5054 clararet.
751 5000 906 5055 Illum
945 5017 1076 5056 vero
1113 5019 1222 5057 non
1261 5004 1440 5059 solum
1471 5021 1570 5076 ego
1603 5005 1911 5072 designavi,
1943 5003 2040 5058 sed

459 5100 514 5143 ct
541 5090 659 5158 ipse
689 5091 852 5162 elegi,
884 5105 937 5148 et
973 5096 1163 5152 multis
1199 5097 1377 5168 iisque
1406 5097 1723 5167 conspicuis
1755 5097 2043 5151 doctrina-

459 5200 570 5251 que
625 5183 937 5243 illustribus
991 5189 1125 5245 viris
1161 5193 1423 5261 praetuli:
1478 5192 1778 5255 hominem,
1837 5192 1932 5260 qui
1984 5191 2038 5244 in

466 5276 574 5331 vita
611 5277 817 5346 privata
849 5284 1159 5347 consenuit,
1201 5299 1302 5336 nec
1331 5283 1666 5348 sacerdotio,
1699 5297 1800 5337 nec
1841 5283 1948 5336 ulla
1979 5299 2039 5338 re

449 5370 566 5425 .alia
594 5369 906 5442 insignem.
963 5373 1138 5438 Mitto,
1174 5379 1393 5446 quoties
1431 5375 1480 5430 ei
1518 5390 1678 5443 opem
1730 5375 1951 5430 tulerim
1984 5383 2042 5430 et

2139 3251 2289 3318 γόνει
2337 3251 2399 3302 τὸ
2431 3249 2639 3318 θαῦμα,
2693 3249 2777 3303 ὅτι
2827 3267 2887 3302 τε
2922 3251 3116 3320 νεκρὸς
3142 3251 3219 3303 ὢν
3270 3253 3478 3322 ἀνέστη
3515 3251 3608 3304 καὶ
3651 3249 3727 3300 ὃτι

2139 3342 2424 3411 δεδεμένος
2464 3341 2732 3406 ἐϐάδιζεν·
2783 3341 3052 3395 οὕτωκαὶ
3104 3343 3201 3396 νῦν
3234 3345 3410 3414 ἐχρῆν
3453 3344 3539 3396 ἐπ’
3575 3341 3728 3412 ἐμοῦ.

2154 3436 2287 3490 Ἰδοὺ
2318 3435 2426 3506 γάρ
2457 3437 2551 3488 καὶ
2580 3436 2773 3507 νεκρὸς
2808 3435 3071 3515 ἄντικρύς
3097 3441 3235 3507 εἰμι,
3273 3440 3498 3493 πολλοῖς
3527 3438 3728 3504 καταρο

2144 3529 2336 3599 ραγεὶς
2367 3529 2434 3581 κύ
2445 3546 2577 3598 μασι
2609 3529 2718 3581 τῶν
2742 3529 2932 3581 δεινῶν
2959 3531 3052 3582 καὶ
3075 3533 3211 3600 πρός
3235 3549 3296 3599 γε
3321 3533 3404 3586 ἐτι
3435 3531 3729 3600 δεδεμένος,

2106 3680 2109 3682 _
2141 3621 2202 3672 οὐ
2241 3621 2404 3689 μόνον
2446 3622 2636 3690 χεῖρας
2676 3623 2770 3674 καὶ
2806 3622 2997 3687 πόδας,
3037 3623 3176 3677 ἀλλά
3225 3627 3317 3678 καὶ
3349 3626 3602 3694 γλῶτταν
3634 3625 3721 3674 a5-

2141 3710 2266 3780 τὴν.
2297 3709 2364 3764 δι’
2395 3707 2462 3783 ἧς
2492 3711 2540 3763 εί
2578 3713 2652 3782 μή
2703 3731 2754 3765 τι
2791 3704 2975 3776 πλέον,
3023 3715 3093 3768 τά
3138 3713 3272 3782 γοῦν
3301 3719 3416 3785 ἐμὰ
3449 3715 3592 3784 πάθη
3641 3715 3732 3766 καὶ

2143 3804 2462 3874 ἀδικήματα
2522 3807 2892 3874 ἀπαγγέλλειν
2933 3806 3080 3878 εἶχον
3120 3809 3197 3880 τῷ
3233 3827 3291 3863 τε
3329 3814 3460 3882 ἀέρι
3501 3811 3596 3864 καὶ
3623 3785 3732 3869 τοίς

2144 3897 2410 3948 ἀκούουσι
2443 3896 2554 3949 τῶν
2587 3898 2893 3966 ἀνθρώπων
2940 3901 3034 3953 καὶ
3062 3894 3106 3968 ᾦ
3132 3901 3228 3954 νῦν
3275 3902 3518 3957 συνοικῶ
3555 3903 3730 3954 σκότει

2145 3989 2352 4059 πικρῷ.
2394 3990 2538 4043 Ἀλλ’
2587 3993 2858 4062 ἐκάλυψεν
2887 3994 3128 4064 ἐντροπὴ
3170 3996 3230 4048 τὸ
3276 3998 3575 4064 πρόσωπόν
3608 4011 3726 4064 μου.

2157 4081 2712 4153 Ἀπηλλοτριωμένος
2745 4085 3048 4156 ἐγεννήθην
3087 4090 3198 4149 τοῖς
3227 4089 3482 4158 ἀδελφοῖς
3512 4105 3612 4160 μου
3641 4084 3731 4138 καὶ

2147 4175 2298 4240 ξένος
2327 4177 2442 4239 τοῖς
2491 4177 2630 4240 υἱοῖς
2660 4178 2760 4244 τῆς
2807 4181 3016 4248 μητρός
3070 4197 3195 4249 μου·
3254 4182 3443 4235 καὶτὸ
3474 4183 3586 4251 φῶς
3627 4177 3732 4230 τῶν

2144 4266 2445 4336 ὀφθαλμῶν
2477 4283 2578 4339 μου
2604 4268 2700 4322 καὶ
2724 4269 2858 4322 αὐτὸ
2885 4271 2986 4322 οὐκ
3015 4271 3132 4323 ἐστι
3165 4273 3284 4342 μετ’
3310 4275 3472 4344 ἐμοῦ.
3505 4274 3566 4327 Οἱ
3595 4271 3730 4340 φίλοι

2151 4379 2252 4431 μου
2281 4362 2377 4414 καὶ
2423 4363 2472 4415 οί
2529 4362 2760 4432 πλησίον
2805 4381 2907 4432 μου
2957 4365 3262 4430 ἐξεναντίον
3313 4374 3420 4437 μου
3475 4369 3728 4438 ἔστησαν.

2147 4454 2258 4506 Καὶ
2309 4455 2514 4517 πάντες
2564 4456 2617 4507 οἱ
2654 4455 2990 4525 θεωροῦντές
3034 4475 3101 4528 με
3151 4458 3599 4531 ἐξεμυκτήρισάν
3640 4472 3728 4525 με.

2161 4546 2328 4615 Ἐμοῦ
2357 4547 2414 4599 δέ
2451 4548 2604 4618 παρά
2650 4548 2847 4618 μικρὸν
2881 4549 3257 4622 ἐσαλεύθησαν
3287 4553 3338 4605 οἱ
3368 4555 3530 4615 πόδες
3555 4568 3570 4582 ο
3604 4545 3730 4617 παρ’

2148 4639 2332 4706 ὀλίγον
2371 4639 2600 4711 ἐξεχύθη
2632 4643 2700 4694 τά
2729 4641 3049 4711 διαδήματά
3077 4661 3202 4713 μουο
3235 4646 3318 4698 ὅτι
3360 4646 3614 4715 ἐζήλωσα
3637 4641 3729 4691 ἐπὶ

2150 4732 2261 4791 τοῖς
2302 4729 2546 4798 ἀνόμοις,
2571 4731 2798 4800 εἰρήνην
2830 4731 3178 4799 ἁμαρτωλῶν
3213 4734 3458 4802 θεωρῶν.
3495 4728 3727 4782 Δεδωκέ-

2150 4842 2237 4876 ναι
2291 4826 2473 4890 μέντοι
2523 4825 2624 4892 τήν
2676 4824 2958 4892 βασιλείαν
3010 4825 3176 4877 πάλαι
3220 4819 3633 4888 ξυνεπεπτώκει
3666 4818 3726 4885 τῇ

2151 4915 2452 4986 Ἐκκλησία
2478 4915 2960 4985 προνόμια,ταῦτα
2978 4917 3041 4987 δὴ
3072 4917 3140 4970 τά
3173 4919 3336 4987 μέχρι
3371 4916 3468 4971 νῦν
3498 4909 3727 4983 θεωρού-

2154 5023 2313 5077 μενα·
2348 5007 2643 5060 δεδωκέναι
2676 5007 2719 5059 δ’
2747 5003 2814 5062 αὖ
2846 5009 2939 5060 καὶ
2979 5007 3077 5078 τὴν
3104 5009 3437 5077 Ἐκκλησίαν
3470 5010 3533 5076 τῇ
3573 5004 3724 5075 βασι-

2150 5099 2271 5169 λείᾳ
2296 5097 2357 5151 τὸ
2391 5101 2760 5170 πατριάρχην,
2795 5099 2853 5151 ὃν
2881 5099 2948 5154 ἂν
2972 5101 3147 5153 ἐθέλοι
3182 5102 3291 5154 τῶν
3325 5099 3721 5171 ψηφισθέντων.

2121 5191 2586 5265 προϐάλλεσθαι.
2623 5192 2796 5244 Αὑτὸν
2830 5193 2873 5244 δ’
2900 5195 2960 5246 οὐ
2996 5194 3157 5264 μόνον
3187 5195 3297 5263 ἐγὼ
3337 5191 3724 5266 προύϐαλόμην

2150 5285 2338 5351 αὐτὸς,
2363 5285 2503 5340 ἀλλὰ
2546 5285 2639 5339 καὶ
2675 5287 2840 5349 αὐτὸς
2875 5286 3212 5357 ἐξελεξάμην
3259 5286 3486 5342 καὶτῶν
3518 5281 3722 5338 πολλῶν

2151 5380 2246 5430 καὶ
2276 5377 2658 5448 περιόλέπτων
2689 5380 2784 5432 καὶ
2813 5380 3120 5451 ἐλλογίμων
3148 5382 3362 5452 ἀνδρῶν
3395 5377 3722 5452 προῦκρινα,

1825 5510 2165 5572 Variorum
2209 5519 2394 5573 notae.

537 5603 650 5680 (ιξ)
681 5605 761 5672 Πῆ
794 5605 892 5674 μὲν
923 5610 1204 5680 στήσεται.
1239 5610 1313 5678 πῆ
1345 5612 1400 5664 δὲ
1429 5609 1750 5680 διαϐήσεται
1778 5619 2044 5666 construo

456 5689 587 5748 cum
606 5677 976 5746 ἐστερημένον
1001 5677 1096 5731 τοῦ
1129 5677 1370 5748 βλέπειν,
1400 5691 1457 5732 ιιι
1485 5677 1683 5736 sensus
1713 5684 1803 5744 sit,
1845 5699 1945 5736 mm
1971 5685 2043 5735 vi-

457 5743 669 5863 $13!:Qlll
700 5743 1004 5818 uitiatur-cl,
1037 5743 1246 5821 vcl'quo
1280 5753 1554 5805 transiret.
1586 5753 1760 5808 Aliter
1790 5751 2038 5808 Wolﬁus.

548 5829 558 5863 ι
603 5827 651 5851 ιιι

548 5827 651 5865 ινιυ

2223 5610 2336 5680 (14)
2377 5611 2793 5684 Cantacuzenus
2837 5613 2931 5668 lib.
2984 5623 3042 5677 ii,
3096 5615 3316 5684 capri?
3352 5625 3407 5667 et
3451 5604 3720 5684 903_V"_'9

2153 5678 2672 5752 Constantinopolim
2690 5685 2884 5739 Christ.
2919 5685 3015 5740 lib.
3051 5702 3122 5748 iv,
3151 5678 3288 5740 sect.
3329 5685 3409 5750 l5,
3442 5697 3495 5736 ιι.
3526 5681 3605 5740 1‘2.
3633 5678 3714 5728 tibi

2151 5751 2219 5807 dc
2263 5753 2422 5809 istius
2454 5751 2619 5810 fontis
2644 5755 2942 5811 virtutibus
2974 5757 3162 5811 multa.
3207 5756 3443 5812 Decus.
