4062 6438
328 368 433 431 6.7
573 364 652 438 [Α.
695 383 746 423 c.
789 370 927 426 1528
963 387 1030 426 Αυ
1069 369 1204 426 1541

1344 373 1794 435 ΒΥΖΑΝΤΙΝᾹΞ
1834 376 1907 436 Η]

2010 376 2225 439 'ORl/E
2259 353 2408 441 LIB,
2443 379 2549 441 lx,
2667 373 2807 447 [tum
2844 390 3125 432 unsomc.
3166 378 3305 451 mm]

3487 385 3593 449 638

329 483 415 553 [Ρ.
445 483 573 556 275]
604 485 898 558 ἄνθρωπον
927 491 988 542 ὲν
1021 489 1262 561 ἰδιωτείᾳ
1309 489 1782 560 καταγηράσαντα
1817 491 1907 544 καὶ

2016 491 2413 548 benefecerim.
2459 492 2618 548 Nunc
2661 503 2868 554 autem,
2895 509 3020 548 cum
3051 502 3107 549 et
3141 494 3256 563 ipse
3285 495 3340 548 in
3373 495 3605 549 calami-

331 574 459 645 μήθ’
515 577 827 651 ἱερωσύνης
880 582 1134 652 τυχόντα,
1199 583 1331 654 μήτ’
1383 583 1690 651 ἐμφανείας
1740 583 1912 645 τινός.

341 668 446 720 Ἐὦ
471 668 648 736 λέγειν
670 671 803 735 ὅσας
825 669 950 736 ἑξῆς
975 672 1116 744 ὑπὲρ
1140 672 1307 728 αὐτοῦ
1334 671 1629 743 προῦτεινα
1658 673 1911 743 βοηθείας

331 762 426 814 καὶ
459 761 713 831 χάριτας.
747 765 860 818 Καὶ
911 763 1006 818 νῦν
1041 760 1272 833 ὀφείλων
1299 784 1390 836 μοι
1442 766 1658 836 βοηθεῖν
1693 766 1788 820 καὶ
1814 766 1914 818 αύ-

327 853 420 916 τδς
454 855 746 924 πράττοντι
789 857 1072 928 δυστυχῶς
1119 860 1148 910 ό
1189 859 1245 912 δὲ
1293 861 1550 928 συνεργεῖ
1593 862 1705 921 τοῖς
1740 860 1909 914 κολά-

330 942 509 1008 ζουσι,
537 943 844 1015 βιαιότερος
887 949 1052 1011 αὐτὸς
1080 939 1202 1018 ἐμοὶ
1245 948 1649 1012 καθιστάμενος
1673 950 1866 1019 δήμιος
1894 965 1908 979 °

329 1028 449 1087 εἷτά
485 1052 551 1102 με
573 1037 776 1106 ἐρωτᾷ,
801 1038 949 1102 ὅπως
978 1040 1142 1103 αὐτὸς
1173 1040 1260 1093 ἐπ’
1290 1041 1588 1112 ἐκκλησίας
1619 1042 1743 1110 ἄρτι
1768 1061 1904 1113 μνη-

333 1124 655 1192 μονεύεσθαι
713 1126 1020 1198 βούλομαι,
1089 1134 1185 1186 καὶ
1239 1131 1535 1184 πλάττεται
1582 1132 1760 1200 λύπην
1817 1135 1912 1185 καὶ

331 1215 556 1284 ἄγνοιαν
590 1217 699 1270 τῶν
729 1218 855 1271 κατ’
900 1221 1037 1289 ἐμοῦ
1088 1221 1477 1280 τελεσθέντων.
1521 1225 1708 1292 ὅμοιον
1739 1225 1912 1278 ποιῶν

329 1308 404 1376 τῷ
422 1309 706 1378 Αἰγυπτίῳ
734 1312 1063 1383 κροκοδείλῳ
1101 1313 1160 1366 ὃν
1185 1315 1370 1382 βόσκει
1394 1318 1461 1369 τὰ
1479 1317 1676 1370 Νείλου
1693 1317 1912 1382 νάματα

329 1400 424 1454 τοῦ
457 1402 557 1468 τὴν
589 1403 869 1470 Αἴγυπτον
897 1405 1174 1475 ἄρδοντος.
1221 1406 1453 1461 Ὀπόταν
1499 1411 1608 1478 γὰρ
1656 1410 1913 1472 κάκεῖνος

330 1494 602 1565 ἀποπνίξῃ
633 1495 742 1548 τῶν
777 1497 893 1565 ἅμα
928 1497 1076 1567 αὑτῷ
1121 1498 1224 1569 τὴν
1248 1500 1464 1553 δίαιταν
1498 1502 1619 1554 ἐκεῖ
1647 1501 1913 1572 ποιουμέ-

330 1604 438 1640 νων
466 1585 622 1650 ζώων
647 1587 728 1654 ἓν,
759 1587 950 1643 ἔπειτα
973 1591 1206 1654 καθίσας
1239 1593 1333 1645 ἐπὶ
1361 1594 1452 1645 τὸν
1475 1592 1686 1647 ἐκείνου
1716 1594 1910 1664 νεκρὸν

331 1676 514 1748 θερμὰ
541 1681 776 1748 καταχεῖ
801 1680 902 1749 τῆς
929 1681 1094 1734 αὐτοῦ
1132 1681 1378 1752 κεφαλῆς
1415 1681 1652 1752 δάκρυα.
1701 1681 1844 1751 Ἐγὼ
1866 1683 1910 1736 δ’

330 1770 432 1847 οὐκ
478 1769 586 1842 έχω
621 1772 732 1839 δέτι
762 1773 827 1827 ἂν
858 1775 1270 1847 ἀποκριναίμην
1305 1759 1444 1847 πρὸς
1475 1779 1546 1830 τὰ
1573 1779 1774 1832 οὑτωσὶ
1811 1797 1911 1832 πε-

2016 594 2126 640 tate
2159 585 2324 658 444
2364 585 2655 640 sublevare
2701 602 2787 641 me
2831 587 3078 650 deberet,
3115 587 3418 642 tortoribus
3457 589 3605 643 meis

2013 692 2239 748 Opeer
2273 687 2459 740 navat,
2497 676 2695 746 quovis
2727 677 2836 731 alio
2867 677 3126 732 carniﬁce
3170 693 3299 747 erga
3348 694 3436 733 me
3468 694 3598 733 cru-

2013 766 2211 824 delior.
2257 768 2395 823 Tum
2427 783 2514 822 me
2555 767 2876 838 interrogat,
2921 770 3200 838 quomodo
3246 769 3300 824 in
3350 771 3595 826 Ecclesia

2013 861 2349 917 mentionem
2391 861 2496 914 mei
2531 859 2648 915 ﬁeri
2688 861 2876 923 velim,
2927 861 3172 915 dolorem
3227 871 3283 916 et
3338 862 3600 931 ignoran-

2015 956 2146 1008 tiam
2177 969 2361 1008 rerum
2397 968 2644 1007 mearum
2685 953 2975 1008 simulans.
3025 952 3082 1006 In
3125 969 3233 1023 quo
3281 969 3392 1007 non
3438 954 3599 1008 aliter

2013 1045 2145 1100 facit
2171 1060 2332 1114 quam
2373 1042 2663 1116 [Egyptius
2705 1043 3042 1110 crocodilus,
3082 1060 3248 1114 quem
3278 1045 3385 1099 Nili
3417 1045 3598 1098 ίιιιηιὶ-

2013 1151 2084 1190 na
2111 1135 2404 1207 Egyptum
2433 1125 2722 1206 irrigantia
2758 1136 2997 1190 educant
3034 1155 3046 1190 :
3082 1137 3177 1204 qui
3211 1143 3334 1191 cum
3375 1136 3596 1205 aliquod

2012 1241 2202 1283 secum
2241 1229 2353 1283 illic
2388 1228 2704 1299 degentium
2735 1227 3058 1281 animalium
3091 1227 3450 1292 interfecerit,
3501 1245 3597 1282 ca-

2012 1318 2198 1374 daveri
2235 1320 2386 1375 illius
2412 1319 2635 1384 insidet.
2672 1333 2727 1374 et
2759 1330 2929 1390 caput
2965 1321 3086 1389 ejus
3115 1319 3310 1374 calidis
3340 1320 3597 1390 lacrymis

2013 1409 2314 1479 perfundit.
2345 1410 2458 1480 Ego
2490 1424 2616 1465 vero
2643 1408 2709 1464 ad
2735 1396 3124 1478 quaestionem,
3155 1409 3290 1464 mihi
3323 1409 3397 1464 ita
3425 1410 3598 1464 simu-

2011 1501 2126 1556 late
2167 1503 2526 1572 propositam,
2581 1502 2714 1572 quid
2763 1501 3126 1572 respondeam
3183 1517 3292 1556 non
3352 1503 3593 1571 reperio.

2013 1589 2148 1646 Nam
2172 1591 2214 1646 si
2241 1606 2328 1645 me
2360 1592 2750 1660 imperatorem
2780 1590 3216 1659 nuncupandum
3241 1591 3456 1657 dixero,
3486 1600 3599 1646 sta-

2014 1681 2110 1736 tim
2141 1681 2366 1737 oceidar
2398 1681 2466 1736 ab
2504 1681 2572 1737 iis
2605 1680 2696 1751 qui
2741 1696 2807 1736 ea
2842 1683 2910 1736 de
2939 1697 3106 1737 causa
3147 1698 3234 1738 me
3269 1682 3322 1736 in
3360 1680 3612 1736 vinculis

2016 1779 2226 1828 tenent.
2253 1771 2353 1837 Sin
2382 1773 2713 1828 monachum
2743 1772 3072 1837 Antonium,
3114 1773 3390 1831 confessio
3417 1788 3482 1828 ea
3509 1787 3597 1828 es-

329 1842 657 1932 πλασμένως
693 1885 784 1936 μοι
815 1842 1236 1939 προτεινόμεναί
1270 1842 1467 1936 Είϋμεν
1499 1870 1610 1943 γὰρ
1650 1871 1726 1934 ὼς
1757 1872 1907 1943 βασι-

2013 1882 2070 1922 se
2099 1866 2510 1922 existimabitur
2544 1865 2614 1920 ab
2649 1866 2715 1921 iis
2745 1867 2838 1935 qui
2874 1881 2960 1922 res
2995 1877 3211 1923 nostras
3243 1866 3435 1921 fraude
3469 1882 3597 1936 per-

328 1954 425 2009 λέα
455 1958 646 2040 φαίην,
671 1961 772 2016 οὐκ
794 1960 861 2015 ἂν
887 1960 1147 2033 φθάνοιμι
1187 1963 1546 2033 φονευόμενος
1571 1963 1674 2016 ὑπὸ
1689 1963 1799 2016 τῶν
1819 1964 1906 2018 διὰ

328 2046 491 2102 τοῦτό
525 2067 591 2118 με
622 2049 844 2122 δέσμιον
874 2053 1134 2123 ἐχόντων’
1163 2055 1214 2107 εί
1235 2053 1292 2108 δὲ
1325 2054 1562 2124 μοναχὸν
1598 2052 1907 2117 Ἄντώνιον,

2014 1965 2260 2022 vertunt,
2301 1958 2456 2027 quasi
2507 1973 2617 2012 non
2665 1965 2912 2025 coactus,
2958 1959 3051 2013 sed
3104 1959 3248 2014 ultro
3294 1973 3359 2012 ac
3404 1959 3608 2014 volens.

2019 2051 2381 2106 monasticam
2410 2051 2656 2106 habitum
2686 2050 2984 2105 induerim.
3018 2071 3036 2103 ο

329 2138 588 2210 ὁμολογία
609 2143 755 2198 τοῦτ’
778 2134 846 2198 ἂν
872 2144 1156 2215 νομισθείη
1181 2148 1296 2210 τοῖς
1316 2145 1387 2200 τὰ
1444 2147 1695 2218 ἡμέτερα
1754 2145 2160 2217 κακουργοῦσιν
2187 2183 2201 2209 ,
2255 2145 2337 2198 ὅτι
2380 2143 2456 2213 μὴ
2489 2143 2702 2213 βιαίως,
2755 2144 2871 2198 ἀλλ’
2917 2143 3060 2198 ἑκὼν
3103 2144 3466 2214 προελόμενος
3531 2143 3610 2198 τὸν

333 2235 630 2306 μοναχικὸν
668 2236 1007 2306 περιεθέμην
1042 2237 1229 2307 σχῆμα
1263 2237 1448 2300 αὑτός.
1493 2257 1512 2290 ι

391 2326 483 2382 'H'.
513 2327 701 2382 Ταῦτα
736 2330 830 2381 καὶ
858 2328 1032 2383 πλείω
1055 2328 1266 2383 τούτων
1294 2329 1584 2395 διεξελθὼν
1612 2331 1700 2384 ἐπ’
1729 2329 1914 2383 αὐτῶν

333 2420 499 2490 μηδὲν
533 2419 577 2473 δ’
603 2414 680 2473 ὧν
707 2419 936 2489 ἐζήτουν
985 2423 1186 2475 ἐκεῖνοι
1237 2422 1430 2492 μαθεῖν
1464 2423 1914 2494 ἀποκρινάμενος

331 2509 678 2580 ἐξέπεμψεν.
722 2511 893 2576 Αὐτὸς
945 2511 989 2564 δ’
1045 2512 1138 2565 ἐπὶ
1193 2513 1290 2581 τῆς
1342 2513 1531 2584 κλίνης
1587 2513 1910 2576 καθεσθεὶς,

337 2622 357 2655 ι
403 2603 793 2674 Ἐπίστρεψον,
843 2623 861 2658 ι
913 2607 1068 2678 φησὶ,
1114 2624 1132 2656 ι
1161 2605 1307 2676 ψυχή
1344 2624 1472 2675 μου,
1527 2607 1608 2670 είς
1632 2605 1730 2676 τὴν
1781 2607 1911 2661 ἀνά-

331 2693 534 2748 παυσίν
562 2711 678 2760 σου,
711 2696 794 2749 ὄτι
821 2697 1028 2767 Κύριος
1058 2698 1400 2768 εὒηριγέτησέ
1432 2715 1512 2763 σε,
1553 2717 1572 2750 ι
1621 2699 1786 2768 μηδὲν
1811 2697 1906 2751 τοῦ

329 2786 519 2839 λοιποῦ
567 2787 742 2857 λύπης
793 2789 941 2852 ἄξιον
987 2788 1218 2853 ἐξειπὼν
1249 2789 1400 2843 οὐδὲν
1443 2789 1553 2842 τῶν
1604 2792 1904 2856 ἁπάντων,

297 2877 440 2943 ιεῖτε
475 2877 766 2948 περιουσίᾳ
814 2879 1087 2941 συνέσεως
1121 2879 1434 2949 χαλινώσας
1474 2878 1575 2948 τὴν
1615 2877 1864 2945 γλῶτταν
1892 2917 1906 2940 ,

329 2965 441 3020 εῐτε
466 2966 555 3022 διὰ
601 2968 665 3022 τὸ
692 2968 1032 3038 ὑπερϐάλλον
1060 2970 1161 3039 τῆς
1215 2970 1393 3040 λύπης
1451 2970 1513 3023 ού
1568 2970 1714 3038 μάλα
1763 2969 1908 3023 ἑκὼν

329 3058 596 3127 ἀδακρυτὶ
625 3059 1006 3132 παραδραμὼν
1037 3061 1134 3123 τὴν
1167 3062 1457 3132 συμφορὰν
1480 3099 1497 3124 ,
1535 3060 1726 3130 ὥσπερ
1758 3063 1904 3130 ἀμησο

2087 2324 2226 2378 Vlll.
2272 2323 2400 2378 llazc
2434 2333 2492 2378 et
2519 2324 2674 2392 plura
2703 2340 2828 2378 cum
2862 2325 2930 2380 iis
2963 2325 3234 2385 elocutus.
3263 2328 3412 2382 nullo
3434 2329 3499 2382 ad
3529 2346 3593 2385 ea

2009 2430 2132 2484 quae
2168 2419 2438 2484 rogabant
2474 2430 2742 2484 responso
2775 2415 2928 2480 dato,
2953 2431 3050 2471 eos
3093 2416 3324 2472 dimisit.
3363 2419 3501 2473 Tum
3538 2421 3609 2474 in

2008 2505 2152 2560 lecto
2183 2505 2522 2560 considens:
2563 2523 2581 2556 ι
2627 2505 2952 2571 Revertere,
2998 2505 3197 2574 inquit,
3237 2509 3418 2562 anima
3451 2525 3592 2572 mea.

2009 2597 2062 2650 in
2096 2597 2344 2665 requiem
2375 2604 2548 2662 tuam,
2581 2597 2710 2665 quia
2745 2597 3014 2652 Dominus
3045 2597 3318 2654 benefecit
3361 2600 3458 2655 tibi
3493 2602 3533 2656 ⁸.
3567 2620 3589 2654 ι

2007 2687 2119 2743 Nec
2166 2689 2340 2743 ullum
2382 2703 2613 2758 prorsus
2649 2689 2880 2744 verbum
2930 2689 3134 2744 deinde
3185 2692 3440 2760 protulit,
3484 2709 3600 2762 quo

2007 2781 2254 2836 dolorem
2291 2789 2630 2836 testaretur:
2673 2781 2790 2836 sive
2823 2780 2868 2836 is
2895 2781 3162 2850 singulari
3199 2783 3436 2852 quadam
3464 2800 3605 2852 prn-

2007 2871 2189 2924 dentia
2230 2871 2470 2939 linguam
2504 2885 2660 2924 suam
2695 2869 3028 2934 frenaverit;
3071 2870 3190 2925 sive
3219 2872 3290 2926 ob
3318 2872 3602 2942 magnitu-

2007 2961 2193 3016 dinem
2228 2960 2440 3015 doloris
2477 2961 2560 3015 vel
2594 2960 2800 3016 invitus
2831 2960 3201 3015 calamitatem
3231 2976 3387 3015 suam
3436 2963 3594 3017 inde-

2007 3051 2190 3107 ﬂetam
2223 3053 2578 3124 praeterierit,
2614 3054 2774 3108 inerti
2808 3063 3037 3123 stupore
3066 3063 3122 3108 et
3147 3053 3386 3123 quodam
3420 3056 3593 3112 veluti

329 3151 490 3222 χανίᾳ
508 3153 605 3206 καὶ
629 3129 932 3224 νάρκῃ-της
958 3153 1141 3224 ψυχῆς
1162 3129 1514 3225 πεδηθείσης,
1540 3155 1668 3223 πρὶν
1691 3129 1748 3208 τὸ
1776 3129 1906 3222 περὶ

2012 3154 2233 3214 torpore
2273 3145 2455 3199 anima
2498 3145 2749 3210 astricta,
2792 3146 3114 3214 priusquam
3147 3146 3362 3201 collecti
3405 3149 3458 3200 in
3505 3163 3595 3202 ce-

311 3243 417 3318 ςιὸν
451 3243 755 3313 ἐγκέφαλον
782 3245 1072 3316 ἀθροισθὲν
1119 3247 1290 3315 ὑγρὸν
1320 3248 1399 3312 εἰς
1435 3247 1688 3316 δακρύων
1731 3245 1907 3314 φορὰν

2011 3239 2174 3293 rebro
2203 3237 2466 3293 humores
2501 3237 2552 3290 in
2584 3238 2860 3307 lacrymas
2899 3238 3332 3294 resolverentur.
3366 3238 3502 3293 Nam
3539 3249 3598 3293 et

327 3335 647 3404 ὲκτακῆναι.
716 3334 848 3389 Ἰδοὺ
909 3336 1021 3407 γὰρ
1084 3337 1180 3390 καὶ
1231 3336 1386 3407 ἥλιος
1421 3377 1436 3400 ,
1515 3337 1624 3406 ὅπη
1681 3334 1907 3405 μετρίας

2010 3329 2114 3394 sol,
2146 3331 2192 3385 si
2221 3346 2335 3400 quo
2364 3330 2683 3384 moderatos
2722 3329 2887 3402 445
2929 3331 3114 3385 radios
3140 3331 3366 3395 emittit,
3399 3340 3599 3386 ventos

328 3428 522 3497 ἀφίησι
545 3427 646 3487 τὰς
693 3428 940 3494 ἀκτῖνας,
992 3429 1164 3482 πολλά
1212 3431 1280 3482 τὰ
1330 3429 1623 3494 πνεύματα
1664 3427 1760 3481 καὶ
1809 3427 1907 3489 ea;

2011 3420 2140 3477 inde
2175 3431 2230 3476 et
2256 3421 2522 3476 humores
2555 3421 2758 3475 multos
2783 3421 3014 3474 attrahit
3047 3438 3060 3474 :
3096 3421 3137 3475 si
3172 3437 3336 3490 supra
3369 3422 3592 3474 modum

329 3519 640 3590 ὑγρότητας
678 3519 892 3573 ἐκεῖθεν
913 3518 1154 3573 ἀνέλκει’
1182 3519 1288 3589 ὅπη
1316 3519 1360 3572 δ’
1388 3516 1860 3586 ὑπερϐαλλούσας,
1883 3517 1907 3568 ὁ

2015 3527 2196 3579 acres,
2240 3512 2432 3568 eadem
2475 3511 2568 3566 illa
2611 3510 2912 3574 consumit,
2967 3511 3290 3581 priusquam
3331 3511 3591 3564 attrahat.

326 3610 383 3664 δὲ
413 3609 606 3679 φθάνει
631 3609 1042 3680 κατηναλωκὼς
1074 3610 1250 3678 σφᾶς,
1287 3609 1416 3680 πρίν
1446 3626 1500 3662 τι
1547 3607 1759 3661 ἐκεῖθεν
1795 3607 1907 3660 ἀνι-

2010 3603 2219 3658 Eod-em
2263 3604 2426 3657 modo
2474 3611 2530 3657 et
2575 3602 2886 3656 animorum
2933 3602 3184 3666 aﬂecms,
3217 3603 3262 3656 si
3297 3602 3441 3672 apud
3496 3617 3603 3657 nos.

331 3698 634 3769 μήσασθαι.
689 3697 1101 3770 Παραπλησίως
1152 3698 1197 3751 δ’
1250 3693 1342 3750 οὖν
1395 3697 1491 3750 καὶ
1542 3696 1642 3749 ὅσα
1698 3696 1806 3748 τῶν
1847 3696 1906 3746 ὲν

2013 3695 2283 3749 moderati
2313 3694 2612 3769 exsistant,
2643 3693 2915 3763 ﬂammam
2940 3694 3105 3775 corde
3125 3705 3447 3764 conceptam
3473 3710 3597 3748 vero

327 3791 472 3862 ψυχῇ
508 3790 811 3861 γινομένων
851 3789 1042 3844 παθῶν
1075 3787 1418 3860 μετριώτερά
1452 3805 1567 3851 πως
1611 3789 1745 3856 ἡμῖν
1782 3787 1907 3854 ξυν-

2011 3787 2098 3842 bis
2125 3787 2410 3842 declarare
2435 3804 2544 3842 non
2576 3797 2856 3842 recusant.
2881 3786 2982 3853 Qui
3009 3803 3142 3841 vero
3175 3787 3401 3842 modum
3434 3802 3604 3841 eme--

326 3887 466 3936 εἶναι
512 3883 711 3947 ὲθέλοι,
741 3881 914 3936 ταῦτα
961 3879 1056 3934 καὶ
1082 3880 1244 3949 λόγον
1271 3879 1414 3951 ἔχειν
1443 3880 1690 3950 ἑρμηνέα
1720 3880 1820 3950 τῆς
1851 3881 1907 3931 ὲν

2011 3881 2171 3945 dunt,
2201 3880 2237 3934 ii
2263 3881 2509 3935 animum
2544 3881 2702 3950 quasi
2738 3880 2806 3935 de
2839 3880 3012 3950 gradu
3045 3880 3467 3934 tumultuantem
3501 3879 3596 3934 de-

327 3974 528 4046 καρδίᾳ
569 3974 770 4044 φλογὸς
817 3974 880 4027 ού
917 3972 1062 4043 μάλα
1100 3989 1184 4025 τοι
1244 3971 1632 4026 ἀπαναίνεται.
1688 3970 1830 4023 Ὅσα
1859 3969 1908 4023 δ’

329 4067 601 4134 ἀφειδοῖεν
651 4065 747 4118 τοῦ
789 4064 1251 4126 πλεονεκτούσαις
1296 4062 1534 4134 χρῆσθαι
1572 4063 1695 4124 ταῖς
1723 4060 1906 4144 ἕξεσι,

327 4158 482 4212 ταῦτ’
517 4158 616 4212 ῐδοι
649 4174 736 4221 τις
762 4155 828 4210 ἂν
851 4156 1151 4222 ὲξιστῶντα
1185 4154 1286 4226 μέν
1317 4172 1434 4217 πως
1457 4155 1551 4208 καὶ
1577 4155 1678 4224 τὴν
1704 4153 1906 4224 ψυχὴν,

329 4253 476 4305 δυοῖν
525 4250 583 4304 δὲ
617 4249 879 4304 πείθοντα
932 4249 1183 4318 θάτερον,
1224 4251 1273 4302 εἰ
1331 4249 1428 4302 καὶ
1483 4246 1782 4317 μηδέτερον
1830 4245 1908 4310 ὡς

329 4343 498 4402 εἰκός·
539 4340 573 4412 ἢ
602 4341 711 4410 γὰρ
737 4340 919 4393 πάντα
944 4339 1129 4407 λέγειν
1157 4338 1361 4408 μᾶλλον
1403 4336 1436 4406 ἢ
1473 4335 1509 4390 θ.
1538 4336 1638 4398 δεῖ,
1672 4335 1706 4406 ἢ
1741 4335 1908 4407 μηδὲν

332 4431 532 4506 μᾶλλον
571 4430 605 4500 ἢ
637 4429 674 4483 ἃ
708 4429 808 4483 δεῖ.
841 4427 958 4482 ’Ίνα
983 4429 1043 4482 δὲ
1075 4428 1212 4499 πρὸς
1248 4428 1347 4496 τὴν
1385 4426 1480 4480 τοῦ
1518 4426 1784 4496 παρόντος
1815 4425 1905 4478 λό-

327 4540 427 4590 γου
458 4521 754 4592 βεῦαίωσιν
782 4521 876 4574 καὶ
901 4519 1246 4591 παλαιοτέρῳ
1283 4520 1390 4572 τινὶ
1435 4519 1736 4590 διηγήματι
1770 4518 1905 4589 χρή-

332 4628 533 4683 σωμαι’
566 4612 728 4666 ὁπότε
759 4613 869 4684 γὰρ
901 4611 1205 4682 Καμϐύσου
1242 4609 1338 4664 τοῦ
1380 4610 1593 4681 Πέρσιυ
1641 4607 1906 4680 στρατεύ-

330 4723 520 4768 σαντος
542 4706 606 4758 ὲκ
627 4703 844 4759 Σούσων
869 4705 958 4757 ἐπ’
975 4704 1274 4771 Αἴγυπτον,
1293 4703 1420 4756 ἐπεὶ
1442 4687 1582 4774 μετά
1603 4703 1701 4772 τῆς
1727 4700 1904 4771 ἀρχῆς

330 4799 426 4852 καὶ
450 4799 479 4852 ό
507 4799 613 4851 τῶν
635 4797 955 4867 Αἰγυπτίων
987 4797 1132 4851 ὲάλω
1163 4795 1420 4866 βασιλεὺς
1439 4836 1456 4862 ,
1496 4796 1780 4864 ἀγομένων
1811 4795 1904 4846 ἐπὶ

332 4891 560 4944 θάνατον
587 4891 682 4956 ξὺν
707 4891 883 4945 οὐδενὶ
915 4891 1106 4962 κόσμῳ
1136 4879 1244 4944 τῶν
1287 4891 1449 4945 υἱέων
1487 4889 1608 4942 οὐδὲ
1642 4886 1811 4959 βραχύ
1847 4903 1904 4940 τι

331 4981 490 5044 αὐτὸς
519 4981 732 5052 βλέπων
764 4979 1088 5050 ἐφθέγξατο,
1120 4980 1253 5034 ἀλλά
1292 4981 1472 5050 σιωπῇ
1498 4977 1677 5048 κύψας
1708 4977 1904 5060 ἔπειτα

335 5070 494 5138 μόνον
524 5066 672 5140 ἑώρα
706 5066 993 5136 τοῦδαφοςο
1022 5069 1128 5122 τῶν
1163 5069 1222 5122 δὲ
1264 5069 1563 5138 γνωρίμων
1609 5067 1707 5120 ἕνα
1757 5065 1902 5131 tam»,

329 5160 388 5223 ὃς
423 5159 688 5230 πρότερον
722 5159 822 5229 μὲν
873 5159 958 5231 [Ρ.
992 5159 1122 5232 274]
1156 5158 1370 5229 πλούτῳ
1417 5158 1600 5230 πολλῷ
1649 5159 1743 5210 καὶ
1774 5157 1901 5225 δόξῃ

331 5255 676 5322 χρησάμενος
704 5248 772 5322 ἦν
816 5253 1113 5323 ἱσταμένης
1168 5251 1485 5321 Αἰγύπτου,
1517 5251 1615 5305 νῦν
1669 5250 1727 5304 δὲ
1762 5251 1904 5303 πάνυ

329 5344 694 5416 διερρωγυῖαν
709 5344 910 5415 ἐσθῆτα
930 5344 1314 5414 περικείμενος
1333 5341 1646 5413 προσαιτῶν
1665 5341 1904 5413 περιῄει,

330 5439 383 5489 εί
408 5454 489 5500 τις
517 5437 682 5507 ἄρτον
709 5436 889 5505 ὀλίγον
924 5436 1218 5508 παράσχοιο
1251 5438 1279 5490 ὁ
1303 5435 1359 5490 δὲ
1390 5435 1490 5507 τὴν
1521 5434 1682 5498 αὐτὸς
1709 5434 1904 5488 ἑαυτοῦ

332 5529 577 5600 κεφαλὴν
611 5528 711 5600 ἠδη
743 5530 990 5596 πατάξας
1021 5530 1118 5583 καὶ
1165 5527 1353 5600 βύθιόν
1397 5545 1453 5581 τι
1491 5527 1904 5594 στενάξαςιόνο-

337 5620 504 5690 pacti.
558 5619 650 5674 τὸν
697 5621 914 5690 ἑταῖρον
966 5621 1172 5687 ἐκάλει,
1226 5619 1450 5692 μονονοὺ
1507 5620 1621 5682 τοῖς
1671 5617 1904 5673 δάκουσι

406 5785 421 5814 ⁸
455 5782 595 5838 Psal.
635 5787 777 5835 ωιν.

2006 3970 2228 4038 jiciunt,
2279 3985 2344 4024 ac
2383 3970 2620 4023 duorum
2678 3969 2913 4023 alterum
2955 3968 3135 4023 solent
3183 3967 3438 4032 suadere,
3489 3969 3594 4022 etsi

2009 4071 2270 4116 neutrum
2318 4061 2580 4116 videntur
2628 4060 2866 4127 efﬁcere,
2903 4070 2961 4114 ut
2999 4069 3101 4114 aut
3148 4059 3370 4129 quidvis
3409 4061 3614 4130 potius~

2009 4154 2160 4209 dicas
2187 4169 2350 4224 quam
2381 4153 2526 4222 quod
2555 4161 2796 4223 Oportet,
2828 4161 2922 4206 aut
2946 4152 3084 4207 nihil
3109 4153 3231 4222 plus
3254 4167 3418 4221 quam
3444 4155 3613 4223 quod-3
3659 4146 3670 4150 ’

2009 4259 2248 4327 oportet.
2301 4247 2384 4303 Ad
2434 4248 2576 4302 hanc
2629 4247 2962 4302 sententiam
3023 4244 3481 4312 confirmandam,
3531 4253 3617 4300 utr.

2009 4341 2216 4412 aliquid
2245 4357 2274 4395 e
2302 4339 2569 4396 memoria
2594 4337 2886 4394 vetustatis
2913 4345 3178 4406 repetam,
3206 4352 3330 4392 cum
3355 4335 3618 4410 Camby»

2011 4446 2098 4486 ses
2126 4431 2290 4486 Persa
2318 4429 2474 4486 Susis
2497 4429 2780 4499 profectus
2809 4427 3105 4499 {Egyptum
3134 4423 3286 4482 bello
3318 4427 3618 4497 petiisset,

2010 4539 2106 4578 rex
2136 4521 2521 4594 Egyptiorum
2557 4535 2663 4575 una
2695 4535 2820 4575 cum
2852 4534 3019 4590 regno
3047 4528 3260 4587 captus,
3295 4519 3436 4574 ﬁlios
3463 4535 3616 4574 suos.

2010 4616 2128 4672 sine
2160 4616 2268 4671 ulla
2299 4614 2593 4671 clementia
2626 4615 2693 4668 ad
2724 4628 2916 4669 necem
2952 4612 3096 4666 trahi
3125 4613 3339 4675 videns,
3371 4626 3439 4667 ne
3469 4629 3614 4667 ver--

2009 4707 2140 4763 bum
2179 4706 2405 4777 quidem
2435 4707 2790 4774 loquebatur,
2839 4705 2934 4759 scd
2974 4705 3193 4767 tacitus,
3229 4719 3406 4774 prono
3437 4704 3610 4774 capi-

2011 4809 2086 4862 te,
2124 4799 2314 4854 oculos
2347 4799 2400 4852 in
2436 4807 2638 4852 terram
2683 4797 2978 4868 deligebat.
3029 4799 3099 4850 At
3130 4812 3256 4851 cum
3297 4812 3468 4851 unum
3516 4798 3613 4852 vi-

2010 4888 2185 4966 disset
2230 4904 2298 4943 ex
2348 4887 2710 4944 familiaribus
2751 4890 2887 4951 suis,
2921 4889 3014 4957 qui
3054 4886 3289 4959 Egypto
3329 4887 3611 4944 incolumi.

2008 4969 2210 5049 Opibus
2242 4989 2298 5036 et
2328 4980 2622 5050 splendore
2655 4981 2889 5035 fortuna:
2921 4981 3206 5048 ﬂoruerat,
3237 4989 3371 5035 tunc
3408 4989 3591 5034 autem

2008 5073 2205 5129 laceris
2234 5072 2431 5139 pannis
2456 5071 2670 5127 obsitus
2695 5073 2986 5155 oberrabat
3009 5073 3350 5135 mendicans,
3377 5073 3422 5127 si
3452 5072 3608 5126 forte»

2011 5163 2244 5216 frustum
2287 5162 2442 5231 panis
2486 5161 2554 5215 ab
2597 5162 2784 5232 aliquo
2814 5162 3114 5232 acciperet,
3147 5171 3264 5217 tum
3293 5161 3386 5216 ille
3410 5161 3602 5231 capite

2011 5268 2112 5308 suo
2144 5268 2404 5324 percusso
2431 5268 2555 5306 eum
2585 5253 2696 5307 alto
2733 5254 2972 5324 suspirio
2998 5253 3240 5309 sodalem
3285 5252 3440 5308 illum
3487 5269 3586 5302 tm-

2011 5342 2260 5398 minatim
2289 5343 2629 5406 inclamavit,
2658 5342 2828 5398 verba
2853 5344 3011 5414 quasi
3032 5342 3290 5409 lacrymis
3315 5337 3587 5394 imbuens.

2013 5434 2218 5489 Deinde
2252 5448 2474 5488 causam
2512 5443 2738 5504 rogatus
2789 5451 2818 5489 a
2870 5435 3162 5506 Cambyse,
3211 5447 3310 5484 cur
3364 5437 3588 5498 propter

2011 5527 2153 5581 filios
2196 5540 2378 5594 neque
2443 5510 2859 5600 illacrymasset,
2911 5541 3092 5597 neque
3142 5521 3370 5576 dixisset
3419 5518 3588 5588 quid-

2014 5633 2204 5686 vuam,
2231 5611 2470 5674 amicum
2496 5603 2681 5675 autem
2709 5618 3019 5676 deﬂevisset
3046 5628 3100 5673 ct
3125 5616 3394 5671 allocutus
3413 5618 3622 5680 esset...
