  <div class='ocr_page' id='page_1' title='image "/cluster/home/n/w/nwhite01/storage/ocr_20150623/148:no.1/coo.31924054870534/328.png"; bbox 0 0 4062 6462; ppageno 0'>
   <div class='ocr_carea' id='block_1_1' title="bbox 326 416 1237 495">
    <p class='ocr_par' dir='ltr' id='par_1_1' title="bbox 326 416 1237 495">
     <span class='ocr_line' id='line_1_1' title="bbox 326 416 1237 495; baseline 0.004 -24"><span class='ocrx_word' id='word_1_1' title='bbox 326 419 429 488; x_wconf 66' lang='lat'><strong>54.1</strong></span> <span class='ocrx_word' id='word_1_2' title='bbox 575 416 651 491; x_wconf 57' lang='lat' dir='ltr'><strong>ii.</strong></span> <span class='ocrx_word' id='word_1_3' title='bbox 795 419 1028 474; x_wconf 61' lang='grc' dir='ltr'>ιδεελυ</span> <span class='ocrx_word' id='word_1_4' title='bbox 1077 419 1237 495; x_wconf 69' lang='lat'><strong>1:41]</strong></span> 
     </span>
    </p>
   </div>
   <div class='ocr_carea' id='block_1_2' title="bbox 1348 427 2551 517">
    <p class='ocr_par' dir='ltr' id='par_1_2' title="bbox 1348 427 2551 517">
     <span class='ocr_line' id='line_1_2' title="bbox 1348 427 2551 517; baseline 0.007 -32"><span class='ocrx_word' id='word_1_5' title='bbox 1348 427 1794 489; x_wconf 69' lang='grc' dir='ltr'><strong>ΒΥΖᾹΝΤΙΝᾹΞ</strong></span> <span class='ocrx_word' id='word_1_6' title='bbox 1831 427 2222 489; x_wconf 76' lang='lat' dir='ltr'><strong>HISTORle</strong></span> <span class='ocrx_word' id='word_1_7' title='bbox 2256 431 2401 492; x_wconf 87' lang='lat' dir='ltr'><strong>LIB.</strong></span> 
     </span>
    </p>
   </div>
   <div class='ocr_carea' id='block_1_3' title="bbox 2652 416 3587 500">
    <p class='ocr_par' dir='ltr' id='par_1_3' title="bbox 2652 416 3587 500">
     <span class='ocr_line' id='line_1_3' title="bbox 2652 416 3587 500; baseline -0.007 -16"><span class='ocrx_word' id='word_1_8' title='bbox 2652 426 2787 499; x_wconf 69' lang='lat' dir='ltr'><strong>Itur.</strong></span> <span class='ocrx_word' id='word_1_9' title='bbox 2830 416 3093 483; x_wconf 62' lang='grc' dir='ltr'>Ακυιιόιιιο</span> <span class='ocrx_word' id='word_1_10' title='bbox 3154 425 3300 500; x_wconf 62' lang='lat'><strong>1021.]</strong></span> <span class='ocrx_word' id='word_1_11' title='bbox 3478 430 3587 495; x_wconf 61' lang='grc' dir='ltr'><strong>δεῖ),</strong></span> 
     </span>
    </p>
   </div>
   <div class='ocr_carea' id='block_1_4' title="bbox 330 537 1893 618">
    <p class='ocr_par' dir='ltr' id='par_1_4' title="bbox 330 537 1893 613">
     <span class='ocr_line' id='line_1_4' title="bbox 330 537 1893 613; baseline 0.003 -25"><span class='ocrx_word' id='word_1_12' title='bbox 330 554 454 606; x_wconf 76' lang='grc' dir='ltr'>ρους</span> <span class='ocrx_word' id='word_1_13' title='bbox 480 537 575 590; x_wconf 75' lang='grc' dir='ltr'>καὶ</span> <span class='ocrx_word' id='word_1_14' title='bbox 609 538 1126 613; x_wconf 67' lang='grc' dir='ltr'>κατωφρυῳμένους</span> <span class='ocrx_word' id='word_1_15' title='bbox 1154 539 1600 604; x_wconf 82' lang='grc' dir='ltr'><strong>δραστικώτατον</strong></span> <span class='ocrx_word' id='word_1_16' title='bbox 1630 542 1778 606; x_wconf 80' lang='grc' dir='ltr'>ἔδοξε</span> <span class='ocrx_word' id='word_1_17' title='bbox 1811 543 1893 594; x_wconf 65' lang='grc' dir='ltr'><strong>καῖ</strong></span> 
     </span>
    </p>
   </div>
   <div class='ocr_carea' id='block_1_5' title="bbox 1991 537 3588 618">
    <p class='ocr_par' dir='ltr' id='par_1_5' title="bbox 2008 546 3588 618">
     <span class='ocr_line' id='line_1_5' title="bbox 2008 546 3588 618; baseline 0.005 -22"><span class='ocrx_word' id='word_1_18' title='bbox 2008 559 2132 612; x_wconf 69' lang='lat' dir='ltr'><strong>qua:</strong></span> <span class='ocrx_word' id='word_1_19' title='bbox 2160 548 2224 599; x_wconf 89' lang='lat' dir='ltr'><strong>ad</strong></span> <span class='ocrx_word' id='word_1_20' title='bbox 2250 546 2618 602; x_wconf 80' lang='lat' dir='ltr'><strong>inconsultam</strong></span> <span class='ocrx_word' id='word_1_21' title='bbox 2649 563 2747 603; x_wconf 91' lang='lat' dir='ltr'><strong>eos</strong></span> <span class='ocrx_word' id='word_1_22' title='bbox 2772 548 3140 604; x_wconf 87' lang='lat' dir='ltr'><strong>temeritatem</strong></span> <span class='ocrx_word' id='word_1_23' title='bbox 3169 548 3406 618; x_wconf 74' lang='lat' dir='ltr'><strong>impellit</strong></span> <span class='ocrx_word' id='word_1_24' title='bbox 3434 558 3490 604; x_wconf 87' lang='lat' dir='ltr'><strong>et</strong></span> <span class='ocrx_word' id='word_1_25' title='bbox 3516 548 3588 604; x_wconf 88' lang='lat' dir='ltr'><strong>ad</strong></span> 
     </span>
    </p>
   </div>
   <div class='ocr_carea' id='block_1_6' title="bbox 324 627 1902 701">
    <p class='ocr_par' dir='ltr' id='par_1_6' title="bbox 324 627 1902 701">
     <span class='ocr_line' id='line_1_6' title="bbox 324 627 1902 701; baseline 0.001 -18"><span class='ocrx_word' id='word_1_26' title='bbox 324 627 758 700; x_wconf 76' lang='grc' dir='ltr'>ἀνυσιμώτατον,</span> <span class='ocrx_word' id='word_1_27' title='bbox 813 630 1149 699; x_wconf 79' lang='grc' dir='ltr'><strong>προπέτειαν</strong></span> <span class='ocrx_word' id='word_1_28' title='bbox 1202 631 1608 701; x_wconf 78' lang='grc' dir='ltr'><strong>ἀπερίσκεπτον</strong></span> <span class='ocrx_word' id='word_1_29' title='bbox 1659 632 1902 701; x_wconf 75' lang='grc' dir='ltr'>ὑφηγού-</span> 
     </span>
    </p>
   </div>
   <div class='ocr_carea' id='block_1_7' title="bbox 326 719 1899 794">
    <p class='ocr_par' dir='ltr' id='par_1_7' title="bbox 326 719 1899 794">
     <span class='ocr_line' id='line_1_7' title="bbox 326 719 1899 794; baseline 0.003 -23"><span class='ocrx_word' id='word_1_30' title='bbox 326 735 487 787; x_wconf 82' lang='grc' dir='ltr'>μενον</span> <span class='ocrx_word' id='word_1_31' title='bbox 522 719 616 771; x_wconf 75' lang='grc' dir='ltr'><strong>καὶ</strong></span> <span class='ocrx_word' id='word_1_32' title='bbox 638 720 931 788; x_wconf 84' lang='grc' dir='ltr'>πρόχειρον</span> <span class='ocrx_word' id='word_1_33' title='bbox 960 722 1017 783; x_wconf 80' lang='grc' dir='ltr'>ἒς</span> <span class='ocrx_word' id='word_1_34' title='bbox 1060 721 1208 773; x_wconf 77' lang='grc' dir='ltr'>ἅπαν</span> <span class='ocrx_word' id='word_1_35' title='bbox 1245 720 1368 774; x_wconf 81' lang='grc' dir='ltr'>καθ’</span> <span class='ocrx_word' id='word_1_36' title='bbox 1417 724 1637 777; x_wconf 76' lang='grc' dir='ltr'>ἅπαντα</span> <span class='ocrx_word' id='word_1_37' title='bbox 1685 724 1899 794; x_wconf 71' lang='grc' dir='ltr'>χρόνον,</span> 
     </span>
    </p>
   </div>
   <div class='ocr_carea' id='block_1_8' title="bbox 321 812 1903 885">
    <p class='ocr_par' dir='ltr' id='par_1_8' title="bbox 321 812 1903 885">
     <span class='ocr_line' id='line_1_8' title="bbox 321 812 1903 885; baseline 0.003 -19"><span class='ocrx_word' id='word_1_38' title='bbox 321 812 574 866; x_wconf 78' lang='grc' dir='ltr'>εἵτίπου</span> <span class='ocrx_word' id='word_1_39' title='bbox 618 816 732 876; x_wconf 84' lang='grc' dir='ltr'>τοῖς</span> <span class='ocrx_word' id='word_1_40' title='bbox 761 812 988 881; x_wconf 86' lang='grc' dir='ltr'>κούφοις</span> <span class='ocrx_word' id='word_1_41' title='bbox 1018 814 1199 867; x_wconf 84' lang='grc' dir='ltr'>αὐτῶν</span> <span class='ocrx_word' id='word_1_42' title='bbox 1245 815 1528 883; x_wconf 74' lang='grc' dir='ltr'>λογισμοῖς</span> <span class='ocrx_word' id='word_1_43' title='bbox 1569 816 1903 885; x_wconf 76' lang='grc' dir='ltr'>ἐπιφύεται.</span> 
     </span>
    </p>
   </div>
   <div class='ocr_carea' id='block_1_9' title="bbox 322 907 1900 979">
    <p class='ocr_par' dir='ltr' id='par_1_9' title="bbox 322 907 1900 979">
     <span class='ocr_line' id='line_1_9' title="bbox 322 907 1900 979; baseline -0.001 -15"><span class='ocrx_word' id='word_1_44' title='bbox 322 908 464 979; x_wconf 73' lang='grc' dir='ltr'>Πρὸς</span> <span class='ocrx_word' id='word_1_45' title='bbox 493 911 592 979; x_wconf 78' lang='grc' dir='ltr'>μὲν</span> <span class='ocrx_word' id='word_1_46' title='bbox 634 907 700 978; x_wconf 84' lang='grc' dir='ltr'>δὴ</span> <span class='ocrx_word' id='word_1_47' title='bbox 735 908 941 971; x_wconf 85' lang='grc' dir='ltr'>ταύτας</span> <span class='ocrx_word' id='word_1_48' title='bbox 990 909 1297 975; x_wconf 78' lang='grc' dir='ltr'>ἀντιλέγειν</span> <span class='ocrx_word' id='word_1_49' title='bbox 1325 911 1420 961; x_wconf 80' lang='grc' dir='ltr'><strong>καὶ</strong></span> <span class='ocrx_word' id='word_1_50' title='bbox 1472 910 1805 979; x_wconf 81' lang='grc' dir='ltr'>ἀπελέγχειν</span> <span class='ocrx_word' id='word_1_51' title='bbox 1849 911 1900 963; x_wconf 80' lang='grc' dir='ltr'>οἱ</span> 
     </span>
    </p>
   </div>
   <div class='ocr_carea' id='block_1_10' title="bbox 320 1000 1896 1072">
    <p class='ocr_par' dir='ltr' id='par_1_10' title="bbox 320 1000 1896 1072">
     <span class='ocr_line' id='line_1_10' title="bbox 320 1000 1896 1072; baseline 0.003 -22"><span class='ocrx_word' id='word_1_52' title='bbox 320 1002 565 1053; x_wconf 70' lang='grc' dir='ltr'>πλεῖστοι</span> <span class='ocrx_word' id='word_1_53' title='bbox 621 1000 733 1053; x_wconf 85' lang='grc' dir='ltr'>τῶν</span> <span class='ocrx_word' id='word_1_54' title='bbox 763 1001 935 1068; x_wconf 87' lang='grc' dir='ltr'>φίλων</span> <span class='ocrx_word' id='word_1_55' title='bbox 985 1002 1398 1071; x_wconf 82' lang='grc' dir='ltr'>προύτρέποντὸ</span> <span class='ocrx_word' id='word_1_56' title='bbox 1447 1019 1536 1072; x_wconf 82' lang='grc' dir='ltr'>με·</span> <span class='ocrx_word' id='word_1_57' title='bbox 1601 1003 1702 1055; x_wconf 85' lang='grc' dir='ltr'>οὐκ</span> <span class='ocrx_word' id='word_1_58' title='bbox 1757 1000 1896 1067; x_wconf 76' lang='grc' dir='ltr'>οἶδα,</span> 
     </span>
    </p>
   </div>
   <div class='ocr_carea' id='block_1_11' title="bbox 316 1091 1902 1166">
    <p class='ocr_par' dir='ltr' id='par_1_11' title="bbox 316 1091 1902 1166">
     <span class='ocr_line' id='line_1_11' title="bbox 316 1091 1902 1166; baseline 0.001 -20"><span class='ocrx_word' id='word_1_59' title='bbox 316 1094 415 1147; x_wconf 75' lang='grc' dir='ltr'>εἴτ’</span> <span class='ocrx_word' id='word_1_60' title='bbox 439 1094 539 1162; x_wconf 66' lang='grc' dir='ltr'><strong>ἐμὲ</strong></span> <span class='ocrx_word' id='word_1_61' title='bbox 572 1091 887 1163; x_wconf 70' lang='grc' dir='ltr'>βασανίζειν</span> <span class='ocrx_word' id='word_1_62' title='bbox 930 1093 1236 1159; x_wconf 73' lang='grc' dir='ltr'>ἐθέλοντες,</span> <span class='ocrx_word' id='word_1_63' title='bbox 1274 1093 1465 1164; x_wconf 82' lang='grc' dir='ltr'>ὥσπερ</span> <span class='ocrx_word' id='word_1_64' title='bbox 1514 1096 1641 1159; x_wconf 80' lang='grc' dir='ltr'>τοὺς</span> <span class='ocrx_word' id='word_1_65' title='bbox 1670 1096 1902 1166; x_wconf 72' lang='grc' dir='ltr'>ἀμελλη-</span> 
     </span>
    </p>
   </div>
   <div class='ocr_carea' id='block_1_12' title="bbox 316 1186 1898 1257">
    <p class='ocr_par' dir='ltr' id='par_1_12' title="bbox 316 1186 1898 1257">
     <span class='ocr_line' id='line_1_12' title="bbox 316 1186 1898 1257; baseline 0.003 -20"><span class='ocrx_word' id='word_1_66' title='bbox 316 1186 543 1256; x_wconf 84' lang='grc' dir='ltr'>τηρίους</span> <span class='ocrx_word' id='word_1_67' title='bbox 567 1186 676 1238; x_wconf 83' lang='grc' dir='ltr'><strong>τῶν</strong></span> <span class='ocrx_word' id='word_1_68' title='bbox 718 1186 902 1241; x_wconf 80' lang='grc' dir='ltr'>ἵππων</span> <span class='ocrx_word' id='word_1_69' title='bbox 932 1189 990 1240; x_wconf 83' lang='grc' dir='ltr'>ὲν</span> <span class='ocrx_word' id='word_1_70' title='bbox 1016 1187 1297 1257; x_wconf 84' lang='grc' dir='ltr'>διαφόροις</span> <span class='ocrx_word' id='word_1_71' title='bbox 1332 1188 1538 1252; x_wconf 75' lang='grc' dir='ltr'>πεδίοις</span> <span class='ocrx_word' id='word_1_72' title='bbox 1577 1188 1898 1252; x_wconf 54' lang='grc' dir='ltr'>ἐλαύνοντες</span> 
     </span>
    </p>
   </div>
   <div class='ocr_carea' id='block_1_13' title="bbox 315 1275 1898 1351">
    <p class='ocr_par' dir='ltr' id='par_1_13' title="bbox 315 1275 1898 1351">
     <span class='ocr_line' id='line_1_13' title="bbox 315 1275 1898 1351; baseline 0.003 -22"><span class='ocrx_word' id='word_1_73' title='bbox 315 1275 365 1329; x_wconf 81' lang='grc' dir='ltr'>οἱ</span> <span class='ocrx_word' id='word_1_74' title='bbox 395 1276 616 1346; x_wconf 85' lang='grc' dir='ltr'><strong>δρόμων</strong></span> <span class='ocrx_word' id='word_1_75' title='bbox 662 1276 1019 1347; x_wconf 85' lang='grc' dir='ltr'>Ὀλυμπικῶν</span> <span class='ocrx_word' id='word_1_76' title='bbox 1046 1279 1302 1350; x_wconf 76' lang='grc' dir='ltr'>ἀθληταὶ,</span> <span class='ocrx_word' id='word_1_77' title='bbox 1341 1279 1455 1351; x_wconf 61' lang='grc' dir='ltr'>εζθδ</span> <span class='ocrx_word' id='word_1_78' title='bbox 1474 1280 1692 1342; x_wconf 78' lang='grc' dir='ltr'>ἑαυτοῖς</span> <span class='ocrx_word' id='word_1_79' title='bbox 1732 1282 1898 1351; x_wconf 89' lang='grc' dir='ltr'>μέρος</span> 
     </span>
    </p>
   </div>
   <div class='ocr_carea' id='block_1_14' title="bbox 314 1368 1897 1444">
    <p class='ocr_par' dir='ltr' id='par_1_14' title="bbox 314 1368 1897 1444">
     <span class='ocr_line' id='line_1_14' title="bbox 314 1368 1897 1444; baseline 0.004 -24"><span class='ocrx_word' id='word_1_80' title='bbox 314 1368 568 1422; x_wconf 76' lang='grc' dir='ltr'>ἐντεῦθεν</span> <span class='ocrx_word' id='word_1_81' title='bbox 595 1368 790 1440; x_wconf 79' lang='grc' dir='ltr'>ἡδονῆς</span> <span class='ocrx_word' id='word_1_82' title='bbox 812 1371 1220 1440; x_wconf 72' lang='grc' dir='ltr'>ἐκπορίζοντες.</span> <span class='ocrx_word' id='word_1_83' title='bbox 1242 1370 1429 1426; x_wconf 69' lang='grc' dir='ltr'>Οὗδενὶ</span> <span class='ocrx_word' id='word_1_84' title='bbox 1453 1374 1560 1440; x_wconf 83' lang='grc' dir='ltr'>γὰρ</span> <span class='ocrx_word' id='word_1_85' title='bbox 1586 1373 1760 1444; x_wconf 76' lang='grc' dir='ltr'>ἑτέρῳ</span> <span class='ocrx_word' id='word_1_86' title='bbox 1787 1374 1897 1426; x_wconf 85' lang='grc' dir='ltr'><strong>τῶν</strong></span> 
     </span>
    </p>
   </div>
   <div class='ocr_carea' id='block_1_15' title="bbox 314 1460 1897 1535">
    <p class='ocr_par' dir='ltr' id='par_1_15' title="bbox 314 1460 1897 1535">
     <span class='ocr_line' id='line_1_15' title="bbox 314 1460 1897 1535; baseline 0.004 -21"><span class='ocrx_word' id='word_1_87' title='bbox 314 1462 533 1514; x_wconf 85' lang='grc' dir='ltr'>πάντων</span> <span class='ocrx_word' id='word_1_88' title='bbox 564 1460 740 1526; x_wconf 80' lang='grc' dir='ltr'>οὕτως</span> <span class='ocrx_word' id='word_1_89' title='bbox 773 1463 969 1516; x_wconf 74' lang='grc' dir='ltr'>ἕπεται</span> <span class='ocrx_word' id='word_1_90' title='bbox 1012 1463 1240 1531; x_wconf 76' lang='grc' dir='ltr'>ἣδεσθαι</span> <span class='ocrx_word' id='word_1_91' title='bbox 1289 1464 1392 1535; x_wconf 76' lang='grc' dir='ltr'><strong>τὴν</strong></span> <span class='ocrx_word' id='word_1_92' title='bbox 1436 1464 1640 1535; x_wconf 77' lang='grc' dir='ltr'>ψυχὴν,</span> <span class='ocrx_word' id='word_1_93' title='bbox 1671 1467 1748 1529; x_wconf 86' lang='grc' dir='ltr'><strong>ὡς</strong></span> <span class='ocrx_word' id='word_1_94' title='bbox 1795 1468 1897 1520; x_wconf 79' lang='grc' dir='ltr'>ὅσα</span> 
     </span>
    </p>
   </div>
   <div class='ocr_carea' id='block_1_16' title="bbox 314 1547 1893 1624">
    <p class='ocr_par' dir='ltr' id='par_1_16' title="bbox 314 1547 1893 1624">
     <span class='ocr_line' id='line_1_16' title="bbox 314 1547 1893 1624; baseline 0.005 -20"><span class='ocrx_word' id='word_1_95' title='bbox 314 1552 410 1604; x_wconf 77' lang='grc' dir='ltr'><strong>καὶ</strong></span> <span class='ocrx_word' id='word_1_96' title='bbox 436 1547 525 1604; x_wconf 78' lang='grc' dir='ltr'>οἵα</span> <span class='ocrx_word' id='word_1_97' title='bbox 571 1550 681 1604; x_wconf 82' lang='grc' dir='ltr'><strong>τῶν</strong></span> <span class='ocrx_word' id='word_1_98' title='bbox 724 1552 845 1620; x_wconf 79' lang='grc' dir='ltr'>κατ’</span> <span class='ocrx_word' id='word_1_99' title='bbox 889 1552 1077 1619; x_wconf 75' lang='grc' dir='ltr'>ἔφεσίν</span> <span class='ocrx_word' id='word_1_100' title='bbox 1104 1554 1253 1607; x_wconf 81' lang='grc' dir='ltr'>ἐστιν</span> <span class='ocrx_word' id='word_1_101' title='bbox 1306 1554 1440 1624; x_wconf 83' lang='grc' dir='ltr'>όρᾷν</span> <span class='ocrx_word' id='word_1_102' title='bbox 1488 1556 1585 1607; x_wconf 75' lang='grc' dir='ltr'>καὶ</span> <span class='ocrx_word' id='word_1_103' title='bbox 1648 1555 1893 1612; x_wconf 82' lang='grc' dir='ltr'>ἀκούειν.</span> 
     </span>
    </p>
   </div>
   <div class='ocr_carea' id='block_1_17' title="bbox 315 1643 1896 1720">
    <p class='ocr_par' dir='ltr' id='par_1_17' title="bbox 315 1643 1896 1720">
     <span class='ocr_line' id='line_1_17' title="bbox 315 1643 1896 1720; baseline 0.003 -24"><span class='ocrx_word' id='word_1_104' title='bbox 315 1643 709 1720; x_wconf 79' lang='grc' dir='ltr'>Παραπλήσιον</span> <span class='ocrx_word' id='word_1_105' title='bbox 754 1644 865 1712; x_wconf 85' lang='grc' dir='ltr'><strong>γάρ</strong></span> <span class='ocrx_word' id='word_1_106' title='bbox 915 1650 1085 1706; x_wconf 74' lang='grc' dir='ltr'>ἔστιν,</span> <span class='ocrx_word' id='word_1_107' title='bbox 1143 1644 1339 1715; x_wconf 84' lang='grc' dir='ltr'>ὥσπερ</span> <span class='ocrx_word' id='word_1_108' title='bbox 1388 1644 1457 1699; x_wconf 84' lang='grc' dir='ltr'><strong>ἂν</strong></span> <span class='ocrx_word' id='word_1_109' title='bbox 1494 1646 1548 1700; x_wconf 86' lang='grc' dir='ltr'><strong>εῐ</strong></span> <span class='ocrx_word' id='word_1_110' title='bbox 1580 1663 1665 1710; x_wconf 88' lang='grc' dir='ltr'><strong>τις</strong></span> <span class='ocrx_word' id='word_1_111' title='bbox 1696 1647 1896 1718; x_wconf 81' lang='grc' dir='ltr'>διψῶσι</span> 
     </span>
    </p>
   </div>
   <div class='ocr_carea' id='block_1_18' title="bbox 316 1736 1895 1812">
    <p class='ocr_par' dir='ltr' id='par_1_18' title="bbox 316 1736 1895 1812">
     <span class='ocr_line' id='line_1_18' title="bbox 316 1736 1895 1812; baseline 0.004 -24"><span class='ocrx_word' id='word_1_112' title='bbox 316 1738 413 1806; x_wconf 75' lang='grc' dir='ltr'><strong>μὲν</strong></span> <span class='ocrx_word' id='word_1_113' title='bbox 441 1737 552 1789; x_wconf 83' lang='grc' dir='ltr'>τῶν</span> <span class='ocrx_word' id='word_1_114' title='bbox 583 1737 820 1807; x_wconf 79' lang='grc' dir='ltr'>ἡδίστων</span> <span class='ocrx_word' id='word_1_115' title='bbox 856 1740 1003 1790; x_wconf 76' lang='grc' dir='ltr'>πιεῖν</span> <span class='ocrx_word' id='word_1_116' title='bbox 1029 1736 1283 1791; x_wconf 75' lang='grc' dir='ltr'>ἐδεδώκει</span> <span class='ocrx_word' id='word_1_117' title='bbox 1334 1738 1587 1805; x_wconf 60' lang='lat' dir='ltr'><strong>Maroni;</strong></span> <span class='ocrx_word' id='word_1_118' title='bbox 1619 1741 1895 1812; x_wconf 85' lang='grc' dir='ltr'>φλεγομέ-</span> 
     </span>
    </p>
   </div>
   <div class='ocr_carea' id='block_1_19' title="bbox 310 1828 1886 1903">
    <p class='ocr_par' dir='ltr' id='par_1_19' title="bbox 310 1828 1886 1903">
     <span class='ocr_line' id='line_1_19' title="bbox 310 1828 1886 1903; baseline 0.005 -21"><span class='ocrx_word' id='word_1_119' title='bbox 310 1848 422 1892; x_wconf 88' lang='grc' dir='ltr'>νοις</span> <span class='ocrx_word' id='word_1_120' title='bbox 443 1828 488 1882; x_wconf 83' lang='grc' dir='ltr'>δ’</span> <span class='ocrx_word' id='word_1_121' title='bbox 504 1828 623 1901; x_wconf 81' lang='grc' dir='ltr'><strong>ὥρᾳ</strong></span> <span class='ocrx_word' id='word_1_122' title='bbox 650 1829 844 1901; x_wconf 86' lang='grc' dir='ltr'>θέρους</span> <span class='ocrx_word' id='word_1_123' title='bbox 866 1831 1101 1900; x_wconf 83' lang='grc' dir='ltr'>ζέφυρον</span> <span class='ocrx_word' id='word_1_124' title='bbox 1131 1832 1520 1901; x_wconf 75' lang='grc' dir='ltr'>ἐμηχανήσατο</span> <span class='ocrx_word' id='word_1_125' title='bbox 1541 1833 1886 1903; x_wconf 79' lang='grc' dir='ltr'>ἀναψύξεως.</span> 
     </span>
    </p>
   </div>
   <div class='ocr_carea' id='block_1_20' title="bbox 323 1894 1989 1998">
    <p class='ocr_par' dir='ltr' id='par_1_20' title="bbox 323 1894 1989 1998">
     <span class='ocr_line' id='line_1_20' title="bbox 323 1894 1989 1998; baseline 0.007 -22"><span class='ocrx_word' id='word_1_126' title='bbox 323 1894 566 1991; x_wconf 70' lang='grc' dir='ltr'>Ἐφίεταί</span> <span class='ocrx_word' id='word_1_127' title='bbox 597 1894 665 1977; x_wconf 48' lang='grc' dir='ltr'><strong>’δὲ</strong></span> <span class='ocrx_word' id='word_1_128' title='bbox 702 1894 924 1986; x_wconf 79' lang='grc' dir='ltr'>πάντως</span> <span class='ocrx_word' id='word_1_129' title='bbox 942 1894 1118 1988; x_wconf 33' lang='grc' dir='ltr'>,ἄλλος</span> <span class='ocrx_word' id='word_1_130' title='bbox 1163 1894 1332 1978; x_wconf 60' lang='grc' dir='ltr'>ἀλλον</span> <span class='ocrx_word' id='word_1_131' title='bbox 1363 1894 1505 1979; x_wconf 77' lang='grc' dir='ltr'>κατὰ</span> <span class='ocrx_word' id='word_1_132' title='bbox 1546 1894 1786 1998; x_wconf 45' lang='grc' dir='ltr'>τῆν-τοῦ</span> <span class='ocrx_word' id='word_1_133' title='bbox 1828 1894 1886 1982; x_wconf 72' lang='grc' dir='ltr'><strong>έν</strong></span> <span class='ocrx_word' id='word_1_134' title='bbox 1919 1894 1989 1987; x_wconf 73' lang='grc' dir='ltr'><strong>Β,</strong></span> 
     </span>
    </p>
   </div>
   <div class='ocr_carea' id='block_1_21' title="bbox 309 2015 1892 2092">
    <p class='ocr_par' dir='ltr' id='par_1_21' title="bbox 309 2015 1892 2092">
     <span class='ocr_line' id='line_1_21' title="bbox 309 2015 1892 2092; baseline 0.005 -24"><span class='ocrx_word' id='word_1_135' title='bbox 309 2015 733 2084; x_wconf 67' lang='grc' dir='ltr'>αὑτῷοκριτικοῢ</span> <span class='ocrx_word' id='word_1_136' title='bbox 761 2017 858 2086; x_wconf 77' lang='grc' dir='ltr'><strong>τῆς</strong></span> <span class='ocrx_word' id='word_1_137' title='bbox 881 2016 1064 2087; x_wconf 81' lang='grc' dir='ltr'>ψυχῆς</span> <span class='ocrx_word' id='word_1_138' title='bbox 1095 2016 1330 2081; x_wconf 74' lang='grc' dir='ltr'>ἕκαστος</span> <span class='ocrx_word' id='word_1_139' title='bbox 1355 2017 1607 2089; x_wconf 89' lang='grc' dir='ltr'>δύναμιν,</span> <span class='ocrx_word' id='word_1_140' title='bbox 1638 2019 1892 2092; x_wconf 84' lang='grc' dir='ltr'>καθάπερ</span> 
     </span>
    </p>
   </div>
   <div class='ocr_carea' id='block_1_22' title="bbox 312 2108 1893 2181">
    <p class='ocr_par' dir='ltr' id='par_1_22' title="bbox 312 2108 1893 2181">
     <span class='ocr_line' id='line_1_22' title="bbox 312 2108 1893 2181; baseline 0.004 -20"><span class='ocrx_word' id='word_1_141' title='bbox 312 2109 492 2170; x_wconf 64' lang='lat' dir='ltr'><strong>alsia;</strong></span> <span class='ocrx_word' id='word_1_142' title='bbox 521 2108 667 2171; x_wconf 80' lang='grc' dir='ltr'>τινὸς</span> <span class='ocrx_word' id='word_1_143' title='bbox 704 2110 797 2162; x_wconf 72' lang='grc' dir='ltr'><strong>καὶ</strong></span> <span class='ocrx_word' id='word_1_144' title='bbox 833 2110 992 2180; x_wconf 74' lang='grc' dir='ltr'>ῥίζης</span> <span class='ocrx_word' id='word_1_145' title='bbox 1027 2109 1400 2181; x_wconf 56' lang='grc' dir='ltr'>ὑποκειμένης</span> <span class='ocrx_word' id='word_1_146' title='bbox 1437 2111 1539 2181; x_wconf 86' lang='grc' dir='ltr'><strong>τῆς</strong></span> <span class='ocrx_word' id='word_1_147' title='bbox 1566 2112 1779 2167; x_wconf 72' lang='grc' dir='ltr'>ἐκεῖθεν</span> <span class='ocrx_word' id='word_1_148' title='bbox 1807 2132 1893 2169; x_wconf 88' lang='grc' dir='ltr'>κι-</span> 
     </span>
    </p>
   </div>
   <div class='ocr_carea' id='block_1_23' title="bbox 309 2200 1894 2276">
    <p class='ocr_par' dir='ltr' id='par_1_23' title="bbox 309 2200 1894 2276">
     <span class='ocr_line' id='line_1_23' title="bbox 309 2200 1894 2276; baseline 0.003 -23"><span class='ocrx_word' id='word_1_149' title='bbox 309 2200 577 2270; x_wconf 83' lang='grc' dir='ltr'>νουμένης</span> <span class='ocrx_word' id='word_1_150' title='bbox 623 2200 804 2271; x_wconf 81' lang='grc' dir='ltr'>ὁρμῆς</span> <span class='ocrx_word' id='word_1_151' title='bbox 855 2202 953 2276; x_wconf 74' lang='grc' dir='ltr'><strong>καὶ</strong></span> <span class='ocrx_word' id='word_1_152' title='bbox 999 2200 1282 2269; x_wconf 82' lang='grc' dir='ltr'>ἀναλόγως</span> <span class='ocrx_word' id='word_1_153' title='bbox 1326 2202 1783 2276; x_wconf 85' lang='grc' dir='ltr'>χειραγωγούσης</span> <span class='ocrx_word' id='word_1_154' title='bbox 1834 2205 1894 2268; x_wconf 75' lang='grc' dir='ltr'>ἐς</span> 
     </span>
    </p>
   </div>
   <div class='ocr_carea' id='block_1_24' title="bbox 310 2272 1895 2363">
    <p class='ocr_par' dir='ltr' id='par_1_24' title="bbox 310 2272 1895 2363">
     <span class='ocr_line' id='line_1_24' title="bbox 310 2272 1895 2363; baseline 0.003 -18"><span class='ocrx_word' id='word_1_155' title='bbox 310 2294 408 2356; x_wconf 76' lang='grc' dir='ltr'>τὰς</span> <span class='ocrx_word' id='word_1_156' title='bbox 430 2291 727 2363; x_wconf 81' lang='grc' dir='ltr'>προθέσεις</span> <span class='ocrx_word' id='word_1_157' title='bbox 755 2272 922 2347; x_wconf 80' lang='grc' dir='ltr'>τάσδέ</span> <span class='ocrx_word' id='word_1_158' title='bbox 951 2291 985 2363; x_wconf 83' lang='grc' dir='ltr'>ἢ</span> <span class='ocrx_word' id='word_1_159' title='bbox 1012 2292 1172 2346; x_wconf 86' lang='grc' dir='ltr'>τάσδε</span> <span class='ocrx_word' id='word_1_160' title='bbox 1204 2291 1300 2345; x_wconf 82' lang='grc' dir='ltr'>τοῦ</span> <span class='ocrx_word' id='word_1_161' title='bbox 1328 2272 1466 2362; x_wconf 81' lang='grc' dir='ltr'>βίου,</span> <span class='ocrx_word' id='word_1_162' title='bbox 1513 2291 1708 2355; x_wconf 79' lang='grc' dir='ltr'>ὁποίας</span> <span class='ocrx_word' id='word_1_163' title='bbox 1735 2272 1895 2349; x_wconf 66' lang='grc' dir='ltr'><strong>⁷πολ-</strong></span> 
     </span>
    </p>
   </div>
   <div class='ocr_carea' id='block_1_25' title="bbox 310 2383 1893 2456">
    <p class='ocr_par' dir='ltr' id='par_1_25' title="bbox 310 2383 1893 2456">
     <span class='ocr_line' id='line_1_25' title="bbox 310 2383 1893 2456; baseline 0.001 -19"><span class='ocrx_word' id='word_1_164' title='bbox 310 2385 411 2448; x_wconf 74' lang='grc' dir='ltr'><strong>λάς</strong></span> <span class='ocrx_word' id='word_1_165' title='bbox 442 2384 535 2438; x_wconf 80' lang='grc' dir='ltr'>καὶ</span> <span class='ocrx_word' id='word_1_166' title='bbox 587 2383 846 2448; x_wconf 78' lang='grc' dir='ltr'>ποικίλας</span> <span class='ocrx_word' id='word_1_167' title='bbox 881 2385 954 2454; x_wconf 84' lang='grc' dir='ltr'><strong>γῆ</strong></span> <span class='ocrx_word' id='word_1_168' title='bbox 982 2401 1042 2437; x_wconf 88' lang='grc' dir='ltr'><strong>τε</strong></span> <span class='ocrx_word' id='word_1_169' title='bbox 1089 2383 1229 2454; x_wconf 82' lang='grc' dir='ltr'>αὕτη</span> <span class='ocrx_word' id='word_1_170' title='bbox 1270 2386 1368 2438; x_wconf 81' lang='grc' dir='ltr'>καὶ</span> <span class='ocrx_word' id='word_1_171' title='bbox 1400 2384 1642 2456; x_wconf 62' lang='grc' dir='ltr'>ὀὐρανὸς</span> <span class='ocrx_word' id='word_1_172' title='bbox 1683 2387 1893 2450; x_wconf 74' lang='grc' dir='ltr'>ἐκεῖνος</span> 
     </span>
    </p>
   </div>
   <div class='ocr_carea' id='block_1_26' title="bbox 311 2472 1893 2546">
    <p class='ocr_par' dir='ltr' id='par_1_26' title="bbox 311 2472 1893 2546">
     <span class='ocr_line' id='line_1_26' title="bbox 311 2472 1893 2546; baseline 0.002 -19"><span class='ocrx_word' id='word_1_173' title='bbox 311 2475 659 2545; x_wconf 72' lang='grc' dir='ltr'>προΐσχεται.</span> <span class='ocrx_word' id='word_1_174' title='bbox 698 2474 813 2542; x_wconf 84' lang='grc' dir='ltr'><strong>Τὴν</strong></span> <span class='ocrx_word' id='word_1_175' title='bbox 849 2475 948 2543; x_wconf 86' lang='grc' dir='ltr'><strong>μὲν</strong></span> <span class='ocrx_word' id='word_1_176' title='bbox 996 2472 1091 2527; x_wconf 80' lang='grc' dir='ltr'><strong>οὖν</strong></span> <span class='ocrx_word' id='word_1_177' title='bbox 1124 2473 1339 2543; x_wconf 83' lang='grc' dir='ltr'>αἵρεσιν</span> <span class='ocrx_word' id='word_1_178' title='bbox 1378 2474 1479 2544; x_wconf 83' lang='grc' dir='ltr'><strong>τῆς</strong></span> <span class='ocrx_word' id='word_1_179' title='bbox 1515 2475 1722 2529; x_wconf 88' lang='grc' dir='ltr'>τούτων</span> <span class='ocrx_word' id='word_1_180' title='bbox 1767 2479 1893 2546; x_wconf 75' lang='grc' dir='ltr'>ἐφέ-</span> 
     </span>
    </p>
   </div>
   <div class='ocr_carea' id='block_1_27' title="bbox 310 2565 1890 2639">
    <p class='ocr_par' dir='ltr' id='par_1_27' title="bbox 310 2565 1890 2639">
     <span class='ocr_line' id='line_1_27' title="bbox 310 2565 1890 2639; baseline 0.007 -24"><span class='ocrx_word' id='word_1_181' title='bbox 310 2569 448 2626; x_wconf 78' lang='grc' dir='ltr'>σεως</span> <span class='ocrx_word' id='word_1_182' title='bbox 474 2569 706 2635; x_wconf 77' lang='grc' dir='ltr'>ταυτησὶ</span> <span class='ocrx_word' id='word_1_183' title='bbox 733 2565 783 2618; x_wconf 85' lang='grc' dir='ltr'><strong>εί</strong></span> <span class='ocrx_word' id='word_1_184' title='bbox 827 2566 902 2637; x_wconf 79' lang='grc' dir='ltr'>μὴ</span> <span class='ocrx_word' id='word_1_185' title='bbox 955 2567 1215 2633; x_wconf 77' lang='grc' dir='ltr'>καθάπαξ</span> <span class='ocrx_word' id='word_1_186' title='bbox 1247 2568 1520 2639; x_wconf 73' lang='grc' dir='ltr'>ἅπαντες,</span> <span class='ocrx_word' id='word_1_187' title='bbox 1551 2572 1669 2626; x_wconf 83' lang='grc' dir='ltr'>ἀλλ’</span> <span class='ocrx_word' id='word_1_188' title='bbox 1703 2567 1797 2626; x_wconf 79' lang='grc' dir='ltr'>οὖν</span> <span class='ocrx_word' id='word_1_189' title='bbox 1839 2573 1890 2626; x_wconf 79' lang='lat' dir='ltr'><strong>oi</strong></span> 
     </span>
    </p>
   </div>
   <div class='ocr_carea' id='block_1_28' title="bbox 310 2653 1890 2738">
    <p class='ocr_par' dir='ltr' id='par_1_28' title="bbox 310 2653 1890 2738">
     <span class='ocr_line' id='line_1_28' title="bbox 310 2653 1890 2738; baseline 0.006 -28"><span class='ocrx_word' id='word_1_190' title='bbox 310 2653 524 2720; x_wconf 79' lang='grc' dir='ltr'>πλείους</span> <span class='ocrx_word' id='word_1_191' title='bbox 557 2657 786 2722; x_wconf 82' lang='grc' dir='ltr'>δέξαιντ’</span> <span class='ocrx_word' id='word_1_192' title='bbox 819 2658 886 2713; x_wconf 84' lang='grc' dir='ltr'>ἂν</span> <span class='ocrx_word' id='word_1_193' title='bbox 912 2654 1089 2730; x_wconf 64' lang='grc' dir='ltr'>οἶμαι·</span> <span class='ocrx_word' id='word_1_194' title='bbox 1120 2661 1222 2730; x_wconf 90' lang='grc' dir='ltr'><strong>τὴν</strong></span> <span class='ocrx_word' id='word_1_195' title='bbox 1248 2678 1311 2730; x_wconf 88' lang='grc' dir='ltr'><strong>γε</strong></span> <span class='ocrx_word' id='word_1_196' title='bbox 1339 2664 1447 2734; x_wconf 79' lang='grc' dir='ltr'><strong>μὴν</strong></span> <span class='ocrx_word' id='word_1_197' title='bbox 1467 2664 1686 2736; x_wconf 84' lang='grc' dir='ltr'>’ἀωρίαν</span> <span class='ocrx_word' id='word_1_198' title='bbox 1719 2666 1890 2738; x_wconf 83' lang='grc' dir='ltr'>αὐτῆς</span> 
     </span>
    </p>
   </div>
   <div class='ocr_carea' id='block_1_29' title="bbox 306 2750 1891 2826">
    <p class='ocr_par' dir='ltr' id='par_1_29' title="bbox 306 2750 1891 2826">
     <span class='ocr_line' id='line_1_29' title="bbox 306 2750 1891 2826; baseline 0.006 -23"><span class='ocrx_word' id='word_1_199' title='bbox 306 2752 403 2806; x_wconf 69' lang='grc' dir='ltr'><strong>καὶ</strong></span> <span class='ocrx_word' id='word_1_200' title='bbox 423 2751 484 2804; x_wconf 79' lang='grc' dir='ltr'>τὸ</span> <span class='ocrx_word' id='word_1_201' title='bbox 512 2750 715 2822; x_wconf 82' lang='grc' dir='ltr'>λίχνον,</span> <span class='ocrx_word' id='word_1_202' title='bbox 747 2751 955 2821; x_wconf 84' lang='grc' dir='ltr'>ταύτην</span> <span class='ocrx_word' id='word_1_203' title='bbox 984 2752 1032 2805; x_wconf 84' lang='grc' dir='ltr'>δ’</span> <span class='ocrx_word' id='word_1_204' title='bbox 1063 2753 1126 2807; x_wconf 83' lang='grc' dir='ltr'>οὐ</span> <span class='ocrx_word' id='word_1_205' title='bbox 1164 2752 1304 2808; x_wconf 82' lang='grc' dir='ltr'>πάνυ</span> <span class='ocrx_word' id='word_1_206' title='bbox 1333 2773 1418 2810; x_wconf 89' lang='grc' dir='ltr'><strong>τοι</strong></span> <span class='ocrx_word' id='word_1_207' title='bbox 1460 2756 1661 2826; x_wconf 75' lang='grc' dir='ltr'>ἔγωγε.</span> <span class='ocrx_word' id='word_1_208' title='bbox 1701 2758 1891 2813; x_wconf 82' lang='grc' dir='ltr'>Πάντα</span> 
     </span>
    </p>
   </div>
   <div class='ocr_carea' id='block_1_30' title="bbox 308 2843 1890 2920">
    <p class='ocr_par' dir='ltr' id='par_1_30' title="bbox 308 2843 1890 2920">
     <span class='ocr_line' id='line_1_30' title="bbox 308 2843 1890 2920; baseline 0.007 -23"><span class='ocrx_word' id='word_1_209' title='bbox 308 2843 411 2912; x_wconf 70' lang='grc' dir='ltr'>μὲν</span> <span class='ocrx_word' id='word_1_210' title='bbox 432 2845 541 2916; x_wconf 81' lang='grc' dir='ltr'>γὰρ</span> <span class='ocrx_word' id='word_1_211' title='bbox 571 2847 801 2916; x_wconf 77' lang='grc' dir='ltr'>ὲρευνᾷν</span> <span class='ocrx_word' id='word_1_212' title='bbox 848 2845 909 2899; x_wconf 74' lang='grc' dir='ltr'>ἓν</span> <span class='ocrx_word' id='word_1_213' title='bbox 957 2863 1013 2900; x_wconf 86' lang='grc' dir='ltr'><strong>τι</strong></span> <span class='ocrx_word' id='word_1_214' title='bbox 1044 2847 1158 2901; x_wconf 85' lang='grc' dir='ltr'><strong>τῶν</strong></span> <span class='ocrx_word' id='word_1_215' title='bbox 1211 2848 1564 2920; x_wconf 71' lang='grc' dir='ltr'>ἁρμοζόντων</span> <span class='ocrx_word' id='word_1_216' title='bbox 1595 2849 1758 2918; x_wconf 80' lang='grc' dir='ltr'>εἶναι,</span> <span class='ocrx_word' id='word_1_217' title='bbox 1786 2855 1890 2908; x_wconf 84' lang='grc' dir='ltr'><strong>οὐκ</strong></span> 
     </span>
    </p>
   </div>
   <div class='ocr_carea' id='block_1_31' title="bbox 303 2935 1889 3015">
    <p class='ocr_par' dir='ltr' id='par_1_31' title="bbox 303 2935 1889 3015">
     <span class='ocr_line' id='line_1_31' title="bbox 303 2935 1889 3015; baseline 0.008 -26"><span class='ocrx_word' id='word_1_218' title='bbox 303 2936 369 2990; x_wconf 77' lang='grc' dir='ltr'>ἄν</span> <span class='ocrx_word' id='word_1_219' title='bbox 409 2937 533 2990; x_wconf 87' lang='grc' dir='ltr'>ποτ’</span> <span class='ocrx_word' id='word_1_220' title='bbox 563 2939 726 3002; x_wconf 73' lang='grc' dir='ltr'>αὐτὸς</span> <span class='ocrx_word' id='word_1_221' title='bbox 761 2938 905 2993; x_wconf 82' lang='grc' dir='ltr'>ἑκών</span> <span class='ocrx_word' id='word_1_222' title='bbox 952 2956 1018 3009; x_wconf 88' lang='grc' dir='ltr'><strong>γε</strong></span> <span class='ocrx_word' id='word_1_223' title='bbox 1051 2935 1197 2995; x_wconf 77' lang='grc' dir='ltr'>εἶναι</span> <span class='ocrx_word' id='word_1_224' title='bbox 1245 2942 1717 3015; x_wconf 87' lang='grc' dir='ltr'>ἀπαγορεύσαιμι·</span> <span class='ocrx_word' id='word_1_225' title='bbox 1753 2949 1813 2999; x_wconf 83' lang='grc' dir='ltr'>ὲν</span> <span class='ocrx_word' id='word_1_226' title='bbox 1843 2948 1889 3001; x_wconf 84' lang='grc' dir='ltr'>δ’</span> 
     </span>
    </p>
   </div>
   <div class='ocr_carea' id='block_1_32' title="bbox 304 3031 1886 3109">
    <p class='ocr_par' dir='ltr' id='par_1_32' title="bbox 304 3031 1886 3109">
     <span class='ocr_line' id='line_1_32' title="bbox 304 3031 1886 3109; baseline 0.004 -25"><span class='ocrx_word' id='word_1_227' title='bbox 304 3031 506 3084; x_wconf 72' lang='grc' dir='ltr'>ἅπαντι</span> <span class='ocrx_word' id='word_1_228' title='bbox 537 3031 722 3101; x_wconf 75' lang='grc' dir='ltr'>καιρῷ</span> <span class='ocrx_word' id='word_1_229' title='bbox 750 3031 845 3085; x_wconf 79' lang='grc' dir='ltr'><strong>καὶ</strong></span> <span class='ocrx_word' id='word_1_230' title='bbox 879 3032 1184 3102; x_wconf 66' lang='grc' dir='ltr'>χρόνῳζκαὶ</span> <span class='ocrx_word' id='word_1_231' title='bbox 1227 3035 1398 3089; x_wconf 81' lang='grc' dir='ltr'>παντὶ</span> <span class='ocrx_word' id='word_1_232' title='bbox 1442 3032 1522 3103; x_wconf 80' lang='grc' dir='ltr'>τῷ</span> <span class='ocrx_word' id='word_1_233' title='bbox 1553 3034 1886 3109; x_wconf 85' lang='grc' dir='ltr'>βουλομένῳ,</span> 
     </span>
    </p>
   </div>
   <div class='ocr_carea' id='block_1_33' title="bbox 302 3121 1886 3200">
    <p class='ocr_par' dir='ltr' id='par_1_33' title="bbox 302 3121 1886 3200">
     <span class='ocr_line' id='line_1_33' title="bbox 302 3121 1886 3200; baseline 0.008 -28"><span class='ocrx_word' id='word_1_234' title='bbox 302 3121 462 3175; x_wconf 78' lang='grc' dir='ltr'>τοῦτο</span> <span class='ocrx_word' id='word_1_235' title='bbox 509 3122 566 3176; x_wconf 80' lang='grc' dir='ltr'>δὲ</span> <span class='ocrx_word' id='word_1_236' title='bbox 619 3122 713 3177; x_wconf 79' lang='grc' dir='ltr'><strong>καὶ</strong></span> <span class='ocrx_word' id='word_1_237' title='bbox 765 3123 913 3193; x_wconf 70' lang='grc' dir='ltr'>μάλα</span> <span class='ocrx_word' id='word_1_238' title='bbox 968 3141 1053 3177; x_wconf 91' lang='grc' dir='ltr'><strong>τοι</strong></span> <span class='ocrx_word' id='word_1_239' title='bbox 1087 3123 1298 3194; x_wconf 82' lang='grc' dir='ltr'>σφόδρα</span> <span class='ocrx_word' id='word_1_240' title='bbox 1345 3125 1530 3192; x_wconf 83' lang='grc' dir='ltr'>αὑτός.</span> <span class='ocrx_word' id='word_1_241' title='bbox 1584 3127 1725 3182; x_wconf 77' lang='grc' dir='ltr'>Οὔτε</span> <span class='ocrx_word' id='word_1_242' title='bbox 1776 3130 1886 3200; x_wconf 82' lang='grc' dir='ltr'>γὰρ</span> 
     </span>
    </p>
   </div>
   <div class='ocr_carea' id='block_1_34' title="bbox 301 3213 1953 3307">
    <p class='ocr_par' dir='ltr' id='par_1_34' title="bbox 301 3213 1953 3307">
     <span class='ocr_line' id='line_1_34' title="bbox 301 3213 1953 3307; baseline 0.007 -43"><span class='ocrx_word' id='word_1_243' title='bbox 301 3214 467 3266; x_wconf 77' lang='grc' dir='ltr'>παντὶ</span> <span class='ocrx_word' id='word_1_244' title='bbox 510 3213 688 3285; x_wconf 78' lang='grc' dir='ltr'>καιρῷ</span> <span class='ocrx_word' id='word_1_245' title='bbox 718 3214 779 3268; x_wconf 84' lang='grc' dir='ltr'><strong>τὸ</strong></span> <span class='ocrx_word' id='word_1_246' title='bbox 823 3215 1038 3287; x_wconf 85' lang='grc' dir='ltr'>καίριον</span> <span class='ocrx_word' id='word_1_247' title='bbox 1069 3214 1300 3284; x_wconf 75' lang='grc' dir='ltr'>ἔνεστιν,</span> <span class='ocrx_word' id='word_1_248' title='bbox 1331 3216 1445 3271; x_wconf 77' lang='grc' dir='ltr'>οὔτ’</span> <span class='ocrx_word' id='word_1_249' title='bbox 1479 3216 1548 3273; x_wconf 81' lang='grc' dir='ltr'>αὖ</span> <span class='ocrx_word' id='word_1_250' title='bbox 1602 3222 1772 3275; x_wconf 74' lang='grc' dir='ltr'>παντὶ</span> <span class='ocrx_word' id='word_1_251' title='bbox 1806 3223 1883 3292; x_wconf 80' lang='grc' dir='ltr'><strong>τῷ</strong></span> <span class='ocrx_word' id='word_1_252' title='bbox 1907 3243 1953 3307; x_wconf 77' lang='lat' dir='ltr'><strong><em>C</em></strong></span> 
     </span>
    </p>
   </div>
   <div class='ocr_carea' id='block_1_35' title="bbox 302 3304 1879 3381">
    <p class='ocr_par' dir='ltr' id='par_1_35' title="bbox 302 3304 1879 3381">
     <span class='ocr_line' id='line_1_35' title="bbox 302 3304 1879 3381; baseline 0.007 -24"><span class='ocrx_word' id='word_1_253' title='bbox 302 3304 616 3376; x_wconf 82' lang='grc' dir='ltr'>βουλομένῳ</span> <span class='ocrx_word' id='word_1_254' title='bbox 669 3309 941 3378; x_wconf 76' lang='grc' dir='ltr'>προσήκει</span> <span class='ocrx_word' id='word_1_255' title='bbox 994 3309 1252 3380; x_wconf 85' lang='grc' dir='ltr'>πανταχῆ</span> <span class='ocrx_word' id='word_1_256' title='bbox 1296 3310 1359 3363; x_wconf 81' lang='grc' dir='ltr'><strong>τὸ</strong></span> <span class='ocrx_word' id='word_1_257' title='bbox 1403 3311 1733 3381; x_wconf 77' lang='grc' dir='ltr'>βούλεσθαιο</span> <span class='ocrx_word' id='word_1_258' title='bbox 1761 3316 1879 3368; x_wconf 84' lang='grc' dir='ltr'>ἀλλ’</span> 
     </span>
    </p>
   </div>
   <div class='ocr_carea' id='block_1_36' title="bbox 300 3398 1885 3475">
    <p class='ocr_par' dir='ltr' id='par_1_36' title="bbox 300 3398 1885 3475">
     <span class='ocr_line' id='line_1_36' title="bbox 300 3398 1885 3475; baseline 0.006 -25"><span class='ocrx_word' id='word_1_259' title='bbox 300 3398 418 3451; x_wconf 78' lang='grc' dir='ltr'>ἐστι</span> <span class='ocrx_word' id='word_1_260' title='bbox 447 3401 539 3451; x_wconf 69' lang='grc' dir='ltr'><strong>καὶ</strong></span> <span class='ocrx_word' id='word_1_261' title='bbox 567 3399 758 3469; x_wconf 82' lang='grc' dir='ltr'>καιρὸς</span> <span class='ocrx_word' id='word_1_262' title='bbox 789 3399 1052 3471; x_wconf 80' lang='grc' dir='ltr'>ἀκαιρίας</span> <span class='ocrx_word' id='word_1_263' title='bbox 1087 3402 1277 3470; x_wconf 84' lang='grc' dir='ltr'>γέμων</span> <span class='ocrx_word' id='word_1_264' title='bbox 1299 3402 1396 3457; x_wconf 70' lang='grc' dir='ltr'><strong>καὶ</strong></span> <span class='ocrx_word' id='word_1_265' title='bbox 1432 3401 1689 3475; x_wconf 89' lang='grc' dir='ltr'>βούλησις</span> <span class='ocrx_word' id='word_1_266' title='bbox 1720 3405 1885 3459; x_wconf 79' lang='grc' dir='ltr'>ἀϐου-</span> 
     </span>
    </p>
   </div>
   <div class='ocr_carea' id='block_1_37' title="bbox 301 3486 1967 3562">
    <p class='ocr_par' dir='ltr' id='par_1_37' title="bbox 301 3486 1967 3562">
     <span class='ocr_line' id='line_1_37' title="bbox 301 3486 1967 3562; baseline 0.005 -22"><span class='ocrx_word' id='word_1_267' title='bbox 301 3489 424 3550; x_wconf 85' lang='grc' dir='ltr'>λίας</span> <span class='ocrx_word' id='word_1_268' title='bbox 450 3488 712 3551; x_wconf 81' lang='grc' dir='ltr'>πολλάκις</span> <span class='ocrx_word' id='word_1_269' title='bbox 745 3492 941 3560; x_wconf 83' lang='grc' dir='ltr'>μεστή.</span> <span class='ocrx_word' id='word_1_270' title='bbox 985 3488 1125 3542; x_wconf 85' lang='grc' dir='ltr'>Ἀλλ’</span> <span class='ocrx_word' id='word_1_271' title='bbox 1158 3486 1253 3543; x_wconf 78' lang='grc' dir='ltr'><strong>οὖν</strong></span> <span class='ocrx_word' id='word_1_272' title='bbox 1287 3490 1480 3562; x_wconf 73' lang='grc' dir='ltr'>ἐπειδὴ</span> <span class='ocrx_word' id='word_1_273' title='bbox 1527 3491 1708 3546; x_wconf 81' lang='grc' dir='ltr'>ταῦτα</span> <span class='ocrx_word' id='word_1_274' title='bbox 1754 3509 1887 3562; x_wconf 81' lang='grc' dir='ltr'>συγ·</span> <span class='ocrx_word' id='word_1_275' title='bbox 1954 3526 1967 3562; x_wconf 59' lang='grc' dir='ltr'><strong>κ</strong></span> 
     </span>
    </p>
   </div>
   <div class='ocr_carea' id='block_1_38' title="bbox 298 3577 1880 3657">
    <p class='ocr_par' dir='ltr' id='par_1_38' title="bbox 298 3577 1880 3657">
     <span class='ocr_line' id='line_1_38' title="bbox 298 3577 1880 3657; baseline 0.004 -22"><span class='ocrx_word' id='word_1_276' title='bbox 298 3580 552 3653; x_wconf 75' lang='grc' dir='ltr'>χωρητέα</span> <span class='ocrx_word' id='word_1_277' title='bbox 574 3582 723 3646; x_wconf 83' lang='grc' dir='ltr'>ὅπως</span> <span class='ocrx_word' id='word_1_278' title='bbox 747 3583 884 3635; x_wconf 72' lang='grc' dir='ltr'>ποτὲ</span> <span class='ocrx_word' id='word_1_279' title='bbox 909 3581 1092 3649; x_wconf 73' lang='grc' dir='ltr'>ἔδοξεν</span> <span class='ocrx_word' id='word_1_280' title='bbox 1115 3577 1254 3637; x_wconf 76' lang='grc' dir='ltr'>εἶναι</span> <span class='ocrx_word' id='word_1_281' title='bbox 1278 3584 1432 3653; x_wconf 83' lang='grc' dir='ltr'>ἡμῖν,</span> <span class='ocrx_word' id='word_1_282' title='bbox 1457 3584 1605 3650; x_wconf 74' lang='grc' dir='ltr'>ἅπαξ</span> <span class='ocrx_word' id='word_1_283' title='bbox 1638 3586 1705 3639; x_wconf 80' lang='grc' dir='ltr'>τὰ</span> <span class='ocrx_word' id='word_1_284' title='bbox 1740 3584 1880 3657; x_wconf 85' lang='grc' dir='ltr'>βάρη</span> 
     </span>
    </p>
   </div>
   <div class='ocr_carea' id='block_1_39' title="bbox 297 3673 1884 3748">
    <p class='ocr_par' dir='ltr' id='par_1_39' title="bbox 297 3673 1884 3748">
     <span class='ocr_line' id='line_1_39' title="bbox 297 3673 1884 3748; baseline 0.003 -21"><span class='ocrx_word' id='word_1_285' title='bbox 297 3673 671 3728; x_wconf 78' lang='grc' dir='ltr'>τῶντοιούτων</span> <span class='ocrx_word' id='word_1_286' title='bbox 686 3676 846 3730; x_wconf 84' lang='grc' dir='ltr'>ὁποῖά</span> <span class='ocrx_word' id='word_1_287' title='bbox 859 3692 923 3743; x_wconf 85' lang='grc' dir='ltr'><strong>γε</strong></span> <span class='ocrx_word' id='word_1_288' title='bbox 945 3674 1031 3743; x_wconf 71' lang='grc' dir='ltr'><strong>εἴη</strong></span> <span class='ocrx_word' id='word_1_289' title='bbox 1052 3673 1380 3748; x_wconf 86' lang='grc' dir='ltr'>προσίεσθαι</span> <span class='ocrx_word' id='word_1_290' title='bbox 1402 3677 1758 3748; x_wconf 58' lang='grc' dir='ltr'>προθεμένοιε</span> <span class='ocrx_word' id='word_1_291' title='bbox 1785 3676 1884 3732; x_wconf 73' lang='grc' dir='ltr'>καὶ</span> 
     </span>
    </p>
   </div>
   <div class='ocr_carea' id='block_1_40' title="bbox 298 3766 1883 3839">
    <p class='ocr_par' dir='ltr' id='par_1_40' title="bbox 298 3766 1883 3839">
     <span class='ocr_line' id='line_1_40' title="bbox 298 3766 1883 3839; baseline 0.003 -20"><span class='ocrx_word' id='word_1_292' title='bbox 298 3766 622 3837; x_wconf 67' lang='grc' dir='ltr'>χαρίζεσθαί</span> <span class='ocrx_word' id='word_1_293' title='bbox 668 3783 851 3836; x_wconf 89' lang='grc' dir='ltr'>σφισιν</span> <span class='ocrx_word' id='word_1_294' title='bbox 881 3768 1081 3822; x_wconf 83' lang='grc' dir='ltr'>ὁπόσον</span> <span class='ocrx_word' id='word_1_295' title='bbox 1104 3768 1166 3821; x_wconf 83' lang='grc' dir='ltr'>τὸ</span> <span class='ocrx_word' id='word_1_296' title='bbox 1201 3769 1426 3838; x_wconf 75' lang='grc' dir='ltr'>ἐφικτὸν</span> <span class='ocrx_word' id='word_1_297' title='bbox 1453 3768 1743 3839; x_wconf 72' lang='grc' dir='ltr'>ἐπεφύκει,</span> <span class='ocrx_word' id='word_1_298' title='bbox 1768 3767 1883 3823; x_wconf 78' lang='grc' dir='ltr'>οὔτ’</span> 
     </span>
    </p>
   </div>
   <div class='ocr_carea' id='block_1_41' title="bbox 301 3859 1882 3934">
    <p class='ocr_par' dir='ltr' id='par_1_41' title="bbox 301 3859 1882 3934">
     <span class='ocr_line' id='line_1_41' title="bbox 301 3859 1882 3934; baseline 0 -19"><span class='ocrx_word' id='word_1_299' title='bbox 301 3863 474 3928; x_wconf 76' lang='grc' dir='ltr'>ἀκοὴν</span> <span class='ocrx_word' id='word_1_300' title='bbox 497 3861 682 3925; x_wconf 80' lang='grc' dir='ltr'>αὐτοῖς</span> <span class='ocrx_word' id='word_1_301' title='bbox 739 3859 865 3914; x_wconf 82' lang='grc' dir='ltr'>οὔτε</span> <span class='ocrx_word' id='word_1_302' title='bbox 891 3861 1147 3930; x_wconf 83' lang='grc' dir='ltr'>γλῶτταν</span> <span class='ocrx_word' id='word_1_303' title='bbox 1187 3860 1692 3933; x_wconf 84' lang='grc' dir='ltr'>ἀπεκλείσαμεν·[Ρ</span> <span class='ocrx_word' id='word_1_304' title='bbox 1722 3859 1882 3934; x_wconf 74' lang='lat'><strong>.276]</strong></span> 
     </span>
    </p>
   </div>
   <div class='ocr_carea' id='block_1_42' title="bbox 298 3953 1880 4026">
    <p class='ocr_par' dir='ltr' id='par_1_42' title="bbox 298 3953 1880 4026">
     <span class='ocr_line' id='line_1_42' title="bbox 298 3953 1880 4026; baseline 0.001 -18"><span class='ocrx_word' id='word_1_305' title='bbox 298 3954 440 4008; x_wconf 82' lang='grc' dir='ltr'>ἀλλὰ</span> <span class='ocrx_word' id='word_1_306' title='bbox 480 3953 727 4025; x_wconf 77' lang='grc' dir='ltr'>μετρίοις</span> <span class='ocrx_word' id='word_1_307' title='bbox 754 3954 1004 4026; x_wconf 66' lang='grc' dir='ltr'>ἠλέγχοις</span> <span class='ocrx_word' id='word_1_308' title='bbox 1035 3953 1188 4017; x_wconf 76' lang='grc' dir='ltr'>ἔστιν</span> <span class='ocrx_word' id='word_1_309' title='bbox 1247 3954 1285 4010; x_wconf 78' lang='grc' dir='ltr'><strong>ἃ</strong></span> <span class='ocrx_word' id='word_1_310' title='bbox 1338 3955 1448 4009; x_wconf 84' lang='grc' dir='ltr'><strong>τῶν</strong></span> <span class='ocrx_word' id='word_1_311' title='bbox 1508 3954 1880 4026; x_wconf 81' lang='grc' dir='ltr'>γραφομένων</span> 
     </span>
    </p>
   </div>
   <div class='ocr_carea' id='block_1_43' title="bbox 299 4046 1882 4119">
    <p class='ocr_par' dir='ltr' id='par_1_43' title="bbox 299 4046 1882 4119">
     <span class='ocr_line' id='line_1_43' title="bbox 299 4046 1882 4119; baseline 0 -19"><span class='ocrx_word' id='word_1_312' title='bbox 299 4046 680 4118; x_wconf 74' lang='grc' dir='ltr'>ἠμειψάμεθα.</span> <span class='ocrx_word' id='word_1_313' title='bbox 727 4048 840 4102; x_wconf 80' lang='grc' dir='ltr'><strong>Καὶ</strong></span> <span class='ocrx_word' id='word_1_314' title='bbox 880 4047 1117 4111; x_wconf 76' lang='grc' dir='ltr'>ὁπόσους</span> <span class='ocrx_word' id='word_1_315' title='bbox 1144 4046 1206 4100; x_wconf 87' lang='grc' dir='ltr'><strong>τό</strong></span> <span class='ocrx_word' id='word_1_316' title='bbox 1241 4064 1301 4101; x_wconf 89' lang='grc' dir='ltr'><strong>τε</strong></span> <span class='ocrx_word' id='word_1_317' title='bbox 1366 4048 1583 4119; x_wconf 90' lang='grc' dir='ltr'>καίριον</span> <span class='ocrx_word' id='word_1_318' title='bbox 1613 4051 1670 4111; x_wconf 80' lang='grc' dir='ltr'>ἐς</span> <span class='ocrx_word' id='word_1_319' title='bbox 1698 4048 1762 4100; x_wconf 83' lang='grc' dir='ltr'>τὸ</span> <span class='ocrx_word' id='word_1_320' title='bbox 1781 4050 1882 4118; x_wconf 81' lang='grc' dir='ltr'><strong>τῆς</strong></span> 
     </span>
    </p>
   </div>
   <div class='ocr_carea' id='block_1_44' title="bbox 305 4133 1882 4208">
    <p class='ocr_par' dir='ltr' id='par_1_44' title="bbox 305 4133 1882 4208">
     <span class='ocr_line' id='line_1_44' title="bbox 305 4133 1882 4208; baseline -0.001 -17"><span class='ocrx_word' id='word_1_321' title='bbox 305 4138 618 4208; x_wconf 76' lang='grc' dir='ltr'>ἀσφαλείας</span> <span class='ocrx_word' id='word_1_322' title='bbox 644 4140 895 4207; x_wconf 83' lang='grc' dir='ltr'>μουσεῖον</span> <span class='ocrx_word' id='word_1_323' title='bbox 918 4137 1363 4207; x_wconf 83' lang='grc' dir='ltr'>ὲπαιδαγώγησε,</span> <span class='ocrx_word' id='word_1_324' title='bbox 1388 4136 1481 4190; x_wconf 69' lang='grc' dir='ltr'>καὶ</span> <span class='ocrx_word' id='word_1_325' title='bbox 1502 4137 1610 4201; x_wconf 84' lang='grc' dir='ltr'><strong>πᾶς</strong></span> <span class='ocrx_word' id='word_1_326' title='bbox 1629 4154 1714 4201; x_wconf 91' lang='grc' dir='ltr'><strong>τις</strong></span> <span class='ocrx_word' id='word_1_327' title='bbox 1727 4133 1882 4204; x_wconf 84' lang='grc' dir='ltr'>οἶμαι</span> 
     </span>
    </p>
   </div>
   <div class='ocr_carea' id='block_1_45' title="bbox 302 4226 1882 4300">
    <p class='ocr_par' dir='ltr' id='par_1_45' title="bbox 302 4226 1882 4300">
     <span class='ocr_line' id='line_1_45' title="bbox 302 4226 1882 4300; baseline -0.002 -18"><span class='ocrx_word' id='word_1_328' title='bbox 302 4228 696 4299; x_wconf 75' lang='grc' dir='ltr'>ἀκηκοὼςοὺκ</span> <span class='ocrx_word' id='word_1_329' title='bbox 728 4228 794 4284; x_wconf 79' lang='grc' dir='ltr'><strong>ἂν</strong></span> <span class='ocrx_word' id='word_1_330' title='bbox 827 4229 960 4298; x_wconf 78' lang='grc' dir='ltr'>ἡμῖν</span> <span class='ocrx_word' id='word_1_331' title='bbox 1017 4227 1315 4300; x_wconf 77' lang='grc' dir='ltr'>μέμψαιτο.</span> <span class='ocrx_word' id='word_1_332' title='bbox 1350 4227 1461 4281; x_wconf 71' lang='grc' dir='ltr'>Καὶ</span> <span class='ocrx_word' id='word_1_333' title='bbox 1499 4228 1567 4281; x_wconf 80' lang='grc' dir='ltr'>τὰ</span> <span class='ocrx_word' id='word_1_334' title='bbox 1609 4228 1710 4297; x_wconf 80' lang='grc' dir='ltr'>μὲν</span> <span class='ocrx_word' id='word_1_335' title='bbox 1745 4226 1882 4280; x_wconf 74' lang='grc' dir='ltr'>ἄλλα</span> 
     </span>
    </p>
   </div>
   <div class='ocr_carea' id='block_1_46' title="bbox 300 4320 1881 4393">
    <p class='ocr_par' dir='ltr' id='par_1_46' title="bbox 300 4320 1881 4393">
     <span class='ocr_line' id='line_1_46' title="bbox 300 4320 1881 4393; baseline -0.003 -18"><span class='ocrx_word' id='word_1_336' title='bbox 300 4322 412 4375; x_wconf 84' lang='grc' dir='ltr'><strong>τῶν</strong></span> <span class='ocrx_word' id='word_1_337' title='bbox 432 4320 797 4393; x_wconf 79' lang='grc' dir='ltr'>γραφομένων</span> <span class='ocrx_word' id='word_1_338' title='bbox 815 4321 1106 4391; x_wconf 74' lang='grc' dir='ltr'>ἀπόρρητα</span> <span class='ocrx_word' id='word_1_339' title='bbox 1131 4320 1348 4373; x_wconf 82' lang='grc' dir='ltr'>κεῖσθαι</span> <span class='ocrx_word' id='word_1_340' title='bbox 1371 4321 1707 4390; x_wconf 72' lang='grc' dir='ltr'>παρήκαμεν</span> <span class='ocrx_word' id='word_1_341' title='bbox 1721 4321 1881 4384; x_wconf 83' lang='grc' dir='ltr'>τέως,</span> 
     </span>
    </p>
   </div>
   <div class='ocr_carea' id='block_1_47' title="bbox 300 4410 1881 4483">
    <p class='ocr_par' dir='ltr' id='par_1_47' title="bbox 300 4410 1881 4483">
     <span class='ocr_line' id='line_1_47' title="bbox 300 4410 1881 4483; baseline -0.001 -16"><span class='ocrx_word' id='word_1_342' title='bbox 300 4415 561 4483; x_wconf 79' lang='grc' dir='ltr'>ἀκαιρίας</span> <span class='ocrx_word' id='word_1_343' title='bbox 594 4413 671 4478; x_wconf 86' lang='grc' dir='ltr'>ὡς</span> <span class='ocrx_word' id='word_1_344' title='bbox 700 4412 768 4466; x_wconf 77' lang='grc' dir='ltr'><strong>τά</strong></span> <span class='ocrx_word' id='word_1_345' title='bbox 813 4413 989 4467; x_wconf 70' lang='grc' dir='ltr'>πολλὰ</span> <span class='ocrx_word' id='word_1_346' title='bbox 1025 4413 1478 4483; x_wconf 84' lang='grc' dir='ltr'>κατορχουμένης</span> <span class='ocrx_word' id='word_1_347' title='bbox 1525 4410 1707 4466; x_wconf 80' lang='grc' dir='ltr'>αὐτῶν</span> <span class='ocrx_word' id='word_1_348' title='bbox 1737 4412 1881 4466; x_wconf 85' lang='grc' dir='ltr'>πάνυ</span> 
     </span>
    </p>
   </div>
   <div class='ocr_carea' id='block_1_48' title="bbox 298 4503 1879 4579">
    <p class='ocr_par' dir='ltr' id='par_1_48' title="bbox 298 4503 1879 4579">
     <span class='ocr_line' id='line_1_48' title="bbox 298 4503 1879 4579; baseline -0.002 -18"><span class='ocrx_word' id='word_1_349' title='bbox 298 4525 382 4561; x_wconf 88' lang='grc' dir='ltr'><strong>τοι</strong></span> <span class='ocrx_word' id='word_1_350' title='bbox 435 4508 701 4579; x_wconf 74' lang='grc' dir='ltr'>φορτικῆς</span> <span class='ocrx_word' id='word_1_351' title='bbox 740 4507 836 4560; x_wconf 79' lang='grc' dir='ltr'>καὶ</span> <span class='ocrx_word' id='word_1_352' title='bbox 897 4505 1158 4576; x_wconf 83' lang='grc' dir='ltr'><strong>ματαίας⁹</strong></span> <span class='ocrx_word' id='word_1_353' title='bbox 1213 4503 1251 4560; x_wconf 81' lang='lat' dir='ltr'><strong>a</strong></span> <span class='ocrx_word' id='word_1_354' title='bbox 1297 4505 1445 4569; x_wconf 82' lang='grc' dir='ltr'>δ’ὡς</span> <span class='ocrx_word' id='word_1_355' title='bbox 1495 4506 1552 4557; x_wconf 78' lang='grc' dir='ltr'>ὲν</span> <span class='ocrx_word' id='word_1_356' title='bbox 1587 4505 1879 4574; x_wconf 77' lang='grc' dir='ltr'>ἐπιστολῆς</span> 
     </span>
    </p>
   </div>
   <div class='ocr_carea' id='block_1_49' title="bbox 2005 637 3589 710">
    <p class='ocr_par' dir='ltr' id='par_1_49' title="bbox 2005 637 3589 710">
     <span class='ocr_line' id='line_1_49' title="bbox 2005 637 3589 710; baseline 0.003 -20"><span class='ocrx_word' id='word_1_357' title='bbox 2005 637 2227 705; x_wconf 82' lang='lat' dir='ltr'><strong>quidvis</strong></span> <span class='ocrx_word' id='word_1_358' title='bbox 2266 639 2387 693; x_wconf 87' lang='lat' dir='ltr'><strong>sine</strong></span> <span class='ocrx_word' id='word_1_359' title='bbox 2428 640 2662 694; x_wconf 88' lang='lat' dir='ltr'><strong>consilio</strong></span> <span class='ocrx_word' id='word_1_360' title='bbox 2699 641 3114 710; x_wconf 83' lang='lat' dir='ltr'><strong>suscipiendum</strong></span> <span class='ocrx_word' id='word_1_361' title='bbox 3169 640 3385 705; x_wconf 86' lang='lat' dir='ltr'><strong>incitat,</strong></span> <span class='ocrx_word' id='word_1_362' title='bbox 3432 657 3589 710; x_wconf 71' lang='lat' dir='ltr'><strong>qum-</strong></span> 
     </span>
    </p>
   </div>
   <div class='ocr_carea' id='block_1_50' title="bbox 2003 727 3579 800">
    <p class='ocr_par' dir='ltr' id='par_1_50' title="bbox 2003 727 3579 800">
     <span class='ocr_line' id='line_1_50' title="bbox 2003 727 3579 800; baseline 0.003 -19"><span class='ocrx_word' id='word_1_363' title='bbox 2003 742 2222 797; x_wconf 85' lang='lat' dir='ltr'><strong>cunque</strong></span> <span class='ocrx_word' id='word_1_364' title='bbox 2262 727 2477 785; x_wconf 82' lang='lat' dir='ltr'><strong>levibus</strong></span> <span class='ocrx_word' id='word_1_365' title='bbox 2499 744 2691 784; x_wconf 89' lang='lat' dir='ltr'><strong>eorum</strong></span> <span class='ocrx_word' id='word_1_366' title='bbox 2737 731 2938 785; x_wconf 87' lang='lat' dir='ltr'><strong>animis</strong></span> <span class='ocrx_word' id='word_1_367' title='bbox 2972 731 3230 800; x_wconf 76' lang='lat' dir='ltr'><strong>cogitatio</strong></span> <span class='ocrx_word' id='word_1_368' title='bbox 3267 732 3579 786; x_wconf 83' lang='lat' dir='ltr'><strong>oboriatur.</strong></span> 
     </span>
    </p>
   </div>
   <div class='ocr_carea' id='block_1_51' title="bbox 2001 818 3679 892">
    <p class='ocr_par' dir='ltr' id='par_1_51' title="bbox 2001 818 3679 892">
     <span class='ocr_line' id='line_1_51' title="bbox 2001 818 3679 892; baseline 0.002 -19"><span class='ocrx_word' id='word_1_369' title='bbox 2001 818 2082 874; x_wconf 84' lang='lat' dir='ltr'><strong>Ad</strong></span> <span class='ocrx_word' id='word_1_370' title='bbox 2113 835 2206 875; x_wconf 78' lang='lat' dir='ltr'><strong>eas</strong></span> <span class='ocrx_word' id='word_1_371' title='bbox 2238 822 2620 892; x_wconf 83' lang='lat' dir='ltr'><strong>coarguendas</strong></span> <span class='ocrx_word' id='word_1_372' title='bbox 2649 829 2706 876; x_wconf 91' lang='lat' dir='ltr'><strong>et</strong></span> <span class='ocrx_word' id='word_1_373' title='bbox 2738 821 3057 876; x_wconf 81' lang='lat' dir='ltr'><strong>refulaudas</strong></span> <span class='ocrx_word' id='word_1_374' title='bbox 3094 823 3318 892; x_wconf 80' lang='lat' dir='ltr'><strong>plurimi</strong></span> <span class='ocrx_word' id='word_1_375' title='bbox 3348 838 3418 877; x_wconf 78' lang='lat' dir='ltr'><strong>ex</strong></span> <span class='ocrx_word' id='word_1_376' title='bbox 3447 824 3588 876; x_wconf 82' lang='lat' dir='ltr'><strong>ami-</strong></span> <span class='ocrx_word' id='word_1_377' title='bbox 3675 819 3679 825; x_wconf 82' lang='grc'><em>’</em></span> 
     </span>
    </p>
   </div>
   <div class='ocr_carea' id='block_1_52' title="bbox 2001 911 3588 983">
    <p class='ocr_par' dir='ltr' id='par_1_52' title="bbox 2001 911 3588 983">
     <span class='ocr_line' id='line_1_52' title="bbox 2001 911 3588 983; baseline 0.003 -18"><span class='ocrx_word' id='word_1_378' title='bbox 2001 911 2083 966; x_wconf 90' lang='lat' dir='ltr'><strong>eis</strong></span> <span class='ocrx_word' id='word_1_379' title='bbox 2115 926 2205 967; x_wconf 92' lang='lat' dir='ltr'><strong>me</strong></span> <span class='ocrx_word' id='word_1_380' title='bbox 2236 912 2439 967; x_wconf 90' lang='lat' dir='ltr'><strong>hortati</strong></span> <span class='ocrx_word' id='word_1_381' title='bbox 2477 920 2606 969; x_wconf 91' lang='lat' dir='ltr'><strong>sunt</strong></span> <span class='ocrx_word' id='word_1_382' title='bbox 2639 931 2654 968; x_wconf 87' lang='lat'><strong>:</strong></span> <span class='ocrx_word' id='word_1_383' title='bbox 2707 928 2815 983; x_wconf 87' lang='lat' dir='ltr'><strong>qua</strong></span> <span class='ocrx_word' id='word_1_384' title='bbox 2869 922 3053 968; x_wconf 84' lang='lat' dir='ltr'><strong>mente</strong></span> <span class='ocrx_word' id='word_1_385' title='bbox 3100 915 3319 983; x_wconf 81' lang='lat' dir='ltr'><strong>nescio;</strong></span> <span class='ocrx_word' id='word_1_386' title='bbox 3357 916 3494 978; x_wconf 83' lang='lat' dir='ltr'><strong>sive,</strong></span> <span class='ocrx_word' id='word_1_387' title='bbox 3528 924 3588 969; x_wconf 89' lang='lat' dir='ltr'><strong>ut</strong></span> 
     </span>
    </p>
   </div>
   <div class='ocr_carea' id='block_1_53' title="bbox 1994 1005 3585 1078">
    <p class='ocr_par' dir='ltr' id='par_1_53' title="bbox 1994 1005 3585 1078">
     <span class='ocr_line' id='line_1_53' title="bbox 1994 1005 3585 1078; baseline 0.004 -21"><span class='ocrx_word' id='word_1_388' title='bbox 1994 1005 2271 1060; x_wconf 85' lang='lat' dir='ltr'><strong>curriculi</strong></span> <span class='ocrx_word' id='word_1_389' title='bbox 2299 1005 2572 1078; x_wconf 87' lang='lat' dir='ltr'><strong>Olympici</strong></span> <span class='ocrx_word' id='word_1_390' title='bbox 2603 1008 2828 1062; x_wconf 79' lang='lat' dir='ltr'><strong>athletae</strong></span> <span class='ocrx_word' id='word_1_391' title='bbox 2861 1023 3034 1076; x_wconf 86' lang='lat' dir='ltr'><strong>equos</strong></span> <span class='ocrx_word' id='word_1_392' title='bbox 3075 1009 3142 1063; x_wconf 91' lang='lat' dir='ltr'><strong>ad</strong></span> <span class='ocrx_word' id='word_1_393' title='bbox 3176 1018 3452 1063; x_wconf 81' lang='lat' dir='ltr'><strong>certamen</strong></span> <span class='ocrx_word' id='word_1_394' title='bbox 3483 1007 3585 1063; x_wconf 82' lang='lat' dir='ltr'><strong>de-</strong></span> 
     </span>
    </p>
   </div>
   <div class='ocr_carea' id='block_1_54' title="bbox 2001 1096 3583 1170">
    <p class='ocr_par' dir='ltr' id='par_1_54' title="bbox 2001 1096 3583 1170">
     <span class='ocr_line' id='line_1_54' title="bbox 2001 1096 3583 1170; baseline 0.002 -21"><span class='ocrx_word' id='word_1_395' title='bbox 2001 1096 2238 1151; x_wconf 85' lang='lat' dir='ltr'><strong>stinatos</strong></span> <span class='ocrx_word' id='word_1_396' title='bbox 2266 1099 2438 1152; x_wconf 85' lang='lat' dir='ltr'><strong>variis</strong></span> <span class='ocrx_word' id='word_1_397' title='bbox 2483 1098 2538 1152; x_wconf 92' lang='lat' dir='ltr'><strong>in</strong></span> <span class='ocrx_word' id='word_1_398' title='bbox 2574 1100 2785 1169; x_wconf 78' lang='lat' dir='ltr'><strong>campis</strong></span> <span class='ocrx_word' id='word_1_399' title='bbox 2821 1100 3001 1154; x_wconf 84' lang='lat' dir='ltr'><strong>solent</strong></span> <span class='ocrx_word' id='word_1_400' title='bbox 3039 1102 3265 1170; x_wconf 86' lang='lat' dir='ltr'><strong>agitare,</strong></span> <span class='ocrx_word' id='word_1_401' title='bbox 3314 1103 3387 1154; x_wconf 88' lang='lat' dir='ltr'><strong>ita</strong></span> <span class='ocrx_word' id='word_1_402' title='bbox 3418 1102 3583 1156; x_wconf 87' lang='lat' dir='ltr'><strong>etiam</strong></span> 
     </span>
    </p>
   </div>
   <div class='ocr_carea' id='block_1_55' title="bbox 2001 1186 3585 1261">
    <p class='ocr_par' dir='ltr' id='par_1_55' title="bbox 2001 1186 3585 1261">
     <span class='ocr_line' id='line_1_55' title="bbox 2001 1186 3585 1261; baseline 0.003 -20"><span class='ocrx_word' id='word_1_403' title='bbox 2001 1187 2057 1242; x_wconf 91' lang='lat' dir='ltr'><strong>hi</strong></span> <span class='ocrx_word' id='word_1_404' title='bbox 2103 1189 2250 1244; x_wconf 83' lang='lat' dir='ltr'><strong>vires</strong></span> <span class='ocrx_word' id='word_1_405' title='bbox 2286 1205 2435 1245; x_wconf 89' lang='lat' dir='ltr'><strong>meas</strong></span> <span class='ocrx_word' id='word_1_406' title='bbox 2478 1186 2778 1261; x_wconf 85' lang='lat' dir='ltr'><strong>periclitari</strong></span> <span class='ocrx_word' id='word_1_407' title='bbox 2829 1192 3144 1258; x_wconf 88' lang='lat' dir='ltr'><strong>voluerint;</strong></span> <span class='ocrx_word' id='word_1_408' title='bbox 3204 1193 3320 1246; x_wconf 89' lang='lat' dir='ltr'><strong>sive</strong></span> <span class='ocrx_word' id='word_1_409' title='bbox 3371 1192 3585 1261; x_wconf 83' lang='lat' dir='ltr'><strong>aliquid</strong></span> 
     </span>
    </p>
   </div>
   <div class='ocr_carea' id='block_1_56' title="bbox 1998 1280 3582 1353">
    <p class='ocr_par' dir='ltr' id='par_1_56' title="bbox 1998 1280 3582 1353">
     <span class='ocr_line' id='line_1_56' title="bbox 1998 1280 3582 1353; baseline 0.002 -18"><span class='ocrx_word' id='word_1_410' title='bbox 1998 1280 2128 1335; x_wconf 89' lang='lat' dir='ltr'><strong>inde</strong></span> <span class='ocrx_word' id='word_1_411' title='bbox 2164 1282 2460 1351; x_wconf 82' lang='lat' dir='ltr'><strong>voluptatis</strong></span> <span class='ocrx_word' id='word_1_412' title='bbox 2488 1284 2598 1337; x_wconf 86' lang='lat' dir='ltr'><strong>sibi</strong></span> <span class='ocrx_word' id='word_1_413' title='bbox 2647 1285 2781 1352; x_wconf 89' lang='lat' dir='ltr'><strong>ipsis</strong></span> <span class='ocrx_word' id='word_1_414' title='bbox 2824 1285 3188 1353; x_wconf 81' lang='lat' dir='ltr'><strong>captaverint.</strong></span> <span class='ocrx_word' id='word_1_415' title='bbox 3236 1285 3391 1338; x_wconf 82' lang='lat' dir='ltr'><strong>Nulla</strong></span> <span class='ocrx_word' id='word_1_416' title='bbox 3434 1286 3582 1339; x_wconf 84' lang='lat' dir='ltr'><strong>enim</strong></span> 
     </span>
    </p>
   </div>
   <div class='ocr_carea' id='block_1_57' title="bbox 1997 1374 3582 1442">
    <p class='ocr_par' dir='ltr' id='par_1_57' title="bbox 1997 1374 3582 1442">
     <span class='ocr_line' id='line_1_57' title="bbox 1997 1374 3582 1442; baseline 0.003 -18"><span class='ocrx_word' id='word_1_417' title='bbox 1997 1386 2087 1425; x_wconf 81' lang='lat' dir='ltr'><strong>res</strong></span> <span class='ocrx_word' id='word_1_418' title='bbox 2119 1382 2224 1435; x_wconf 91' lang='lat' dir='ltr'><strong>est,</strong></span> <span class='ocrx_word' id='word_1_419' title='bbox 2250 1388 2373 1442; x_wconf 70' lang='lat' dir='ltr'><strong>qua:</strong></span> <span class='ocrx_word' id='word_1_420' title='bbox 2403 1374 2647 1427; x_wconf 88' lang='lat' dir='ltr'><strong>animum</strong></span> <span class='ocrx_word' id='word_1_421' title='bbox 2682 1375 2757 1429; x_wconf 88' lang='lat' dir='ltr'><strong>ita</strong></span> <span class='ocrx_word' id='word_1_422' title='bbox 2789 1376 3046 1439; x_wconf 66' lang='lat' dir='ltr'><strong>deli-etet,</strong></span> <span class='ocrx_word' id='word_1_423' title='bbox 3076 1383 3134 1429; x_wconf 91' lang='lat' dir='ltr'><strong>ut</strong></span> <span class='ocrx_word' id='word_1_424' title='bbox 3165 1374 3351 1430; x_wconf 83' lang='lat' dir='ltr'><strong>videre</strong></span> <span class='ocrx_word' id='word_1_425' title='bbox 3383 1385 3438 1430; x_wconf 89' lang='lat' dir='ltr'><strong>et</strong></span> <span class='ocrx_word' id='word_1_426' title='bbox 3479 1392 3582 1428; x_wconf 88' lang='lat' dir='ltr'><strong>au-</strong></span> 
     </span>
    </p>
   </div>
   <div class='ocr_carea' id='block_1_58' title="bbox 1996 1463 3581 1536">
    <p class='ocr_par' dir='ltr' id='par_1_58' title="bbox 1996 1463 3581 1536">
     <span class='ocr_line' id='line_1_58' title="bbox 1996 1463 3581 1536; baseline 0.004 -19"><span class='ocrx_word' id='word_1_427' title='bbox 1996 1463 2119 1518; x_wconf 88' lang='lat' dir='ltr'><strong>dire</strong></span> <span class='ocrx_word' id='word_1_428' title='bbox 2143 1479 2203 1518; x_wconf 86' lang='lat' dir='ltr'><strong>ea</strong></span> <span class='ocrx_word' id='word_1_429' title='bbox 2236 1465 2444 1531; x_wconf 85' lang='lat' dir='ltr'><strong>omnia,</strong></span> <span class='ocrx_word' id='word_1_430' title='bbox 2476 1481 2712 1536; x_wconf 85' lang='lat' dir='ltr'><strong>quorum</strong></span> <span class='ocrx_word' id='word_1_431' title='bbox 2742 1467 3020 1523; x_wconf 91' lang='lat' dir='ltr'><strong>desiderio</strong></span> <span class='ocrx_word' id='word_1_432' title='bbox 3055 1468 3317 1523; x_wconf 88' lang='lat' dir='ltr'><strong>tenearis.</strong></span> <span class='ocrx_word' id='word_1_433' title='bbox 3345 1467 3581 1523; x_wconf 84' lang='lat' dir='ltr'><strong>Perinde</strong></span> 
     </span>
    </p>
   </div>
   <div class='ocr_carea' id='block_1_59' title="bbox 1950 1546 3577 1629">
    <p class='ocr_par' dir='ltr' id='par_1_59' title="bbox 1950 1546 3577 1629">
     <span class='ocr_line' id='line_1_59' title="bbox 1950 1546 3577 1629; baseline 0.003 -19"><span class='ocrx_word' id='word_1_434' title='bbox 1950 1546 2201 1626; x_wconf 57' lang='lat' dir='ltr'><strong>&#39;quippe</strong></span> <span class='ocrx_word' id='word_1_435' title='bbox 2248 1567 2354 1621; x_wconf 88' lang='lat' dir='ltr'><strong>est,</strong></span> <span class='ocrx_word' id='word_1_436' title='bbox 2409 1574 2472 1613; x_wconf 90' lang='lat' dir='ltr'><strong>ac</strong></span> <span class='ocrx_word' id='word_1_437' title='bbox 2523 1560 2567 1614; x_wconf 92' lang='lat' dir='ltr'><strong>si</strong></span> <span class='ocrx_word' id='word_1_438' title='bbox 2627 1559 2753 1629; x_wconf 80' lang='lat' dir='ltr'><strong>quis</strong></span> <span class='ocrx_word' id='word_1_439' title='bbox 2812 1560 3133 1614; x_wconf 82' lang='lat' dir='ltr'><strong>sitientibus</strong></span> <span class='ocrx_word' id='word_1_440' title='bbox 3192 1561 3577 1616; x_wconf 82' lang='lat' dir='ltr'><strong>suavissimam</strong></span> 
     </span>
    </p>
   </div>
   <div class='ocr_carea' id='block_1_60' title="bbox 1995 1647 3577 1719">
    <p class='ocr_par' dir='ltr' id='par_1_60' title="bbox 1995 1647 3577 1719">
     <span class='ocr_line' id='line_1_60' title="bbox 1995 1647 3577 1719; baseline 0.003 -21"><span class='ocrx_word' id='word_1_441' title='bbox 1995 1661 2193 1713; x_wconf 86' lang='lat' dir='ltr'><strong>aquam</strong></span> <span class='ocrx_word' id='word_1_442' title='bbox 2227 1647 2443 1711; x_wconf 72' lang='lat' dir='ltr'><strong>oﬂerat,</strong></span> <span class='ocrx_word' id='word_1_443' title='bbox 2476 1658 2532 1703; x_wconf 90' lang='lat' dir='ltr'><strong>et</strong></span> <span class='ocrx_word' id='word_1_444' title='bbox 2575 1649 2783 1704; x_wconf 71' lang='lat' dir='ltr'><strong>aestatis</strong></span> <span class='ocrx_word' id='word_1_445' title='bbox 2816 1651 3001 1703; x_wconf 89' lang='lat' dir='ltr'><strong>calore</strong></span> <span class='ocrx_word' id='word_1_446' title='bbox 3046 1648 3272 1704; x_wconf 81' lang='lat' dir='ltr'><strong>torridis</strong></span> <span class='ocrx_word' id='word_1_447' title='bbox 3316 1649 3577 1719; x_wconf 78' lang='lat' dir='ltr'><strong>frigidum</strong></span> 
     </span>
    </p>
   </div>
   <div class='ocr_carea' id='block_1_61' title="bbox 1996 1738 3581 1809">
    <p class='ocr_par' dir='ltr' id='par_1_61' title="bbox 1996 1738 3581 1809">
     <span class='ocr_line' id='line_1_61' title="bbox 1996 1738 3581 1809; baseline -0.001 -17"><span class='ocrx_word' id='word_1_448' title='bbox 1996 1738 2299 1809; x_wconf 81' lang='lat' dir='ltr'><strong>zephyrum</strong></span> <span class='ocrx_word' id='word_1_449' title='bbox 2335 1740 2519 1809; x_wconf 83' lang='lat' dir='ltr'><strong>aliqua</strong></span> <span class='ocrx_word' id='word_1_450' title='bbox 2554 1751 2670 1795; x_wconf 89' lang='lat' dir='ltr'><strong>arte</strong></span> <span class='ocrx_word' id='word_1_451' title='bbox 2707 1740 3109 1795; x_wconf 86' lang='lat' dir='ltr'><strong>subministret.</strong></span> <span class='ocrx_word' id='word_1_452' title='bbox 3158 1738 3442 1793; x_wconf 82' lang='lat' dir='ltr'><strong>Desiderat</strong></span> <span class='ocrx_word' id='word_1_453' title='bbox 3482 1755 3581 1792; x_wconf 83' lang='lat' dir='ltr'><strong>at:-</strong></span> 
     </span>
    </p>
   </div>
   <div class='ocr_carea' id='block_1_62' title="bbox 1998 1832 3578 1903">
    <p class='ocr_par' dir='ltr' id='par_1_62' title="bbox 1998 1832 3578 1903">
     <span class='ocr_line' id='line_1_62' title="bbox 1998 1832 3578 1903; baseline 0.001 -18"><span class='ocrx_word' id='word_1_454' title='bbox 1998 1843 2108 1886; x_wconf 87' lang='lat' dir='ltr'><strong>tem</strong></span> <span class='ocrx_word' id='word_1_455' title='bbox 2141 1833 2284 1888; x_wconf 87' lang='lat' dir='ltr'><strong>alius</strong></span> <span class='ocrx_word' id='word_1_456' title='bbox 2312 1833 2483 1897; x_wconf 81' lang='lat' dir='ltr'><strong>aliud,</strong></span> <span class='ocrx_word' id='word_1_457' title='bbox 2513 1847 2615 1902; x_wconf 91' lang='lat' dir='ltr'><strong>pro</strong></span> <span class='ocrx_word' id='word_1_458' title='bbox 2646 1834 2730 1886; x_wconf 89' lang='lat' dir='ltr'><strong>sui</strong></span> <span class='ocrx_word' id='word_1_459' title='bbox 2767 1836 3003 1903; x_wconf 87' lang='lat' dir='ltr'><strong>quisque</strong></span> <span class='ocrx_word' id='word_1_460' title='bbox 3027 1832 3221 1903; x_wconf 87' lang='lat' dir='ltr'><strong>judicii</strong></span> <span class='ocrx_word' id='word_1_461' title='bbox 3266 1841 3426 1900; x_wconf 86' lang='lat' dir='ltr'><strong>captu</strong></span> <span class='ocrx_word' id='word_1_462' title='bbox 3458 1849 3472 1887; x_wconf 89' lang='lat'><strong>:</strong></span> <span class='ocrx_word' id='word_1_463' title='bbox 3512 1847 3578 1886; x_wconf 79' lang='lat' dir='ltr'><strong>ex</strong></span> 
     </span>
    </p>
   </div>
   <div class='ocr_carea' id='block_1_63' title="bbox 1995 1923 3585 1996">
    <p class='ocr_par' dir='ltr' id='par_1_63' title="bbox 1995 1923 3585 1996">
     <span class='ocr_line' id='line_1_63' title="bbox 1995 1923 3585 1996; baseline 0.001 -19"><span class='ocrx_word' id='word_1_464' title='bbox 1995 1939 2105 1992; x_wconf 92' lang='lat' dir='ltr'><strong>quo</strong></span> <span class='ocrx_word' id='word_1_465' title='bbox 2128 1925 2340 1994; x_wconf 89' lang='lat' dir='ltr'><strong>judicio</strong></span> <span class='ocrx_word' id='word_1_466' title='bbox 2378 1935 2638 1994; x_wconf 89' lang='lat' dir='ltr'><strong>tanquam</strong></span> <span class='ocrx_word' id='word_1_467' title='bbox 2675 1940 2839 1979; x_wconf 89' lang='lat' dir='ltr'><strong>causa</strong></span> <span class='ocrx_word' id='word_1_468' title='bbox 2874 1934 2931 1978; x_wconf 88' lang='lat' dir='ltr'><strong>et</strong></span> <span class='ocrx_word' id='word_1_469' title='bbox 2965 1926 3151 1979; x_wconf 83' lang='lat' dir='ltr'><strong>radice</strong></span> <span class='ocrx_word' id='word_1_470' title='bbox 3195 1923 3364 1996; x_wconf 66' lang='grc'><strong>448</strong></span> <span class='ocrx_word' id='word_1_471' title='bbox 3405 1925 3585 1981; x_wconf 90' lang='lat' dir='ltr'><strong>oritur</strong></span> 
     </span>
    </p>
   </div>
   <div class='ocr_carea' id='block_1_64' title="bbox 1997 2015 3584 2088">
    <p class='ocr_par' dir='ltr' id='par_1_64' title="bbox 1997 2015 3584 2088">
     <span class='ocr_line' id='line_1_64' title="bbox 1997 2015 3584 2088; baseline 0.001 -18"><span class='ocrx_word' id='word_1_472' title='bbox 1997 2018 2286 2088; x_wconf 84' lang='lat' dir='ltr'><strong>appetitio,</strong></span> <span class='ocrx_word' id='word_1_473' title='bbox 2316 2028 2374 2072; x_wconf 93' lang='lat' dir='ltr'><strong>et</strong></span> <span class='ocrx_word' id='word_1_474' title='bbox 2402 2017 2547 2072; x_wconf 90' lang='lat' dir='ltr'><strong>unde</strong></span> <span class='ocrx_word' id='word_1_475' title='bbox 2579 2016 2739 2084; x_wconf 86' lang='lat' dir='ltr'><strong>quasi</strong></span> <span class='ocrx_word' id='word_1_476' title='bbox 2772 2033 2936 2071; x_wconf 89' lang='lat' dir='ltr'><strong>manu</strong></span> <span class='ocrx_word' id='word_1_477' title='bbox 2970 2016 3229 2071; x_wconf 87' lang='lat' dir='ltr'><strong>ducimur</strong></span> <span class='ocrx_word' id='word_1_478' title='bbox 3254 2015 3320 2070; x_wconf 89' lang='lat' dir='ltr'><strong>ad</strong></span> <span class='ocrx_word' id='word_1_479' title='bbox 3349 2017 3456 2070; x_wconf 71' lang='lat' dir='ltr'><strong>alia</strong></span> <span class='ocrx_word' id='word_1_480' title='bbox 3495 2027 3584 2071; x_wconf 79' lang='lat' dir='ltr'><strong>at-</strong></span> 
     </span>
    </p>
   </div>
   <div class='ocr_carea' id='block_1_65' title="bbox 1994 2107 3580 2179">
    <p class='ocr_par' dir='ltr' id='par_1_65' title="bbox 1994 2107 3580 2179">
     <span class='ocr_line' id='line_1_65' title="bbox 1994 2107 3580 2179; baseline 0.002 -18"><span class='ocrx_word' id='word_1_481' title='bbox 1994 2124 2102 2179; x_wconf 86' lang='lat' dir='ltr'><strong>que</strong></span> <span class='ocrx_word' id='word_1_482' title='bbox 2132 2110 2238 2164; x_wconf 86' lang='lat' dir='ltr'><strong>alia</strong></span> <span class='ocrx_word' id='word_1_483' title='bbox 2264 2124 2448 2165; x_wconf 86' lang='lat' dir='ltr'><strong>rerum</strong></span> <span class='ocrx_word' id='word_1_484' title='bbox 2476 2109 2683 2174; x_wconf 90' lang='lat' dir='ltr'><strong>studia,</strong></span> <span class='ocrx_word' id='word_1_485' title='bbox 2711 2108 2892 2177; x_wconf 85' lang='lat' dir='ltr'><strong>qualia</strong></span> <span class='ocrx_word' id='word_1_486' title='bbox 2918 2108 3110 2173; x_wconf 88' lang='lat' dir='ltr'><strong>multa,</strong></span> <span class='ocrx_word' id='word_1_487' title='bbox 3137 2121 3314 2177; x_wconf 86' lang='lat' dir='ltr'><strong>eaque</strong></span> <span class='ocrx_word' id='word_1_488' title='bbox 3337 2107 3580 2177; x_wconf 60' lang='lat' dir='ltr'><strong>diversa,</strong></span> 
     </span>
    </p>
   </div>
   <div class='ocr_carea' id='block_1_66' title="bbox 1995 2199 3579 2271">
    <p class='ocr_par' dir='ltr' id='par_1_66' title="bbox 1995 2199 3579 2271">
     <span class='ocr_line' id='line_1_66' title="bbox 1995 2199 3579 2271; baseline -0.002 -14"><span class='ocrx_word' id='word_1_489' title='bbox 1995 2202 2195 2258; x_wconf 63' lang='lat' dir='ltr'><strong>celum</strong></span> <span class='ocrx_word' id='word_1_490' title='bbox 2236 2212 2291 2257; x_wconf 89' lang='lat' dir='ltr'><strong>et</strong></span> <span class='ocrx_word' id='word_1_491' title='bbox 2326 2210 2474 2255; x_wconf 89' lang='lat' dir='ltr'><strong>terra</strong></span> <span class='ocrx_word' id='word_1_492' title='bbox 2509 2209 2832 2271; x_wconf 81' lang='lat' dir='ltr'><strong>suggerunt.</strong></span> <span class='ocrx_word' id='word_1_493' title='bbox 2872 2200 3046 2254; x_wconf 86' lang='lat' dir='ltr'><strong>Porro</strong></span> <span class='ocrx_word' id='word_1_494' title='bbox 3084 2201 3256 2269; x_wconf 87' lang='lat' dir='ltr'><strong>ipsam</strong></span> <span class='ocrx_word' id='word_1_495' title='bbox 3304 2199 3579 2255; x_wconf 84' lang='lat' dir='ltr'><strong>rationein</strong></span> 
     </span>
    </p>
   </div>
   <div class='ocr_carea' id='block_1_67' title="bbox 1996 2290 3583 2360">
    <p class='ocr_par' dir='ltr' id='par_1_67' title="bbox 1996 2290 3583 2360">
     <span class='ocr_line' id='line_1_67' title="bbox 1996 2290 3583 2360; baseline -0.001 -14"><span class='ocrx_word' id='word_1_496' title='bbox 1996 2292 2560 2360; x_wconf 75' lang='lat' dir='ltr'><strong>hujusceamieorum</strong></span> <span class='ocrx_word' id='word_1_497' title='bbox 2608 2307 2857 2346; x_wconf 86' lang='lat' dir='ltr'><strong>meorum</strong></span> <span class='ocrx_word' id='word_1_498' title='bbox 2894 2290 3179 2355; x_wconf 60' lang='lat' dir='ltr'><strong>desiderii,</strong></span> <span class='ocrx_word' id='word_1_499' title='bbox 3216 2293 3262 2347; x_wconf 89' lang='lat' dir='ltr'><strong>si</strong></span> <span class='ocrx_word' id='word_1_500' title='bbox 3309 2308 3418 2346; x_wconf 90' lang='lat' dir='ltr'><strong>non</strong></span> <span class='ocrx_word' id='word_1_501' title='bbox 3464 2309 3583 2345; x_wconf 88' lang='lat' dir='ltr'><strong>om-</strong></span> 
     </span>
    </p>
   </div>
   <div class='ocr_carea' id='block_1_68' title="bbox 1994 2382 3576 2453">
    <p class='ocr_par' dir='ltr' id='par_1_68' title="bbox 1994 2382 3576 2453">
     <span class='ocr_line' id='line_1_68' title="bbox 1994 2382 3576 2453; baseline -0.001 -18"><span class='ocrx_word' id='word_1_502' title='bbox 1994 2397 2095 2435; x_wconf 87' lang='lat' dir='ltr'><strong>nes</strong></span> <span class='ocrx_word' id='word_1_503' title='bbox 2121 2398 2369 2451; x_wconf 83' lang='lat' dir='ltr'><strong>prorsus,</strong></span> <span class='ocrx_word' id='word_1_504' title='bbox 2412 2384 2662 2452; x_wconf 88' lang='lat' dir='ltr'><strong>plerique</strong></span> <span class='ocrx_word' id='word_1_505' title='bbox 2697 2394 2848 2437; x_wconf 85' lang='lat' dir='ltr'><strong>certe</strong></span> <span class='ocrx_word' id='word_1_506' title='bbox 2887 2382 3270 2453; x_wconf 81' lang='lat' dir='ltr'><strong>probaverim.</strong></span> <span class='ocrx_word' id='word_1_507' title='bbox 3303 2383 3435 2437; x_wconf 80' lang='lat' dir='ltr'><strong>Mihi</strong></span> <span class='ocrx_word' id='word_1_508' title='bbox 3470 2398 3576 2435; x_wconf 88' lang='lat' dir='ltr'><strong>au-</strong></span> 
     </span>
    </p>
   </div>
   <div class='ocr_carea' id='block_1_69' title="bbox 1995 2474 3579 2543">
    <p class='ocr_par' dir='ltr' id='par_1_69' title="bbox 1995 2474 3579 2543">
     <span class='ocr_line' id='line_1_69' title="bbox 1995 2474 3579 2543; baseline 0.001 -16"><span class='ocrx_word' id='word_1_509' title='bbox 1995 2481 2105 2528; x_wconf 86' lang='lat' dir='ltr'><strong>tem</strong></span> <span class='ocrx_word' id='word_1_510' title='bbox 2141 2482 2249 2528; x_wconf 84' lang='lat' dir='ltr'><strong>tum</strong></span> <span class='ocrx_word' id='word_1_511' title='bbox 2280 2475 2462 2529; x_wconf 88' lang='lat' dir='ltr'><strong>alieno</strong></span> <span class='ocrx_word' id='word_1_512' title='bbox 2489 2483 2739 2543; x_wconf 89' lang='lat' dir='ltr'><strong>tempore</strong></span> <span class='ocrx_word' id='word_1_513' title='bbox 2769 2482 2877 2528; x_wconf 90' lang='lat' dir='ltr'><strong>tam</strong></span> <span class='ocrx_word' id='word_1_514' title='bbox 2909 2475 3212 2528; x_wconf 86' lang='lat' dir='ltr'><strong>vehemens</strong></span> <span class='ocrx_word' id='word_1_515' title='bbox 3240 2474 3579 2529; x_wconf 88' lang='lat' dir='ltr'><strong>desiderium</strong></span> 
     </span>
    </p>
   </div>
   <div class='ocr_carea' id='block_1_70' title="bbox 1995 2557 3579 2636">
    <p class='ocr_par' dir='ltr' id='par_1_70' title="bbox 1995 2557 3579 2636">
     <span class='ocr_line' id='line_1_70' title="bbox 1995 2557 3579 2636; baseline 0.001 -17"><span class='ocrx_word' id='word_1_516' title='bbox 1995 2567 2226 2621; x_wconf 87' lang='lat' dir='ltr'><strong>minime</strong></span> <span class='ocrx_word' id='word_1_517' title='bbox 2255 2566 2542 2636; x_wconf 87' lang='lat' dir='ltr'><strong>probatur.</strong></span> <span class='ocrx_word' id='word_1_518' title='bbox 2568 2566 2705 2622; x_wconf 85' lang='lat' dir='ltr'><strong>Nam</strong></span> <span class='ocrx_word' id='word_1_519' title='bbox 2735 2576 2797 2621; x_wconf 88' lang='lat' dir='ltr'><strong>ut</strong></span> <span class='ocrx_word' id='word_1_520' title='bbox 2826 2566 3013 2620; x_wconf 88' lang='lat' dir='ltr'><strong>omnia</strong></span> <span class='ocrx_word' id='word_1_521' title='bbox 3032 2557 3251 2636; x_wconf 73' lang='lat' dir='ltr'><strong>&#39;inquiri</strong></span> <span class='ocrx_word' id='word_1_522' title='bbox 3289 2567 3579 2635; x_wconf 83' lang='lat' dir='ltr'><strong>pulchrum</strong></span> 
     </span>
    </p>
   </div>
   <div class='ocr_carea' id='block_1_71' title="bbox 1993 2657 3582 2728">
    <p class='ocr_par' dir='ltr' id='par_1_71' title="bbox 1993 2657 3582 2728">
     <span class='ocr_line' id='line_1_71' title="bbox 1993 2657 3582 2728; baseline 0.002 -18"><span class='ocrx_word' id='word_1_523' title='bbox 1993 2670 2124 2711; x_wconf 88' lang='lat' dir='ltr'><strong>esse</strong></span> <span class='ocrx_word' id='word_1_524' title='bbox 2147 2672 2430 2726; x_wconf 86' lang='lat' dir='ltr'><strong>nunquam</strong></span> <span class='ocrx_word' id='word_1_525' title='bbox 2460 2671 2561 2728; x_wconf 88' lang='lat' dir='ltr'><strong>ego</strong></span> <span class='ocrx_word' id='word_1_526' title='bbox 2587 2657 2802 2712; x_wconf 87' lang='lat' dir='ltr'><strong>inlicias</strong></span> <span class='ocrx_word' id='word_1_527' title='bbox 2841 2657 3061 2726; x_wconf 77' lang='lat' dir='ltr'><strong>iverim,</strong></span> <span class='ocrx_word' id='word_1_528' title='bbox 3093 2658 3167 2712; x_wconf 90' lang='lat' dir='ltr'><strong>ita</strong></span> <span class='ocrx_word' id='word_1_529' title='bbox 3215 2659 3411 2728; x_wconf 88' lang='lat' dir='ltr'><strong>quovis</strong></span> <span class='ocrx_word' id='word_1_530' title='bbox 3459 2659 3582 2713; x_wconf 85' lang='lat' dir='ltr'><strong>loco</strong></span> 
     </span>
    </p>
   </div>
   <div class='ocr_carea' id='block_1_72' title="bbox 1992 2749 3581 2820">
    <p class='ocr_par' dir='ltr' id='par_1_72' title="bbox 1992 2749 3581 2820">
     <span class='ocr_line' id='line_1_72' title="bbox 1992 2749 3581 2820; baseline 0.002 -18"><span class='ocrx_word' id='word_1_531' title='bbox 1992 2762 2058 2804; x_wconf 91' lang='lat' dir='ltr'><strong>ac</strong></span> <span class='ocrx_word' id='word_1_532' title='bbox 2091 2757 2337 2818; x_wconf 85' lang='lat' dir='ltr'><strong>tempore</strong></span> <span class='ocrx_word' id='word_1_533' title='bbox 2364 2756 2461 2802; x_wconf 89' lang='lat' dir='ltr'><strong>aut</strong></span> <span class='ocrx_word' id='word_1_534' title='bbox 2490 2749 2744 2819; x_wconf 90' lang='lat' dir='ltr'><strong>quolibet</strong></span> <span class='ocrx_word' id='word_1_535' title='bbox 2775 2749 2996 2804; x_wconf 87' lang='lat' dir='ltr'><strong>volente</strong></span> <span class='ocrx_word' id='word_1_536' title='bbox 3027 2751 3322 2820; x_wconf 87' lang='lat' dir='ltr'><strong>pulchrum</strong></span> <span class='ocrx_word' id='word_1_537' title='bbox 3367 2750 3419 2804; x_wconf 88' lang='lat' dir='ltr'><strong>id</strong></span> <span class='ocrx_word' id='word_1_538' title='bbox 3456 2765 3581 2806; x_wconf 81' lang='lat' dir='ltr'><strong>esse</strong></span> 
     </span>
    </p>
   </div>
   <div class='ocr_carea' id='block_1_73' title="bbox 1992 2839 3583 2912">
    <p class='ocr_par' dir='ltr' id='par_1_73' title="bbox 1992 2839 3583 2912">
     <span class='ocr_line' id='line_1_73' title="bbox 1992 2839 3583 2912; baseline -0.001 -18"><span class='ocrx_word' id='word_1_539' title='bbox 1992 2842 2152 2912; x_wconf 88' lang='lat' dir='ltr'><strong>plane</strong></span> <span class='ocrx_word' id='word_1_540' title='bbox 2180 2841 2517 2911; x_wconf 82' lang='lat' dir='ltr'><strong>negaverim.</strong></span> <span class='ocrx_word' id='word_1_541' title='bbox 2560 2839 2749 2912; x_wconf 86' lang='lat' dir='ltr'><strong>Neque</strong></span> <span class='ocrx_word' id='word_1_542' title='bbox 2783 2842 2933 2898; x_wconf 90' lang='lat' dir='ltr'><strong>enim</strong></span> <span class='ocrx_word' id='word_1_543' title='bbox 2967 2840 3204 2911; x_wconf 79' lang='lat' dir='ltr'><strong>quodvis</strong></span> <span class='ocrx_word' id='word_1_544' title='bbox 3238 2851 3456 2911; x_wconf 82' lang='lat' dir='ltr'><strong>tempus</strong></span> <span class='ocrx_word' id='word_1_545' title='bbox 3483 2858 3583 2912; x_wconf 77' lang='lat' dir='ltr'><strong>0p-</strong></span> 
     </span>
    </p>
   </div>
   <div class='ocr_carea' id='block_1_74' title="bbox 1992 2931 3580 3004">
    <p class='ocr_par' dir='ltr' id='par_1_74' title="bbox 1992 2931 3580 3004">
     <span class='ocr_line' id='line_1_74' title="bbox 1992 2931 3580 3004; baseline 0.002 -18"><span class='ocrx_word' id='word_1_546' title='bbox 1992 2933 2390 3003; x_wconf 85' lang='lat' dir='ltr'><strong>portunitatem</strong></span> <span class='ocrx_word' id='word_1_547' title='bbox 2418 2931 2604 2996; x_wconf 87' lang='lat' dir='ltr'><strong>habet,</strong></span> <span class='ocrx_word' id='word_1_548' title='bbox 2639 2949 2820 3004; x_wconf 88' lang='lat' dir='ltr'><strong>neque</strong></span> <span class='ocrx_word' id='word_1_549' title='bbox 2848 2934 3155 3004; x_wconf 82' lang='lat' dir='ltr'><strong>quemlibet</strong></span> <span class='ocrx_word' id='word_1_550' title='bbox 3184 2935 3404 3004; x_wconf 88' lang='lat' dir='ltr'><strong>quidvis</strong></span> <span class='ocrx_word' id='word_1_551' title='bbox 3436 2937 3580 2990; x_wconf 72' lang='lat' dir='ltr'><strong>velle</strong></span> 
     </span>
    </p>
   </div>
   <div class='ocr_carea' id='block_1_75' title="bbox 1991 3023 3582 3095">
    <p class='ocr_par' dir='ltr' id='par_1_75' title="bbox 1991 3023 3582 3095">
     <span class='ocr_line' id='line_1_75' title="bbox 1991 3023 3582 3095; baseline 0.001 -18"><span class='ocrx_word' id='word_1_552' title='bbox 1991 3023 2170 3079; x_wconf 88' lang='lat' dir='ltr'><strong>decet.</strong></span> <span class='ocrx_word' id='word_1_553' title='bbox 2206 3023 2416 3094; x_wconf 86' lang='lat' dir='ltr'><strong>Nempe</strong></span> <span class='ocrx_word' id='word_1_554' title='bbox 2460 3032 2517 3079; x_wconf 92' lang='lat' dir='ltr'><strong>et</strong></span> <span class='ocrx_word' id='word_1_555' title='bbox 2553 3032 2771 3095; x_wconf 88' lang='lat' dir='ltr'><strong>tempus</strong></span> <span class='ocrx_word' id='word_1_556' title='bbox 2808 3025 3033 3095; x_wconf 89' lang='lat' dir='ltr'><strong>aliquod</strong></span> <span class='ocrx_word' id='word_1_557' title='bbox 3069 3035 3155 3081; x_wconf 88' lang='lat' dir='ltr'><strong>est</strong></span> <span class='ocrx_word' id='word_1_558' title='bbox 3184 3026 3411 3082; x_wconf 90' lang='lat' dir='ltr'><strong>minime</strong></span> <span class='ocrx_word' id='word_1_559' title='bbox 3441 3037 3582 3082; x_wconf 77' lang='lat' dir='ltr'><strong>ten-.-</strong></span> 
     </span>
    </p>
   </div>
   <div class='ocr_carea' id='block_1_76' title="bbox 1990 3115 3575 3188">
    <p class='ocr_par' dir='ltr' id='par_1_76' title="bbox 1990 3115 3575 3188">
     <span class='ocr_line' id='line_1_76' title="bbox 1990 3115 3575 3188; baseline 0.003 -19"><span class='ocrx_word' id='word_1_560' title='bbox 1990 3117 2289 3186; x_wconf 79' lang='lat' dir='ltr'><strong>pcstivum,</strong></span> <span class='ocrx_word' id='word_1_561' title='bbox 2321 3124 2379 3170; x_wconf 90' lang='lat' dir='ltr'><strong>et</strong></span> <span class='ocrx_word' id='word_1_562' title='bbox 2412 3115 2666 3171; x_wconf 85' lang='lat' dir='ltr'><strong>voluntas</strong></span> <span class='ocrx_word' id='word_1_563' title='bbox 2693 3131 2839 3185; x_wconf 68' lang='lat' dir='ltr'><strong>saepe</strong></span> <span class='ocrx_word' id='word_1_564' title='bbox 2870 3118 3033 3187; x_wconf 88' lang='lat' dir='ltr'><strong>plena</strong></span> <span class='ocrx_word' id='word_1_565' title='bbox 3061 3125 3146 3171; x_wconf 88' lang='lat' dir='ltr'><strong>est</strong></span> <span class='ocrx_word' id='word_1_566' title='bbox 3168 3117 3575 3188; x_wconf 66' lang='lat' dir='ltr'><strong>imprudentia}.</strong></span> 
     </span>
    </p>
   </div>
   <div class='ocr_carea' id='block_1_77' title="bbox 1990 3196 3581 3283">
    <p class='ocr_par' dir='ltr' id='par_1_77' title="bbox 1990 3196 3581 3283">
     <span class='ocr_line' id='line_1_77' title="bbox 1990 3196 3581 3283; baseline 0.002 -17"><span class='ocrx_word' id='word_1_567' title='bbox 1990 3210 2098 3266; x_wconf 86' lang='lat' dir='ltr'><strong>Sed</strong></span> <span class='ocrx_word' id='word_1_568' title='bbox 2131 3196 2308 3264; x_wconf 80' lang='lat' dir='ltr'><strong>tamen</strong></span> <span class='ocrx_word' id='word_1_569' title='bbox 2351 3225 2475 3264; x_wconf 90' lang='lat' dir='ltr'><strong>cum</strong></span> <span class='ocrx_word' id='word_1_570' title='bbox 2529 3210 2635 3265; x_wconf 88' lang='lat' dir='ltr'><strong>hoc</strong></span> <span class='ocrx_word' id='word_1_571' title='bbox 2666 3210 2864 3266; x_wconf 87' lang='lat' dir='ltr'><strong>amicis</strong></span> <span class='ocrx_word' id='word_1_572' title='bbox 2896 3210 3140 3265; x_wconf 86' lang='lat' dir='ltr'><strong>dandum</strong></span> <span class='ocrx_word' id='word_1_573' title='bbox 3182 3226 3306 3267; x_wconf 86' lang='lat' dir='ltr'><strong>esse</strong></span> <span class='ocrx_word' id='word_1_574' title='bbox 3347 3228 3581 3283; x_wconf 87' lang='lat' dir='ltr'><strong>prorsus</strong></span> 
     </span>
    </p>
   </div>
   <div class='ocr_carea' id='block_1_78' title="bbox 1989 3302 3580 3375">
    <p class='ocr_par' dir='ltr' id='par_1_78' title="bbox 1989 3302 3580 3375">
     <span class='ocr_line' id='line_1_78' title="bbox 1989 3302 3580 3375; baseline 0.001 -18"><span class='ocrx_word' id='word_1_575' title='bbox 1989 3302 2297 3369; x_wconf 86' lang='lat' dir='ltr'><strong>videretur,</strong></span> <span class='ocrx_word' id='word_1_576' title='bbox 2333 3313 2393 3357; x_wconf 88' lang='lat' dir='ltr'><strong>ut</strong></span> <span class='ocrx_word' id='word_1_577' title='bbox 2432 3303 2599 3373; x_wconf 85' lang='lat' dir='ltr'><strong>hujus</strong></span> <span class='ocrx_word' id='word_1_578' title='bbox 2645 3304 2832 3358; x_wconf 86' lang='lat' dir='ltr'><strong>oneris</strong></span> <span class='ocrx_word' id='word_1_579' title='bbox 2882 3303 3132 3358; x_wconf 82' lang='lat' dir='ltr'><strong>molestia</strong></span> <span class='ocrx_word' id='word_1_580' title='bbox 3206 3304 3580 3375; x_wconf 87' lang='lat' dir='ltr'><strong>qualicunque</strong></span> 
     </span>
    </p>
   </div>
   <div class='ocr_carea' id='block_1_79' title="bbox 1987 3395 3584 3466">
    <p class='ocr_par' dir='ltr' id='par_1_79' title="bbox 1987 3395 3584 3466">
     <span class='ocr_line' id='line_1_79' title="bbox 1987 3395 3584 3466; baseline 0 -16"><span class='ocrx_word' id='word_1_581' title='bbox 1987 3405 2243 3465; x_wconf 89' lang='lat' dir='ltr'><strong>suscepta</strong></span> <span class='ocrx_word' id='word_1_582' title='bbox 2281 3411 2378 3465; x_wconf 91' lang='lat' dir='ltr'><strong>pro</strong></span> <span class='ocrx_word' id='word_1_583' title='bbox 2412 3395 2554 3450; x_wconf 85' lang='lat' dir='ltr'><strong>virili</strong></span> <span class='ocrx_word' id='word_1_584' title='bbox 2607 3395 2742 3465; x_wconf 87' lang='lat' dir='ltr'><strong>ipsis</strong></span> <span class='ocrx_word' id='word_1_585' title='bbox 2772 3396 3230 3466; x_wconf 81' lang='lat' dir='ltr'><strong>gratilicarctnur,</strong></span> <span class='ocrx_word' id='word_1_586' title='bbox 3269 3412 3450 3466; x_wconf 87' lang='lat' dir='ltr'><strong>neque</strong></span> <span class='ocrx_word' id='word_1_587' title='bbox 3482 3412 3584 3450; x_wconf 85' lang='lat' dir='ltr'><strong>au-</strong></span> 
     </span>
    </p>
   </div>
   <div class='ocr_carea' id='block_1_80' title="bbox 1986 3486 3581 3558">
    <p class='ocr_par' dir='ltr' id='par_1_80' title="bbox 1986 3486 3581 3558">
     <span class='ocr_line' id='line_1_80' title="bbox 1986 3486 3581 3558; baseline 0.001 -16"><span class='ocrx_word' id='word_1_588' title='bbox 1986 3503 2078 3542; x_wconf 88' lang='lat' dir='ltr'><strong>res</strong></span> <span class='ocrx_word' id='word_1_589' title='bbox 2105 3487 2214 3542; x_wconf 86' lang='lat' dir='ltr'><strong>illis</strong></span> <span class='ocrx_word' id='word_1_590' title='bbox 2242 3497 2461 3541; x_wconf 87' lang='lat' dir='ltr'><strong>nostras</strong></span> <span class='ocrx_word' id='word_1_591' title='bbox 2494 3486 2857 3549; x_wconf 86' lang='lat' dir='ltr'><strong>occlusimus,</strong></span> <span class='ocrx_word' id='word_1_592' title='bbox 2904 3503 3085 3557; x_wconf 90' lang='lat' dir='ltr'><strong>neque</strong></span> <span class='ocrx_word' id='word_1_593' title='bbox 3120 3487 3362 3558; x_wconf 78' lang='lat' dir='ltr'><strong>linguam</strong></span> <span class='ocrx_word' id='word_1_594' title='bbox 3409 3487 3581 3544; x_wconf 87' lang='lat' dir='ltr'><strong>dene-</strong></span> 
     </span>
    </p>
   </div>
   <div class='ocr_carea' id='block_1_81' title="bbox 1986 3576 3574 3651">
    <p class='ocr_par' dir='ltr' id='par_1_81' title="bbox 1986 3576 3574 3651">
     <span class='ocr_line' id='line_1_81' title="bbox 1986 3576 3574 3651; baseline 0 -17"><span class='ocrx_word' id='word_1_595' title='bbox 1986 3580 2235 3651; x_wconf 84' lang='lat' dir='ltr'><strong>gaviinus</strong></span> <span class='ocrx_word' id='word_1_596' title='bbox 2268 3596 2281 3633; x_wconf 89' lang='lat'><strong>:</strong></span> <span class='ocrx_word' id='word_1_597' title='bbox 2319 3579 2414 3634; x_wconf 85' lang='lat' dir='ltr'><strong>sed</strong></span> <span class='ocrx_word' id='word_1_598' title='bbox 2467 3578 2649 3648; x_wconf 84' lang='lat' dir='ltr'><strong>aliqua</strong></span> <span class='ocrx_word' id='word_1_599' title='bbox 2706 3594 2925 3643; x_wconf 84' lang='lat' dir='ltr'><strong>eorum,</strong></span> <span class='ocrx_word' id='word_1_600' title='bbox 2969 3576 3093 3649; x_wconf 65' lang='lat' dir='ltr'><strong>quin</strong></span> <span class='ocrx_word' id='word_1_601' title='bbox 3141 3579 3343 3650; x_wconf 88' lang='lat' dir='ltr'><strong>scripta</strong></span> <span class='ocrx_word' id='word_1_602' title='bbox 3394 3589 3574 3645; x_wconf 87' lang='lat' dir='ltr'><strong>erant,</strong></span> 
     </span>
    </p>
   </div>
   <div class='ocr_carea' id='block_1_82' title="bbox 1985 3669 3577 3751">
    <p class='ocr_par' dir='ltr' id='par_1_82' title="bbox 1985 3669 3577 3751">
     <span class='ocr_line' id='line_1_82' title="bbox 1985 3669 3577 3751; baseline 0 -26"><span class='ocrx_word' id='word_1_603' title='bbox 1985 3686 2151 3742; x_wconf 88' lang='lat' dir='ltr'><strong>parce</strong></span> <span class='ocrx_word' id='word_1_604' title='bbox 2181 3679 2239 3726; x_wconf 89' lang='lat' dir='ltr'><strong>et</strong></span> <span class='ocrx_word' id='word_1_605' title='bbox 2271 3670 2553 3725; x_wconf 88' lang='lat' dir='ltr'><strong>moderate</strong></span> <span class='ocrx_word' id='word_1_606' title='bbox 2597 3669 2980 3751; x_wconf 76' lang='lat' dir='ltr'><strong>refutavimus.</strong></span> <span class='ocrx_word' id='word_1_607' title='bbox 3030 3670 3088 3724; x_wconf 88' lang='lat' dir='ltr'><strong>lu</strong></span> <span class='ocrx_word' id='word_1_608' title='bbox 3119 3685 3229 3740; x_wconf 87' lang='lat' dir='ltr'><strong>quo</strong></span> <span class='ocrx_word' id='word_1_609' title='bbox 3277 3687 3439 3727; x_wconf 84' lang='lat' dir='ltr'><strong>nemo</strong></span> <span class='ocrx_word' id='word_1_610' title='bbox 3481 3686 3577 3742; x_wconf 86' lang='lat' dir='ltr'><strong>0p-</strong></span> 
     </span>
    </p>
   </div>
   <div class='ocr_carea' id='block_1_83' title="bbox 1986 3759 3577 3832">
    <p class='ocr_par' dir='ltr' id='par_1_83' title="bbox 1986 3759 3577 3832">
     <span class='ocr_line' id='line_1_83' title="bbox 1986 3759 3577 3832; baseline 0.001 -17"><span class='ocrx_word' id='word_1_611' title='bbox 1986 3761 2343 3832; x_wconf 85' lang='lat' dir='ltr'><strong>portunitatis</strong></span> <span class='ocrx_word' id='word_1_612' title='bbox 2365 3774 2432 3814; x_wconf 89' lang='lat' dir='ltr'><strong>ac</strong></span> <span class='ocrx_word' id='word_1_613' title='bbox 2455 3760 2766 3830; x_wconf 62' lang='lat' dir='ltr'><strong>prudentiae</strong></span> <span class='ocrx_word' id='word_1_614' title='bbox 2791 3759 3078 3815; x_wconf 85' lang='lat' dir='ltr'><strong>studiosus</strong></span> <span class='ocrx_word' id='word_1_615' title='bbox 3107 3769 3366 3825; x_wconf 85' lang='lat' dir='ltr'><strong>sectator,</strong></span> <span class='ocrx_word' id='word_1_616' title='bbox 3397 3776 3577 3832; x_wconf 87' lang='lat' dir='ltr'><strong>neque</strong></span> 
     </span>
    </p>
   </div>
   <div class='ocr_carea' id='block_1_84' title="bbox 1985 3855 3576 3927">
    <p class='ocr_par' dir='ltr' id='par_1_84' title="bbox 1985 3855 3576 3927">
     <span class='ocr_line' id='line_1_84' title="bbox 1985 3855 3576 3927; baseline 0.002 -17"><span class='ocrx_word' id='word_1_617' title='bbox 1985 3857 2277 3927; x_wconf 87' lang='lat' dir='ltr'><strong>quisquam</strong></span> <span class='ocrx_word' id='word_1_618' title='bbox 2309 3855 2499 3920; x_wconf 87' lang='lat' dir='ltr'><strong>credo,</strong></span> <span class='ocrx_word' id='word_1_619' title='bbox 2532 3856 2627 3926; x_wconf 87' lang='lat' dir='ltr'><strong>qui</strong></span> <span class='ocrx_word' id='word_1_620' title='bbox 2663 3855 2963 3922; x_wconf 88' lang='lat' dir='ltr'><strong>audiverit,</strong></span> <span class='ocrx_word' id='word_1_621' title='bbox 3002 3870 3104 3910; x_wconf 92' lang='lat' dir='ltr'><strong>nos</strong></span> <span class='ocrx_word' id='word_1_622' title='bbox 3136 3856 3576 3925; x_wconf 80' lang='lat' dir='ltr'><strong>reprchensurus</strong></span> 
     </span>
    </p>
   </div>
   <div class='ocr_carea' id='block_1_85' title="bbox 1984 3947 3576 4019">
    <p class='ocr_par' dir='ltr' id='par_1_85' title="bbox 1984 3947 3576 4019">
     <span class='ocr_line' id='line_1_85' title="bbox 1984 3947 3576 4019; baseline 0 -15"><span class='ocrx_word' id='word_1_623' title='bbox 1984 3959 2093 4004; x_wconf 87' lang='lat' dir='ltr'><strong>est.</strong></span> <span class='ocrx_word' id='word_1_624' title='bbox 2150 3950 2228 4003; x_wconf 91' lang='lat' dir='ltr'><strong>Ac</strong></span> <span class='ocrx_word' id='word_1_625' title='bbox 2271 3957 2469 4003; x_wconf 60' lang='lat' dir='ltr'><strong>caetera</strong></span> <span class='ocrx_word' id='word_1_626' title='bbox 2499 3948 2727 4019; x_wconf 89' lang='lat' dir='ltr'><strong>quidem</strong></span> <span class='ocrx_word' id='word_1_627' title='bbox 2775 3949 2872 4003; x_wconf 90' lang='lat' dir='ltr'><strong>illo</strong></span> <span class='ocrx_word' id='word_1_628' title='bbox 2910 3947 3118 4017; x_wconf 88' lang='lat' dir='ltr'><strong>scripto</strong></span> <span class='ocrx_word' id='word_1_629' title='bbox 3168 3948 3576 4018; x_wconf 87' lang='lat' dir='ltr'><strong>comprehensa</strong></span> 
     </span>
    </p>
   </div>
   <div class='ocr_carea' id='block_1_86' title="bbox 1986 4040 3572 4111">
    <p class='ocr_par' dir='ltr' id='par_1_86' title="bbox 1986 4040 3572 4111">
     <span class='ocr_line' id='line_1_86' title="bbox 1986 4040 3572 4111; baseline 0.001 -16"><span class='ocrx_word' id='word_1_630' title='bbox 1986 4040 2214 4096; x_wconf 86' lang='lat' dir='ltr'><strong>silentio</strong></span> <span class='ocrx_word' id='word_1_631' title='bbox 2248 4040 2680 4110; x_wconf 64' lang='lat' dir='ltr'><strong>praaterivimus,</strong></span> <span class='ocrx_word' id='word_1_632' title='bbox 2724 4055 2792 4095; x_wconf 92' lang='lat' dir='ltr'><strong>eo</strong></span> <span class='ocrx_word' id='word_1_633' title='bbox 2837 4041 2985 4110; x_wconf 90' lang='lat' dir='ltr'><strong>quod</strong></span> <span class='ocrx_word' id='word_1_634' title='bbox 3022 4042 3077 4095; x_wconf 91' lang='lat' dir='ltr'><strong>in</strong></span> <span class='ocrx_word' id='word_1_635' title='bbox 3118 4040 3399 4111; x_wconf 89' lang='lat' dir='ltr'><strong>plerisque</strong></span> <span class='ocrx_word' id='word_1_636' title='bbox 3434 4056 3572 4096; x_wconf 81' lang='lat' dir='ltr'><strong>vana</strong></span> 
     </span>
    </p>
   </div>
   <div class='ocr_carea' id='block_1_87' title="bbox 1985 4136 3575 4206">
    <p class='ocr_par' dir='ltr' id='par_1_87' title="bbox 1985 4136 3575 4206">
     <span class='ocr_line' id='line_1_87' title="bbox 1985 4136 3575 4206; baseline -0.001 -15"><span class='ocrx_word' id='word_1_637' title='bbox 1985 4144 2042 4191; x_wconf 87' lang='lat' dir='ltr'><strong>et</strong></span> <span class='ocrx_word' id='word_1_638' title='bbox 2070 4137 2383 4206; x_wconf 87' lang='lat' dir='ltr'><strong>importuna</strong></span> <span class='ocrx_word' id='word_1_639' title='bbox 2422 4136 2705 4192; x_wconf 86' lang='lat' dir='ltr'><strong>temeritas</strong></span> <span class='ocrx_word' id='word_1_640' title='bbox 2730 4137 3033 4192; x_wconf 89' lang='lat' dir='ltr'><strong>insolenter</strong></span> <span class='ocrx_word' id='word_1_641' title='bbox 3059 4136 3340 4193; x_wconf 77' lang='lat' dir='ltr'><strong>exsultare</strong></span> <span class='ocrx_word' id='word_1_642' title='bbox 3362 4136 3575 4190; x_wconf 89' lang='lat' dir='ltr'><strong>videre-</strong></span> 
     </span>
    </p>
   </div>
   <div class='ocr_carea' id='block_1_88' title="bbox 1986 4226 3574 4300">
    <p class='ocr_par' dir='ltr' id='par_1_88' title="bbox 1986 4226 3574 4300">
     <span class='ocr_line' id='line_1_88' title="bbox 1986 4226 3574 4300; baseline -0.001 -14"><span class='ocrx_word' id='word_1_643' title='bbox 1986 4240 2098 4286; x_wconf 85' lang='lat' dir='ltr'><strong>tur.</strong></span> <span class='ocrx_word' id='word_1_644' title='bbox 2133 4226 2266 4297; x_wconf 81' lang='lat' dir='ltr'><strong>Quae</strong></span> <span class='ocrx_word' id='word_1_645' title='bbox 2291 4246 2422 4286; x_wconf 88' lang='lat' dir='ltr'><strong>vero</strong></span> <span class='ocrx_word' id='word_1_646' title='bbox 2454 4230 2508 4284; x_wconf 89' lang='lat' dir='ltr'><strong>in</strong></span> <span class='ocrx_word' id='word_1_647' title='bbox 2558 4230 2810 4300; x_wconf 63' lang='lat' dir='ltr'><strong>epistolae</strong></span> <span class='ocrx_word' id='word_1_648' title='bbox 2849 4229 3082 4284; x_wconf 83' lang='lat' dir='ltr'><strong>formam</strong></span> <span class='ocrx_word' id='word_1_649' title='bbox 3120 4229 3344 4284; x_wconf 85' lang='lat' dir='ltr'><strong>redacta</strong></span> <span class='ocrx_word' id='word_1_650' title='bbox 3396 4229 3574 4284; x_wconf 85' lang='lat' dir='ltr'><strong>amico</strong></span> 
     </span>
    </p>
   </div>
   <div class='ocr_carea' id='block_1_89' title="bbox 1986 4322 3569 4388">
    <p class='ocr_par' dir='ltr' id='par_1_89' title="bbox 1986 4322 3569 4388">
     <span class='ocr_line' id='line_1_89' title="bbox 1986 4322 3569 4388; baseline -0.003 -9"><span class='ocrx_word' id='word_1_651' title='bbox 1986 4323 2205 4379; x_wconf 85' lang='lat' dir='ltr'><strong>cuidam</strong></span> <span class='ocrx_word' id='word_1_652' title='bbox 2234 4323 2496 4388; x_wconf 80' lang='lat' dir='ltr'><strong>diximus,</strong></span> <span class='ocrx_word' id='word_1_653' title='bbox 2537 4337 2607 4378; x_wconf 89' lang='lat' dir='ltr'><strong>ne</strong></span> <span class='ocrx_word' id='word_1_654' title='bbox 2636 4322 2854 4377; x_wconf 83' lang='lat' dir='ltr'><strong>honesti</strong></span> <span class='ocrx_word' id='word_1_655' title='bbox 2899 4322 3107 4378; x_wconf 88' lang='lat' dir='ltr'><strong>silentii</strong></span> <span class='ocrx_word' id='word_1_656' title='bbox 3143 4328 3315 4375; x_wconf 84' lang='lat' dir='ltr'><strong>nostri</strong></span> <span class='ocrx_word' id='word_1_657' title='bbox 3348 4335 3569 4375; x_wconf 84' lang='lat' dir='ltr'><strong>causam</strong></span> 
     </span>
    </p>
   </div>
   <div class='ocr_carea' id='block_1_90' title="bbox 1985 4413 3577 4488">
    <p class='ocr_par' dir='ltr' id='par_1_90' title="bbox 1985 4413 3577 4488">
     <span class='ocr_line' id='line_1_90' title="bbox 1985 4413 3577 4488; baseline -0.003 -17"><span class='ocrx_word' id='word_1_658' title='bbox 1985 4431 2107 4473; x_wconf 87' lang='lat' dir='ltr'><strong>esse</strong></span> <span class='ocrx_word' id='word_1_659' title='bbox 2128 4417 2488 4488; x_wconf 76' lang='lat' dir='ltr'><strong>ignorantiam</strong></span> <span class='ocrx_word' id='word_1_660' title='bbox 2517 4417 2819 4487; x_wconf 88' lang='lat' dir='ltr'><strong>importuni</strong></span> <span class='ocrx_word' id='word_1_661' title='bbox 2848 4417 3253 4472; x_wconf 85' lang='lat' dir='ltr'><strong>obtrectatores</strong></span> <span class='ocrx_word' id='word_1_662' title='bbox 3273 4413 3440 4487; x_wconf 64' lang='grc'>449</span> <span class='ocrx_word' id='word_1_663' title='bbox 3459 4414 3577 4468; x_wconf 66' lang='lat' dir='ltr'><strong>exin</strong></span> 
     </span>
    </p>
   </div>
   <div class='ocr_carea' id='block_1_91' title="bbox 1987 4494 3573 4578">
    <p class='ocr_par' dir='ltr' id='par_1_91' title="bbox 1987 4494 3573 4578">
     <span class='ocr_line' id='line_1_91' title="bbox 1987 4494 3573 4578; baseline -0.003 -11"><span class='ocrx_word' id='word_1_664' title='bbox 1987 4510 2299 4578; x_wconf 86' lang='lat' dir='ltr'><strong>stimarent,</strong></span> <span class='ocrx_word' id='word_1_665' title='bbox 2330 4526 2394 4566; x_wconf 91' lang='lat' dir='ltr'><strong>ea</strong></span> <span class='ocrx_word' id='word_1_666' title='bbox 2427 4526 2574 4566; x_wconf 89' lang='lat' dir='ltr'><strong>nunc</strong></span> <span class='ocrx_word' id='word_1_667' title='bbox 2616 4494 2866 4566; x_wconf 65' lang='lat' dir='ltr'><strong>historia:</strong></span> <span class='ocrx_word' id='word_1_668' title='bbox 2920 4510 3262 4565; x_wconf 68' lang='lat' dir='ltr'><strong>illustrandae</strong></span> <span class='ocrx_word' id='word_1_669' title='bbox 3295 4524 3485 4573; x_wconf 87' lang='lat' dir='ltr'><strong>causa,</strong></span> <span class='ocrx_word' id='word_1_670' title='bbox 3527 4509 3573 4562; x_wconf 89' lang='lat' dir='ltr'><strong>si</strong></span> 
     </span>
    </p>
   </div>
   <div class='ocr_carea' id='block_1_92' title="bbox 301 4596 1893 4675">
    <p class='ocr_par' dir='ltr' id='par_1_92' title="bbox 301 4596 1879 4671">
     <span class='ocr_line' id='line_1_92' title="bbox 301 4596 1879 4671; baseline 0.001 -20"><span class='ocrx_word' id='word_1_671' title='bbox 301 4602 543 4670; x_wconf 81' lang='grc' dir='ltr'>σχήματι</span> <span class='ocrx_word' id='word_1_672' title='bbox 572 4599 713 4671; x_wconf 59' lang='grc' dir='ltr'>πρὸς</span> <span class='ocrx_word' id='word_1_673' title='bbox 743 4599 842 4652; x_wconf 71' lang='grc' dir='ltr'><strong>ἕνα</strong></span> <span class='ocrx_word' id='word_1_674' title='bbox 864 4597 973 4652; x_wconf 84' lang='grc' dir='ltr'><strong>τῶν</strong></span> <span class='ocrx_word' id='word_1_675' title='bbox 1003 4598 1176 4666; x_wconf 81' lang='grc' dir='ltr'>φίλων</span> <span class='ocrx_word' id='word_1_676' title='bbox 1222 4599 1564 4668; x_wconf 76' lang='grc' dir='ltr'>εἰρήκειμεν,</span> <span class='ocrx_word' id='word_1_677' title='bbox 1598 4596 1687 4652; x_wconf 75' lang='grc' dir='ltr'>ἵνα</span> <span class='ocrx_word' id='word_1_678' title='bbox 1713 4598 1789 4671; x_wconf 85' lang='grc' dir='ltr'><strong>μὴ</strong></span> <span class='ocrx_word' id='word_1_679' title='bbox 1818 4600 1879 4652; x_wconf 87' lang='grc' dir='ltr'>τὸ</span> 
     </span>
    </p>
   </div>
   <div class='ocr_carea' id='block_1_93' title="bbox 1991 4596 3568 4675">
    <p class='ocr_par' dir='ltr' id='par_1_93' title="bbox 1991 4602 3568 4675">
     <span class='ocr_line' id='line_1_93' title="bbox 1991 4602 3568 4675; baseline -0.002 -17"><span class='ocrx_word' id='word_1_680' title='bbox 1991 4604 2082 4675; x_wconf 84' lang='lat' dir='ltr'><strong>qui</strong></span> <span class='ocrx_word' id='word_1_681' title='bbox 2128 4603 2269 4658; x_wconf 79' lang='lat' dir='ltr'><strong>forte</strong></span> <span class='ocrx_word' id='word_1_682' title='bbox 2298 4604 2516 4674; x_wconf 79' lang='lat' dir='ltr'><strong>cognita</strong></span> <span class='ocrx_word' id='word_1_683' title='bbox 2543 4602 2647 4658; x_wconf 88' lang='lat' dir='ltr'><strong>sibi</strong></span> <span class='ocrx_word' id='word_1_684' title='bbox 2678 4602 2871 4668; x_wconf 85' lang='lat' dir='ltr'><strong>velint,</strong></span> <span class='ocrx_word' id='word_1_685' title='bbox 2901 4602 3132 4673; x_wconf 82' lang='lat' dir='ltr'><strong>legenda</strong></span> <span class='ocrx_word' id='word_1_686' title='bbox 3165 4616 3568 4672; x_wconf 80' lang='lat' dir='ltr'><strong>preponemus.</strong></span> 
     </span>
    </p>
   </div>
   <div class='ocr_carea' id='block_1_94' title="bbox 296 4689 3573 4767">
    <p class='ocr_par' dir='ltr' id='par_1_94' title="bbox 296 4689 3573 4767">
     <span class='ocr_line' id='line_1_94' title="bbox 296 4689 3573 4767; baseline -0.003 -11"><span class='ocrx_word' id='word_1_687' title='bbox 296 4693 398 4761; x_wconf 79' lang='grc' dir='ltr'><strong>τῆς</strong></span> <span class='ocrx_word' id='word_1_688' title='bbox 436 4693 779 4763; x_wconf 70' lang='grc' dir='ltr'><strong>εὐσχήμονος</strong></span> <span class='ocrx_word' id='word_1_689' title='bbox 825 4690 984 4761; x_wconf 81' lang='grc' dir='ltr'>ἡμῶν</span> <span class='ocrx_word' id='word_1_690' title='bbox 1039 4690 1256 4761; x_wconf 78' lang='grc' dir='ltr'>σιωπῆς</span> <span class='ocrx_word' id='word_1_691' title='bbox 1299 4689 1572 4760; x_wconf 75' lang='grc' dir='ltr'>ὑπόληψιν</span> <span class='ocrx_word' id='word_1_692' title='bbox 1638 4692 1877 4765; x_wconf 83' lang='grc' dir='ltr'>ἀπορίας</span> <span class='ocrx_word' id='word_1_693' title='bbox 1913 4699 2169 4751; x_wconf 83' lang='grc' dir='ltr'>ὑπόθοιτο</span> <span class='ocrx_word' id='word_1_694' title='bbox 2196 4699 2311 4760; x_wconf 81' lang='grc' dir='ltr'>τοῖς</span> <span class='ocrx_word' id='word_1_695' title='bbox 2373 4695 2783 4767; x_wconf 82' lang='grc' dir='ltr'>ἀφειδεστέροις</span> <span class='ocrx_word' id='word_1_696' title='bbox 2806 4696 2917 4749; x_wconf 86' lang='grc' dir='ltr'><strong>τῶν</strong></span> <span class='ocrx_word' id='word_1_697' title='bbox 2946 4694 3247 4767; x_wconf 77' lang='grc' dir='ltr'>ὑϐριστῶν,</span> <span class='ocrx_word' id='word_1_698' title='bbox 3277 4694 3451 4748; x_wconf 83' lang='grc' dir='ltr'>ταῦτα</span> <span class='ocrx_word' id='word_1_699' title='bbox 3478 4695 3573 4746; x_wconf 68' lang='grc' dir='ltr'><strong>καὶ</strong></span> 
     </span>
    </p>
   </div>
   <div class='ocr_carea' id='block_1_95' title="bbox 299 4787 2204 4866">
    <p class='ocr_par' dir='ltr' id='par_1_95' title="bbox 299 4787 2204 4866">
     <span class='ocr_line' id='line_1_95' title="bbox 299 4787 2204 4866; baseline 0.004 -23"><span class='ocrx_word' id='word_1_700' title='bbox 299 4791 394 4844; x_wconf 75' lang='grc' dir='ltr'>νῦν</span> <span class='ocrx_word' id='word_1_701' title='bbox 426 4794 536 4852; x_wconf 77' lang='grc' dir='ltr'>τοῖς</span> <span class='ocrx_word' id='word_1_702' title='bbox 570 4788 941 4860; x_wconf 79' lang='grc' dir='ltr'>’ἐντυγχάνειν</span> <span class='ocrx_word' id='word_1_703' title='bbox 981 4787 1260 4841; x_wconf 69' lang='grc' dir='ltr'>ἐθέλουσιν</span> <span class='ocrx_word' id='word_1_704' title='bbox 1308 4788 1554 4859; x_wconf 80' lang='grc' dir='ltr'>ἱστορίας</span> <span class='ocrx_word' id='word_1_705' title='bbox 1581 4787 1746 4843; x_wconf 77' lang='grc' dir='ltr'>ἓνεκα</span> <span class='ocrx_word' id='word_1_706' title='bbox 1773 4795 2204 4866; x_wconf 82' lang='grc' dir='ltr'>παραθήσομεν.</span> 
     </span>
    </p>
   </div>
   <div class='ocr_carea' id='block_1_96' title="bbox 366 4880 1873 4956">
    <p class='ocr_par' dir='ltr' id='par_1_96' title="bbox 366 4880 1873 4956">
     <span class='ocr_line' id='line_1_96' title="bbox 366 4880 1873 4956; baseline 0.004 -20"><span class='ocrx_word' id='word_1_707' title='bbox 366 4883 444 4938; x_wconf 88' lang='lat' dir='ltr'><strong>B&#39;.</strong></span> <span class='ocrx_word' id='word_1_708' title='bbox 482 4900 502 4934; x_wconf 83' lang='grc' dir='ltr'><strong>ι</strong></span> <span class='ocrx_word' id='word_1_709' title='bbox 555 4881 763 4936; x_wconf 83' lang='grc' dir='ltr'>Ὁπόσα</span> <span class='ocrx_word' id='word_1_710' title='bbox 787 4883 898 4953; x_wconf 77' lang='grc' dir='ltr'><strong>γὰρ</strong></span> <span class='ocrx_word' id='word_1_711' title='bbox 931 4881 1068 4952; x_wconf 70' lang='grc'><strong>(20).</strong></span> <span class='ocrx_word' id='word_1_712' title='bbox 1107 4899 1128 4933; x_wconf 73' lang='grc' dir='ltr'><strong>ι</strong></span> <span class='ocrx_word' id='word_1_713' title='bbox 1169 4880 1331 4950; x_wconf 67' lang='grc' dir='ltr'>ἔφην,</span> <span class='ocrx_word' id='word_1_714' title='bbox 1369 4899 1390 4934; x_wconf 84' lang='grc' dir='ltr'><strong>ι</strong></span> <span class='ocrx_word' id='word_1_715' title='bbox 1420 4882 1532 4937; x_wconf 85' lang='grc' dir='ltr'>τῶν</span> <span class='ocrx_word' id='word_1_716' title='bbox 1560 4881 1873 4956; x_wconf 86' lang='grc' dir='ltr'>λεγομένων</span> 
     </span>
    </p>
   </div>
   <div class='ocr_carea' id='block_1_97' title="bbox 301 4974 1878 5048">
    <p class='ocr_par' dir='ltr' id='par_1_97' title="bbox 301 4974 1878 5048">
     <span class='ocr_line' id='line_1_97' title="bbox 301 4974 1878 5048; baseline 0.001 -19"><span class='ocrx_word' id='word_1_717' title='bbox 301 4975 424 5029; x_wconf 61' lang='grc' dir='ltr'>νοῦν</span> <span class='ocrx_word' id='word_1_718' title='bbox 445 4976 694 5047; x_wconf 78' lang='grc' dir='ltr'>ἡγεμόνα</span> <span class='ocrx_word' id='word_1_719' title='bbox 719 4974 1088 5047; x_wconf 77' lang='grc' dir='ltr'>προϐάλλεται</span> <span class='ocrx_word' id='word_1_720' title='bbox 1114 4975 1210 5029; x_wconf 73' lang='grc' dir='ltr'>καὶ</span> <span class='ocrx_word' id='word_1_721' title='bbox 1234 4974 1414 5047; x_wconf 87' lang='grc' dir='ltr'>τούτῳ</span> <span class='ocrx_word' id='word_1_722' title='bbox 1436 4975 1538 5047; x_wconf 81' lang='grc' dir='ltr'><strong>τὴν</strong></span> <span class='ocrx_word' id='word_1_723' title='bbox 1558 4978 1878 5048; x_wconf 85' lang='grc' dir='ltr'>πρέπουσαν</span> 
     </span>
    </p>
   </div>
   <div class='ocr_carea' id='block_1_98' title="bbox 210 5054 1878 5138">
    <p class='ocr_par' dir='ltr' id='par_1_98' title="bbox 210 5054 1878 5138">
     <span class='ocr_line' id='line_1_98' title="bbox 210 5054 1878 5138; baseline 0.001 -17"><span class='ocrx_word' id='word_1_724' title='bbox 210 5054 225 5064; x_wconf 71' lang='grc'><em>’</em></span> <span class='ocrx_word' id='word_1_725' title='bbox 300 5068 628 5138; x_wconf 82' lang='grc' dir='ltr'>αὐτονομίαν</span> <span class='ocrx_word' id='word_1_726' title='bbox 663 5069 850 5138; x_wconf 79' lang='grc' dir='ltr'>σαφῶς</span> <span class='ocrx_word' id='word_1_727' title='bbox 893 5068 1209 5138; x_wconf 70' lang='grc' dir='ltr'>ἐπιτρέπει,</span> <span class='ocrx_word' id='word_1_728' title='bbox 1248 5067 1424 5121; x_wconf 82' lang='grc' dir='ltr'>ταῦτα</span> <span class='ocrx_word' id='word_1_729' title='bbox 1461 5068 1709 5124; x_wconf 72' lang='grc' dir='ltr'>καινοῦν</span> <span class='ocrx_word' id='word_1_730' title='bbox 1737 5070 1878 5126; x_wconf 85' lang='grc' dir='ltr'>πάν-</span> 
     </span>
    </p>
   </div>
   <div class='ocr_carea' id='block_1_99' title="bbox 297 5159 1877 5233">
    <p class='ocr_par' dir='ltr' id='par_1_99' title="bbox 297 5159 1877 5233">
     <span class='ocr_line' id='line_1_99' title="bbox 297 5159 1877 5233; baseline 0.005 -23"><span class='ocrx_word' id='word_1_731' title='bbox 297 5178 407 5224; x_wconf 83' lang='grc' dir='ltr'><strong>τως</strong></span> <span class='ocrx_word' id='word_1_732' title='bbox 447 5163 693 5232; x_wconf 77' lang='grc' dir='ltr'>ὲπόπτην</span> <span class='ocrx_word' id='word_1_733' title='bbox 739 5159 1032 5230; x_wconf 79' lang='grc' dir='ltr'>ἐφέλκεται</span> <span class='ocrx_word' id='word_1_734' title='bbox 1065 5160 1162 5213; x_wconf 80' lang='grc' dir='ltr'>καὶ</span> <span class='ocrx_word' id='word_1_735' title='bbox 1190 5160 1446 5230; x_wconf 82' lang='grc' dir='ltr'>γλῶσσαν</span> <span class='ocrx_word' id='word_1_736' title='bbox 1480 5161 1743 5233; x_wconf 81' lang='grc' dir='ltr'>ἀναμένει</span> <span class='ocrx_word' id='word_1_737' title='bbox 1780 5165 1877 5218; x_wconf 77' lang='grc' dir='ltr'>σὺν</span> 
     </span>
    </p>
   </div>
   <div class='ocr_carea' id='block_1_100' title="bbox 2060 4885 3570 4959">
    <p class='ocr_par' dir='ltr' id='par_1_100' title="bbox 2060 4885 3570 4959">
     <span class='ocr_line' id='line_1_100' title="bbox 2060 4885 3570 4959; baseline -0.007 -14"><span class='ocrx_word' id='word_1_738' title='bbox 2060 4891 2126 4945; x_wconf 89' lang='lat' dir='ltr'><strong>ll.</strong></span> <span class='ocrx_word' id='word_1_739' title='bbox 2165 4909 2184 4942; x_wconf 82' lang='grc' dir='ltr'><strong>ι</strong></span> <span class='ocrx_word' id='word_1_740' title='bbox 2231 4889 2607 4959; x_wconf 67' lang='lat' dir='ltr'><strong>Quaecunque,</strong></span> <span class='ocrx_word' id='word_1_741' title='bbox 2652 4888 2898 4958; x_wconf 88' lang='lat' dir='ltr'><strong>inquam,</strong></span> <span class='ocrx_word' id='word_1_742' title='bbox 2942 4886 3108 4942; x_wconf 85' lang='lat' dir='ltr'><strong>verba</strong></span> <span class='ocrx_word' id='word_1_743' title='bbox 3167 4886 3248 4942; x_wconf 93' lang='lat' dir='ltr'><strong>sic</strong></span> <span class='ocrx_word' id='word_1_744' title='bbox 3286 4885 3570 4950; x_wconf 87' lang='lat' dir='ltr'><strong>dicuntur,</strong></span> 
     </span>
    </p>
   </div>
   <div class='ocr_carea' id='block_1_101' title="bbox 1990 4978 3575 5051">
    <p class='ocr_par' dir='ltr' id='par_1_101' title="bbox 1990 4978 3575 5051">
     <span class='ocr_line' id='line_1_101' title="bbox 1990 4978 3575 5051; baseline -0.004 -12"><span class='ocrx_word' id='word_1_745' title='bbox 1990 4994 2048 5039; x_wconf 91' lang='lat' dir='ltr'><strong>ut</strong></span> <span class='ocrx_word' id='word_1_746' title='bbox 2077 4993 2317 5039; x_wconf 88' lang='lat' dir='ltr'><strong>mentem</strong></span> <span class='ocrx_word' id='word_1_747' title='bbox 2350 4982 2548 5036; x_wconf 88' lang='lat' dir='ltr'><strong>ducem</strong></span> <span class='ocrx_word' id='word_1_748' title='bbox 2572 4980 2678 5035; x_wconf 89' lang='lat' dir='ltr'><strong>sibi</strong></span> <span class='ocrx_word' id='word_1_749' title='bbox 2724 4989 3037 5050; x_wconf 77' lang='lat' dir='ltr'><strong>proponant</strong></span> <span class='ocrx_word' id='word_1_750' title='bbox 3065 4979 3229 5051; x_wconf 85' lang='lat' dir='ltr'><strong>eique</strong></span> <span class='ocrx_word' id='word_1_751' title='bbox 3275 4978 3575 5050; x_wconf 87' lang='lat' dir='ltr'><strong>legitimam</strong></span> 
     </span>
    </p>
   </div>
   <div class='ocr_carea' id='block_1_102' title="bbox 1986 5070 3574 5137">
    <p class='ocr_par' dir='ltr' id='par_1_102' title="bbox 1986 5070 3574 5137">
     <span class='ocr_line' id='line_1_102' title="bbox 1986 5070 3574 5137; baseline -0.003 -10"><span class='ocrx_word' id='word_1_752' title='bbox 1986 5073 2372 5127; x_wconf 83' lang='lat' dir='ltr'><strong>auctoritatem</strong></span> <span class='ocrx_word' id='word_1_753' title='bbox 2418 5072 2644 5125; x_wconf 88' lang='lat' dir='ltr'><strong>omnino</strong></span> <span class='ocrx_word' id='word_1_754' title='bbox 2682 5070 2951 5137; x_wconf 87' lang='lat' dir='ltr'><strong>tribuant,</strong></span> <span class='ocrx_word' id='word_1_755' title='bbox 3008 5071 3197 5126; x_wconf 88' lang='lat' dir='ltr'><strong>eadem</strong></span> <span class='ocrx_word' id='word_1_756' title='bbox 3241 5072 3405 5126; x_wconf 87' lang='lat' dir='ltr'><strong>etiam</strong></span> <span class='ocrx_word' id='word_1_757' title='bbox 3442 5086 3574 5125; x_wconf 81' lang='lat' dir='ltr'><strong>ocu-</strong></span> 
     </span>
    </p>
   </div>
   <div class='ocr_carea' id='block_1_103' title="bbox 1977 5160 3574 5233">
    <p class='ocr_par' dir='ltr' id='par_1_103' title="bbox 1977 5160 3574 5233">
     <span class='ocr_line' id='line_1_103' title="bbox 1977 5160 3574 5233; baseline -0.003 -14"><span class='ocrx_word' id='word_1_758' title='bbox 1977 5164 2070 5219; x_wconf 72' lang='lat' dir='ltr'><strong>ios</strong></span> <span class='ocrx_word' id='word_1_759' title='bbox 2100 5164 2303 5219; x_wconf 80' lang='lat' dir='ltr'><strong>mentis</strong></span> <span class='ocrx_word' id='word_1_760' title='bbox 2334 5163 2399 5216; x_wconf 89' lang='lat' dir='ltr'><strong>ad</strong></span> <span class='ocrx_word' id='word_1_761' title='bbox 2435 5178 2494 5217; x_wconf 88' lang='lat' dir='ltr'><strong>se</strong></span> <span class='ocrx_word' id='word_1_762' title='bbox 2528 5160 2781 5215; x_wconf 89' lang='lat' dir='ltr'><strong>alliciunt</strong></span> <span class='ocrx_word' id='word_1_763' title='bbox 2809 5171 2863 5216; x_wconf 90' lang='lat' dir='ltr'><strong>et</strong></span> <span class='ocrx_word' id='word_1_764' title='bbox 2893 5162 3134 5233; x_wconf 79' lang='lat' dir='ltr'><strong>linguam</strong></span> <span class='ocrx_word' id='word_1_765' title='bbox 3180 5165 3463 5233; x_wconf 87' lang='lat' dir='ltr'><strong>sapienter</strong></span> <span class='ocrx_word' id='word_1_766' title='bbox 3486 5163 3574 5233; x_wconf 83' lang='lat' dir='ltr'><strong>ju-</strong></span> 
     </span>
    </p>
   </div>
   <div class='ocr_carea' id='block_1_104' title="bbox 297 5251 1893 5325">
    <p class='ocr_par' dir='ltr' id='par_1_104' title="bbox 297 5251 1886 5325">
     <span class='ocr_line' id='line_1_104' title="bbox 297 5251 1886 5325; baseline 0.004 -21"><span class='ocrx_word' id='word_1_767' title='bbox 297 5254 578 5323; x_wconf 81' lang='grc' dir='ltr'>ἐπιστήμῃ</span> <span class='ocrx_word' id='word_1_768' title='bbox 627 5252 979 5316; x_wconf 74' lang='grc' dir='ltr'>δικάζουσαν.</span> <span class='ocrx_word' id='word_1_769' title='bbox 1047 5252 1193 5306; x_wconf 83' lang='grc' dir='ltr'>Ὅσα</span> <span class='ocrx_word' id='word_1_770' title='bbox 1245 5251 1291 5306; x_wconf 80' lang='grc' dir='ltr'>δ’</span> <span class='ocrx_word' id='word_1_771' title='bbox 1336 5252 1605 5323; x_wconf 83' lang='grc' dir='ltr'>ἁρμονίας</span> <span class='ocrx_word' id='word_1_772' title='bbox 1664 5255 1886 5325; x_wconf 83' lang='grc' dir='ltr'>ἀπάσης</span> 
     </span>
    </p>
   </div>
   <div class='ocr_carea' id='block_1_105' title="bbox 1991 5251 3589 5325">
    <p class='ocr_par' dir='ltr' id='par_1_105' title="bbox 1991 5252 3589 5322">
     <span class='ocr_line' id='line_1_105' title="bbox 1991 5252 3589 5322; baseline -0.006 -14"><span class='ocrx_word' id='word_1_773' title='bbox 1991 5254 2263 5309; x_wconf 82' lang='lat' dir='ltr'><strong>dicantent</strong></span> <span class='ocrx_word' id='word_1_774' title='bbox 2311 5252 2510 5306; x_wconf 89' lang='lat' dir='ltr'><strong>merito</strong></span> <span class='ocrx_word' id='word_1_775' title='bbox 2567 5260 2914 5322; x_wconf 81' lang='lat' dir='ltr'><strong>exspectant.</strong></span> <span class='ocrx_word' id='word_1_776' title='bbox 2967 5254 3096 5319; x_wconf 66' lang='lat' dir='ltr'><strong>Quae</strong></span> <span class='ocrx_word' id='word_1_777' title='bbox 3138 5262 3325 5307; x_wconf 89' lang='lat' dir='ltr'><strong>autem</strong></span> <span class='ocrx_word' id='word_1_778' title='bbox 3388 5256 3589 5306; x_wconf 82' lang='lat' dir='ltr'><strong>omnis.</strong></span> 
     </span>
    </p>
   </div>
   <div class='ocr_carea' id='block_1_106' title="bbox 300 5344 1887 5418">
    <p class='ocr_par' dir='ltr' id='par_1_106' title="bbox 300 5344 1887 5418">
     <span class='ocr_line' id='line_1_106' title="bbox 300 5344 1887 5418; baseline 0.002 -21"><span class='ocrx_word' id='word_1_779' title='bbox 300 5344 765 5416; x_wconf 71' lang='grc' dir='ltr'>παραιτησάμενα</span> <span class='ocrx_word' id='word_1_780' title='bbox 803 5347 1002 5416; x_wconf 80' lang='grc' dir='ltr'>νόμους</span> <span class='ocrx_word' id='word_1_781' title='bbox 1036 5344 1181 5416; x_wconf 80' lang='grc' dir='ltr'>ὅρων</span> <span class='ocrx_word' id='word_1_782' title='bbox 1211 5345 1657 5416; x_wconf 80' lang='grc' dir='ltr'>ὲπιστημονικῶν</span> <span class='ocrx_word' id='word_1_783' title='bbox 1688 5346 1887 5418; x_wconf 78' lang='grc' dir='ltr'>ὑπερό-</span> 
     </span>
    </p>
   </div>
   <div class='ocr_carea' id='block_1_107' title="bbox 1992 5342 3573 5417">
    <p class='ocr_par' dir='ltr' id='par_1_107' title="bbox 1992 5342 3573 5417">
     <span class='ocr_line' id='line_1_107' title="bbox 1992 5342 3573 5417; baseline -0.004 -16"><span class='ocrx_word' id='word_1_784' title='bbox 1992 5348 2296 5401; x_wconf 71' lang='lat' dir='ltr'><strong>harmonia:</strong></span> <span class='ocrx_word' id='word_1_785' title='bbox 2315 5345 2529 5414; x_wconf 79' lang='lat' dir='ltr'><strong>legibus</strong></span> <span class='ocrx_word' id='word_1_786' title='bbox 2560 5344 2868 5415; x_wconf 83' lang='lat' dir='ltr'><strong>repudiatis</strong></span> <span class='ocrx_word' id='word_1_787' title='bbox 2894 5360 3038 5400; x_wconf 70' lang='lat' dir='ltr'><strong>vera:</strong></span> <span class='ocrx_word' id='word_1_788' title='bbox 3068 5344 3398 5417; x_wconf 76' lang='lat' dir='ltr'><strong>c0gnitionis</strong></span> <span class='ocrx_word' id='word_1_789' title='bbox 3430 5342 3573 5397; x_wconf 83' lang='lat' dir='ltr'><strong>litui-</strong></span> 
     </span>
    </p>
   </div>
   <div class='ocr_carea' id='block_1_108' title="bbox 299 5435 1893 5509">
    <p class='ocr_par' dir='ltr' id='par_1_108' title="bbox 299 5436 1887 5507">
     <span class='ocr_line' id='line_1_108' title="bbox 299 5436 1887 5507; baseline 0.002 -18"><span class='ocrx_word' id='word_1_790' title='bbox 299 5454 417 5507; x_wconf 87' lang='grc' dir='ltr'>ριον</span> <span class='ocrx_word' id='word_1_791' title='bbox 465 5442 561 5492; x_wconf 74' lang='grc' dir='ltr'><strong>καὶ</strong></span> <span class='ocrx_word' id='word_1_792' title='bbox 618 5439 833 5507; x_wconf 81' lang='grc' dir='ltr'>φυγάδα</span> <span class='ocrx_word' id='word_1_793' title='bbox 883 5439 1124 5491; x_wconf 87' lang='grc' dir='ltr'>τείνουσι</span> <span class='ocrx_word' id='word_1_794' title='bbox 1177 5438 1337 5504; x_wconf 76' lang='grc' dir='ltr'>πόδα,</span> <span class='ocrx_word' id='word_1_795' title='bbox 1373 5436 1527 5492; x_wconf 82' lang='grc' dir='ltr'>ταῦτ’</span> <span class='ocrx_word' id='word_1_796' title='bbox 1579 5438 1704 5493; x_wconf 72' lang='grc' dir='ltr'>οὔτε</span> <span class='ocrx_word' id='word_1_797' title='bbox 1758 5438 1887 5493; x_wconf 81' lang='grc' dir='ltr'>νοῦν</span> 
     </span>
    </p>
   </div>
   <div class='ocr_carea' id='block_1_109' title="bbox 1991 5435 3571 5509">
    <p class='ocr_par' dir='ltr' id='par_1_109' title="bbox 1991 5435 3571 5509">
     <span class='ocr_line' id='line_1_109' title="bbox 1991 5435 3571 5509; baseline -0.002 -18"><span class='ocrx_word' id='word_1_798' title='bbox 1991 5447 2073 5492; x_wconf 81' lang='lat' dir='ltr'><strong>tes</strong></span> <span class='ocrx_word' id='word_1_799' title='bbox 2106 5438 2262 5508; x_wconf 88' lang='lat' dir='ltr'><strong>quasi</strong></span> <span class='ocrx_word' id='word_1_800' title='bbox 2288 5436 2522 5508; x_wconf 82' lang='lat' dir='ltr'><strong>fugitivo</strong></span> <span class='ocrx_word' id='word_1_801' title='bbox 2557 5438 2696 5509; x_wconf 86' lang='lat' dir='ltr'><strong>pede</strong></span> <span class='ocrx_word' id='word_1_802' title='bbox 2742 5439 3085 5501; x_wconf 82' lang='lat' dir='ltr'><strong>transiliunt,</strong></span> <span class='ocrx_word' id='word_1_803' title='bbox 3115 5454 3180 5493; x_wconf 88' lang='lat' dir='ltr'><strong>ea</strong></span> <span class='ocrx_word' id='word_1_804' title='bbox 3221 5452 3325 5494; x_wconf 90' lang='lat' dir='ltr'><strong>nec</strong></span> <span class='ocrx_word' id='word_1_805' title='bbox 3372 5435 3571 5491; x_wconf 78' lang='lat' dir='ltr'><strong>utentis</strong></span> 
     </span>
    </p>
   </div>
   <div class='ocr_carea' id='block_1_110' title="bbox 298 5528 1885 5604">
    <p class='ocr_par' dir='ltr' id='par_1_110' title="bbox 298 5528 1885 5604">
     <span class='ocr_line' id='line_1_110' title="bbox 298 5528 1885 5604; baseline 0.003 -23"><span class='ocrx_word' id='word_1_806' title='bbox 298 5529 546 5603; x_wconf 77' lang='grc' dir='ltr'>ὲπόπτην</span> <span class='ocrx_word' id='word_1_807' title='bbox 583 5528 726 5584; x_wconf 74' lang='grc' dir='ltr'>οἶδεν</span> <span class='ocrx_word' id='word_1_808' title='bbox 759 5529 1083 5599; x_wconf 80' lang='grc' dir='ltr'>ἐφέλκεσθαι</span> <span class='ocrx_word' id='word_1_809' title='bbox 1112 5530 1207 5584; x_wconf 74' lang='grc' dir='ltr'><strong>καὶ</strong></span> <span class='ocrx_word' id='word_1_810' title='bbox 1237 5531 1418 5586; x_wconf 83' lang='grc' dir='ltr'>πάντα</span> <span class='ocrx_word' id='word_1_811' title='bbox 1444 5530 1604 5601; x_wconf 87' lang='grc' dir='ltr'>λόγον</span> <span class='ocrx_word' id='word_1_812' title='bbox 1634 5532 1885 5604; x_wconf 82' lang='grc' dir='ltr'>ἑρμηνέα</span> 
     </span>
    </p>
   </div>
   <div class='ocr_carea' id='block_1_111' title="bbox 1992 5530 3567 5602">
    <p class='ocr_par' dir='ltr' id='par_1_111' title="bbox 1992 5530 3567 5602">
     <span class='ocr_line' id='line_1_111' title="bbox 1992 5530 3567 5602; baseline -0.003 -17"><span class='ocrx_word' id='word_1_813' title='bbox 1992 5530 2187 5586; x_wconf 86' lang='lat' dir='ltr'><strong>oculos</strong></span> <span class='ocrx_word' id='word_1_814' title='bbox 2216 5531 2401 5585; x_wconf 90' lang='lat' dir='ltr'><strong>sciunt</strong></span> <span class='ocrx_word' id='word_1_815' title='bbox 2443 5531 2688 5599; x_wconf 88' lang='lat' dir='ltr'><strong>allicere,</strong></span> <span class='ocrx_word' id='word_1_816' title='bbox 2720 5540 2776 5586; x_wconf 90' lang='lat' dir='ltr'><strong>et</strong></span> <span class='ocrx_word' id='word_1_817' title='bbox 2822 5532 3129 5588; x_wconf 83' lang='lat' dir='ltr'><strong>orationem</strong></span> <span class='ocrx_word' id='word_1_818' title='bbox 3185 5540 3567 5602; x_wconf 77' lang='lat' dir='ltr'><strong>quamcunque</strong></span> 
     </span>
    </p>
   </div>
   <div class='ocr_carea' id='block_1_112' title="bbox 1655 5669 2221 5731">
    <p class='ocr_par' dir='ltr' id='par_1_112' title="bbox 1655 5669 2221 5731">
     <span class='ocr_line' id='line_1_112' title="bbox 1655 5669 2221 5731; baseline 0.007 -4"><span class='ocrx_word' id='word_1_819' title='bbox 1655 5669 1998 5731; x_wconf 74' lang='lat' dir='ltr'><strong>Variorum</strong></span> <span class='ocrx_word' id='word_1_820' title='bbox 2035 5676 2221 5731; x_wconf 67' lang='lat' dir='ltr'><strong>notae.</strong></span> 
     </span>
    </p>
   </div>
   <div class='ocr_carea' id='block_1_113' title="bbox 370 5794 1891 5865">
    <p class='ocr_par' dir='ltr' id='par_1_113' title="bbox 370 5794 1891 5865">
     <span class='ocr_line' id='line_1_113' title="bbox 370 5794 1891 5865; baseline 0.002 -15"><span class='ocrx_word' id='word_1_821' title='bbox 370 5798 480 5865; x_wconf 75' lang='lat'><strong>(:20)</strong></span> <span class='ocrx_word' id='word_1_822' title='bbox 516 5795 705 5848; x_wconf 81' lang='lat' dir='ltr'><strong>Exstat</strong></span> <span class='ocrx_word' id='word_1_823' title='bbox 728 5794 842 5849; x_wconf 58' lang='lat' dir='ltr'><strong>lucc</strong></span> <span class='ocrx_word' id='word_1_824' title='bbox 872 5797 1105 5865; x_wconf 78' lang='lat' dir='ltr'><strong>epistola</strong></span> <span class='ocrx_word' id='word_1_825' title='bbox 1136 5794 1188 5848; x_wconf 82' lang='lat' dir='ltr'><strong>in</strong></span> <span class='ocrx_word' id='word_1_826' title='bbox 1221 5796 1410 5850; x_wconf 88' lang='lat' dir='ltr'><strong>codice</strong></span> <span class='ocrx_word' id='word_1_827' title='bbox 1460 5797 1722 5852; x_wconf 78' lang='lat' dir='ltr'><strong>Vaticano</strong></span> <span class='ocrx_word' id='word_1_828' title='bbox 1756 5801 1891 5855; x_wconf 80' lang='lat' dir='ltr'><strong>l086</strong></span> 
     </span>
    </p>
   </div>
   <div class='ocr_carea' id='block_1_114' title="bbox 302 5866 1875 5938">
    <p class='ocr_par' dir='ltr' id='par_1_114' title="bbox 302 5866 1875 5938">
     <span class='ocr_line' id='line_1_114' title="bbox 302 5866 1875 5938; baseline -0.01 -15"><span class='ocrx_word' id='word_1_829' title='bbox 302 5880 354 5923; x_wconf 81' lang='lat' dir='ltr'><strong>et</strong></span> <span class='ocrx_word' id='word_1_830' title='bbox 385 5868 724 5933; x_wconf 79' lang='lat' dir='ltr'><strong>inscribitur,</strong></span> <span class='ocrx_word' id='word_1_831' title='bbox 749 5867 825 5935; x_wconf 81' lang='grc' dir='ltr'><strong>τῷ</strong></span> <span class='ocrx_word' id='word_1_832' title='bbox 862 5866 1276 5937; x_wconf 75' lang='grc' dir='ltr'>ιιεπαγωμένῳ,</span> <span class='ocrx_word' id='word_1_833' title='bbox 1303 5872 1431 5938; x_wconf 70' lang='grc' dir='ltr'>περὶ</span> <span class='ocrx_word' id='word_1_834' title='bbox 1465 5870 1573 5923; x_wconf 76' lang='grc' dir='ltr'>τῶν</span> <span class='ocrx_word' id='word_1_835' title='bbox 1602 5871 1875 5926; x_wconf 51' lang='lat' dir='ltr'><strong>amr,de</strong></span> 
     </span>
    </p>
   </div>
   <div class='ocr_carea' id='block_1_115' title="bbox 2003 5794 3572 5872">
    <p class='ocr_par' dir='ltr' id='par_1_115' title="bbox 2003 5794 3572 5872">
     <span class='ocr_line' id='line_1_115' title="bbox 2003 5794 3572 5872; baseline -0.003 -17"><span class='ocrx_word' id='word_1_836' title='bbox 2003 5800 2152 5872; x_wconf 78' lang='grc' dir='ltr'>αὐτῷ</span> <span class='ocrx_word' id='word_1_837' title='bbox 2181 5801 2402 5871; x_wconf 72' lang='grc' dir='ltr'>τερατο)</span> <span class='ocrx_word' id='word_1_838' title='bbox 2416 5804 2603 5869; x_wconf 74' lang='grc' dir='ltr'>ογιῶν,</span> <span class='ocrx_word' id='word_1_839' title='bbox 2634 5806 2741 5859; x_wconf 82' lang='grc' dir='ltr'>τῶν</span> <span class='ocrx_word' id='word_1_840' title='bbox 2772 5806 2870 5872; x_wconf 80' lang='grc' dir='ltr'><strong>μὲν</strong></span> <span class='ocrx_word' id='word_1_841' title='bbox 2902 5803 3201 5857; x_wconf 58' lang='grc' dir='ltr'>ἄνωθενκὲκ</span> <span class='ocrx_word' id='word_1_842' title='bbox 3227 5794 3572 5871; x_wconf 74' lang='grc' dir='ltr'>Τραπεζοῦνο</span> 
     </span>
    </p>
   </div>
   <div class='ocr_carea' id='block_1_116' title="bbox 1988 5872 3247 5942">
    <p class='ocr_par' dir='ltr' id='par_1_116' title="bbox 1988 5872 3247 5942">
     <span class='ocr_line' id='line_1_116' title="bbox 1988 5872 3247 5942; baseline 0.003 -19"><span class='ocrx_word' id='word_1_843' title='bbox 1988 5890 2101 5938; x_wconf 77' lang='grc' dir='ltr'>τος,</span> <span class='ocrx_word' id='word_1_844' title='bbox 2132 5872 2241 5925; x_wconf 81' lang='grc' dir='ltr'><strong>τῶν</strong></span> <span class='ocrx_word' id='word_1_845' title='bbox 2269 5874 2326 5926; x_wconf 77' lang='grc' dir='ltr'>δὲ</span> <span class='ocrx_word' id='word_1_846' title='bbox 2367 5877 2613 5929; x_wconf 63' lang='grc' dir='ltr'>κλτωθεν</span> <span class='ocrx_word' id='word_1_847' title='bbox 2653 5876 2707 5942; x_wconf 65' lang='grc' dir='ltr'><strong>ἐξ</strong></span> <span class='ocrx_word' id='word_1_848' title='bbox 2753 5876 3006 5937; x_wconf 69' lang='grc' dir='ltr'>Ἰταλίας.</span> <span class='ocrx_word' id='word_1_849' title='bbox 3042 5874 3247 5930; x_wconf 67' lang='grc' dir='ltr'>Βοινιῖι.</span> 
     </span>
    </p>
   </div>
  </div>
