4062 6468
333 439 439 501 6ίὸ

581 434 659 511 [Αἶ
693 450 743 490 c.
786 435 922 491 1528
963 451 1031 490 AD
1078 436 1235 509 tati]
1346 438 1795 525 ΒΥΖΛΝΤΙΝᾹΞ
1836 438 1916 500 HI

2021 437 2227 497 ORL‘E
2266 436 2415 496 LIB.
2458 435 2565 495 IX.

2681 429 2815 502 [ηερ.
2857 440 3142 484 monomc.
3199 424 3343 500 tum]

3496 427 3607 495 846

330 551 424 605 τὸν
451 549 594 621 ἀέρα
616 550 833 620 φύσεως
866 552 1140 624 ἔλαχε’ν,ἢ
1181 554 1419 609 διαδόσει
1463 555 1774 623 ποιότητος,
1813 554 1914 608 ὅσα

2019 564 2133 612 res,
2164 547 2424 612 fulmina,
2458 544 2675 602 incensi
2731 544 3007 601 turbines.
3039 542 3199 610 Quod
3246 542 3292 598 si
3323 551 3380 597 et
3414 552 3614 598 ventus

330 642 535 713 δηλαδὴ
576 643 848 714 χεομένην
887 647 985 698 κεπιὶ⁸
1033 646 1112 714 τῷ
1152 646 1276 716 ἀέρι
1311 646 1454 699 πάνυ
1505 663 1589 700 τοι
1618 647 1913 716 προσφυῶς

329 735 775 807 ἀνακιρναμένην
808 735 968 807 ἔσχεν
996 738 1191 809 αὐτὴν,
1225 738 1416 810 ὥσπερ
1449 739 1621 809 ὀσμαὶ
1650 739 1745 794 καὶ
1772 741 1916 811 χρώ-

335 841 484 891 ματα
510 827 606 878 καὶ
644 829 884 896 σκηπτοὶ
918 832 1014 882 καὶ
1055 831 1396 902 πρηστῆρες.
1438 812 1771 901 Καὶκμέντοι
1817 831 1913 886 καὶ

331 912 532 983 ἄνεμος
557 914 608 966 εί
638 915 762 967 καθ’
802 917 1084 971 ὁντιναοῦν
1110 922 1341 974 τουτωνὶ
1373 922 1580 992 τρόπον
1619 923 1652 994 ἢ
1683 922 1912 992 διαιρῶν

333 999 537 1073 δηλαδὴ
559 1001 653 1055 τὸν
678 1004 817 1074 ἀέρα
853 1007 951 1059 καὶ
986 1006 1078 1061 τὸν
1104 1010 1316 1064 ἐκείνου
1349 1013 1515 1064 τόπον
1555 1014 1901 1085 μεταλαμόά.

331 1110 438 1146 νων
483 1093 647 1166 διῄει,
697 1096 729 1166 ἢ
783 1097 962 1171 τούτῳ
1013 1101 1250 1156 διαδόσει
1297 1107 1587 1175 ποιότητος
1634 1110 1913 1177 σφαλερᾱς

330 1186 677 1257 ἁνεκιρνᾶτο,
704 1191 890 1258 πᾷσαν
913 1194 1128 1260 γένεσιν
1152 1196 1217 1249 εκ
1245 1197 1340 1250 τοῦ
1373 1199 1716 1270 παραχρῆμα
1736 1200 1914 1269 φθορά

333 1280 616 1350 προφανὴς
647 1281 916 1353 διεδέχετο
952 1286 1041 1341 ἄν.
1082 1285 1196 1340 Νῦν
1245 1289 1302 1343 δδ
1338 1291 1653 1347 τούναντίον
1701 1293 1910 1354 εὐκρα-

306 1371 455 1434 ισίας
496 1372 647 1442 ἡμᾶς
699 1375 924 1445 ἀπάσης
984 1378 1348 1449 ἐμπιπλῶντα
1395 1382 1671 1455 βλέπομεν
1719 1385 1913 1440 τοῦτον

326 1463 456 1517 αἰεί.
488 1465 659 1520 Οὐδὲν
705 1467 816 1540 γὰρ
854 1470 1043 1540 ἕτερον
1077 1473 1278 1545 ἄνεμος
1323 1475 1357 1547 ἢ
1398 1478 1735 1549 στερροτέρα
1770 1481 1915 1549 φορά

328 1556 426 1610 καὶ
458 1555 617 1626 χύσις
653 1559 842 1631 ἀέρος,
884 1562 943 1628 ὃς
989 1565 1079 1618 ἀεὶ
1125 1566 1383 1633 πλούσιος
1433 1570 1534 1641 μὲν
1576 1573 1711 1641 ἡμῖν
1758 1590 1916 1641 περι-

328 1643 577 1715 κέχυται,
608 1648 775 1703 αὐτοῦ
801 1651 848 1704 δ’
877 1654 1229 1726 ἀπολαύομεν
1267 1656 1502 1711 καθόσον
1531 1658 1755 1727 ἐφικτὸν
1787 1660 1916 1714 ἑκά-

257 1794 264 1799 _
332 1749 468 1805 στῳ.
498 1735 607 1790 κᾶν
633 1738 777 1792 πάνυ
808 1758 893 1795 τοι
925 1742 1176 1808 πλεῖστος
1204 1745 1428 1816 ἕπηται.
1475 1746 1684 1801 Ἐκεῖνό
1713 1764 1776 1817 γε
1807 1747 1914 1821 μὴν

329 1828 463 1918 xci,
482 1831 744 1899 μαντείας
786 1833 919 1900 ἴσως
971 1836 1169 1905 δεῖται,
1216 1841 1313 1893 καὶ
1344 1840 1448 1895 οὐκ
1478 1841 1589 1912 ἔχω
1635 1843 1664 1896 ὃ
1705 1859 1754 1897 τι
1804 1842 1911 1912 φῶ.

332 1924 552 1980 Πόλεων
582 1927 692 1997 γὰρ
725 1930 820 1985 καὶ
849 1930 1084 2002 δένδρων
1112 1934 1206 1987 καὶ
1237 1934 1382 2006 ὀρῶν
1414 1953 1581 2006 φασιν
1608 1936 1668 2002 ἐξ
1694 1936 1913 2002 ἀνέμων

334 2018 554 2073 πάντων
589 2021 726 2093 ὁμοῦ
772 2025 1110 2095 κινηθέντων
1156 2029 1548 2100 καταστροφάς
1593 2032 1688 2084 καὶ
1740 2046 1914 2101 μετα-

333 2107 539 2174 ϐάσεις.
576 2112 701 2177 Πῶς
728 2114 843 2185 γὰρ
867 2118 963 2169 καὶ
989 2117 1066 2186 πῆ
1102 2121 1480 2190 περιχωρήσει
1509 2122 1605 2174 καὶ
1635 2123 1911 2193 μεταστή-

332 2204 490 2256 σεταί
511 2220 565 2258 τι
591 2204 820 2271 τούτων,
853 2209 1353 2279 περικυκλούντων,
1379 2211 1455 2274 ὥς
1487 2229 1672 2283 φασιν,
1709 2214 1912 2270 οὑτωσὶ

334 2294 445 2346 τῶν
473 2295 689 2366 ἀνέμων
715 2301 780 2352 ἐκ
808 2298 1106 2372 διαμέτρου
1134 2321 1152 2371 ;
1198 2305 1352 2368 Ἐνδς
1381 2306 1483 2376 μὲν
1516 2307 1625 2378 γὰρ
1670 2307 1915 2378 ξυνωθή·

336 2403 528 2451 σαντος
576 2389 782 2460 ἀνέμου
815 2393 905 2445 καὶ
936 2390 1031 2457 ξὺν
1074 2394 1169 2467 βίᾳ.
1200 2395 1567 2466 κλονήσαντος
1612 2400 1914 2471 ἀνατετρά-

333 2478 466 2547 φθαι
496 2481 677 2537 οἰκίαν
736 2482 851 2538 ἔσθ’
896 2486 1046 2557 ὄτεῆ
1095 2488 1311 2561 δένδρον
1358 2492 1453 2545 ἐπί
1508 2492 1714 2562 θάτερα
1749 2495 1912 2566 μέρη,

331 2572 524 2626 καινὸν
556 2573 657 2628 οὐκ
690 2576 760 2630 ἂν
802 2578 909 2646 εἴη,
940 2579 1056 2632 ἀλλ’
1080 2580 1157 2643 ὡς
1197 2583 1264 2636 τὰ
1299 2583 1470 2638 πολλὰ
1500 2585 1610 2639 τῶν
1646 2586 1789 2658 ὅρων
1813 2587 1915 2656 τῆς

332 2663 625 2734 συνηθείας
674 2668 847 2732 ἐντός.
877 2667 960 2742 [Ρ.
991 2670 1122 2745 278]
1155 2674 1374 2729 Πολλῶν
1423 2676 1471 2730 δ’
1514 2678 1914 2732 ἀντιπνεόντων

329 2754 489 2821 όμοῦ,
519 2758 682 2830 σχολῇ
700 2759 752 2828 γ’
768 2759 835 2814 ἂν
857 2766 1272 2839 καταστραφείη
1291 2784 1343 2820 τι
1365 2769 1474 2823 τῶν
1499 2768 1780 2823 ἁπάντων.
1801 2770 1916 2842 Τὴν

330 2846 445 2918 γὰρ
459 2847 550 2900 τοῦ
565 2849 683 2914 ἐνὸς
707 2853 1009 2926 ἀντώθησιν
1029 2857 1060 2926 ἠ
1085 2856 1314 2928 θατέρου
1331 2854 1640 2925 ἐξεναντίας
1657 2863 1914 2915 ἀντίστα-

335 2954 421 3001 σις
456 2939 738 3010 θραύουσα
783 2947 881 3001 καὶ
913 2950 1345 3021 ἀναχαιτίζουσα
1373 2951 1674 3025 ἀκλόνητον
1712 2954 1773 3008 τὸ
1808 2970 1916 3009 πα·-

339 3027 521 3114 ράπαν
552 3029 613 3095 ἐξ
661 3034 1166 3107 ἁντιπεριστάσεως
1205 3041 1463 3094 ἵστασθαι
1499 3045 1916 3114 παρασκευάσει

337 3114 397 3165 τὸ
432 3113 776 3186 βιαζόμενον.
813 3122 1024 3188 Ἄλλως
1049 3142 1108 3178 τε
1155 3127 1251 3180 xui.
1281 3128 1420 3199 ὁμοῦ
1454 3113 1589 3194 τοὺς
1611 3131 1756 3186 κατά
1804 3130 1944 3187 διά-’

2018 640 2211 707 aliquo
2261 638 2463 693 borum
2515 636 2806 693 modorum
2859 635 2945 690 vel
2999 649 3189 690 aerem
3239 632 3537 688 dividendo
3561 642 3622 690 et

2017 733 2144 804 ejus
2171 732 2379 788 locum‘
2408 729 2737 800 occupando
2785 728 3068 793 transiret,
3096 727 3184 783 vel
3211 726 3393 783 eidem
3426 727 3620 783 diatri—

2021 821 2256 877 butione
2300 821 2588 891 qualitatis
2648 819 2879 874 lubricae
2925 817 3408 884 commisceretur,
3431 818 3619 874 statim

2016 929 2241 970 omnem
2290 913 2707 985 generationem
2738 911 3069 966 manifestus
3099 910 3363 966 interitus
3390 909 3617 982 excipe—

2015 1015 2120 1063 ret.
2150 1007 2312 1063 Nunc
2363 1016 2555 1062 contra
2591 1006 2741 1060 omni
2790 1020 2894 1060 nos
2932 1005 3199 1076 temperie
3235 1003 3502 1074 compleri
3536 1004 3626 1056 vi"

2017 1099 2216 1156 demus
2246 1098 2315 1153 ab
2346 1114 2415 1153 eo
2472 1112 2711 1169 semper.
2765 1098 2955 1167 Neque
2989 1099 3136 1152 enim
3170 1097 3331 1151 aliud‘
3356 1105 3446 1151 est
3481 1077 3626 1150 ven.

2019 1203 2139 1258 tus,
2182 1208 2347 1263 quam
2380 1191 2576 1249 fortior
2629 1191 2870 1262 impetus
2914 1200 2968 1245 et
2994 1191 3148 1261 quasi
3195 1189 3419 1246 diffusio
3448 1190 3615 1255 aeris,

2024 1286 2121 1355 qui
2153 1300 2256 1339 nos
2286 1299 2510 1354 semper
2553 1284 2779 1353 copiose
2836 1281 3278 1347 circumfundit;
3303 1295 3483 1350 eoque
3515 1295 3618 1334 nos

2017 1376 2280 1443 fruimur,
2308 1384 2584 1446 quatenus
2610 1382 2698 1429 est
2727 1374 3030 1444 unicuique
3055 1387 3406 1437 concessum,
3429 1386 3620 1442 quam-

2018 1470 2106 1526 vis
2133 1469 2522 1541 copiosissime
2566 1482 2671 1523 nos
2717 1477 3004 1537 sequatur.
3037 1465 3177 1521 Illud
3205 1481 3339 1521 vero
3367 1463 3621 1520 fortassis

2016 1562 2185 1618 etiam
2232 1560 2691 1616 vaticinationem
2748 1559 3049 1623 desiderat,
3074 1572 3258 1631 neque
3308 1571 3412 1628 ego
3438 1556 3620 1611 habeo

2017 1653 2151 1725 quid
2207 1661 2466 1709 statuam.
2505 1638 2711 1707 Dicunt.
2763 1651 2932 1707 iidem
2987 1653 3158 1705 urbes
3195 1658 3253 1705 et
3282 1649 3517 1705 arbores
3562 1659 3620 1704 et

2020 1757 2265 1812 montes,
2299 1745 2480 1800 ventis
2512 1745 2679 1800 simul
2709 1745 2975 1800 omnibus
3004 1743 3322 1808 concitatis,
3349 1757 3612 1797 eversum

2020 1845 2186 1907 atque
2221 1837 2553 1891 translatum
2582 1836 2673 1890 iri.
2697 1836 2992 1902 Quomodo
3017 1850 3080 1891 ea
3114 1835 3372 1890 videlicet
3394 1843 3451 1891 et
3481 1848 3622 1905 quo-

2020 1944 2144 1984 nam
2183 1929 2445 1984 translata
2480 1929 2822 1996 transibunt,
2848 1944 2973 1984 cum
3025 1928 3175 1985 venti
3206 1942 3421 1993 omnes,
3451 1931 3526 1983 ita
3559 1937 3623 1982 ut
3732 1984 3743 1989 _

2016 2022 2071 2076 bi
2103 2022 2335 2086 dicunt,
2376 2036 2443 2076 ex
2490 2021 2749 2092 opposito
2803 2023 3080 2099 spirantes
3116 2036 3182 2075 ea
3215 2020 3617 2075 cireumdaturi

2016 2115 2188 2168 sunt?
2213 2114 2349 2169 Nam
2376 2115 2526 2169 vent‘i
2549 2114 2775 2183 quidem
2802 2114 2969 2168 unius
3011 2112 3254 2182 impulsu
3286 2122 3345 2167 et
3374 2112 3621 2166 violento

1976 2205 2230 2275 .impetu
2284 2185 2461 2260 everti
2525 2204 2779 2269 domum,
2807 2214 2905 2259 aut
2951 2204 3208 2259 arborem
3260 2220 3447 2269 ruere,
3482 2204 3616 2257 novi

2017 2295 2158 2351 nihil
2193 2297 2383 2362 fuerit,
2434 2311 2540 2352 nec
2581 2311 2611 2350 a
2675 2296 3081 2351 consuetudine
3134 2295 3456 2350 abhorreat.
3508 2292 3618 2348 Sed

2017 2388 2110 2444 ubi
2143 2387 2309 2460 452
2355 2388 2582 2460 plurimi
2621 2388 2788 2444 simul
2816 2404 2883 2444 ex
2920 2389 3156 2444 adverso
3189 2388 3475 2458 spirarint,
3501 2402 3616 2440 non

2021 2483 2218 2553 utique
2253 2482 2556 2553 quidquam
2596 2466 2850 2538 omnium
2908 2490 3290 2552 prosternent.
3320 2480 3457 2536 Nam
3490 2495 3623 2536 cum

2017 2578 2183 2631 unius
2218 2575 2636 2646 impressionem
2676 2575 2908 2631 alterius
2952 2574 3232 2628 contraria
3323 2573 3625 2643 impressio

2018 2669 2233 2739 frangat
2262 2678 2317 2725 et
2347 2668 2634 2739 reprimat,
2657 2682 2724 2722 ex
2754 2667 2858 2722 ista
2888 2667 3007 2738 pari
3038 2666 3304 2736 utrinque
3355 2666 3618 2721 violentia

2019 2758 2074 2812 in
2128 2758 2314 2813 medio
2355 2757 2750 2812 inconcussum
2788 2767 2845 2812 et
2888 2755 3088 2812 stabile
3147 2755 3494 2826 permanebit
3536 2754 3633 2821 id;

2020 2849 2109 2904 cui
2136 2851 2223 2906 vis
2257 2849 2517 2904 infertur.
2559 2848 2833 2904 Praeterea
2862 2858 3064 2903 ventos
3091 2863 3162 2902 ex
3191 2846 3428 2903 adverso
3451 2847 3625 2904 simul

2023 2942 2258 3006 moveri,
2316 2955 2420 2997 nec
2462 2940 2799 2996 Aristoteles
2845 2938 3156 2996 secundum
3206 2951 3463 2994 naturam
3496 2954 3627 2995 esse

2021 3037 2320 3101 concedit,
2379 3050 2482 3091 nec
2532 3036 2803 3106 temporis
2855 3033 3197 3089 diuturnitas
3249 3047 3441 3088 verum
3495 3047 3632 3088 esse

2022 3127 2287 3184 ostendit.
2315 3126 2589 3184 Craterum
2648 3125 2784 3180 illud
2832 3138 2978 3196 pene
3026 3138 3113 3178 me
3153 3123 3447 3193 praeteriit,
3470 3125 3620 3195 quod

341 3222 551 3301 μετρον⁸
580 3211 818 3301 ἀνέμους
850 3217 1143 3284 κινεῖσθαι,
1187 3218 1301 3273 οὔτ’
1343 3221 1724 3296 Ἀριστοτέλης
1754 3226 1916 3294 φύσιν

2024 3221 2216 3278 Martis
2246 3232 2303 3277 et
2336 3220 2565 3278 Saturni
2603 3221 2662 3277 in
2695 3236 2808 3276 uno
2843 3223 3002 3291 signo
3033 3234 3395 3290 congressum
3427 3235 3627 3290 pugnre

333 3296 483 3368 ἔχειν
532 3299 770 3370 δίδωσιν,
823 3305 939 3359 οὔθ’
990 3309 1019 3360 ό
1076 3309 1248 3373 πολὺς
1299 3311 1469 3383 ἔφηνε
1516 3312 1725 3385 χρόνος.
1773 3314 1915 3368 Ἀλλ’

331 3392 510 3445 ἐκεῖνο
548 3396 748 3466 μικροῦ
786 3414 854 3467 με
904 3402 1250 3472 παρέδραμε.
1282 3404 1396 3474 Τὴν
1418 3405 1526 3476 γὰρ
1564 3404 1661 3459 τοῦ
1707 3407 1916 3479 Κρόνου

335 3483 430 3539 καὶ
457 3485 654 3557 Ἄρεος
701 3489 792 3558 ὑφ’
818 3491 901 3545 ἐνὶ
924 3492 1102 3564 ζωδίῳ
1127 3495 1443 3551 συνέλευσιν
1469 3498 1651 3552 αἰτίαν
1677 3498 1780 3568 τῆς
1808 3500 1916 3553 τῶν

332 3577 551 3648 ἀνέμων
581 3581 824 3637 τίθενται
866 3587 1049 3656 μάχης
1087 3586 1184 3640 καὶ
1202 3590 1309 3660 πρό
1337 3606 1401 3657 γε
1433 3589 1645 3645 τούτων
1675 3592 1916 3663 ἡλιακήν

331 3684 456 3723 τινα
488 3670 755 3742 ἔκλειψιν.
783 3674 845 3728 Εἰ
877 3674 970 3728 οὖν
995 3676 1171 3730 ταῦτα
1202 3681 1397 3752 φανείη
1439 3681 1637 3753 ψεῦδος
1676 3700 1917 3756 περιφα-

333 3760 443 3826 νὲς,
479 3764 758 3836 ἡγούμενα
782 3767 915 3822 δντα
940 3770 1049 3824 τῶν
1078 3770 1303 3842 ἐφεξῆς,
1328 3773 1499 3846 ψευδῆ
1530 3775 1750 3840 πάντως
1779 3778 1920 3846 μετά

336 3855 433 3908 τοῦ
464 3857 713 3927 μείζονος
755 3860 1078 3932 προσθήκης
1107 3866 1326 3932 φανεῖεν
1359 3865 1428 3919 ἀν
1469 3868 1564 3921 καὶ⁵
1595 3867 1663 3921 τὰ
1703 3869 1918 3932 τούτοις

334 3946 612 4018 ἑπόμενα*
643 3946 837 4018 ὥσπερ
893 3951 1043 4006 arma!
1068 3970 1152 4019 τις
1202 3955 1303 4025 τὴν
1346 3956 1504 4025 ῥίζαν
1558 3958 1652 4010 τοῦ
1700 3958 1916 4028 δένδρου

333 4041 516 4111 τεμὼν
569 4046 916 4112 συναφεῖλεν“
945 4040 1109 4111 εὐθὺς
1152 4049 1247 4100 καὶ
1289 4049 1391 4120 τὴν
1432 4049 1543 4103 τῶν
1596 4050 1917 4124 ἀκροδρύων

333 4134 534 4206 ψυχήν.
575 4138 651 4191 Οὐ
685 4139 795 4210 γὰρ
853 4140 1016 4209 μόνον
1039 4143 1097 4194 ὲν
1141 4143 1255 4205 τοῖς
1289 4141 1528 4214 παροῦσι
1567 4146 1782 4214 καιροῖς
1817 4144 1918 4200 οὐκ

337 4229 474 4282 εἰσὶν
497 4229 609 4285 ,ὑπὸ
650 4230 932 4297 (etiam
982 4234 1191 4305 Κρόνος
1247 4236 1343 4290 καὶ
1379 4238 1581 4308 Ἀρης,
1634 4236 1751 4290 ἀλλ’
1797 4237 1919 4290 οὐδὲ

314 4318 477 4377 ’δυοῖν
511 4324 753 4396 συνεχῶς
805 4325 1231 4399 ἐξελιττομένων
1285 4329 1554 4383 ὲνιαυτῶν
1575 4331 1698 4383 ὀὐκ
1734 4331 1798 4385 ἄν
1830 4347 1918 4382 πω

337 4416 648 4470 συνέλθοιεν
688 4418 774 4473 ἄν.
812 4420 987 4491 Ἀρης
1027 4423 1137 4492 γὰρ
1168 4422 1236 4474 ὲκ
1267 4420 1465 4474 πολλοῦ
1518 4423 1646 4491 περὶ
1678 4421 1779 4492 τὴν
1825 4423 1919 4476 τοῦ

334 4513 562 4576 Λέοντος
597 4512 1090 4583 πεντεκαιδεκάτην
1123 4518 1322 4587 μοῖραν
1369 4514 1459 4568 τὸν
1504 4516 1711 4584 Κρῦεοον
1747 4534 1920 4568 κατα-

2023 3323 2321 3370 ventorum
2370 3329 2594 3371 causam
2649 3322 2920 3379 statuunt,
2955 3324 3013 3369 et
3057 3312 3310 3368 antehas
3347 3312 3633 3368 defectio~

2020 3422 2147 3462 nem
2180 3406 2481 3476 quamdam
2525 3405 2681 3461 solis.
2729 3404 2862 3471 Qua:
2910 3419 3037 3459 cum
3080 3402 3352 3475 principia
3397 3403 3623 3471 sint,ex

2017 3500 2226 3571 quibus
2283 3510 2480 3555 ca'tera
2515 3506 2959 3569 consequuntur,
3002 3497 3046 3552 si
3108 3496 3242 3552 falsa
3275 3510 3398 3551 esse
3429 3504 3639 3567 palus--

2018 3593 2110 3656 rit,
2139 3594 2314 3664 magis
2359 3593 2553 3663 utique
2603 3591 2737 3645 falsa
2787 3600 2955 3644 erunt
2998 3604 3064 3643 ea
3100 3587 3309 3654 omnia,
3329 3603 3451 3659 quae
3493 3589 3635 3644 inde

2017 3686 2361 3756 colliguntur
2408 3702 2424 3757 ;
2477 3684 2624 3740 sicut
2668 3683 2885 3738 succisa
2933 3682 3117 3737 radice
3154 3680 3370 3736 arboris
3421 3682 3622 3736 summi

2019 3778 2187 3835 etiam
2226 3775 2534 3832 cacuminis
2570 3773 2768 3839 .anima
2803 3773 3016 3828 interit.
3055 3772 3214 3841 Atqui
3241 3771 3347 3826 hoc
3376 3783 3634 3842 tempore

2023 3869 2302 3925 Saturnus
2356 3878 2413 3924 et
2454 3866 2602 3921 Mars
2646 3882 2757 3927 non
2805 3867 2984 3921 solum
3039 3865 3093 3918 in
3148 3881 3268 3919 uno
3322 3865 3481 3935 signo
3512 3880 3622 3919 non

2021 3970 2172 4028 sunt,
2206 3961 2303 4018 sed
2335 3977 2437 4016 nec
2462 3960 2626 4015 annis
2656 3960 2882 4029 quidem
2927 3957 3212 4012 continuis
3242 3956 3464 4011 duobus
3492 3971 3631 4011 evo-

2017 4054 2150 4110 lutis
2178 4053 2344 4108 simul
2382 4050 2649 4122 congredi
2693 4059 2949 4120 possunt.
2982 4048 3199 4115 Etenim
3236 4046 3398 4108 Mars,
3433 4044 3624 4101 Satur-

2021 4163 2094 4202 no
2119 4144 2455 4218 jampridem
2506 4145 2566 4199 in
2609 4142 2823 4197 decima
2878 4141 3071 4212 quinta
3098 4138 3312 4194 Leonis
3347 4148 3505 4209 parte
3536 4153 3625 4192 rc-

2019 4241 2174 4300 licto,
2202 4242 2256 4294 in
2292 4237 2510 4308 Scorpii
2565 4235 2757 4292 chelas
2796 4236 2910 4306 jam
2949 4234 3165 4290 transit.
3194 4231 3340 4288 Solis
3369 4245 3499 4286 vero
3526 4230 3618 4285 de-

2020 4334 2317 4389 fectionem
2348 4346 2452 4389 nec
2473 4340 2585 4386 tota
2610 4332 2725 4385 haec
2753 4338 2937 4392 aestas,
2959 4343 3063 4383 nec
3088 4339 3384 4383 secuturus
3405 4333 3631 4381 autum-

2021 4442 2129 4483 nus
2164 4426 2370 4482 sentiet
2400 4443 2412 4479 :
2448 4423 2555 4480 etsi
2613 4437 2808 4479 omnes
2858 4421 3135 4489 homines,
3168 4435 3362 4476 omnes
3391 4432 3520 4475 aves
3566 4418 3619 4471 id

2022 4520 2368 4577 atlirmarint.
2395 4518 2569 4589 Cujus
2625 4517 2723 4572 tibi
2784 4517 2864 4572 rei
2930 4516 3193 4586 magister
3225 4523 3284 4571 et
3330 4524 3545 4584 tempus
3568 4523 3625 4568 et

335 4603 601 4669 λελοιπὼς
631 4605 736 4677 ἤδη
784 4607 880 4659 καὶ
912 4607 968 4670 ἐς
1002 4606 1100 4671 τὰς
1142 4607 1237 4660 τοῦ
1284 4607 1559 4678 Σκορπίου
1606 4609 1775 4678 χηλὰς
1811 4610 1916 4662 δια-

2030 4626 2228 4667 sensus
2277 4609 2386 4665 erit
2434 4609 2502 4665 ad
2549 4608 2840 4664 veritatem
2902 4607 3124 4678 penitus
3180 4603 3621 4676 intelligendam.

336 4697 534 4755 σαίνει.
578 4698 849 4771 Ἠλιακήν
897 4716 961 4768 γε
1022 4702 1132 4772 μὴν
1181 4699 1427 4770 ἔκλειψιν
1458 4699 1585 4754 οὔτε
1641 4703 1700 4754 τὸ
1743 4703 1916 4771 παρὸν

2019 4704 2165 4760 Nihil
2200 4704 2350 4760 enim
2398 4711 2505 4770 est,
2553 4703 2641 4757 cui
2681 4701 2750 4756 ad
2792 4699 3043 4761 scientia:
3091 4697 3624 4754 demonstrationem

338 4789 483 4843 ἅπαν
509 4791 689 4861 θέρος,
725 4789 849 4844 οὔτε
876 4792 1168 4863 τὸίὲφεξῆς
1202 4791 1315 4865 (25)
1355 4793 1495 4863 μετά
1545 4793 1705 4847 τοῦτο
1742 4795 1924 4864 φθινό-

336 4897 520 4952 πωρον
564 4882 777 4954 ὀψεται,
838 4883 941 4938 κᾶν
975 4886 1179 4960 πάντες
1233 4885 1533 4957 ἄνθρωποι,
1567 4885 1668 4939 κᾶν
1719 4887 1922 4950 πάντες

336 4975 621 5045 φάσκωσῐν
661 4976 897 5049 ὄρνιθες.
932 4978 1125 5032 Ἔσται
1156 4979 1215 5033 δέ
1250 4996 1334 5032 σοι
1356 4978 1564 5032 τούτων
1596 4979 1921 5044 διδάσκαλος

336 5073 364 5123 ὃ
388 5087 446 5123 τε
473 5070 667 5142 χρόνος
708 5072 805 5126 καὶ
853 5073 887 5142 ἡ
917 5073 1174 5142 αἴσθησις
1213 5072 1354 5144 πρὸς
1387 5072 1601 5144 ἀκριϐῆ
1646 5076 1745 5142 τὴν
1779 5074 1917 5144 ἀλήα

338 5163 510 5218 θειαν.
556 5163 724 5218 Οὐδὲν
779 5165 888 5235 γὰρ
922 5164 1095 5227 οὕτως
1147 5167 1227 5227 εἰς
1278 5167 1592 5234 ἐπιστήμης
1644 5166 1920 5230 ἀπόδειξιν

336 5256 736 5329 ἀναντίρρητον
780 5257 990 5328 ἕτερον,
1049 5261 1124 5320 ὡς
1179 5258 1449 5329 ἐμπειρία
1498 5259 1595 5312 καὶ
1641 5258 1921 5330 αἴσθησις.

344 5370 362 5403 ι
399 5350 666 5422 Αἴσθησις
703 5351 805 5422 μὲν
834 5352 969 5423 γάρ,
1003 5370 1022 5402 ι
1064 5354 1249 5421 φησὶν,
1292 5370 1310 5403 ι
1349 5351 1647 5423 ἐμπειρίαν
1691 5353 1921 5423 nomini}

337 5447 396 5499 δὲ
417 5447 686 5518 ἐμπειρία
706 5449 807 5509 τὰς
831 5446 1008 5518 ἀρχὰς
1031 5446 1215 5501 δίδωσι
1237 5450 1302 5517 τῇ
1330 5449 1631 5519 ἐπιστήμῃ.
1666 5465 1684 5498 ι
1710 5449 1924 5516 Ὥσπερ

339 5537 432 5597 οὗν
461 5544 614 5596 σίτου
660 5543 965 5611 σπαρέντος
1003 5542 1084 5603 εἰς
1119 5541 1222 5611 γῆν
1257 5540 1535 5612 ἐνδέχεται
1569 5544 1771 5614 σ-τάχυν
1807 5542 1925 5594 ἔσε-

2020 4798 2205 4852 minus
2253 4796 2522 4867 refragari
2580 4795 2769 4858 liceat,
2799 4808 2966 4864 quam
3022 4791 3213 4846 sensui
3247 4801 3302 4845 et
3334 4790 3629 4860 experien-

2024 4892 2134 4948 tiae.
2178 4910 2198 4945 ι
2253 4891 2469 4946 Sensus
2515 4891 2746 4961 quippe,
2797 4886 2983 4960 inquit
3028 4886 3421 4957 Philosophus,
3453 4902 3626 4957 expc-

2024 4984 2283 5045 rientiam
2307 4982 2484 5057 gignit
2509 4998 2525 5047 ;
2560 4980 2909 5051 experientia
2952 4995 3089 5035 vero
3118 4980 3390 5049 principia
3420 4993 3626 5048 suppe~

2027 5079 2168 5135 ditat
2199 5076 2469 5134 scientiae.
2502 5095 2520 5128 ι
2573 5075 2731 5131 Sicut
2777 5074 2948 5146 igitur
2990 5074 3272 5128 frumento
3315 5073 3368 5126 in
3419 5081 3627 5127 terram

2022 5181 2143 5228 sato
2200 5171 2356 5243 spica
2408 5169 2562 5226 nasci
2618 5165 3019 5240 potest,'453
3055 5168 3174 5223 sine
3216 5174 3465 5221 semente
3492 5178 3631 5218 vero
3708 5190 3711 5195 ν

2025 5280 2096 5320 ne
2129 5280 2353 5336 germen
2385 5262 2607 5335 quidem
2634 5264 2946 5332 exspectari
2973 5260 3147 5316 debet
3177 5278 3193 5315 :
3231 5261 3310 5315 ita
3351 5268 3407 5313 et
3437 5258 3491 5312 in
3521 5257 3631 5310 hac

2029 5376 2088 5415 re
2116 5378 2130 5426 ;
2157 5358 2204 5415 si
2238 5357 2346 5412 erit
2372 5357 2626 5412 defectus
2650 5354 2806 5421 solis,
2829 5354 2875 5409 si
2917 5352 3193 5422 Saturnus
3223 5362 3281 5407 et
3311 5350 3455 5406 Mars
3490 5365 3631 5423 cun-

2026 5450 2270 5522 gressuri
2293 5459 2445 5514 sunt,
2473 5448 2661 5503 dicere
2704 5447 2935 5501 fortasse
2970 5446 3046 5501 illi
3087 5454 3319 5516 queant,
3345 5444 3465 5498 fore
3504 5448 3624 5494 tur-

2034 5544 2196 5601 bines
2227 5553 2285 5599 et
2336 5542 2658 5599 eversiones
2702 5541 2923 5597 urbium
2958 5549 3015 5607 et,
3058 5541 3330 5597 montium
3359 5555 3389 5594 a
3418 5533 3624 5591 radici-

1715 5664 2059 5727 Variorum
2094 5672 2285 5727 nota).

412 5768 524 5840 (25)
557 5766 739 5840 [Estas
776 5765 907 5822 anni
938 5765 1078 5840 i530
1127 5767 1264 5823 solis
1315 5765 1680 5840 defectionem
1723 5765 1922 5822 habuit

343 5836 432 5897 die
457 5836 604 5895 Junii
636 5838 722 5903 i6,
753 5839 822 5909 de
848 5854 956 5908 qua
972 5838 1126 5909 infra
1156 5854 1278 5909 cap.
1312 5836 1398 5905 12,
1418 5852 1554 5896 sect.
1580 5838 1632 5891 2.
1661 5837 1796 5892 ltem
1823 5853 1921 5893 au-

348 5923 567 5970 tumnus
608 5911 737 5968 anni
788 5906 1109 5977 153t,Nov.
1150 5906 1239 5967 die
1279 5911 1393 5979 50.,
1428 5923 1486 5966 ut
1529 5909 1669 5966 infra
1698 5924 1919 5980 quoque

2029 5766 2247 5823 dicetur
2266 5781 2389 5836 cap.
2421 5766 2522 5821 ult.
2553 5767 2746 5837 Itaque
2773 5765 2891 5822 haec
2925 5763 3186 5822 videntur
3212 5762 3419 5833 scripta
3448 5758 3630 5817 fuisse

2029 5853 2174 5895 anno
2207 5838 2370 5896 15⁸29.
2402 5838 2614 5894 Βοινιρι.
