4062 6444
517 383 622 447 667
766 377 847 451 [Α.
891 396 949 436 ιι.
990 379 1133 436 6856
1173 396 1240 435 Αι)
1279 378 1444 453 6M9]

1734 386 2161 452 NICEPHORI
2198 394 2588 458 GREGORE

2899 392 3034 466 [ιιιρ.
3075 406 3356 451 moneam.
3393 395 3537 470 ιυιι.]

3681 403 3779 469 668

518 530 577 573 ut
600 529 962 589 aspernantes
986 519 1318 576 deseruisti?
1341 520 1614 578 Omnibus
1636 524 1784 580 enim
1814 535 1904 579 tua
1936 526 2099 589 bona,

2215 530 2303 583 ἵνα
2334 531 2642 604 θεάσωμαι,
2675 534 2791 598 πῶς
2822 534 3153 605 ὑπερπλέειν
3196 536 3265 589 τά
3313 510 3491 591 πολλὰ
3538 537 3645 592 τῶν
3702 539 3790 597 δα-

518 619 578 663 ιιῑ
608 609 806 664 horrea
844 610 1086 679 publica.
1139 622 1463 681 patuerunt.
1497 615 1599 669 Per
1644 623 1696 670 te
1736 617 1884 671 enim
1900 626 1971 670 ct
2003 632 2105 671 no-

421 712 433 751 ξ
515 701 656 757 biles
704 703 1011 758 nobiliores
1064 703 1194 760 facti
1246 713 1397 771 sunt,
1438 715 1495 761 et
1538 715 1718 763 castus
1748 709 2103 764 sacerdotum

456 793 907 860 Ivenerabilior,
943 802 1000 851 et
1038 797 1333 867 collegium
1393 798 1707 867 sapientum
1757 803 2102 872 sapientius,

511 895 569 940 et
601 887 820 941 urbium
854 889 1057 943 mtenia
1095 888 1359 945 ﬁrmiora.
1399 890 1648 961 Denique
1678 908 1872 949 omnes
1906 904 1957 949 te
1987 910 2105 949 mo.

509 980 770 1036 deratore
809 982 913 1051 ipsi
945 998 1045 1038 nos
1082 968 1230 1053 i‘psos
1267 977 1674 1055 superavimus.
1708 988 1778 1042 At
1804 1004 1836 1043 ο
1870 989 2103 1044 immen-

511 1088 629 1128 sam
705 1083 760 1129 et
820 1075 1267 1146 inexplicabilem
1329 1080 1597 1135 malorum
1672 1082 2098 1152 implexionem!

508 1165 708 1221 Interit
736 1167 931 1223 mundi
967 1168 1234 1239 regimen,
1262 1172 1449 1227 interit
1477 1174 1696 1229 urbium
1728 1188 1977 1240 ornatus,
2014 1177 2102 1230 in-

508 1260 641 1314 terit
671 1261 955 1316 rhetorum
986 1271 1042 1316 et
1073 1264 1530 1335 philosophorum
1561 1268 1927 1338 gymnasium,
1951 1271 2099 1337 quod

509 1367 730 1406 omnem
768 1353 1144 1421 Academiam,
1175 1370 1338 1410 omne.
1371 1357 1609 1427 Lyceum
1646 1359 1840 1423 vincit,
1875 1373 2095 1413 omnem

509 1444 699 1499 Stoam
752 1446 1014 1500 Atticam.
1065 1446 1111 1503 Ο
1159 1448 1285 1517 quis
1335 1448 1492 1504 dabit
1557 1450 1835 1517 capitibus
1891 1451 2100 1507 nostris

508 1550 707 1604 aquam
763 1547 819 1591 et
870 1535 1053 1591 fontes
1104 1538 1471 1610 iacrymarum
1514 1542 1689 1597 oculis
1744 1545 1983 1607 nostris,
2040 1552 2101 1598 ut

507 1644 652 1683 nova
680 1631 820 1684 mala
847 1630 1364 1704 llierosolytuitanis
1390 1636 1643 1705 graviora
1671 1636 2026 1706 deploremus
2044 1637 2100 1691 ‘?

506 1721 643 1776 Date
673 1724 806 1777 mihi
826 1723 1035 1795 Orphei
1064 1726 1118 1780 in
1152 1727 1374 1797 tragicis
1406 1729 1899 1785 lamentationibus
1927 1730 2101 1787 facul—

505 1823 698 1880 tatem,
733 1826 791 1871 ut
823 1817 1097 1873 inanimes
1128 1819 1294 1874 etiam
1339 1828 1568 1875 naturas
1603 1821 1672 1875 ad
1704 1822 1829 1876 mali
1870 1823 2099 1878 commi-

502 1909 841 1963 serationem
879 1924 1152 1966 moveam.
1206 1911 1342 1966 Date
1390 1911 1528 1985 mihi
1578 1928 1698 1979 eos,
1734 1914 1828 1984 qui
1881 1914 1947 1969 ad
1988 1914 2093 1969 llu-

502 2000 654 2055 mina
708 2000 1006 2074 Babylonis
1048 2003 1181 2058 olim
1218 2007 1444 2060 Sionem
1495 2022 1563 2061 ex
1614 2008 1800 2061 animo
1836 2007 2095 2079 deplora-

502 2100 661 2154 runt.
697 2103 756 2149 ut
806 2102 1029 2149 nostros
1072 2096 1242 2150 etiam
1300 2096 1523 2151 dolores
1570 2097 1646 2151 illi
1682 2114 1782 2167 pro
1810 2098 2093 2170 {dignitate

498 2183 746 2254 lugeant,
798 2202 938 2255 quos
1004 2187 1169 2243 nobis
1210 2189 1584 2259 imperatoris
1655 2190 1843 2245 obitus
1888 2192 2096 2247 attulit.

500 2275 643 2343 llcu,
682 2287 741 2332 ut
776 2289 965 2334 noster
998 2282 1079 2337 sol
1120 2256 1239 2337 nos?
1256 2282 1529 2351 despexit,
1561 2291 1618 2337 et
1642 2292 1843 2353 printer
1871 2298 2092 2338 omnem

498 2371 972 2440 exSpectationem
1006 2374 1247 2443 decepit,
1281 2386 1338 2430 et
1375 2391 1475 2444 pro
1510 2376 1784 2429 matutino
1820 2384 1944 2429 ortu
1976 2390 2095 2429 ma-

497 2462 744 2518 tutinum
784 2480 1044 2521 occasum
1075 2466 1286 2521 subiit!
1323 2466 1367 2520 0
1409 2483 1512 2522 cur
1553 2466 1741 2537 iis,qui
1778 2467 1833 2521 in
1873 2468 2096 2523 acerbi-

499 2564 616 2610 tate
665 2567 818 2621 sunt,
854 2558 1020 2612 datur
1055 2558 1241 2613 lumen
1269 2575 1284 2625 ;
1314 2568 1366 2615 et
1398 2561 1467 2614 iis
1501 2561 1636 2621 vita.
1679 2562 1772 2631 qui
1810 2560 2096 2617 doloribus

498 2647 896 2704 conﬂictantur
924 2650 991 2705 ’τ
1042 2650 1179 2706 Mori
1230 2654 1531 2722 optabilius
1566 2638 1669 2717 est,
1720 2668 1886 2724 quam
1920 2652 2097 2708 conli-

497 2751 703 2797 nenter
735 2758 935 2812 panem
983 2745 1194 2801 doloris
1234 2746 1401 2801 edere
1432 2756 1488 2800 et
1520 2748 1749 2802 calicem
1784 2746 1970 2801 luctus
2001 2761 2098 2816 po-

498 2845 639 2889 tare.
689 2835 826 2890 Nam
874 2837 1030 2892 illum
1082 2838 1307 2907 quidem
1374 2839 1626 2893 divinum
1672 2847 1730 2893 et
1777 2838 2096 2894 immortale

432 2905 664 3031 $572
694 2924 935 2997 "regnum
986 2928 1129 2999 iusta
1192 2931 1644 2985 remuneratione
1691 2930 1948 2998 excepit;
1995 2944 2097 2985 nos

497 3032 632 3071 vero
668 3017 862 3087 pupilli
919 3019 1099 3074 relicti
1153 3021 1436 3089 suspirare
1486 3020 1891 3075 miserabiliter
1925 3030 1983 3075 et
2014 3021 2097 3075 la-

2210 623 2396 692 κρύων
2421 625 2647 678 δύναται
2678 626 2949 697 ῥεύματα.
2997 627 3321 697 Ἀρκέσουσι
3356 629 3466 697 γὰρ
3499 624 3652 698 οἶμαι
3674 632 3793 686 ταύο

2207 736 2309 789 την
2350 721 2563 790 ἀνέχειν
2608 721 2643 777 ἃ
2673 724 2875 786 πάντες
2902 722 3181 791 ἀνθρωττοι
3216 722 3313 777 νῦν
3333 714 3633 796 κρουνηδδν
3664 743 3792 797 προ-

2209 812 2394 879 χέουσι
2418 811 2656 882 δάκρυα,
2684 814 2945 883 καθάπερ
2973 813 3073 887 τὴν
3108 814 3201 868 τοῦ
3240 815 3365 869 Νῶε
3423 817 3651 872 κιϐωτὸν
3692 817 3792 872 τῶν

2209 900 2422 956 ὑδάτων
2449 902 2635 956 ἐκεῖνα
2695 904 2765 958 τά
2809 905 3040 958 πλούσια
3071 905 3344 977 ῥεύματα.
3417 906 3565 960 Ἀλλ’
3619 909 3791 983 ἐκείνη

2211 993 2312 1062 μὲν
2341 995 2405 1047 ἐκ
2429 995 2541 1048 τῶν
2565 997 2977 1067 κατακλυσμῶν
3005 996 3101 1062 οὓς
3133 998 3350 1067 ἔφερεν,
3384 997 3593 1062 ἔσωζεν
3620 1013 3634 1029 ⁶
3663 997 3791 1071 αῦτη

2204 1086 2264 1141 δὶ
2292 1090 2608 1145 τούναντίον
2629 1095 2707 1155 είς
2732 1094 2944 1161 μυρίων
2976 1094 3384 1164 κατακλυσμῶν
3439 1095 3590 1165 ἡμᾶς
3633 1094 3790 1166 συνή-

2205 1183 2337 1238 λασε
2370 1184 2669 1241 κλύδωνας.
2714 1189 2776 1240 Ὢ
2809 1189 3039 1257 φρικτοῦ
3060 1190 3293 1259 συναντή
3305 1207 3477 1259 ματος
3502 1207 3518 1222 ⁸
3557 1189 3603 1243 ὣ
3643 1188 3789 1259 ξένης

2204 1273 2448 1339 ἑσπέρας
2464 1275 2702 1346 ἐκείνης,
2729 1277 2762 1347 ἢ
2790 1278 3052 1331 τάναντία
3081 1296 3173 1347 μοι
3203 1279 3303 1346 τῆς
3337 1279 3635 1352 Δαϐιδικῆς
3661 1279 3790 1333 ἔδει·

2203 1366 2295 1434 ξεν
2315 1366 2483 1438 ᾠδῆς·
2522 1387 2541 1419 ι
2577 1369 2651 1422 Τδ
2679 1370 2925 1439 ἑσπέρας
2962 1371 3074 1441 γάρ
3107 1389 3197 1443 μοι
3230 1360 3495 1442 ηὐλίσατὸ
3545 1367 3793 1441 ἀγαθιλία-

2205 1474 2289 1521 σις
2314 1458 2408 1511 καὶ
2435 1459 2515 1521 είς
2545 1458 2605 1513 τὸ
2632 1459 2779 1530 πρωῒ
2806 1460 3111 1531 κλαυθμός.
3154 1481 3173 1513 ι
3205 1462 3382 1517 Βαϐαῖ
3418 1465 3521 1534 τῆς
3580 1465 3793 1520 ἐναλλα-

2204 1548 2306 1616 γῆς
2354 1553 2589 1617 ταυτησὶ
2632 1553 2733 1620 τῆς
2805 1551 3039 1617 ἀτόπου,
3072 1554 3106 1624 ἦ
3170 1544 3261 1624 μοι
3297 1554 3504 1620 παντὸς
3558 1555 3793 1626 ἀψινθίου

2202 1640 2537 1713 πικρότερον
2563 1643 2799 1713 ἐκέρασε
2830 1644 2924 1697 τὸν
2950 1649 3226 1717 κρατῆρα.
3265 1647 3331 1700 Ὦ
3357 1648 3557 1711 νυκτὸς
3586 1649 3791 1721 ἐκείνης

2202 1737 2589 1807 ἀσυμπαθοῦς,
2624 1738 2745 1802 πῶς
2778 1740 2837 1802 ές
2873 1740 2965 1793 τὸν
3011 1740 3223 1812 σφόδρα
3248 1742 3517 1812 συμπαθῆ
3567 1744 3660 1797 καί⁵
3709 1760 3790 1814 φι-

2201 1829 2527 1900 λάνθρωπον
2555 1831 2769 1885 ἐκεῖνον
2794 1832 3093 1904 ἄνθρωπον
3121 1833 3405 1906 δυσμενὴς
3432 1835 3532 1889 καὶ
3570 1836 3787 1907 ἀφιλάν·
3860 1860 3867 1871 ·

2201 1918 2419 1986 θρωπος
2444 1911 2614 1984 ἔδοξε,
2638 1921 2821 1974 πᾶσαν
2853 1918 3067 1976 εὔνοιαν
3098 1922 3192 1977 καὶ
3245 1922 3385 1976 αίδὼ
3430 1923 3659 1979 κατόπιν
3693 1923 3791 1979 ῶσ-

2198 2025 2308 2081 περ
2348 2011 2407 2074 ἐς
2439 2009 2715 2073 ἀϐύσσους
2751 2010 2849 2065 καὶ
2890 2010 3143 2081 ῥεύματα
3176 2012 3447 2082 ποταμῶν
3499 2012 3791 2082 ἀπορρίψα-

2199 2118 2270 2156 σα
2295 2120 2309 2168 ;
2333 2096 2405 2154 Ὦ
2432 2101 2659 2171 μέγισιτε
2695 2102 2937 2174 θησαυρὲ
2968 2102 3079 2157 τῶν
3102 2103 3311 2169 καλῶν,
3352 2103 3603 2174 βασιλεῦ,
3631 2104 3715 2158 ῖνα
3741 2102 3790 2155 τί

2197 2196 2328 2257 τοὺς
2374 2193 2680 2260 ποθοῦντας
2731 2194 2809 2258 ὡς
2866 2195 3164 2267 μισοῦντας
3203 2196 3545 2264 κατέλιπεςς
3601 2197 3788 2257 πάντες

2198 2285 2310 2357 γὰρ
2338 2285 2414 2347 ὡς
2450 2288 2516 2339 ὲκ
2546 2285 2730 2340 κοινοῦ
2763 2288 3093 2360 πρυτανείου
3123 2289 3233 2342 τῶν
3267 2287 3381 2343 σῶν
3428 2286 3791 2343 ἀπολελαύκα-

2201 2396 2285 2433 σιν
2315 2377 2563 2447 ἁγαθῶν.
2597 2379 2696 2433 Διά
2731 2377 2829 2433 σοῦ
2847 2380 2958 2452 γὰρ
2993 2382 3087 2433 καὶ
3115 2381 3164 2433 oi
3188 2381 3442 2449 εὐγενεῖς
3491 2379 3794 2448 εὐγενέστε-

2201 2487 2285 2541 ροι
2317 2469 2696 2541 καθεστήκασι
2725 2471 2820 2523 καὶ
2848 2472 2876 2525 ὁ
2926 2471 3038 2525 τῶν
3072 2471 3267 2540 ἱερέων
3311 2470 3379 2541 δῆ
3399 2488 3499 2541 μος
3552 2469 3795 2539 σεμνότε-

2201 2577 2294 2633 ρος
2324 2562 2422 2616 ita).
2453 2563 2482 2615 δ
2512 2562 2622 2615 τῶν
2652 2562 2834 2630 σοφῶν
2864 2561 3173 2632 κατάλογος
3221 2561 3543 2633 σοφώτερος
3587 2562 3695 2616 καΐ
3733 2559 3795 2613 τὰ

2197 2656 2354 2724 τείχη
2405 2654 2516 2709 τῶν
2569 2654 2781 2708 πόλεων
2835 2655 3166 2725 ἰσχυρότερα
3211 2656 3308 2708 καὶ
3368 2652 3570 2717 ἁπλῶς
3633 2652 3796 2705 εἰπεῖν

2201 2749 2442 2812 ἅπαντες
2467 2751 2559 2802 διὰ
2590 2748 2684 2801 σοῦ
2720 2747 2971 2819 βελτίους
2999 2747 3311 2818 γεγόναμεν
3361 2746 3605 2802 ἑαυτῶν.
3668 2742 3795 2798 Ἀλλ’

2198 2841 2374 2910 ῶ’τῆς
2400 2841 2715 2913 ἀμιτρήτου
2738 2842 2835 2894 καὶ
2853 2840 3178 2894 ἀνεικάστου
3204 2839 3383 2910 πλοκῆ
3405 2858 3431 2902 ς
3459 2838 3567 2893 τῶν
3592 2835 3792 2891 δεινῶν.

2199 2935 2424 3007 Οἵχεται
2456 2935 2489 3005 ὴ
2516 2934 2611 2987 τοῦ
2635 2934 2848 3004 κόσμου
2879 2933 3133 2986 πολιτεία
3159 2948 3174 2965 ο
3226 2935 3447 3002 οἴχεται
3493 2935 3520 2986 ό
3566 2930 3671 2983 τῶν
3712 2926 3799 2980 πό-

2197 3023 2338 3077 λεων
2373 3023 2580 3091 κόσμος
2609 3040 2623 3054 ·
2666 3021 2877 3091 οίχεται
2905 3021 2967 3073 τὸ
3011 3021 3121 3074 τῶν
3159 3022 3423 3092 ρητόρων
3470 3021 3565 3075 καὶ
3590 3014 3795 3087 ιτριλοοιό⁴

498 3123 755 3181 crymare
790 3126 1077 3181 nunquam
1122 3112 1471 3178 desinemus,
1500 3110 1633 3165 dum
1671 3112 1819 3167 illius
1850 3113 2092 3182 adempti

2202 3128 2317 3181 φων
2378 3111 2684 3181 γυμνάσιον
2728 3111 2802 3164 τδο
2846 3112 3032 3165 πᾶσαν
3086 3111 3433 3181 ὑπερϐαῖνον
3478 3107 3798 3179 ’Λκαδημίαν

500 3205 827 3259 memoriam
875 3204 932 3259 in
981 3206 1185 3260 animis
1227 3208 1434 3262 nostris
1473 3206 1951 3262 circumferemus.
1986 3206 2095 3261 Ne-

2202 3205 2298 3258 καὶ
2327 3198 2558 3258 Λύκεῶν
2584 3204 2675 3257 καὶ
2733 3203 2907 3257 Στοὰν
2948 3205 3233 3275 Ἀττικήν.
3271 3205 3385 3257 Ὢτ
3408 3205 3455 3268 ίς
3482 3204 3639 3258 δώσει
3680 3202 3791 3263 ταῖς

502 3310 655 3350 cesse
697 3306 882 3351 autem
928 3307 1014 3353 est
1060 3299 1335 3353 orationis
1382 3300 1543 3352 linem
1604 3299 1808 3355 facere.
1862 3299 2098 3355 Omnem

2203 3298 2366 3364 ἡμῶν
2425 3297 2693 3367 κεφαλαῖς
2751 3298 2896 3367 ὕδωρ
2955 3299 3068 3367 atin
3121 3272 3307 3367 πηγὰς
3376 3296 3640 3369 δακρύων
3691 3294 3795 3357 τοῖς

496 3382 646 3437 enim
670 3384 975 3439 orationem
1002 3385 1428 3443 lamentationes
1450 3389 1519 3443 de
1542 3389 1893 3460 imperatoris
1912 3399 2094 3447 morte

2205 3390 2364 3460 ἡμῶν
2388 3390 2715 3461 ὀφθαλμοῖς,
2759 3392 2847 3444 ἵνα
2882 3390 2950 3445 τὰ
2995 3391 3168 3462 μείζω
3192 3391 3302 3461 τῶν
3360 3393 3476 3461 τῆς
3533 3390 3795 3459 Ἰερουσα-

496 3475 794 3534 excedunt.
840 3495 859 3528 ι
2208 3484 2328 3553 λὴμ
2366 3483 2462 3536 νέα
2493 3482 2864 3554 θρηνήσωμεν
2898 3484 3072 3555 πάθη.
3104 3483 3236 3536 Δότε
3280 3500 3373 3554 μοι
3402 3484 3513 3554 τὴν
3563 3478 3794 3552 Ὀρφέως

496 3558 557 3647 ξν
588 3569 924 3641 τραγῳδίαις
953 3570 1185 3643 δύναμιν
1219 3572 1354 3647 (49),
1396 3574 1485 3627 ἴνα
1531 3572 1628 3628 καὶ
1679 3574 1779 3638 τὰς
1826 3561 2083 3645 ’ἀψύχους
2116 3573 2310 3643 φύσεις
2341 3575 2550 3644 κινήσω
2580 3574 2717 3645 πρὸς
2756 3570 2938 3628 οἶκτον
2993 3573 3092 3627 τοῦ
3135 3573 3367 3635 πάθους.
3396 3573 3536 3628 Δότε
3558 3588 3647 3643 μοι
3677 3568 3790 3630 τοὺς

496 3644 558 3713 εν
592 3668 858 3734 ποταμοῖς
876 3665 1197 3732 Βαϐυλῶνος
1216 3644 1280 3721 ἐκ
1312 3667 1511 3738 βάθους
1554 3669 1785 3741 καρδίας
1836 3644 2009 3722 πάλαι
2082 3667 2466 3739 θρηνήσαντας
2517 3668 2617 3737 τὴν
2648 3666 2810 3733 Σιὼν,
2861 3670 2946 3722 ἵνα
2998 3667 3096 3722 καὶ
3137 3668 3236 3730 τὰς
3298 3670 3584 3739 ἡμετέρας
3619 3664 3792 3724 ὀδύνας

497 3754 667 3836 ἀξίως
694 3758 895 3812 ἐκεῖνοι
944 3759 1311 3829 πενθήσωσιν,
1343 3760 1453 3824 ἀςό
1478 3761 1574 3815 τοῦ
1613 3761 1883 3830 βασιλέως
1912 3761 2048 3832 ἡμῖν
2068 3761 2343 3829 ἐπήνεγκε
2380 3761 2632 3825 θάνατος.
2668 3760 2732 3813 Ὢ
2749 3761 2868 3825 πῶς
2897 3760 3259 3834 παρέϐλεψεν.
3292 3762 3446 3831 ἡμᾶς
3484 3763 3513 3815 ὀ
3543 3763 3792 3834 ἡμέτερος

496 3852 649 3919 ἥλιος
684 3855 781 3909 καὶ
846 3856 998 3927 παρά
1063 3858 1172 3911 πᾶν
1225 3856 1287 3911 τὸ
1342 3856 1492 3921 εἰκὸς
1530 3857 1891 3928 ἀπεπλάνησε
1951 3856 2049 3909 καὶ
2093 3857 2215 3909 ἀντὶ
2280 3857 2383 3927 τῆς
2446 3856 2587 3929 ἑῴας
2638 3856 2907 3926 ἀνατολῆς
2957 3855 3100 3927 ἑῴαν
3138 3855 3237 3927 τὴν
3293 3855 3451 3911 δύσιν
3489 3855 3787 3924 πεποίηται.

498 3943 564 4005 Ὠ
601 3949 687 4001 ἵνα
713 3948 766 4002 τί
803 3950 1012 4004 δέδοται
1064 3952 1174 4015 τοῖς
1226 3951 1285 4004 ὲν
1330 3952 1528 4023 πικρίᾳ
1589 3951 1727 4023 φῶς,
1786 3949 1903 4018 ζωὴ
1933 3949 1986 4003 δὲ
2013 3949 2134 4013 ταῖς
2165 3953 2225 4003 ὲν
2257 3948 2475 4013 ὀδύναις
2523 3949 2726 4021 ψυχαῖς
2755 3968 2770 4017 ;
2804 3948 2991 4004 θανεῖν
3020 3950 3407 4021 αἱρετώτερον,
3447 3949 3481 4020 ἦ
3540 3946 3790 4019 διηνεκῶς

495 4044 662 4114 ἄρτον
699 4045 893 4114 ὀδύνης
950 4045 1153 4098 ἐσθίειν
1208 4046 1304 4097 καὶ
1385 4046 1540 4112 πόμα
1598 4047 1777 4100 πίνειν
1820 4042 2128 4113 κλαυθμοῦ.
2175 4043 2314 4097 Ἀλλ’
2347 4045 2555 4096 ἐκεῖνον
2591 4045 2710 4110 μὲν,
2766 4038 2815 4103 ὧ
2882 4043 3179 4113 παρόντες,
3210 4045 3554 4114 ἀμειϐομένη
3584 4043 3792 4121 δικαίως

498 4139 532 4207 ἡ
560 4137 681 4190 θεία
716 4140 812 4192 καὶ
835 4137 1114 4207 ἀκήρατος
1143 4137 1421 4201 διεδέξατο
1454 4138 1701 4208 βασιλεία
1728 4154 1742 4168 ·
1790 4140 1957 4208 ἡμεῖς
2022 4136 2068 4189 δ’
2096 4138 2325 4205 ὀρφανοὶ
2369 4135 2861 4205 καταλελειμμένοι
2921 4136 2982 4189 τὸ
3015 4137 3116 4207 μὲν
3163 4136 3377 4190 στένειν
3413 4135 3657 4198 ἐλεεινῶς
3703 4132 3792 4188 καὶ

494 4229 755 4299 δακρύειν
781 4226 1032 4282 οὐδέποτ’
1072 4230 1138 4281 ἂν
1172 4224 1330 4298 οἶμαι
1357 4231 1733 4301 παυσαίμεθα,
1761 4230 1870 4293 ἓως
1895 4229 1964 4283 ἂν
1995 4231 2053 4282 ἐν
2083 4230 2201 4291 ταῖς
2223 4230 2423 4298 ψυχαῖς
2457 4228 2614 4298 ἡμῶν
2642 4229 2743 4299 τὴν
2777 4228 2878 4297 τῆς
2893 4229 3104 4283 ἐκείνου
3145 4231 3463 4299 στερήσεως
3499 4226 3793 4298 περιφέρω-

498 4341 599 4394 μεν
630 4322 853 4393 μνήμην
884 4339 899 4355 ο
928 4321 1201 4374 παύεσθαι
1228 4321 1270 4372 δ’
1288 4323 1501 4394 ἀνάγκη
1532 4324 1626 4377 τοῦ
1663 4325 1864 4392 λέγειν.
1899 4324 2085 4376 Πάντα
2117 4323 2226 4392 γὰρ
2256 4322 2414 4389 λόγον
2436 4323 2485 4374 oi
2532 4321 2628 4374 τοῦ
2667 4320 2935 4390 βασιλέως
2965 4321 3359 4394 ὑπερϐαίνουσι
3393 4322 3580 4393 θρῆνοι
3612 4320 3738 4388 (50).
3766 4340 3789 4406 ξ

569 4415 660 4470 HI.
700 4413 823 4469 llam
856 4428 981 4468 cum
1017 4428 1119 4484 ego
1159 4416 1479 4471 recitassem
1507 4459 1520 4485 ,
1555 4417 1718 4471 ﬂetus
1751 4417 1917 4471 simul
1968 4431 2094 4469 om-

2283 4415 2370 4484 ΙΡ.
2402 4411 2530 4485 290]
2562 4412 2638 4469 Γ’.
2677 4412 2865 4467 Ταῦτα
2923 4414 3218 4480 διεξιόντος
3250 4431 3354 4484 μου
3416 4412 3613 4484 θρῆνος
3666 4415 3790 4481 ὁμου

498 4511 655 4565 nium
687 4518 747 4563 et
791 4507 1115 4561 lamentatio
1156 4509 1391 4563 maxima
1425 4519 1481 4564 et
1520 4508 1672 4563 varia
1729 4519 1815 4563 est
1859 4517 2051 4563 exorta
2081 4546 2098 4573 ,

2207 4504 2362 4573 παρὰ
2393 4503 2613 4556 πάντων
2647 4502 2741 4556 καὶ
2774 4504 3084 4573 ὀλοφυρμὸς
3113 4503 3371 4573 ἠγείρετο
3398 4504 3654 4573 μέγιστος
3703 4499 3792 4551 καὶ

497 4614 620 4668 quae
652 4612 793 4666 pene
836 4596 1071 4651 dixerim
1116 4598 1200 4653 ad
1264 4601 1436 4655 cmlos
1470 4608 1760 4670 penetrare
1806 4598 2097 4667 potuisset.

2209 4593 2498 4662 πολυειδὴς
2522 4593 2638 4656 καὶ,
2671 4586 2784 4646 οἷον
2832 4595 3030 4657 εἰπεῖν,
3074 4592 3232 4662 ἄχρις
3292 4592 3556 4662 αἰθερίων
3597 4589 3791 4659 ἀψίδων

499 4687 706 4744 Omnes
736 4688 940 4757 quippe
963 4703 1089 4742 eum
1116 4699 1175 4743 ut
1208 4700 1417 4757 patrem
1451 4701 1507 4744 ct
1534 4688 1893 4758 requirebant
1930 4699 1985 4744 et
2014 4688 2099 4741 ln-

2211 4687 2439 4752 φθάνειν
2472 4683 2796 4751 δυνάμενος.
2830 4684 3039 4745 Πάντες
3066 4686 3173 4751 γὰρ
3203 4683 3279 4745 ὡς
3339 4684 3560 4752 πατέρα
3612 4681 3790 4735 τοῦτον

500 4777 727 4847 gebant.
775 4775 1065 4848 Temporis
1114 4780 1262 4835 enim
1313 4780 1653 4834 diuturnitas
1688 4778 1767 4832 rei
1812 4778 2099 4848 praesentis

2206 4773 2439 4827 ἐπόθουν
2466 4789 2525 4825 τε
2556 4774 2653 4825 καῖ
2678 4772 2960 4829 ἐπένθουν.
3008 4772 3067 4825 '0
3090 4773 3197 4842 γὰρ
3223 4773 3440 4842 μακρὸς
3467 4772 3656 4842 χρόνος
3704 4768 3791 4867 κόῐ

503 4868 739 4921 fortasse
766 4868 1046 4924 fastidium
1076 4870 1250 4941 parit:
1272 4885 1523 4941 magnam
1544 4878 1724 4923 tanton
1751 4868 2099 4922 familiarium

2218 4882 2313 4936 ρον
2339 4865 2445 4933 μὲν,
2468 4864 2620 4928 ἴσως,
2647 4864 2724 4927 ὡς
2765 4865 2831 4918 ἀν
2861 4880 2949 4927 τις
2999 4864 3157 4934 φαίη,
3205 4864 3356 4916 ποιεῖ
3395 4864 3662 4933 παρόντος
3700 4864 3788 4911 τοῦ

504 4958 709 5014 animis
743 4960 1094 5017 all‘cctionem
1152 4963 1455 5034 imprimit,
1509 4976 1617 5029 qua
1662 4959 1755 5024 iit,
1791 4969 1851 5016 ut
1889 4961 2006 5028 ipsa
2047 4975 2099 5015 re

2215 4959 2543 5029 πράγματος
2576 4974 2591 4989 ·
2622 4957 2825 5028 πολλὴν
2858 4956 2905 5009 δ’
2934 4957 3085 5025 ὅμως
3110 4955 3285 5026 ἐνίησι
3329 4955 3424 5009 καὶ
3459 4954 3558 5024 τὴν
3612 4954 3790 5050 σχέσιν

507 5051 725 5107 sublata
783 5070 892 5109 non
952 5066 1248 5111 evanescat
1289 5053 1453 5109 simul
1505 5051 1594 5110 rei
1649 5052 1915 5106 memoria
1950 5093 1964 5116 ,
2007 5050 2099 5105 sed

2212 5053 2333 5112 ταῖς
2356 5050 2466 5103 τῶν
2510 5051 2816 5123 χρωμένων
2859 5049 3080 5119 ψυχαῖς,
3117 5048 3194 5111 ὡς
3256 5051 3353 5102 καὶ
3401 5048 3655 5107 ἀπιόντος
3699 5048 3787 5094 τοῦ

506 5158 670 5212 quam
704 5142 1019 5203 diutissime
1055 5158 1313 5212 maneat,
1370 5147 1434 5202 ac
1487 5146 1643 5201 velut
1696 5144 1936 5215 quodam
1971 5159 2099 5198 vere

2211 5142 2539 5213 πράγματος
2574 5146 2650 5212 μὴ
2678 5141 3039 5213 συναπαίρειν
3056 5140 3159 5214 τὴν
3183 5141 3429 5211 μνήμην,
3452 5138 3590 5193 ἀλλά
3618 5148 3788 5203 παρα-

587 5285 601 5315 ¹
631 5281 835 5339 Jcrezn.
876 5301 951 5346 Ix.
992 5286 1043 5341 1.
1120 5287 1139 5316 ⁸
1166 5284 1268 5354 Job
1299 5300 1382 5347 ιιι,
1411 5284 1501 5341 20.

1916 5376 2256 5437 Variorum
2293 5383 2483 5437 notae.

2322 5476 2549 5544 Dicitur,
2581 5485 2632 5531 et
2666 5476 2923 5547 plaustris
2950 5475 3151 5530 vexisse
3181 5482 3428 5545 poemata
3465 5470 3693 5595 Tlggni's;

2286 5616 2400 5693 (εἶθ)
2453 5618 2561 5693 PN}
2590 5619 2640 5671 0‘-
2676 5610 2931 5693 τῆς-τοῦ
2975 5612 3527 5693 βασιλέωςτελευτῆς
3558 5611 3643 5693 θρ.
3696 5604 3782 5693 Sic

2212 5684 2353 5764 infra
2382 5703 2507 5759 cap.
2534 5689 2592 5750 Ξ,
2624 5684 2818 5764 sect}?
2844 5684 3052 5764 riqvjop
3081 5687 3345 5764 βασιλέως
3365 5684 3626 5764 ’τελευτῆς
3650 5692 3779 5764 cutt-

2198 5759 2409 5883 fﬂ'JPdV.
2454 5757 2554 5829 ltro
2595 5763 2692 5830 τὴν
2732 5758 2831 5829 τῆς
2879 5758 2972 5813 τοῦ
3007 5757 3271 5829 βασιλέως
3302 5757 3560 5823 τελευτῆς
3609 5760 3776 5818 συμφ.

2256 5846 2427 5888 eum.

586 5477 700 5545 (49)
740 5475 805 5530 In
841 5478 1058 5546 tragicis
1099 5478 1597 5541 lamentationibus,
1653 5492 1763 5533 non
1814 5478 1869 5531 in
1907 5487 2105 5548 tragic-

514 5548 632 5621 ςίὲιε.
688 5548 834 5621 Nam
897 5548 1177 5621 Orpheum
1222 5551 1519 5621 tragoedias
1578 5549 1893 5621 scripsisse,
1943 5562 2115 5621 nemo

516 5617 549 5669 h
570 5626 786 5672 actenus
801 5618 962 5691 dixit.
979 5616 1137 5688 quod
1158 5616 1333 5674 sci.th
1357 5640 1370 5675 :
1399 5636 1463 5674 ac
1488 5621 1653 5691 longo
1685 5616 1807 5689 post
1827 5616 2111 5688 Orpheum

516 5696 767 5758 tempore
793 5684 1061 5760 ﬂoruitis
1090 5691 1187 5762 qui

623 5801 872 5873 Ignotum
908 5808 1119 5878 tragica:
1143 5823 1305 5879 genus
1334 5805 1593 5865 invenisse
1634 5803 1899 5859 Cantante
