4062 6442
331 412 437 483 669

582 412 661 487 [Α.
698 428 749 470 c.
794 413 935 469 1328
974 430 1038 471 an
1081 411 1243 485 15M]
1354 417 1493 477 BYZ
1510 414 1805 478 \NTIN/E
1842 414 1918 474 Hi

2028 412 2238 473 ORPE
2276 414 2403 474 LIB
2464 416 2540 475 X.

2699 409 2834 479 ιιιιῐι.
2878 423 3161 465 Ακοιιοιιιο.
3202 408 3348 482 tum]

3496 414 3604 480 670

333 537 518 607 μένειν
548 530 641 589 ἐπὶ
661 534 799 589 πολὺ
823 536 942 598 ταῖς
970 535 1079 588 τῶν
1119 534 1466 591 λειπομένων
1495 534 1764 588 ἀνθοῦσαν
1802 531 1905 600 ψυ-

2025 533 2488 595 restitutaJloreat
2520 534 2575 587 in
2601 532 2801 587 animis
2837 547 3026 587 eorum
3054 574 3068 599 ,
3125 533 3220 602 qui
3275 534 3604 604 superstites

329 632 473 702 χαῖς,
509 628 698 698 ῶσπερ
720 630 777 682 ὲν
803 629 968 698 ὴρινῇ
1002 628 1358 691 καταστάσει,
1390 628 1491 696 τῆς
1530 626 1667 687 τέως
1711 625 1912 694 δυσμε-

331 722 456 785 νοῦς
513 720 727 793 κηλῖδος
774 720 939 790 φύσιν
994 720 1228 791 ἐχούσης
1261 718 1665 790 διαδιδράσκειν
1710 716 1786 781 ὡς
1842 715 1911 770 τά

330 814 522 870 una

401 908 476 961 A'.
513 905 787 975 Τέταρτον
825 905 925 973 μὲν
957 905 1023 976 δὴ
1046 904 1138 959 καὶ
1184 902 1588 973 ἑϐδομηκοστὸν
1645 900 1764 962 ἔτος
1797 895 1911 968 (5|)

329 1001 436 1055 ἀπὸ
465 999 733 1067 γενέσεως
762 999 913 1068 αύτῷ
942 997 1265 1053 τελευτῶντι
1289 995 1505 1065 ἠνύετο,
1549 991 1913 1062 πεντηκοστὸν

335 1092 380 1145 δ’
400 1092 495 1159 ἀφ’
521 1083 582 1144 οὗ
632 1090 704 1144 τὰ
729 1091 986 1159 σκῆπτρα
1034 1090 1134 1158 τῆς
1186 1087 1619 1157 αὐτοκρατορίας
1671 1084 1910 1149 ἐδέξατο.

329 1176 440 1233 Ἦν
474 1178 533 1233 δὲ
570 1178 670 1249 τὴν
702 1178 919 1248 ἡλικίαν
944 1179 1225 1248 εὐμήκης,
1247 1177 1307 1230 τὸ
1335 1173 1476 1238 εἶδος
1504 1172 1785 1245 εὐπρεπὴς
1815 1172 1913 1224 καὶ

330 1270 451 1324 λίαν
479 1269 760 1340 αἰδέσιμος
789 1269 884 1324 καὶ
911 1268 1101 1337 ὥσπερ
1133 1271 1195 1322 ὲκ
1236 1268 1453 1337 φύσεως
1486 1266 1627 1335 ἔχων
1676 1264 1738 1317 τὸ
1785 1264 1915 1331 ἡγε-

335 1361 555 1430 μονικόν
585 1379 643 1415 τε
682 1362 779 1415 καὶ
814 1361 1047 1431 φοϐερόν
1072 1378 1085 1392 ·
1110 1360 1210 1413 οὐκ
1256 1359 1494 1430 άκρατόν
1519 1374 1582 1425 γε
1612 1357 1753 1428 μὴν..
1798 1353 1915 1409 ἀλλ’

331 1454 519 1525 ὥσπερ
549 1453 630 1522 τῷ
660 1454 786 1524 ἀέρι
818 1456 1150 1525 κιρνάμενον
1179 1452 1239 1504 τὸ
1272 1452 1371 1520 τῆς
1398 1451 1633 1522 ἡλιακῆς
1695 1449 1915 1510 ἀκτῖνος

332 1544 447 1612 φῶς
471 1544 669 1614 χρῶμα
701 1544 913 1612 γίνεται
947 1542 1122 1614 τούτῳ
1152 1543 1247 1596 καὶ
1287 1541 1476 1612 ὥσπερ
1502 1541 1678 1610 μέλιτι
1713 1538 1913 1605 γλυκύ-

328 1653 429 1706 της
457 1635 735 1705 αὐτοφυὴς
751 1636 962 1703 γίνεται
994 1636 1218 1705 ποιότης
1244 1650 1259 1667 ο
1292 1632 1439 1687 οὕτω
1461 1632 1525 1703 δὴ
1554 1634 1649 1686 καὶ
1669 1631 1914 1701 πραότης

330 1726 591 1796 ἀποίητος
618 1728 758 1797 μετά
782 1744 929 1789 τινος
960 1726 1261 1795 θελγούσης
1282 1726 1509 1796 χάριτος
1549 1728 1662 1788 τοῖς
1721 1726 1911 1797 ἤθεσιν

330 1820 499 1873 αὑτοῦ
526 1819 842 1891 κιρνωμένη
869 1819 1072 1891 χρῶμά
1104 1836 1164 1872 τε
1201 1819 1318 1889 ἅμα
1351 1819 1447 1873 καὶ
1480 1818 1916 1889 αύτοχάλκευτος

2014 626 2234 689 vivunt,
2293 634 2542 680 veterum
2587 624 3005 683 inimicitiarum
3047 625 3262 681 macula
3297 626 3454 682 facile
3481 626 3602 697 ple-

2014 733 2249 788 rumque
2279 719 2649 774 exolescente.

2087 895 2177 949 IV.
2207 895 2427 949 Annum
2462 894 2640 949 aetatis
2692 894 2933 949 moriens
2964 892 3515 985 implebat'quartum
3547 896 3606 943 et

2018 984 2482 1054 septuagesimum
2507 1002 2521 1048 ;
2552 999 2618 1037 ex
2639 999 2751 1053 quo
2781 998 2912 1038 vero
2936 982 3239 1050 imperium
3262 993 3603 1049 susceperat,

2018 1072 2558 1145 quinquagesimum.
2598 1076 2833 1130 Procera
2864 1084 3075 1129 Statura
3104 1073 3225 1139 fuit,
3249 1074 3447 1127 decora
3470 1072 3607 1126 facie

2017 1177 2072 1221 et
2098 1182 2364 1236 perquam
2403 1168 2736 1235 venerabili;
2770 1168 2839 1222 ab
2865 1166 2984 1234 ipso
3014 1174 3137 1220 ortu
3171 1165 3476 1234 principale
3507 1163 3607 1218 ali-

2017 1258 2149 1329 quid
2184 1267 2239 1312 et
2270 1258 2622 1313 formidabile
2653 1273 2765 1328 prae
2798 1273 2856 1313 se
2895 1257 3112 1321 ferens;
3147 1265 3469 1313 nontamen
3499 1255 3608 1309 hoc

2018 1364 2229 1403 merum
2258 1358 2314 1403 et
2344 1348 2637 1417 integrum,
2667 1347 2765 1401 sed
2795 1356 2855 1401 ut
2900 1345 3015 1401 aeri
3045 1346 3266 1401 mistum
3301 1345 3498 1399 solaris
3522 1360 3609 1399 ra-

2016 1440 2090 1496 dii
2116 1442 2303 1494 lumen
2350 1439 2409 1493 fit
2432 1441 2481 1493 ei
2508 1438 2680 1500 color,
2715 1449 2770 1492 et
2802 1446 2862 1491 nt
2907 1438 3055 1491 melli
3088 1436 3324 1491 dulcedo
3369 1436 3607 1505 qualitas

2016 1533 2202 1587 nativa
2253 1531 2485 1596 accedit,
2522 1531 2597 1584 ita
2640 1529 2804 1585 etiam
2839 1529 3128 1583 clementia
3175 1542 3285 1583 non
3330 1526 3454 1601 ficta
3483 1541 3608 1581 eum

2018 1624 2225 1681 blando
2275 1623 2513 1693 quodam
2545 1621 2735 1695 gratia:
2782 1614 2971 1689 lepore
3009 1619 3261 1673 moribus
3300 1618 3421 1690 ejus
3473 1632 3610 1671 con-

2020 1723 2323 1785 temperata
2357 1714 2509 1769 color
2536 1712 2711 1781 ipsius
2739 1720 2793 1767 et
2828 1710 2991 1783 473
3019 1708 3334 1764 inatl‘ectata
3371 1707 3609 1777 qualitas

2019 1807 2332 1862 videbatur.
2386 1804 2618 1859 Multum
2670 1804 2818 1858 enim
2870 1801 3163 1857 hilaritatis
3197 1810 3392 1855 natura
3434 1798 3609 1854 vultui

329 1911 480 1982 αὐτῷ
524 1881 752 1982 ποιότης
784 1881 1061 1980 ἐφαίνετο.
1102 1881 1314 1979 Πολλὴν
1346 1910 1447 1980 μὲν
1509 1881 1647 1979 γὰρ’*
1678 1911 1770 1963 ἐπὶ
1817 1910 1913 1964 τοῦ

2025 1900 2137 1970 ejus
2194 1897 2514 1959 indiderat,
2551 1895 2787 1949 multum
2823 1894 2997 1948 oculis
3027 1892 3379 1958 serenitatis;
3410 1892 3611 1961 lingua:

328 2005 629 2079 προσώπου
659 2005 758 2074 τὴν
788 2004 1133 2075 εὐφροσύνην
1161 2005 1195 2073 ἠ
1228 2001 1391 2065 φύσις
1421 2001 1680 2067 έκένωσε,
1714 2001 1916 2070 πολλὴν

330 2101 375 2154 δ’
406 2102 501 2153 ἐπὶ
520 2101 633 2163 τοῖς
671 2098 976 2168 ὀφθαλμοῖς
1002 2097 1101 2165 τὴν
1128 2096 1397 2166 γαλήνην,
1449 2094 1709 2165 λαμπρὰν
1755 2091 1800 2147 δ’
1825 2091 1918 2144 ἐπὶ

331 2195 402 2264 τῇ
453 2176 668 2261 γλώττῃ
714 2191 815 2259 τὴν
848 2190 950 2258 τῆς
1008 2188 1175 2258 ἠχοῦς
1218 2186 1511 2257 ἁρμονίαν.
1557 2185 1647 2256 Τῷ
1677 2184 1735 2237 δὲ
1795 2182 1916 2254 ἦθει

333 2285 497 2339 παντὶ
524 2283 583 2338 τδ
605 2282 788 2352 ῑλαρδν
811 2284 906 2335 καὶ
930 2281 1128 2348 σεμνὸν
1181 2276 1559 2349 ὲφαπλώσασα
1608 2276 1840 2347 τερπνόν
1864 2291 1918 2329 τι

334 2380 427 2434 καὶ
480 2375 665 2431 ἔνθεον
724 2374 1139 2446 παρεσκεύαζεν
1194 2372 1551 2441 ἐπιπρέπειν.
1611 2373 1679 2423 Ἀ
1728 2370 1912 2423 πάντα

339 2469 485 2540 μάλα
511 2469 703 2537 σαφεῖς
727 2468 839 2520 τῶν
875 2464 1209 2520 σιωπώντων
1242 2463 1392 2533 ἠθῶν
1425 2464 1525 2532 τῆς
1578 2462 1790 2516 ἐκείνου
1814 2459 1920 2529 ψυ-

333 2562 432 2632 χῆς
456 2561 736 2628 ἐγίγνοντο
762 2557 1008 2626 ἄγγελοι.
1670 2624 1679 2637 ἱ

404 2651 484 2707 Ε’.
511 2651 626 2706 Ἰνα
656 2650 767 2720 γὰρ
825 2650 953 2712 τοὺς
1009 2648 1245 2718 τρόπους
1295 2646 1396 2715 τῆς
1443 2645 1692 2714 γνώμης,
1733 2642 1921 2704 ’ὁποῖος

332 2742 960 2813 ἐκεῖνος,,παραστήσω,
984 2739 1104 2802 ἑνὸς
1141 2738 1175 2809 ἢ
1238 2738 1334 2791 καὶ
1366 2737 1514 2790 δυοῖν
1558 2735 1667 2788 τῶν
1707 2733 1918 2787 ἐκείνου

337 2838 743 2910 μνησθήσομαι.
774 2833 988 2904 Μικρὸν
1041 2832 1148 2903 πρὸ
1205 2830 1305 2901 τῆς
1342 2829 1603 2898 τελευτῆς
1651 2830 1708 2880 ὲν
1758 2825 1919 2897 πενίᾳ

331 2932 429 2988 καὶ
453 2933 519 3002 τῇ
559 2930 668 2982 τῶν
699 2927 1013 2996 ἀναγκαίων
1057 2924 1237 2995 ἐνδείᾳ
1271 2924 1473 2991 διάγων
1528 2923 1654 2975 ἐπεὶ
1691 2921 1767 2993 μὴ
1797 2918 1918 2973 ἐδύ-

332 3039 461 3076 νατο
491 3019 749 3086 καθάπαξ
781 3020 879 3087 τὴν
908 3016 1003 3069 τοῦ
1049 3016 1262 3086 ψύχους
1312 3015 1502 3085 φέρειν
1551 3012 1740 3082 ἀκμὴν
1785 3011 1920 3080 (χει-

338 3114 514 3184 μῶνος
536 3112 644 3183 γὰρ
665 3110 967 3182 τηνικαῦτα
1009 3109 1069 3162 τὸ
1105 3107 1482 3178 ἀκμαιότατον
1531 3100 1645 3175 ἦν),
1703 3103 1917 3171 σκέπην

2019 1998 2203 2044 autem
2247 1987 2449 2042 claram
2476 1995 2533 2041 et
2556 2000 2816 2041 canoram
2846 1999 3036 2038 vocem
3073 2002 3086 2038 :
3113 1985 3166 2037 in
3190 1981 3337 2037 omni
3370 1982 3612 2051 denique

1990 2072 2139 2150 'ejus
2172 2078 2365 2133 habitu
2400 2092 2465 2133 ac
2494 2088 2649 2148 gestu
2680 2076 3017 2130 hilaritatem
3073 2081 3128 2131 et
3167 2073 3490 2144 gravitatem
3532 2073 3614 2129 sic

2019 2172 2386 2241 explicuerat,
2412 2180 2473 2224 ut
2497 2184 2777 2224 amoenum
2798 2167 3068 2250 ~quiddam
3096 2181 3160 2222 ac
3185 2166 3432 2221 divinum
3465 2165 3518 2220 in
3545 2179 3613 2221 eo

2021 2265 2315 2319 emineret.
2344 2263 2475 2330 Qum
2516 2262 2777 2318 universa
2806 2263 3004 2318 tacitos
3042 2262 3162 2335 ejus
3197 2275 3384 2317 mores
3412 2272 3467 2317 et
3497 2260 3616 2316 ani-

2019 2369 2171 2409 mum
2207 2353 2564 2409 nuntiabant.

2091 2656 2157 2712 V.
2198 2654 2267 2710 Ut
2310 2664 2493 2710 autem
2544 2654 2829 2723 ingenium
2888 2653 3009 2723 ejus
3063 2654 3232 2711 etiam
3300 2654 3614 2728 declarem,

2020 2748 2189 2804 unius
2213 2757 2379 2818 atque
2425 2748 2659 2802 alterius
2689 2747 2812 2815 ejus
2857 2745 2983 2801 facti
3027 2748 3367 2803 mentionem
3393 2747 3614 2803 faciam.

2020 2841 2189 2897 Paulo
2221 2849 2348 2894 ante
2380 2839 2617 2904 obitum,
2671 2854 2796 2895 cum
2829 2848 3156 2910 paupertate
3204 2848 3261 2894 et
3295 2854 3482 2896 rerum
3519 2855 3617 2895 ne-

2020 2933 2389 2988 cessariarum
2425 2931 2609 3001 inepia
2641 2940 2937 3003 urgeretur
2970 2939 3025 2985 et
3079 2930 3278 2989 hiemis
3319 2931 3429 2985 vim
3472 2931 3619 2988 ferre

2020 3042 2128 3082 non
2166 3031 2354 3094 posset
2388 3023 2536 3093 (nam
2578 3022 2757 3078 hiems
2808 3030 2929 3077 tum
2990 3022 3227 3077 maxime
3279 3023 3612 3093 saeviebat),

2021 3118 2303 3188 vulpinam
2337 3115 2441 3172 sibi
2477 3124 2804 3171 nocturnam
2838 3125 3051 3171 vestem
3079 3106 3197 3169 fieri
3232 3116 3420 3187 jussit.
3454 3115 3618 3172 Omni

334 3204 606 3271 ἐπέταξεν
629 3203 778 3271 αύτῷ
807 3201 1065 3272 γενέσθαι
1115 3199 1443 3269 νυκτερινὴν
1494 3198 1553 3264 ἐξ
1601 3196 1917 3264 ἀλωπεκῆς.

2025 3219 2207 3266 autem
2243 3209 2363 3280 ejus
2400 3208 2680 3276 opulentia
2710 3208 3010 3278 perquisita
3034 3208 3215 3263 tribus
3234 3212 3477 3291 nummis
3506 3225 3615 3265 non

334 3301 525 3369 Πάσης
577 3294 674 3351 οῦν
724 3297 826 3365 τῆς
893 3292 1064 3349 αὐτοῦ
1132 3291 1455 3362 περιουσίας
1516 3286 1920 3359 ἀριθμηθείσης

332 3368 502 3463 τριῶν
540 3390 893 3460 νομισμάτων
938 3386 1038 3455 οὐχ
1069 3368 1301 3455 εὕρηται
1336 3382 1501 3436 πλέον
1524 3381 1701 3434 οὐδέν.
1757 3377 1921 3432 Ὅθεν

332 3484 540 3539 τούτων
577 3482 753 3553 μόνων
785 3480 845 3545 ἐξ
886 3474 1333 3553 ἀνάγκηςιῶνιον
1394 3473 1680 3541 γενέσθαι,
1732 3471 1760 3526 ὃ
1820 3470 1921 3540 τῆς

333 3576 675 3647 ψυχρότητος
711 3570 1075 3643 μεμελέτηται
1121 3565 1494 3637 παραμύθιον.
1535 3565 1835 3647 Μετεὼρουι
1856 3564 1920 3634 δὴ

332 3630 919 3735 τῆξιμελέτηξοίίσης,
953 3630 1383 3728 προσελθῶν-τις
1409 3655 1520 3707 τῶν
1560 3630 1923 3708 πάλαιόίθειξ

334 3753 487 3807 ακῶν
520 3751 614 3805 τὸν
650 3750 745 3820 τῆς
775 3748 1007 3818 ἐνούσης
1043 3747 1239 3809 πενίας
1283 3744 1647 3817 ὲξετραγῲδει
1675 3746 1921 3799 κίνδυνον

338 3845 531 3916 βιαίως
586 3840 967 3922 ὲπιξιθέμενον
1011 3838 1108 3890 καὶ
1150 3836 1288 3905 πρὸς
1343 3836 1572 3889 θάνατον
1621 3835 1922 3905 ὁλοσχερῶς

339 3935 709 3993 συνωθοῦντα.
774 3932 966 4001 Τούτῳ
1019 3930 1297 4001 καμφθεὶς
1364 3929 1615 3983 ἑδεδώκει
1678 3932 1746 3981 τὰ
1795 3928 1923 3999 τρία

338 4033 521 4085 ἐκεῖνα
608 4028 918 4097 νομίσματα
949 4068 964 4094 ,
1057 4022 1355 4094 συμφορῶν
1440 4022 1741 4093 ἀλλοτρίων
1831 4022 1924 4073 τὸν

338 4120 533 4178 ἑαυτοῦ
604 4119 966 4190 προελόμενος
1039 4115 1296 4178 θάνατον,
1357 4114 1479 4168 ὅσον
1554 4113 1614 4167 τὸ
1670 4114 1756 4167 ἐπ’
1826 4114 1925 4165 αύ-

337 4219 450 4270 τόν.
488 4214 583 4267 Ἐν
617 4214 720 4284 μὲν
750 4213 816 4281 δὴ
849 4209 1012 4264 τοῦτο
1050 4208 1150 4276 τῆς
1192 4206 1361 4261 αὑτοῦ
1426 4204 1746 4275 συμπαθοῦς
1782 4204 1924 4275 γνώ-

340 4328 449 4377 μης
487 4308 789 4379 τεκμήριον
813 4305 947 4375 (52).
978 4301 1245 4372 Δεύτερον
1271 4301 1329 4353 δέ
1359 4318 1373 4332 ·
1439 4301 1562 4353 ἐπεὶ
1592 4299 1702 4369 γὰρ
1724 4300 1924 4371 ἰατρῶν

340 4405 442 4474 μὲν
470 4402 657 4462 παῖδες
692 4399 843 4466 αύτῷ
866 4398 967 4467 τὴν
989 4395 1340 4465 πολυήμερον
1372 4393 1753 4463 ψυχροποσίαν
1780 4394 1926 4461 ἀπη-

338 4493 587 4563 γόρευον,
633 4492 661 4544 ὁ
692 4490 759 4542 ιδ’
816 4490 879 4542 οὐ
917 4487 1178 4558 προσίετο
1207 4486 1308 4558 τὴν
1359 4486 1695 4557 οἰνοποσίαν,
1750 4488 1925 4556 μέσην

2029 3303 2155 3373 plus
2186 3309 2273 3356 est
2306 3309 2614 3372 repertum.
2666 3298 2829 3354 Tanti
2864 3299 3050 3370 itaque
3095 3315 3322 3355 necesse
3363 3299 3464 3354 fuit
3511 3298 3622 3356 emi

2028 3402 2261 3453 vestem,
2289 3408 2412 3462 qua;
2438 3393 2487 3445 ei
2520 3393 2573 3446 in
2615 3390 2917 3463 frigoribus
2955 3391 3203 3446 solamen
3241 3401 3492 3461 paratum
3535 3405 3626 3447 es-

2029 3493 2134 3538 set.
2170 3482 2227 3537 ld
2255 3498 2388 3537 vero
2419 3481 2711 3535 consilium
2743 3496 2870 3536 cum
2908 3480 3092 3536 adhuc
3141 3481 3461 3551 agitaretur,
3502 3480 3624 3551 qui-

2031 3574 2156 3629 dam
2191 3590 2220 3627 e
2250 3574 2537 3629 veteribus
2576 3574 2697 3643 ejus
2723 3573 3093 3628 familiaribus
3127 3584 3455 3643 przesentem
3485 3588 3621 3644 pau-

2031 3674 2302 3734 pertatem
2342 3663 2665 3733 deplurabat
2692 3704 2708 3728 ,
2752 3679 2875 3732 quae
2907 3663 2981 3718 ita
3011 3672 3169 3717 atrox
3202 3662 3308 3719 sibi
3342 3663 3626 3718 incumbe-

2031 3765 2150 3819 ret,
2176 3766 2235 3810 ut
2254 3755 2364 3823 jam
2398 3755 2450 3808 in
2476 3767 2667 3824 aperto
2698 3754 2893 3809 mortis
2919 3755 3168 3824 periculo
3199 3766 3536 3809 versaretur.
3560 3755 3621 3809 Ei

2032 3845 2307 3900 adductus
2343 3844 2727 3900 misericordia
2788 3854 2899 3899 tres
2957 3844 3079 3899 illos
3117 3859 3373 3900 nummos
3431 3844 3620 3912 dedit;

2032 3937 2173 3991 mori
2208 3945 2537 4006 prmoptans,
2568 3938 2713 4006 quod
2751 3935 2804 3989 in
2834 3952 2892 3991 se
2923 3945 3093 4001 esset,
3117 3951 3282 4006 quam
3317 3937 3620 3992 alienarum

2033 4033 2417 4086 calamitatum
2454 4039 2736 4099 spectatur
2770 4046 2913 4087 esse.
2953 4031 3133 4086 Unum
3174 4030 3339 4101 igitur
3363 4031 3469 4085 hoc
3500 4033 3623 4097 ejus

2033 4124 2392 4194 benignitatis
2440 4123 2658 4192 signum
2706 4131 2850 4178 esto.
2881 4122 3128 4177 Alterum
3176 4121 3330 4178 illu’d.
3385 4122 3519 4176 Cum
3567 4122 3619 4175 ci

2033 4218 2247 4289 frigidae
2281 4234 2437 4289 aquae
2468 4225 2598 4288 potu
2632 4216 2898 4272 diuturno
2942 4216 3142 4272 medici
3182 4216 3616 4277 interdicerent,

2033 4321 2198 4381 atque
2237 4310 2506 4381 ipsevini
2561 4310 2903 4380 potationem
2947 4310 3324 4378 repudiasset;
3383 4309 3619 4363 mediam

2036 4404 2326 4473 ingressus
2363 4401 2505 4455 viam
2545 4402 2636 4455 vix
2670 4416 2780 4455 uno
2812 4417 3006 4467 aureo,
3043 4416 3220 4471 eoque
3252 4400 3577 4454 tnntnaticio
3602 4440 3617 4465 ,

2033 4491 2242 4561 aliquid
2274 4491 2379 4546 sibi
2406 4490 2651 4546 dulcium
2688 4491 2963 4561 liquorum
2983 4492 3138 4556 emit,
3167 4491 3261 4562 qui
3297 4507 3361 4545 ex
3388 4490 3620 4561 [Egypto

341 4584 565 4655 βαδίσας
592 4582 930 4653 νομίσματος
976 4580 1094 4642 ἑνὸς
1128 4578 1302 4648 μόλις,
1345 4580 1410 4631 ὲκ
1462 4578 1677 4631 δανείου
1734 4579 1918 4631 κάκεί-

2034 4591 2090 4637 et
2118 4583 2322 4638 Arabia
2347 4582 2721 4648 advehuntur,
2748 4591 2808 4636 ut
2842 4581 3008 4654 474
3057 4582 3146 4636 his
3187 4582 3396 4651 frigidas
3430 4593 3619 4651 potum

340 4695 432 4731 νου
461 4676 919 4746 παρευρεθέντος,
946 4672 1106 4727 ὢνιον
1131 4671 1257 4741 ἔσχε
1285 4672 1452 4742 μέρος
1490 4670 1542 4722 τι
1575 4671 1681 4725 τῶν
1742 4672 1801 4737 ἐξ
1835 4672 1870 4723 Α
1887 4670 1931 4723 ί-

2039 4680 2401 4731 meraciorem
2438 4684 2770 4745 temperaret
2823 4687 2988 4746 atque
3032 4675 3263 4729 levaret.
3298 4673 3403 4729 Sed
3438 4674 3624 4744 prius-
3682 4698 3691 4709 ί

340 4768 550 4835 γύπτου
578 4767 671 4820 καὶ
720 4765 980 4836 Ἀραϐίας
1018 4761 1101 4836 [Ρ.
1128 4760 1256 4832 291]
1277 4760 1657 4831 κομιζομένων
1683 4760 1918 4830 γλυκέωι

2037 4785 2201 4840 quam
2247 4784 2342 4823 eos
2369 4778 2663 4840 gustasset,
2703 4784 2899 4823 rursus
2932 4768 3076 4822 alius
3110 4776 3361 4821 veterum
3401 4765 3620 4823 domes-

343 4858 551 4932 ὑγρῶν,
585 4861 669 4912 ἵνα
714 4874 777 4927 γε
830 4857 1004 4928 τούτῳ
1046 4855 1281 4926 κουφίζῃ
1318 4854 1378 4907 τὸ
1422 4854 1521 4923 τῆς
1562 4854 1918 4923 ψυχροποσίας

2039 4862 2275 4915 ticorum
2303 4875 2430 4915 eum
2483 4860 2717 4923 accedit,
2764 4859 2912 4928 longi
2946 4858 3123 4913 morbi
3164 4858 3333 4913 breve
3370 4869 3625 4927 quaerens

339 4955 601 5026 ἄκρατον.
621 4949 926 5022 Ἀλλὰξπρὶν
947 4934 1767 5017 γεύσασθαιῑτούτουβρόσεισιν
1784 4944 1918 5000 αὖθις

2036 4952 2322 5008 solatium.
2362 4952 2430 5006 At
2466 4952 2577 5017 ille,
2600 4966 2725 5005 cum
2760 4950 2899 5004 nihil
2944 4950 3173 5005 haberet
3202 4964 3312 5020 quo
3339 4949 3623 5031 hominem

274 5102 277 5105 .
343 5051 529 5121 ἕτερός
569 5066 652 5112 τις
687 5048 797 5100 τῶν
846 5044 1014 5100 πάλαι
1041 5043 1356 5111 οῖκειακῶν,
1385 5044 1600 5115 μακροῦ
1630 5044 1918 5115 νοσήματα

2036 5046 2437 5106 consolaretur,
2468 5055 2523 5098 et
2546 5043 2703 5113 {huic
2732 5041 2849 5096 dari
2875 5043 3042 5112 jussit
3064 5042 3375 5098 remedium
3402 5058 3515 5098 suae
3544 5043 3629 5096 in-

347 5144 520 5215 βραχύ
546 5161 599 5196 τι
622 5140 803 5210 ζητῶν
837 5139 1210 5211 παραμύθιον.
1249 5140 1307 5193 '0
1359 5139 1417 5192 δὲ
1451 5139 1529 5209 μὴ
1574 5140 1715 5210 ἔχων
1752 5139 1918 5204 οὐδὲν,

2039 5137 2320 5193 ﬁrmitatis
2343 5149 2507 5191 causa
2537 5143 2942 5205 comparatum.
2976 5133 3153 5190 Tanta
3183 5134 3304 5204 ejus
3360 5145 3480 5190 erat
3520 5135 3629 5188 hu-

1702 5291 2042 5354 Variorum
2078 5299 2265 5353 notae.

418 5446 529 5514 (5t)
572 5444 1052 5514 Moriens_unnttm
1089 5442 1262 5495 wtatis
1304 5439 1545 5514 explebat
1587 5440 1919 5514 septuagesi-
2028 5437 2289 5514 detrahit.
2324 5437 2429 5493 Sed
2478 5436 2636 5501 mihi,
2663 5437 2864 5514 u_t_jam
2893 5435 3029 5514 dixi,
3064 5430 3629 5514 Cautacuzeniaehrg-

346 5501 490 5571 mum
515 5501 795 5585 'quartum.
820 5512 1069 5585 Mortuus
1098 5523 1181 5566 est
1214 5501 1463 5585 (utint‘ra
1487 5501 1726 5585 dicetur,
1756 5501 1933 5585 hujus
2026 5509 2245 5585 nologia
2277 5517 2537 5579 suspecta
2564 5518 2671 5563 est.
2700 5501 2837 5563 Vide
2872 5507 3140 5563 adnotata
3175 5505 3243 5558 ad
3277 5518 3400 5574 pag.
3431 5501 3539 5555 262
3562 5502 3624 5555 Β.

345 5601 468 5655 cap.
519 5579 656 5640 seet.
710 5582 837 5652 ult.)
886 5596 1036 5636 anno
1084 5583 1273 5655 mundi
1303 5580 1465 5655 6:819.
1506 5580 1722 5655 Qhristi
1765 5580 1918 5655 ibi}?

2031 5579 2241 5655 Borvnv.

347 5647 489 5722 Er'go
536 5664 703 5708 natus
732 5647 854 5707 erat
885 5667 1031 5707 anno
1069 5652 1258 5706 mundi
1311 5651 1471 5712 6766,
1514 5650 1725 5706 Christi
1763 5649 1924 5722 1258.
2042 5718 2055 5722 _
2098 5648 2328 5722 (52pm)
2371 5650 2731 5722 pietatemiet
2766 5650 2903 5704 alias
2930 5650 3100 5705 animi
3126 5649 3286 5705 dotes
3308 5647 3476 5702 etiam
3503 5648 3625 5701 lau-

347 5716 484 5781 Vid'e
526 5725 786 5779 adnotata
822 5722 889 5794 ad
940 5737 1064 5794 pag.
1095 5722 1171 5794 751
1207 5722 1270 5776 Α.
1322 5723 1763 5794 (ῖοηιοουκοηιιε
1786 5721 1918 5775 Hist.

2025 5716 2190 5774 datur
2219 5716 2599 5794 arilflieephoro
2625 5721 3021 5794 xanthopulo:

347 5796 442 5851 lib.
481 5812 541 5858 ιι,
580 5811 703 5863 cap.
738 5794 830 5858 εδ,
862 5788 1236 5849 Andronicum
1276 5808 1439 5847 avum
1477 5792 1683 5847 obiisse
1717 5791 1918 5863 aitran-

2236 5792 2347 5863 Τῆς
2362 5788 2655 5863 λεύσεὸείας
2684 5788 3027 5863 ᾋνδρόνικος
3043 5792 3098 5863 Δὁ,
3114 5788 3327 5863 στῦλος,

349 5882 449 5923 nos
479 5858 664 5922 natuni
701 5865 788 5920 72.
831 5864 911 5920 Ita
950 5864 1019 5920 de
1062 5880 1335 5921 annorum
1371 5879 1602 5919 numero
1638 5862 1918 5919 biennium

2244 5858 2605 5934 ’Λσύγκριτος
2628 5861 2774 5931 νοῦς,
2807 5858 3123 5935 ἐξῃρημένη
3147 5860 3332 5931 φύσις.
3366 5858 3611 5918 Ducmc.
