4062 6450
386 518 415 535 \

543 335 654 402 675
798 333 872 406 [Α.
912 350 969 390 ιι.
1004 334 1143 391 6856
1184 350 1252 390 an
1289 333 1453 409 6849]

1706 331 2557 406 NICEPHURmFEG‘ORE

2857 332 2990 405 [μιν.
3032 342 3318 387 manoxtc.
3374 329 3513 400 tua]
3679 337 3774 397 m5

537 451 970 517 liconem?Quis
999 451 1282 521 sapientiae
1315 452 1585 507 destruxit
1611 450 1949 524 Olympum?
1990 452 2108 518 Qui:

2230 454 2446 523 ἐκείνης
2498 448 2708 522 ἀθρόως
2756 450 2838 512 είς
2887 445 2993 517 γῆν
3039 442 3446 516 καταρρεὖσαν.
3476 442 3777 512 Θρηνὴσατε

536 543 819 598 lucernam
876 544 1161 605 exstinxit,
1188 543 1388 599 mentis
1413 552 1615 600 nostrae
1637 544 1826 599 oculos
1847 545 2126 601 illustran-

537 642 648 689 tem
673 645 729 689 et
761 634 908 695 cilia.
927 636 1105 691 nostri
1131 636 1303 691 animi
1330 637 1563 708 pulchre
1591 639 1970 708 aperientem?
1990 640 2124 705 Quis

532 736 708 780 artem
732 728 959 792 artium,
983 728 1280 783 scientiam
1316 730 1674 786 scientiarum
1701 731 1976 801 perdidit?
1989 732 2124 799 Quis

532 818 811 873 caelestem
846 818 1128 872 hominem
1161 820 1214 873 in
1243 821 1472 876 fundum
1490 823 1689 876 tumuli
1716 822 1954 891 dejecit?
1979 822 2123 878 Olim

531 917 757 986 quidem
794 916 1005 972 Graecia
1036 916 1285 972 Athenas
1313 918 1645 986 elaquentizc
1669 917 2009 973 domicilium
2029 919 2125 972 de-

532 1009 792 1078 ploravit,
830 1023 956 1063 cum
992 1024 1087 1062 cas
1123 1025 1220 1078 per
1256 1009 1484 1063 insidias
1514 1009 1722 1063 celeres
1761 1009 2123 1064 destruxisset

438 1124 443 1129 ι
531 1097 816 1168 Lysander
837 1098 1310 1153 Lacedaemonius.
1345 1099 1457 1154 Nos
1491 1115 1623 1152 vero
1651 1099 1814 1152 hodie
1844 1115 1953 1152 non
1987 1100 2123 1153 satis

529 1189 821 1258 deplorare
884 1206 1180 1259 possumus
1254 1199 1425 1245 totam
1482 1190 1747 1246 Graeciam
1802 1205 1926 1245 cum
1984 1190 2121 1261 ipsis

527 1280 761 1334 Athenis
792 1280 1126 1335 demersam.
1156 1283 1313 1338 Unus
1341 1283 1489 1336 enim
1544 1284 1636 1338 hic
1662 1284 1748 1336 vir
1778 1282 1882 1337 fuit
1910 1284 2115 1338 omnia.

529 1372 782 1438 Olllusze,
827 1388 860 1426 o
913 1372 1169 1429 facundia
1197 1413 1212 1434 .
1266 1374 1439 1446 478
1475 1390 1510 1429 o
1564 1378 1817 1442 virtutes,
1859 1392 1891 1429 o
1927 1392 2119 1433 omnes

530 1463 872 1533 disciplinae,
930 1465 1207 1534 quomodo
1240 1450 1475 1533 agrestia
1518 1465 1632 1519 lilia
1679 1465 1817 1520 adeo
1861 1467 2118 1522 celeriter

532 1554 665 1607 estis
699 1553 946 1617 imitatae,
978 1556 1090 1609 cito
1116 1555 1339 1623 quidem
1371 1556 1426 1609 in
1456 1557 1626 1610 altum
1651 1556 1822 1612 decus
1853 1568 2112 1624 arrectae,

2231 543 2408 612 στόμα
2448 543 2643 604 ἐκεῖνο,
2677 539 2705 593 ὃ
2751 530 2879 610 χθὲς
2935 537 3036 607 μὲν
3091 535 3190 615 καὶ
3242 534 3505 604 πρότερον
3535 532 3687 586 οἱονεί
3730 550 3778 588 τι

2229 635 2458 705 σίμϐλον
2486 633 2849 703 κατεφαίνετο
2886 631 3124 700 μέλιτος,
3159 627 3255 681 νῦν
3276 626 3334 680 δὲ
3363 624 3586 678 θανάτου
3620 626 3781 695 xeat-71.

2228 744 2315 791 νες
2350 727 2690 798 διέφθειραν.
2726 726 3052 796 Θρηνησατε
3084 721 3177 775 τὸν
3215 720 3278 773 τὸ
3327 718 3608 786 Ῥωμαίων
3641 719 3782 781 κλέος

2224 821 2291 890 τῇ
2326 819 2485 915 σοφίᾳ
2526 817 2865 889 σεμνύνοντα
2918 816 3104 877 πλέον,
3151 814 3184 883 ἢ
3238 815 3298 865 τὺ
3346 811 3453 915 τῶν
3484 810 3781 915 ,Ἀθηναίων

2226 911 2399 966 πάλαι
2430 902 2764 982 ’Σωκράτεις
2819 909 2913 962 καὶ
2966 908 3275 985 Πλάτωνες.
3320 904 3636 975 θρηιήσατε
3670 902 3783 965 τοὺς

2223 1005 2325 1071 τῆς
2355 1004 2864 1077 σοφίαςδκρατῆρας
2896 1003 3118 1066 ἀπάσης
3147 999 3204 1051 ὲν
3237 996 3433 1081 βραχεῖ
3468 995 3781 1057 κενωθέντας

2224 1098 2302 1158 είς
2336 1095 2462 1166 γῆν.
2504 1095 2646 1157 Ἀλλ’
2672 1094 2717 1148 ῶ
2764 1094 2845 1157 τίς
2866 1083 2947 1146 ’ὲκ
2989 1093 3162 1162 μέσης
3216 1091 3318 1159 τῆς
3359 1088 3677 1156 οἰκουμένης
3703 1086 3784 1138 τὸν

2220 1182 2331 1235 τῶν
2359 1182 2595 1236 Μουσῶν
2625 1183 2954 1252 ἀφήρπασεν
2998 1177 3314 1244 Ἐλικῶνα;
3352 1176 3435 1239 τίς
3462 1177 3553 1228 τὸν
3587 1176 3680 1242 τῆς
3709 1191 3788 1227 σο-

2226 1273 2359 1342 φίας
2411 1274 2727 1343 κατέχωσεν
2762 1272 3085 1341 Ὄλυμπονς
3127 1270 3211 1333 τίς
3242 1270 3334 1322 τὸν
3380 1269 3570 1338 λύχνον
3612 1266 3785 1319 ἔσϐεσε

2222 1366 2314 1420 τὸν
2354 1366 2658 1433 φωτίζοντα
2689 1367 2816 1426 τοὺς
2853 1366 3010 1435 ἡμῶν
3033 1363 3130 1433 τῆς
3161 1363 3341 1433 ψυχῆς
3370 1360 3675 1428 ὀφθαλμούς
3706 1360 3789 1413 καὶ

2221 1459 2405 1521 καλῶς
2445 1460 2604 1529 ἡμῶν
2642 1459 2703 1511 τὸ
2732 1457 2826 1511 τοῦ
2855 1459 2948 1510 νοῦ
2993 1457 3334 1521 διανοξγοντα
3378 1453 3672 1524 βλέφαρονς
3715 1452 3788 1516 τίς

2219 1552 2319 1623 τὴν
2349 1552 2545 1623 τέχνην
2571 1551 2683 1604 τῶν
2712 1551 2921 1621 τεχνῶν
2946 1552 3041 1604 καὶ
3070 1549 3168 1619 τὴν
3198 1548 3308 1603 τῶν
3338 1547 3657 1615 ἐπιστημῶν
3679 1547 3789 1598 ὲπι-

530 1644 631 1700 sed
658 1645 827 1700 citius
874 1646 1127 1727 arefactae
1154 1656 1212 1701 et
1240 1647 1510 1717 deiectat?
1533 1649 1725 1703 Divina
1755 1650 1907 1704 enim
1937 1664 2108 1705 vestra

2221 1644 2438 1711 στήμην
2484 1640 2798 1712 διέφθειρες
2853 1641 2938 1703 τίς
2973 1638 3065 1692 τὸν
3108 1638 3361 1707 οὐράνιον
3411 1635 3691 1704 ἄνθρωπον
3718 1634 3787 1696 είς

529 1736 701 1801 cella,
747 1725 1012 1806 magnum
1053 1738 1185 1791 illud
1217 1748 1274 1791 et
1315 1738 1537 1794 celebre
1590 1750 1836 1795 vestrum
1866 1742 2108 1798 diverso-

2220 1733 2346 1803 ᾂδου
2377 1732 2662 1802 πυθμένας
2695 1735 3003 1801 κατήνεγκε
3036 1747 3050 1795 ;
3089 1732 3263 1784 Πάλαι
3306 1745 3375 1801 γε
3415 1728 3573 1803 μὴνη
3617 1725 3788 1786 Ἑλλὰς

523 1829 690 1891 rium,
716 1844 865 1883 nunc
892 1838 1035 1883 terra
1049 1840 1105 1883 et
1136 1829 1369 1884 interitu
1401 1845 1726 1900 oppressum
1754 1848 1861 1886 una
1881 1846 2108 1888 vestram

2223 1827 2325 1891 τὴν
2359 1825 2470 1877 τῶν
2502 1825 2683 1893 λόγων
2710 1825 2899 1878 ἑστίαν
2928 1824 3201 1893 ὲθρήνησε
3233 1822 3331 1884 τάς
3376 1820 3626 1889 Ἀθήνας,
3653 1816 3785 1871 ὁπότ’

522 1930 743 1987 quoque
800 1917 1030 1988 gloriam
1073 1918 1369 1988 depressit.
1434 1918 1535 1974 llic
1575 1920 1712 1986 fuit,
1772 1922 1868 1991 qui
1926 1938 2108 1977 omnes

2223 1915 2526 1979 ἐπιϐούλως
2557 1915 2784 1985 δραμὼν
2826 1916 3077 1969 καθεῖλεν
3107 1913 3274 1976 αὑτὰς
3313 1915 3340 1965 6
3382 1909 3789 1980 Λακεδαιμόνιος

522 2023 661 2063 voce
697 2008 1073 2079 philosophos
1110 2016 1406 2078 superaret
1435 2018 1492 2064 et
1519 2019 1790 2076 oratores,
1824 2026 1964 2081 quos
1996 2026 2108 2066 om-

2220 2009 2557 2079 Λύσανδρος.
2599 2007 2792 2079 Ἡμεῖς
2818 2008 2865 2061 δ’
2897 2006 3005 2061 οὐδ’
3047 2007 3215 2074 ἀξίως
3245 2004 3468 2073 θρηνεῖν
3494 2003 3683 2074 ἔχομεν
3705 2003 3790 2073 σή-

521 2110 614 2164 nia
641 2113 843 2171 saecula
865 2110 1154 2166 celebrant
1180 2127 1194 2164 ε
1231 2112 1326 2165 sed
1351 2110 1482 2177 heu,
1507 2112 1653 2181 jaret
1678 2113 1789 2184 jam
1818 2115 1872 2167 in
1892 2114 2108 2181 pulvere

2214 2114 2392 2175 ‘pepov
2440 2097 2570 2161 ὅλας
2626 2096 2885 2161 Ἑλλάδας
2932 2099 3126 2161 αὑταῖς
3174 2096 3434 2166 Ἀθήναις
3475 2092 3793 2163 συγκαταδύη

519 2211 577 2257 et
617 2203 830 2257 tumulo
872 2212 1085 2260 mutus.
1116 2204 1217 2259 llic
1268 2202 1376 2259 fuit
1401 2244 1417 2269 ,
1474 2205 1569 2274 qui
1623 2190 1809 2260 mente
1845 2215 1901 2260 et
1934 2208 2108 2277 lingua

2222 2206 2341 2251 σας.
2377 2190 2564 2242 Πάντα
2594 2190 2704 2261 γὰρ
2741 2184 2822 2253 εἷς
2862 2189 3003 2260 ἀνὴρ
3039 2184 3198 2254 οὗτος
3238 2187 3328 2261 ἦν.
3361 2185 3437 2241 Ὦ
3478 2188 3682 2243 Μοῦσαι
3705 2186 3790 2241 καὶ

518 2293 694 2349 caelos
739 2305 796 2350 et
842 2304 1019 2360 terras
1047 2295 1423 2361 dimetiretur,
1459 2298 1658 2366 quovis
1694 2298 2115 2367 perpendiculo,

519 2390 717 2455 quavis
761 2388 971 2440 amussi
1006 2387 1214 2441 rectius
1240 2427 1258 2454 ,
1318 2403 1465 2442 nunc
1533 2404 1666 2443 vero
1709 2389 1855 2458 lapis
1882 2390 2115 2460 exiguus
2156 2442 2171 2461 ,

515 2493 647 2533 eum
701 2479 1011 2534 dimetilur.
1061 2478 1163 2533 Hic
1198 2478 1303 2533 fuit
1347 2496 1670 2549 magnorum
1701 2482 1824 2536 coeli
1869 2494 1927 2536 et
1958 2491 2115 2537 terrae

517 2575 874 2630 horizontum
924 2584 982 2628 et
1034 2574 1425 2644 parallelorum
1475 2575 1680 2644 optima
1736 2575 1972 2645 dioptra,
2023 2576 2114 2631 hic

517 2667 765 2737 Optimus
819 2676 874 2721 et
932 2670 1131 2736 s’ponte
1176 2675 1344 2721 natus
1388 2666 1770 2736 horoscopus;
1807 2668 1903 2722 sed
1962 2684 2112 2723 nunc

514 2775 645 2816 eum
671 2767 799 2814 ante
834 2768 1073 2827 tempus,
1102 2774 1135 2813 o
1167 2760 1445 2815 miseriam
1473 2799 1488 2825 ,
1530 2761 1713 2815 brevis
1736 2761 1964 2816 horizon
2001 2770 2113 2815 ter-

513 2863 592 2904 rte
632 2848 1047 2919 complectitur.
1096 2848 1197 2903 Hic
1226 2848 1376 2911 fuit,
1426 2848 1523 2919 qui
1555 2865 1812 2919 magnum
1842 2850 2110 2920 impendit

513 2946 782 3010 studium,
817 2961 885 2999 ne
917 2944 972 2998 in
1005 2953 1286 3015 posterum
1326 2945 1502 3001 Graeci
1535 2947 1739 3001 eruditi
1791 2948 1845 3002 in
1882 2949 2108 3020 judiclis

511 3052 765 3100 veterum
802 3045 1117 3113 sapientum
1163 3042 1662 3098 hallucinarentur.
1717 3044 1818 3099 Hic
1842 3043 1977 3109 fuit,
2010 3046 2105 3116 qui

2219 2282 2368 2350 λόγοι
2400 2283 2494 2336 καὶ
2524 2285 2718 2354 ἀρεταὶ
2771 2287 2867 2336 καὶ
2921 2285 3073 2337 πᾶσα
3126 2284 3369 2346 παιδεία,
3405 2282 3523 2346 πῶς
3547 2282 3616 2335 τά
3643 2282 3791 2351 κρῖνα

2219 2377 2433 2446 ταχέως
2482 2377 2682 2430 οὑτωσί
2727 2393 2846 2440 πως
2882 2377 3233 2448 ὲμιμήσασθε
3272 2377 3379 2430 ’τοῦ
3418 2375 3608 2447 ἀγροῦ,
3640 2375 3789 2440 ὀξέως

2222 2471 2322 2537 μὲν
2362 2469 2500 2540 πρὸς
2536 2468 2670 2537 ὕψος
2699 2470 2794 2521 καὶ
2824 2467 3024 2531 κάλλος
3068 2467 3327 2538 ἀρθέντα,
3358 2467 3616 2537 ὀξύτερον
3660 2465 3701 2517 δ’
3728 2463 3789 2519 αὖ

2219 2562 2531 2615 καταδύντα
2547 2563 2688 2633 πρὸς
2723 2560 3016 2632 μαρασμδν
3046 2562 3142 2614 καὶ
3169 2560 3405 2629 φθορὰν;
3436 2561 3510 2613 Τὸ
3528 2561 3633 2630 γὰρ
3661 2559 3789 2611 θεῖον

2218 2652 2376 2723 ὑμῶν
2400 2653 2724 2724 ἀνάκτορον,
2758 2652 2822 2705 τὸ
2853 2652 2999 2723 μέγα
3029 2652 3127 2706 καὶ⁵
3168 2652 3510 2724 περιὸόητον
3545 2652 3694 2723 ὑμῶν
3716 2653 3791 2704 ὲν-

2214 2747 2392 2817 διαίτη
2403 2765 2478 2812 μα
2510 2742 2615 2801 ύπὺ
2639 2748 2746 2815 γῆν
2795 2748 2891 2800 καὶ
2926 2745 3267 2821 φθοράνγνῦν
3317 2745 3601 2801 κατελθὼν
3627 2745 3789 2799 καὶτὸ

2216 2843 2482 2911 ὑμέτερον
2526 2840 2918 2909 συγκατέχωσε
2956 2839 3175 2903 κάλλος.
3211 2831 3394 2902 Οὗτος
3425 2835 3495 2911 ἦν
3525 2841 3551 2893 6
3597 2839 3789 2900 πάντας

2214 2933 2624 3005 ὑπερφωνήσας
2675 2932 3005 3002 φιλοσόφους
3040 2932 3136 2986 καὶ
3194 2932 3465 3002 ῥήτορας,
3510 2931 3731 2993 ὁπόσους
3765 2930 3792 2981 6

2217 3026 2428 3097 μακρὸς
2457 3025 2670 3095 ὕμνησε
2698 3025 2889 3096 χρόνος
2910 3041 2923 3055 ·
2957 3024 3073 3078 ἀλλ’
3112 3024 3260 3094 οίμοι
3290 3025 3481 3078 κεῖται
3508 3023 3606 3079 νῦν
3634 3025 3688 3076 ὲν
3713 3022 3793 3075 κό-

513 3135 1002 3208 contemplatricis
1047 3136 1293 3191 siderum
1343 3136 1625 3206 sapientia:
1659 3138 1948 3193 scientiam
1976 3105 2108 3194 faci-

2217 3131 2298 3166 νει
2330 3116 2426 3168 καὶ
2452 3113 2708 3184 χώμασιν
2743 3115 2984 3183 ἄφωνος.
3037 3105 3206 3177 Οὗτος
3250 3109 3321 3184 ἦν
3352 3116 3392 3167 ὁ
3420 3113 3499 3184 τῷ
3529 3113 3602 3182 νῷ
3624 3111 3713 3165 καὶ
3730 3112 3791 3180 τῇ

514 3230 628 3285 lem
669 3198 1000 3284 reddiderit.
1036 3227 1139 3283 Hic
1190 3228 1327 3293 fuit,
1379 3198 1475 3299 qui
1514 3229 1879 3286 AriStotelicaa
1910 3230 2108 3301 linguae

2214 3206 2432 3280 γλώττῃ
2466 3207 2550 3260 δια
2560 3198 2807 3276 μετρῶν⁸
2834 3208 3067 3279 οὐρανὸν
3099 3210 3196 3261 καὶ
3234 3206 3489 3279 ἀστέρας
3539 3207 3734 3278 βέλτιον
3762 3204 3791 3272 ἢ

510 3321 865 3394 labycinthos
917 3321 1239 3386 extricarit,
1290 3334 1346 3378 at
1388 3338 1539 3379 nunc
1600 3324 1823 3379 obscuri
1869 3325 2110 3395 sepuICri

510 3416 824 3489 labyrinthi
858 3415 1064 3471 acerbe
1082 3417 1226 3472 circa
1259 3432 1386 3473 eum
1423 3416 1776 3472 intricantur.
1827 3417 1929 3472 Hic
1970 3418 2111 3487 opti-

511 3525 617 3566 ma!
654 3511 1009 3566 verecundiae
1032 3520 1088 3565 et
1108 3510 1394 3566 modestiae
1424 3510 1612 3580 regula
1638 3529 1651 3577 ;
1677 3509 1773 3565 sed
1804 3525 1952 3565 nunc
1979 3525 2109 3565 eum

510 3619 665 3659 mors
701 3604 1055 3674 impudenter
1090 3604 1423 3675 amputavit.
1472 3604 1613 3667 Heu,
1655 3619 1767 3673 quo
1788 3616 1944 3671 pacto
1975 3613 2111 3658 tem-

511 3712 620 3769 pus
651 3697 755 3753 hoc
786 3699 952 3768 paulo
982 3709 1269 3754 momento
1298 3704 1630 3754 vetustatem
1661 3712 1878 3752 omnem
1905 3699 2110 3753 lameno

510 3787 812 3843 tationihus
846 3790 980 3844 vicit
1015 3807 1029 3844 :
1064 3789 1211 3860 quod
1260 3798 1419 3860 post
1451 3790 1624 3842 multa
1656 3788 1789 3843 solis
1827 3788 2105 3843 curricula

511 3890 724 3937 tantum
779 3882 1104 3937 detrimenti
1167 3882 1445 3937 universae
1491 3891 1705 3936 naturae
1746 3883 1999 3936 humanae
2048 3882 2105 3936 in

508 3974 658 4030 hunc
689 3991 863 4046 usque
899 3975 1046 4031 diem
1082 3975 1291 4031 inferre
1323 3991 1432 4030 non
1474 3975 1641 4047 479
1667 3979 1864 4045 potuit,
1917 3986 2105 4030 nostra

510 4078 643 4118 vero
683 4075 845 4121 aetate
881 4065 1142 4120 facillime
1173 4064 1376 4135 potuit.
1413 4063 1541 4119 Heri
1593 4065 1741 4119 enim
1782 4065 2016 4119 maxima
2048 4074 2105 4119 et

508 4156 884 4227 pulcherrima
943 4157 1089 4211 bona
1123 4156 1414 4227 abripuit;
1474 4173 1538 4213 ca
1595 4172 1730 4213 vero
1769 4173 1892 4227 quae
1926 4168 2103 4212 resta-

506 4246 641 4301 bant
668 4247 834 4302 hodie
878 4262 1165 4302 reversum
1198 4248 1365 4301 etiam
1407 4247 1637 4302 ademit.
1660 4247 1786 4302 lleri
1829 4257 1989 4301 terrae
2010 4262 2101 4301 so-

504 4341 613 4397 lem
640 4350 801 4395 terra:
838 4340 1148 4396 visceribus
1182 4340 1507 4405 occultavit,
1539 4354 1689 4393 nunc
1721 4338 1887 4392 etiam
1934 4337 2102 4392 Luci-

505 4435 685 4488 ferum
714 4434 878 4488 simul
911 4433 1230 4487 occultavit.
1274 4431 1402 4485 l-lcri
1455 4432 1720 4486 mu’sicam
1753 4430 2097 4485 harmoniam

2215 3300 2357 3354 κατά
2407 3300 2593 3353 πάντα
2617 3298 2821 3351 κανόνα
2869 3301 2965 3353 καὶ
3000 3298 3261 3367 στάθμην
3278 3298 3381 3353 ἀνθ
3396 3301 3596 3370 ρώπων
3617 3314 3633 3329 ⁸
3667 3296 3789 3351 ἀλλά

2212 3388 2311 3443 νῦν
2347 3390 2554 3461 βραχὺς
2591 3390 2757 3442 αὐτὸν
2787 3388 3118 3457 διεμέτρησε
3146 3388 3311 3450 λίθος.
3335 3382 3510 3453 Οὗτος
3536 3383 3605 3459 ἦν
3634 3389 3666 3458 ἡ
3690 3385 3786 3439 τῶν

2213 3482 2471 3553 μεγάλων
2491 3482 2552 3535 οὐ
2563 3480 2725 3552 ρανοῦ
2753 3480 2847 3534 καὶ
2870 3482 2971 3549 γῆς
2993 3480 3289 3551 ὀριζόντων
3314 3481 3413 3535 καὶ⁸
3437 3476 3788 3551 παραλλήλων

2214 3577 2415 3649 ἀρίστη
2461 3575 2715 3646 διόπτρα,
2754 3591 2922 3637 ουτος
2966 3575 2997 3627 ὁ
3046 3574 3351 3651 κράτιστος
3386 3575 3482 3628 καὶ
3527 3570 3786 3640 αὐτοφυὴς

2210 3669 2532 3740 ὡροσκόπος
2557 3686 2571 3701 ·
2603 3667 2742 3722 ἀλλὰ
2772 3669 2866 3721 νῦν
2898 3668 3061 3720 αὑτὸν
3092 3667 3187 3720 καὶ
3227 3666 3335 3736 πρὸ
3368 3667 3471 3737 τῆς
3501 3665 3673 3737 (imae,-
3693 3660 3785 3731 φεῦ

2209 3761 2305 3815 τοῦ
2340 3761 2536 3826 δεινοῦ,
2563 3760 2771 3832 βραχὺς
2806 3760 3009 3831 ὁρίζων
3035 3760 3134 3828 τῆς
3161 3761 3264 3828 γῆς
3297 3759 3668 3831 περιείληφεν.
3694 3756 3787 3811 Ου-

2207 3871 2296 3915 τος
2328 3849 2398 3925 ἦν
2432 3856 2460 3907 6
2490 3852 2693 3923 πολλὴν
2722 3852 3101 3923 ἐνδειξάμενος
3133 3852 3400 3920 πρόνοιαν
3432 3850 3542 3905 τῶν
3567 3850 3690 3918 ἑξῆς
3710 3846 3790 3899 ὲλ-

2207 3945 2452 4015 λογίμων
2485 3944 2784 4016 Ἑλλήνων,
2815 3945 2892 4008 ὡς
2943 3945 3018 4015 μὴ
3050 3943 3512 3997 διακινδυνεύσων
3547 3941 3673 4012 περὶ
3697 3936 3786 3997 τὰς
3822 3940 3823 3947 “

2207 4042 2421 4109 κρίσεις
2465 4037 2576 4091 τῶν
2625 4037 2794 4091 πάλαι
2831 4038 3013 4105 σοφῶν
3038 4052 3052 4065 ο
3109 4029 3265 4096 οὗτος
3293 4037 3321 4088 6
3355 4035 3549 4107 ῥᾳδίαν
3577 4032 3672 4102 τὴν
3694 4029 3786 4099 τῆς

2206 4130 2647 4199 ἀστροθεάμονος
2679 4130 2995 4199 ἐπιστήμης
3025 4129 3220 4199 σοφίαν
3251 4125 3597 4198 πεποιηκώς·
3640 4116 3785 4183 οὗτος

2203 4224 2233 4276 6
2253 4225 2350 4295 τῆς
2381 4222 2824 4294 Ἀριστοτελικῆς
2848 4222 3097 4291 γλώττης
3118 4223 3217 4284 τὰς
3241 4220 3601 4292 λαϐυρίνθους
3619 4215 3788 4272 ἀπλώ-

2205 4332 2335 4380 σας⁸
2383 4316 2519 4369 ἀλλὰ
2550 4315 2644 4368 νῦν
2688 4317 2745 4368 αί
2799 4314 3064 4382 ξοφὼδεις
3115 4314 3209 4367 τοῦ
3265 4314 3444 4382 τάφου
3480 4308 3785 4382 λαϐύρινθοι

2203 4411 2421 4479 πικρῶς
2454 4410 2585 4480 περὶ
2638 4410 2804 4464 αὐτὸν
2855 4408 2958 4479 φεῦ
3005 4400 3399 4474 ὲξελίσσονται.
3423 4399 3593 4470 Οὗτος
3634 4408 3661 4458 ὁ
3698 4404 3786 4471 τῆς

506 4524 759 4586 abstulit,
797 4524 961 4578 hodie
995 4524 1280 4593 magadem
1316 4532 1371 4577 et
1404 4522 1692 4577 nervos.6
1721 4524 1998 4594 quomodo
2022 4524 2089 4589 is,

2212 4505 2437 4573 ἀρίστης
2488 4503 2672 4566 αἰδοῦς
2710 4504 2807 4556 καὶ
2855 4504 2956 4574 τῆς
3009 4506 3371 4574 σωφροσύνης
3419 4498 3784 4557 κανών·ἀλλὰ

506 4616 800 4686 quieﬂ‘ecit
823 4626 883 4672 ut
913 4616 1063 4682 caeli,
1086 4615 1484 4686 quilongojam
1520 4626 1763 4685 tempore
1781 4624 2089 4685 tacueram,

506 4710 603 4764 Dei
658 4709 889 4779 gloriam
925 4717 1290 4773 enarrarent,
1336 4724 1483 4764 nunc
1536 4709 1654 4779 ipse
1706 4711 1768 4769 in
1836 4710 2090 4780 sepulcro

507 4799 699 4855 tacet?
740 4799 880 4863 Heu,
934 4797 1216 4869 quomodo
1251 4798 1659 4869 ipse'mortnus
1690 4811 1855 4870 atque
1895 4800 2094 4854 immo-

504 4904 597 4947 tus
624 4892 905 4946 viventem
934 4905 988 4947 et
1024 4892 1281 4946 mobilem
1323 4893 1526 4948 misero
1556 4893 1691 4948 mihi
1731 4894 1981 4948 dolorem
2015 4894 2093 4948 fa-

504 4985 611 5048 cit;
646 4984 741 5054 qui
801 4992 918 5039 toto
950 4985 1042 5040 die
1098 5000 1194 5039 cor
1238 5001 1420 5039 meum
1462 4973 1660 5056 quovis
1707 5000 1840 5040 ense
1875 4988 2092 5042 acutius

504 5083 761 5147 penetrat
792 5091 857 5131 ac
888 5077 1075 5146 potius
1109 5085 1252 5133 totas
1283 5086 1504 5143 noctes,
1540 5079 1584 5133 si
1623 5079 1768 5148 quod
1805 5079 1984 5148 majus
2007 5087 2092 5134 est

503 5167 617 5222 dici
646 5167 857 5223 debet?
889 5168 1139 5223 Interdiu
1166 5170 1314 5224 enim
1358 5184 1415 5223 et
1442 5168 1796 5223 familiarium
1828 5173 2092 5239 congres-

502 5274 599 5314 sus
628 5258 834 5324 crebri,
881 5269 939 5314 et
969 5262 1094 5315 coeli
1139 5275 1204 5315 ac
1237 5270 1397 5314 terrae
1423 5300 1437 5324 ,
1494 5274 1800 5328 eorumque
1854 5275 1973 5328 quzr
2006 5259 2094 5313 his

504 5354 887 5419 continentur,
924 5354 1278 5423 pulchritudo
1330 5353 1559 5407 forsitan
1595 5368 1625 5407 a
1660 5352 1850 5409 dolore
1895 5353 2096 5407 nonni-

504 5441 583 5496 hil
630 5452 893 5497 avertunt
928 5455 1095 5514 atque
1159 5442 1443 5513 paulisper
1475 5444 1807 5499 abstrahunt
1851 5445 2095 5500 animum

506 5543 800 5602 nostrum;
837 5544 1002 5589 noctu
1042 5551 1175 5589 vero
1232 5551 1360 5590 cum
1413 5534 1578 5590 datur
1611 5540 1808 5605 otium,
1866 5553 1969 5592 nec
2012 5546 2098 5593 est

506 5626 653 5696 quod
681 5626 1008 5695 prohibeat,
1048 5641 1240 5680 omnes
1271 5626 1646 5680 calamitatum
1681 5626 1901 5681 dolores
1933 5627 2094 5682 simul

504 5700 767 5784 irruunt;
820 5730 875 5774 et
918 5728 1141 5789 pectore
1165 5735 1229 5773 ac
1258 5720 1522 5775 memoria
1562 5736 1680 5776 mea
1711 5731 1996 5791 occupata,
2039 5730 2099 5776 ut

513 5813 594 5865 eri
634 5827 800 5867 canes
847 5812 1102 5879 cadaver,
1143 5812 1253 5869 huc
1298 5824 1465 5883 atque
1510 5815 1645 5869 illuc
1699 5815 2012 5869 distrahunt
2035 5830 2099 5869 ac

2200 4595 2296 4648 νῦν
2341 4596 2507 4667 αὐτον
2539 4598 2566 4649 ὁ
2594 4596 2825 4658 θάνατος
2872 4596 3109 4657 ἀναιδῶς
3159 4595 3387 4664 ἐξέτεμε
3441 4594 3691 4665 δραμών.
3726 4589 3785 4640 Ὢ

2201 4687 2322 4751 πῶς
2356 4689 2383 4739 6
2422 4687 2617 4757 παρὼν
2657 4683 2813 4751 οὗτος
2845 4689 3037 4759 χρόνος
3066 4690 3124 4741 ἐν
3151 4687 3343 4758 βραχεῖ
3365 4688 3575 4750 πάντας
3600 4682 3784 4754 ἀθρόον

2198 4782 2325 4843 τοὺς
2358 4780 2532 4833 πάλαι
2566 4781 2656 4852 [Ρ.
2692 4781 2821 4852 294]
2855 4782 3085 4851 χρόνους
3113 4784 3226 4843 τοῖς
3260 4781 3485 4851 θρήνοις
3514 4777 3780 4846 νενίκηκεῖ

2200 4875 2436 4938 Πολλοὺς
2464 4878 2573 4945 γὰρ
2605 4876 2849 4945 ἀμείψας
2896 4876 3080 4945 ἡλίους
3121 4877 3392 4945 τοσαύτην
3440 4874 3645 4945 ζημίαν
3671 4867 3784 4923 καθ’

2198 4969 2327 5040 ὅλης
2354 4969 2453 5039 τῆς
2486 4970 2839 5040 ἀνθρωπίνης
2880 4971 3201 5038 ἐπενεγκεῖν
3249 4969 3470 5038 φύσεως
3505 4971 3665 5039 μέχρι
3690 4965 3778 5016 νῦν

2198 5063 2259 5115 οὐ
2286 5061 2572 5132 δεδύνηται
2601 5077 2615 5091 °
2645 5064 2741 5114 νῦν
2764 5062 2807 5114 δ’
2832 5062 2917 5130 ἐφ’
2940 5058 3096 5132 ἡμῶν
3124 5063 3298 5132 ῥᾷστα
3316 5061 3625 5130 δεδύνηται.
3653 5056 3782 5116 Χθὲς

2205 5156 2305 5227 μὲν
2335 5155 2443 5226 γὰρ
2481 5156 2550 5208 τὰ
2586 5154 2782 5224 πρῶτα
2836 5157 2931 5209 καὶ
2982 5156 3220 5224 μέγιστοι
3267 5154 3377 5209 τῶν
3410 5154 3591 5208 καλῶν
3621 5150 3783 5202 ἐλθὼν

2202 5248 2477 5317 ἀφείλετο·
2512 5250 2578 5302 τὰ
2610 5249 2668 5301 δὲ
2695 5248 2996 5318 λειπόμενα
3020 5250 3259 5320 σήμερον
3286 5245 3598 5301 ἐπανελθὼν
3626 5253 3784 5312 προσο

2203 5341 2481 5410 αφείλετο.
2515 5330 2667 5405 Χθὲςύ
2705 5342 2798 5394 τὸν
2848 5345 2949 5412 τῆς
3003 5342 3111 5415 γῆς
3156 5340 3313 5408 ἥλιον
3359 5339 3465 5408 γῆς
3518 5333 3784 5401 πυθμέσιν

2205 5436 2525 5509 ἀπέκρυψε·
2565 5436 2659 5490 νῦν
2705 5438 2763 5490 δὲ
2803 5436 2898 5489 καὶ
2936 5437 3028 5488 τὸν
3062 5435 3340 5505 ἑωσφόρον
3371 5430 3509 5500 ὁμοῦ
3557 5422 3781 5481 συναπέο

2205 5531 2404 5602 κρυψεο
2438 5529 2578 5593 Χθὲς
2606 5528 2705 5600 τὴν
2742 5530 2985 5597 μυσικὴν
3016 5529 3227 5580 ἀνεῖλεν
3272 5523 3544 5597 ἁρμονίαν
3569 5538 3583 5554 ’
3614 5518 3777 5601 σήμς

2210 5640 2301 5692 ρον
2330 5627 2432 5693 τὴν
2461 5623 2680 5693 μαγάδα
2717 5622 2814 5676 καὶ
2836 5624 2934 5685 τὰς
2960 5638 3050 5673 νευ
3062 5622 3179 5689 ράς.
3219 5621 3283 5672 Ὢ
3310 5618 3429 5679 πῶς
3456 5617 3486 5667 6
3523 5612 3780 5681 σιγῶντας

2206 5717 2333 5780 τοὺς
2380 5716 2646 5787 οὐρανοὺς
2686 5713 2937 5784 εὑρηκὼς
2970 5717 3035 5767 ἐκ
3066 5711 3288 5778 πολλοῦ,
3330 5712 3527 5763 ἔπειτα
3566 5706 3661 5773 τὴν
3694 5698 3777 5751 τοῦ

2190 5812 2344 5868 κΘεοῦ
2373 5808 2683 5885 διηγεῖσθαι
2713 5811 2873 5879 δόξαν
2920 5811 3083 5875 αὐτὸς
3123 5802 3587 5879 παρεσκευακὼς,
3615 5797 3778 5887 νῦνὶὲν
