4062 6448
328 365 435 436 677
616 362 699 437 [Α.
735 378 785 420 c.
832 362 977 421 asas
1013 379 1080 419 Αο
1121 362 1284 436 tau]

1384 362 1835 427 BYZANTINIE
1877 362 2268 425 IIISTORI/E
2298 364 2439 429 LIB.
2473 364 2542 425 X.

2693 361 2829 433 [ων.
2870 375 3155 418 Ακυιιοκιο.
3196 364 3336 437 tum]

3485 367 3596 433 6'18

329 484 486 551 τάφῳ
520 482 679 552 σιγᾷς
713 480 760 536 ὣ
799 484 916 544 πῶς
947 482 1143 551 νεκρὸς
1173 480 1252 535 ὢν
1286 481 1451 546 αὐτὸς
1478 479 1603 551 (φεῦ
1633 483 1735 551 τῆς
1782 480 1918 550 ἐμῆς

2023 480 2372 549 discerpunt.
2403 479 2629 545 Quoties
2658 494 2761 551 ego
2807 482 2960 545 illum
3012 481 3250 538 intuitus
3290 481 3602 538 universam

329 576 638 645 συμψορᾷς)
663 574 987 645 κινούμενόν
1012 590 1073 628 τε
1101 576 1197 628 καὶ
1228 576 1338 639 ζῶν
1375 575 1504 644 ἐμοὶ
1538 576 1908 645 παραπέμπει

329 666 392 721 τὸ
432 666 624 729 πάθος,
655 668 785 737 ὃλην
834 669 934 735 τὴν
968 667 1186 740 ἡμέραν
1225 667 1325 738 τὴν
1374 665 1516 736 ἐμὴν
1567 668 1910 736 κατατέμνον

332 759 561 830 καρδίαν
588 758 778 828 ξίφους
821 759 1024 822 παντὸς
1051 758 1462 832 χαλεπώτερον,
1501 757 1703 827 μᾶλλον
1728 757 1787 811 δὲ
1819 758 1913 811 καί⁵

334 849 531 912 νύκτας
570 851 719 916 ὅλας,
742 852 790 904 εί
824 852 929 922 χρὴ
952 852 1014 905 τὸ
1050 850 1493 922 μεῖζον-εἰπεῖνς
1532 849 1775 919 Ἡμέρας
1811 849 1913 919 μὲν

333 943 443 1012 γάρ
472 941 695 995 καὶτῶν
718 945 1152 1015 ἐντυγχανόντων
1185 943 1395 1014 ὁμιλίαι
1426 945 1618 1012 συχναὶ
1649 942 1747 995 καὶ⁸
1786 941 1913 995 κάλ-

335 1033 431 1097 λος
452 1033 680 1104 ούρανοῦ
723 1037 822 1089 καὶ
854 1036 962 1106 γῆς
989 1037 1085 1090 καὶ
1111 1036 1221 1088 τῶν
1251 1039 1308 1088 ἐν
1340 1035 1552 1097 τούτοις
1594 1035 1914 1104 κτισμάτων

338 1122 468 1185 ἴσως
508 1123 807 1192 ἀφέλκουσί
836 1141 896 1177 τε
939 1124 1036 1178 τοῦ
1090 1124 1299 1188 πάθους
1341 1128 1438 1179 καὶ⁸
1470 1124 1793 1177 ἀποσπῶσιν
1821 1124 1913 1176 ἐπὶ

341 1214 513 1285 βραχὺ
547 1219 638 1268 τὸν
667 1216 939 1287 ἡμέτερον
973 1216 1099 1269 νοῦν
1125 1232 1140 1245 ⁸
1173 1216 1368 1279 νυκτὸς
1419 1215 1480 1269 δὲ
1523 1215 1718 1285 σχολῆς
1763 1230 1917 1283 γενο-

344 1308 510 1378 μένης
533 1308 633 1379 ήδη
666 1311 809 1361 κατὰ
850 1309 1053 1379 πολλὴν
1077 1306 1174 1361 τοῦ
1220 1308 1559 1369 κωλύσοντος
1578 1308 1825 1376 ἐρημίαν
1857 1309 1913 1360 αί

340 1394 986 1469 πᾶσαι-τῶνσυμφορῶν
1017 1399 1308 1470 ἀλγηδόνες
1360 1400 1554 1469 ἀθρόαι
1606 1398 1915 1469 δραμοῦσαι

343 1492 436 1543 καὶ
464 1489 560 1561 τὴν
590 1491 731 1560 ἐμήν
776 1493 914 1560 μετά
959 1491 1064 1560 τῆς
1120 1492 1345 1561 μνήμης
1397 1490 1628 1561 καρδίαν
1666 1488 1915 1560 συνειλη-

344 1583 521 1650 φυῖαι,
549 1572 799 1653 καθάπερ
827 1583 971 1647 τινὲς
1005 1582 1164 1646 κύνες
1191 1583 1377 1653 ἄγριοι
1408 1584 1572 1652 σῶμα
1600 1582 1915 1648 πεπτωκὸς,

344 1669 496 1725 ἐνθεν
530 1672 786 1727 κάκεῖθεν
827 1674 1037 1744 πικρῶς
1078 1674 1454 1745 περιέλκουσι,
1487 1674 1626 1743 φεύί
1654 1675 1748 1727 καὶ
1782 1690 1921 1744 συμ-

346 1764 650 1831 πνίγουσιν.
701 1766 765 1817 Ὢ
796 1766 913 1829 πῶς
939 1766 1201 1830 πολλάκις
1234 1768 1291 1830 ἐς
1326 1766 1486 1820 αὑτὸν
1513 1764 1686 1833 ἔγωγε
1714 1765 1917 1818 ἀπιδὼν

2019 569 2349 638 sapientiam
2400 569 2663 623 mortales
2716 569 2969 625 invisisse
3029 572 3299 642 cogitavi,
3333 581 3389 627 et
3418 574 3604 628 animo

1998 649 2373 730 'corporeque
2398 663 2696 729 assumptis
2734 660 3019 716 hominum
3050 664 3452 719 consuetudine
3479 649 3604 721 esse
3638 664 3643 669 ⁷

2020 766 2200 816 usam,
2237 761 2301 805 ut
2341 752 2619 820 sapientes
2664 751 2946 807 auditores
2979 755 3249 823 sapientia
3298 764 3524 825 augeret
3550 764 3608 811 et

2019 843 2264 899 scientiae
2284 842 2571 912 naufragia
2587 842 2805 896 sedaret
2826 843 2839 895 ί
2868 843 3064 899 Parum
3094 857 3241 901 certe
3257 846 3452 911 abfuit,
3470 847 3604 917 quin

2018 947 2075 992 et
2108 938 2225 1006 ipse
2253 936 2465 989 animos
2494 936 2548 988 in
2580 935 2685 988 aiia
2721 935 2954 1003 migrare
2998 951 3227 1007 corpora
3260 948 3558 995 statuerem
3590 982 3605 1007 ,

2026 1036 2086 1084 et
2119 1028 2367 1083 omnium
2421 1027 2584 1082 simul
2619 1026 2832 1081 animos
2883 1027 3127 1093 Homeri,
3163 1026 3330 1101 £80
3363 1030 3608 1088 Platonis

2022 1128 2078 1174 et
2113 1118 2393 1173 Ptolemaei
2427 1133 2492 1172 ac
2525 1118 2902 1188 praestantium
2924 1129 3205 1174 oratorum
3226 1122 3280 1175 in
3314 1124 3477 1178 unius
3506 1124 3610 1177 hu-

2019 1212 2112 1281 jus
2150 1210 2498 1265 concurrisse
2550 1224 2822 1280 corpore,
2872 1222 3038 1281 atque
3085 1211 3141 1266 in
3197 1213 3309 1268 vita
3360 1226 3609 1271 versatos

2024 1317 2169 1366 esse,
2204 1316 2381 1370 eoque
2425 1312 2684 1372 tanquam
2739 1305 2977 1359 maximo
3010 1305 3229 1374 navigio
3258 1307 3607 1376 ingeniorum

2030 1409 2258 1448 suorum
2293 1408 2445 1448 usos.
2497 1396 2566 1448 At
2597 1403 2727 1448 tunc
2755 1403 2941 1449 tantus
2974 1405 3030 1450 et
3084 1407 3190 1450 tam
3230 1409 3491 1467 prazstans
3517 1400 3609 1455 ille

2027 1481 2113 1534 vir
2145 1520 2161 1544 ,
2211 1480 2320 1536 heu
2374 1482 2739 1537 calamitatem
2791 1484 2803 1537 l
2853 1485 3165 1555 sepulcrum
3217 1498 3273 1541 et
3324 1489 3610 1558 pulverem

2025 1572 2217 1640 subiit,
2261 1588 2453 1642 magna
2499 1572 2706 1629 doloris
2735 1574 2954 1630 ﬂamma
3005 1577 3228 1633 incensa
3275 1580 3330 1634 in
3362 1596 3484 1635 meo
3511 1597 3612 1651 pe-

2026 1674 2200 1718 ctore.
2239 1662 2436 1719 Vivere
2475 1666 2681 1720 etenim
2714 1666 2833 1721 sine
2878 1670 3059 1723 anima
3091 1680 3147 1725 et
3187 1673 3379 1741 spiritu
3419 1674 3610 1743 utique

2026 1772 2136 1811 non
2162 1758 2361 1826 potuit.
2394 1758 2633 1812 Animus
2659 1774 2793 1813 vero
2828 1760 2947 1829 ejus
2969 1770 3024 1815 et
3047 1762 3436 1831 spiritus,etsi
3463 1768 3610 1835 quod

347 1855 534 1920 σοφίας
560 1854 779 1921 ἀπάσης
810 1856 1107 1926 ἐπιδημίαν
1138 1860 1194 1917 ἐς
1230 1856 1554 1925 ἀνθρώπους
1583 1857 1746 1908 αὑτὸν
1779 1851 1918 1908 εἶναι

2024 1859 2111 1904 est
2141 1849 2287 1919 quod
2325 1850 2493 1903 vitam
2549 1849 2801 1904 conferre
2841 1862 3027 1920 queat,
3061 1854 3200 1907 nihil
3232 1857 3478 1909 omnium
3507 1858 3612 1912 fuit

315 1940 595 2011 ιένόμισα,
624 1941 800 2011 ψυχήν
841 1946 936 1995 καὶ
954 1943 1127 2014 σῶμα
1166 1945 1602 2014 προσειληφυίας
1654 1947 1745 1997 καὶ
1797 1960 1921 1996 συν-

344 2030 706 2101 διαιτωμένης
754 2033 1089 2103 ἀνθρώποις,
1135 2034 1226 2089 ἵνα
1250 2036 1447 2104 σοφοὺς
1486 2036 1760 2106 ἀκροατάς
1793 2052 1920 2089 συν-

345 2124 497 2195 ετίσῃ
532 2127 627 2176 καὶ
654 2125 723 2177 τά
775 2125 878 2196 τῆς
898 2128 1224 2196 ἐπιστήμης
1255 2129 1632 2200 καταστορέσῃ
1657 2128 1917 2197 ναυάγιας

344 2210 390 2264 ὣ
422 2209 535 2274 πῶς
583 2212 1007 2284 μετεμψύχωσίν
1042 2232 1168 2270 τινα
1204 2214 1451 2280 δοξάζειν
1499 2215 1596 2269 καὶ
1635 2217 1794 2280 αὐτὸς
1826 2234 1921 2269 κε·-

346 2300 669 2356 κινδύνευκα
717 2304 804 2357 ἐπ’
836 2304 1031 2371 ἐκείνῳ
1069 2305 1326 2373 γενέσθαι
1363 2306 1458 2359 καὶ
1513 2286 1732 2361 πάντων
1763 2306 1918 2376 -ὁμοῦ

345 2394 446 2456 τὰς
482 2394 686 2464 ψυχὰς,
722 2394 967 2465 Ὀμήρου
998 2397 1097 2449 καὶ
1121 2396 1405 2459 Πλάτωνος
1433 2399 1526 2450 καὶ
1557 2398 1919 2468 Πτολεμαίου,

346 2485 442 2563 καί
471 2486 585 2539 ὅσοι
639 2488 1044 2559 ῥητορεύουσαν
1078 2488 1496 2559 πεπλουτήκασι
1547 2490 1831 2560 γλῶσσαν,
1861 2494 1921 2543 ἐν

345 2577 426 2630 ἐνὶ
451 2576 528 2645 τῷ
550 2578 740 2631 τούτου
774 2579 989 2650 σώματι
1017 2582 1344 2651 συνδραμεῖν
1372 2585 1465 2636 καὶ
1493 2582 1793 2653 διατρίϐειν
1823 2576 1923 2636 αὖ·

345 2669 428 2733 θις
457 2672 514 2722 ἐν
546 2669 666 2741 βίῳ,
712 2671 965 2744 καθάπερ
1010 2674 1197 2727 ὁλκάδι
1240 2676 1563 2746 μυριοφόρῳ
1599 2677 1922 2746 χρωμένους

344 2761 494 2832 αὐτῷ
518 2780 534 2829 ;
556 2764 718 2817 Ἀλλὰ
739 2763 832 2817 νῦν
862 2767 889 2819 ό
916 2765 1171 2829 τοσοῦτος
1206 2770 1300 2819 καὶ
1329 2768 1668 2836 τηλικοῦτος,
1698 2766 1800 2835 φεῦ
1824 2768 1924 2837 τῆς

346 2856 484 2927 ἐμῆς
517 2860 841 2929 συμφορᾶςί
878 2858 1050 2931 ᾤχετο
1081 2859 1259 2912 ἀπιὼν
1295 2864 1374 2924 είς
1411 2863 1582 2929 τάφον
1621 2862 1718 2913 καὶ
1749 2862 1920 2924 κόνιν,

277 2943 291 2951 ’
347 2948 515 3001 πολὺν
550 2950 640 3002 τὸν
663 2951 761 3020 τῆς
794 2949 971 3021 λύπης
1002 2952 1218 3021 άνάψας
1250 2953 1456 3024 πυρσὸν
1487 2955 1627 3006 κατά
1659 2952 1758 3020 τῆς
1782 2954 1920 3023 ἐμῆς

345 3039 591 3109 καρδίας.
622 3042 697 3094 Ού
729 3045 836 3112 γὰρ
869 3043 1100 3114 ἠδύνατο
1121 3045 1221 3116 ζῇν
1251 3046 1380 3099 ἄνευ
1404 3045 1584 3115 ψυχῆς
1610 3046 1704 3097 καὶ
1727 3046 1916 3114 πνοῆς.

344 3132 506 3203 Ψυχὴ
548 3133 603 3187 δὲ
641 3136 865 3199 πάντως
896 3135 1083 3190 θαύτοῦ
1145 3137 1240 3189 καὶ
1280 3137 1443 3203 πνοὴ,
1488 3139 1582 3189 καὶ
1618 3138 1725 3189 πᾶν
1774 3137 1827 3187 εἴ
1865 3153 1919 3188 τι

345 3224 633 3292 ζωογονεῖν
670 3225 955 3296 ἐπεφύκει,
991 3229 1089 3299 οὐχ
1140 3228 1329 3299 ἕτερον
1377 3224 1447 3300 ἦν
1499 3231 1609 3281 τῶν
1658 3230 1916 3283 ἁπάντων

344 3317 515 3387 αὐτῷ,
544 3318 577 3387 ἢ
606 3318 862 3388 βασιλεὺς
892 3323 920 3373 ὁ
945 3320 1086 3382 θεῖος
1115 3322 1322 3384 ἐκεῖνος
1348 3320 1444 3374 καὶ
1466 3321 1606 3391 ὑπὲρ
1629 3320 1918 3391 ἄνθρωπον

343 3410 650 3481 ἅνθρωπος,
680 3411 738 3476 ὃς
766 3414 859 3466 καὶ
891 3414 1002 3478 ζῶν
1032 3414 1116 3466 ἔτι
1152 3413 1395 3484 ἐξαίρειν
1442 3414 1709 3490 ⁴ήπείγετο
1737 3412 1920 3484 πολλῷ

343 3501 451 3554 τῶν
481 3502 658 3556 ἄλλων
690 3504 873 3577 αύτὺν,
905 3504 1120 3569 δεικνὺς
1150 3504 1422 3575 ἐναργῶς,
1446 3506 1523 3569 ὡς
1548 3505 1789 3577 τοσούτῳ
1820 3505 1920 3577 βα-

343 3594 483 3647 σιλεῖ
512 3595 765 3649 τοσοῦτον
815 3591 957 3651 εῖναι
1004 3598 1098 3650 καὶ
1146 3597 1238 3650 τὸν
1277 3598 1563 3668 ὑπηρέτην
1586 3597 1804 3667 ιχρεώνε
1841 3598 1921 3668 τῷ

344 3690 748 3756 φρονιμωτάτῳ
775 3688 976 3758 δηλαδὴ
1016 3689 1123 3741 τῶν
1155 3689 1270 3741 ὅσοι
1316 3688 1414 3759 τὴν
1443 3689 1546 3757 γῆν
1581 3689 1922 3758 διενείμαντο

342 3775 621 3845 ἅνθρωποι
669 3776 760 3829 τὸν
801 3779 949 3849 πάσῃ
1012 3778 1177 3849 σοφίᾳ
1225 3778 1446 3831 πάντων
1477 3778 1737 3830 ἐπέκεινα
1777 3778 1921 3849 χρώ-

346 3884 529 3937 μενον.
573 3868 683 3921 Καὶ
710 3867 803 3921 νῦν
837 3869 881 3921 δ’
911 3868 980 3922 αὖ
1008 3869 1119 3923 τῶν
1164 3868 1416 3947 ἐντεῦθεν
1443 3870 1777 3938 ἀπαλλαγεὶς
1820 3871 1933 3928 οὐκ,

342 3960 531 4031 ἔκρινε
549 3962 663 4014 δεῖν
689 3961 1045 4032 ἀπηρτῆσθαι
1074 3962 1263 4016 τοῦτον
1297 3965 1389 4023 ἐπὶ
1419 3964 1676 4016 τοσοῦτον
1703 3963 1871 4017 αὐτοῦ
1903 3978 1917 3995 ·

345 4056 439 4107 καὶ
480 4053 667 4124 μέντοι
720 4057 933 4124 ταχέως
970 4056 1489 4127 προσκαλεσάμενος
1542 4055 1629 4128 [Ρ.
1662 4055 1792 4128 295]
1827 4074 1924 4109 τα-

345 4145 489 4216 χέως
542 4146 637 4201 καὶ
676 4148 1061 4216 προσειλήφει.
1111 4149 1174 4201 Ei
1217 4149 1316 4217 μὲν
1360 4147 1426 4217 δή
1460 4146 1553 4201 οὖν
1592 4147 1921 4211 ἀπελθόντος

344 4239 554 4292 ἐκείνου
574 4238 675 4309 ζῇν
698 4234 852 4302 οὗτος
882 4240 984 4292 οὐκ
1009 4238 1260 4308 ἠδύνατο,
1280 4240 1533 4309 καθάπερ
1562 4241 1722 4310 σῶμα
1740 4239 1920 4310 ψυχῆς

345 4334 690 4403 ἀπερρωγὸς,
711 4333 875 4403 βαϐαὶ
904 4334 1001 4404 τῆς
1030 4333 1333 4402 συμπνοίας
1359 4351 1417 4386 τε
1440 4334 1533 4386 καὶ
1562 4334 1656 4403 τῆς
1698 4334 1919 4402 μίξεως,

2023 1941 2198 2006 aliud,
2224 1957 2388 2009 quam
2425 1944 2724 2011 imperator
2754 1941 2976 1997 divinus
3006 1943 3120 2010 ille,
3167 1954 3223 1999 et
3265 1946 3490 2001 homine
3519 1962 3613 2003 su-

2013 2016 2211 2103 rperior
2249 2033 2416 2089 homo
2443 2051 2457 2099 ;
2494 2032 2589 2102 qui
2620 2042 2677 2087 et
2694 2034 2885 2088 vivens
2915 2034 3065 2089 illum
3089 2035 3251 2107 longe
3278 2052 3445 2107 super
3473 2039 3612 2096 alios

2021 2137 2217 2178 omnes
2245 2124 2485 2179 evehere
2534 2131 2767 2179 conatus
2811 2125 3099 2180 evidenter
3128 2128 3404 2193 ostendit,
3459 2138 3611 2184 tanto

2023 2214 2344 2284 imperatori
2397 2223 2550 2269 tanto
2592 2215 2759 2270 etiam
2810 2216 3066 2271 ministro
3127 2233 3250 2273 esse
3310 2219 3608 2289 utendum;

2024 2306 2460 2380 prudentissimo
2497 2306 2759 2362 nimirum
2821 2316 3027 2362 terram
3083 2309 3447 2367 incolentium
3493 2328 3613 2368 om-

2025 2398 2176 2452 nium
2208 2398 2619 2463 hominumyeo
2658 2400 2754 2469 qui
2788 2400 2940 2454 omni
2970 2403 3240 2470 sapientia
3282 2419 3475 2460 omnes
3520 2420 3610 2459 su-

2026 2499 2272 2558 peraret.
2308 2490 2469 2545 Nunc
2494 2504 2628 2544 vero
2653 2490 2748 2544 ille
2777 2491 2945 2546 rebus
2979 2492 3235 2548 humanis
3266 2494 3475 2549 relictis
3498 2510 3609 2551 non

2024 2582 2120 2636 diu
2152 2599 2181 2636 a
2208 2598 2265 2637 se
2300 2593 2573 2637 remotum
2602 2597 2728 2671 esse
2770 2582 2919 2638 hunc
2950 2595 3206 2654 oportere
3240 2586 3487 2653 censuit,
3515 2588 3609 2643 sed

2025 2671 2288 2726 celeriter
2319 2672 2645 2726 arcessitum
2680 2686 2866 2727 secum
2895 2672 3202 2743 conjunxit.
3231 2674 3386 2740 Quod
3415 2676 3461 2730 si
3480 2691 3610 2747 ergo

2025 2764 2119 2819 illo
2150 2764 2395 2834 digresso
2427 2764 2612 2817 vivere
2637 2755 2862 2818 hic/non
2881 2765 3078 2834 potuit,
3097 2765 3268 2820 veluti
3305 2782 3507 2836 corpus
3543 2770 3610 2825 ab

2023 2856 2207 2911 animo
2270 2854 2546 2908 divulsum
2575 2868 2776 2932 :papaa,
2823 2852 3003 2923 qualis
3043 2856 3132 2909 illa
3180 2855 3286 2911 fuit
3328 2858 3607 2926 conspira-

2027 2953 2103 3004 tio
2125 2959 2290 3019 atque
2314 2948 2653 3018 coniunctio,
2672 2964 2835 3018 quam
2866 2948 3233 3004 indissolubili
3253 2951 3475 3007 vinculo
3491 2953 3602 3007 diu-

2023 3052 2223 3095 turnus
2248 3056 2381 3095 usus
2411 3041 2845 3111 conglutinavit!
2883 3041 3039 3107 Quod
3077 3042 3122 3096 si
3151 3043 3220 3096 ab
3250 3043 3349 3097 illo
3382 3045 3607 3100 arcessi-

2022 3139 2112 3186 tus
2155 3132 2342 3197 statim
2378 3132 2597 3202 abjecto
2643 3146 2874 3201 corpore
2906 3132 3146 3188 accurrit
3178 3149 3251 3188 :o
3273 3148 3512 3189 amorem
3557 3143 3610 3190 et

2023 3224 2351 3279 charitatem
2376 3224 2734 3293 singularem,
2787 3239 2914 3294 qua,
2974 3235 3035 3279 ut
3084 3225 3294 3291 decuit,
3326 3224 3610 3282 dominum

2018 3324 2105 3368 est
2156 3314 2514 3383 prosecutus!
2564 3312 2829 3369 Hercules
2886 3313 2980 3368 ille
3014 3313 3237 3383 quidem
3269 3353 3284 3377 ,
3336 3314 3611 3384 siquidem

2024 3405 2135 3461 hoc
2167 3421 2299 3461 vere
2323 3406 2590 3461 dixerunt
2621 3405 2934 3459 fabularum
2965 3414 3146 3474 patres
3168 3446 3184 3473 ,
3221 3414 3491 3460 terrarum
3522 3422 3612 3460 or-

2023 3498 2152 3554 bem
2186 3498 2537 3568 peragravit,
2587 3507 2647 3552 ut
2694 3498 2743 3553 is
2789 3501 3018 3553 suorum
3053 3498 3416 3555 certaminum
3458 3501 3615 3555 testis

2020 3602 2190 3648 esset.
2228 3590 2292 3645 ili
2324 3606 2465 3646 vero
2514 3607 2640 3646 cum
2696 3592 2841 3646 intra
2895 3592 3102 3647 limites
3154 3600 3464 3659 manerent,
3500 3594 3612 3669 sola

2023 3684 2231 3752 Optima
2261 3683 2404 3738 fama
2430 3684 2595 3738 etiam
2625 3682 2788 3755 48],
2826 3683 3165 3739 Herculanas
3196 3685 3482 3740 columnas
3524 3700 3618 3739 su-

2024 3784 2323 3848 perarunt;
2351 3786 2407 3830 et
2447 3777 2714 3846 quidquid
2745 3777 2824 3830 sol
2854 3779 3127 3839 intuetur,
3150 3777 3202 3830 in
3239 3791 3297 3830 se
3323 3784 3614 3830 converte-

2024 3880 2178 3925 runt.
2218 3869 2375 3924 Nunc
2418 3885 2550 3925 vero
2599 3884 2630 3923 e
2681 3869 2849 3923 rebus
2897 3869 3153 3923 humanis
3191 3869 3614 3933 discesserunt,

2024 3976 2152 4014 cum
2207 3974 2267 4014 se
2313 3960 2470 4028 prius
2515 3958 2919 4013 immortalitati
2968 3967 3389 4013 consecrasscnt
3414 3958 3615 4026 suique

2026 4052 2351 4106 memoriam
2408 4061 2677 4121 perpetuo
2714 4050 2767 4103 in
2811 4060 3155 4119 posterorum
3198 4044 3394 4103 animis
3431 4049 3610 4103 victu-

2026 4158 2144 4198 ram
2179 4143 2557 4213 reliquissent.
2603 4142 2773 4197 Nobis
2830 4150 3050 4206 autem,
3090 4142 3291 4195 talibus
3339 4150 3394 4196 et
3447 4142 3611 4203 tantis

2026 4236 2299 4305 prmsidiis
2354 4251 2419 4290 ac
2467 4234 2872 4289 munitionibus
2926 4220 3244 4298 destitutis,
3277 4248 3398 4302 qua:
3447 4233 3613 4287 ullius

2026 4326 2157 4381 boni
2205 4343 2331 4397 spes
2381 4326 2758 4397 relinquitur?
2792 4326 2940 4383 Idem
2978 4328 3127 4381 enim
3159 4336 3214 4380 et
3240 4325 3400 4380 nobis
3435 4324 3612 4379 vereri

346 4425 412 4496 ἢν
450 4427 831 4498 είςιᾶρρηκτόν
847 4444 969 4480 τινα
1000 4429 1092 4479 τὸν
1113 4426 1364 4497 δεσρονή
1390 4425 1580 4497 μακρά
1605 4425 1918 4495 συνήρμοσε

2030 4436 2183 4476 nunc
2210 4420 2382 4484 subit,
2419 4419 2565 4490 quod
2592 4420 2798 4474 vitibus
2828 4428 2883 4474 et
2906 4419 3105 4488 plantis
3127 4417 3380 4482 novellis,
3415 4418 3458 4471 si
3492 4418 3616 4485 quis

349 4519 558 4588 σχέσις.
592 4520 653 4571 Εἰ
677 4519 1087 4581 δέ,καλέοαντος
1111 4520 1319 4572 ἐκείνου
1340 4519 1466 4588 ἔδρα
1475 4535 1565 4588 με,
1585 4522 1918 4588 παραχρῆμα

2036 4512 2291 4567 maceriis
2318 4521 2371 4566 et
2404 4511 2643 4581 saepibus
2683 4510 2875 4566 fraude
2925 4512 3154 4566 remotis
3190 4526 3286 4567 eas
3310 4508 3615 4581 pecudibus

351 4612 516 4681 ῥίψας
542 4611 603 4663 τὸ
630 4612 810 4681 σῶμα,
839 4594 1006 4682 βαϐαὶ
1044 4611 1144 4682 τῆς
1177 4611 1400 4678 ἀγάπης
1424 4615 1518 4663 καὶ
1544 4611 1641 4679 τῆς
1664 4611 1918 4679 στοργῆς,

2036 4613 2225 4672 patere
2256 4603 2421 4658 sinat.
2450 4603 2610 4658 Enim
2633 4618 2767 4658 vero
2789 4604 2992 4659 dictum
3015 4612 3098 4658 est
3127 4618 3152 4655 a
3186 4617 3293 4669 me,
3316 4602 3615 4677 auditores,

347 4705 416 4774 ἢν
441 4706 825 4775 προσηκόντως
852 4706 978 4776 ἐσχε
1015 4707 1156 4774 πρὸς
1187 4706 1279 4759 τὸν
1315 4690 1623 4774 δεσπότην(
1646 4701 1918 4776 Ἡρακλῆς

2032 4709 2262 4762 prorsus
2307 4694 2450 4749 infra
2503 4695 2606 4748 viri
2639 4695 3002 4764 dignitatem;
3032 4702 3086 4748 at
3116 4709 3227 4748 non
3258 4692 3487 4747 fortasse
3527 4693 3615 4745 in-

351 4797 540 4866 μέντοι
572 4803 802 4866 ἐκεῖνος,
829 4802 875 4851 εί
897 4802 961 4871 δὴ
1000 4801 1068 4853 τὰ
1106 4799 1237 4852 ὅντα
1272 4800 1560 4868 είρήκασιν
1594 4799 1643 4851 oi
1679 4800 1789 4851 τῶν
1824 4798 1918 4869 μύ-

2031 4783 2116 4839 ira
2155 4793 2483 4839 emtero‘rum
2519 4785 2800 4841 allectum.
2850 4785 2985 4840 Nam
3034 4785 3271 4855 dignitas
3305 4783 3614 4838 facundiam

353 4890 462 4941 θων
485 4892 721 4945 ἐνταῦθα
751 4893 1009 4963 πατέρες,
1030 4894 1212 4945 πᾶσαν
1234 4891 1491 4961 δ.έδραμε
1515 4890 1612 4961 τὴν
1639 4892 1730 4960 ὑφ’
1750 4892 1918 4961 ἥλιον,

2033 4875 2475 4944 ipsius.aliorum
2496 4876 2727 4931 aﬂ‘ectus
2749 4891 2929 4931 meum
2962 4877 3203 4930 animum
3231 4875 3564 4945 requirebat.
3592 4893 3609 4925 ι

236 5051 246 5059 θ
351 4982 426 5047 ὡς
459 4984 522 5038 ἂν
559 4987 815 5056 μάρτυρα
841 4987 947 5039 τῶν
978 4985 1195 5053 οἰκείων
1236 4984 1455 5038 ἃπασαν
1497 4986 1773 5057 κτήσηται
1807 4987 1984 5041 ἀυλων
2011 5004 2026 5020 ·
2050 4981 2196 5042 οὗτοι
2219 4987 2265 5042 δ’
2287 4989 2435 5051 ἐντὸς
2465 4990 2607 5061 ὅρων
2635 4992 2891 5060 μένοντες
2918 4986 3053 5062 μόνῃ
3083 4993 3147 5060 τῇ
3180 4990 3433 5062 βελτίστῃ
3459 4990 3617 5062 φήμῃ

347 5078 441 5130 καὶ
486 5080 605 5145 τὰς,
641 5077 997 5147 Ἡρακλείους
1050 5077 1309 5146 διέϐησαν
1362 5078 1566 5148 στήλας
1635 5079 1730 5132 καὶ
1798 5080 1972 5150 ῥᾷστα
2012 5083 2197 5136 πᾶσαν
2223 5083 2605 5152 άνηρτήσαντο
2634 5084 2733 5153 τὴν
2762 5082 2853 5152 ὑφ’
2898 5084 3072 5153 ἥλιον.
3122 5083 3283 5137 Ἀλλά
3314 5082 3407 5135 νῦν
3430 5081 3491 5147 ἐξ
3519 5083 3617 5135 ἀνα

347 5171 582 5241 θρώπων
626 5175 895 5244 ἀπῆλθον,
924 5175 1354 5238 ἀθανατίσαντες
1430 5175 1698 5242 πρότερον
1763 5174 1993 5239 ἑαυτοὺς
2032 5178 2123 5230 καὶ
2163 5178 2388 5248 μνήμην
2434 5180 2832 5241 καταλιπόντες
2882 5175 3066 5248 ζῶσαν
3091 5176 3360 5246 διηνεκῶς
3399 5177 3457 5229 ἐν
3492 5176 3611 5236 ταῖς

346 5266 457 5322 τῶν
505 5242 899 5335 ἐπιγινομένων
935 5263 1237 5336 ἀνθρώπων
1277 5263 1497 5334 ψυχαῖς.
1578 5263 1740 5334 Ἡμῖν
1806 5264 1862 5317 δὲ
1927 5242 2188 5322 τοιούτων
2380 5269 2678 5321 -τοσούτων
2731 5242 3013 5338 προϐόλων
3066 5242 3179 5325 καὶ-
3215 5271 3608 5340 στηριγμάτων

352 5358 554 5410 οὑτωσὶ
587 5355 895 5425 στερηθείσι
921 5354 1003 5415 τίς
1033 5354 1187 5416 ἐλπὶς
1218 5354 1466 5407 λείπεται
1496 5352 1771 5422 τάγαθοῦ;
1815 5354 2025 5408 Ταυτὸν
2094 5360 2203 5428 γάρ
2268 5374 2320 5409 τι
2365 5357 2462 5411 καὶ
2487 5358 2619 5428 ἡμῖν
2667 5357 2763 5411 νῦν
2798 5360 2989 5415 ἕπεται
3049 5362 3303 5425 δεδιέναι,
3339 5361 3478 5429 ὅπερ
3508 5358 3615 5426 ἄμ-

350 5452 507 5503 πελοι
531 5450 624 5502 καὶ
652 5451 791 5516 φυτά
820 5451 1037 5518 νεογνὰ,
1092 5449 1309 5503 ἐπειδάν
1338 5466 1420 5511 τις
1454 5448 1760 5512 ἐπιϐούλως
1789 5450 1916 5511 τοὺς
1955 5449 2140 5520 κύκλῳ
2207 5451 2532 5523 περιϐόλους
2600 5468 2660 5505 τε
2703 5453 2801 5506 καὶ
2848 5458 3139 5526 φραγμοὺς
3166 5453 3413 5509 καθελὼν
3445 5450 3612 5519 μηλό⁴

354 5547 506 5596 ϐοτον
531 5543 850 5612 καταστήσῃ
877 5542 973 5596 τὸν
1033 5544 1232 5613 χῶρον.
1280 5540 1441 5594 Ἀλλὰ
1502 5542 1612 5611 γάρ
1677 5539 1897 5611 εἴρηται
1934 5542 2104 5611 κάμοὶ
2131 5544 2230 5613 τῆς
2291 5542 2390 5612 μὲν
2432 5542 2610 5607 ἀξίας,
2641 5536 2688 5596 ὧ
2734 5543 3028 5613 παρόντες,
3076 5544 3294 5605 πάντως
3346 5541 3564 5593 ἔλαττον
3594 5552 3607 5568 ·
3678 5585 3686 5603 ,

351 5636 446 5706 τῆς
478 5634 536 5688 δὲ
565 5634 672 5689 τῶν
702 5635 877 5689 ἄλλων
906 5636 1217 5707 προθυμίας
1265 5635 1395 5698 ἴσως
1424 5634 1523 5686 οὐκ
1563 5633 1806 5687 ἔλαττον.
1848 5633 1912 5687 Ἢ
1954 5636 2054 5706 μὲν
2085 5630 2194 5708 γὰρ
2227 5635 2354 5701 ἀξία
2413 5636 2514 5707 τῆς
2546 5636 2758 5688 ἐκείνου
2822 5635 3069 5705 γλώττης
3091 5635 3263 5687 ἐδεῖτο
3288 5648 3303 5664 σ
3336 5630 3445 5703 ἠδὲ
3473 5646 3607 5702 προσ

354 5734 521 5805 θυμία
552 5733 773 5805 γνώμης
802 5735 899 5805 τῆς
934 5733 1191 5807 ἐμαυτοῦ.
1224 5752 1244 5786 ι

423 5831 498 5885 I".
520 5826 738 5882 Τούτων
770 5829 913 5884 οὕτω
939 5828 1248 5898 λεγομένων
1281 5827 1447 5891 πολὺς
1478 5827 1611 5895 πρῖλς
1640 5824 1746 5879 τῶν
1790 5839 1918 5892 συγ-

2103 5820 2190 5876 lll.
2212 5820 2342 5890 Quae
2363 5818 2578 5892 cum‘ad
2602 5818 2751 5873 hunc
2771 5816 2995 5875 modum
3018 5815 3353 5884 dicerentur,
3373 5828 3604 5888 magnus
