4062 6450
490 341 596 404 ὓ33
787 332 865 406 [Α.
895 349 950 387 at.
985 331 1123 387 6856
1157 347 1221 385 an
1260 329 1424 401 68i9]

1674 333 2100 396 NICEPHORI
2142 333 2527 396 GHEGORzE

2807 328 2938 402 [ιιι-ρ.
2968 345 3250 387 Ακοιιοηιο.
3276 330 3414 404 ωλι]

3620 337 3722 402 ϐὃι

490 453 703 520 legatos
741 448 808 503 de
842 462 975 517 pace
1007 447 1074 501 ad
1110 446 1503 516 imperatorem
1541 446 1736 502 mittit.
1767 446 2060 517 Indignum

2173 448 2458 517 γενόμενος
2481 443 2944 515 διαπρεσῦεύεται
2995 448 3132 516 πρὸς
3188 447 3282 499 τὸν
3334 446 3556 515 βασιλέα
3604 451 3729 518 περὶ

490 542 640 598 enim
680 555 800 596 esse
828 538 1182 602 Christianis,
1207 537 1344 593 adeo
1381 537 1681 592 crudeliter
1711 547 1906 592 contra
1938 553 2062 593 sese

489 633 764 706 grassari,
794 647 915 686 cum
945 648 1049 702 pax
1074 643 1131 686 ct
1158 630 1458 686 concordia
1490 631 1634 687 inter
1678 631 1828 700 ipsos
1861 631 2065 685 consti-

402 773 413 794 χ
489 727 570 782 tui
622 725 798 796 possit
830 734 886 781 et
917 725 1047 780 belli
1080 725 1227 780 acies
1272 725 1327 779 in
1377 724 1578 794 impios
1628 723 1917 792 utriusque
1951 723 2061 777 ini-

489 817 665 874 micos
727 817 1000 873 converti.
1058 815 1143 872 Ad
1204 815 1323 871 haec
1377 815 1679 884 imperator
1741 815 2060 884 respondet,

421 973 425 978 ι
490 924 712 981 aequum
747 924 910 974 esse,
965 918 1024 963 ut
1072 908 1338 963 Romanis
1388 916 1668 963 exstructa
1696 907 1918 962 castella
1969 922 2066 977 pa-

491 1010 754 1065 reant,ac
783 1001 993 1072 legatos
1026 1015 1084 1056 re
1113 1001 1312 1056 infecta
1349 1000 1598 1055 dimittit.
1637 1000 1888 1069 Amplius
1913 999 2063 1053 enim

418 1113 426 1121 ·
491 1094 809 1165 quindecim
876 1093 1100 1147 castella
1143 1108 1278 1148 avus
1329 1093 1449 1164 Q'us
1502 1092 1802 1161 imperator
1846 1091 2063 1146 Andro-

492 1185 652 1242 nicus
709 1185 766 1238 in
819 1182 1204 1239 cacuminibus
1258 1192 1314 1237 et
1371 1181 1668 1252 praeruptis
1715 1181 1887 1236 Haemi
1922 1181 2062 1235 locis

492 1278 692 1347 partim
755 1291 786 1329 a
843 1275 1216 1329 fundamentis
1264 1273 1862 1343 exstruxerat,partim
1899 1273 2057 1328 novis

492 1369 755 1439 operibus
813 1366 1124 1429 munierat,
1162 1365 1586 1420 Protostratoris
1636 1365 1821 1420 Glalize
1868 1379 2057 1435 opera,

494 1461 588 1529 qui
628 1467 740 1512 tum
784 1455 1124 1528 provinciam
1156 1455 1446 1510 Thraciam
1501 1455 1966 1518 administrabat,
2004 1463 2067 1510 ut

501 1553 707 1606 crebrae
764 1549 1090 1620 Scytharum
1171 1548 1517 1621 incursiones
1565 1547 1730 1603 veluti
1796 1555 2064 1618 perpetuo

495 1661 652 1701 muro
685 1645 974 1714 interjecto
1003 1642 1452 1714 prohiberentur.

566 1834 655 1888 Ill.
697 1834 827 1900 Quae
864 1835 933 1889 ab
965 1835 1057 1889 illo
1087 1836 1168 1889 sic
1199 1834 1342 1889 uicta
1389 1847 1515 1888 cum
1563 1831 1874 1888 Alexander
1903 1845 2062 1902 atquo

494 1927 679 1982 animo
715 1928 858 1982 ferre
909 1928 1139 1982 minime
1181 1935 1408 1996 posset,
1465 1926 1655 1996 copias
1699 1939 1829 1980 suas
1876 1924 2064 1980 statim

493 2019 770 2072 contrahit
803 2017 871 2072 ad
912 2028 1037 2073 octo
1070 2017 1302 2072 millium
1340 2031 1654 2084 numerum,
1706 2025 1764 2071 et
1795 2016 1906 2070 duo
1941 2015 2067 2069 mil-

401 2147 406 2162 .-
493 2110 565 2164 lia
597 2108 921 2180 Scytharum
942 2109 1191 2165 mercede
1212 2109 1610 2164 conductorum
1642 2110 1904 2174 arcessit;
1929 2107 2066 2163 Ter-

492 2201 748 2271 noboqtre
793 2201 1073 2271 profectus
1121 2202 1318 2271 quinto
1363 2201 1453 2257 die
1486 2201 1553 2255 ad
1607 2201 1932 2264 castellum,
1975 2201 2064 2256 cui

493 2293 860 2349 llbusocastra
913 2309 1115 2349 nomen
1165 2303 1272 2358 est,
1319 2295 1590 2363 pervenit,
1641 2292 1828 2362 ibique
1853 2301 2067 2347 castra-

495 2395 750 2440 metatur.
804 2385 882 2439 lbi
935 2387 1083 2439 enim
1133 2385 1302 2440 etiam
1358 2385 1747 2454 imperatorem
1798 2400 1922 2440 esse
1966 2401 2066 2440 au-

492 2480 689 2534 dierat.
742 2478 845 2544 Qui
893 2478 1146 2548 quamvis
1203 2478 1486 2548 inopinato
1519 2477 1758 2532 hostium
1820 2479 2066 2534 adventu

494 2572 820 2642 perculsus,
867 2569 1030 2642 485
1087 2580 1264 2624 tamen
1315 2569 1370 2624 in
1417 2570 1595 2625 media
1653 2571 1842 2626 hostili
1900 2582 2064 2640 terra,

494 2682 620 2720 cum
673 2661 820 2719 aliud
873 2664 1165 2720 consilium
1225 2679 1411 2718 rerum
1475 2663 1766 2720 difﬁcultas
1827 2679 2067 2734 praesens

496 2771 606 2812 non
650 2764 955 2827 pateretur,
1013 2755 1288 2810 llomanas
1339 2764 1395 2811 et
1429 2756 1544 2824 ipse
1594 2757 1782 2825 copias
1823 2765 1882 2808 ut
1938 2757 2067 2810 licet

495 2849 714 2912 educit,
749 2848 978 2902 liosibus
1019 2848 1243 2900 minime
1273 2860 1463 2914 pares,
1510 2853 1570 2899 ut
1601 2861 1724 2915 quae
1770 2847 1861 2900 vix
1898 2846 2063 2900 trium

498 2939 730 2992 millium
762 2951 1049 2990 numerum
1079 2936 1397 3004 explerent,
1436 2934 1614 3004 iisque
1648 2937 1702 2989 in
1753 2946 1866 2991 tres
1913 2937 2061 2992 acies

496 3031 810 3086 distributis
841 3045 952 3083 non
1001 3029 1190 3097 procul
1241 3043 1273 3080 a
1317 3027 1542 3083 castello
1593 3037 1676 3082 est
1713 3042 2060 3097 progressus,

2167 540 2414 610 εἰρήνηο,
2449 539 2550 591 οὐκ
2585 537 2734 604 ἄξιον
2769 534 2908 591 εἶναι
2937 537 3113 607 λέγων
3144 539 3494 610 Χριστιανοῖς
3515 540 3731 609 ἀπηνῶς

2167 634 2367 686 οὑτωσὶ
2397 631 2518 686 κατ’
2557 631 2804 701 ἀλλήλων
2834 631 3073 696 ἐπιέναι,
3107 631 3544 701 ἐνον;ὁμοδοεεῑν
3579 633 3734 704 ἀλλή-

2165 729 2281 791 λοις
2310 727 2378 778 τὰ
2429 725 2566 795 πρὸς
2611 725 2840 795 είρήνην
2873 725 2967 776 καὶ
3021 723 3160 793 ὁμοῦ
3201 724 3343 777 κατὰ
3394 724 3505 778 τῶν
3532 725 3736 780 ἀσεϐῶν

2166 816 2764 887 ἁντιπαρατάττεσθαι,
2812 815 3086 885 πολεμίων
3127 817 3298 870 ὄντων
3330 816 3558 884 ᾡμφοϊν.
3601 816 3657 872 '0
3682 817 3734 872 δὲ
3767 837 3774 844 ’

2168 909 2426 982 βασιλεὺς
2454 909 2666 964 δίκαιον
2689 907 2830 962 εἶναι
2859 910 3039 978 φήσας
3069 909 3319 961 ὑπείκειν
3357 908 3646 976 Ῥωμαίοις
3675 910 3737 962 τά

2167 1002 2335 1057 πάλαι
2394 1002 2548 1072 παρά
2613 1001 2906 1071 Ῥωμαίων
2953 999 3455 1068 ἀνοικοδομηθέντα
3487 999 3734 1068 φρούρια,

2165 1097 2294 1160 τοὺς
2343 1095 2606 1167 πρέσϐεις
2659 1095 2976 1162 ἀπράκτους
3000 1092 3323 1162 ἀπέπεμψε,
3367 1091 3598 1144 Πλείονα
3633 1093 3737 1160 γὰρ

2167 1191 2200 1260 ἢ
2237 1189 2635 1245 πεντεκαίδεκα
2661 1185 2744 1258 [Ρ.
2771 1186 2902 1257 298]
2932 1185 3172 1258 φρούρια
3203 1185 3353 1254 παρὰ
3384 1184 3485 1245 τὰς
3505 1184 3737 1253 ἀκρότη-

2167 1299 2265 1347 τας
2287 1283 2384 1337 καὶ
2416 1281 2702 1351 ἀποτομὰς
2747 1280 2840 1333 τοῦ
2896 1279 3071 1346 Αἴμου
3122 1283 3150 1333 ὁ
3183 1278 3405 1339 πάππος
3457 1275 3620 1329 αὐτοῦ
3650 1278 3738 1329 καὶ

2169 1377 2428 1449 βασιλεὺς
2473 1373 2837 1447 Ἀνδρόνικος,
2874 1380 2940 1427 τὰ
2975 1374 3076 1443 μὲν
3105 1373 3168 1425 ἐκ
3212 1372 3428 1442 βάθρων
3463 1371 3734 1440 ἀνήγειρε,

2167 1470 2238 1524 τὰ
2287 1470 2334 1524 δ’
2393 1466 2786 1537 ἐπῳκοδόμησε
2848 1465 2935 1518 διά
2987 1462 3083 1516 τοῦ
3116 1464 3236 1517 τότε
3293 1461 3736 1532 ἐπιτροπεύοντος

2169 1563 2392 1636 Θρᾴκην
2415 1561 2601 1615 Γλαδᾶ
2628 1559 2722 1613 τοῦ
2749 1559 3256 1629 πρωτοστράτορος,
3278 1555 3346 1609 ἵν’
3375 1550 3486 1609 εἷεν
3519 1553 3739 1620 κώλυμα

2169 1658 2266 1712 καὶ
2321 1655 2645 1726 διάφραγμα
2699 1652 2800 1723 τῆς
2848 1651 3103 1722 συνεχοῦς
3145 1652 3254 1705 τῶν
3286 1650 3512 1704 Σκυθῶν
3559 1647 3738 1701 διαϐά-

2170 1769 2331 1814 σεως.
3293 1732 3299 1752 ⁸

2243 1847 2316 1899 Γ’.
2353 1842 2521 1899 Ταῦθ’
2551 1841 2697 1896 οὕτω
2723 1841 2989 1913 λεχθέντα
3037 1840 3161 1895 καθ’
3212 1840 3449 1910 ἡσυχίαν
3505 1840 3742 1905 Ἀλέξανο

2173 1940 2303 2010 δρος
2326 1938 2525 2008 ἥκιστα
2559 1936 2750 2006 φέρειν
2785 1936 3084 2004 δυνάμενος
3117 1934 3213 1997 τὰς
3263 1932 3432 1987 αὑτοῦ
3466 1933 3743 2002 συναθροί-

2173 2033 2256 2098 ζει
2287 2032 2546 2102 δυνάμεις
2581 2030 2746 2091 εὐθὺς
2795 2030 2851 2091 ἐς
2882 2027 3321 2097 ὀκτακισχιλίους
3369 2026 3464 2080 τὸν
3496 2026 3738 2097 ἀριθμόν.

2172 2125 2613 2194 Μεταπέμπεται
2644 2123 2698 2176 δὲ
2737 2125 2831 2176 καὶ
2882 2121 3176 2192 δισχιλίους
3205 2122 3268 2174 ἐκ
3299 2119 3528 2174 Σκυθῶν
3561 2119 3744 2188 μισθο-

2175 2222 2394 2292 φόρους.
2434 2220 2497 2272 Ἀ
2511 2235 2609 2288 ρας
2657 2213 2749 2271 οὖν
2777 2218 2840 2269 ἐκ
2869 2216 3141 2288 Τερνόϐου
3185 2217 3499 2285 πεμπταῖος
3529 2213 3746 2283 ἀφίκετο

2175 2316 2269 2368 καὶ
2320 2312 2924 2382 κατεστρατοπέδευσεν
2982 2309 3157 2380 ἀγχοῦ
3211 2308 3306 2362 τοῦ
3359 2307 3622 2378 φρουρίου
3656 2305 3743 2358 τοῦ

2175 2407 2566 2475 ἐπιλεγομένου
2611 2403 3062 2474 Ῥουσοκάστρου.
3122 2403 3266 2455 Ἐκεῖ
3319 2403 3431 2470 γὰρ
3481 2396 3744 2454 εἶναικαὶ

2173 2499 2264 2552 τὸν
2295 2497 2521 2568 βασιλέα
2574 2495 2824 2549 ἐπύθετο.
2891 2495 2950 2548 '0
2982 2495 3040 2549 δὲ
3092 2494 3345 2565 βασιλεὺς
3395 2492 3744 2561 καταπλαγὴς

2176 2591 2275 2663 μὲν
2307 2590 2554 2658 ἐγεγόνει
2591 2589 2726 2658 πρὸς
2769 2587 2868 2660 τὴν
2915 2588 3182 2657 αἰφνίδιον
3217 2587 3413 2656 ἔφοδον
3444 2589 3553 2640 τῶν
3590 2586 3743 2637 πολε-

2177 2682 2314 2752 μίων
2339 2699 2353 2714 ν
2381 2682 2478 2752 τῆς
2507 2682 2564 2734 δέ
2607 2681 2977 2750 περιστάσεως
3007 2680 3209 2749 ἣκιστα
3254 2681 3648 2750 συγχωρούσης
3690 2678 3744 2729 ἐν

2177 2774 2321 2846 μέσῃ
2347 2775 2413 2844 τῇ
2442 2773 2677 2844 πολεμίᾳ
2708 2771 3107 2842 βουλεύσασθαί
3132 2787 3184 2823 τι
3216 2770 3450 2842 βέλτιον,
3471 2772 3633 2839 ἐξῆγε
3653 2767 3744 2821 καὶ

2171 2865 2336 2929 αὐτὸς
2358 2865 2589 2940 ώςοέξῆν
2625 2865 2723 2934 τὴν
2766 2863 3083 2934 Ῥωμαϊκὴν
3113 2863 3366 2932 δύναμιν,
3397 2862 3499 2918 οὐκ
3528 2863 3745 2930 ἀξιόμα-

2171 2979 2266 3033 χον
2294 2961 2456 3016 οὖσαν
2485 2963 2598 3025 τοῖς
2624 2960 2964 3025 ἀντιπάλοις,
2990 2960 3125 3012 ἀλλά
3156 2957 3308 3028 μόλις
3337 2959 3394 3020 ἐς
3422 2958 3744 3030 τρισχιλίους

2170 3055 2263 3108 τὸν
2295 3053 2529 3126 ἀριθμὸν
2562 3051 2846 3120 ἀνιούσης,
2886 3052 2978 3105 καὶ
3003 3053 3061 3113 ἐς
3093 3053 3241 3121 τρεῖς
3264 3051 3440 3120 αὐτὴν
3469 3053 3744 3120 διανεῖμας

497 3125 645 3195 quod
696 3121 948 3177 subsidio
998 3119 1107 3174 sibi
1163 3128 1220 3172 et
1273 3121 1515 3188 receptui
1565 3134 1687 3174 esse
1733 3119 1986 3185 volebat,
2018 3121 2063 3173 si

2173 3144 2357 3210 τάξεις
2384 3145 2444 3196 οὐ
2474 3144 2614 3197 πάνυ
2647 3143 2838 3214 πόρρω
2867 3141 2959 3195 τοῦ
2984 3143 3245 3212 φρουρίου
3279 3142 3549 3212 προῆγεν.
3571 3143 3746 3210 Ἐχειν

497 3217 694 3272 cessim
751 3213 1122 3269 recedendum
1170 3211 1331 3266 foret.
1391 3212 1524 3266 Cum
1577 3227 1708 3266 vero
1767 3213 1951 3266 hostes
1987 3211 2071 3266 in-

499 3319 759 3382 gruentcs
785 3307 999 3362 videret
1019 3346 1034 3372 ,
1063 3317 1372 3374 eorumque
1404 3305 1580 3359 aciem
1610 3305 1686 3359 ita
1721 3305 2066 3372 instructam,

500 3416 562 3458 ut
602 3403 855 3457 dem-um
915 3409 974 3454 et
1026 3399 1312 3453 sinistrum
1366 3411 1537 3450 cornu
1589 3397 1645 3452 iu
1693 3397 2069 3467 longissimam

500 3494 702 3550 seriem
735 3494 996 3561 utrinque
1033 3490 1440 3560 porrigeretur,
1490 3489 1671 3558 gravis
1699 3498 1980 3543 armatura
2015 3490 2071 3544 in

497 3583 684 3640 medio
716 3594 898 3646 esset,
931 3591 1240 3636 extremum
1275 3588 1458 3634 autem
1496 3593 1688 3649 agmen
1735 3578 2072 3647 profundum

499 3687 554 3732 et
599 3675 743 3730 firmi
795 3672 1082 3744 cujusdam
1124 3671 1470 3726 fundamenti
1531 3671 1706 3726 instar
1751 3668 1926 3735 foret;
1979 3685 2074 3725 re.

501 3771 644 3824 ritus
665 3795 692 3830 ,-
713 3780 784 3820 ne
811 3765 1330 3828 circumveniretur,
1376 3761 1563 3817 statim
1591 3762 1830 3817 consilio
1862 3773 2072 3818 mutato

503 3861 780 3915 Romanas
828 3857 1016 3927 cepias
1059 3856 1115 3910 in
1148 3870 1313 3910 unam
1349 3853 1647 3922 ancipitem
1704 3855 1879 3914 aciem
1935 3869 2071 3910 con-

499 3949 706 4017 trahit,
739 3948 882 4003 lunae
913 3945 1315 4002 corniculantis
1345 3943 1588 4014 speciem
1619 3944 1892 4002 imitatus.

553 4145 671 4201 1V.
711 4145 832 4214 Ipse
861 4145 918 4199 in
952 4141 1193 4198 medium
1219 4153 1542 4212 progressus
1571 4153 1700 4196 suos
1732 4140 1993 4196 inclamat
2017 4152 2075 4198 et

501 4237 813 4296 confirmat.
848 4254 866 4288 ι
897 4236 1146 4306 Cogitate
1171 4271 1186 4296 ,
1218 4233 1396 4303 inquit
1426 4274 1442 4300 ,
1487 4233 1633 4297 viri,
1668 4248 1768 4287 nos
1831 4234 1885 4288 in
1915 4248 2074 4304 pere-

501 4331 658 4404 grina
692 4339 748 4383 et
793 4328 977 4383 hostili
1016 4339 1263 4396 pugnare
1315 4332 1462 4378 terra
1507 4332 1564 4378 et
1611 4323 1770 4394 longe
1811 4340 1842 4379 a
1897 4325 2073 4393 patria

502 4425 760 4480 exclusos
790 4439 804 4488 ;
836 4436 938 4475 nec
967 4419 1144 4473 socias
1193 4417 1400 4471 habere
1445 4415 1697 4470 civitates
1723 4457 1738 4481 ,
1767 4432 1888 4484 qua:
1915 4417 2076 4474 nobis

2173 3236 2281 3307 γὰρ
2305 3236 2438 3288 αὐτὸ
2475 3235 2824 3304 μεμελέτηκε
2847 3233 3172 3304 καταφυγήν
3205 3249 3326 3284 τινα
3362 3234 3505 3302 πρὸς
3542 3232 3635 3302 τὴν
3660 3231 3746 3282 ἐπὶ

2173 3331 2310 3385 πόδα
2336 3327 2706 3400 ἀναχώρησιν.
2755 3327 2910 3380 Ἐπεὶ
2941 3326 2998 3378 δέ
3031 3326 3158 3389 τοὺς
3181 3326 3475 3394 πολεμίους
3505 3326 3746 3384 ἐπιόντας

2173 3420 2320 3494 ἐώρα
2348 3422 2408 3474 τό
2432 3438 2490 3474 τε
2523 3419 2698 3484 δεξιὸν
2729 3419 2824 3472 καὶ
2870 3417 3021 3471 λαιὸν
3056 3419 3222 3487 κέρας
3255 3421 3331 3479 εἰς
3357 3418 3610 3488 ἐπιμήκη
3639 3415 3747 3471 στί-

2173 3534 2269 3588 χον
2297 3515 2642 3587 ἑκατέρωθεν
2699 3514 3076 3580 ὲκτείναντας,
3133 3512 3202 3565 τὰ
3232 3511 3286 3564 δὲ
3336 3511 3616 3583 βαρύτερα
3645 3511 3744 3563 τῶν

2174 3607 2355 3660 ὅπλων
2382 3607 2460 3667 είς
2487 3603 2651 3675 μέσον
2683 3601 2908 3672 ἔχοντας
2933 3603 3026 3655 καὶ
3048 3603 3165 3672 ἅμα
3194 3601 3254 3652 τὸ
3284 3601 3451 3670 βάθος
3472 3603 3570 3671 τῆς
3591 3603 3746 3671 οὐρα-

2171 3697 2298 3768 γίας
2354 3696 2542 3766 ὥσπερ
2597 3694 2718 3748 τινά
2775 3695 3003 3764 στερρὸν
3033 3692 3305 3764 θεμέλιον,
3361 3694 3624 3765 φοδηθεὶς
3654 3689 3745 3761 τῆν

2174 3791 2452 3844 κύκλωσιν
2483 3785 2942 3857 μεταϐουλεύεται
2965 3785 3199 3856 τάχιστα
3227 3787 3318 3838 καὶ
3343 3787 3482 3856 πρὸς
3508 3789 3634 3856 μίαν
3653 3786 3745 3848 τὰς

2187 3866 2508 3949 Ῥωμαϊκὰς
2576 3877 2840 3944 δυνάμεις
2895 3877 3116 3946 ἦθροισε
3175 3877 3328 3942 τάξιν
3377 3877 3740 3949 ἀμφίστομον,

2167 3970 2365 4040 ιῶσπερ
2401 3967 2733 4040 σεληνοειδὲς
2766 3969 2947 4038 σχῆμα
2971 3967 3308 4038 πεποιηκὼς,
3333 3969 3499 4022 ὁπότε
3536 3984 3744 4040 μηνοει-

2175 4063 2272 4135 δὴς
2307 4062 2413 4130 εἴη.

2129 4225 2134 4229 ι
2163 4172 2171 4212 ε
2249 4157 2322 4210 A'.
2349 4153 2519 4216 Αὐτὸς
2546 4153 2590 4208 δ’
2618 4155 2676 4218 ἐς
2706 4171 2909 4223 μεσονς
2938 4153 3367 4224 περιερχόμενος
3396 4153 3666 4222 ἐπεφώνει
3689 4170 3745 4204 τε

2177 4246 2274 4302 καὶ
2299 4245 2702 4318 παρεθάρρυνε,
2741 4265 2758 4298 ι
2807 4247 3002 4300 Σύνετε
3038 4246 3123 4316 δὴ,
3144 4245 3338 4314 λέγων,
3371 4239 3418 4300 ὦ
3450 4245 3745 4317 ἀνδρες,ώς

2178 4341 2237 4394 ἐν
2269 4339 2524 4411 ἀλλοτρίᾳ
2555 4340 2648 4392 καὶ
2703 4337 2945 4409 πολεμίᾳ
2997 4338 3283 4422 μαχόμεθα
3313 4341 3381 4408 γῇ
3423 4340 3515 4394 καὶ
3564 4337 3746 4407 πόρρω

2179 4449 2284 4484 που
2319 4433 2418 4499 τῆς
2451 4430 2708 4499 πατρίδος
2753 4427 3264 4497 ἀποκεκλείσμεθα·
3318 4430 3412 4481 καὶ
3459 4427 3582 4482 οὔτε
3615 4444 3746 4496 συμ-

503 4515 572 4570 ad
602 4515 962 4584 improvisum
988 4511 1104 4576 hoc
1143 4509 1390 4579 praelium
1425 4521 1585 4577 opem
1624 4506 1842 4572 ferant,
1892 4525 2068 4578 neque

2179 4524 2414 4608 μαχίδας
2441 4523 2874 4594 ἔχομενκπόλεις,
2910 4522 2965 4576 αἳ
2998 4521 3486 4593 παραϐοηθήσουσι
3515 4525 3745 4594 τήμερον

509 4607 654 4663 unde
735 4603 1137 4660 mercenarium
1188 4601 1418 4655 militem
1481 4609 1846 4655 arcessemus.
1894 4601 2076 4668 Quare

510 4715 592 4756 src
622 4705 946 4772 pugnemus
993 4694 1158 4749 hodie
1182 4733 1198 4759 ,
1238 4700 1298 4748 ut
1349 4693 1536 4747 statim
1569 4693 1820 4748 morituri
1860 4706 1915 4748 et
1968 4710 2076 4750 una

511 4805 638 4846 cum
691 4789 797 4842 hoc
849 4787 965 4840 sole
1011 4784 1350 4840 occubituri.
1391 4784 1633 4839 Fortium
1674 4795 1990 4839 nostrorum
2019 4797 2076 4840 et

505 4894 901 4953 generosorum
934 4879 1183 4933 laborum
1213 4888 1382 4932 testes
1413 4877 1788 4947 relinquamus
1820 4878 2072 4933 hostilem

509 4974 654 5028 hanc
687 4981 911 5036 terram,
945 4972 996 5025 in
1031 4986 1140 5040 qua
1189 4971 1352 5025 hodie
1387 4971 1454 5026 de
1483 4971 1590 5025 vita
1625 4970 1982 5035 dimicamus,
2020 4981 2076 5026 et

509 5063 748 5118 hostium
804 5062 897 5132 qui
954 5071 1283 5133 supererunt
1336 5064 1548 5118 oculos.
1615 5063 1857 5127 Quorum
1911 5062 2078 5133 486

509 5171 610 5210 vos
643 5154 938 5209 multitudo
983 5171 1048 5208 ne
1082 5157 1386 5224 perturbet.
1413 5154 1631 5209 Scimus
1677 5156 1824 5209 enim
1874 5158 2077 5208 multos

512 5255 740 5316 magnos
790 5247 1068 5301 exercitus
1115 5262 1143 5300 a
1196 5247 1377 5316 parvis
1428 5247 1686 5301 facillime
1714 5262 1834 5302 esse
1884 5262 2074 5301 enses.

511 5339 714 5393 Eadem
769 5348 825 5393 et
861 5338 966 5409 ipsi
1013 5353 1109 5408 spe
1152 5339 1414 5404 nitamur,
1466 5337 1802 5392 inell‘abilem
1833 5339 1927 5392 Dei
1965 5329 2080 5393 cle-

505 5411 769 5486 mentiam
797 5435 1108 5495 intuentes,
1157 5446 1264 5500 qua
1299 5439 1412 5484 tum
1463 5431 1607 5494 alia,
1646 5439 1758 5484 tum
1817 5431 1952 5486 illud
1996 5431 2078 5485 cf-

501 5525 704 5581 fectum
770 5532 900 5590 est,
962 5534 1024 5578 ut
1090 5522 1492 5577 Themistocles
1537 5522 1888 5577 Atheniensis
1946 5539 2073 5576 cum

501 5615 686 5687 parvis
730 5616 927 5686 copiis,
961 5616 1016 5670 in
1071 5616 1339 5686 angustiis
1369 5615 1435 5668 ad
1488 5615 1841 5681 Salaminem,
1880 5632 2075 5670 omnes

503 5712 619 5764 fere
684 5709 978 5766 Pcrsarum
1031 5711 1178 5766 vires
1233 5709 1597 5772 demerserit;
1652 5717 1816 5778 atque
1854 5719 1910 5763 ut
1959 5720 2078 5778 post

417 5809 426 5813 '
506 5803 655 5860 hunc
697 5819 885 5859 rursus
921 5803 1223 5859 Thebanus
1254 5802 1662 5872 Epaminondas
1695 5801 1777 5858 bis
1806 5805 2075 5858 maximas

2177 4617 2310 4686 ἡμῖν
2333 4619 2390 4679 ἐς
2418 4616 2508 4668 τὸν
2535 4615 2818 4684 αἰφνιδίως
2871 4617 3224 4684 συμπεσόντα
3253 4616 3466 4669 τουτονὶ
3488 4616 3741 4684 πόλεμον,

2177 4705 2292 4760 οὔθ’
2322 4705 2517 4759 ὁπόθεν
2541 4706 2606 4760 ἂν
2640 4705 3032 4776 μισθοφορικὸν
3061 4705 3548 4775 μεταπεμψώμεθα
3581 4703 3741 4774 στρά-

2181 4811 2376 4861 τευμα.
2414 4792 2734 4862 Μαχώμεθα
2779 4793 2963 4844 τοίνυν
2995 4791 3072 4854 ὡς
3097 4792 3482 4860 τεθνηξόμενοι
3511 4794 3743 4863 τήμερον

2181 4888 2276 4940 καὶ
2305 4883 2701 4952 συγκαταδύειν
2725 4884 3014 4954 μέλλοντες
3040 4883 3116 4952 τῷ
3137 4885 3378 4954 τήμερον
3401 4886 3572 4951 τούτῳ
3591 4881 3740 4950 ἡλίῳ.

2182 4975 2528 5045 Κτησώμεθα
2557 4977 2846 5044 μάρτυρας
2887 4975 2994 5026 τῶν
3030 4975 3314 5044 ἡμετέρων
3350 4973 3618 5046 ἀνδρικῶν
3650 4970 3742 5023 καὶ

2181 5065 2446 5134 γενναίων
2477 5065 2704 5133 ἀγώνων
2737 5068 2833 5132 τήν
2864 5080 2923 5115 τε
2956 5062 3222 5131 πολεμίαν
3247 5043 3474 5133 ταυτηνὶ
3503 5063 3626 5129 γῆν,
3659 5057 3740 5124 ἐφ’

2180 5160 2246 5228 ἣν
2269 5158 2358 5210 τὸν
2385 5158 2514 5226 περὶ
2547 5156 2726 5224 ψυχῆς
2754 5159 2994 5225 σήμερον
3019 5156 3286 5224 τρέχομεν
3317 5151 3498 5217 ἆθλον,
3533 5154 3623 5206 καὶ
3647 5152 3740 5212 τὰς

2182 5251 2290 5304 τῶν
2325 5248 2877 5318 ὑπολειφθησομένων
2909 5247 3183 5316 πολεμίων
3213 5246 3388 5315 ὄψεις.
3451 5246 3542 5316 Μὴ
3575 5245 3628 5297 δὲ
3657 5243 3742 5295 θο-

2185 5340 2418 5412 ρυϐείτω
2450 5340 2549 5402 τάς
2579 5337 2854 5408 ὑμετέρας
2879 5337 3106 5407 καρδίας
3137 5339 3198 5388 τὸ
3227 5337 3433 5404 πλῆθος
3465 5337 3574 5387 τῶν
3598 5332 3742 5385 πολε-

2185 5433 2357 5497 μίων·
2415 5431 2616 5492 πολλὰς
2671 5433 2780 5497 γὰρ
2837 5429 2997 5498 ἴσμεν
3050 5429 3308 5497 δυνάμεις
3371 5428 3610 5497 μεγάλας
3642 5421 3739 5475 ὑπὸ

2185 5523 2433 5594 βραχέων
2461 5524 2633 5594 ῥᾷστα
2653 5521 3085 5584 κατακοπείσας.
3116 5521 3295 5573 Ἔστω
3322 5523 3416 5572 καὶ
3444 5519 3574 5588 ἡμῖν
3596 5514 3740 5574 ἐλπὶς

2181 5617 2340 5685 ὁμοία
2398 5615 2533 5685 πρὸς
2568 5615 2667 5684 τὴν
2698 5615 3008 5685 ἀπόρρητον
3046 5614 3289 5683 ἀφορῶσι
3339 5607 3740 5682 φιλανθρωπίαν

2183 5709 2337 5773 Θεοῦ,
2366 5707 2432 5760 δι’
2457 5709 2522 5778 ἢν
2552 5710 2619 5760 τά
2642 5724 2701 5759 τε
2735 5708 2870 5760 ἄλλα
2893 5707 2990 5758 καὶ
3017 5706 3392 5774 Θεμιστοκλῆς
3417 5707 3474 5768 ἐξ
3514 5696 3737 5768 Ἀθηνῶν

2185 5800 2300 5870 μετ’
2332 5801 2509 5870 ὀλίγον
2542 5799 2952 5870 στρατεύματος
2985 5799 3184 5871 μικροῦ
3217 5801 3473 5854 πᾶσανέν
3493 5798 3596 5858 τοῖς
3620 5787 3737 5858 περὶ
