4062 6496
348 374 454 440 685
597 368 676 441 [Α.
711 383 763 423 c.
802 364 942 422 {528
978 381 1043 422 an
1088 363 1246 438 1⁸541]

1393 366 1840 430 ΒΥΖΑΝΤΙΝΒ
1878 364 2269 428 HISTORIA!
2313 369 2462 429 LIB.
2505 368 2577 429 Χ.

2708 357 2841 429 lina.
2886 374 3163 414 axonasm.
3195 357 3336 430 tum]

3503 364 3610 427 686

343 486 630 559 Σαλαμῖνα
666 489 870 549 στενοῖς
899 484 1000 556 τὴν
1029 484 1140 539 τῶν
1179 483 1409 553 Περσῶν
1437 481 1818 538 κατεὸἀπτισε
1835 481 1930 535 δύ-

2050 480 2546 542 Laceaamoniorum
2586 485 2778 542 couias
2813 484 2879 537 ad
2910 482 3214 537 llaliartum
3259 486 3318 533 et
3364 478 3432 534 ad
3471 477 3612 533 laeu-

345 593 545 649 ναμινο
584 577 682 633 καὶ
729 576 869 648 μετά
914 577 1109 630 τοῦτον
1143 576 1173 628 ὁ
1207 574 1446 644 Θηϐαῖος
1481 569 1641 636 αὖθις
1676 570 1766 643 [Ρ.
1794 567 1925 641 299]

352 668 816 744 Ἐπαμεινώνδας
851 667 933 731 δὶς
955 666 1055 739 τὴν
1093 665 1360 736 μεγίστην
1410 662 1635 734 ἐκείνην
1667 661 1929 730 Σπάρτης

346 763 604 832 νενίκηκε
634 759 869 831 δύναμιν
929 756 1071 831 μετὰ
1104 756 1455 829 βραχυτέρας
1492 752 1676 825 πολλῷ
1707 751 1835 825 περί
1864 767 1925 804 τε

357 854 644 926 Ἁλίαρτον
673 853 768 908 καὶ
787 836 991 916 τόπους
1017 849 1400 922 Λευκτρικούς
1420 864 1435 879 °
1476 848 1566 903 ὅτε
1595 846 1660 919 δὴ
1690 848 1788 902 καὶ
1817 845 1928 900 Λύ-

346 946 577 1017 σανδρον
612 943 900 997 ἀπώλεσεν
921 943 955 1013 ἡ
987 939 1221 1013 Σπάρτη
1249 940 1348 994 καὶ
1395 939 1490 1005 ξὺν
1527 936 1771 1010 ἀκοσμίᾳ
1795 936 1929 1006 φεύ-

347 1056 513 1109 γοντα
538 1037 633 1091 τὸν
659 1037 830 1091 πολὺν
857 1034 1077 1102 ἐδέξατο
1114 1034 1449 1104 Ἀγησίλαον.
1470 1033 1566 1086 καὶ
1584 1031 1797 1087 καπνὸν
1826 1031 1930 1102 ἤδη

347 1131 439 1185 διὰ
472 1129 688 1202 μακροῦ
716 1129 972 1184 τεθέαται
1010 1131 1170 1199 παρὰ
1190 1129 1284 1183 τὸν
1316 1125 1582 1199 Εὐρώταν
1608 1123 1923 1197 πολέμιον.ι

419 1223 498 1276 E'.
533 1223 741 1286 Πάντες
776 1218 990 1293 μὲνοῦν
1028 1221 1300 1292 γενναίως
1333 1220 1428 1275 καὶ
1466 1216 1779 1290 εὐρώστως,
1804 1219 1931 1272 ὅσον

347 1313 500 1382 ἐξῆν,
531 1314 627 1369 καὶ
655 1314 1007 1384 παραϐόλους
1032 1313 1255 1384 ἀγῶνας
1284 1311 1684 1381 ἀγωνιζόμενοι
1706 1306 1930 1383 βαρείας

350 1412 446 1460 καὶ
487 1407 733 1475 ἀφειδεῖς
779 1406 1107 1477 φονευτρίας
1140 1407 1257 1469 τοῖς
1301 1402 1589 1475 πολεμίοις
1616 1403 1931 1473 ἐπήνεγκαν

345 1501 573 1570 χεῖρας·
606 1499 844 1568 μάλιστα
892 1497 952 1551 δὲ
1005 1497 1227 1555 πάντων
1276 1498 1304 1551 ὁ
1332 1495 1507 1568 μέγας
1557 1494 1933 1567 δομέστικοςό

355 1593 843 1663 Καντακουζηνὸς·
897 1591 956 1656 ὃς
1006 1591 1180 1646 πολλὰ
1208 1591 1309 1661 μὲν
1362 1589 1659 1660 δεξάμενος
1696 1587 1935 1659 πολέμια

264 1680 273 1691 ’
352 1687 502 1760 ξίφη,
534 1687 735 1753 πολλὰς
760 1689 817 1743 δὲ
870 1687 1118 1758 δοράτων
1156 1687 1327 1758 βολὰς
1350 1686 1447 1741 καὶ
1475 1684 1735 1757 ὠθήσεις,
1768 1682 1934 1747 αὐτὸς

356 1783 456 1845 μὲν
489 1780 781 1845 πλείστους
808 1781 917 1835 τῶν
942 1779 1220 1850 πολεμίων
1251 1778 1596 1850 κατήνεγκεν
1617 1792 1632 1809 ·
1658 1776 1686 1829 ὁ
1713 1774 1772 1830 δέ
1805 1774 1932 1847 μήτ’

2037 581 2157 627 ctra
2189 573 2400 629 viribus
2427 577 2598 632 multo
2626 574 2986 632 inferioribus
3029 572 3251 643 adjutus
3298 569 3611 624 devicerit:

2035 678 2147 734 quo
2174 672 2428 737 tempore
2461 666 2807 739 Lysandrum
2836 666 3007 726 etiam
3060 663 3257 737 Sparta
3291 661 3429 716 aruis
3458 671 3516 722 t,
3560 669 3618 715 et

2032 772 2168 811 .eum
2230 758 2474 813 maximo
2528 759 2739 830 probro
2792 772 3052 828 magnum
3085 754 3240 810 illum
3297 752 3615 824 Agesilaum

2045 847 2352 920 fugientem
2381 851 2626 921 recepit:
2676 864 2748 907 ac
2775 849 2996 904 tandem
3023 884 3040 910 ,
3070 849 3220 917 quod
3276 845 3467 900 multis
3508 859 3615 917 ste-

2040 940 2184 997 culis
2214 940 2424 997 factum
2478 958 2598 998 .non
2630 950 2771 1011 erat,
2802 940 3061 997 hostilem
3085 939 3298 995 fumum
3331 937 3401 995 ad
3439 940 3616 993 Euro-

2038 1039 2150 1093 tam
2180 1031 2338 1087 vidit.
2382 1051 2403 1086 ι

2114 1224 2182 1282 ν.
2234 1226 2352 1283 Hac
2409 1226 2659 1283 oratione
2698 1227 3019 1284 conﬁrmati
3052 1242 3252 1284 omnes
3290 1238 3517 1283 strenue
3553 1243 3618 1283 ac

2048 1315 2289 1379 fortiter,
2351 1327 2618 1388 quantum
2678 1318 2736 1373 in
2780 1318 2914 1389 ipsis
2943 1327 3090 1385 erat,
3140 1332 3380 1389 pugnam
3420 1319 3616 1373 ineunt

2050 1410 2296 1479 proiecta
2357 1410 2590 1465 audacia
2660 1419 2719 1465 et
2774 1410 3033 1477 hostibus
3081 1422 3280 1465 manus
3334 1409 3621 1467 incutiunt

2041 1502 2477 1558 violentissimas
2507 1541 2522 1568 ,
2580 1503 2850 1574 parcendi
2915 1503 3178 1560 videlicet
3228 1504 3446 1559 nescias
3466 1512 3532 1556 .et
3563 1501 3624 1555 in

2047 1593 2254 1651 caedem
2281 1593 2490 1650 eﬂ‘usas
2519 1612 2533 1650 :
2566 1595 2624 1649 in
2663 1595 2861 1665 primis
2905 1608 3038 1651 vero
3086 1610 3318 1665 magnus
3351 1595 3621 1651 domesti-

2045 1700 2145 1741 cus
2185 1685 2650 1754 Cantacuzenus,
2701 1687 2794 1758 qui
2854 1678 3042 1743 multis
3100 1686 3375 1754 ensibus,
3431 1688 3621 1745 multis

2049 1778 2175 1834 telis
2202 1778 2445 1834 hostium
2480 1780 2691 1851 petitus
2723 1789 2890 1850 atque
2925 1780 3200 1851 impulsus
3244 1783 3366 1851 ipse
3392 1781 3619 1851 quidem

352 1873 554 1926 ἀσπίδα
615 1856 757 1944 μήτε
811 1872 968 1942 ξίφος
1018 1845 1316 1927 ἀποϐαλὼν
1362 1845 1587 1942 ἀπαθὴς
1616 1868 1709 1923 τὸν
1747 1845 1936 1936 ἀγῶνα.

2050 1870 2319 1942 plurimos
2388 1845 2579 1927 hostes
2617 1845 2962 1942 prostravit;
3005 1845 3110 1929 sed
3168 1845 3352 1944 neque
3402 1845 3618 1945 clypeo,

350 1964 626 2033 διήνυσεν,
662 1962 856 2034 ὥσπερ
884 1960 1296 2033 κεκολλημένος
1320 1964 1418 2017 καὶ
1441 1961 1721 2033 ἀκλόνητα
1764 1961 1935 2029 ἡδρα-

355 2055 551 2126 σμένος
581 2059 647 2126 τῇ
680 2054 936 2110 ἐπιὸάσει
993 2053 1088 2109 τοῦ
1143 2056 1339 2110 ἵππου.
1390 2055 1502 2110 Καὶ
1525 2052 1779 2124 δεύτερος
1817 2043 1939 2124 μετ’

353 2147 516 2202 αὐτὸν
559 2148 835 2220 λαμπρῶς
884 2148 1199 2218 ἠγωνίσατο
1246 2146 1717 2219 Πρωτοσέὸαστος
1764 2148 1793 2200 ὁ
1841 2144 1937 2198 τοῦ

354 2241 638 2312 Καίσαρος
674 2239 775 2311 μὲν
833 2241 948 2304 υίὸς
978 2240 1118 2313 (64),
1157 2238 1380 2309 ἔγγονος
1427 2238 1487 2295 δὲ
1517 2239 1612 2293 τοῦ
1646 2239 1940 2311 Πορφυροσι

356 2334 640 2405 γεννήτου.
671 2324 846 2397 Οὗτός
894 2349 954 2387 τε
1001 2334 1111 2404 γὰρ
1136 2332 1353 2396 πολλοῖς
1382 2332 1738 2410 περιπαρεὶς,
1758 2330 1941 2402 βέλεσι

354 2429 449 2483 καὶ
480 2428 577 2480 τὸν
607 2426 775 2481 ἵππον
808 2426 955 2498 ὁρῶν
989 2424 1344 2499 πανταχόθεν
1376 2427 1493 2490 τοῖς
1523 2424 1814 2495 πολεμίοις
1842 2441 1944 2479 κα-

356 2518 765 2590 τακοπτόμενον
791 2520 1027 2588 ξίφεσιν,
1056 2519 1133 2585 ὡς
1164 2519 1372 2573 καὶτὸν
1399 2514 1502 2590 τῆς
1529 2518 1776 2590 κεφαλῆς
1811 2536 1944 2590 μυει-

356 2615 446 2670 λδν
476 2611 572 2683 (ὡς
593 2611 793 2685 εἰπεῖν)
823 2614 937 2676 τοῖς
967 2610 1172 2679 ἔξωθεν
1207 2610 1471 2682 βλέπουσι
1495 2610 1786 2680 φαίνεσθαι
1815 2609 1942 2682 ἤδη,

356 2709 501 2762 νῶτα
527 2710 637 2771 τοῖς
658 2706 873 2779 ἐχθροῖς
900 2706 1000 2761 οὐκ
1026 2704 1292 2777 ἠνέσχετο
1332 2703 1542 2759 δοῦναι.
1569 2702 1681 2756 Καὶ
1706 2704 1735 2756 ὁ
1771 2702 1941 2766 ’ίππος

357 2801 402 2854 δ’
435 2795 525 2866 αὖ,
553 2799 743 2871 ὥσπερ
786 2796 1369 2873 ἀντιφιλρτιμούμενος
1413 2795 1785 2868 τῷιδεσπότη,
1833 2783 1946 2849 οὐδ’

356 2893 518 2958 αὐτὸς
550 2894 737 2945 πεσεῖν
783 2888 1046 2962 ἡνέίσχετο
1080 2889 1372 2962 πρότερον,
1425 2890 1558 2958 πρὶν
1585 2887 1752 2943 αὐτὸν
1778 2887 1946 2942 ἐκϐα-

350 2986 473 3039 λεῖν
504 2983 601 3039 τοῦ
634 2981 876 3054 πολέμου
913 2982 1010 3036 καὶ
1051 2964 1236 3035 οίκαδε
1265 2978 1571 3047 διασῶσαι,
1602 2980 1765 3034 κάκέῐ
1794 2979 1947 3051 παρά

360 3078 459 3142 τὰς
481 3076 573 3130 τοῦ
605 3075 866 3130 δεσπότου
898 3072 1072 3144 θύρας
1095 3071 1435 3145 ἐκμετρῆσαι
1457 3071 1517 3126 τὸ
1543 3070 1664 3146 ζῇν.

2040 1977 2224 2033 neque
2262 1961 2447 2033 gladio
2513 1962 2717 2018 amisso
2756 1962 3059 2018 incolumis
3095 1978 3128 2021 e
3181 1964 3374 2034 prirlio
3412 1963 3613 2028 evasit,

2043 2055 2198 2111 velut
2237 2055 2612 2126 agglutinatus
2652 2054 2782 2125 equi
2841 2054 3007 2111 dorso
3039 2064 3096 2111 et
3133 2056 3435 2112 immobilis
3487 2056 3624 2111 insi-

2042 2147 2200 2204 dens.
2250 2147 2542 2204 Secundus
2580 2147 2656 2202 illi
2701 2156 2930 2203 strenue
2957 2148 3244 2204 dimicavit
3289 2150 3624 2204 Protu‘seba-
3714 2168 3724 2186 -

2047 2250 2189 2307 stus,
2217 2239 2454 2296 Caesaris
2470 2238 2638 2305 titius,
2678 2239 3138 2311 Porpbymgéniti
3166 2254 3355 2309 nepos.
3394 2239 3528 2294 Nam
3558 2249 3626 2295 ,ετ

2046 2332 2138 2389 hic
2184 2331 2374 2387 multis
2406 2331 2655 2402 undique
2691 2331 2814 2386 telis
2853 2333 3122 2395 conlisus,
3164 2345 3309 2400 equo
3355 2331 3622 2391 etiamex

2044 2424 2198 2480 omni
2248 2430 2406 2495 parte
2464 2422 2762 2479 hostilibus
2812 2423 3041 2478 ensibus
3082 2424 3408 2490 vulnerato,
3460 2430 3519 2477 ut
3569 2434 3628 2477 et

2045 2517 2336 2593 cerebrum
2386 2517 2508 2587 ejus
2537 2525 2777 2587 pateret,
2812 2515 3067 2572 hostibus
3098 2526 3310 2585 tergum
3344 2516 3478 2572 dare
3525 2530 3629 2583 rio-\-

2046 2608 2172 2664 luit.
2218 2607 2384 2681 £87
2431 2608 2627 2679 Equus
2664 2608 2796 2664 item
2836 2609 2980 2683 eius,
3008 2608 3177 2663 veluti
3228 2622 3356 2663 cum
3407 2598 3626 2663 sessore

2048 2700 2119 2757 de
2172 2699 2350 2770 gloria
2398 2686 2663 2766 Certatrs,
2709 2714 2824 2754 non
2878 2701 3033 2768 prius
3083 2698 3283 2755 cadere
3339 2699 3649 2761 sustinuit,

2050 2810 2215 2865 quam
2249 2807 2379 2848 eum
2414 2807 2445 2847 e
2480 2806 2662 2862 pugna
2709 2791 3003 2846 extulisset
3040 2799 3102 2847 et
3146 2792 3371 2847 domum
3413 2791 3651 2846 incolui

2049 2902 2196 2944 mem
2251 2892 2611 2956 reportasset.
2669 2883 2752 2940 lbi
2802 2883 3025 2941 demum
3074 2892 3202 2940 ante
3232 2883 3440 2941 domini
3485 2885 3635 2941 fores

2048 2978 2374 3051 exspiravit.

432 3172 525 3239 ς’.
568 3168 725 3226 Ἐπεί
755 3185 820 3238 γε
863 3167 970 3239 μὴν
992 3166 1132 3232 τέως
1160 3166 1287 3231 τοὺς
1315 3166 1615 3237 πολεμίους
1648 3164 1945 3220 ἐθεάσαντο

2121 3176 2211 3234 Vl.
2254 3176 2362 3233 Sed
2390 3191 2515 3232 cum
2556 3165 2774 3233 hostem
2816 3187 3115 3253 cernerent
3148 3179 3203 3234 in
3239 3179 3294 3236 id
3328 3180 3456 3238 totis
3499 3181 3638 3237 viri-

266 3321 278 3327 ,
366 3263 720 3335 βιαζομένους
757 3258 1321 3331 προκαταλαμὸἀνειν
1353 3258 1447 3313 τὸν
1468 3258 1654 3328 λόφον,
1686 3256 1828 3313 ὥστε
1853 3257 1945 3313 καὶ

2050 3270 2155 3327 bus
2183 3270 2527 3338 incumbere,
2555 3279 2616 3326 ut
2637 3272 2787 3341 prior
2817 3274 3090 3328 tumulum
3123 3261 3442 3345 occuparet,
3473 3285 3640 3347 atque

358 3355 506 3411 κατὰ
563 3353 735 3408 νώτου
797 3351 1071 3424 μάχεσθαι
1124 3348 1518 3415 κυκλώσαντας
1569 3348 1790 3415 αὐτοὺς,
1820 3351 1951 3407 ἀνα-

2050 3363 2191 3419 adeo
2248 3363 2399 3419 hisce
2457 3363 2813 3420 circumdatis
2860 3380 2890 3420 a
2945 3373 3099 3437 tergo
3159 3366 3325 3422 etiam
3386 3368 3638 3430 instaret.

368 3447 697 3520 στρέψαντες
756 3445 991 3514 ἔφευγον
1041 3443 1433 3529 προτροπάδην
1465 3443 1525 3505 ἐς
1556 3441 1619 3496 τὸ
1664 3441 1945 3514 φρούριον.

2050 3456 2227 3513 eﬂ'usa
2275 3455 2405 3528 fuga
2450 3464 2598 3511 retro
2633 3470 2695 3510 se
2726 3458 2783 3511 in
2815 3456 3102 3513 castellum
3149 3468 3502 3529 receperunt.
3535 3460 3642 3527 Qui

361 3540 431 3592 τοι
452 3539 498 3593 δ’
526 3537 674 3591 ἔνδον
697 3532 977 3600 οἰκοῦντες
1003 3535 1104 3607 τήν
1144 3546 1206 3589 τε
1241 3527 1413 3609 ἧτταν
1458 3534 1791 3606 θεασάμενοι
1821 3533 1949 3589 τοῦ·

365 3649 476 3687 των
501 3630 600 3684 καὶ
628 3628 746 3700 ἅμα
776 3626 1012 3692 δεδιότες
1046 3626 1400 3700 Ἀλέξανδρον
1432 3627 1770 3684 ἀπέκλεισάν
1799 3642 1954 3697 σφισι

370 3725 469 3791 τὰς
502 3720 699 3787 πύλας.
726 3722 826 3795 Βίᾳ
854 3720 949 3776 οὖν
985 3721 1156 3795 αθτάς
1188 3720 1459 3793 ῥήξαντες
1485 3719 1822 3804 εἰσεχέοντοό
1856 3721 1956 3773 καὶ

369 3820 491 3883 τοὺς
527 3817 630 3888 μὲν
653 3817 762 3871 τῶν
791 3814 1150 3870 ἐνοικούντων
1179 3813 1528 3881 ἐκϐαλόντες,
1550 3814 1678 3876 τοὺς
1707 3812 1764 3866 δέ
1786 3829 1956 3867 κατα-

373 3908 682 3981 σφάξαντες
707 3909 866 3981 δίκην
882 3907 1165 3979 πολεμίων
1193 3906 1567 3978 ἠσφαλίσαντο
1585 3905 1648 3960 τὸ
1669 3905 1951 3979 φρούριον.

363 4003 484 4059 Καὶ
513 3998 654 4075 ἦσαν
678 4001 1041 4073 ἀσχάλλοντες
1069 4003 1166 4055 καὶ
1191 3998 1422 4053 πλεῖστα
1457 3998 1836 4069 ἁγωνιώμενοι
1865 3996 1957 4051 διὰ

370 4090 434 4152 τὸ
470 4096 724 4167 προφανῆ
751 4095 845 4148 τὸν
868 4094 1115 4148 κίνδυνον
1161 4092 1306 4164 ἔχειν
1344 4094 1405 4146 ἐν
1439 4090 1762 4162 ὀφθαλμοῖς.
1817 4087 1957 4143 Οὔτε

367 4190 482 4262 γὰρ
512 4190 625 4253 τοῖς
691 4186 1010 4255 ὑποζυγίοις
1052 4185 1202 4258 χιλὸς
1232 4182 1300 4257 ἦν
1332 4185 1484 4248 ἐντος
1541 4182 1636 4238 τοῦ
1671 4179 1956 4254 φρουρίου,

373 4278 497 4335 οὔτε
550 4279 748 4350 φρέαρ,
804 4277 919 4332 οὔτ’
974 4276 1111 4348 ἄλλη
1162 4292 1247 4340 τις
1286 4274 1479 4338 ὓδατος
1522 4270 1872 4345 ἐύπορίαοηοί
1896 4288 1958 4325 τε

373 4373 710 4447 τραυματίαι
742 4371 850 4428 τῶν
887 4369 1241 4443 στρατιωτῶν
1272 4370 1368 4423 καὶ
1416 4366 1525 4422 τῶν
1558 4367 1746 4421 ἵππων
1788 4360 1967 4436 ἀπροέ

2052 3563 2186 3604 vero
2223 3547 2280 3602 in
2317 3562 2385 3603 eo
2435 3546 2805 3615 habitabant,
2862 3562 2990 3603 cum
3037 3557 3099 3604 et
3149 3549 3249 3605 bos
3294 3551 3469 3607 victos
3519 3567 3644 3610 ease

2050 3647 2367 3704 cernerent,
2415 3647 2472 3694 et
2502 3638 2665 3695 simul
2705 3638 3077 3695 Alexandrum
3129 3641 3410 3709 timerent,
3458 3654 3646 3714 portas

2052 3732 2163 3788 illis
2212 3731 2585 3787 occluserunt.
2616 3729 2691 3787 iis
2734 3729 2904 3802 igitur
2948 3731 3002 3787 vi
3029 3731 3274 3791 eﬂractis
3324 3733 3643 3805 introrupe-

2054 3830 2208 3887 runt,
2251 3830 2307 3877 et
2348 3820 2753 3877 habitatoribus
2803 3822 3003 3890 partim
3044 3822 3252 3892 pulsis,
3280 3821 3498 3893 .partim
3537 3829 3636 3876 no.

2055 3912 2221 3970 stium
2260 3912 2385 3968 loco
2432 3913 2667 3980 occisis,
2708 3913 3000 3969 castellum
3041 3916 3384 3970 munierunt.
3425 3914 3486 3970 ln
3528 3930 3640 3985 quo

2056 4005 2214 4060 valde
2246 4004 2432 4060 tristes
2463 4013 2521 4059 et
2549 4004 2698 4060 anxii
2730 4015 2913 4070 erant,
2944 4013 3232 4076 propterea
3262 4006 3414 4076 quod
3446 4021 3639 4063 eorum

2058 4096 2235 4151 oculis
2294 4095 2602 4166 periculum
2676 4111 2919 4166 praesens
2987 4097 3402 4154 obversabatur.
3451 4099 3646 4169 Neque

2056 4186 2205 4241 enim
2256 4187 2517 4256 pabulum
2565 4186 2830 4258 jumentis
2879 4186 3031 4244 intus
3079 4188 3427 4259 suppetebat,
3467 4204 3669 4260 neque

2060 4289 2283 4349 puteus,
2332 4294 2437 4335 nec
2482 4295 2638 4350 aqua:
2667 4280 2777 4339 ulla
2804 4280 2965 4352 copia
2993 4299 3008 4337 :
3038 4290 3097 4338 et
3126 4282 3401 4338 vulnerati
3441 4283 3650 4339 milites

2060 4380 2225 4442 atque
2246 4372 2381 4442 equi
2412 4372 2642 4443 neglecti
2672 4374 2872 4443 partim
2904 4374 3225 4442 interibant,
3240 4378 3438 4445 partim
3472 4376 3650 4431 inter-

379 4468 639 4539 μήθευτοι
670 4464 1008 4537 λειπόμενοι,
1070 4466 1119 4518 οἱ
1156 4462 1258 4534 μὶν
1309 4460 1593 4532 ἔθνησκον,
1625 4460 1676 4514 οί
1710 4459 1755 4514 δ’
1789 4461 1945 4529 ἐγγὺς

2065 4462 2168 4519 iuri
2232 4463 2465 4534 proximi
2516 4471 2707 4528 erant;
2741 4464 2914 4520 etvix
2949 4466 3148 4522 licebat
3194 4477 3378 4538 portas
3408 4470 3649 4538 aperire,

365 4557 472 4613 τοῦ
509 4558 766 4613 τεθνάναι
825 4559 1076 4627 ἐγένοντο
1100 4572 1116 4589 ⁸
1172 4554 1273 4619 τάς
1299 4571 1361 4608 τε
1397 4553 1576 4617 πύλας
1631 4551 1871 4622 ἀνοίγειν
1897 4551 1945 4605 oi

2065 4554 2418 4611 multitudine
2446 4554 2687 4611 hostium
2713 4555 3114 4624 circumdatas;
3145 4568 3205 4615 et
3233 4559 3423 4630 procul
3445 4559 3652 4617 Roma-

383 4655 529 4726 μάλα
576 4655 725 4726 ἐνῆν,
759 4652 1433 4726 περιστρατοπεδευόντων
1455 4648 1599 4703 κατὰ
1647 4648 1827 4719 πλήθη
1855 4647 1966 4701 τῶν

381 4746 663 4817 πολεμίων
681 4759 697 4777 ⁸
721 4746 791 4800 τά
820 4756 883 4797 τε
942 4741 1235 4813 Ῥωμαίων
1263 4739 1549 4812 ἀπῴκιστο
1586 4740 1714 4810 ὅρια
1737 4755 1751 4770 ·
1781 4738 1970 4793 διακυ-

369 4836 683 4901 6εύσαντάς
709 4850 770 4890 τε
791 4836 883 4890 τὸν
909 4835 1159 4890 κίνδυνον
1188 4833 1433 4905 οἴχεσθαι
1460 4831 1637 4902 λάθρα
1657 4831 1794 4902 πρὸς
1827 4847 1968 4899 συμο

387 4929 589 5001 μαχῐδα
642 4928 798 4981 πόλιν
849 4926 1177 4996 ἐγγίζουσαν
1223 4926 1319 4979 καὶ
1348 4922 1615 4997 παράλιον
1646 4923 1969 4991 ἀπέγνωστό

384 5039 536 5093 σφισι
563 5024 657 5076 καὶ
686 5021 863 5076 τοῦτο.
880 5021 966 5073 ’Ἦ
989 5021 1099 5091 γὰρ
1122 5019 1273 5083 πόλις
1305 5016 1589 5088 Ἀγχίαλος
1614 5015 1849 5084 πολεμία
1873 5010 1965 5086 ἧν,

384 5116 420 5185 ἦ
451 5132 513 5168 τε
545 5111 884 5186 Μεσημϐρία
936 5111 1249 5182 καλουμένη
1277 5109 1376 5181 τὴν
1424 5105 1596 5181 ἧτταν
1646 5106 1807 5171 εὐθὺς
1834 5108 1972 5180 ἀκη-

2062 4663 2261 4704 norum
2307 4647 2446 4704 lines
2492 4647 2725 4704 aberant
2749 4686 2765 4713 ,
2796 4663 2860 4704 ac
2890 4665 2960 4705 ne
2988 4666 3114 4721 spes
3143 4650 3365 4723 quidem
3405 4652 3650 4720 suberat,

2063 4750 2272 4799 tentata
2318 4740 2560 4807 fortuna,
2594 4741 2731 4797 clam
2762 4742 2831 4797 ad
2863 4743 3153 4799 ﬁnitimam
3214 4744 3413 4803 urbem
3445 4746 3655 4801 sociam

2063 4849 2299 4905 eamque
2377 4834 2739 4905 maritimam,
2782 4834 3075 4891 evadendi.
3146 4835 3284 4891 Nam
3351 4835 3682 4905 Διιοιιίεέυε,

2074 4925 2294 4981 hostilis
2352 4935 2508 4991 erat;
2565 4937 2622 4979 et
2672 4924 3001 4981 Mesembria
3069 4926 3444 4983 Rotnanorum
3499 4929 3660 4984 clade

2074 5017 2263 5073 audita
2320 5020 2505 5074 statim
2562 5017 2881 5084 defecerat,
2941 5027 3000 5073 et
3045 5019 3319 5088 praesidiis
3396 5021 3659 5076 Romanis

2068 5109 2226 5165 cmsis
2261 5124 2596 5177 omneseos,
2621 5111 2716 5180 qui
2743 5110 2871 5182 l‘nga
2900 5111 3136 5168 salutem
3168 5127 3279 5168 non
3302 5116 3656 5183 quaesieram,

386 5208 543 5260 κουῖα
589 5206 879 5278 Ῥωμαίων
913 5205 1170 5277 μετέθετο
1195 5203 1288 5258 καὶ
1316 5203 1415 5275 τὴν
1447 5204 1629 5255 ἐκεῖσε
1676 5199 1945 5270 Ῥωμαίω·

2065 5217 2102 5260 e
2146 5202 2421 5259 moenibus
2479 5202 2777 5276 deiecerat.
2838 5204 2985 5259 Idem
3045 5214 3243 5262 caetera
3268 5205 3360 5261 “ad
3412 5204 3657 5261 Haemum

388 5296 633 5368 φρουρὰν
663 5295 1030 5367 ἀποσφάξασα
1061 5293 1285 5367 ἔρριψεν
1309 5294 1372 5347 ἐκ
1397 5291 1495 5370 τοῦ
1529 5291 1762 5360 τείχους,
1794 5290 1945 5343 όπόσπ

2071 5294 2297 5350 castella
2333 5294 2579 5350 fecerant
2611 5297 2818 5351 omnia.
2870 5296 2983 5351 Nec
3026 5296 3197 5370 488
3226 5298 3296 5354 de
3320 5298 3577 5353 libertate
3605 5306 3662 5351 et

394 5390 468 5461 μῆ
517 5388 655 5462 ἔφθη
711 5389 981 5461 φυγοῦσα.
1026 5389 1092 5443 Ὃ
1149 5388 1216 5457 δὴ
1249 5385 1626 5457 πεποιήκεσαν
1679 5384 1775 5437 καὶ
1800 5381 1945 5435 ὁπόσα

2072 5385 2410 5440 redimendis
2437 5384 2668 5454 captivis
2698 5385 2908 5456 legatos
2936 5387 3003 5442 ad
3033 5389 3406 5453 Alexandrum
3436 5388 3657 5441 mittere

393 5484 521 5557 περὶ
574 5485 665 5539 τὸν
711 5478 886 5554 Αἷμον
945 5479 1186 5551 φρούρια
1249 5479 1463 5534 πάντα·
1520 5474 1745 5548 θαρρεῖν
1780 5491 1837 5528 τε
1871 5476 1945 5545 οὐ]

2074 5477 2373 5543 audebant,
2419 5493 2543 5555 cum
2591 5477 2665 5532 ita
2713 5494 2787 5547 se,
2818 5481 3140 5550 gessissent,
3181 5490 3243 5536 ut
3287 5480 3436 5535 nulla
3486 5480 3660 5534 veniae

1748 5605 2087 5671 Variorum
2122 5617 2310 5671 notae.

468 5748 579 5819 (tit)
608 5744 836 5819 Joannis
863 5744 1174 5819 Palaeologi,
1205 5743 1364 5819 cuius
1387 5755 1551 5819 supra
1584 5738 1834 5819 meminit
1859 5738 1963 5819 lib2
2076 5738 2357 5819 Michaelis
2384 5740 2513 5810 imp.
2551 5740 2868 5816 lilii.nepos.
2903 5743 3035 5799 Vide
3061 5751 3294 5798 stemma
3322 5736 3632 5811 Palaeologo

401 5811 485 5883 is,
534 5811 655 5889 cap.
715 5817 808 5877 36,
863 5817 1028 5880 illius,
1080 5811 1451 5878 Constantini,
1509 5811 1966 5882 l’orpliyrogcniti
2081 5826 2223 5865 rum.
2267 5812 2502 5868 Ducum.
