  <div class='ocr_page' id='page_1' title='image "/cluster/home/n/w/nwhite01/storage/ocr_20150623/148:no.1/coo.31924054870534/351.png"; bbox 0 0 4062 6446; ppageno 0'>
   <div class='ocr_carea' id='block_1_1' title="bbox 452 327 1343 408">
    <p class='ocr_par' dir='ltr' id='par_1_1' title="bbox 452 327 1343 408">
     <span class='ocr_line' id='line_1_1' title="bbox 452 327 1343 408; baseline -0.017 -10"><span class='ocrx_word' id='word_1_1' title='bbox 452 339 560 408; x_wconf 69' lang='lat' dir='ltr'><strong>n37</strong></span> <span class='ocrx_word' id='word_1_2' title='bbox 711 334 787 407; x_wconf 65' lang='grc' dir='ltr'><strong>[Α.</strong></span> <span class='ocrx_word' id='word_1_3' title='bbox 819 347 876 387; x_wconf 74' lang='grc' dir='ltr'><strong>ιι.</strong></span> <span class='ocrx_word' id='word_1_4' title='bbox 909 329 1047 387; x_wconf 79' lang='grc'><strong>6856</strong></span> <span class='ocrx_word' id='word_1_5' title='bbox 1076 345 1140 384; x_wconf 68' lang='grc' dir='ltr'><strong>λυ</strong></span> <span class='ocrx_word' id='word_1_6' title='bbox 1180 327 1343 403; x_wconf 64' lang='grc'><strong>6849]</strong></span> 
     </span>
    </p>
   </div>
   <div class='ocr_carea' id='block_1_2' title="bbox 1669 330 2513 414">
    <p class='ocr_par' dir='ltr' id='par_1_2' title="bbox 1669 330 2513 414">
     <span class='ocr_line' id='line_1_2' title="bbox 1669 330 2513 414; baseline 0.002 -20"><span class='ocrx_word' id='word_1_7' title='bbox 1669 330 1716 394; x_wconf 84' lang='grc' dir='ltr'>Ν</span> <span class='ocrx_word' id='word_1_8' title='bbox 1724 333 2094 414; x_wconf 68' lang='lat' dir='ltr'><strong>ICEPHORI</strong></span> <span class='ocrx_word' id='word_1_9' title='bbox 2129 335 2513 398; x_wconf 61' lang='lat' dir='ltr'><strong>GREGORIE</strong></span> 
     </span>
    </p>
   </div>
   <div class='ocr_carea' id='block_1_3' title="bbox 2836 326 3463 405">
    <p class='ocr_par' dir='ltr' id='par_1_3' title="bbox 2836 326 3463 405">
     <span class='ocr_line' id='line_1_3' title="bbox 2836 326 3463 405; baseline 0.01 -25"><span class='ocrx_word' id='word_1_10' title='bbox 2836 326 2972 399; x_wconf 69' lang='grc' dir='ltr'>[ιη.</span> <span class='ocrx_word' id='word_1_11' title='bbox 3005 341 3285 384; x_wconf 67' lang='lat' dir='ltr'><strong>mamma.</strong></span> <span class='ocrx_word' id='word_1_12' title='bbox 3321 345 3411 385; x_wconf 65' lang='grc' dir='ltr'><strong>ωτι</strong></span> <span class='ocrx_word' id='word_1_13' title='bbox 3444 328 3463 405; x_wconf 80' lang='grc'><strong>]</strong></span> 
     </span>
    </p>
   </div>
   <div class='ocr_carea' id='block_1_4' title="bbox 3610 341 3714 405">
    <p class='ocr_par' dir='ltr' id='par_1_4' title="bbox 3610 341 3714 405">
     <span class='ocr_line' id='line_1_4' title="bbox 3610 341 3714 405; baseline 0.019 -2"><span class='ocrx_word' id='word_1_14' title='bbox 3610 341 3714 405; x_wconf 58' lang='lat'><strong>68%</strong></span> 
     </span>
    </p>
   </div>
   <div class='ocr_carea' id='block_1_5' title="bbox 457 440 2046 525">
    <p class='ocr_par' dir='ltr' id='par_1_5' title="bbox 457 444 2044 525">
     <span class='ocr_line' id='line_1_5' title="bbox 457 444 2044 525; baseline -0.006 -15"><span class='ocrx_word' id='word_1_15' title='bbox 457 468 586 525; x_wconf 81' lang='lat' dir='ltr'><strong>spes</strong></span> <span class='ocrx_word' id='word_1_16' title='bbox 614 452 1038 521; x_wconf 71' lang='lat' dir='ltr'><strong>relinqueretur.</strong></span> <span class='ocrx_word' id='word_1_17' title='bbox 1069 446 1204 501; x_wconf 87' lang='lat' dir='ltr'><strong>Nam</strong></span> <span class='ocrx_word' id='word_1_18' title='bbox 1234 455 1289 502; x_wconf 87' lang='lat' dir='ltr'><strong>ct</strong></span> <span class='ocrx_word' id='word_1_19' title='bbox 1308 446 1430 515; x_wconf 84' lang='lat' dir='ltr'><strong>ejus</strong></span> <span class='ocrx_word' id='word_1_20' title='bbox 1461 444 1667 517; x_wconf 82' lang='lat' dir='ltr'><strong>legatos</strong></span> <span class='ocrx_word' id='word_1_21' title='bbox 1695 445 2044 501; x_wconf 77' lang='lat' dir='ltr'><strong>conﬁdenter</strong></span> 
     </span>
    </p>
   </div>
   <div class='ocr_carea' id='block_1_6' title="bbox 2152 440 3789 525">
    <p class='ocr_par' dir='ltr' id='par_1_6' title="bbox 2152 440 3789 519">
     <span class='ocr_line' id='line_1_6' title="bbox 2152 440 3789 519; baseline 0.002 -20"><span class='ocrx_word' id='word_1_22' title='bbox 2152 440 2295 515; x_wconf 79' lang='grc' dir='ltr'>εἶχον</span> <span class='ocrx_word' id='word_1_23' title='bbox 2342 440 2833 514; x_wconf 81' lang='grc' dir='ltr'>διαπρεσϐεύεσθαι</span> <span class='ocrx_word' id='word_1_24' title='bbox 2886 442 3016 516; x_wconf 70' lang='grc' dir='ltr'>περὶ</span> <span class='ocrx_word' id='word_1_25' title='bbox 3064 444 3375 518; x_wconf 72' lang='grc' dir='ltr'><strong>ἐλευθερίας</strong></span> <span class='ocrx_word' id='word_1_26' title='bbox 3404 448 3499 501; x_wconf 76' lang='grc' dir='ltr'>καὶ</span> <span class='ocrx_word' id='word_1_27' title='bbox 3519 447 3718 519; x_wconf 80' lang='grc' dir='ltr'><strong>λύτρων</strong></span> <span class='ocrx_word' id='word_1_28' title='bbox 3776 480 3789 489; x_wconf 69' lang='grc' dir='ltr'><strong><em>ρ</em></strong></span> 
     </span>
    </p>
   </div>
   <div class='ocr_carea' id='block_1_7' title="bbox 457 538 2039 611">
    <p class='ocr_par' dir='ltr' id='par_1_7' title="bbox 457 538 2039 611">
     <span class='ocr_line' id='line_1_7' title="bbox 457 538 2039 611; baseline -0.006 -10"><span class='ocrx_word' id='word_1_29' title='bbox 457 544 769 601; x_wconf 89' lang='lat' dir='ltr'><strong>deriserant</strong></span> <span class='ocrx_word' id='word_1_30' title='bbox 796 557 860 596; x_wconf 91' lang='lat' dir='ltr'><strong>ac</strong></span> <span class='ocrx_word' id='word_1_31' title='bbox 902 555 1000 610; x_wconf 90' lang='lat' dir='ltr'><strong>per</strong></span> <span class='ocrx_word' id='word_1_32' title='bbox 1033 539 1387 611; x_wconf 78' lang='lat' dir='ltr'><strong>ignominiam</strong></span> <span class='ocrx_word' id='word_1_33' title='bbox 1437 538 1782 605; x_wconf 74' lang='lat' dir='ltr'><strong>dimiserant,</strong></span> <span class='ocrx_word' id='word_1_34' title='bbox 1814 548 1868 593; x_wconf 89' lang='lat' dir='ltr'><strong>et</strong></span> <span class='ocrx_word' id='word_1_35' title='bbox 1909 539 2039 594; x_wconf 86' lang='lat' dir='ltr'><strong>Bul-</strong></span> 
     </span>
    </p>
   </div>
   <div class='ocr_carea' id='block_1_8' title="bbox 456 631 2043 708">
    <p class='ocr_par' dir='ltr' id='par_1_8' title="bbox 456 631 2043 708">
     <span class='ocr_line' id='line_1_8' title="bbox 456 631 2043 708; baseline -0.004 -15"><span class='ocrx_word' id='word_1_36' title='bbox 456 652 712 708; x_wconf 82' lang='lat' dir='ltr'><strong>garorum</strong></span> <span class='ocrx_word' id='word_1_37' title='bbox 755 650 916 706; x_wconf 92' lang='lat' dir='ltr'><strong>agros</strong></span> <span class='ocrx_word' id='word_1_38' title='bbox 957 650 1083 690; x_wconf 88' lang='lat' dir='ltr'><strong>cum</strong></span> <span class='ocrx_word' id='word_1_39' title='bbox 1117 632 1398 704; x_wconf 74' lang='lat' dir='ltr'><strong>segetibus</strong></span> <span class='ocrx_word' id='word_1_40' title='bbox 1445 631 1832 698; x_wconf 83' lang='lat' dir='ltr'><strong>incenderant,</strong></span> <span class='ocrx_word' id='word_1_41' title='bbox 1862 642 1918 687; x_wconf 88' lang='lat' dir='ltr'><strong>et</strong></span> <span class='ocrx_word' id='word_1_42' title='bbox 1946 645 2043 687; x_wconf 87' lang='lat' dir='ltr'><strong>ca-</strong></span> 
     </span>
    </p>
   </div>
   <div class='ocr_carea' id='block_1_9' title="bbox 388 723 1967 807">
    <p class='ocr_par' dir='ltr' id='par_1_9' title="bbox 388 723 1967 807">
     <span class='ocr_line' id='line_1_9' title="bbox 388 723 1967 807; baseline -0.007 -20"><span class='ocrx_word' id='word_1_43' title='bbox 388 783 389 807; x_wconf 20' lang='lat'><strong>.</strong></span> <span class='ocrx_word' id='word_1_44' title='bbox 456 741 678 801; x_wconf 87' lang='lat' dir='ltr'><strong>ptorum</strong></span> <span class='ocrx_word' id='word_1_45' title='bbox 712 728 1063 785; x_wconf 85' lang='lat' dir='ltr'><strong>castellon</strong></span> <span class='ocrx_word' id='word_1_46' title='bbox 1100 726 1441 782; x_wconf 83' lang='lat' dir='ltr'><strong>habitatores</strong></span> <span class='ocrx_word' id='word_1_47' title='bbox 1478 723 1618 779; x_wconf 91' lang='lat' dir='ltr'><strong>male</strong></span> <span class='ocrx_word' id='word_1_48' title='bbox 1649 730 1967 779; x_wconf 74' lang='lat' dir='ltr'><strong>tractarent.</strong></span> 
     </span>
    </p>
   </div>
   <div class='ocr_carea' id='block_1_10' title="bbox 2147 535 3720 612">
    <p class='ocr_par' dir='ltr' id='par_1_10' title="bbox 2147 535 3720 612">
     <span class='ocr_line' id='line_1_10' title="bbox 2147 535 3720 612; baseline 0.003 -21"><span class='ocrx_word' id='word_1_49' title='bbox 2147 542 2284 607; x_wconf 75' lang='grc' dir='ltr'>πρὸς</span> <span class='ocrx_word' id='word_1_50' title='bbox 2349 535 2717 607; x_wconf 73' lang='grc' dir='ltr'>Ἀλέξανδρον.</span> <span class='ocrx_word' id='word_1_51' title='bbox 2774 538 2851 591; x_wconf 83' lang='grc' dir='ltr'><strong>Οῡ</strong></span> <span class='ocrx_word' id='word_1_52' title='bbox 2878 535 2988 607; x_wconf 77' lang='grc' dir='ltr'><strong>γὰρ</strong></span> <span class='ocrx_word' id='word_1_53' title='bbox 3045 536 3398 592; x_wconf 79' lang='grc' dir='ltr'>ὑπελείποντό</span> <span class='ocrx_word' id='word_1_54' title='bbox 3432 556 3552 594; x_wconf 84' lang='grc' dir='ltr'>τινα</span> <span class='ocrx_word' id='word_1_55' title='bbox 3599 559 3720 612; x_wconf 82' lang='grc' dir='ltr'>συγ-</span> 
     </span>
    </p>
   </div>
   <div class='ocr_carea' id='block_1_11' title="bbox 2149 628 3717 705">
    <p class='ocr_par' dir='ltr' id='par_1_11' title="bbox 2149 628 3717 705">
     <span class='ocr_line' id='line_1_11' title="bbox 2149 628 3717 705; baseline 0.003 -22"><span class='ocrx_word' id='word_1_56' title='bbox 2149 629 2373 700; x_wconf 81' lang='grc' dir='ltr'><strong>γνώμης</strong></span> <span class='ocrx_word' id='word_1_57' title='bbox 2398 670 2401 673; x_wconf 61' lang='grc' dir='ltr'><strong>ς</strong></span> <span class='ocrx_word' id='word_1_58' title='bbox 2427 629 2684 702; x_wconf 71' lang='grc' dir='ltr'>ἀφορμὴν</span> <span class='ocrx_word' id='word_1_59' title='bbox 2735 630 2800 683; x_wconf 81' lang='grc' dir='ltr'>ἐκ</span> <span class='ocrx_word' id='word_1_60' title='bbox 2850 629 2959 681; x_wconf 86' lang='grc' dir='ltr'>τῶν</span> <span class='ocrx_word' id='word_1_61' title='bbox 2988 628 3334 695; x_wconf 86' lang='grc' dir='ltr'>φθασάντων.</span> <span class='ocrx_word' id='word_1_62' title='bbox 3397 632 3508 701; x_wconf 84' lang='grc' dir='ltr'><strong>Τήν</strong></span> <span class='ocrx_word' id='word_1_63' title='bbox 3531 649 3589 686; x_wconf 86' lang='grc' dir='ltr'><strong>τε</strong></span> <span class='ocrx_word' id='word_1_64' title='bbox 3616 634 3717 705; x_wconf 85' lang='grc' dir='ltr'>γὰρ</span> 
     </span>
    </p>
   </div>
   <div class='ocr_carea' id='block_1_12' title="bbox 2151 720 3720 794">
    <p class='ocr_par' dir='ltr' id='par_1_12' title="bbox 2151 720 3720 794">
     <span class='ocr_line' id='line_1_12' title="bbox 2151 720 3720 794; baseline 0.003 -18"><span class='ocrx_word' id='word_1_65' title='bbox 2151 722 2362 776; x_wconf 73' lang='grc' dir='ltr'>ἐκείνου</span> <span class='ocrx_word' id='word_1_66' title='bbox 2411 722 2543 794; x_wconf 80' lang='grc' dir='ltr'>περὶ</span> <span class='ocrx_word' id='word_1_67' title='bbox 2594 721 2824 794; x_wconf 81' lang='grc' dir='ltr'><strong>εἰρήνης</strong></span> <span class='ocrx_word' id='word_1_68' title='bbox 2880 720 3183 791; x_wconf 82' lang='grc' dir='ltr'>πρεσϐείαν</span> <span class='ocrx_word' id='word_1_69' title='bbox 3230 722 3481 794; x_wconf 78' lang='grc' dir='ltr'><strong>θρασέως</strong></span> <span class='ocrx_word' id='word_1_70' title='bbox 3518 740 3579 777; x_wconf 87' lang='grc' dir='ltr'><strong>τε</strong></span> <span class='ocrx_word' id='word_1_71' title='bbox 3630 725 3720 780; x_wconf 72' lang='grc' dir='ltr'>καὶ</span> 
     </span>
    </p>
   </div>
   <div class='ocr_carea' id='block_1_13' title="bbox 456 817 3718 897">
    <p class='ocr_par' dir='ltr' id='par_1_13' title="bbox 456 817 3718 897">
     <span class='ocr_line' id='line_1_13' title="bbox 456 817 3718 897; baseline -0.002 -17"><span class='ocrx_word' id='word_1_72' title='bbox 456 828 719 894; x_wconf 78' lang='grc' dir='ltr'><strong>ἀκόσμως</strong></span> <span class='ocrx_word' id='word_1_73' title='bbox 755 823 841 897; x_wconf 87' lang='grc' dir='ltr'><strong>[Ρ.</strong></span> <span class='ocrx_word' id='word_1_74' title='bbox 867 821 996 895; x_wconf 79' lang='grc'><strong>500]</strong></span> <span class='ocrx_word' id='word_1_75' title='bbox 1028 823 1367 892; x_wconf 79' lang='grc' dir='ltr'>ἀπέπεμψαν</span> <span class='ocrx_word' id='word_1_76' title='bbox 1391 819 1520 885; x_wconf 90' lang='grc' dir='ltr'>τούς</span> <span class='ocrx_word' id='word_1_77' title='bbox 1559 837 1621 873; x_wconf 89' lang='grc' dir='ltr'><strong>τε</strong></span> <span class='ocrx_word' id='word_1_78' title='bbox 1673 818 1784 873; x_wconf 86' lang='grc' dir='ltr'><strong>τῶν</strong></span> <span class='ocrx_word' id='word_1_79' title='bbox 1820 818 2151 890; x_wconf 83' lang='grc' dir='ltr'>Βουλγάρων</span> <span class='ocrx_word' id='word_1_80' title='bbox 2201 819 2409 892; x_wconf 61' lang='grc' dir='ltr'>ἀγροὺς</span> <span class='ocrx_word' id='word_1_81' title='bbox 2476 817 2618 891; x_wconf 82' lang='grc' dir='ltr'>μετὰ</span> <span class='ocrx_word' id='word_1_82' title='bbox 2682 818 2794 872; x_wconf 85' lang='grc' dir='ltr'><strong>τῶν</strong></span> <span class='ocrx_word' id='word_1_83' title='bbox 2844 818 3136 890; x_wconf 73' lang='grc' dir='ltr'><strong>ἀσταχύων</strong></span> <span class='ocrx_word' id='word_1_84' title='bbox 3184 818 3317 890; x_wconf 66' lang='grc' dir='ltr'>πυρὶ</span> <span class='ocrx_word' id='word_1_85' title='bbox 3383 819 3718 890; x_wconf 60' lang='grc' dir='ltr'>παρέδοσαν</span> 
     </span>
    </p>
   </div>
   <div class='ocr_carea' id='block_1_14' title="bbox 531 1008 2044 1082">
    <p class='ocr_par' dir='ltr' id='par_1_14' title="bbox 531 1008 2044 1082">
     <span class='ocr_line' id='line_1_14' title="bbox 531 1008 2044 1082; baseline -0.003 -15"><span class='ocrx_word' id='word_1_86' title='bbox 531 1012 646 1067; x_wconf 75' lang='grc' dir='ltr'>νυ.</span> <span class='ocrx_word' id='word_1_87' title='bbox 682 1012 871 1082; x_wconf 83' lang='lat' dir='ltr'><strong>Itaque</strong></span> <span class='ocrx_word' id='word_1_88' title='bbox 905 1010 976 1065; x_wconf 88' lang='lat' dir='ltr'><strong>ab</strong></span> <span class='ocrx_word' id='word_1_89' title='bbox 1011 1010 1162 1066; x_wconf 92' lang='lat' dir='ltr'><strong>omni</strong></span> <span class='ocrx_word' id='word_1_90' title='bbox 1200 1017 1357 1078; x_wconf 90' lang='lat' dir='ltr'><strong>parte</strong></span> <span class='ocrx_word' id='word_1_91' title='bbox 1390 1008 1549 1078; x_wconf 88' lang='lat' dir='ltr'><strong>inops</strong></span> <span class='ocrx_word' id='word_1_92' title='bbox 1594 1008 1806 1064; x_wconf 88' lang='lat' dir='ltr'><strong>consilii</strong></span> <span class='ocrx_word' id='word_1_93' title='bbox 1837 1018 2044 1063; x_wconf 68' lang='lat' dir='ltr'><strong>astua-</strong></span> 
     </span>
    </p>
   </div>
   <div class='ocr_carea' id='block_1_15' title="bbox 457 1099 2047 1172">
    <p class='ocr_par' dir='ltr' id='par_1_15' title="bbox 457 1099 2047 1172">
     <span class='ocr_line' id='line_1_15' title="bbox 457 1099 2047 1172; baseline -0.002 -13"><span class='ocrx_word' id='word_1_94' title='bbox 457 1104 554 1159; x_wconf 89' lang='lat' dir='ltr'><strong>bat</strong></span> <span class='ocrx_word' id='word_1_95' title='bbox 605 1104 931 1172; x_wconf 84' lang='lat' dir='ltr'><strong>imperator.</strong></span> <span class='ocrx_word' id='word_1_96' title='bbox 967 1102 1174 1157; x_wconf 87' lang='lat' dir='ltr'><strong>Tamen</strong></span> <span class='ocrx_word' id='word_1_97' title='bbox 1228 1099 1385 1154; x_wconf 78' lang='lat' dir='ltr'><strong>ﬁrma</strong></span> <span class='ocrx_word' id='word_1_98' title='bbox 1411 1099 1467 1154; x_wconf 93' lang='lat' dir='ltr'><strong>in</strong></span> <span class='ocrx_word' id='word_1_99' title='bbox 1496 1100 1666 1154; x_wconf 89' lang='lat' dir='ltr'><strong>Deum</strong></span> <span class='ocrx_word' id='word_1_100' title='bbox 1716 1099 1914 1156; x_wconf 82' lang='lat' dir='ltr'><strong>ﬁducia</strong></span> <span class='ocrx_word' id='word_1_101' title='bbox 1943 1114 2047 1156; x_wconf 88' lang='lat' dir='ltr'><strong>nec</strong></span> 
     </span>
    </p>
   </div>
   <div class='ocr_carea' id='block_1_16' title="bbox 459 1188 2046 1265">
    <p class='ocr_par' dir='ltr' id='par_1_16' title="bbox 459 1188 2046 1265">
     <span class='ocr_line' id='line_1_16' title="bbox 459 1188 2046 1265; baseline -0.001 -16"><span class='ocrx_word' id='word_1_102' title='bbox 459 1196 516 1250; x_wconf 89' lang='lat' dir='ltr'><strong>in</strong></span> <span class='ocrx_word' id='word_1_103' title='bbox 553 1194 834 1265; x_wconf 85' lang='lat' dir='ltr'><strong>prioribus</strong></span> <span class='ocrx_word' id='word_1_104' title='bbox 875 1193 1147 1264; x_wconf 79' lang='lat' dir='ltr'><strong>periculis</strong></span> <span class='ocrx_word' id='word_1_105' title='bbox 1190 1206 1296 1246; x_wconf 81' lang='lat' dir='ltr'><strong>nec</strong></span> <span class='ocrx_word' id='word_1_106' title='bbox 1340 1188 1395 1245; x_wconf 89' lang='lat' dir='ltr'><strong>in</strong></span> <span class='ocrx_word' id='word_1_107' title='bbox 1436 1191 1690 1260; x_wconf 70' lang='lat' dir='ltr'><strong>praesenti</strong></span> <span class='ocrx_word' id='word_1_108' title='bbox 1728 1191 2046 1247; x_wconf 85' lang='lat' dir='ltr'><strong>discrimine</strong></span> 
     </span>
    </p>
   </div>
   <div class='ocr_carea' id='block_1_17' title="bbox 460 1282 2046 1355">
    <p class='ocr_par' dir='ltr' id='par_1_17' title="bbox 460 1282 2046 1355">
     <span class='ocr_line' id='line_1_17' title="bbox 460 1282 2046 1355; baseline -0.003 -12"><span class='ocrx_word' id='word_1_109' title='bbox 460 1303 587 1343; x_wconf 88' lang='lat' dir='ltr'><strong>eum</strong></span> <span class='ocrx_word' id='word_1_110' title='bbox 619 1286 903 1352; x_wconf 82' lang='lat' dir='ltr'><strong>destituit;</strong></span> <span class='ocrx_word' id='word_1_111' title='bbox 935 1285 1189 1355; x_wconf 83' lang='lat' dir='ltr'><strong>quamvis</strong></span> <span class='ocrx_word' id='word_1_112' title='bbox 1220 1282 1553 1340; x_wconf 89' lang='lat' dir='ltr'><strong>conscientia</strong></span> <span class='ocrx_word' id='word_1_113' title='bbox 1582 1283 1703 1354; x_wconf 78' lang='lat' dir='ltr'><strong>ejus</strong></span> <span class='ocrx_word' id='word_1_114' title='bbox 1725 1298 1835 1342; x_wconf 89' lang='lat' dir='ltr'><strong>non</strong></span> <span class='ocrx_word' id='word_1_115' title='bbox 1866 1283 2046 1339; x_wconf 89' lang='lat' dir='ltr'><strong>omnis</strong></span> 
     </span>
    </p>
   </div>
   <div class='ocr_carea' id='block_1_18' title="bbox 457 1376 2045 1450">
    <p class='ocr_par' dir='ltr' id='par_1_18' title="bbox 457 1376 2045 1450">
     <span class='ocr_line' id='line_1_18' title="bbox 457 1376 2045 1450; baseline -0.003 -16"><span class='ocrx_word' id='word_1_116' title='bbox 457 1394 659 1450; x_wconf 80' lang='lat' dir='ltr'><strong>expers</strong></span> <span class='ocrx_word' id='word_1_117' title='bbox 682 1383 843 1434; x_wconf 79' lang='lat' dir='ltr'><strong>esset</strong></span> <span class='ocrx_word' id='word_1_118' title='bbox 869 1377 1120 1443; x_wconf 70' lang='lat' dir='ltr'><strong>maculas,</strong></span> <span class='ocrx_word' id='word_1_119' title='bbox 1162 1386 1275 1431; x_wconf 91' lang='lat' dir='ltr'><strong>tum</strong></span> <span class='ocrx_word' id='word_1_120' title='bbox 1305 1385 1528 1448; x_wconf 85' lang='lat' dir='ltr'><strong>propter</strong></span> <span class='ocrx_word' id='word_1_121' title='bbox 1553 1390 1714 1431; x_wconf 82' lang='lat' dir='ltr'><strong>arum</strong></span> <span class='ocrx_word' id='word_1_122' title='bbox 1746 1376 2045 1446; x_wconf 82' lang='lat' dir='ltr'><strong>imperato-</strong></span> 
     </span>
    </p>
   </div>
   <div class='ocr_carea' id='block_1_19' title="bbox 458 1465 2045 1558">
    <p class='ocr_par' dir='ltr' id='par_1_19' title="bbox 458 1465 2045 1558">
     <span class='ocr_line' id='line_1_19' title="bbox 458 1465 2045 1558; baseline -0.003 -32"><span class='ocrx_word' id='word_1_123' title='bbox 458 1485 576 1526; x_wconf 86' lang='lat' dir='ltr'><strong>rem</strong></span> <span class='ocrx_word' id='word_1_124' title='bbox 617 1477 860 1524; x_wconf 83' lang='lat' dir='ltr'><strong>extrema</strong></span> <span class='ocrx_word' id='word_1_125' title='bbox 905 1476 1067 1558; x_wconf 62' lang='lat' dir='ltr'><strong>aetate</strong></span> <span class='ocrx_word' id='word_1_126' title='bbox 1101 1467 1522 1533; x_wconf 88' lang='lat' dir='ltr'><strong>contristatum;</strong></span> <span class='ocrx_word' id='word_1_127' title='bbox 1558 1474 1671 1520; x_wconf 88' lang='lat' dir='ltr'><strong>tum</strong></span> <span class='ocrx_word' id='word_1_128' title='bbox 1700 1465 1770 1520; x_wconf 92' lang='lat' dir='ltr'><strong>ob</strong></span> <span class='ocrx_word' id='word_1_129' title='bbox 1797 1481 1885 1532; x_wconf 86' lang='lat' dir='ltr'><strong>ea,</strong></span> <span class='ocrx_word' id='word_1_130' title='bbox 1920 1479 2045 1535; x_wconf 63' lang='lat' dir='ltr'><strong>quae</strong></span> 
     </span>
    </p>
   </div>
   <div class='ocr_carea' id='block_1_20' title="bbox 455 1558 2045 1633">
    <p class='ocr_par' dir='ltr' id='par_1_20' title="bbox 455 1558 2045 1633">
     <span class='ocr_line' id='line_1_20' title="bbox 455 1558 2045 1633; baseline -0.003 -16"><span class='ocrx_word' id='word_1_131' title='bbox 455 1561 715 1633; x_wconf 84' lang='lat' dir='ltr'><strong>juvenilis</strong></span> <span class='ocrx_word' id='word_1_132' title='bbox 760 1560 986 1615; x_wconf 79' lang='lat' dir='ltr'><strong>licentia</strong></span> <span class='ocrx_word' id='word_1_133' title='bbox 1017 1574 1141 1615; x_wconf 89' lang='lat' dir='ltr'><strong>cum</strong></span> <span class='ocrx_word' id='word_1_134' title='bbox 1174 1559 1413 1629; x_wconf 91' lang='lat' dir='ltr'><strong>imperio</strong></span> <span class='ocrx_word' id='word_1_135' title='bbox 1459 1558 1752 1629; x_wconf 90' lang='lat' dir='ltr'><strong>conjuncta</strong></span> <span class='ocrx_word' id='word_1_136' title='bbox 1799 1559 2045 1627; x_wconf 86' lang='lat' dir='ltr'><strong>plerum-</strong></span> 
     </span>
    </p>
   </div>
   <div class='ocr_carea' id='block_1_21' title="bbox 458 1644 2043 1723">
    <p class='ocr_par' dir='ltr' id='par_1_21' title="bbox 458 1644 2043 1723">
     <span class='ocr_line' id='line_1_21' title="bbox 458 1644 2043 1723; baseline -0.002 -14"><span class='ocrx_word' id='word_1_137' title='bbox 458 1668 569 1723; x_wconf 85' lang='lat' dir='ltr'><strong>que</strong></span> <span class='ocrx_word' id='word_1_138' title='bbox 601 1653 741 1708; x_wconf 87' lang='lat' dir='ltr'><strong>solet</strong></span> <span class='ocrx_word' id='word_1_139' title='bbox 775 1651 1087 1723; x_wconf 82' lang='lat' dir='ltr'><strong>designare.</strong></span> <span class='ocrx_word' id='word_1_140' title='bbox 1134 1644 1339 1708; x_wconf 68' lang='lat' dir='ltr'><strong>verum</strong></span> <span class='ocrx_word' id='word_1_141' title='bbox 1367 1650 1446 1706; x_wconf 90' lang='lat' dir='ltr'><strong>illi</strong></span> <span class='ocrx_word' id='word_1_142' title='bbox 1478 1649 1793 1721; x_wconf 88' lang='lat' dir='ltr'><strong>hujusmodi</strong></span> <span class='ocrx_word' id='word_1_143' title='bbox 1822 1658 2043 1719; x_wconf 89' lang='lat' dir='ltr'><strong>peccata</strong></span> 
     </span>
    </p>
   </div>
   <div class='ocr_carea' id='block_1_22' title="bbox 460 1743 2044 1815">
    <p class='ocr_par' dir='ltr' id='par_1_22' title="bbox 460 1743 2044 1815">
     <span class='ocr_line' id='line_1_22' title="bbox 460 1743 2044 1815; baseline 0.001 -17"><span class='ocrx_word' id='word_1_144' title='bbox 460 1754 721 1815; x_wconf 84' lang='lat' dir='ltr'><strong>tauquam</strong></span> <span class='ocrx_word' id='word_1_145' title='bbox 750 1746 997 1801; x_wconf 82' lang='lat' dir='ltr'><strong>minutos</strong></span> <span class='ocrx_word' id='word_1_146' title='bbox 1029 1744 1325 1814; x_wconf 88' lang='lat' dir='ltr'><strong>pisciculos</strong></span> <span class='ocrx_word' id='word_1_147' title='bbox 1352 1759 1607 1815; x_wconf 77' lang='lat' dir='ltr'><strong>magnum</strong></span> <span class='ocrx_word' id='word_1_148' title='bbox 1646 1743 1848 1799; x_wconf 82' lang='lat' dir='ltr'><strong>divinae</strong></span> <span class='ocrx_word' id='word_1_149' title='bbox 1877 1744 2044 1799; x_wconf 85' lang='lat' dir='ltr'><strong>mise-</strong></span> 
     </span>
    </p>
   </div>
   <div class='ocr_carea' id='block_1_23' title="bbox 352 902 2501 989">
    <p class='ocr_par' dir='ltr' id='par_1_23' title="bbox 352 902 2501 989">
     <span class='ocr_line' id='line_1_23' title="bbox 352 902 2501 989; baseline -0.002 -16"><span class='ocrx_word' id='word_1_150' title='bbox 352 902 366 962; x_wconf 26' lang='lat'><strong>‘-</strong></span> <span class='ocrx_word' id='word_1_151' title='bbox 389 953 392 956; x_wconf 80' lang='lat'><strong><em>~</em></strong></span> <span class='ocrx_word' id='word_1_152' title='bbox 457 918 554 974; x_wconf 70' lang='grc' dir='ltr'>καὶ</span> <span class='ocrx_word' id='word_1_153' title='bbox 579 919 715 989; x_wconf 87' lang='grc' dir='ltr'>πρός</span> <span class='ocrx_word' id='word_1_154' title='bbox 738 935 803 986; x_wconf 85' lang='grc' dir='ltr'><strong>γε</strong></span> <span class='ocrx_word' id='word_1_155' title='bbox 829 918 943 981; x_wconf 83' lang='grc' dir='ltr'>τοῖς</span> <span class='ocrx_word' id='word_1_156' title='bbox 961 917 1029 970; x_wconf 84' lang='grc' dir='ltr'>τὰ</span> <span class='ocrx_word' id='word_1_157' title='bbox 1057 914 1297 985; x_wconf 83' lang='grc' dir='ltr'>φρούρια</span> <span class='ocrx_word' id='word_1_158' title='bbox 1317 913 1563 968; x_wconf 74' lang='grc' dir='ltr'><strong>οἰκοῦσιν</strong></span> <span class='ocrx_word' id='word_1_159' title='bbox 1586 913 1648 968; x_wconf 83' lang='grc' dir='ltr'>οὗ</span> <span class='ocrx_word' id='word_1_160' title='bbox 1670 911 1853 976; x_wconf 85' lang='grc' dir='ltr'>καλῶς</span> <span class='ocrx_word' id='word_1_161' title='bbox 1875 914 2183 983; x_wconf 71' lang='grc' dir='ltr'>ἐχρήσαντο</span> <span class='ocrx_word' id='word_1_162' title='bbox 2220 914 2501 978; x_wconf 86' lang='grc' dir='ltr'>λαϐόντες.</span> 
     </span>
    </p>
   </div>
   <div class='ocr_carea' id='block_1_24' title="bbox 2216 1006 3725 1082">
    <p class='ocr_par' dir='ltr' id='par_1_24' title="bbox 2216 1006 3725 1082">
     <span class='ocr_line' id='line_1_24' title="bbox 2216 1006 3725 1082; baseline 0.002 -19"><span class='ocrx_word' id='word_1_163' title='bbox 2216 1008 2288 1063; x_wconf 89' lang='lat' dir='ltr'><strong>Z&#39;.</strong></span> <span class='ocrx_word' id='word_1_164' title='bbox 2322 1009 2414 1063; x_wconf 81' lang='grc' dir='ltr'><strong>Διὸ</strong></span> <span class='ocrx_word' id='word_1_165' title='bbox 2441 1006 2782 1081; x_wconf 77' lang='grc' dir='ltr'>πανταχόθεν</span> <span class='ocrx_word' id='word_1_166' title='bbox 2808 1010 2999 1065; x_wconf 86' lang='grc' dir='ltr'>στενόν</span> <span class='ocrx_word' id='word_1_167' title='bbox 3021 1025 3081 1064; x_wconf 83' lang='grc' dir='ltr'><strong>τε</strong></span> <span class='ocrx_word' id='word_1_168' title='bbox 3103 1009 3199 1064; x_wconf 81' lang='grc' dir='ltr'>καὶ</span> <span class='ocrx_word' id='word_1_169' title='bbox 3229 1010 3436 1080; x_wconf 77' lang='grc' dir='ltr'>ἄπορον</span> <span class='ocrx_word' id='word_1_170' title='bbox 3466 1007 3544 1080; x_wconf 82' lang='grc' dir='ltr'>τῷ</span> <span class='ocrx_word' id='word_1_171' title='bbox 3574 1010 3725 1082; x_wconf 85' lang='grc' dir='ltr'>βασι-</span> 
     </span>
    </p>
   </div>
   <div class='ocr_carea' id='block_1_25' title="bbox 2141 1097 3724 1173">
    <p class='ocr_par' dir='ltr' id='par_1_25' title="bbox 2141 1097 3724 1173">
     <span class='ocr_line' id='line_1_25' title="bbox 2141 1097 3724 1173; baseline 0.001 -19"><span class='ocrx_word' id='word_1_172' title='bbox 2141 1100 2225 1154; x_wconf 79' lang='grc' dir='ltr'>λεῖ</span> <span class='ocrx_word' id='word_1_173' title='bbox 2257 1101 2319 1155; x_wconf 76' lang='grc' dir='ltr'>τὸ</span> <span class='ocrx_word' id='word_1_174' title='bbox 2363 1102 2603 1171; x_wconf 82' lang='grc' dir='ltr'>πρᾶγμα</span> <span class='ocrx_word' id='word_1_175' title='bbox 2638 1099 2907 1169; x_wconf 72' lang='grc' dir='ltr'>ἐγίγνετο.</span> <span class='ocrx_word' id='word_1_176' title='bbox 2948 1099 3022 1153; x_wconf 87' lang='grc' dir='ltr'>Τό</span> <span class='ocrx_word' id='word_1_177' title='bbox 3059 1114 3123 1168; x_wconf 90' lang='grc' dir='ltr'><strong>γε</strong></span> <span class='ocrx_word' id='word_1_178' title='bbox 3157 1097 3265 1169; x_wconf 75' lang='grc' dir='ltr'>μὴν</span> <span class='ocrx_word' id='word_1_179' title='bbox 3284 1100 3365 1162; x_wconf 83' lang='grc' dir='ltr'><strong>είς</strong></span> <span class='ocrx_word' id='word_1_180' title='bbox 3392 1098 3530 1152; x_wconf 79' lang='grc' dir='ltr'>Θεὸν</span> <span class='ocrx_word' id='word_1_181' title='bbox 3553 1101 3724 1173; x_wconf 72' lang='grc' dir='ltr'>ἀρρα-</span> 
     </span>
    </p>
   </div>
   <div class='ocr_carea' id='block_1_26' title="bbox 2141 1189 3723 1263">
    <p class='ocr_par' dir='ltr' id='par_1_26' title="bbox 2141 1189 3723 1263">
     <span class='ocr_line' id='line_1_26' title="bbox 2141 1189 3723 1263; baseline -0.001 -17"><span class='ocrx_word' id='word_1_182' title='bbox 2141 1194 2416 1263; x_wconf 87' lang='grc' dir='ltr'>γεστάτην</span> <span class='ocrx_word' id='word_1_183' title='bbox 2463 1193 2611 1263; x_wconf 73' lang='grc' dir='ltr'>ἔχειν</span> <span class='ocrx_word' id='word_1_184' title='bbox 2662 1190 2876 1256; x_wconf 71' lang='grc' dir='ltr'>ιλπιδα,</span> <span class='ocrx_word' id='word_1_185' title='bbox 2930 1191 3092 1245; x_wconf 86' lang='grc' dir='ltr'>τοῦτο</span> <span class='ocrx_word' id='word_1_186' title='bbox 3124 1189 3174 1243; x_wconf 87' lang='grc' dir='ltr'>δ’</span> <span class='ocrx_word' id='word_1_187' title='bbox 3197 1190 3298 1245; x_wconf 81' lang='grc' dir='ltr'>οὐκ</span> <span class='ocrx_word' id='word_1_188' title='bbox 3340 1191 3658 1259; x_wconf 82' lang='grc' dir='ltr'>άπὲγνωστό</span> <span class='ocrx_word' id='word_1_189' title='bbox 3675 1191 3723 1245; x_wconf 78' lang='grc' dir='ltr'>οἱ</span> 
     </span>
    </p>
   </div>
   <div class='ocr_carea' id='block_1_27' title="bbox 2144 1280 3719 1354">
    <p class='ocr_par' dir='ltr' id='par_1_27' title="bbox 2144 1280 3719 1354">
     <span class='ocr_line' id='line_1_27' title="bbox 2144 1280 3719 1354; baseline -0.001 -17"><span class='ocrx_word' id='word_1_190' title='bbox 2144 1282 2256 1337; x_wconf 73' lang='grc' dir='ltr'>οὒτ’</span> <span class='ocrx_word' id='word_1_191' title='bbox 2286 1283 2344 1336; x_wconf 72' lang='grc' dir='ltr'>ἐν</span> <span class='ocrx_word' id='word_1_192' title='bbox 2374 1283 2497 1346; x_wconf 82' lang='grc' dir='ltr'>ταῖς</span> <span class='ocrx_word' id='word_1_193' title='bbox 2527 1281 2796 1353; x_wconf 86' lang='grc' dir='ltr'>πρότερον</span> <span class='ocrx_word' id='word_1_194' title='bbox 2829 1281 3242 1354; x_wconf 80' lang='grc' dir='ltr'>περιστάσεσιν,</span> <span class='ocrx_word' id='word_1_195' title='bbox 3271 1280 3396 1337; x_wconf 79' lang='grc' dir='ltr'>οὔτε</span> <span class='ocrx_word' id='word_1_196' title='bbox 3430 1283 3541 1353; x_wconf 80' lang='grc' dir='ltr'>μὴν</span> <span class='ocrx_word' id='word_1_197' title='bbox 3572 1283 3628 1337; x_wconf 75' lang='grc' dir='ltr'><strong>εν</strong></span> <span class='ocrx_word' id='word_1_198' title='bbox 3654 1283 3719 1354; x_wconf 77' lang='grc' dir='ltr'>τῇ</span> 
     </span>
    </p>
   </div>
   <div class='ocr_carea' id='block_1_28' title="bbox 2146 1373 3725 1448">
    <p class='ocr_par' dir='ltr' id='par_1_28' title="bbox 2146 1373 3725 1448">
     <span class='ocr_line' id='line_1_28' title="bbox 2146 1373 3725 1448; baseline -0.001 -19"><span class='ocrx_word' id='word_1_199' title='bbox 2146 1374 2419 1447; x_wconf 73' lang='grc' dir='ltr'>πκρούσῃ,</span> <span class='ocrx_word' id='word_1_200' title='bbox 2474 1378 2653 1429; x_wconf 85' lang='grc' dir='ltr'>καίτοι</span> <span class='ocrx_word' id='word_1_201' title='bbox 2693 1374 2756 1428; x_wconf 84' lang='grc' dir='ltr'>τὸ</span> <span class='ocrx_word' id='word_1_202' title='bbox 2804 1373 3047 1439; x_wconf 77' lang='grc' dir='ltr'>συνειδὸς</span> <span class='ocrx_word' id='word_1_203' title='bbox 3102 1373 3205 1427; x_wconf 84' lang='grc' dir='ltr'>οὐκ</span> <span class='ocrx_word' id='word_1_204' title='bbox 3237 1374 3565 1442; x_wconf 75' lang='grc' dir='ltr'>ἀνέλεγκτον</span> <span class='ocrx_word' id='word_1_205' title='bbox 3592 1373 3725 1448; x_wconf 57' lang='grc' dir='ltr'><strong>ἔχων</strong></span> 
     </span>
    </p>
   </div>
   <div class='ocr_carea' id='block_1_29' title="bbox 2141 1466 3726 1540">
    <p class='ocr_par' dir='ltr' id='par_1_29' title="bbox 2141 1466 3726 1540">
     <span class='ocr_line' id='line_1_29' title="bbox 2141 1466 3726 1540; baseline -0.002 -19"><span class='ocrx_word' id='word_1_206' title='bbox 2141 1467 2231 1523; x_wconf 73' lang='grc' dir='ltr'><strong>διά</strong></span> <span class='ocrx_word' id='word_1_207' title='bbox 2259 1484 2318 1521; x_wconf 87' lang='grc' dir='ltr'><strong>τε</strong></span> <span class='ocrx_word' id='word_1_208' title='bbox 2346 1469 2446 1537; x_wconf 81' lang='grc' dir='ltr'>τὴν</span> <span class='ocrx_word' id='word_1_209' title='bbox 2470 1468 2882 1540; x_wconf 80' lang='grc' dir='ltr'>παραλύπησιν,</span> <span class='ocrx_word' id='word_1_210' title='bbox 2917 1468 2985 1539; x_wconf 75' lang='grc' dir='ltr'>ἣν</span> <span class='ocrx_word' id='word_1_211' title='bbox 3030 1466 3109 1537; x_wconf 83' lang='grc' dir='ltr'>τῷ</span> <span class='ocrx_word' id='word_1_212' title='bbox 3139 1466 3354 1538; x_wconf 78' lang='grc' dir='ltr'>βασιλεῖ</span> <span class='ocrx_word' id='word_1_213' title='bbox 3394 1467 3492 1521; x_wconf 79' lang='grc' dir='ltr'>καὶ</span> <span class='ocrx_word' id='word_1_214' title='bbox 3521 1466 3726 1537; x_wconf 82' lang='grc' dir='ltr'>πάππῳ</span> 
     </span>
    </p>
   </div>
   <div class='ocr_carea' id='block_1_30' title="bbox 2142 1554 3725 1633">
    <p class='ocr_par' dir='ltr' id='par_1_30' title="bbox 2142 1554 3725 1633">
     <span class='ocr_line' id='line_1_30' title="bbox 2142 1554 3725 1633; baseline 0.002 -21"><span class='ocrx_word' id='word_1_215' title='bbox 2142 1561 2200 1612; x_wconf 82' lang='grc' dir='ltr'>ὲν</span> <span class='ocrx_word' id='word_1_216' title='bbox 2223 1561 2301 1630; x_wconf 87' lang='grc' dir='ltr'>τῷ</span> <span class='ocrx_word' id='word_1_217' title='bbox 2330 1561 2478 1632; x_wconf 81' lang='grc' dir='ltr'>γήρᾳ</span> <span class='ocrx_word' id='word_1_218' title='bbox 2509 1562 2805 1632; x_wconf 80' lang='grc' dir='ltr'>ἐπήνεγκε,</span> <span class='ocrx_word' id='word_1_219' title='bbox 2865 1561 2963 1614; x_wconf 70' lang='grc' dir='ltr'>καὶ.</span> <span class='ocrx_word' id='word_1_220' title='bbox 3008 1554 3077 1614; x_wconf 79' lang='grc' dir='ltr'>αὖ</span> <span class='ocrx_word' id='word_1_221' title='bbox 3109 1560 3181 1615; x_wconf 82' lang='grc' dir='ltr'><strong>δι’</strong></span> <span class='ocrx_word' id='word_1_222' title='bbox 3228 1562 3332 1614; x_wconf 84' lang='grc' dir='ltr'>ὅσα</span> <span class='ocrx_word' id='word_1_223' title='bbox 3385 1561 3577 1633; x_wconf 83' lang='grc' dir='ltr'>νεότης</span> <span class='ocrx_word' id='word_1_224' title='bbox 3611 1561 3725 1631; x_wconf 84' lang='grc' dir='ltr'>μετ’</span> 
     </span>
    </p>
   </div>
   <div class='ocr_carea' id='block_1_31' title="bbox 2142 1636 3727 1723">
    <p class='ocr_par' dir='ltr' id='par_1_31' title="bbox 2142 1636 3727 1723">
     <span class='ocr_line' id='line_1_31' title="bbox 2142 1636 3727 1723; baseline 0.001 -18"><span class='ocrx_word' id='word_1_225' title='bbox 2142 1652 2393 1719; x_wconf 76' lang='grc' dir='ltr'>ἐξουσίας</span> <span class='ocrx_word' id='word_1_226' title='bbox 2424 1653 2500 1717; x_wconf 85' lang='grc' dir='ltr'>ὡς</span> <span class='ocrx_word' id='word_1_227' title='bbox 2555 1653 2626 1707; x_wconf 85' lang='grc' dir='ltr'>τὰ</span> <span class='ocrx_word' id='word_1_228' title='bbox 2658 1636 2833 1707; x_wconf 85' lang='grc' dir='ltr'>πολλᾶ</span> <span class='ocrx_word' id='word_1_229' title='bbox 2890 1653 3036 1723; x_wconf 80' lang='grc' dir='ltr'>φιλεῖ</span> <span class='ocrx_word' id='word_1_230' title='bbox 3065 1652 3508 1723; x_wconf 85' lang='grc' dir='ltr'>διαπράττεσθαι</span> <span class='ocrx_word' id='word_1_231' title='bbox 3533 1669 3547 1684; x_wconf 80' lang='grc' dir='ltr'><strong>ο</strong></span> <span class='ocrx_word' id='word_1_232' title='bbox 3581 1654 3727 1722; x_wconf 81' lang='grc' dir='ltr'>ὅμως</span> 
     </span>
    </p>
   </div>
   <div class='ocr_carea' id='block_1_32' title="bbox 2146 1745 3733 1819">
    <p class='ocr_par' dir='ltr' id='par_1_32' title="bbox 2146 1745 3733 1819">
     <span class='ocr_line' id='line_1_32' title="bbox 2146 1745 3733 1819; baseline 0.001 -22"><span class='ocrx_word' id='word_1_233' title='bbox 2146 1745 2515 1815; x_wconf 70' lang='grc' dir='ltr'>ἰχθύδιά’“τινα</span> <span class='ocrx_word' id='word_1_234' title='bbox 2550 1747 2758 1819; x_wconf 79' lang='grc' dir='ltr'>βραχέα</span> <span class='ocrx_word' id='word_1_235' title='bbox 2792 1746 2862 1801; x_wconf 82' lang='grc' dir='ltr'><strong>τά</strong></span> <span class='ocrx_word' id='word_1_236' title='bbox 2906 1746 3135 1801; x_wconf 79' lang='grc' dir='ltr'>τοιαῦτα</span> <span class='ocrx_word' id='word_1_237' title='bbox 3192 1745 3449 1818; x_wconf 77' lang='grc' dir='ltr'>ἐνόμιζεν</span> <span class='ocrx_word' id='word_1_238' title='bbox 3479 1746 3733 1817; x_wconf 75' lang='grc' dir='ltr'>ἁμαρτή-</span> 
     </span>
    </p>
   </div>
   <div class='ocr_carea' id='block_1_33' title="bbox 460 1821 2046 1909">
    <p class='ocr_par' dir='ltr' id='par_1_33' title="bbox 460 1834 2045 1907">
     <span class='ocr_line' id='line_1_33' title="bbox 460 1834 2045 1907; baseline 0 -18"><span class='ocrx_word' id='word_1_239' title='bbox 460 1837 717 1893; x_wconf 68' lang='lat' dir='ltr'><strong>ricordia:</strong></span> <span class='ocrx_word' id='word_1_240' title='bbox 762 1837 989 1907; x_wconf 75' lang='lat' dir='ltr'><strong>pelagus</strong></span> <span class='ocrx_word' id='word_1_241' title='bbox 1029 1837 1333 1891; x_wconf 87' lang='lat' dir='ltr'><strong>subeuntes</strong></span> <span class='ocrx_word' id='word_1_242' title='bbox 1369 1834 1678 1905; x_wconf 85' lang='lat' dir='ltr'><strong>judicabat.</strong></span> <span class='ocrx_word' id='word_1_243' title='bbox 1723 1835 1959 1890; x_wconf 62' lang='lat' dir='ltr'><strong>l’roinxle</strong></span> <span class='ocrx_word' id='word_1_244' title='bbox 1986 1843 2045 1890; x_wconf 90' lang='lat' dir='ltr'><strong>et</strong></span> 
     </span>
    </p>
   </div>
   <div class='ocr_carea' id='block_1_34' title="bbox 2152 1821 3728 1909">
    <p class='ocr_par' dir='ltr' id='par_1_34' title="bbox 2152 1835 3728 1909">
     <span class='ocr_line' id='line_1_34' title="bbox 2152 1835 3728 1909; baseline -0.001 -18"><span class='ocrx_word' id='word_1_245' title='bbox 2152 1854 2300 1909; x_wconf 88' lang='grc' dir='ltr'>ματα</span> <span class='ocrx_word' id='word_1_246' title='bbox 2325 1839 2382 1902; x_wconf 83' lang='grc' dir='ltr'>ὲς</span> <span class='ocrx_word' id='word_1_247' title='bbox 2402 1838 2464 1892; x_wconf 82' lang='grc' dir='ltr'><strong>τὺ</strong></span> <span class='ocrx_word' id='word_1_248' title='bbox 2497 1840 2639 1909; x_wconf 80' lang='grc' dir='ltr'>μέγα</span> <span class='ocrx_word' id='word_1_249' title='bbox 2682 1839 2919 1908; x_wconf 81' lang='grc' dir='ltr'>πέλαγος</span> <span class='ocrx_word' id='word_1_250' title='bbox 2978 1839 3311 1908; x_wconf 76' lang='grc' dir='ltr'>βυθιζόμενα</span> <span class='ocrx_word' id='word_1_251' title='bbox 3336 1840 3448 1909; x_wconf 59' lang='grc' dir='ltr'>«τῆς</span> <span class='ocrx_word' id='word_1_252' title='bbox 3476 1837 3568 1891; x_wconf 78' lang='grc' dir='ltr'><strong>τοῦ</strong></span> <span class='ocrx_word' id='word_1_253' title='bbox 3597 1835 3728 1890; x_wconf 73' lang='grc' dir='ltr'>Θεοῦ</span> 
     </span>
    </p>
   </div>
   <div class='ocr_carea' id='block_1_35' title="bbox 460 1927 2044 1996">
    <p class='ocr_par' dir='ltr' id='par_1_35' title="bbox 460 1927 2044 1996">
     <span class='ocr_line' id='line_1_35' title="bbox 460 1927 2044 1996; baseline -0.001 -14"><span class='ocrx_word' id='word_1_254' title='bbox 460 1941 567 1983; x_wconf 88' lang='lat' dir='ltr'><strong>noc</strong></span> <span class='ocrx_word' id='word_1_255' title='bbox 607 1943 885 1984; x_wconf 87' lang='lat' dir='ltr'><strong>summum</strong></span> <span class='ocrx_word' id='word_1_256' title='bbox 939 1927 1239 1983; x_wconf 89' lang='lat' dir='ltr'><strong>discrimen</strong></span> <span class='ocrx_word' id='word_1_257' title='bbox 1270 1942 1380 1983; x_wconf 89' lang='lat' dir='ltr'><strong>non</strong></span> <span class='ocrx_word' id='word_1_258' title='bbox 1410 1928 1596 1982; x_wconf 89' lang='lat' dir='ltr'><strong>minus</strong></span> <span class='ocrx_word' id='word_1_259' title='bbox 1636 1941 1800 1996; x_wconf 88' lang='lat' dir='ltr'><strong>quam</strong></span> <span class='ocrx_word' id='word_1_260' title='bbox 1849 1937 2044 1981; x_wconf 66' lang='lat' dir='ltr'><strong>caetera</strong></span> 
     </span>
    </p>
   </div>
   <div class='ocr_carea' id='block_1_36' title="bbox 459 2018 2045 2087">
    <p class='ocr_par' dir='ltr' id='par_1_36' title="bbox 459 2018 2045 2087">
     <span class='ocr_line' id='line_1_36' title="bbox 459 2018 2045 2087; baseline -0.001 -13"><span class='ocrx_word' id='word_1_261' title='bbox 459 2020 787 2075; x_wconf 71' lang='lat' dir='ltr'><strong>mirabiliter</strong></span> <span class='ocrx_word' id='word_1_262' title='bbox 833 2020 1050 2087; x_wconf 84' lang='lat' dir='ltr'><strong>evasit,</strong></span> <span class='ocrx_word' id='word_1_263' title='bbox 1096 2034 1296 2075; x_wconf 90' lang='lat' dir='ltr'><strong>arcana</strong></span> <span class='ocrx_word' id='word_1_264' title='bbox 1344 2018 1440 2075; x_wconf 88' lang='lat' dir='ltr'><strong>Dei</strong></span> <span class='ocrx_word' id='word_1_265' title='bbox 1491 2026 1692 2074; x_wconf 89' lang='lat' dir='ltr'><strong>cuncta</strong></span> <span class='ocrx_word' id='word_1_266' title='bbox 1741 2019 2045 2075; x_wconf 88' lang='lat' dir='ltr'><strong>clementer</strong></span> 
     </span>
    </p>
   </div>
   <div class='ocr_carea' id='block_1_37' title="bbox 459 2111 2045 2184">
    <p class='ocr_par' dir='ltr' id='par_1_37' title="bbox 459 2111 2045 2184">
     <span class='ocr_line' id='line_1_37' title="bbox 459 2111 2045 2184; baseline -0.001 -14"><span class='ocrx_word' id='word_1_267' title='bbox 459 2113 827 2184; x_wconf 82' lang='lat' dir='ltr'><strong>gubernantis</strong></span> <span class='ocrx_word' id='word_1_268' title='bbox 857 2113 1223 2184; x_wconf 87' lang='lat' dir='ltr'><strong>providentia.</strong></span> <span class='ocrx_word' id='word_1_269' title='bbox 1254 2111 1394 2168; x_wconf 88' lang='lat' dir='ltr'><strong>Nam</strong></span> <span class='ocrx_word' id='word_1_270' title='bbox 1431 2111 1741 2168; x_wconf 80' lang='lat' dir='ltr'><strong>Alexander</strong></span> <span class='ocrx_word' id='word_1_271' title='bbox 1775 2113 2045 2184; x_wconf 89' lang='lat' dir='ltr'><strong>postridie</strong></span> 
     </span>
    </p>
   </div>
   <div class='ocr_carea' id='block_1_38' title="bbox 460 2203 2045 2276">
    <p class='ocr_par' dir='ltr' id='par_1_38' title="bbox 460 2203 2045 2276">
     <span class='ocr_line' id='line_1_38' title="bbox 460 2203 2045 2276; baseline 0 -15"><span class='ocrx_word' id='word_1_272' title='bbox 460 2207 606 2262; x_wconf 87' lang='lat' dir='ltr'><strong>ultro</strong></span> <span class='ocrx_word' id='word_1_273' title='bbox 638 2206 786 2261; x_wconf 90' lang='lat' dir='ltr'><strong>illius</strong></span> <span class='ocrx_word' id='word_1_274' title='bbox 828 2206 1090 2261; x_wconf 88' lang='lat' dir='ltr'><strong>misertus</strong></span> <span class='ocrx_word' id='word_1_275' title='bbox 1116 2214 1171 2261; x_wconf 92' lang='lat' dir='ltr'><strong>et</strong></span> <span class='ocrx_word' id='word_1_276' title='bbox 1195 2203 1555 2275; x_wconf 81' lang='lat' dir='ltr'><strong>humanitatis</strong></span> <span class='ocrx_word' id='word_1_277' title='bbox 1601 2219 1767 2261; x_wconf 90' lang='lat' dir='ltr'><strong>sensu</strong></span> <span class='ocrx_word' id='word_1_278' title='bbox 1805 2205 2045 2276; x_wconf 84' lang='lat' dir='ltr'><strong>quodam</strong></span> 
     </span>
    </p>
   </div>
   <div class='ocr_carea' id='block_1_39' title="bbox 460 2294 2048 2366">
    <p class='ocr_par' dir='ltr' id='par_1_39' title="bbox 460 2294 2048 2366">
     <span class='ocr_line' id='line_1_39' title="bbox 460 2294 2048 2366; baseline -0.001 -15"><span class='ocrx_word' id='word_1_279' title='bbox 460 2297 754 2352; x_wconf 83' lang='lat' dir='ltr'><strong>instinctus</strong></span> <span class='ocrx_word' id='word_1_280' title='bbox 802 2310 992 2366; x_wconf 84' lang='lat' dir='ltr'><strong>pacem</strong></span> <span class='ocrx_word' id='word_1_281' title='bbox 1028 2295 1106 2350; x_wconf 85' lang='lat' dir='ltr'><strong>illi</strong></span> <span class='ocrx_word' id='word_1_282' title='bbox 1145 2294 1447 2359; x_wconf 84' lang='lat' dir='ltr'><strong>obtulitct</strong></span> <span class='ocrx_word' id='word_1_283' title='bbox 1481 2309 1607 2349; x_wconf 92' lang='lat' dir='ltr'><strong>cum</strong></span> <span class='ocrx_word' id='word_1_284' title='bbox 1654 2295 1900 2349; x_wconf 87' lang='lat' dir='ltr'><strong>exercitu</strong></span> <span class='ocrx_word' id='word_1_285' title='bbox 1948 2296 2048 2349; x_wconf 88' lang='lat' dir='ltr'><strong>do-</strong></span> 
     </span>
    </p>
   </div>
   <div class='ocr_carea' id='block_1_40' title="bbox 464 2384 2047 2454">
    <p class='ocr_par' dir='ltr' id='par_1_40' title="bbox 464 2384 2047 2454">
     <span class='ocr_line' id='line_1_40' title="bbox 464 2384 2047 2454; baseline -0.001 -13"><span class='ocrx_word' id='word_1_286' title='bbox 464 2401 613 2441; x_wconf 87' lang='lat' dir='ltr'><strong>mum</strong></span> <span class='ocrx_word' id='word_1_287' title='bbox 654 2385 857 2449; x_wconf 89' lang='lat' dir='ltr'><strong>redire,</strong></span> <span class='ocrx_word' id='word_1_288' title='bbox 896 2385 1036 2439; x_wconf 81' lang='lat' dir='ltr'><strong>facta</strong></span> <span class='ocrx_word' id='word_1_289' title='bbox 1078 2384 1503 2453; x_wconf 88' lang='lat' dir='ltr'><strong>compositione,</strong></span> <span class='ocrx_word' id='word_1_290' title='bbox 1535 2398 1731 2454; x_wconf 90' lang='lat' dir='ltr'><strong>passus</strong></span> <span class='ocrx_word' id='word_1_291' title='bbox 1769 2393 1874 2452; x_wconf 87' lang='lat' dir='ltr'><strong>est,</strong></span> <span class='ocrx_word' id='word_1_292' title='bbox 1910 2384 2047 2439; x_wconf 82' lang='lat' dir='ltr'><strong>bor-</strong></span> 
     </span>
    </p>
   </div>
   <div class='ocr_carea' id='block_1_41' title="bbox 460 2475 2055 2547">
    <p class='ocr_par' dir='ltr' id='par_1_41' title="bbox 460 2475 2055 2547">
     <span class='ocr_line' id='line_1_41' title="bbox 460 2475 2055 2547; baseline -0.001 -14"><span class='ocrx_word' id='word_1_293' title='bbox 460 2486 651 2545; x_wconf 87' lang='lat' dir='ltr'><strong>tatus,</strong></span> <span class='ocrx_word' id='word_1_294' title='bbox 703 2487 766 2533; x_wconf 90' lang='lat' dir='ltr'><strong>ut</strong></span> <span class='ocrx_word' id='word_1_295' title='bbox 814 2475 1153 2532; x_wconf 86' lang='lat' dir='ltr'><strong>moderatior</strong></span> <span class='ocrx_word' id='word_1_296' title='bbox 1205 2485 1353 2533; x_wconf 90' lang='lat' dir='ltr'><strong>esset</strong></span> <span class='ocrx_word' id='word_1_297' title='bbox 1404 2477 1461 2532; x_wconf 90' lang='lat' dir='ltr'><strong>in</strong></span> <span class='ocrx_word' id='word_1_298' title='bbox 1507 2487 1816 2547; x_wconf 89' lang='lat' dir='ltr'><strong>posterum.</strong></span> <span class='ocrx_word' id='word_1_299' title='bbox 1877 2475 2055 2533; x_wconf 88' lang='lat' dir='ltr'><strong>Unius</strong></span> 
     </span>
    </p>
   </div>
   <div class='ocr_carea' id='block_1_42' title="bbox 459 2564 2050 2639">
    <p class='ocr_par' dir='ltr' id='par_1_42' title="bbox 459 2564 2050 2639">
     <span class='ocr_line' id='line_1_42' title="bbox 459 2564 2050 2639; baseline -0.001 -16"><span class='ocrx_word' id='word_1_300' title='bbox 459 2567 611 2624; x_wconf 81' lang='lat' dir='ltr'><strong>enim</strong></span> <span class='ocrx_word' id='word_1_301' title='bbox 660 2564 793 2622; x_wconf 83' lang='lat' dir='ltr'><strong>anni</strong></span> <span class='ocrx_word' id='word_1_302' title='bbox 839 2575 1080 2635; x_wconf 87' lang='lat' dir='ltr'><strong>quatuor</strong></span> <span class='ocrx_word' id='word_1_303' title='bbox 1128 2580 1251 2621; x_wconf 87' lang='lat' dir='ltr'><strong>esse</strong></span> <span class='ocrx_word' id='word_1_304' title='bbox 1302 2574 1572 2637; x_wconf 88' lang='lat' dir='ltr'><strong>tempora,</strong></span> <span class='ocrx_word' id='word_1_305' title='bbox 1621 2575 1678 2639; x_wconf 87' lang='lat' dir='ltr'><strong>et</strong></span> <span class='ocrx_word' id='word_1_306' title='bbox 1723 2566 1888 2637; x_wconf 86' lang='lat' dir='ltr'><strong>paulo</strong></span> <span class='ocrx_word' id='word_1_307' title='bbox 1929 2579 2050 2621; x_wconf 88' lang='lat' dir='ltr'><strong>mo-</strong></span> 
     </span>
    </p>
   </div>
   <div class='ocr_carea' id='block_1_43' title="bbox 461 2656 2051 2716">
    <p class='ocr_par' dir='ltr' id='par_1_43' title="bbox 461 2656 2051 2716">
     <span class='ocr_line' id='line_1_43' title="bbox 461 2656 2051 2716; baseline 0.001 -2"><span class='ocrx_word' id='word_1_308' title='bbox 461 2668 651 2714; x_wconf 88' lang='lat' dir='ltr'><strong>mento</strong></span> <span class='ocrx_word' id='word_1_309' title='bbox 683 2659 948 2714; x_wconf 87' lang='lat' dir='ltr'><strong>maximas</strong></span> <span class='ocrx_word' id='word_1_310' title='bbox 981 2656 1228 2713; x_wconf 87' lang='lat' dir='ltr'><strong>incidere</strong></span> <span class='ocrx_word' id='word_1_311' title='bbox 1250 2667 1437 2714; x_wconf 85' lang='lat' dir='ltr'><strong>rerum</strong></span> <span class='ocrx_word' id='word_1_312' title='bbox 1482 2659 1837 2716; x_wconf 89' lang='lat' dir='ltr'><strong>mutationes.</strong></span> <span class='ocrx_word' id='word_1_313' title='bbox 1868 2658 2051 2715; x_wconf 86' lang='lat' dir='ltr'><strong>Inter-</strong></span> 
     </span>
    </p>
   </div>
   <div class='ocr_carea' id='block_1_44' title="bbox 402 2750 1461 2821">
    <p class='ocr_par' dir='ltr' id='par_1_44' title="bbox 402 2750 1461 2821">
     <span class='ocr_line' id='line_1_44' title="bbox 402 2750 1461 2821; baseline 0.004 -18"><span class='ocrx_word' id='word_1_314' title='bbox 402 2795 408 2801; x_wconf 91' lang='lat'><strong>.</strong></span> <span class='ocrx_word' id='word_1_315' title='bbox 462 2765 527 2805; x_wconf 88' lang='lat' dir='ltr'><strong>ea</strong></span> <span class='ocrx_word' id='word_1_316' title='bbox 562 2750 653 2805; x_wconf 90' lang='lat' dir='ltr'><strong>illa</strong></span> <span class='ocrx_word' id='word_1_317' title='bbox 688 2764 908 2821; x_wconf 83' lang='lat' dir='ltr'><strong>quoque</strong></span> <span class='ocrx_word' id='word_1_318' title='bbox 936 2760 1097 2808; x_wconf 68' lang='lat' dir='ltr'><strong>aestas</strong></span> <span class='ocrx_word' id='word_1_319' title='bbox 1133 2760 1320 2807; x_wconf 86' lang='lat' dir='ltr'><strong>exacta</strong></span> <span class='ocrx_word' id='word_1_320' title='bbox 1355 2761 1461 2807; x_wconf 90' lang='lat' dir='ltr'><strong>est.</strong></span> 
     </span>
    </p>
   </div>
   <div class='ocr_carea' id='block_1_45' title="bbox 2151 1931 3726 2003">
    <p class='ocr_par' dir='ltr' id='par_1_45' title="bbox 2151 1931 3726 2003">
     <span class='ocr_line' id='line_1_45' title="bbox 2151 1931 3726 2003; baseline -0.001 -18"><span class='ocrx_word' id='word_1_321' title='bbox 2151 1931 2588 2003; x_wconf 71' lang='grc' dir='ltr'>φιλανθρωπίας.</span> <span class='ocrx_word' id='word_1_322' title='bbox 2619 1931 2710 1985; x_wconf 76' lang='grc' dir='ltr'><strong>Διὸ</strong></span> <span class='ocrx_word' id='word_1_323' title='bbox 2736 1932 2832 1985; x_wconf 70' lang='grc' dir='ltr'><strong>καὶ</strong></span> <span class='ocrx_word' id='word_1_324' title='bbox 2855 1933 3056 2002; x_wconf 86' lang='grc' dir='ltr'>ὁμοίως</span> <span class='ocrx_word' id='word_1_325' title='bbox 3081 1934 3204 1995; x_wconf 83' lang='grc' dir='ltr'>ταῖς</span> <span class='ocrx_word' id='word_1_326' title='bbox 3237 1931 3432 1996; x_wconf 76' lang='grc' dir='ltr'>ἄλλαις</span> <span class='ocrx_word' id='word_1_327' title='bbox 3467 1931 3726 2001; x_wconf 84' lang='grc' dir='ltr'>περιστά-</span> 
     </span>
    </p>
   </div>
   <div class='ocr_carea' id='block_1_46' title="bbox 2154 2019 3726 2094">
    <p class='ocr_par' dir='ltr' id='par_1_46' title="bbox 2154 2019 3726 2094">
     <span class='ocr_line' id='line_1_46' title="bbox 2154 2019 3726 2094; baseline -0.004 -17"><span class='ocrx_word' id='word_1_328' title='bbox 2154 2039 2275 2077; x_wconf 90' lang='grc' dir='ltr'>σεσι</span> <span class='ocrx_word' id='word_1_329' title='bbox 2310 2024 2407 2077; x_wconf 77' lang='grc' dir='ltr'><strong>καὶ</strong></span> <span class='ocrx_word' id='word_1_330' title='bbox 2437 2022 2538 2094; x_wconf 80' lang='grc' dir='ltr'>τὴν</span> <span class='ocrx_word' id='word_1_331' title='bbox 2588 2021 2972 2092; x_wconf 82' lang='grc' dir='ltr'>ἀπαράμιλλον</span> <span class='ocrx_word' id='word_1_332' title='bbox 3000 2020 3207 2091; x_wconf 80' lang='grc' dir='ltr'>ταύτην</span> <span class='ocrx_word' id='word_1_333' title='bbox 3240 2019 3563 2090; x_wconf 74' lang='grc' dir='ltr'>παραδόξως</span> <span class='ocrx_word' id='word_1_334' title='bbox 3594 2021 3726 2071; x_wconf 84' lang='grc' dir='ltr'>ἀπε-</span> 
     </span>
    </p>
   </div>
   <div class='ocr_carea' id='block_1_47' title="bbox 2152 2109 3730 2189">
    <p class='ocr_par' dir='ltr' id='par_1_47' title="bbox 2152 2109 3730 2189">
     <span class='ocr_line' id='line_1_47' title="bbox 2152 2109 3730 2189; baseline -0.006 -18"><span class='ocrx_word' id='word_1_335' title='bbox 2152 2116 2446 2189; x_wconf 87' lang='grc' dir='ltr'>κρούσατο,</span> <span class='ocrx_word' id='word_1_336' title='bbox 2480 2116 2781 2187; x_wconf 71' lang='grc' dir='ltr'>ἀπορρήτῳ</span> <span class='ocrx_word' id='word_1_337' title='bbox 2825 2110 3136 2186; x_wconf 70' lang='grc' dir='ltr'>προμηθείᾳ</span> <span class='ocrx_word' id='word_1_338' title='bbox 3188 2109 3283 2165; x_wconf 81' lang='grc' dir='ltr'><strong>τοῦ</strong></span> <span class='ocrx_word' id='word_1_339' title='bbox 3320 2111 3500 2166; x_wconf 83' lang='grc' dir='ltr'>πάντα</span> <span class='ocrx_word' id='word_1_340' title='bbox 3548 2110 3730 2178; x_wconf 77' lang='grc' dir='ltr'>φιλαν-</span> 
     </span>
    </p>
   </div>
   <div class='ocr_carea' id='block_1_48' title="bbox 2153 2206 3731 2280">
    <p class='ocr_par' dir='ltr' id='par_1_48' title="bbox 2153 2206 3731 2280">
     <span class='ocr_line' id='line_1_48' title="bbox 2153 2206 3731 2280; baseline -0.001 -17"><span class='ocrx_word' id='word_1_341' title='bbox 2153 2209 2390 2280; x_wconf 86' lang='grc' dir='ltr'>θρώπως</span> <span class='ocrx_word' id='word_1_342' title='bbox 2420 2208 2833 2278; x_wconf 83' lang='grc' dir='ltr'>οίκονομοῦντος</span> <span class='ocrx_word' id='word_1_343' title='bbox 2852 2206 3010 2261; x_wconf 82' lang='grc' dir='ltr'>Θεοῦ.</span> <span class='ocrx_word' id='word_1_344' title='bbox 3047 2207 3276 2262; x_wconf 81' lang='grc' dir='ltr'>Οίκοθεν</span> <span class='ocrx_word' id='word_1_345' title='bbox 3299 2207 3414 2279; x_wconf 81' lang='grc' dir='ltr'>γὰρ</span> <span class='ocrx_word' id='word_1_346' title='bbox 3446 2208 3542 2263; x_wconf 80' lang='grc' dir='ltr'>καὶ</span> <span class='ocrx_word' id='word_1_347' title='bbox 3587 2206 3731 2262; x_wconf 74' lang='grc' dir='ltr'><strong>Ἀλέ-</strong></span> 
     </span>
    </p>
   </div>
   <div class='ocr_carea' id='block_1_49' title="bbox 2155 2296 3731 2373">
    <p class='ocr_par' dir='ltr' id='par_1_49' title="bbox 2155 2296 3731 2373">
     <span class='ocr_line' id='line_1_49' title="bbox 2155 2296 3731 2373; baseline 0.001 -19"><span class='ocrx_word' id='word_1_348' title='bbox 2155 2301 2379 2373; x_wconf 81' lang='grc' dir='ltr'>ξανδρος</span> <span class='ocrx_word' id='word_1_349' title='bbox 2409 2301 2469 2364; x_wconf 77' lang='grc' dir='ltr'>ἐς</span> <span class='ocrx_word' id='word_1_350' title='bbox 2497 2301 2595 2372; x_wconf 78' lang='grc' dir='ltr'>τὴν</span> <span class='ocrx_word' id='word_1_351' title='bbox 2627 2300 2925 2371; x_wconf 79' lang='grc' dir='ltr'>ὑστεραίαν</span> <span class='ocrx_word' id='word_1_352' title='bbox 2953 2300 3035 2363; x_wconf 77' lang='grc' dir='ltr'>εἰς</span> <span class='ocrx_word' id='word_1_353' title='bbox 3063 2296 3246 2354; x_wconf 75' lang='grc' dir='ltr'>οἶκτον</span> <span class='ocrx_word' id='word_1_354' title='bbox 3269 2299 3368 2354; x_wconf 74' lang='grc' dir='ltr'><strong>ἰὼν</strong></span> <span class='ocrx_word' id='word_1_355' title='bbox 3398 2302 3493 2356; x_wconf 75' lang='grc' dir='ltr'><strong>καὶ</strong></span> <span class='ocrx_word' id='word_1_356' title='bbox 3520 2299 3731 2372; x_wconf 81' lang='grc' dir='ltr'>συμπά-</span> 
     </span>
    </p>
   </div>
   <div class='ocr_carea' id='block_1_50' title="bbox 2154 2391 3730 2464">
    <p class='ocr_par' dir='ltr' id='par_1_50' title="bbox 2154 2391 3730 2464">
     <span class='ocr_line' id='line_1_50' title="bbox 2154 2391 3730 2464; baseline -0.001 -17"><span class='ocrx_word' id='word_1_357' title='bbox 2154 2392 2327 2459; x_wconf 87' lang='grc' dir='ltr'>θειαν,</span> <span class='ocrx_word' id='word_1_358' title='bbox 2358 2392 2583 2464; x_wconf 75' lang='grc' dir='ltr'>πέμψας</span> <span class='ocrx_word' id='word_1_359' title='bbox 2610 2391 2688 2463; x_wconf 78' lang='grc' dir='ltr'><strong>τῷ</strong></span> <span class='ocrx_word' id='word_1_360' title='bbox 2721 2392 2936 2462; x_wconf 86' lang='grc' dir='ltr'>βασιλεί</span> <span class='ocrx_word' id='word_1_361' title='bbox 2967 2391 3172 2458; x_wconf 84' lang='grc' dir='ltr'>δεξιὰν,</span> <span class='ocrx_word' id='word_1_362' title='bbox 3221 2393 3441 2463; x_wconf 82' lang='grc' dir='ltr'>ἀφῆκεν</span> <span class='ocrx_word' id='word_1_363' title='bbox 3467 2393 3730 2447; x_wconf 66' lang='grc' dir='ltr'>ὑπόσπον-</span> 
     </span>
    </p>
   </div>
   <div class='ocr_carea' id='block_1_51' title="bbox 2149 2474 3728 2559">
    <p class='ocr_par' dir='ltr' id='par_1_51' title="bbox 2149 2474 3728 2559">
     <span class='ocr_line' id='line_1_51' title="bbox 2149 2474 3728 2559; baseline 0.001 -21"><span class='ocrx_word' id='word_1_364' title='bbox 2149 2474 2238 2538; x_wconf 86' lang='grc' dir='ltr'><strong>δον</strong></span> <span class='ocrx_word' id='word_1_365' title='bbox 2261 2483 2440 2538; x_wconf 84' lang='grc' dir='ltr'>οῐκαδε</span> <span class='ocrx_word' id='word_1_366' title='bbox 2464 2483 2793 2556; x_wconf 85' lang='grc' dir='ltr'>πορεύεσθαι</span> <span class='ocrx_word' id='word_1_367' title='bbox 2818 2483 2912 2551; x_wconf 82' lang='grc' dir='ltr'>ξύν</span> <span class='ocrx_word' id='word_1_368' title='bbox 2936 2501 3001 2559; x_wconf 85' lang='grc' dir='ltr'><strong>γε</strong></span> <span class='ocrx_word' id='word_1_369' title='bbox 3016 2484 3096 2554; x_wconf 86' lang='grc' dir='ltr'>τῷ</span> <span class='ocrx_word' id='word_1_370' title='bbox 3121 2486 3497 2555; x_wconf 83' lang='grc' dir='ltr'>στρατοπέδῳ,</span> <span class='ocrx_word' id='word_1_371' title='bbox 3517 2502 3728 2555; x_wconf 81' lang='grc' dir='ltr'>παραγ·</span> 
     </span>
    </p>
   </div>
   <div class='ocr_carea' id='block_1_52' title="bbox 2149 2569 3728 2648">
    <p class='ocr_par' dir='ltr' id='par_1_52' title="bbox 2149 2569 3728 2648">
     <span class='ocr_line' id='line_1_52' title="bbox 2149 2569 3728 2648; baseline 0 -21"><span class='ocrx_word' id='word_1_372' title='bbox 2149 2573 2338 2644; x_wconf 85' lang='grc' dir='ltr'>γείλας</span> <span class='ocrx_word' id='word_1_373' title='bbox 2394 2575 2767 2648; x_wconf 86' lang='grc' dir='ltr'>μετριώτερον</span> <span class='ocrx_word' id='word_1_374' title='bbox 2826 2572 2967 2628; x_wconf 72' lang='grc' dir='ltr'>εἶναι</span> <span class='ocrx_word' id='word_1_375' title='bbox 3015 2573 3112 2629; x_wconf 82' lang='grc' dir='ltr'>τοῦ</span> <span class='ocrx_word' id='word_1_376' title='bbox 3159 2572 3374 2628; x_wconf 83' lang='grc' dir='ltr'>λοιποῦ.</span> <span class='ocrx_word' id='word_1_377' title='bbox 3416 2592 3436 2627; x_wconf 75' lang='grc' dir='ltr'><strong>ι</strong></span> <span class='ocrx_word' id='word_1_378' title='bbox 3476 2569 3572 2637; x_wconf 76' lang='grc' dir='ltr'><strong>Εἷς</strong></span> <span class='ocrx_word' id='word_1_379' title='bbox 3604 2575 3728 2643; x_wconf 69' lang='grc' dir='ltr'>γὰρ,</span> 
     </span>
    </p>
   </div>
   <div class='ocr_carea' id='block_1_53' title="bbox 2150 2666 3727 2741">
    <p class='ocr_par' dir='ltr' id='par_1_53' title="bbox 2150 2666 3727 2741">
     <span class='ocr_line' id='line_1_53' title="bbox 2150 2666 3727 2741; baseline -0.002 -19"><span class='ocrx_word' id='word_1_380' title='bbox 2150 2669 2340 2740; x_wconf 62' lang='grc' dir='ltr'>φησιν,</span> <span class='ocrx_word' id='word_1_381' title='bbox 2377 2670 2630 2731; x_wconf 72' lang='grc' dir='ltr'>ἐνιαυτὸς</span> <span class='ocrx_word' id='word_1_382' title='bbox 2652 2669 2926 2740; x_wconf 77' lang='grc' dir='ltr'>τέσσαρας</span> <span class='ocrx_word' id='word_1_383' title='bbox 2956 2666 3107 2739; x_wconf 83' lang='grc' dir='ltr'>ὥρας</span> <span class='ocrx_word' id='word_1_384' title='bbox 3125 2668 3281 2739; x_wconf 80' lang='grc' dir='ltr'>φέρει</span> <span class='ocrx_word' id='word_1_385' title='bbox 3299 2669 3401 2723; x_wconf 77' lang='grc' dir='ltr'>καὶ</span> <span class='ocrx_word' id='word_1_386' title='bbox 3419 2670 3520 2741; x_wconf 83' lang='grc' dir='ltr'><strong>μία</strong></span> <span class='ocrx_word' id='word_1_387' title='bbox 3542 2667 3727 2737; x_wconf 75' lang='grc' dir='ltr'>καιροῦ</span> 
     </span>
    </p>
   </div>
   <div class='ocr_carea' id='block_1_54' title="bbox 2152 2761 3728 2837">
    <p class='ocr_par' dir='ltr' id='par_1_54' title="bbox 2152 2761 3728 2837">
     <span class='ocr_line' id='line_1_54' title="bbox 2152 2761 3728 2837; baseline -0.001 -20"><span class='ocrx_word' id='word_1_388' title='bbox 2152 2762 2294 2837; x_wconf 77' lang='grc' dir='ltr'>ῥοπὴ</span> <span class='ocrx_word' id='word_1_389' title='bbox 2318 2762 2520 2827; x_wconf 78' lang='grc' dir='ltr'>πολλάς</span> <span class='ocrx_word' id='word_1_390' title='bbox 2541 2761 2886 2832; x_wconf 81' lang='grc' dir='ltr'>πραγμάτων</span> <span class='ocrx_word' id='word_1_391' title='bbox 2906 2762 3233 2832; x_wconf 82' lang='grc' dir='ltr'>μεταϐολάς.</span> <span class='ocrx_word' id='word_1_392' title='bbox 3260 2781 3280 2815; x_wconf 74' lang='grc' dir='ltr'><strong>ι</strong></span> <span class='ocrx_word' id='word_1_393' title='bbox 3320 2762 3416 2816; x_wconf 85' lang='grc' dir='ltr'>Ἐν</span> <span class='ocrx_word' id='word_1_394' title='bbox 3441 2762 3499 2817; x_wconf 73' lang='grc' dir='ltr'>δὲ</span> <span class='ocrx_word' id='word_1_395' title='bbox 3529 2762 3728 2825; x_wconf 60' lang='lat' dir='ltr'><strong>imitat;</strong></span> 
     </span>
    </p>
   </div>
   <div class='ocr_carea' id='block_1_55' title="bbox 2128 2853 3028 2926">
    <p class='ocr_par' dir='ltr' id='par_1_55' title="bbox 2128 2853 3028 2926">
     <span class='ocr_line' id='line_1_55' title="bbox 2128 2853 3028 2926; baseline -0.003 -13"><span class='ocrx_word' id='word_1_396' title='bbox 2128 2853 2246 2913; x_wconf 66' lang='grc' dir='ltr'>,καὶ</span> <span class='ocrx_word' id='word_1_397' title='bbox 2277 2854 2338 2909; x_wconf 80' lang='grc' dir='ltr'>τὸ</span> <span class='ocrx_word' id='word_1_398' title='bbox 2363 2856 2539 2926; x_wconf 76' lang='grc' dir='ltr'>παρὸν</span> <span class='ocrx_word' id='word_1_399' title='bbox 2561 2853 2822 2912; x_wconf 71' lang='grc' dir='ltr'>ἐτελεύτα</span> <span class='ocrx_word' id='word_1_400' title='bbox 2849 2853 3028 2926; x_wconf 81' lang='grc' dir='ltr'>θέρος.</span> 
     </span>
    </p>
   </div>
   <div class='ocr_carea' id='block_1_56' title="bbox 1929 2984 2269 3045">
    <p class='ocr_par' dir='ltr' id='par_1_56' title="bbox 1929 2984 2269 3045">
     <span class='ocr_line' id='line_1_56' title="bbox 1929 2984 2269 3045; baseline 0 -2"><span class='ocrx_word' id='word_1_401' title='bbox 1929 2984 2159 3045; x_wconf 79' lang='lat' dir='ltr'><strong>CAPUT</strong></span> <span class='ocrx_word' id='word_1_402' title='bbox 2203 2985 2269 3043; x_wconf 83' lang='lat' dir='ltr'><strong>V.</strong></span> 
     </span>
    </p>
   </div>
   <div class='ocr_carea' id='block_1_57' title="bbox 463 3098 3729 3182">
    <p class='ocr_par' dir='ltr' id='par_1_57' title="bbox 463 3098 3729 3182">
     <span class='ocr_line' id='line_1_57' title="bbox 463 3098 3729 3182; baseline 0.001 -18"><span class='ocrx_word' id='word_1_403' title='bbox 463 3098 921 3182; x_wconf 43' lang='lat' dir='ltr'><strong>Syrgiannetcur</strong></span> <span class='ocrx_word' id='word_1_404' title='bbox 950 3116 1246 3182; x_wconf 59' lang='lat' dir='ltr'><strong>suspectas.</strong></span> <span class='ocrx_word' id='word_1_405' title='bbox 1289 3108 1452 3182; x_wconf 62' lang='lat' dir='ltr'><strong>Ligur:</strong></span> <span class='ocrx_word' id='word_1_406' title='bbox 1498 3105 2149 3182; x_wconf 38' lang='lat' dir='ltr'><strong>majestatis&#39;accnsa‘tur</strong></span> <span class='ocrx_word' id='word_1_407' title='bbox 2176 3109 2624 3182; x_wconf 12' lang='lat' dir='ltr'><strong>arZamplacone.</strong></span> <span class='ocrx_word' id='word_1_408' title='bbox 2684 3109 2809 3167; x_wconf 82' lang='lat' dir='ltr'><strong>Non</strong></span> <span class='ocrx_word' id='word_1_409' title='bbox 2866 3112 3214 3168; x_wconf 77' lang='lat' dir='ltr'><strong>convincitur.</strong></span> <span class='ocrx_word' id='word_1_410' title='bbox 3257 3110 3433 3168; x_wconf 68' lang='lat' dir='ltr'><strong>Vade:</strong></span> <span class='ocrx_word' id='word_1_411' title='bbox 3462 3114 3591 3168; x_wconf 77' lang='lat' dir='ltr'><strong>dare</strong></span> <span class='ocrx_word' id='word_1_412' title='bbox 3632 3128 3729 3166; x_wconf 81' lang='lat' dir='ltr'><strong>non</strong></span> 
     </span>
    </p>
   </div>
   <div class='ocr_carea' id='block_1_58' title="bbox 537 3176 3729 3251">
    <p class='ocr_par' dir='ltr' id='par_1_58' title="bbox 537 3176 3729 3251">
     <span class='ocr_line' id='line_1_58' title="bbox 537 3176 3729 3251; baseline 0.001 -18"><span class='ocrx_word' id='word_1_413' title='bbox 537 3176 747 3251; x_wconf 74' lang='lat' dir='ltr'><strong>potest._</strong></span> <span class='ocrx_word' id='word_1_414' title='bbox 768 3176 955 3251; x_wconf 80' lang='lat' dir='ltr'><strong>Fugit.</strong></span> <span class='ocrx_word' id='word_1_415' title='bbox 988 3176 1206 3251; x_wconf 69' lang='lat' dir='ltr'><strong>Litteris</strong></span> <span class='ocrx_word' id='word_1_416' title='bbox 1233 3193 1296 3232; x_wconf 79' lang='lat' dir='ltr'><strong>ea:</strong></span> <span class='ocrx_word' id='word_1_417' title='bbox 1326 3177 1524 3233; x_wconf 72' lang='lat' dir='ltr'><strong>Eubwa</strong></span> <span class='ocrx_word' id='word_1_418' title='bbox 1552 3176 1930 3251; x_wconf 64' lang='lat' dir='ltr'><strong>dntispeniam</strong></span> <span class='ocrx_word' id='word_1_419' title='bbox 1978 3181 2107 3250; x_wconf 79' lang='lat' dir='ltr'><strong>petit</strong></span> <span class='ocrx_word' id='word_1_420' title='bbox 2130 3190 2179 3233; x_wconf 78' lang='lat' dir='ltr'><strong>et</strong></span> <span class='ocrx_word' id='word_1_421' title='bbox 2212 3176 2409 3248; x_wconf 70' lang='lat' dir='ltr'><strong>(octoni,</strong></span> <span class='ocrx_word' id='word_1_422' title='bbox 2440 3183 2629 3251; x_wconf 26' lang='lat' dir='ltr'><strong>inAquo</strong></span> <span class='ocrx_word' id='word_1_423' title='bbox 2659 3199 2779 3237; x_wconf 83' lang='lat' dir='ltr'><strong>cum</strong></span> <span class='ocrx_word' id='word_1_424' title='bbox 2822 3185 2934 3238; x_wconf 76' lang='lat' dir='ltr'><strong>suis</strong></span> <span class='ocrx_word' id='word_1_425' title='bbox 2961 3185 3237 3240; x_wconf 77' lang='lat' dir='ltr'><strong>consistat.</strong></span> <span class='ocrx_word' id='word_1_426' title='bbox 3294 3184 3440 3239; x_wconf 80' lang='lat' dir='ltr'><strong>Aula</strong></span> <span class='ocrx_word' id='word_1_427' title='bbox 3467 3187 3516 3243; x_wconf 76' lang='lat' dir='ltr'><strong>ei</strong></span> <span class='ocrx_word' id='word_1_428' title='bbox 3561 3185 3729 3238; x_wconf 80' lang='lat' dir='ltr'><strong>minus</strong></span> 
     </span>
    </p>
   </div>
   <div class='ocr_carea' id='block_1_59' title="bbox 540 3246 3728 3324">
    <p class='ocr_par' dir='ltr' id='par_1_59' title="bbox 540 3246 3728 3324">
     <span class='ocr_line' id='line_1_59' title="bbox 540 3246 3728 3324; baseline 0.002 -22"><span class='ocrx_word' id='word_1_429' title='bbox 540 3246 678 3324; x_wconf 62' lang='lat' dir='ltr'><strong>tnta.</strong></span> <span class='ocrx_word' id='word_1_430' title='bbox 710 3246 1106 3324; x_wconf 62' lang='lat' dir='ltr'><strong>lusjttrnndum</strong></span> <span class='ocrx_word' id='word_1_431' title='bbox 1152 3249 1216 3301; x_wconf 77' lang='lat' dir='ltr'><strong>ab</strong></span> <span class='ocrx_word' id='word_1_432' title='bbox 1246 3263 1308 3302; x_wconf 88' lang='lat' dir='ltr'><strong>eo</strong></span> <span class='ocrx_word' id='word_1_433' title='bbox 1353 3251 1615 3303; x_wconf 79' lang='lat' dir='ltr'><strong>oblatum.</strong></span> <span class='ocrx_word' id='word_1_434' title='bbox 1674 3249 1798 3303; x_wconf 86' lang='lat' dir='ltr'><strong>Non</strong></span> <span class='ocrx_word' id='word_1_435' title='bbox 1840 3246 2131 3320; x_wconf 73' lang='lat' dir='ltr'><strong>impetrata</strong></span> <span class='ocrx_word' id='word_1_436' title='bbox 2181 3254 2337 3307; x_wconf 68' lang='lat' dir='ltr'><strong>verzia</strong></span> <span class='ocrx_word' id='word_1_437' title='bbox 2378 3246 2447 3306; x_wconf 78' lang='lat' dir='ltr'><strong>nd</strong></span> <span class='ocrx_word' id='word_1_438' title='bbox 2479 3246 2698 3307; x_wconf 64' lang='lat' dir='ltr'><strong>Cialem</strong></span> <span class='ocrx_word' id='word_1_439' title='bbox 2750 3257 2966 3309; x_wconf 79' lang='lat' dir='ltr'><strong>transit.</strong></span> <span class='ocrx_word' id='word_1_440' title='bbox 3026 3254 3093 3308; x_wconf 82' lang='lat' dir='ltr'><strong>Ei</strong></span> <span class='ocrx_word' id='word_1_441' title='bbox 3143 3255 3479 3324; x_wconf 74' lang='lat' dir='ltr'><strong>gratissimus</strong></span> <span class='ocrx_word' id='word_1_442' title='bbox 3507 3255 3728 3311; x_wconf 71' lang='lat' dir='ltr'><strong>advenit.</strong></span> 
     </span>
    </p>
   </div>
   <div class='ocr_carea' id='block_1_60' title="bbox 538 3317 1084 3389">
    <p class='ocr_par' dir='ltr' id='par_1_60' title="bbox 538 3317 1084 3389">
     <span class='ocr_line' id='line_1_60' title="bbox 538 3317 1084 3389; baseline 0.002 -19"><span class='ocrx_word' id='word_1_443' title='bbox 538 3317 745 3389; x_wconf 76' lang='lat' dir='ltr'><strong>Magna</strong></span> <span class='ocrx_word' id='word_1_444' title='bbox 777 3317 1084 3389; x_wconf 62' lang='lat' dir='ltr'><strong>pollicetur.</strong></span> 
     </span>
    </p>
   </div>
   <div class='ocr_carea' id='block_1_61' title="bbox 537 3430 2046 3510">
    <p class='ocr_par' dir='ltr' id='par_1_61' title="bbox 537 3430 2046 3504">
     <span class='ocr_line' id='line_1_61' title="bbox 537 3430 2046 3504; baseline 0.001 -15"><span class='ocrx_word' id='word_1_445' title='bbox 537 3435 581 3489; x_wconf 86' lang='grc'>1.</span> <span class='ocrx_word' id='word_1_446' title='bbox 632 3432 968 3504; x_wconf 83' lang='lat' dir='ltr'><strong>Syrgiannes</strong></span> <span class='ocrx_word' id='word_1_447' title='bbox 1024 3441 1209 3488; x_wconf 79' lang='lat' dir='ltr'><strong>autem</strong></span> <span class='ocrx_word' id='word_1_448' title='bbox 1239 3469 1255 3497; x_wconf 93' lang='lat'><strong>,</strong></span> <span class='ocrx_word' id='word_1_449' title='bbox 1304 3430 1670 3502; x_wconf 82' lang='lat' dir='ltr'><strong>prius&#39;etiam</strong></span> <span class='ocrx_word' id='word_1_450' title='bbox 1715 3435 1788 3490; x_wconf 90' lang='lat' dir='ltr'><strong>ob</strong></span> <span class='ocrx_word' id='word_1_451' title='bbox 1830 3434 2046 3491; x_wconf 87' lang='lat' dir='ltr'><strong>adactos</strong></span> 
     </span>
    </p>
   </div>
   <div class='ocr_carea' id='block_1_62' title="bbox 2152 3430 3730 3510">
    <p class='ocr_par' dir='ltr' id='par_1_62' title="bbox 2226 3436 3730 3510">
     <span class='ocr_line' id='line_1_62' title="bbox 2226 3436 3730 3510; baseline 0.001 -19"><span class='ocrx_word' id='word_1_452' title='bbox 2226 3437 2305 3493; x_wconf 81' lang='lat' dir='ltr'><strong>A&#39;.</strong></span> <span class='ocrx_word' id='word_1_453' title='bbox 2345 3436 2404 3493; x_wconf 86' lang='grc' dir='ltr'><strong>Ὀ</strong></span> <span class='ocrx_word' id='word_1_454' title='bbox 2435 3437 2492 3492; x_wconf 71' lang='grc' dir='ltr'>δέ</span> <span class='ocrx_word' id='word_1_455' title='bbox 2528 3455 2590 3508; x_wconf 87' lang='grc' dir='ltr'><strong>γε</strong></span> <span class='ocrx_word' id='word_1_456' title='bbox 2649 3439 2991 3510; x_wconf 87' lang='grc' dir='ltr'>Συργιάννης</span> <span class='ocrx_word' id='word_1_457' title='bbox 3050 3437 3185 3509; x_wconf 83' lang='grc'><strong>(65),</strong></span> <span class='ocrx_word' id='word_1_458' title='bbox 3247 3437 3492 3503; x_wconf 75' lang='grc' dir='ltr'>ὕποπτος</span> <span class='ocrx_word' id='word_1_459' title='bbox 3535 3438 3609 3494; x_wconf 75' lang='grc' dir='ltr'>ὢν</span> <span class='ocrx_word' id='word_1_460' title='bbox 3643 3439 3730 3492; x_wconf 77' lang='grc' dir='ltr'>καὶ</span> 
     </span>
    </p>
   </div>
   <div class='ocr_carea' id='block_1_63' title="bbox 468 3522 2052 3596">
    <p class='ocr_par' dir='ltr' id='par_1_63' title="bbox 468 3522 2052 3596">
     <span class='ocr_line' id='line_1_63' title="bbox 468 3522 2052 3596; baseline -0.001 -14"><span class='ocrx_word' id='word_1_461' title='bbox 468 3534 813 3582; x_wconf 86' lang='lat' dir='ltr'><strong>sacramento</strong></span> <span class='ocrx_word' id='word_1_462' title='bbox 840 3523 1363 3579; x_wconf 86' lang='lat' dir='ltr'><strong>Thessalonicenses</strong></span> <span class='ocrx_word' id='word_1_463' title='bbox 1390 3522 1559 3596; x_wconf 66' lang='grc'><strong>489</strong></span> <span class='ocrx_word' id='word_1_464' title='bbox 1590 3525 1926 3595; x_wconf 89' lang='lat' dir='ltr'><strong>primoribus</strong></span> <span class='ocrx_word' id='word_1_465' title='bbox 1955 3543 2052 3582; x_wconf 87' lang='lat' dir='ltr'><strong>su-</strong></span> 
     </span>
    </p>
   </div>
   <div class='ocr_carea' id='block_1_64' title="bbox 467 3610 2054 3689">
    <p class='ocr_par' dir='ltr' id='par_1_64' title="bbox 467 3610 2054 3689">
     <span class='ocr_line' id='line_1_64' title="bbox 467 3610 2054 3689; baseline -0.001 -16"><span class='ocrx_word' id='word_1_466' title='bbox 467 3626 691 3689; x_wconf 85' lang='lat' dir='ltr'><strong>spectus</strong></span> <span class='ocrx_word' id='word_1_467' title='bbox 718 3655 734 3681; x_wconf 95' lang='lat'><strong>,</strong></span> <span class='ocrx_word' id='word_1_468' title='bbox 778 3623 835 3671; x_wconf 90' lang='lat' dir='ltr'><strong>et</strong></span> <span class='ocrx_word' id='word_1_469' title='bbox 877 3619 1008 3685; x_wconf 86' lang='lat' dir='ltr'><strong>quia</strong></span> <span class='ocrx_word' id='word_1_470' title='bbox 1057 3629 1086 3668; x_wconf 89' lang='lat' dir='ltr'><strong>a</strong></span> <span class='ocrx_word' id='word_1_471' title='bbox 1139 3623 1317 3669; x_wconf 89' lang='lat' dir='ltr'><strong>matre</strong></span> <span class='ocrx_word' id='word_1_472' title='bbox 1372 3610 1722 3685; x_wconf 80' lang='lat' dir='ltr'><strong>imperatoris</strong></span> <span class='ocrx_word' id='word_1_473' title='bbox 1763 3616 2054 3685; x_wconf 84' lang='lat' dir='ltr'><strong>adoptatus</strong></span> 
     </span>
    </p>
   </div>
   <div class='ocr_carea' id='block_1_65' title="bbox 350 3704 2054 3778">
    <p class='ocr_par' dir='ltr' id='par_1_65' title="bbox 350 3704 2054 3778">
     <span class='ocr_line' id='line_1_65' title="bbox 350 3704 2054 3778; baseline -0.002 -13"><span class='ocrx_word' id='word_1_474' title='bbox 350 3704 362 3713; x_wconf 78' lang='grc'><em>’</em></span> <span class='ocrx_word' id='word_1_475' title='bbox 468 3712 668 3775; x_wconf 79' lang='lat' dir='ltr'><strong>fuerat,</strong></span> <span class='ocrx_word' id='word_1_476' title='bbox 712 3722 837 3763; x_wconf 86' lang='lat' dir='ltr'><strong>cum</strong></span> <span class='ocrx_word' id='word_1_477' title='bbox 886 3709 1187 3776; x_wconf 86' lang='lat' dir='ltr'><strong>imperator</strong></span> <span class='ocrx_word' id='word_1_478' title='bbox 1215 3705 1329 3773; x_wconf 91' lang='lat' dir='ltr'><strong>illo,</strong></span> <span class='ocrx_word' id='word_1_479' title='bbox 1359 3722 1523 3777; x_wconf 88' lang='lat' dir='ltr'><strong>quem</strong></span> <span class='ocrx_word' id='word_1_480' title='bbox 1568 3707 1827 3772; x_wconf 83' lang='lat' dir='ltr'><strong>diximus,</strong></span> <span class='ocrx_word' id='word_1_481' title='bbox 1861 3709 2054 3778; x_wconf 85' lang='lat' dir='ltr'><strong>despe-</strong></span> 
     </span>
    </p>
   </div>
   <div class='ocr_carea' id='block_1_66' title="bbox 467 3800 2052 3872">
    <p class='ocr_par' dir='ltr' id='par_1_66' title="bbox 467 3800 2052 3872">
     <span class='ocr_line' id='line_1_66' title="bbox 467 3800 2052 3872; baseline -0.001 -14"><span class='ocrx_word' id='word_1_482' title='bbox 467 3812 588 3858; x_wconf 90' lang='lat' dir='ltr'><strong>rato</strong></span> <span class='ocrx_word' id='word_1_483' title='bbox 618 3802 814 3871; x_wconf 81' lang='lat' dir='ltr'><strong>capitis</strong></span> <span class='ocrx_word' id='word_1_484' title='bbox 852 3801 1051 3855; x_wconf 85' lang='lat' dir='ltr'><strong>morbo</strong></span> <span class='ocrx_word' id='word_1_485' title='bbox 1084 3800 1450 3872; x_wconf 87' lang='lat' dir='ltr'><strong>Didymotichi</strong></span> <span class='ocrx_word' id='word_1_486' title='bbox 1501 3802 1799 3865; x_wconf 88' lang='lat' dir='ltr'><strong>laboraret,</strong></span> <span class='ocrx_word' id='word_1_487' title='bbox 1831 3801 2052 3857; x_wconf 85' lang='lat' dir='ltr'><strong>domum</strong></span> 
     </span>
    </p>
   </div>
   <div class='ocr_carea' id='block_1_67' title="bbox 467 3891 2051 3963">
    <p class='ocr_par' dir='ltr' id='par_1_67' title="bbox 467 3891 2051 3963">
     <span class='ocr_line' id='line_1_67' title="bbox 467 3891 2051 3963; baseline 0.001 -16"><span class='ocrx_word' id='word_1_488' title='bbox 467 3908 497 3947; x_wconf 90' lang='lat' dir='ltr'><strong>a</strong></span> <span class='ocrx_word' id='word_1_489' title='bbox 533 3891 897 3963; x_wconf 86' lang='lat' dir='ltr'><strong>Zamplacone</strong></span> <span class='ocrx_word' id='word_1_490' title='bbox 930 3893 1071 3946; x_wconf 60' lang='lat' dir='ltr'><strong>laesae</strong></span> <span class='ocrx_word' id='word_1_491' title='bbox 1129 3892 1432 3962; x_wconf 81' lang='lat' dir='ltr'><strong>majestatis</strong></span> <span class='ocrx_word' id='word_1_492' title='bbox 1477 3906 1605 3948; x_wconf 89' lang='lat' dir='ltr'><strong>reus</strong></span> <span class='ocrx_word' id='word_1_493' title='bbox 1644 3902 1800 3948; x_wconf 88' lang='lat' dir='ltr'><strong>actus</strong></span> <span class='ocrx_word' id='word_1_494' title='bbox 1832 3893 1918 3950; x_wconf 88' lang='lat' dir='ltr'><strong>sui</strong></span> <span class='ocrx_word' id='word_1_495' title='bbox 1951 3894 2051 3949; x_wconf 85' lang='lat' dir='ltr'><strong>de-</strong></span> 
     </span>
    </p>
   </div>
   <div class='ocr_carea' id='block_1_68' title="bbox 466 3981 2054 4054">
    <p class='ocr_par' dir='ltr' id='par_1_68' title="bbox 466 3981 2054 4054">
     <span class='ocr_line' id='line_1_68' title="bbox 466 3981 2054 4054; baseline 0 -16"><span class='ocrx_word' id='word_1_496' title='bbox 466 3984 725 4039; x_wconf 82' lang='lat' dir='ltr'><strong>fendendi</strong></span> <span class='ocrx_word' id='word_1_497' title='bbox 777 3998 943 4038; x_wconf 80' lang='lat' dir='ltr'><strong>causa</strong></span> <span class='ocrx_word' id='word_1_498' title='bbox 986 3983 1307 4054; x_wconf 77' lang='lat' dir='ltr'><strong>Byzantium</strong></span> <span class='ocrx_word' id='word_1_499' title='bbox 1334 3982 1404 4038; x_wconf 85' lang='lat' dir='ltr'><strong>ad</strong></span> <span class='ocrx_word' id='word_1_500' title='bbox 1439 3981 1826 4051; x_wconf 83' lang='lat' dir='ltr'><strong>imperatorem</strong></span> <span class='ocrx_word' id='word_1_501' title='bbox 1871 3997 2054 4039; x_wconf 80' lang='lat' dir='ltr'><strong>arces-</strong></span> 
     </span>
    </p>
   </div>
   <div class='ocr_carea' id='block_1_69' title="bbox 468 4075 2052 4144">
    <p class='ocr_par' dir='ltr' id='par_1_69' title="bbox 468 4075 2052 4144">
     <span class='ocr_line' id='line_1_69' title="bbox 468 4075 2052 4144; baseline 0 -13"><span class='ocrx_word' id='word_1_502' title='bbox 468 4079 608 4132; x_wconf 89' lang='lat' dir='ltr'><strong>situs</strong></span> <span class='ocrx_word' id='word_1_503' title='bbox 644 4076 817 4142; x_wconf 80' lang='lat' dir='ltr'><strong>venit,</strong></span> <span class='ocrx_word' id='word_1_504' title='bbox 848 4085 906 4130; x_wconf 90' lang='lat' dir='ltr'><strong>et</strong></span> <span class='ocrx_word' id='word_1_505' title='bbox 934 4075 1105 4144; x_wconf 84' lang='lat' dir='ltr'><strong>semel</strong></span> <span class='ocrx_word' id='word_1_506' title='bbox 1149 4083 1315 4144; x_wconf 90' lang='lat' dir='ltr'><strong>atque</strong></span> <span class='ocrx_word' id='word_1_507' title='bbox 1359 4075 1558 4129; x_wconf 89' lang='lat' dir='ltr'><strong>iterum</strong></span> <span class='ocrx_word' id='word_1_508' title='bbox 1589 4087 1643 4131; x_wconf 89' lang='lat' dir='ltr'><strong>et</strong></span> <span class='ocrx_word' id='word_1_509' title='bbox 1677 4076 1838 4131; x_wconf 89' lang='lat' dir='ltr'><strong>tertio</strong></span> <span class='ocrx_word' id='word_1_510' title='bbox 1887 4090 2052 4131; x_wconf 86' lang='lat' dir='ltr'><strong>causa</strong></span> 
     </span>
    </p>
   </div>
   <div class='ocr_carea' id='block_1_70' title="bbox 469 4142 2053 4239">
    <p class='ocr_par' dir='ltr' id='par_1_70' title="bbox 469 4142 2053 4239">
     <span class='ocr_line' id='line_1_70' title="bbox 469 4142 2053 4239; baseline 0.001 -17"><span class='ocrx_word' id='word_1_511' title='bbox 469 4169 614 4239; x_wconf 91' lang='lat' dir='ltr'><strong>apud</strong></span> <span class='ocrx_word' id='word_1_512' title='bbox 658 4183 850 4225; x_wconf 88' lang='lat' dir='ltr'><strong>omnes</strong></span> <span class='ocrx_word' id='word_1_513' title='bbox 892 4142 1110 4237; x_wconf 57' lang='lat' dir='ltr'><strong>iudices</strong></span> <span class='ocrx_word' id='word_1_514' title='bbox 1153 4142 1301 4222; x_wconf 81' lang='lat' dir='ltr'><strong>dicta</strong></span> <span class='ocrx_word' id='word_1_515' title='bbox 1346 4167 1508 4236; x_wconf 88' lang='lat' dir='ltr'><strong>plane</strong></span> <span class='ocrx_word' id='word_1_516' title='bbox 1550 4182 1676 4222; x_wconf 88' lang='lat' dir='ltr'><strong>rcus</strong></span> <span class='ocrx_word' id='word_1_517' title='bbox 1722 4170 1907 4239; x_wconf 83' lang='lat' dir='ltr'><strong>peragi</strong></span> <span class='ocrx_word' id='word_1_518' title='bbox 1942 4184 2053 4224; x_wconf 93' lang='lat' dir='ltr'><strong>non</strong></span> 
     </span>
    </p>
   </div>
   <div class='ocr_carea' id='block_1_71' title="bbox 468 4259 2053 4330">
    <p class='ocr_par' dir='ltr' id='par_1_71' title="bbox 468 4259 2053 4330">
     <span class='ocr_line' id='line_1_71' title="bbox 468 4259 2053 4330; baseline 0.001 -15"><span class='ocrx_word' id='word_1_519' title='bbox 468 4263 666 4330; x_wconf 88' lang='lat' dir='ltr'><strong>potuit,</strong></span> <span class='ocrx_word' id='word_1_520' title='bbox 711 4261 848 4316; x_wconf 90' lang='lat' dir='ltr'><strong>adeo</strong></span> <span class='ocrx_word' id='word_1_521' title='bbox 892 4269 953 4315; x_wconf 91' lang='lat' dir='ltr'><strong>ut</strong></span> <span class='ocrx_word' id='word_1_522' title='bbox 976 4260 1089 4329; x_wconf 85' lang='lat' dir='ltr'><strong>jam</strong></span> <span class='ocrx_word' id='word_1_523' title='bbox 1121 4275 1151 4314; x_wconf 89' lang='lat' dir='ltr'><strong>a</strong></span> <span class='ocrx_word' id='word_1_524' title='bbox 1180 4259 1455 4330; x_wconf 84' lang='lat' dir='ltr'><strong>plerisque</strong></span> <span class='ocrx_word' id='word_1_525' title='bbox 1491 4259 1772 4330; x_wconf 80' lang='lat' dir='ltr'><strong>judicibus</strong></span> <span class='ocrx_word' id='word_1_526' title='bbox 1806 4261 2053 4316; x_wconf 85' lang='lat' dir='ltr'><strong>absolve-</strong></span> 
     </span>
    </p>
   </div>
   <div class='ocr_carea' id='block_1_72' title="bbox 468 4349 2054 4419">
    <p class='ocr_par' dir='ltr' id='par_1_72' title="bbox 468 4349 2054 4419">
     <span class='ocr_line' id='line_1_72' title="bbox 468 4349 2054 4419; baseline 0.001 -16"><span class='ocrx_word' id='word_1_527' title='bbox 468 4360 644 4406; x_wconf 89' lang='lat' dir='ltr'><strong>retur.</strong></span> <span class='ocrx_word' id='word_1_528' title='bbox 684 4349 806 4405; x_wconf 88' lang='lat' dir='ltr'><strong>Lite</strong></span> <span class='ocrx_word' id='word_1_529' title='bbox 831 4357 1015 4404; x_wconf 89' lang='lat' dir='ltr'><strong>autem</strong></span> <span class='ocrx_word' id='word_1_530' title='bbox 1050 4349 1234 4404; x_wconf 88' lang='lat' dir='ltr'><strong>adhuc</strong></span> <span class='ocrx_word' id='word_1_531' title='bbox 1256 4349 1531 4419; x_wconf 88' lang='lat' dir='ltr'><strong>pendente</strong></span> <span class='ocrx_word' id='word_1_532' title='bbox 1560 4349 1729 4403; x_wconf 86' lang='lat' dir='ltr'><strong>vades</strong></span> <span class='ocrx_word' id='word_1_533' title='bbox 1754 4350 2054 4419; x_wconf 85' lang='lat' dir='ltr'><strong>imperator</strong></span> 
     </span>
    </p>
   </div>
   <div class='ocr_carea' id='block_1_73' title="bbox 470 4430 2054 4514">
    <p class='ocr_par' dir='ltr' id='par_1_73' title="bbox 470 4430 2054 4514">
     <span class='ocr_line' id='line_1_73' title="bbox 470 4430 2054 4514; baseline 0.001 -18"><span class='ocrx_word' id='word_1_534' title='bbox 470 4443 541 4501; x_wconf 88' lang='lat' dir='ltr'><strong>ab</strong></span> <span class='ocrx_word' id='word_1_535' title='bbox 569 4458 637 4498; x_wconf 91' lang='lat' dir='ltr'><strong>eo</strong></span> <span class='ocrx_word' id='word_1_536' title='bbox 667 4443 845 4514; x_wconf 91' lang='lat' dir='ltr'><strong>petiit,</strong></span> <span class='ocrx_word' id='word_1_537' title='bbox 871 4456 942 4496; x_wconf 92' lang='lat' dir='ltr'><strong>ne</strong></span> <span class='ocrx_word' id='word_1_538' title='bbox 965 4430 1104 4497; x_wconf 87' lang='lat' dir='ltr'><strong>clam</strong></span> <span class='ocrx_word' id='word_1_539' title='bbox 1140 4440 1481 4509; x_wconf 74' lang='lat' dir='ltr'><strong>profugeret,</strong></span> <span class='ocrx_word' id='word_1_540' title='bbox 1517 4441 1836 4509; x_wconf 87' lang='lat' dir='ltr'><strong>priusquam</strong></span> <span class='ocrx_word' id='word_1_541' title='bbox 1863 4457 2054 4498; x_wconf 87' lang='lat' dir='ltr'><strong>omnes</strong></span> 
     </span>
    </p>
   </div>
   <div class='ocr_carea' id='block_1_74' title="bbox 465 4532 2055 4605">
    <p class='ocr_par' dir='ltr' id='par_1_74' title="bbox 465 4532 2055 4605">
     <span class='ocr_line' id='line_1_74' title="bbox 465 4532 2055 4605; baseline 0.001 -18"><span class='ocrx_word' id='word_1_542' title='bbox 465 4533 681 4605; x_wconf 80' lang='lat' dir='ltr'><strong>judices</strong></span> <span class='ocrx_word' id='word_1_543' title='bbox 713 4532 1042 4589; x_wconf 87' lang='lat' dir='ltr'><strong>sententiam</strong></span> <span class='ocrx_word' id='word_1_544' title='bbox 1079 4532 1148 4587; x_wconf 87' lang='lat' dir='ltr'><strong>de</strong></span> <span class='ocrx_word' id='word_1_545' title='bbox 1196 4546 1265 4586; x_wconf 90' lang='lat' dir='ltr'><strong>eo</strong></span> <span class='ocrx_word' id='word_1_546' title='bbox 1315 4533 1560 4587; x_wconf 86' lang='lat' dir='ltr'><strong>ultimam</strong></span> <span class='ocrx_word' id='word_1_547' title='bbox 1598 4533 1872 4588; x_wconf 84' lang='lat' dir='ltr'><strong>tulissent.</strong></span> <span class='ocrx_word' id='word_1_548' title='bbox 1922 4534 2055 4600; x_wconf 65' lang='lat' dir='ltr'><strong>Quae</strong></span> 
     </span>
    </p>
   </div>
   <div class='ocr_carea' id='block_1_75' title="bbox 471 4622 2051 4693">
    <p class='ocr_par' dir='ltr' id='par_1_75' title="bbox 471 4622 2051 4693">
     <span class='ocr_line' id='line_1_75' title="bbox 471 4622 2051 4693; baseline 0.004 -16"><span class='ocrx_word' id='word_1_549' title='bbox 471 4638 563 4678; x_wconf 89' lang='lat' dir='ltr'><strong>res</strong></span> <span class='ocrx_word' id='word_1_550' title='bbox 595 4623 718 4693; x_wconf 87' lang='lat' dir='ltr'><strong>ejus</strong></span> <span class='ocrx_word' id='word_1_551' title='bbox 765 4622 1008 4677; x_wconf 88' lang='lat' dir='ltr'><strong>animum</strong></span> <span class='ocrx_word' id='word_1_552' title='bbox 1041 4622 1196 4678; x_wconf 88' lang='lat' dir='ltr'><strong>valde</strong></span> <span class='ocrx_word' id='word_1_553' title='bbox 1227 4623 1469 4678; x_wconf 90' lang='lat' dir='ltr'><strong>turbavit</strong></span> <span class='ocrx_word' id='word_1_554' title='bbox 1500 4634 1557 4679; x_wconf 91' lang='lat' dir='ltr'><strong>et</strong></span> <span class='ocrx_word' id='word_1_555' title='bbox 1585 4625 1638 4677; x_wconf 88' lang='lat' dir='ltr'><strong>in</strong></span> <span class='ocrx_word' id='word_1_556' title='bbox 1667 4626 1907 4682; x_wconf 86' lang='lat' dir='ltr'><strong>carceris</strong></span> <span class='ocrx_word' id='word_1_557' title='bbox 1935 4642 2051 4683; x_wconf 89' lang='lat' dir='ltr'><strong>me-</strong></span> 
     </span>
    </p>
   </div>
   <div class='ocr_carea' id='block_1_76' title="bbox 474 4714 2052 4790">
    <p class='ocr_par' dir='ltr' id='par_1_76' title="bbox 474 4714 2052 4790">
     <span class='ocr_line' id='line_1_76' title="bbox 474 4714 2052 4790; baseline 0.004 -22"><span class='ocrx_word' id='word_1_558' title='bbox 474 4726 592 4769; x_wconf 89' lang='lat' dir='ltr'><strong>tum</strong></span> <span class='ocrx_word' id='word_1_559' title='bbox 621 4714 877 4783; x_wconf 76' lang='lat' dir='ltr'><strong>coniecit,</strong></span> <span class='ocrx_word' id='word_1_560' title='bbox 917 4714 1243 4785; x_wconf 84' lang='lat' dir='ltr'><strong>gravissima</strong></span> <span class='ocrx_word' id='word_1_561' title='bbox 1292 4714 1383 4769; x_wconf 89' lang='lat' dir='ltr'><strong>illa</strong></span> <span class='ocrx_word' id='word_1_562' title='bbox 1411 4723 1469 4772; x_wconf 92' lang='lat' dir='ltr'><strong>et</strong></span> <span class='ocrx_word' id='word_1_563' title='bbox 1502 4714 1893 4785; x_wconf 87' lang='lat' dir='ltr'><strong>intolerabilia,</strong></span> <span class='ocrx_word' id='word_1_564' title='bbox 1929 4734 2052 4790; x_wconf 78' lang='lat' dir='ltr'><strong>quae</strong></span> 
     </span>
    </p>
   </div>
   <div class='ocr_carea' id='block_1_77' title="bbox 2159 3530 3728 3603">
    <p class='ocr_par' dir='ltr' id='par_1_77' title="bbox 2159 3530 3728 3603">
     <span class='ocr_line' id='line_1_77' title="bbox 2159 3530 3728 3603; baseline 0.001 -22"><span class='ocrx_word' id='word_1_565' title='bbox 2159 3530 2426 3601; x_wconf 85' lang='grc' dir='ltr'>πρότερον</span> <span class='ocrx_word' id='word_1_566' title='bbox 2452 3533 2564 3594; x_wconf 82' lang='grc' dir='ltr'>τοῖς</span> <span class='ocrx_word' id='word_1_567' title='bbox 2598 3532 2830 3603; x_wconf 79' lang='grc' dir='ltr'>ἄρχουσι</span> <span class='ocrx_word' id='word_1_568' title='bbox 2855 3531 2943 3586; x_wconf 81' lang='grc' dir='ltr'>διὰ</span> <span class='ocrx_word' id='word_1_569' title='bbox 2959 3531 3086 3594; x_wconf 77' lang='grc' dir='ltr'>τοὺς</span> <span class='ocrx_word' id='word_1_570' title='bbox 3118 3530 3336 3603; x_wconf 83' lang='grc' dir='ltr'>ὅρκους,</span> <span class='ocrx_word' id='word_1_571' title='bbox 3368 3531 3462 3596; x_wconf 83' lang='grc' dir='ltr'>οὓς</span> <span class='ocrx_word' id='word_1_572' title='bbox 3490 3530 3728 3603; x_wconf 74' lang='grc' dir='ltr'>ἀπῄτησε</span> 
     </span>
    </p>
   </div>
   <div class='ocr_carea' id='block_1_78' title="bbox 2160 3620 3728 3695">
    <p class='ocr_par' dir='ltr' id='par_1_78' title="bbox 2160 3620 3728 3695">
     <span class='ocr_line' id='line_1_78' title="bbox 2160 3620 3728 3695; baseline -0.002 -20"><span class='ocrx_word' id='word_1_573' title='bbox 2160 3622 2311 3691; x_wconf 81' lang='grc' dir='ltr'><strong>παρά</strong></span> <span class='ocrx_word' id='word_1_574' title='bbox 2332 3622 2441 3675; x_wconf 84' lang='grc' dir='ltr'><strong>τῶν</strong></span> <span class='ocrx_word' id='word_1_575' title='bbox 2463 3621 2926 3688; x_wconf 86' lang='grc' dir='ltr'>Θεσσαλονικέων,</span> <span class='ocrx_word' id='word_1_576' title='bbox 2980 3621 3316 3693; x_wconf 79' lang='grc' dir='ltr'>εἰσποιηθεὶς</span> <span class='ocrx_word' id='word_1_577' title='bbox 3345 3626 3419 3694; x_wconf 74' lang='grc' dir='ltr'>τῇ</span> <span class='ocrx_word' id='word_1_578' title='bbox 3451 3623 3618 3695; x_wconf 73' lang='grc' dir='ltr'>μητρὶ</span> <span class='ocrx_word' id='word_1_579' title='bbox 3642 3620 3728 3673; x_wconf 77' lang='grc' dir='ltr'><strong>τοῦ</strong></span> 
     </span>
    </p>
   </div>
   <div class='ocr_carea' id='block_1_79' title="bbox 2159 3710 3729 3787">
    <p class='ocr_par' dir='ltr' id='par_1_79' title="bbox 2159 3710 3729 3787">
     <span class='ocr_line' id='line_1_79' title="bbox 2159 3710 3729 3787; baseline -0.001 -23"><span class='ocrx_word' id='word_1_580' title='bbox 2159 3711 2424 3782; x_wconf 81' lang='grc' dir='ltr'>βασιλέως</span> <span class='ocrx_word' id='word_1_581' title='bbox 2468 3710 2751 3787; x_wconf 78' lang='grc' dir='ltr'>δεσποίνῃ,</span> <span class='ocrx_word' id='word_1_582' title='bbox 2781 3714 2946 3768; x_wconf 86' lang='grc' dir='ltr'>ὁπότε</span> <span class='ocrx_word' id='word_1_583' title='bbox 2979 3713 3076 3779; x_wconf 82' lang='grc' dir='ltr'><strong>τὰς</strong></span> <span class='ocrx_word' id='word_1_584' title='bbox 3109 3714 3203 3767; x_wconf 85' lang='grc' dir='ltr'>τοῦ</span> <span class='ocrx_word' id='word_1_585' title='bbox 3240 3713 3510 3785; x_wconf 79' lang='grc' dir='ltr'>βασιλέως</span> <span class='ocrx_word' id='word_1_586' title='bbox 3544 3711 3729 3768; x_wconf 66' lang='grc' dir='ltr'>ἐπεϐό-</span> 
     </span>
    </p>
   </div>
   <div class='ocr_carea' id='block_1_80' title="bbox 2157 3802 3729 3877">
    <p class='ocr_par' dir='ltr' id='par_1_80' title="bbox 2157 3802 3729 3877">
     <span class='ocr_line' id='line_1_80' title="bbox 2157 3802 3729 3877; baseline -0.001 -21"><span class='ocrx_word' id='word_1_587' title='bbox 2157 3820 2321 3857; x_wconf 79' lang='grc' dir='ltr'>σκετο</span> <span class='ocrx_word' id='word_1_588' title='bbox 2346 3806 2552 3875; x_wconf 80' lang='grc' dir='ltr'>φρένας</span> <span class='ocrx_word' id='word_1_589' title='bbox 2588 3806 2622 3877; x_wconf 80' lang='grc' dir='ltr'><strong>ἡ</strong></span> <span class='ocrx_word' id='word_1_590' title='bbox 2661 3806 3093 3877; x_wconf 80' lang='grc' dir='ltr'>ἀπηγορευμένη</span> <span class='ocrx_word' id='word_1_591' title='bbox 3122 3805 3277 3869; x_wconf 81' lang='grc' dir='ltr'>νόσος</span> <span class='ocrx_word' id='word_1_592' title='bbox 3306 3804 3490 3877; x_wconf 77' lang='grc' dir='ltr'>ἐκείνη</span> <span class='ocrx_word' id='word_1_593' title='bbox 3518 3804 3643 3875; x_wconf 81' lang='grc' dir='ltr'>περὶ</span> <span class='ocrx_word' id='word_1_594' title='bbox 3672 3802 3729 3855; x_wconf 78' lang='grc' dir='ltr'><strong>τὸ</strong></span> 
     </span>
    </p>
   </div>
   <div class='ocr_carea' id='block_1_81' title="bbox 2156 3898 3727 3970">
    <p class='ocr_par' dir='ltr' id='par_1_81' title="bbox 2156 3898 3727 3970">
     <span class='ocr_line' id='line_1_81' title="bbox 2156 3898 3727 3970; baseline 0.003 -22"><span class='ocrx_word' id='word_1_595' title='bbox 2156 3898 2562 3969; x_wconf 86' lang='grc' dir='ltr'>Διδυμότειχον,</span> <span class='ocrx_word' id='word_1_596' title='bbox 2594 3899 2689 3952; x_wconf 87' lang='grc' dir='ltr'>νῦν</span> <span class='ocrx_word' id='word_1_597' title='bbox 2723 3899 2822 3969; x_wconf 70' lang='grc' dir='ltr'>ἤδη</span> <span class='ocrx_word' id='word_1_598' title='bbox 2850 3900 2944 3953; x_wconf 77' lang='grc' dir='ltr'>καὶ</span> <span class='ocrx_word' id='word_1_599' title='bbox 2979 3899 3117 3970; x_wconf 85' lang='grc' dir='ltr'>πρὸς</span> <span class='ocrx_word' id='word_1_600' title='bbox 3145 3900 3216 3953; x_wconf 81' lang='grc' dir='ltr'>τὰ</span> <span class='ocrx_word' id='word_1_601' title='bbox 3245 3901 3401 3968; x_wconf 73' lang='grc' dir='ltr'>παρὰ</span> <span class='ocrx_word' id='word_1_602' title='bbox 3420 3898 3516 3953; x_wconf 81' lang='grc' dir='ltr'>τοῦ</span> <span class='ocrx_word' id='word_1_603' title='bbox 3547 3898 3727 3966; x_wconf 73' lang='grc' dir='ltr'>Τζαμ·</span> 
     </span>
    </p>
   </div>
   <div class='ocr_carea' id='block_1_82' title="bbox 2156 3989 3728 4062">
    <p class='ocr_par' dir='ltr' id='par_1_82' title="bbox 2156 3989 3728 4062">
     <span class='ocr_line' id='line_1_82' title="bbox 2156 3989 3728 4062; baseline -0.002 -19"><span class='ocrx_word' id='word_1_604' title='bbox 2156 3989 2439 4053; x_wconf 80' lang='grc' dir='ltr'>πλὰκωνος</span> <span class='ocrx_word' id='word_1_605' title='bbox 2460 3989 2572 4061; x_wconf 84' lang='grc'><strong>(66)</strong></span> <span class='ocrx_word' id='word_1_606' title='bbox 2590 4007 2754 4060; x_wconf 78' lang='grc' dir='ltr'>προτε</span> <span class='ocrx_word' id='word_1_607' title='bbox 2767 3991 2991 4060; x_wconf 83' lang='grc' dir='ltr'>ινόμενα</span> <span class='ocrx_word' id='word_1_608' title='bbox 3017 3989 3402 4055; x_wconf 85' lang='grc' dir='ltr'>καθοσιώσεως</span> <span class='ocrx_word' id='word_1_609' title='bbox 3418 3990 3728 4062; x_wconf 75' lang='grc' dir='ltr'>ἐγκλήματα</span> 
     </span>
    </p>
   </div>
   <div class='ocr_carea' id='block_1_83' title="bbox 2156 4080 3728 4153">
    <p class='ocr_par' dir='ltr' id='par_1_83' title="bbox 2156 4080 3728 4153">
     <span class='ocr_line' id='line_1_83' title="bbox 2156 4080 3728 4153; baseline 0.001 -22"><span class='ocrx_word' id='word_1_610' title='bbox 2156 4081 2237 4143; x_wconf 80' lang='grc' dir='ltr'><strong>εἰς</strong></span> <span class='ocrx_word' id='word_1_611' title='bbox 2264 4080 2560 4144; x_wconf 76' lang='grc' dir='ltr'>Βυζάντιον</span> <span class='ocrx_word' id='word_1_612' title='bbox 2585 4081 3063 4152; x_wconf 82' lang='grc' dir='ltr'>ἀπολογησόμενος</span> <span class='ocrx_word' id='word_1_613' title='bbox 3090 4082 3216 4153; x_wconf 78' lang='grc' dir='ltr'>ἥκει</span> <span class='ocrx_word' id='word_1_614' title='bbox 3244 4085 3637 4153; x_wconf 80' lang='grc' dir='ltr'>μετάπεμπτος</span> <span class='ocrx_word' id='word_1_615' title='bbox 3654 4080 3728 4149; x_wconf 87' lang='grc' dir='ltr'>τῷ</span> 
     </span>
    </p>
   </div>
   <div class='ocr_carea' id='block_1_84' title="bbox 2158 4170 3728 4243">
    <p class='ocr_par' dir='ltr' id='par_1_84' title="bbox 2158 4170 3728 4243">
     <span class='ocr_line' id='line_1_84' title="bbox 2158 4170 3728 4243; baseline 0.006 -20"><span class='ocrx_word' id='word_1_616' title='bbox 2158 4170 2405 4242; x_wconf 84' lang='grc' dir='ltr'>βασιλεῖ·</span> <span class='ocrx_word' id='word_1_617' title='bbox 2442 4173 2538 4225; x_wconf 73' lang='grc' dir='ltr'>καὶ</span> <span class='ocrx_word' id='word_1_618' title='bbox 2566 4172 2776 4242; x_wconf 78' lang='grc' dir='ltr'>κριθεὶς</span> <span class='ocrx_word' id='word_1_619' title='bbox 2809 4173 2914 4227; x_wconf 80' lang='grc' dir='ltr'><strong>ὑπὸ</strong></span> <span class='ocrx_word' id='word_1_620' title='bbox 2948 4174 3087 4226; x_wconf 83' lang='grc' dir='ltr'>πᾶσι</span> <span class='ocrx_word' id='word_1_621' title='bbox 3114 4175 3337 4243; x_wconf 78' lang='grc' dir='ltr'>κριταῖς</span> <span class='ocrx_word' id='word_1_622' title='bbox 3384 4174 3467 4237; x_wconf 77' lang='grc' dir='ltr'>δὶς</span> <span class='ocrx_word' id='word_1_623' title='bbox 3497 4173 3590 4227; x_wconf 76' lang='grc' dir='ltr'>καὶ</span> <span class='ocrx_word' id='word_1_624' title='bbox 3613 4172 3728 4240; x_wconf 58' lang='grc' dir='ltr'>τρῖς</span> 
     </span>
    </p>
   </div>
   <div class='ocr_carea' id='block_1_85' title="bbox 2156 4264 3727 4338">
    <p class='ocr_par' dir='ltr' id='par_1_85' title="bbox 2156 4264 3727 4338">
     <span class='ocr_line' id='line_1_85' title="bbox 2156 4264 3727 4338; baseline -0.002 -21"><span class='ocrx_word' id='word_1_625' title='bbox 2156 4265 2217 4318; x_wconf 83' lang='grc' dir='ltr'>οὐ</span> <span class='ocrx_word' id='word_1_626' title='bbox 2245 4265 2503 4336; x_wconf 85' lang='grc' dir='ltr'>καθαρῶς</span> <span class='ocrx_word' id='word_1_627' title='bbox 2536 4264 2739 4320; x_wconf 85' lang='grc' dir='ltr'>ἁλῶναι</span> <span class='ocrx_word' id='word_1_628' title='bbox 2772 4268 2887 4330; x_wconf 85' lang='grc' dir='ltr'>τοῖς</span> <span class='ocrx_word' id='word_1_629' title='bbox 2916 4267 3162 4338; x_wconf 72' lang='grc' dir='ltr'>ἐλέγχοις</span> <span class='ocrx_word' id='word_1_630' title='bbox 3195 4266 3453 4337; x_wconf 71' lang='grc' dir='ltr'>ἠδύνατο,</span> <span class='ocrx_word' id='word_1_631' title='bbox 3488 4264 3614 4319; x_wconf 82' lang='grc' dir='ltr'>ὥστ’</span> <span class='ocrx_word' id='word_1_632' title='bbox 3634 4264 3727 4334; x_wconf 74' lang='grc' dir='ltr'>ἤδη</span> 
     </span>
    </p>
   </div>
   <div class='ocr_carea' id='block_1_86' title="bbox 2156 4350 3723 4430">
    <p class='ocr_par' dir='ltr' id='par_1_86' title="bbox 2156 4350 3723 4430">
     <span class='ocr_line' id='line_1_86' title="bbox 2156 4350 3723 4430; baseline 0.001 -21"><span class='ocrx_word' id='word_1_633' title='bbox 2156 4359 2249 4410; x_wconf 79' lang='grc' dir='ltr'>καὶ</span> <span class='ocrx_word' id='word_1_634' title='bbox 2289 4358 2425 4428; x_wconf 86' lang='grc' dir='ltr'>πρὸς</span> <span class='ocrx_word' id='word_1_635' title='bbox 2452 4357 2560 4411; x_wconf 83' lang='grc' dir='ltr'><strong>τῶν</strong></span> <span class='ocrx_word' id='word_1_636' title='bbox 2591 4357 2855 4413; x_wconf 85' lang='grc' dir='ltr'>πλειόνων</span> <span class='ocrx_word' id='word_1_637' title='bbox 2902 4358 3150 4429; x_wconf 73' lang='grc' dir='ltr'>ηθωοῦτο</span> <span class='ocrx_word' id='word_1_638' title='bbox 3199 4359 3434 4429; x_wconf 82' lang='grc' dir='ltr'>κριτῶν.</span> <span class='ocrx_word' id='word_1_639' title='bbox 3468 4358 3554 4430; x_wconf 80' lang='grc' dir='ltr'><strong>[Ρ.</strong></span> <span class='ocrx_word' id='word_1_640' title='bbox 3603 4350 3723 4423; x_wconf 78' lang='lat'><strong>501]</strong></span> 
     </span>
    </p>
   </div>
   <div class='ocr_carea' id='block_1_87' title="bbox 2156 4447 3725 4524">
    <p class='ocr_par' dir='ltr' id='par_1_87' title="bbox 2156 4447 3725 4524">
     <span class='ocr_line' id='line_1_87' title="bbox 2156 4447 3725 4524; baseline -0.001 -22"><span class='ocrx_word' id='word_1_641' title='bbox 2156 4449 2449 4519; x_wconf 83' lang='grc' dir='ltr'>Μετεὼρου</span> <span class='ocrx_word' id='word_1_642' title='bbox 2476 4447 2521 4503; x_wconf 69' lang='grc' dir='ltr'>δ’</span> <span class='ocrx_word' id='word_1_643' title='bbox 2549 4451 2627 4501; x_wconf 78' lang='grc' dir='ltr'>ἔτι</span> <span class='ocrx_word' id='word_1_644' title='bbox 2660 4450 2757 4520; x_wconf 78' lang='grc' dir='ltr'>τῆς</span> <span class='ocrx_word' id='word_1_645' title='bbox 2790 4451 2945 4520; x_wconf 86' lang='grc' dir='ltr'>δίκης</span> <span class='ocrx_word' id='word_1_646' title='bbox 2977 4450 3144 4524; x_wconf 80' lang='grc' dir='ltr'>οὔσης</span> <span class='ocrx_word' id='word_1_647' title='bbox 3179 4452 3385 4524; x_wconf 77' lang='grc' dir='ltr'>ᾔτησεν</span> <span class='ocrx_word' id='word_1_648' title='bbox 3408 4456 3436 4506; x_wconf 89' lang='grc' dir='ltr'><em>ὀ</em></span> <span class='ocrx_word' id='word_1_649' title='bbox 3480 4451 3725 4524; x_wconf 71' lang='grc' dir='ltr'>βασιλευς</span> 
     </span>
    </p>
   </div>
   <div class='ocr_carea' id='block_1_88' title="bbox 2156 4542 3725 4615">
    <p class='ocr_par' dir='ltr' id='par_1_88' title="bbox 2156 4542 3725 4615">
     <span class='ocr_line' id='line_1_88' title="bbox 2156 4542 3725 4615; baseline -0.009 -6"><span class='ocrx_word' id='word_1_650' title='bbox 2156 4543 2430 4612; x_wconf 64' lang='grc' dir='ltr'><strong>ἐγγυητὰς</strong></span> <span class='ocrx_word' id='word_1_651' title='bbox 2467 4543 2607 4613; x_wconf 74' lang='grc' dir='ltr'>ὑπὲρ</span> <span class='ocrx_word' id='word_1_652' title='bbox 2641 4543 2735 4596; x_wconf 82' lang='grc' dir='ltr'>τοῦ</span> <span class='ocrx_word' id='word_1_653' title='bbox 2779 4545 2854 4614; x_wconf 85' lang='grc' dir='ltr'>μὴ</span> <span class='ocrx_word' id='word_1_654' title='bbox 2885 4548 3077 4615; x_wconf 75' lang='grc' dir='ltr'>φυγεῖν</span> <span class='ocrx_word' id='word_1_655' title='bbox 3127 4544 3294 4599; x_wconf 74' lang='grc' dir='ltr'>αὑτὸν</span> <span class='ocrx_word' id='word_1_656' title='bbox 3318 4546 3585 4610; x_wconf 66' lang='grc' dir='ltr'>λαθόντα,</span> <span class='ocrx_word' id='word_1_657' title='bbox 3605 4542 3725 4612; x_wconf 66' lang='grc' dir='ltr'>πρὶν</span> 
     </span>
    </p>
   </div>
   <div class='ocr_carea' id='block_1_89' title="bbox 2157 4634 3725 4714">
    <p class='ocr_par' dir='ltr' id='par_1_89' title="bbox 2157 4634 3725 4714">
     <span class='ocr_line' id='line_1_89' title="bbox 2157 4634 3725 4714; baseline -0.001 -27"><span class='ocrx_word' id='word_1_658' title='bbox 2157 4634 2225 4687; x_wconf 82' lang='grc' dir='ltr'>ἂν</span> <span class='ocrx_word' id='word_1_659' title='bbox 2259 4634 2438 4686; x_wconf 79' lang='grc' dir='ltr'>τελεία</span> <span class='ocrx_word' id='word_1_660' title='bbox 2481 4636 2706 4706; x_wconf 80' lang='grc' dir='ltr'>γένηται</span> <span class='ocrx_word' id='word_1_661' title='bbox 2759 4638 2963 4714; x_wconf 46' lang='lat' dir='ltr'><strong>quem.</strong></span> <span class='ocrx_word' id='word_1_662' title='bbox 3002 4638 3169 4692; x_wconf 74' lang='grc' dir='ltr'>αὐτοῦ</span> <span class='ocrx_word' id='word_1_663' title='bbox 3201 4640 3315 4703; x_wconf 77' lang='grc' dir='ltr'>τοῖς</span> <span class='ocrx_word' id='word_1_664' title='bbox 3350 4638 3495 4701; x_wconf 81' lang='grc' dir='ltr'>ὅλοις</span> <span class='ocrx_word' id='word_1_665' title='bbox 3523 4635 3725 4708; x_wconf 78' lang='grc' dir='ltr'>κριταῖς</span> 
     </span>
    </p>
   </div>
   <div class='ocr_carea' id='block_1_90' title="bbox 2157 4726 3726 4799">
    <p class='ocr_par' dir='ltr' id='par_1_90' title="bbox 2157 4726 3726 4799">
     <span class='ocr_line' id='line_1_90' title="bbox 2157 4726 3726 4799; baseline -0.001 -20"><span class='ocrx_word' id='word_1_666' title='bbox 2157 4726 2483 4794; x_wconf 81' lang='grc' dir='ltr'>ἀπόφανσις.</span> <span class='ocrx_word' id='word_1_667' title='bbox 2559 4729 2622 4782; x_wconf 76' lang='grc' dir='ltr'><strong>Ὀ</strong></span> <span class='ocrx_word' id='word_1_668' title='bbox 2649 4728 2713 4798; x_wconf 83' lang='grc' dir='ltr'>δὴ</span> <span class='ocrx_word' id='word_1_669' title='bbox 2751 4728 2918 4782; x_wconf 88' lang='grc' dir='ltr'>πολὺν</span> <span class='ocrx_word' id='word_1_670' title='bbox 2969 4729 3256 4798; x_wconf 78' lang='grc' dir='ltr'>ὲνὲσπειρε</span> <span class='ocrx_word' id='word_1_671' title='bbox 3312 4730 3405 4784; x_wconf 83' lang='grc' dir='ltr'>τὸν</span> <span class='ocrx_word' id='word_1_672' title='bbox 3438 4730 3599 4799; x_wconf 81' lang='grc' dir='ltr'>φόϐον</span> <span class='ocrx_word' id='word_1_673' title='bbox 3637 4727 3726 4779; x_wconf 80' lang='grc' dir='ltr'>καὶ</span> 
     </span>
    </p>
   </div>
   <div class='ocr_carea' id='block_1_91' title="bbox 470 4806 2046 4890">
    <p class='ocr_par' dir='ltr' id='par_1_91' title="bbox 470 4806 2046 4882">
     <span class='ocr_line' id='line_1_91' title="bbox 470 4806 2046 4882; baseline 0.005 -24"><span class='ocrx_word' id='word_1_674' title='bbox 470 4806 626 4875; x_wconf 84' lang='lat' dir='ltr'><strong>prius</strong></span> <span class='ocrx_word' id='word_1_675' title='bbox 672 4820 969 4875; x_wconf 89' lang='lat' dir='ltr'><strong>perpessus</strong></span> <span class='ocrx_word' id='word_1_676' title='bbox 1012 4815 1151 4873; x_wconf 87' lang='lat' dir='ltr'><strong>erat,</strong></span> <span class='ocrx_word' id='word_1_677' title='bbox 1193 4807 1413 4862; x_wconf 89' lang='lat' dir='ltr'><strong>vincula</strong></span> <span class='ocrx_word' id='word_1_678' title='bbox 1456 4808 1866 4878; x_wconf 88' lang='lat' dir='ltr'><strong>recordantem,</strong></span> <span class='ocrx_word' id='word_1_679' title='bbox 1913 4825 2046 4882; x_wconf 92' lang='lat' dir='ltr'><strong>quo-</strong></span> 
     </span>
    </p>
   </div>
   <div class='ocr_carea' id='block_1_92' title="bbox 2152 4806 3724 4890">
    <p class='ocr_par' dir='ltr' id='par_1_92' title="bbox 2155 4815 3724 4890">
     <span class='ocr_line' id='line_1_92' title="bbox 2155 4815 3724 4890; baseline -0.008 -12"><span class='ocrx_word' id='word_1_680' title='bbox 2155 4815 2254 4883; x_wconf 72' lang='grc' dir='ltr'><strong>τὴν</strong></span> <span class='ocrx_word' id='word_1_681' title='bbox 2287 4815 2385 4883; x_wconf 75' lang='grc' dir='ltr'>τῆς</span> <span class='ocrx_word' id='word_1_682' title='bbox 2416 4816 2640 4885; x_wconf 78' lang='grc' dir='ltr'>εἱρκτῆς</span> <span class='ocrx_word' id='word_1_683' title='bbox 2669 4815 2906 4886; x_wconf 68' lang='grc' dir='ltr'>ὑποψίαν</span> <span class='ocrx_word' id='word_1_684' title='bbox 2938 4820 2995 4882; x_wconf 69' lang='grc' dir='ltr'>ἐς</span> <span class='ocrx_word' id='word_1_685' title='bbox 3037 4822 3134 4888; x_wconf 81' lang='grc' dir='ltr'>τὴν</span> <span class='ocrx_word' id='word_1_686' title='bbox 3165 4819 3360 4873; x_wconf 82' lang='grc' dir='ltr'>τούτου</span> <span class='ocrx_word' id='word_1_687' title='bbox 3391 4821 3569 4890; x_wconf 78' lang='grc' dir='ltr'>ψυχήν</span> <span class='ocrx_word' id='word_1_688' title='bbox 3593 4836 3607 4851; x_wconf 79' lang='grc'><strong>⁸</strong></span> <span class='ocrx_word' id='word_1_689' title='bbox 3637 4815 3724 4868; x_wconf 80' lang='grc' dir='ltr'>καὶ</span> 
     </span>
    </p>
   </div>
   <div class='ocr_carea' id='block_1_93' title="bbox 470 4898 2052 4973">
    <p class='ocr_par' dir='ltr' id='par_1_93' title="bbox 470 4898 2052 4973">
     <span class='ocr_line' id='line_1_93' title="bbox 470 4898 2052 4973; baseline 0.005 -21"><span class='ocrx_word' id='word_1_690' title='bbox 470 4914 595 4952; x_wconf 88' lang='lat' dir='ltr'><strong>rum</strong></span> <span class='ocrx_word' id='word_1_691' title='bbox 639 4898 869 4970; x_wconf 84' lang='lat' dir='ltr'><strong>vestigia</strong></span> <span class='ocrx_word' id='word_1_692' title='bbox 914 4905 1159 4955; x_wconf 78' lang='lat' dir='ltr'><strong>recentia</strong></span> <span class='ocrx_word' id='word_1_693' title='bbox 1203 4900 1385 4956; x_wconf 87' lang='lat' dir='ltr'><strong>adhuc</strong></span> <span class='ocrx_word' id='word_1_694' title='bbox 1412 4909 1470 4957; x_wconf 92' lang='lat' dir='ltr'><strong>et</strong></span> <span class='ocrx_word' id='word_1_695' title='bbox 1498 4917 1754 4973; x_wconf 85' lang='lat' dir='ltr'><strong>expressa</strong></span> <span class='ocrx_word' id='word_1_696' title='bbox 1783 4903 1839 4957; x_wconf 90' lang='lat' dir='ltr'><strong>in</strong></span> <span class='ocrx_word' id='word_1_697' title='bbox 1867 4906 2052 4960; x_wconf 90' lang='lat' dir='ltr'><strong>animo</strong></span> 
     </span>
    </p>
   </div>
   <div class='ocr_carea' id='block_1_94' title="bbox 470 4989 2054 5066">
    <p class='ocr_par' dir='ltr' id='par_1_94' title="bbox 470 4989 2054 5066">
     <span class='ocr_line' id='line_1_94' title="bbox 470 4989 2054 5066; baseline 0.004 -22"><span class='ocrx_word' id='word_1_698' title='bbox 470 4989 917 5046; x_wconf 74' lang='lat' dir='ltr'><strong>circumierebat.</strong></span> <span class='ocrx_word' id='word_1_699' title='bbox 963 4990 1102 5047; x_wconf 86' lang='lat' dir='ltr'><strong>Cum</strong></span> <span class='ocrx_word' id='word_1_700' title='bbox 1136 5002 1320 5048; x_wconf 88' lang='lat' dir='ltr'><strong>autem</strong></span> <span class='ocrx_word' id='word_1_701' title='bbox 1352 4993 1518 5050; x_wconf 82' lang='lat' dir='ltr'><strong>vades</strong></span> <span class='ocrx_word' id='word_1_702' title='bbox 1544 4994 1725 5050; x_wconf 89' lang='lat' dir='ltr'><strong>minus</strong></span> <span class='ocrx_word' id='word_1_703' title='bbox 1770 5005 2054 5066; x_wconf 80' lang='lat' dir='ltr'><strong>promptos</strong></span> 
     </span>
    </p>
   </div>
   <div class='ocr_carea' id='block_1_95' title="bbox 402 5081 2052 5159">
    <p class='ocr_par' dir='ltr' id='par_1_95' title="bbox 402 5081 2052 5159">
     <span class='ocr_line' id='line_1_95' title="bbox 402 5081 2052 5159; baseline 0.003 -22"><span class='ocrx_word' id='word_1_704' title='bbox 402 5154 406 5159; x_wconf 9' lang='grc' dir='ltr'><strong><em>ἡ</em></strong></span> <span class='ocrx_word' id='word_1_705' title='bbox 470 5082 578 5138; x_wconf 88' lang='lat' dir='ltr'><strong>sibi</strong></span> <span class='ocrx_word' id='word_1_706' title='bbox 618 5081 792 5138; x_wconf 63' lang='lat' dir='ltr'><strong>altore</strong></span> <span class='ocrx_word' id='word_1_707' title='bbox 833 5083 1082 5150; x_wconf 88' lang='lat' dir='ltr'><strong>videret,</strong></span> <span class='ocrx_word' id='word_1_708' title='bbox 1135 5085 1320 5155; x_wconf 88' lang='lat' dir='ltr'><strong>plures</strong></span> <span class='ocrx_word' id='word_1_709' title='bbox 1360 5102 1426 5143; x_wconf 89' lang='lat' dir='ltr'><strong>ac</strong></span> <span class='ocrx_word' id='word_1_710' title='bbox 1452 5087 1896 5143; x_wconf 84' lang='lat' dir='ltr'><strong>vehementiores</strong></span> <span class='ocrx_word' id='word_1_711' title='bbox 1924 5104 2052 5144; x_wconf 88' lang='lat' dir='ltr'><strong>eum</strong></span> 
     </span>
    </p>
   </div>
   <div class='ocr_carea' id='block_1_96' title="bbox 472 5177 2052 5249">
    <p class='ocr_par' dir='ltr' id='par_1_96' title="bbox 472 5177 2052 5249">
     <span class='ocr_line' id='line_1_96' title="bbox 472 5177 2052 5249; baseline 0.003 -21"><span class='ocrx_word' id='word_1_712' title='bbox 472 5182 715 5230; x_wconf 87' lang='lat' dir='ltr'><strong>terrores</strong></span> <span class='ocrx_word' id='word_1_713' title='bbox 755 5183 1052 5231; x_wconf 84' lang='lat' dir='ltr'><strong>concutere</strong></span> <span class='ocrx_word' id='word_1_714' title='bbox 1097 5188 1408 5247; x_wconf 76' lang='lat' dir='ltr'><strong>cmperunt.</strong></span> <span class='ocrx_word' id='word_1_715' title='bbox 1452 5177 1599 5244; x_wconf 83' lang='lat' dir='ltr'><strong>Quas</strong></span> <span class='ocrx_word' id='word_1_716' title='bbox 1627 5179 1698 5233; x_wconf 93' lang='lat' dir='ltr'><strong>ob</strong></span> <span class='ocrx_word' id='word_1_717' title='bbox 1741 5192 1828 5233; x_wconf 88' lang='lat' dir='ltr'><strong>res</strong></span> <span class='ocrx_word' id='word_1_718' title='bbox 1871 5177 2052 5249; x_wconf 79' lang='lat' dir='ltr'><strong>fugam</strong></span> 
     </span>
    </p>
   </div>
   <div class='ocr_carea' id='block_1_97' title="bbox 454 5269 2048 5343">
    <p class='ocr_par' dir='ltr' id='par_1_97' title="bbox 454 5269 2048 5343">
     <span class='ocr_line' id='line_1_97' title="bbox 454 5269 2048 5343; baseline 0.003 -23"><span class='ocrx_word' id='word_1_719' title='bbox 454 5276 695 5322; x_wconf 85' lang='lat' dir='ltr'><strong>coactus</strong></span> <span class='ocrx_word' id='word_1_720' title='bbox 726 5269 990 5338; x_wconf 89' lang='lat' dir='ltr'><strong>arripere,</strong></span> <span class='ocrx_word' id='word_1_721' title='bbox 1024 5284 1149 5325; x_wconf 84' lang='lat' dir='ltr'><strong>cum</strong></span> <span class='ocrx_word' id='word_1_722' title='bbox 1178 5272 1362 5324; x_wconf 85' lang='lat' dir='ltr'><strong>statim</strong></span> <span class='ocrx_word' id='word_1_723' title='bbox 1410 5271 1644 5325; x_wconf 78' lang='lat' dir='ltr'><strong>sollicite</strong></span> <span class='ocrx_word' id='word_1_724' title='bbox 1687 5283 2048 5343; x_wconf 74' lang='lat' dir='ltr'><strong>quaereretur,</strong></span> 
     </span>
    </p>
   </div>
   <div class='ocr_carea' id='block_1_98' title="bbox 469 5361 1166 5431">
    <p class='ocr_par' dir='ltr' id='par_1_98' title="bbox 469 5361 1166 5431">
     <span class='ocr_line' id='line_1_98' title="bbox 469 5361 1166 5431; baseline 0.009 -20"><span class='ocrx_word' id='word_1_725' title='bbox 469 5373 741 5431; x_wconf 82' lang='lat' dir='ltr'><strong>nusquam</strong></span> <span class='ocrx_word' id='word_1_726' title='bbox 769 5369 857 5417; x_wconf 88' lang='lat' dir='ltr'><strong>est</strong></span> <span class='ocrx_word' id='word_1_727' title='bbox 890 5361 941 5416; x_wconf 91' lang='lat' dir='ltr'><strong>in</strong></span> <span class='ocrx_word' id='word_1_728' title='bbox 952 5369 1166 5417; x_wconf 81' lang='lat' dir='ltr'><strong>ventus.</strong></span> 
     </span>
    </p>
   </div>
   <div class='ocr_carea' id='block_1_99' title="bbox 2153 4905 3724 4983">
    <p class='ocr_par' dir='ltr' id='par_1_99' title="bbox 2153 4905 3724 4983">
     <span class='ocr_line' id='line_1_99' title="bbox 2153 4905 3724 4983; baseline 0.001 -23"><span class='ocrx_word' id='word_1_729' title='bbox 2153 4910 2210 4970; x_wconf 79' lang='grc' dir='ltr'>ἐς</span> <span class='ocrx_word' id='word_1_730' title='bbox 2236 4908 2546 4977; x_wconf 68' lang='grc' dir='ltr'>ἀνάμνησιν</span> <span class='ocrx_word' id='word_1_731' title='bbox 2592 4908 2792 4979; x_wconf 73' lang='grc' dir='ltr'>ἡρχετο</span> <span class='ocrx_word' id='word_1_732' title='bbox 2848 4905 3009 4975; x_wconf 83' lang='grc' dir='ltr'>αὖθις</span> <span class='ocrx_word' id='word_1_733' title='bbox 3033 4912 3143 4966; x_wconf 83' lang='grc' dir='ltr'><strong>τῶν</strong></span> <span class='ocrx_word' id='word_1_734' title='bbox 3200 4914 3484 4983; x_wconf 77' lang='grc' dir='ltr'>προτέρων</span> <span class='ocrx_word' id='word_1_735' title='bbox 3512 4911 3724 4964; x_wconf 80' lang='grc' dir='ltr'>ἐκείνων</span> 
     </span>
    </p>
   </div>
   <div class='ocr_carea' id='block_1_100' title="bbox 2154 4997 3720 5076">
    <p class='ocr_par' dir='ltr' id='par_1_100' title="bbox 2154 4997 3720 5076">
     <span class='ocr_line' id='line_1_100' title="bbox 2154 4997 3720 5076; baseline 0.001 -24"><span class='ocrx_word' id='word_1_736' title='bbox 2154 5001 2249 5053; x_wconf 81' lang='grc' dir='ltr'>καὶ</span> <span class='ocrx_word' id='word_1_737' title='bbox 2300 5000 2754 5072; x_wconf 81' lang='grc' dir='ltr'>ἀπαραμυθήτων</span> <span class='ocrx_word' id='word_1_738' title='bbox 2791 5002 3041 5074; x_wconf 75' lang='grc' dir='ltr'>δεσμῶν,</span> <span class='ocrx_word' id='word_1_739' title='bbox 3100 4997 3177 5057; x_wconf 84' lang='grc' dir='ltr'>ὧν</span> <span class='ocrx_word' id='word_1_740' title='bbox 3208 5005 3276 5058; x_wconf 76' lang='grc' dir='ltr'>τὰ</span> <span class='ocrx_word' id='word_1_741' title='bbox 3310 5007 3434 5076; x_wconf 69' lang='grc' dir='ltr'>ἴχνη</span> <span class='ocrx_word' id='word_1_742' title='bbox 3479 5002 3604 5074; x_wconf 75' lang='grc' dir='ltr'>περὶ</span> <span class='ocrx_word' id='word_1_743' title='bbox 3630 5000 3720 5066; x_wconf 79' lang='grc' dir='ltr'>τὴν</span> 
     </span>
    </p>
   </div>
   <div class='ocr_carea' id='block_1_101' title="bbox 2154 5088 3722 5166">
    <p class='ocr_par' dir='ltr' id='par_1_101' title="bbox 2154 5088 3722 5166">
     <span class='ocr_line' id='line_1_101' title="bbox 2154 5088 3722 5166; baseline 0.001 -24"><span class='ocrx_word' id='word_1_744' title='bbox 2154 5090 2382 5160; x_wconf 84' lang='grc' dir='ltr'>καρδίαν</span> <span class='ocrx_word' id='word_1_745' title='bbox 2430 5090 2512 5144; x_wconf 77' lang='grc' dir='ltr'>ἔτι</span> <span class='ocrx_word' id='word_1_746' title='bbox 2570 5091 2797 5164; x_wconf 84' lang='grc' dir='ltr'>κείμενα</span> <span class='ocrx_word' id='word_1_747' title='bbox 2850 5088 2994 5166; x_wconf 76' lang='grc' dir='ltr'>ἦσαν</span> <span class='ocrx_word' id='word_1_748' title='bbox 3038 5096 3310 5166; x_wconf 76' lang='grc' dir='ltr'>ἐναργῶς,</span> <span class='ocrx_word' id='word_1_749' title='bbox 3366 5096 3516 5149; x_wconf 73' lang='grc' dir='ltr'>Ἐπει</span> <span class='ocrx_word' id='word_1_750' title='bbox 3547 5095 3603 5146; x_wconf 82' lang='grc' dir='ltr'>δὲ</span> <span class='ocrx_word' id='word_1_751' title='bbox 3636 5092 3722 5144; x_wconf 79' lang='grc' dir='ltr'><strong>καὶ</strong></span> 
     </span>
    </p>
   </div>
   <div class='ocr_carea' id='block_1_102' title="bbox 2150 5184 3720 5261">
    <p class='ocr_par' dir='ltr' id='par_1_102' title="bbox 2150 5184 3720 5261">
     <span class='ocr_line' id='line_1_102' title="bbox 2150 5184 3720 5261; baseline 0.003 -26"><span class='ocrx_word' id='word_1_752' title='bbox 2150 5184 2549 5256; x_wconf 81' lang='grc' dir='ltr'>όκνηροτέρους</span> <span class='ocrx_word' id='word_1_753' title='bbox 2584 5185 2782 5239; x_wconf 77' lang='grc' dir='ltr'>ἕϐλεπε</span> <span class='ocrx_word' id='word_1_754' title='bbox 2817 5189 2942 5251; x_wconf 79' lang='grc' dir='ltr'>τοὺς</span> <span class='ocrx_word' id='word_1_755' title='bbox 2983 5189 3451 5261; x_wconf 59' lang='grc' dir='ltr'>ἐγγυησομένους,</span> <span class='ocrx_word' id='word_1_756' title='bbox 3478 5184 3720 5259; x_wconf 59' lang='grc' dir='ltr'><strong>συχωτέ·</strong></span> 
     </span>
    </p>
   </div>
   <div class='ocr_carea' id='block_1_103' title="bbox 2158 5276 3720 5353">
    <p class='ocr_par' dir='ltr' id='par_1_103' title="bbox 2158 5276 3720 5353">
     <span class='ocr_line' id='line_1_103' title="bbox 2158 5276 3720 5353; baseline 0.004 -26"><span class='ocrx_word' id='word_1_757' title='bbox 2158 5290 2292 5344; x_wconf 79' lang='grc' dir='ltr'>ροις.</span> <span class='ocrx_word' id='word_1_758' title='bbox 2311 5277 2405 5331; x_wconf 78' lang='grc' dir='ltr'>καὶ</span> <span class='ocrx_word' id='word_1_759' title='bbox 2451 5276 2798 5349; x_wconf 73' lang='grc' dir='ltr'>δριμυτέροις</span> <span class='ocrx_word' id='word_1_760' title='bbox 2856 5279 3232 5352; x_wconf 78' lang='grc' dir='ltr'>ἐπολιορκεῖτο</span> <span class='ocrx_word' id='word_1_761' title='bbox 3266 5282 3467 5353; x_wconf 80' lang='grc' dir='ltr'>μᾶλλον</span> <span class='ocrx_word' id='word_1_762' title='bbox 3498 5281 3605 5340; x_wconf 84' lang='grc' dir='ltr'>τοῖς</span> <span class='ocrx_word' id='word_1_763' title='bbox 3635 5276 3720 5345; x_wconf 81' lang='grc' dir='ltr'>φό-</span> 
     </span>
    </p>
   </div>
   <div class='ocr_carea' id='block_1_104' title="bbox 2159 5366 3718 5451">
    <p class='ocr_par' dir='ltr' id='par_1_104' title="bbox 2159 5366 3718 5451">
     <span class='ocr_line' id='line_1_104' title="bbox 2159 5366 3718 5451; baseline 0 -30"><span class='ocrx_word' id='word_1_764' title='bbox 2159 5370 2294 5433; x_wconf 79' lang='grc' dir='ltr'>ϐοις.</span> <span class='ocrx_word' id='word_1_765' title='bbox 2326 5370 2548 5423; x_wconf 43' lang='lat' dir='ltr'><strong>Atiam}.</strong></span> <span class='ocrx_word' id='word_1_766' title='bbox 2579 5371 2951 5442; x_wconf 78' lang='grc' dir='ltr'>ἀναγκασθεὶς</span> <span class='ocrx_word' id='word_1_767' title='bbox 3004 5373 3178 5446; x_wconf 72' lang='grc' dir='ltr'>ᾤχετο</span> <span class='ocrx_word' id='word_1_768' title='bbox 3212 5369 3604 5451; x_wconf 43' lang='grc' dir='ltr'>λάθραέρυγὼν</span> <span class='ocrx_word' id='word_1_769' title='bbox 3632 5366 3718 5422; x_wconf 77' lang='grc' dir='ltr'>καὶ</span> 
     </span>
    </p>
   </div>
   <div class='ocr_carea' id='block_1_105' title="bbox 2158 5446 3325 5540">
    <p class='ocr_par' dir='ltr' id='par_1_105' title="bbox 2158 5460 3325 5540">
     <span class='ocr_line' id='line_1_105' title="bbox 2158 5460 3325 5540; baseline 0.009 -28"><span class='ocrx_word' id='word_1_770' title='bbox 2158 5460 2389 5515; x_wconf 76' lang='grc' dir='ltr'>πλεῖστα</span> <span class='ocrx_word' id='word_1_771' title='bbox 2426 5464 2760 5534; x_wconf 73' lang='grc' dir='ltr'>ζητούμενος</span> <span class='ocrx_word' id='word_1_772' title='bbox 2790 5464 2952 5530; x_wconf 77' lang='grc' dir='ltr'>εὐθὺς</span> <span class='ocrx_word' id='word_1_773' title='bbox 2977 5468 3077 5539; x_wconf 82' lang='grc' dir='ltr'><strong>οὐχ</strong></span> <span class='ocrx_word' id='word_1_774' title='bbox 3104 5467 3325 5540; x_wconf 79' lang='grc' dir='ltr'>εὑρέθη.</span> 
     </span>
    </p>
   </div>
   <div class='ocr_carea' id='block_1_106' title="bbox 1824 5568 2385 5634">
    <p class='ocr_par' dir='ltr' id='par_1_106' title="bbox 1824 5568 2385 5634">
     <span class='ocr_line' id='line_1_106' title="bbox 1824 5568 2385 5634; baseline 0.009 -7"><span class='ocrx_word' id='word_1_775' title='bbox 1824 5568 2157 5629; x_wconf 65' lang='lat' dir='ltr'><strong>Variorum</strong></span> <span class='ocrx_word' id='word_1_776' title='bbox 2200 5583 2385 5634; x_wconf 78' lang='lat' dir='ltr'><strong>notae.</strong></span> 
     </span>
    </p>
   </div>
   <div class='ocr_carea' id='block_1_107' title="bbox 536 5686 1897 5828">
    <p class='ocr_par' dir='ltr' id='par_1_107' title="bbox 536 5686 1897 5828">
     <span class='ocr_line' id='line_1_107' title="bbox 536 5686 1897 5828; baseline 0.002 -86"><span class='ocrx_word' id='word_1_777' title='bbox 536 5686 657 5828; x_wconf 44' lang='lat' dir='ltr'><strong>265g</strong></span> <span class='ocrx_word' id='word_1_778' title='bbox 679 5686 1118 5755; x_wconf 77' lang='lat' dir='ltr'><strong>Cantacuzenus,</strong></span> <span class='ocrx_word' id='word_1_779' title='bbox 1156 5690 1255 5745; x_wconf 80' lang='lat' dir='ltr'><strong>lib.</strong></span> <span class='ocrx_word' id='word_1_780' title='bbox 1289 5707 1348 5755; x_wconf 81' lang='grc' dir='ltr'><strong>ιι,</strong></span> <span class='ocrx_word' id='word_1_781' title='bbox 1384 5706 1504 5762; x_wconf 84' lang='lat' dir='ltr'><strong>cap.</strong></span> <span class='ocrx_word' id='word_1_782' title='bbox 1538 5692 1628 5747; x_wconf 62' lang='grc' dir='ltr'>Ἣ.</span> <span class='ocrx_word' id='word_1_783' title='bbox 1662 5692 1897 5748; x_wconf 71' lang='lat' dir='ltr'><strong>Ducum.</strong></span> 
     </span>
     <span class='ocr_line' id='line_1_108' title="bbox 564 5758 1897 5828; baseline 0.004 -15"><span class='ocrx_word' id='word_1_784' title='bbox 564 5758 634 5813; x_wconf 76' lang='grc'>66</span> <span class='ocrx_word' id='word_1_785' title='bbox 685 5760 790 5825; x_wconf 78' lang='lat' dir='ltr'><strong>Qui</strong></span> <span class='ocrx_word' id='word_1_786' title='bbox 821 5761 1004 5828; x_wconf 82' lang='lat' dir='ltr'><strong>magni</strong></span> <span class='ocrx_word' id='word_1_787' title='bbox 1055 5761 1233 5828; x_wconf 74' lang='lat' dir='ltr'><strong>Papia:</strong></span> <span class='ocrx_word' id='word_1_788' title='bbox 1269 5760 1536 5828; x_wconf 80' lang='lat' dir='ltr'><strong>dignitate</strong></span> <span class='ocrx_word' id='word_1_789' title='bbox 1571 5764 1807 5819; x_wconf 86' lang='lat' dir='ltr'><strong>donatus</strong></span> <span class='ocrx_word' id='word_1_790' title='bbox 1842 5766 1897 5818; x_wconf 72' lang='lat' dir='ltr'><strong>(li</strong></span> 
     </span>
    </p>
   </div>
   <div class='ocr_carea' id='block_1_108' title="bbox 564 5758 3234 5845">
    <p class='ocr_par' dir='ltr' id='par_1_108' title="bbox 564 5758 3234 5845">
     <span class='ocr_line' id='line_1_109' title="bbox 564 5758 3234 5845; baseline 0.007 -33"><span class='ocrx_word' id='word_1_791' title='bbox 564 5758 655 5828; x_wconf 74' lang='grc'><strong>66)</strong></span> <span class='ocrx_word' id='word_1_792' title='bbox 685 5760 790 5825; x_wconf 79' lang='lat' dir='ltr'><strong>Qui</strong></span> <span class='ocrx_word' id='word_1_793' title='bbox 821 5761 1004 5831; x_wconf 84' lang='lat' dir='ltr'><strong>magni</strong></span> <span class='ocrx_word' id='word_1_794' title='bbox 1055 5761 1233 5830; x_wconf 66' lang='lat' dir='ltr'><strong>Papiae</strong></span> <span class='ocrx_word' id='word_1_795' title='bbox 1269 5758 1536 5832; x_wconf 74' lang='lat' dir='ltr'><strong>dignitate</strong></span> <span class='ocrx_word' id='word_1_796' title='bbox 1571 5764 1807 5819; x_wconf 86' lang='lat' dir='ltr'><strong>donatus</strong></span> <span class='ocrx_word' id='word_1_797' title='bbox 1842 5766 2045 5822; x_wconf 82' lang='lat' dir='ltr'><strong>dicitur</strong></span> <span class='ocrx_word' id='word_1_798' title='bbox 2084 5765 2449 5823; x_wconf 37' lang='lat' dir='ltr'><strong>Cantacuzcn.</strong></span> <span class='ocrx_word' id='word_1_799' title='bbox 2484 5770 2580 5825; x_wconf 87' lang='lat' dir='ltr'><strong>lib.</strong></span> <span class='ocrx_word' id='word_1_800' title='bbox 2620 5786 2678 5835; x_wconf 85' lang='lat' dir='ltr'><strong>ll,</strong></span> <span class='ocrx_word' id='word_1_801' title='bbox 2716 5786 2835 5845; x_wconf 87' lang='lat' dir='ltr'><strong>cap.</strong></span> <span class='ocrx_word' id='word_1_802' title='bbox 2867 5772 2956 5828; x_wconf 76' lang='lat'><strong>2&#39;7.</strong></span> <span class='ocrx_word' id='word_1_803' title='bbox 2998 5776 3234 5830; x_wconf 66' lang='lat' dir='ltr'><strong>Decus.</strong></span> 
     </span>
    </p>
   </div>
  </div>
