4062 6488
446 426 551 493 δθι
740 422 818 494 [Α.
858 437 914 477 ιι.
951 416 1091 476 6836
1130 430 1193 473 AD
1233 416 1396 489 6349]

1651 413 2071 481 NICEPHORI
2110 406 2428 477 GREGOR
2448 406 2503 473 Ε

3616 400 3732 472 ϐθῖ

2776 406 2914 479 [ηερ.
2956 413 3237 463 Atiottomc.
3279 403 3428 478 103.]

446 546 599 614 galea
629 552 683 599 et
712 542 870 598 hasta
896 541 977 598 sic
999 554 1212 607 eorum,
1234 539 1326 609 qui
1354 552 1549 611 pugnae
1578 518 1773 593 arbitri
1806 536 2019 601 sedent,

2138 532 2416 606 ςυμμαχία
2446 528 2851 603 ἐπιτηδεύεται.
2926 530 3117 592 Ἀσπῖς
3148 526 3257 598 γάρ
3300 526 3405 581 καὶ
3455 525 3592 597 δόρυ
3626 525 3725 580 καὶ

441 636 705 709 judicium
746 648 894 703 saepe
918 639 1308 704 praeoccupant
1337 641 1393 685 et
1420 630 1535 685 veri
1569 630 1770 685 indicia
1794 628 2023 684 confun-

444 729 604 791 dunt,
637 736 699 783 ut
728 725 902 796 ipsius
928 738 1126 779 manus
1163 731 1343 779 errata
1372 722 1664 793 profundis
1686 722 1839 792 quasi
1875 730 2028 775 tene-

443 821 561 877 bris
583 834 762 875 mersa
799 817 1103 873 involvant.
1120 814 1177 871 ln
1197 815 1509 871 calamitate
1529 829 1663 869 vero
1683 813 1850 868 animi
1874 813 2027 867 fortis

445 911 580 966 tudo
609 910 723 965 sola
756 909 812 963 in
847 917 1124 963 certamen
1146 906 1453 971 descendit,
1474 905 1759 976 nudosque
1797 914 1852 960 et
1883 905 2027 959 iner-

444 1017 564 1058 mes
588 1001 778 1071 pedes,
803 1000 1033 1055 consilio
1055 1002 1111 1054 ét
1132 998 1422 1068 prudentia
1460 995 1628 1054 veluti
1653 997 1810 1051 firmo
1831 996 2025 1052 funda-

443 1103 633 1149 mento
667 1093 823 1148 nixos
854 1091 1154 1145 olitirmans
1175 1131 1190 1157 ,
1243 1089 1537 1145 fortissime
1570 1090 1830 1145 resistere
1861 1100 2025 1158 atque

443 1186 618 1242 obniti
642 1195 821 1256 pOtest
844 1185 1027 1240 cuivis
1043 1184 1249 1239 doloris
1276 1183 1465 1239 ﬂuctui
1491 1197 1555 1238 ac
1576 1182 1815 1237 violento
1843 1166 2023 1246 testui,

442 1280 597 1335 velut
623 1280 1013 1341 inconcussum
1045 1278 1481 1347 promontorium
1515 1273 1810 1329 insanienti
1833 1272 2027 1343 pelago

443 1372 746 1441 o'bjectum.
800 1371 879 1426 Ac
926 1370 1224 1424 vehemens
1270 1368 1490 1437 quidem
1540 1367 1691 1422 illius
1746 1363 2029 1434 tragoedia:

444 1469 742 1531 tempestas
770 1459 892 1522 fuit.
926 1474 1090 1529 quam
1123 1458 1220 1515 tibi
1250 1458 1422 1528 patris
1458 1455 1812 1526 imperatoris
1840 1454 2027 1509 obitus

445 1553 770 1617 suscitavit;
803 1550 1098 1614 vehemens
1133 1551 1264 1604 item
1295 1564 1381 1614 ea,
1414 1562 1577 1619 quam
1611 1547 1697 1604 avi
1731 1547 2029 1617 imperato-

443 1644 527 1699 ris
573 1643 849 1699 interitus.
887 1642 993 1699 Sed
1044 1650 1224 1697 tamen
1276 1650 1453 1696 matre
1509 1640 1801 1711 superstite
1844 1636 2026 1694 solatii

444 1736 681 1792 multum
716 1734 1007 1806 superfuit,
1040 1750 1150 1805 quo
1186 1735 1366 1790 luctus
1397 1734 1490 1789 ille
1519 1734 1798 1789 levaretur
1827 1739 1882 1787 et
1908 1729 2025 1786 efﬁ-

446 1828 562 1884 caci
598 1828 885 1883 hilaritatis
913 1826 1154 1883 remedio
1171 1823 1349 1883 veluti
1362 1822 1703 1882 condiretur.
1727 1823 1797 1880 At
1820 1823 1910 1878 hic
1926 1819 2022 1893 qui

2133 625 2335 697 κράνος
2351 625 2449 696 τὴν
2475 623 2583 678 τῶν
2604 622 3086 693 άγωνοθετούντων
3103 620 3367 683 πολλάκις
3387 617 3728 688 ἁρπάσαντα

2134 717 2319 786 κρίσιν
2346 716 2441 772 καὶ
2483 715 2914 786 συγκυκήσαντα
2944 715 3071 776 τοὺς
3119 713 3374 786 ἐλέγχους
3410 712 3472 764 ὲν
3502 708 3729 781 ἀδήλοις

2133 807 2248 863 ἔσθ’
2281 808 2370 869 ὅτε
2401 808 2587 879 βυθοτς
2618 808 2719 877 τῆς
2751 806 3016 875 παλάμης
3069 803 3449 874 τάγκλήματα
3496 801 3729 855 συνεκά-

2131 900 2334 972 λυψαν.
2399 898 2668 954 Ἐνταῦθα
2719 888 2826 967 δ”ή
2880 898 2980 968 τῆς
3027 895 3206 967 ψυχῆς
3234 893 3436 967 ἀνδρία
3467 891 3731 962 καθαρῶς

2132 986 2478 1063 ἀποδυομένη
2534 991 2673 1061 πρδς
2733 990 2862 1054 τοὺς
2896 988 3118 1057 ἀγῶνας
3165 985 3282 1056 ἔχει
3308 983 3605 1053 ’καθάπερ
3639 982 3734 1035 ἐπὶ

2134 1088 2369 1160 στερρᾶς
2394 1084 2662 1156 κρηπῖδος
2688 1081 2827 1153 (70),
2847 1081 2948 1152 τῆς
2968 1081 3194 1151 γνώμης
3225 1095 3281 1132 τε
3307 1082 3410 1132 καὶ
3431 1076 3732 1139 συνέσεως,

2133 1177 2374 1247 γυμνοὺς
2427 1175 2524 1229 καὶ
2575 1173 2815 1238 ἀόπλους
2868 1174 2994 1235 τοὺς
3051 1171 3219 1234 πόδας
3247 1170 3527 1236 ἐρείσασα
3586 1166 3735 1238 μάλα

2132 1269 2398 1340 γενναίως
2421 1266 2779 1322 ἀνθίστασθαι
2803 1268 2901 1319 καὶ
2926 1265 3179 1337 ἀντέχειν
3202 1263 3339 1333 πρὸς
3370 1262 3530 1316 ἆπαν
3554 1260 3737 1326 λύπης

2131 1361 2285 1432 κῦμα
2315 1359 2412 1413 καὶ
2430 1358 2631 1432 ῥόθιον,
2650 1357 2904 1430 καθάπερ
2924 1357 3168 1429 προϐλὴς
3191 1355 3497 1417 άτίνακτος
3516 1354 3736 1406 ἑστῶσα

2102 1464 2105 1467 ’
2137 1454 2274 1526 πρὸς
2302 1448 2636 1522 ὑϐρίζουσαν
2668 1449 2972 1505 θάλασσαν.
3022 1446 3264 1518 Σφοδρδς
3299 1449 3408 1518 μὲν
3459 1439 3562 1498 οὖν
3591 1438 3661 1513 ἦν
3712 1443 3740 1494 ό

2134 1545 2344 1618 λειμὼν
2388 1546 2607 1616 ἐκείνης
2663 1548 2763 1616 τῆς
2801 1543 3137 1620 τραγῳδίας,
3167 1542 3236 1614 ἢν
3263 1543 3292 1597 ὁ
3322 1539 3426 1595 τοῦ
3466 1537 3739 1610 βασιλέως

2134 1640 2228 1695 καὶ
2287 1639 2495 1712 πατρὸς
2551 1639 2830 1712 ὲπήνεγκέ
2866 1655 2948 1692 σοι
2985 1636 3254 1706 θάνατος’
3308 1632 3558 1702 σφοδρὸς
3589 1620 3735 1685 δ”αὖ

2134 1732 2233 1786 καὶ
2262 1732 2292 1787 ό
2325 1729 2419 1786 τοῦ
2455 1729 2726 1801 βασιλέως
2749 1728 2846 1785 καὶ
2876 1728 3131 1791 πάππου,
3166 1726 3217 1780 εί
3247 1724 3324 1795 μὴ
3368 1720 3473 1778 καὶ
3508 1718 3749 1792 μείζονα

2138 1819 2273 1893 φαίη
2298 1838 2383 1887 τις
2407 1819 2496 1888 ἄν,
2518 1821 2602 1893 ὅτι
2634 1819 2743 1886 ζῶν
2772 1819 2869 1873 καῖ
2894 1818 3215 1889 κινούμενον
3254 1815 3427 1879 αὐτὸς
3451 1812 3740 1869 ἐλέλειπτο

454 1930 512 1975 te
544 1936 691 1976 nunc
728 1918 965 1976 domina:
999 1919 1190 1975 matris
1217 1934 1378 1975 casus
1412 1919 1687 1990 oppressit
1719 1917 1880 1987 longe
1908 1922 2035 1987 gra-

2138 1892 2457 1985 φάρμακον,
2493 1892 2689 1983 ἡδονὴν
2737 1909 2959 1983 ὁμαλῶς
3010 1905 3210 1962 οὑτωσί
3240 1923 3363 1970 πως
3395 1902 3741 1974 ἀντιτεχνώ-

435 2004 730 2065 'vissimus‘
771 2024 987 2065 omnem
1043 2009 1252 2065 doloris
1331 2009 1695 2065 acerbitatem
1772 2013 2032 2078 superat,

443 2095 608 2167 592
639 2113 763 2157 cum
789 2098 860 2153 ob
892 2098 1154 2169 majorem
1206 2098 1492 2168 sanguinis
1534 2096 1880 2161 afﬁnitatem,
1917 2099 2036 2153 tum

444 2188 590 2255 quod
634 2203 700 2243 ea
730 2189 842 2244 sola
875 2196 1116 2261 extrema
1146 2188 1367 2244 familia:
1392 2202 1592 2244 ancora
1616 2197 1673 2243 et
1694 2203 1908 2244 summa
1939 2186 2038 2241 ob-

442 2276 667 2333 lectatio
705 2278 915 2350 reliqua
950 2278 1075 2334 fuit.
1106 2277 1243 2334 Nam
1273 2277 1342 2333 ad
1379 2278 1529 2349 ipsas
1557 2292 1733 2346 usque
1769 2277 2038 2332 medullas

443 2377 697 2439 penetrat
715 2370 806 2425 hic
822 2371 1000 2435 dolor,
1028 2379 1084 2426 et
1109 2370 1229 2440 ipsa
1253 2385 1374 2425 ossa
1398 2379 1510 2433 tua,
1535 2368 1835 2425 fortissime
1863 2369 2039 2439 impe-

446 2468 621 2525 rator,
641 2469 902 2532 tanquam
923 2462 1126 2530 aliquis
1141 2463 1341 2518 vermis
1373 2462 1604 2517 arrodit.
1636 2461 1837 2529 Quidni
1868 2467 2039 2520 vero?
2066 2534 2071 2540 _

447 2565 576 2606 cum
604 2567 667 2607 ea
701 2560 877 2606 mater
905 2551 1091 2619 fuerit,
1118 2561 1314 2619 mater,
1344 2554 1591 2623 inquam,
1623 2553 2032 2624 augustissima,

451 2638 753 2709 eademque
789 2637 1137 2704 suavissima,
1182 2649 1240 2694 et
1271 2639 1444 2693 firmis
1468 2654 1531 2693 ac
1561 2639 2035 2694 indi‘ssolubilibus

448 2741 663 2786 natura
707 2731 943 2787 vinculis
989 2731 1089 2805 tibi
1142 2732 1365 2787 astricta
1394 2748 1409 2787 :
1437 2741 1494 2787 et
1521 2732 1667 2803 quod
1717 2733 1891 2805 majus
1927 2742 2032 2799 est,

446 2823 700 2890 plurimis
717 2832 812 2879 tua
837 2802 1312 2881 causadaboribus
1347 2802 1665 2881 exercitata.
1688 2802 1878 2896 Neque
1900 2840 2032 2881 vero

444 2922 499 2971 te
526 2916 700 2972 solum
723 2932 819 2973 sua
844 2928 1018 2972 morte
1037 2916 1093 2971 in
1125 2926 1329 2973 tantam
1347 2919 1629 2974 tristitiam
1653 2918 1914 2987 conjecit,
1936 2917 2032 2974 sed

445 3008 612 3076 etiam
662 3024 764 3064 nos
813 3024 1028 3075 omnes,
1061 3009 1157 3078 qui
1182 3009 1341 3066 vobis
1386 3026 1663 3079 paremus.
1707 3007 1823 3066 lmo
1851 3011 2033 3067 luctus

447 3097 553 3160 iste
592 3109 781 3155 noster
831 3097 1033 3170 duplex
1062 3111 1166 3156 est.
1196 3082 1331 3156 Nam
1362 3110 1418 3156 et
1447 3116 1547 3157 nos
1586 3116 1806 3171 gravem
1848 3101 2033 3171 jactu-

448 3200 566 3243 ram
616 3187 872 3254 fecimus,
919 3204 1094 3258 eoque
1128 3191 1414 3261 majorem,
1458 3190 1609 3259 quod
1651 3197 1709 3259 et
1748 3189 1861 3254 illa,
1900 3189 2030 3245 dum

446 3280 683 3344 viveret,
715 3280 973 3336 salutaris
1013 3291 1202 3349 portus
1239 3277 1486 3335 omnium
1518 3280 1622 3335 fuit
1649 3290 1705 3336 et
1737 3295 2028 3336 commune
2054 3263 2100 3326 Ο

448 3362 741 3440 εδιαιὶυιης
770 3383 825 3428 et
857 3352 1021 3429 nune‘
1042 3382 1190 3441 tuam
1229 3374 1671 3445 augustissimam
1698 3383 1755 3431 et
1784 3374 2030 3445 publica-

447 3480 571 3519 rum
620 3480 806 3519 rerum
858 3464 1240 3533 inspectricem
1271 3478 1328 3523 et
1355 3466 1685 3522 curatricem
1734 3479 2033 3523 mentema

448 3557 780 3615 necessariis
825 3557 973 3613 curis
1002 3566 1210 3614 avocat.
1244 3558 1399 3625 Quod
1429 3562 1619 3615 sicam
1661 3575 1771 3614 non
1806 3574 2034 3631 prorsus

450 3658 618 3720 atque
663 3649 892 3706 omnino
933 3651 1239 3716 abstrahit,
1281 3662 1462 3709 tamen
1496 3654 1549 3708 in
1581 3661 1732 3708 tanto
1774 3667 2034 3721 curarum

449 3750 585 3807 aistu
633 3741 803 3798 etiam
851 3758 1080 3814 parvum
1116 3744 1570 3816 impedimentum
1603 3744 1839 3799 maxima
1874 3742 2036 3799 affert

451 3831 785 3889 detrimenta
840 3833 1157 3905 reipublicae
1212 3837 1450 3908 navigio,
1506 3851 1614 3892 non
1666 3850 1826 3891 secus
1878 3850 1943 3891 ac
1987 3833 2035 3891 si

451 3925 790 4001 gubernator
824 3928 878 3983 in
906 3927 1085 3983 medio
1114 3927 1307 3999 pelago
1337 3935 1661 4000 tempestate
1688 3927 2032 3993 conﬂictans,

450 4019 667 4081 inferne
690 4017 947 4077 ﬂuctibus
977 4019 1416 4091 insurgentibus,
1441 4035 1680 4091 superne
1701 4036 1831 4076 vero
1855 4020 2037 4076 ventis

451 4114 575 4169 Vela
613 4112 992 4175 turbantibus,
1025 4112 1246 4169 interim
1278 4123 1335 4169 et
1364 4113 1483 4183 ipse
1511 4112 1596 4168 sui
1625 4112 1873 4167 muneris
1897 4110 2038 4166 obli-

451 4212 545 4261 tus
573 4203 856 4273 dormitet,
888 4212 950 4260 ut
981 4204 1119 4260 nihil
1142 4205 1255 4276 jam
1285 4203 1356 4259 sit
1384 4203 1658 4274 reliquum
1708 4202 1857 4275 quod
1905 4218 2037 4273 pro-

450 4296 664 4363 hibeat,
708 4297 1006 4367 quominus
1042 4295 1199 4350 navis
1224 4296 1279 4351 in
1313 4295 1541 4351 fundum
1575 4296 1744 4351 maris
1765 4295 1884 4353 suis
1908 4310 2034 4351 cum

451 4390 771 4453 vectoribus
798 4391 984 4446 subito
1005 4388 1371 4459 demergatur.
1403 4387 1794 4454 Quamobrem,
1819 4399 1879 4443 ut
1898 4387 2035 4442 nihii

451 4482 602 4538 aliud
660 4490 714 4538 te
766 4491 1025 4546 moveat,
1089 4481 1281 4538 saltem
1338 4487 1567 4549 propter
1611 4479 1888 4549 subjectas
1939 4479 2035 4533 tibi

2147 2023 2307 2078 μενον
2338 2005 2439 2076 τῆς
2470 2004 2675 2076 σφόδρα
2704 2003 2937 2074 ζεούσης
2969 2000 3187 2072 ἐκείνης
3225 2001 3323 2055 καὶ
3358 1994 3743 2069 φλεγμαινούά

2148 2114 2248 2170 σης
2280 2096 2521 2170 πληγῆς.
2564 2096 2707 2151 Ἀλλ’
2733 2096 2768 2169 ἠ
2802 2092 2900 2149 νῦν
2934 2091 3245 2148 ἐπελθοῦσά
3275 2108 3364 2149 σοι
3395 2091 3503 2162 τῆς
3532 2088 3749 2161 μητρὸς

2144 2189 2244 2244 καὶ
2275 2190 2565 2262 δεσποίνης
2615 2189 2879 2261 συμφορά
2917 2186 3099 2258 πολλῷ
3155 2182 3631 2256 στρατηγουμένη
3661 2178 3740 2251 τῷ

2142 2284 2545 2356 ὑπερϐάλλοντι
2571 2285 2753 2338 πᾶσαν
2786 2281 3179 2353 ὑπερπέπαικε
3208 2278 3399 2351 λύπης
3421 2273 3751 2346 ὑπερϐολὴν

2144 2377 2233 2432 διά
2264 2394 2322 2431 τε
2351 2376 2411 2430 τὸ
2435 2376 2536 2447 τῆς
2557 2373 2773 2445 φύσεως
2797 2374 3229 2444 συγγενέστερον
3252 2370 3350 2425 καὶ
3377 2367 3570 2438 πολλῷ
3605 2367 3741 2437 μᾶλ-

2143 2468 2235 2522 λον
2266 2468 2353 2522 διά
2380 2469 2444 2522 τὸ
2474 2470 2647 2538 μόνην
2675 2466 2884 2538 ταύτην
2937 2466 3032 2523 τοῦ
3075 2466 3268 2535 γένους
3295 2460 3739 2531 καταλελεῖφθαι

2146 2561 2467 2616 τελευταίαν
2488 2561 2742 2634 ἄγκυραν
2767 2561 2863 2616 καὶ
2884 2562 3156 2632 θυμηδίας
3177 2560 3514 2632 ἀκρόπολιν.
3530 2559 3738 2613 ’Ἄπτε-

2146 2670 2236 2705 ται
2264 2653 2373 2722 γὰρ
2409 2654 2503 2706 καὶ
2559 2651 2761 2719 αὐτῶν,
2817 2652 2894 2717 ὡς
2926 2654 3125 2716 εἰπεῖν,
3166 2653 3388 2723 μυελῶν
3420 2654 3521 2721 τῆς
3555 2649 3738 2720 ψυχῆς
3812 2639 3821 2645 ’

2144 2744 2238 2799 καὶ
2272 2744 2369 2815 σὴς
2400 2743 2602 2798 ὀστέων
2649 2743 2980 2799 καθίσταταί
3013 2762 3099 2799 σοι
3126 2744 3205 2815 τῷ
3250 2744 3436 2800 πάντα
3472 2742 3743 2814 γενναίῳ.-

2142 2836 2254 2890 Kal.
2281 2835 2398 2900 πῶς
2427 2835 2537 2907 γὰρ
2568 2835 2669 2903 οὑξ
2698 2838 2898 2908 Μήτηρ
2918 2855 2978 2891 τε
3006 2836 3145 2892 οὖσα
3176 2836 3270 2891 καὶ
3301 2837 3496 2909 μήτηρ
3527 2834 3736 2905 βασιλι·

2142 2929 2362 2999 κωτάτη
2379 2944 2440 2981 τε
2461 2928 2557 2982 καὶ
2579 2927 2895 3001 γλυκυτάτη
2923 2929 3022 2983 καὶ
3040 2930 3285 3001 στερροῖς
3312 2929 3414 2982 καὶ
3439 2929 3738 3000 ἀρρήκτοις

2139 3023 2239 3093 τῆς
2260 3021 2477 3091 φύσεώς
2507 3039 2590 3076 σοι
2616 3023 2976 3096 συνδεδεμένη
3004 3025 3117 3088 τοῖς
3145 3023 3486 3094 σπλάγχνοις
3517 3037 3532 3052 ·
3563 3021 3654 3076 καὶ
3679 3018 3735 3073 τό

2138 3132 2203 3184 γε
2224 3114 2433 3185 μεῖζον,
2457 3115 2750 3180 πλείστους
2776 3115 2920 3188 ὑπὲρ
2942 3117 3037 3170 σοῦ
3057 3117 3183 3181 τοὺς
3208 3116 3411 3178 πόνους
3435 3113 3743 3170 ἀνατλᾶσαω

2137 3208 2212 3262 Οὑ
2236 3207 2296 3262 σὲ
2322 3207 2379 3261 δὲ
2414 3206 2576 3278 μόνον
2607 3208 2667 3273 ἐς
2694 3208 2814 3263 τόδε
2846 3209 3026 3285 λύπης
3060 3209 3248 3278 ἐκείνη
3279 3206 3530 3264 θανοῦσα
3562 3204 3726 3273 ξυνώ·
3766 3251 3787 3258 -

2133 3299 2320 3368 θησεν,
2350 3297 2485 3352 ἀλλὰ
2535 3298 2630 3353 καὶ
2683 3297 2897 3362 πάντας
2927 3286 3057 3375 τοὺς
3087 3299 3366 3370 ὑπηκόους
3416 3298 3568 3369 ἡμᾶς
3592 3312 3607 3328 ’
3642 3292 3736 3346 καὶ

2132 3390 2294 3461 διπλῆ
2323 3408 2387 3460 γε
2423 3390 2647 3460 μᾶλλον.
2685 3391 2867 3461 Ζημία
2904 3391 3005 3462 μὲν
3035 3390 3143 3463 γὰρ
3176 3390 3274 3444 καὶ
3298 3390 3441 3462 ἡμῖν
3486 3388 3732 3463 ἐγεγόνει

2138 3482 2395 3554 μεγίστη,
2454 3481 2538 3557 [Ρ.
2564 3481 2718 3561 ῥοῦ]
2773 3484 2866 3536 καὶ
2912 3481 3141 3536 τοσοῦτο
3173 3482 3438 3553 μεγίστη,
3465 3480 3618 3533 ’ὅσον
3642 3476 3733 3529 καὶ

2135 3572 2408 3643 περιοῦσα
2435 3573 2604 3646 λιμήν
2632 3591 2718 3638 τις
2749 3566 2967 3644 ὑπῆρχε
2994 3575 3107 3636 τοῖς
3152 3573 3296 3635 ὅλοις
3342 3572 3535 3647 ἐκείνη
3569 3566 3733 3636 σωτή-

2137 3681 2253 3737 ριος
2285 3666 2381 3719 καὶ
2409 3667 2724 3736 πανήγυρις
2754 3665 3026 3737 εὐθυμίας
3048 3682 3062 3697 ο
3099 3665 3160 3719 τὸ
3189 3664 3245 3718 δὲ
3280 3665 3498 3736 μεῖζον,
3530 3663 3612 3716 ὅτι
3639 3658 3739 3714 καὶΓ

2138 3753 2234 3808 σοῦ
2264 3753 2357 3809 τὸν
2389 3754 2822 3826 βασιλικώτατον
2867 3756 2964 3809 καὶ
3014 3754 3124 3810 τῶν
3155 3755 3354 3809 κοινῶν
3383 3754 3730 3827 πραγμάτων

2137 3855 2383 3925 ἡγεμόνα
2405 3869 2465 3906 τε
2485 3852 2581 3906 καὶ
2609 3851 2857 3922 ὲπόπτην
2876 3851 3001 3906 νοῦν
3026 3852 3137 3907 τῶν
3166 3851 3412 3905 δεουσῶν
3435 3840 3737 3918 άπασχολετ

2137 3946 2439 4017 φροντίδων
2459 3961 2473 3975 ⁸
2505 3947 2555 3999 εί
2589 3945 2647 3999 δὲ
2679 3945 2755 4017 μὴ
2785 3944 3044 4012 καθάπαξ
3078 3944 3171 3999 καὶ
3200 3944 3275 4007 ὡς
3310 3943 3525 4017 ἐπίπαν
3556 3942 3731 4009 ἀπηρ-

2137 4040 2432 4111 τισμένως,
2457 4037 2574 4092 ἀλλ’
2604 4033 2698 4093 οὖν
2724 4040 2783 4091 ὲν
2811 4037 3053 4108 τοσούτῳ
3084 4036 3470 4110 περιστάσεων
3503 4034 3729 4090 κλύδωνι

2141 4132 2234 4187 καὶ
2257 4131 2317 4184 τὸ
2343 4131 2579 4203 σμικρὸν
2605 4129 2867 4199 ἐμπόδιον
2892 4130 3149 4199 μέγιστον
3168 4130 3232 4197 τῇ
3251 4127 3369 4183 τῶν
3389 4125 3731 4199 πραγμάτων

2138 4223 2328 4278 ὁλκάδι
2357 4223 2606 4292 γίγνεται
2663 4219 2883 4290 βλάϐος,
2939 4220 3035 4273 καὶ
3085 4219 3503 4290 παραπλήσιον,
3542 4216 3726 4282 ῶσπερ

2143 4313 2212 4369 ἂν
2244 4313 2402 4379 εἴτις
2431 4312 2775 4384 κυϐερνήτης
2810 4311 3079 4382 χειμῶνος
3104 4312 3160 4364 ὲν
3187 4310 3338 4381 μέσῳ
3369 4309 3603 4377 πελάγει
3644 4320 3729 4356 τυά

2138 4406 2270 4478 χῶν,
2296 4404 2540 4460 κάτωθεν
2566 4404 2666 4476 μὲν
2693 4403 2804 4458 τῶν
2833 4402 3095 4473 κυμάτων
3116 4401 3259 4455 κατά
3282 4401 3383 4471 τῆς
3411 4401 3540 4470 νηὸς
3560 4399 3726 4450 ἐπαν-

2142 4497 2487 4568 ισταμένων,
2523 4496 2731 4552 ἄνωθεν
2760 4494 2817 4548 δὲ
2866 4493 2975 4548 τῶν
3034 4492 3362 4561 πνευμάτων
3407 4491 3506 4563 τῆς
3540 4487 3725 4553 ὀθόνης

451 4574 643 4672 Prw,
678 4588 916 4672 mme
946 4571 1382 4672 “nisinwdiam'
1419 4570 1637 4672 δθξίιδω
1666 4570 1844 4672 tibi“
1871 4570 2034 4672 Q3
2069 4615 2115 4672 ι)
2142 4592 2622 4663 κατορχουμένων,
2658 4588 2867 4661 μεταξὺ
2903 4587 2998 4641 καὶ
3030 4587 3194 4650 αὐτὸς
3211 4586 3309 4657 τῆς
3333 4581 3721 4657 πηδαλιουχίας

452 4665 869 4737 imperatoriam
894 4662 1370 4736 magnificentiam
1403 4663 1659 4719 retineto.
1692 4661 1914 4720 Imitare
1939 4663 2041 4719 de-

452 4759 661 4815 iunctae
714 4757 864 4814 illius
915 4756 1169 4829 generosi
1232 4755 1402 4813 animi
1454 4758 1819 4813 constantiam
1849 4797 1866 4822 ,
1918 4773 2043 4828 quae

453 4860 683 4921 prepter
732 4852 1016 4909 ardentem
1059 4851 1154 4908 Dei
1196 4866 1443 4908 amorem
1491 4850 1678 4923 (quem
1725 4852 1892 4924 longo
1931 4852 2040 4923 jam

454 4955 728 5014 tempore,
758 4961 825 5002 ex
854 4958 966 5017 quo
995 4944 1360 5017 perniciosam
1394 4954 1685 5017 parentum
1726 4947 2042 5017 opinionem

452 5040 725 5102 evaserat,
752 5038 948 5096 intimo
972 5040 1138 5096 corde
1161 5040 1327 5096 tacite
1351 5040 1557 5106 alebat)
1580 5041 1827 5110 corporis
1844 5038 2036 5104 oblita,

458 5134 627 5193 oblita
669 5135 859 5206 gloria:
898 5146 953 5191 et
996 5134 1336 5203 imperatorii
1380 5133 1729 5205 spiendoris;
1766 5132 1845 5187 tui
1882 5131 2045 5187 deni-

459 5242 595 5299 quc,
624 5227 770 5297 quod
813 5227 976 5299 longe
1012 5228 1189 5300 majus
1230 5234 1335 5290 est,
1366 5225 1444 5282 tui
1476 5224 1701 5295 inquam
1748 5223 2046 5287 carissimi,

462 5335 630 5390 quem
661 5320 747 5376 vel
778 5321 877 5376 toti
906 5329 1177 5377 terrarum
1212 5319 1334 5376 orbi
1366 5317 1716 5389 praetulisset,
1756 5315 1947 5378 oblita,
1976 5315 2045 5371 ad

461 5412 632 5470 Deum
653 5414 915 5482 accurrit,
934 5414 1002 5468 ad
1022 5414 1410 5484 imperatorem
1425 5419 1479 5465 et
1500 5407 1758 5463 maritum
1773 5407 2046 5463 accurrit:

457 5520 569 5560 nrn
600 5506 730 5576 quia
762 5506 996 5561 maritus
1024 5504 1146 5570 fuit,
1179 5503 1275 5559 sed
1303 5501 1430 5572 quia
1464 5514 1561 5570 per
1595 5500 1745 5554 illum
1773 5499 2048 5553 ad'sincc-

460 5610 554 5653 ros
586 5595 825 5654 sanioris
854 5596 1126 5668 dogmatis
1153 5594 1336 5649 fontes
1363 5590 1628 5661 perducta
1660 5587 1859 5645 fuerat.
1889 5585 2047 5654 Quod

2142 4686 2507 4757 ἐκλαθόμενος
2530 4685 2962 4753 ὲπινυστάξειεν,
2987 4683 3064 4748 ὡς
3100 4683 3268 4755 μηδὲν
3288 4679 3428 4736 εἷναι
3454 4679 3637 4734 λοιπὸν
3666 4673 3721 4726 τὸ

2139 4779 2372 4845 κωλύον,
2403 4775 2703 4847 αὔτανδρον
2743 4776 2844 4849 τὴν
2872 4775 3006 4829 ναῦν
3062 4775 3263 4830 αὐτίκα
3294 4762 3443 4845 μάλα
3479 4766 3723 4843 βυθοδρο·

2143 4872 2398 4943 μήσασαν
2425 4872 2481 4934 ἐς
2511 4869 2794 4939 πυθμένας
2827 4869 3107 4937 θαλάσσης
3138 4865 3458 4922 καταδῦναι.
3489 4862 3648 4916 Ὅθεν
3671 4855 3717 4907 εί

2145 4965 2219 5036 μὴ
2251 4980 2307 5017 τι
2359 4962 2509 5028 ἄλλο,
2545 4962 2661 5015 ἀλλ’
2691 4956 2786 5015 οὖν
2843 4960 2933 5015 διά
2961 4978 3025 5030 γε
3059 4960 3156 5024 τὰς
3193 4959 3472 5030 ὑπηκόους
3500 4952 3603 5008 τῶν
3629 4947 3720 5001 πό·

2141 5056 2301 5120 λεων,
2331 5054 2367 5109 ἃ
2400 5054 2501 5125 τῆς
2527 5053 2706 5123 λύπης
2734 5053 2873 5124 ἔργα
2901 5052 3219 5122 πεφύκασιν
3252 5051 3436 5115 ἄλλοις
3466 5059 3719 5117 παραχω-

2146 5147 2320 5220 ρήσας
2343 5143 2527 5214 σαυτῷ
2558 5144 2619 5198 τὸ
2646 5144 2878 5216 σύνηθες
2918 5145 3013 5198 καὶ
3066 5142 3339 5215 βασίλειον
3392 5136 3718 5213 μεγαλοπρε·
3790 5196 3797 5202 γ

2145 5242 2244 5304 πὲς
2273 5239 2625 5313 διατήρησον.
2684 5237 2940 5309 Μίμησαι
2989 5237 3090 5306 τῆς
3121 5235 3468 5307 ἀπελθούσης
3512 5225 3717 5290 ἐκείνης

2145 5334 2405 5403 γενναίας
2452 5330 2636 5402 ψυχῆς
2681 5331 2780 5403 τὴν
2827 5320 3202 5400 στερρότητα,’
3246 5328 3281 5400 ἢ
3313 5328 3404 5383 διὰ
3435 5325 3557 5403 τοὺς
3588 5313 3714 5385 πρὸς

2142 5393 2240 5482 τὸν
2264 5393 2399 5485 Θεὸν
2430 5393 2783 5496 apud-{avras
2835 5393 3196 5495 ἔραῆαςς-οὒξ
3232 5393 3565 5512 ἀίποῤῥῆτιθς,

2144 5537 2278 5574 σκεν
2304 5522 2363 5574 ἒν
2409 5517 2611 5589 καρδίᾳ
2658 5516 2825 5570 πάλαι
2851 5516 3021 5569 πολὺν
3065 5514 3173 5585 ἥδη
3190 5513 3284 5568 τὸν
3311 5499 3520 5584 χρόνον,
3544 5499 3631 5568 ἀφ’
3655 5499 3710 5548 οὒ

2143 5613 2247 5684 τῆς
2268 5612 2379 5666 τῶν
2397 5597 2689 5682 φυσάνὲων
2710 5608 2939 5663 διέσωσε
2964 5607 3125 5678 δόξης
3145 5606 3340 5679 αὐτὴν,
3358 5589 3710 5666 ἐπιλαθομένη

1831 5749 2171 5816 Variorum
2204 5758 2391 5816 notte.

534 5880 644 5955 (70)
677 5882 877 5938 Wolfio
904 5882 1111 5955 κρηπίς
1146 5892 1227 5939 est
1258 5880 1485 5952 crepido.
1524 5879 1628 5936 Sed
1673 5878 1882 5950 crepido
1913 5876 2124 5934 consilii
2152 5880 2286 5951 quid
2315 5880 2410 5952 sit,
2442 5896 2553 5938 non
2586 5879 2768 5939 video.
2813 5878 3023 5935 Bonna.
