4062 6474
504 461 536 526 7
577 468 610 526 3
760 459 837 532 [Α.
884 475 941 514 u.
985 458 1122 513 6856
1164 475 1226 513 AD
1269 459 1432 532 68.59]

1708 426 2131 525 NlCEPIlUltI
2171 464 2557 526 sescena:

2869 461 3004 533 [ιιιν.
3049 471 3330 515 Ακοιιοιιιο.
3368 473 3480 516 ιωι.
3492 470 3512 533 ι
3665 464 3763 530 tm;

503 585 633 637 dum
660 559 972 645 scientiaiu,
1002 596 1066 636 ac
1093 581 1403 635 temerariis
1450 591 1504 636 et
1558 581 1900 636 inmodestis
1932 580 2082 635 voci—

2189 581 2295 634 τῶν
2334 581 2430 635 τοῦ
2482 582 2658 652 δήμου
2707 580 2869 653 ζῆλον
2920 582 3024 651 μὲν
3073 581 3476 651 λαμϐάνοντας,
3536 580 3597 634 οὐ
3645 586 3772 638 κατ’

502 676 609 729 bus
628 675 844 728 emissis
872 674 1050 743 ipsum
1085 673 1249 728 etiam
1283 673 1655 745 patriarcbam
1689 674 1756 727 ad
1785 672 2078 744 disputan-

504 768 632 820 dum
663 783 878 837 urgere.
936 767 989 821 ls
1014 782 1148 820 νυνι)
1172 782 1296 820 cum
1322 781 1426 821 nec
1454 767 1694 836 linguam
1726 764 1943 819 dicendi
1978 778 2080 818 usu

500 861 856 916 exercitatam
896 859 1205 914 haberetet
1255 875 1388 913 suos
1446 861 1736 929 episcopos
1787 859 2079 912 maximam

501 962 713 1020 partem
739 950 1146 1006 indoctissimos
1167 965 1290 1005 esse
1313 959 1588 1010 cerneret,
1619 948 2084 1020 tergiversabatur

500 1045 750 1115 quidem,
799 1044 893 1097 St'd
932 1044 1214 1112 quomodo
1252 1044 1440 1114 pOpuli
1486 1046 1800 1098 tumultum
1863 1043 2084 1098 sedaret

502 1137 808 1191 nesciebat.
840 1136 1025 1201 Quare
1053 1146 1109 1189 et
1140 1151 1240 1190 nos
1280 1135 1347 1189 ad
1374 1135 1425 1188 id
1453 1146 1739 1190 certamen
1769 1134 2083 1204 suscipien-

502 1229 634 1279 dmn
665 1227 1041 1280 cohortandus
1067 1227 1317 1295 putabat,
1344 1227 1437 1298 qui
1471 1227 1715 1296 linguam
1743 1227 1927 1297 aliquo
1959 1242 2076 1281 ora-

502 1318 672 1373 tionis
712 1327 995 1387 apparatum
1028 1319 1351 1373 instructam
1416 1318 1772 1385 haberemus,
1824 1321 2086 1389 quamvis

506 1411 562 1464 in
593 1428 813 1465 sacrum
869 1412 1178 1479 catalogum
1214 1426 1322 1465 non
1366 1410 1619 1479 inscripti
1672 1396 1941 1466 essemus.
1976 1411 2087 1481 Ego

503 1519 640 1557 vero
689 1504 927 1574 primum
973 1503 1329 1561 vehementer
1360 1503 1626 1573 urgebam
1676 1518 1741 1558 ac
1766 1503 2084 1566 "ueniebam,

506 1595 667 1667 502
698 1608 758 1651 ut
784 1605 989 1652 taceret
1018 1604 1075 1649 et
1109 1611 1235 1651 eum
1270 1595 1521 1649 habitum
1561 1610 1674 1665 pra:
1711 1610 1770 1673 se
1806 1593 1999 1659 ferret,
2030 1593 2085 1647 in

505 1704 616 1757 quo
650 1687 1133 1755 iuessetmajestas
1164 1686 1413 1755 quaedam
1470 1694 1528 1741 et
1577 1685 1862 1754 prudentis
1918 1684 2087 1738 animi

504 1782 719 1849 species
754 1789 1070 1848 appareret,
1116 1778 1439 1833 Latinorum
1468 1778 1727 1832 videlicet
1762 1778 2090 1847 postulatio-

503 1882 630 1920 nem
670 1867 1118 1931 contemnentis;
1146 1881 1326 1934 ueque
1362 1866 1511 1919 enim
1557 1865 1932 1935 disputatione
1967 1881 2089 1921 esse

2184 677 2482 745 ἐπίγνωσιν
2520 678 2598 743 δὲ,
2631 682 2730 734 καὶ
2778 679 3073 749 πρόχειρόν
3107 696 3229 733 τινα
3281 678 3377 731 καὶ
3439 677 3761 747 ἀταμίευτον

2184 769 2569 838 προτείνοντας
2599 769 2851 831 γλῶσσαν
2880 771 2976 823 καὶ
3008 769 3147 838 πρός
3174 784 3238 835 γε
3275 767 3353 819 ἔτι
3381 766 3756 830 συνωθοῦντας

2185 860 2280 911 καὶ
2307 858 2469 913 αὐτόν
2492 877 2555 927 γε
2586 859 2677 912 τον
2708 860 3056 931 πατριάρχην
3079 860 3137 921 ἐς
3163 856 3454 923 διαλέξεις.
3489 857 3550 910 '0
3576 856 3618 909 δ’
3641 856 3761 910 οὔτε
3848 850 3867 863 ’

2184 952 2286 1019 τὴν
2325 950 2582 1020 γλῶσσαν
2624 950 2765 1020 ἔχων
2797 951 3148 1022 ὴκονημένην
3184 953 3248 1003 ἐκ
3296 951 3398 1017 τῆς
3439 949 3548 1002 τῶν
3585 950 3755 1015 λόγων

2184 1041 2497 1110 ἀσκήσεως,
2541 1030 2633 1093 καὶ
2668 1041 2785 1110 ἅμα
2816 1040 2945 1103 τοὺς
2993 1038 3278 1101 πλείστους
3306 1039 3420 1092 τῶν
3452 1040 3580 1108 περὶ
3612 1039 3766 1092 αὑτὸν

2186 1130 2729 1203 ἐπισκόπωνξάμαθξᾳ
2758 1130 3032 1207 συζῶντας
3080 1130 3309 1202 πλείστῃ
3352 1128 3635 1183 κατανοῶν
3664 1130 3765 1182 ὑπ-

2186 1223 2467 1276 εστέλλετο
2518 1222 2638 1292 μὲν,
2700 1223 2800 1276 οὐκ
2847 1218 2962 1291 εἷχε
3009 1223 3055 1276 δ’
3105 1223 3255 1285 ὅπως
3305 1221 3641 1290 ἀναχαιτίσῃ
3673 1219 3766 1272 τοῦ

2186 1314 2362 1383 δήμου
2392 1315 2483 1369 τὸν
2518 1314 2772 1383 θόρυϐον.
2814 1316 2905 1368 Διὶ
2943 1313 3285 1382 παρακαλεῖν
3326 1313 3536 1380 ἔγνωκε
3578 1312 3684 1365 δεῖν
3713 1314 3768 1374 ἐς

2188 1409 2287 1479 τὴν
2314 1406 2576 1478 τοιαύτην
2602 1407 2910 1477 παράταξιν
2944 1409 3037 1460 καὶ
3070 1409 3243 1477 ἡμᾶς,
3266 1406 3393 1469 τοὺς
3420 1405 3768 1475 ὡπλισμένην

2192 1500 2294 1570 μὲν
2321 1501 2544 1571 ἔχοντας
2570 1499 2819 1577 γλῶτταν
2842 1501 2908 1552 ἐκ
2941 1499 3041 1568 τῆς
3072 1497 3164 1551 τοῦ
3196 1497 3358 1565 λόγου
3392 1497 3768 1568 παρασκευῆς,

2190 1593 2298 1659 ἔξω
2337 1593 2394 1646 δὲ
2436 1592 2529 1646 τοῦ
2566 1593 2717 1662 ίεροῦ
2750 1592 3056 1659 καταλόγου
3101 1591 3502 1661 τυγχάνοντας.
3547 1589 3687 1657 Ἐγὼ
3714 1592 3768 1643 δέ

2190 1684 2259 1739 τὰ
2302 1684 2403 1753 μὲν
2458 1684 2649 1754 πρῶτα
2696 1683 2866 1747 πολὺς
2905 1678 2976 1751 ἦν
3009 1682 3331 1752 ἐγκείμενος
3359 1682 3461 1735 καὶ
3489 1680 3772 1750 παραινῶν

2195 1776 2411 1845 σιωπᾷν
2442 1778 2536 1828 καὶ
2570 1778 2808 1844 σχήματι
2838 1773 3077 1844 χρῆσθαι
3107 1772 3530 1842 μεγαλοπρεπεῖ
3548 1789 3653 1824 τινι
3682 1774 3772 1826 καὶ

2192 1868 2316 1921 νοῦν
2346 1867 2828 1937 ἐπαγγελλομένῳ,
2874 1865 3101 1935 μηδενὸς
3140 1864 3299 1930 ἀξίαν
3341 1864 3508 1932 λόγου
3540 1864 3640 1934 τὴν
3670 1865 3771 1919 τῶν

502 1974 643 2027 opus
673 1959 726 2012 in
761 1958 1039 2028 pneseuti.
1080 1959 1149 2011 At
1202 1974 1326 2012 cum
1362 1974 1553 2013 rursus
1584 1940 1886 2028 cogitarem
1919 1958 2087 2013 silen-

2195 1958 2441 2012 Λατίνων
2496 1936 2789 2026 νομίζοντα
2836 1956 3167 2026 πρόκλησιν,
3204 1953 3403 2021 λόγους
3456 1954 3559 2024 τῆς
3593 1956 3774 2025 χρείας

502 2049 639 2101 tium
672 2047 785 2102 fere
820 2047 1134 2117 suspicione
1170 2063 1277 2101 non
1311 2062 1527 2119 carere,
1561 2048 1654 2102 sed
1690 2048 1743 2101 in
1772 2063 1965 2103 eorum
1990 2047 2087 2117 qui

500 2143 640 2197 foris
668 2154 1043 2210 versarentur,
1074 2145 1275 2199 animis
1301 2144 1485 2199 varias
1527 2154 1584 2199 et
1629 2144 1965 2215 multiplices
1995 2160 2091 2200 co-

502 2220 800 2305 gitatiories
838 2237 1080 2292 excitare
1113 2252 1178 2292 ac
1204 2251 1489 2307 Spargere,
1520 2250 1713 2315 eorum
1758 2238 2090 2306 prmsertim,

501 2329 948 2399 quineclinguze
1006 2344 1109 2384 nec
1163 2329 1350 2383 animo
1413 2329 1685 2398 imperare
1740 2327 2086 2392 didicissent,

501 2420 874 2489 patriarcham
904 2430 959 2476 et
989 2421 1283 2490 episcopos
1337 2420 1605 2490 quosdam
1641 2420 1878 2475 selectos
1905 2422 2091 2489 priva-

500 2509 602 2564 tim
627 2510 859 2564 conveni
889 2518 945 2564 et
967 2524 1142 2564 meam
1174 2508 1505 2565 sententiam
1530 2509 1598 2564 ad
1637 2509 1784 2566 bunc
1816 2508 1930 2565 fere
1965 2524 2085 2564 mo-

505 2600 639 2653 dum
668 2600 816 2670 apud
841 2614 938 2663 eos
971 2600 1204 2671 exposui
1240 2618 1255 2654 :

573 2869 639 2924 ll.
675 2892 692 2920 ι
723 2864 994 2939 Equidem
1028 2867 1102 2924 ita
1129 2883 1250 2923 sum
1280 2867 1581 2934 animatus,
1612 2867 1687 2922 ita
1717 2867 1786 2923 ad
1821 2868 1927 2923 hoc
1959 2883 2083 2926 cer-

500 2972 685 3018 tamen
717 2960 853 3015 nihil
891 2961 1027 3015 mibi
1060 2960 1366 3016 alacritatis
1394 2959 1589 3015 deesse
1616 2961 1817 3026 sentio,
1874 2969 1935 3016 ut
1972 2978 2081 3017 non

502 3054 668 3108 modo
727 3053 998 3123 linguam,
1059 3052 1156 3108 sed
1223 3052 1468 3106 animum
1526 3050 1717 3115 etiam,
1760 3051 2000 3109 radicem
2031 3067 2087 3108 ct

501 3145 707 3199 fontem
755 3128 982 3212 eloquii,
1022 3141 1300 3211 simulque
1360 3141 1675 3212 largitorem
1705 3151 1762 3198 et
1802 3143 2088 3214 dispensa-

501 3247 679 3290 torem
713 3250 898 3288 rerum
927 3234 1308 3301 dicendarum,
1367 3243 1590 3303 paratus
1649 3234 1754 3289 sim
1787 3249 2080 3291 exacuere.

501 3328 640 3379 Cum
676 3335 858 3405 autem
920 3325 1240 3394 plerosque,
1299 3323 1620 3393 priusquam
1689 3339 1777 3379 res
1820 3324 2081 3395 postulet,

500 3417 764 3472 audacter
791 3424 847 3470 ct
872 3413 1161 3484 magniﬁce
1189 3413 1343 3484 loqui
1373 3423 1429 3469 et
1481 3414 1533 3469 in
1582 3430 1646 3471 ea
1674 3431 1795 3471 esse
1823 3416 2085 3486 Opinione

499 3509 741 3574 videam,
769 3516 829 3561 ut
861 3494 919 3562 ct
953 3515 1198 3576 tempora
1249 3514 1308 3561 et
1360 3520 1451 3562 res
1493 3507 1644 3577 ipsas
1674 3508 1944 3563 voluntati
1972 3523 2087 3564 suae

502 3600 689 3655 statim
720 3599 899 3654 socias
952 3614 1308 3663 concurrere,
1359 3597 1471 3653 imo
1530 3598 1748 3653 obviam
1791 3613 2085 3654 occurrere

502 3693 871 3759 arbitrentur,
900 3690 1079 3746 vereri
1104 3691 1238 3745 mibi
1266 3690 1439 3756 subit,
1466 3707 1535 3745 ne
1556 3691 1647 3745 ubi
1683 3705 1772 3745 res
1792 3699 1846 3745 et
1869 3700 2086 3762 tempus

506 3785 817 3855 postularit,
890 3799 1043 3838 arma
1079 3783 1222 3838 ultro
1252 3782 1613 3850 adversariis
1637 3782 1894 3867 tradant,’
1921 3792 2087 3854 atque

504 3878 698 3932 eadem
736 3892 896 3947 paena
924 3876 1193 3931 multandi
1228 3877 1357 3943 sint,
1403 3892 1510 3946 qua
1546 3875 1884 3931 desertores.
1948 3874 2084 3930 Nam

506 3971 602 4025 ubi
625 3970 853 4024 ambitio
880 3969 1174 4040 imperitiae
1208 3970 1455 4033 alumna,
1483 3969 1632 4023 omni
1655 3966 2086 4038 Opportunitatis

509 4067 721 4121 ratione
750 4069 1020 4136 neglecta,
1046 4066 1332 4122 modestiae
1355 4066 1562 4120 limites
1584 4066 1884 4121 insolenter
1909 4076 2088 4122 trans-

504 4158 637 4224 silit,
667 4157 742 4212 ibi
783 4158 948 4210 etiam
980 4173 1106 4212 eum
1135 4157 1289 4227 sequi
1333 4156 1541 4211 exitum
1570 4197 1583 4223 ,
1618 4155 1713 4228 qui
1765 4158 1959 4227 primis
2003 4161 2089 4215 in-

502 4251 678 4319 ceptis
710 4259 1003 4320 repugnet,
1035 4266 1142 4303 non
1166 4259 1251 4303 est
1281 4249 1614 4304 mirandum.
1671 4234 1974 4307 Enimvero
2005 4252 2086 4307 illi

503 4344 649 4398 baud
674 4342 937 4412 cogitant,
963 4358 1072 4395 non
1107 4342 1351 4411 linguam
1382 4343 1750 4411 temporibus,
1795 4343 1891 4398 sed
1941 4352 2087 4397 tem-

504 4451 639 4505 pora
675 4434 834 4504 503
864 4434 982 4503 ipsa
1014 4433 1215 4503 linguae
1251 4432 1529 4487 moderari
1555 4441 1611 4488 et
1644 4432 1942 4488 ellicaeiam
1970 4435 2087 4489 lar-

502 4528 642 4598 giri;
680 4543 744 4581 ac
785 4527 1066 4581 neminem
1100 4524 1330 4594 quidem
1360 4524 1495 4579 tuba
1523 4524 1814 4596 Tyrrhena
1841 4526 2088 4582 vocalio-

505 4633 622 4672 rem
652 4632 814 4671 esse:
849 4625 1033 4670 tamen
1068 4616 1215 4669 illam
1244 4629 1468 4684 quoque
1494 4630 1600 4671 una
1639 4631 1766 4672 cum
1792 4618 1939 4674 aeris
1974 4618 2087 4673 ictu

504 4722 833 4764 consumere
863 4716 919 4762 et
944 4705 1203 4761 amittere
1224 4707 1337 4762 vim
1370 4722 1592 4764 omnem
1623 4707 1964 4774 oblectandi,
1989 4724 2090 4766 nec

504 4799 679 4855 ullum
697 4799 780 4853 sui
806 4797 1047 4853 fructum
1070 4797 1392 4869 relinquere
1418 4814 1557 4855 sono
1582 4799 1685 4871 ipsi
1712 4801 2088 4871 superstitem.

504 4892 626 4948 Non
652 4901 834 4945 autem
891 4890 1359 4946 committendum
1406 4907 1547 4953 esse
1595 4892 1985 4963 prudentibus,
2031 4901 2092 4950 ut

506 4982 695 5036 subito
728 4991 880 5036 motu
908 4997 973 5036 ac
994 4982 1290 5038 temerario
1314 4983 1532 5039 incitati
1566 4985 1711 5040 ultro
1742 4984 1845 5040 sibi
1870 4986 2092 5055 pericu-

506 5076 620 5130 lum
646 5084 953 5139 arcessant,
978 5073 1123 5129 inter
1138 5089 1338 5131 omnes
1363 5086 1620 5137 constare
1644 5077 1879 5143 abitror,
1911 5087 1969 5132 et
1989 5093 2093 5134 nos

506 5167 780 5224 Orationis
811 5184 1112 5240 progressu
1146 5171 1572 5226 declarabimus.
1600 5172 1755 5227 Sicut
1780 5173 1927 5228 enim
1955 5172 2093 5226 duo-

508 5264 611 5318 bus
639 5264 974 5318 cxercitibus
1005 5263 1073 5317 ad
1103 5280 1340 5335 pugnam
1370 5266 1660 5319 instructis
1707 5265 1938 5321 alterius
1962 5281 2093 5319 con-

508 5358 694 5413 silium
728 5356 959 5412 alterius
988 5355 1200 5413 viribus
1228 5356 1309 5413 sic
1335 5369 1576 5428 praestat,
1604 5365 1670 5412 ut
1704 5373 1800 5413 eas
1828 5357 1933 5412 sibi
1960 5359 2093 5428 ipsis

507 5450 758 5504 fuueStas
782 5448 1004 5513 efﬁciat,
1030 5458 1086 5504 et
1103 5449 1221 5504 vice
1244 5465 1442 5516 versa;
1473 5451 1548 5504 ita
1580 5449 1746 5502 etiam
1786 5448 1875 5503 bic
1905 5449 1982 5505 tit.
2034 5448 2091 5504 Si

508 5542 664 5613 prius
699 5544 1067 5613 quamprobe
1094 5559 1158 5597 ac
1202 5542 1499 5613 diligenter
1537 5541 1946 5612 disputationes
1980 5558 2095 5598 mc-

500 5634 670 5690 ditati
703 5636 993 5703 fuerimus,
1015 5635 1350 5692 adversariis
1374 5650 1751 5701 occurramus,
1784 5652 1911 5692 cum
1940 5637 2095 5707 igno-

506 5727 684 5782 minia
717 5727 939 5783 tandem
973 5727 1350 5785 discedemus.
1382 5728 1733 5797 Nequevero
1773 5729 1909 5783 milii
1941 5729 2091 5798 quis-

503 5832 674 5889 quam
699 5820 864 5886 dicat,
895 5821 1102 5877 multos
1153 5836 1297 5891 saepe
1330 5821 1624 5890 repentino
1659 5822 1865 5891 impetu
1918 5822 2094 5877 elatos

500 5925 563 5971 οι
587 5930 709 5984 qua:
737 5917 795 5971 in
838 5926 1080 5973 mentem
1117 5915 1396 5973 venissent
1449 5915 1643 5974 ell‘atos
1677 5915 1962 5973 vietoriam
1998 5916 2093 5973 ob-

2194 2051 2296 2104 οὐκ
2338 2050 2658 2117 ἀναγκαίως
2687 2045 3028 2117 ἀπαιτούσης
3070 2045 3330 2100 ἐνταῦθα.
3377 2045 3527 2099 Ἀλλ’
3559 2048 3772 2117 ἐπειδή-

2194 2158 2303 2207 περ
2343 2139 2443 2192 οὐκ
2491 2137 2805 2193 ἀνύποπτον
2841 2137 2995 2200 αὖθις
3032 2136 3219 2208 ἐώρων
3260 2138 3337 2201 ὡς
3359 2137 3431 2192 τά
3464 2138 3635 2192 πολλὰ
3665 2141 3776 2191 δια-

2193 2233 2380 2288 τελοῦν
2412 2232 2472 2285 τὺ
2500 2232 2598 2300 τῆς
2630 2232 2862 2297 σιωπῆς,
2896 2231 3034 2284 ἀλλὰ
3066 2230 3413 2297 πολλαπλοῦς
3475 2234 3573 2286 καὶ
3617 2231 3772 2286 πολυ-

2195 2326 2397 2397 σχιδεῖς
2441 2325 2743 2395 βλαστάνον
2782 2324 2877 2377 καὶ
2904 2323 3159 2391 διανέμον
3184 2326 3291 2387 τοῖς
3326 2321 3436 2388 ἔξω
3479 2327 3604 2388 τοὺς
3631 2325 3773 2395 λογι-

2193 2420 2384 2488 σμοὺς,
2424 2417 2521 2471 καὶ
2558 2415 2793 2486 μάλιστα
2823 2418 2937 2480 τοῖς
2974 2415 3257 2482 τοιούτοις,
3284 2414 3370 2487 [Ρ.
3406 2417 3536 2490 510]
3556 2417 3604 2470 οἳ
3643 2416 3775 2485 γυὼ-
3820 2468 3823 2469 ,

2194 2527 2305 2579 μην
2350 2510 2447 2564 καὶ
2497 2509 2746 2578 γλῶσσαν
2800 2509 3052 2579 ἤσκησαν
3085 2508 3447 2575 ἀταμίευτον,
3486 2508 3773 2571 ἀπολαβὼν

2194 2602 2301 2672 ίδίᾳ
2323 2602 2412 2654 τόν
2433 2618 2490 2654 τε
2522 2599 2868 2671 πατριάρχην
2891 2599 2982 2653 καί
3015 2617 3166 2665 τινας
3186 2600 3293 2654 τῶν
3323 2600 3631 2671 ἐλλογίμων
3660 2601 3773 2653 ἐπι-

2193 2695 2411 2748 σκόπων
2456 2692 2551 2763 τὴν
2575 2692 2816 2763 ἐμαυτοῦ
2860 2680 3089 2762 γνώρῖην
3139 2690 3531 2765 ἐπεδειξάμην,
3552 2692 3769 2748 τοιαῦτά

2189 2803 2314 2840 τινα
2342 2785 2625 2852 διεξελθὼν
2649 2786 2737 2839 ἐπ’
2764 2785 2947 2839 αὑτων
2992 2842 3005 2847 _

2263 2876 2339 2935 B’.
2395 2898 2413 2932 ι
2458 2880 2612 2949 Ἐμοὶ
2646 2881 2745 2950 μὲν
2782 2878 2956 2942 οὕτως
3010 2876 3157 2949 ἔχειν
3186 2881 3352 2949 πρὸς
3415 2881 3513 2953 τὴν
3568 2879 3772 2951 παροῦ-

2192 2989 2290 3028 σαν
2335 2971 2570 3043 ἅμιλλαν
2619 2975 2715 3026 καί⁵
2766 2969 2912 3023 οὕτω
2971 2971 3284 3041 προϐυμίας
3359 2972 3518 3026 οὐδὲν
3568 2970 3769 3040 οὐδαμῆ

2201 3082 2266 3134 γε
2327 3065 2600 3119 ἐλλείπειν
2668 3065 2923 3133 ἔπεισιν,
2991 3064 3121 3119 ὥστ’
3185 3065 3245 3118 οὐ
3311 3064 3569 3132 γλῶτταν
3619 3063 3770 3133 μόνον

2188 3156 2429 3223 ὁπλίζειν
2470 3157 2749 3229 περίεστιν
2774 3198 2788 3221 ,
2829 3159 2970 3214 ἀλλὰ
3003 3158 3111 3229 πρό
3145 3176 3208 3228 γε
3261 3156 3474 3229 ταύτης
3506 3156 3601 3211 καὶ
3639 3155 3773 3225 γνῶ·

2193 3266 2301 3319 μην
2336 3248 2548 3317 αὑτὴν,
2597 3247 2756 3318 ῥίζαν
2813 3248 3018 3320 ταύτην
3079 3247 3246 3301 οὖσαν
3302 3249 3401 3301 καὶ
3460 3245 3637 3318 πηγὴν
3673 3244 3768 3312 τῆς

2188 3339 2434 3411 γλώττης
2513 3346 2609 3395 καὶ
2680 3340 2799 3411 ἅμα
2869 3341 3123 3413 χορηγὸν,
3164 3342 3259 3394 καὶ
3315 3343 3588 3411 πρύτανιν
3664 3337 3768 3390 τῶν

2184 3428 2514 3503 λεγομένων.
2554 3433 2789 3504 Ὀρῶντι
2833 3434 2892 3488 δὲ
2925 3437 3052 3497 τοὺς
3106 3434 3337 3497 πολλοὺς
3382 3435 3493 3507 πρὸ
3525 3433 3618 3487 τοῦ
3658 3449 3771 3485 και-

2189 3527 2286 3596 ροῧ
2339 3528 2433 3581 καὶ
2487 3528 2587 3598 τῆς
2648 3528 2843 3600 χρείας
2911 3528 3155 3599 μεγάλην
3204 3530 3330 3593 τι,νά
3399 3531 3493 3584 καὶ
3548 3527 3768 3598 θρασεῖα

2186 3619 2547 3691 προϊεμένους
2609 3622 2709 3690 τὴν
2770 3620 3023 3689 γλῶτταν
3056 3662 3071 3687 ,
3113 3620 3212 3674 καὶ
3255 3621 3333 3692 τῷ
3402 3619 3554 3691 σφῶν
3594 3617 3764 3673 αὐτῶν

2189 3711 2503 3784 βουλομένῳ
2564 3713 2683 3783 ἅμα
2729 3714 2827 3767 καὶ
2870 3714 3000 3777 τοὺς
3058 3714 3286 3785 καιροὺς
3329 3714 3500 3779 εὐθὺς
3557 3713 3648 3766 καὶ
3704 3708 3767 3761 τά

2189 3807 2494 3878 πράγματα
2557 3807 2837 3879 σύνδρομά
2903 3824 2966 3861 τε
3021 3807 3116 3861 καὶ
3172 3803 3466 3879 πρόῗρομα
3532 3802 3764 3875 γίνεσθαι

2186 3899 2509 3968 οἰομένους,
2554 3898 2787 3953 δεδιέναι
2848 3916 2940 3971 μοι
2996 3898 3226 3968 ἔπεισι,
3285 3901 3362 3971 μὴ
3435 3901 3531 3968 τῆς
3587 3897 3766 3969 χρείας

2188 3990 2284 4044 καὶ
2328 3988 2425 4043 τοῦ
2478 3990 2674 4061 καιροῦ
2753 3993 3137 4062 παραστάντος
3205 3993 3553 4061 λειποταξίου
3620 3992 3765 4055 δίκην

2187 4078 2497 4149 ὀφλήσωσι,
2551 4078 2659 4133 τῶν
2710 4078 2893 4133 ὅπλων
2927 4080 3148 4142 ἑκόντες
3213 4084 3327 4142 τοῖς
3370 4080 3634 4142 ἐναντίοις
3663 4094 3764 4128 παι

2189 4165 2638 4245 ραχωρήσαθτες.
2689 4171 2861 4226 Ἔνθα
2918 4172 3029 4244 γᾴρ
3077 4175 3361 4243 φιλοτιμία
3420 4175 3674 4246 τρόφιμος
3708 4168 3765 4220 ἀ·

2188 4264 2414 4334 πειρίας
2464 4264 2595 4333 ὃλην
2635 4263 2977 4336 ἐνδυσαμένη
3005 4265 3106 4337 τὴν
3132 4265 3341 4336 ἀωρίαν
3374 4268 3485 4321 τῶν
3515 4267 3653 4335 ὅρων
3676 4278 3761 4314 και

2187 4356 2477 4427 ταχορεύει
2501 4357 2600 4426 τῆς
2639 4355 2918 4422 εὐταξίας,
2953 4360 3071 4410 ἐκεῖ
3097 4358 3193 4411 καὶ¹
3238 4359 3413 4428 πέρας
3446 4354 3748 4413 ἀκολουθεῖν

2189 4450 2304 4511 τοῖς
2342 4447 2655 4519 προοιμίοις
2704 4448 2962 4513 ἐπιεικῶς
2991 4450 3572 4519 ἀντιστρατευόμενον,
3614 4443 3757 4497 οὐδὲν

2192 4523 2448 4602 ἀπεικός.
2495 4537 2635 4592 Οὐδέ
2664 4538 2794 4609 γὰρ,
2848 4539 2951 4617 ὡς,
2978 4539 3179 4606 ἔοικεν,
3208 4541 3406 4595 εἰδέναι
3443 4541 3617 4594 ἔπεισι
3660 4534 3759 4593 τοῖς

2120 4648 2165 4705 ι)
2193 4631 2481 4697 τοιούτοις,
2512 4632 2588 4700 μὴ
2635 4633 2735 4703 τὴν
2765 4633 3018 4702 γλῶτταν
3050 4632 3314 4688 δύνασθαι
3357 4632 3622 4701 καθιστᾷν
3646 4627 3759 4686 τοὺς

2199 4724 2426 4794 καιρθῖθς
2465 4724 2793 4795 ἀνυσὶμους,
2831 4723 2955 4786 τοὺς
2984 4724 3041 4776 δὲ
3084 4726 3312 4795 καιροὺς
3342 4728 3444 4797 τὴν
3487 4721 3719 4792 γλῶτταν
3742 4725 3755 4739 ‘

2192 4819 2303 4873 οὐδ’
2331 4821 2413 4874 ὅτι
2460 4819 2809 4891 Τυρσηνικῆς
2858 4821 3161 4891 σᾲλπιγγος
3191 4821 3370 4885 οὐδεὶς
3409 4816 3619 4889 ἀνδρῶν
3672 4827 3760 4881 με·

2193 4910 2634 4982 γαλοφωνότερος
2663 4910 2798 4981 ὁμοῦ
2836 4910 2883 4965 δ’
2926 4912 3075 4980 ὅμως
3106 4911 3184 4981 τῷ
3230 4911 3495 4981 πληγέντι
3521 4908 3639 4975 ἀέρι
3671 4898 3758 4954 καὶ

2193 5001 2335 5069 αὕτη
2396 5004 2615 5075 δαπανᾷ
2653 5005 2749 5058 καὶ
2807 5003 2926 5057 λύει
2965 5004 3025 5058 τὸ
3086 5004 3289 5073 κράτος
3343 5004 3441 5073 τῆς
3505 5001 3753 5071 τέρψεως.

2193 5099 2385 5152 οὐδένα
2415 5101 2627 5168 καρπον
2652 5101 2766 5162 τοῖς
2794 5099 2990 5151 ἔπειτα
3035 5098 3446 5152 καταλείπουσα
3480 5095 3576 5160 τῆς
3603 5083 3754 5158 ἠχοῦς

2198 5186 2728 5257 μονιμώτερον.”οτι
2754 5187 2801 5240 δ’
2826 5187 2886 5240 οὗ
2914 5184 3095 5257 χρεὼν
3121 5185 3259 5255 ὁμοῦ
3287 5187 3384 5239 καὶ
3415 5185 3537 5246 τοὺς
3567 5181 3675 5233 ὅσοι
3696 5188 3751 5239 γε

2195 5277 2416 5344 βαθεῖαν
2447 5275 2660 5330 αὔλακα
2687 5275 2775 5331 διὰ
2815 5275 3013 5347 φρενὸς
3043 5275 3404 5345 καρποῦνται,
3436 5265 3753 5341 παραλόγοις

2195 5365 2499 5434 ἑπομένους
2537 5365 2741 5435 ὁρμαῖς
2789 5365 2847 5426 ἐς
2883 5362 3246 5429 αὐθαιρέτους
3293 5363 3431 5417 ξέναι
3471 5353 3750 5413 κινδύνους»

2193 5456 2352 5526 δῆλον
2396 5452 2550 5527 οἶμαι
2593 5458 2706 5519 τοῖς
2736 5455 2944 5510 ἅπασιν
2998 5450 3142 5512 εἶναι
3167 5473 3182 5488 ·
3221 5454 3529 5527 δηλώσομεν
3568 5448 3621 5502 δὲ
3666 5439 3751 5497 καὶ

2193 5547 2349 5601 αὐτοὶ
2405 5547 2712 5618 προϊόντες.
2762 5547 2975 5618 Ὥσπερ
3036 5548 3146 5618 γὰρ
3208 5546 3354 5602 δυοῖν
3394 5535 3749 5612 στρατοπέδων

2193 5642 2253 5700 ἐς
2311 5641 2490 5710 μάχην
2541 5637 2955 5709 ἀποκριθέντων
2993 5640 3025 5709 ἡ
3060 5639 3154 5693 τοῦ
3190 5639 3311 5704 ἐνὸς
3364 5632 3604 5692 εὐϐουλία
3633 5623 3748 5694 φθο⁶

2199 5730 2418 5801 ροπνιόν
2483 5747 2604 5783 τινα
2664 5729 2883 5799 θατέρῳ
2933 5731 3164 5800 χορηγεῖ
3218 5730 3319 5800 τὴν
3377 5727 3603 5793 δύναμιν
3641 5713 3748 5783 βουο

2196 5821 2471 5891 ὶενομένῳ
2515 5821 2699 5883 κακῶς
2734 5822 2830 5872 καὶ
2880 5818 3196 5873 τούναντίον
3241 5818 3416 5884 αὖθις,
3471 5812 3604 5868 οὕτω
3637 5804 3754 5891 κάν·

2195 5913 2398 5971 ταῦολσ
2443 5915 2491 5969 εί
2524 5915 2655 5985 πρὶν
2687 5914 2868 5979 καλῶς
2907 5912 3043 5985 ὁμοῦ
3082 5913 3190 5968 -καὶ
3232 5914 3479 5978 συνετῶς
3520 5890 3754 5963 ἐσκέφθαι
