4062 6450
294 331 409 392 70-3
556 324 631 397 [Α.
675 341 726 381 c.
769 324 907 405 1.18
947 343 1013 380 an
1055 324 1213 398 ίῦίί]

1364 331 1809 393 ΒΥΖΛΝἹῚΝΕ
1848 330 2232 390 11181·οΒίῶ
2274 331 2415 394 LIB.
2462 333 2532 394 Χ.

3458 298 3564 389 τόδ

2648 327 2779 401 [tum
2824 342 3102 411 ANDRQNJI.
3127 325 3269 398 tum]

301 444 438 515 πρὸς
465 444 732 510 διαλέξεις
758 445 859 496 καί
879 446 1042 514 ἡμεῖς
1070 446 1331 516 ἀπαντῴη
1342 463 1442 513 μεν
1464 448 1574 500 τῶν
1599 445 1883 512 ἐναντίων,

1992 445 2252 500 licuisse.
2292 444 2539 500 Primum
2564 445 2711 500 enim
2737 460 2802 500 ea
2831 460 2941 509 res,
2985 458 3105 512 quae
3135 458 3313 511 neque
3345 444 3567 497 modum

296 536 494 606 ’ἕψεται
529 535 663 605 πρὸς
695 535 959 607 αἰσχύνην
987 536 1157 608 ὁρῶσι
1206 538 1446 607 χρῆσθαι
1489 542 1604 602 τοῖς
1634 540 1743 592 τῶν
1781 557 1885 594 κα-

306 627 421 692 κῶς
469 628 813 695 δεδογμένων
852 630 1077 699 πέρασι.
1113 631 1218 683 Καὶ
1271 633 1344 700 μή
1391 647 1478 700 μοι
1514 630 1721 699 λεγέτω
1772 648 1882 698 τις,

303 719 379 783 ὡς
410 720 601 773 πολλοὶ
639 720 901 783 πολλάκις
949 723 1151 790 ὁρμαῖς
1206 721 1494 793 ὀξυτέραις
1540 721 1634 775 τοῦ
1673 723 1888 787 δέοντος

302 813 399 885 τὴν
451 814 754 884 ἡγεμονίαν
792 813 895 884 τῆς
949 813 1198 885 γλώττης
1251 815 1690 885 ἐγκεχειρικότες
1729 815 1886 884 νίκης

303 908 400 960 καὶ
449 905 732 978 τροπαίων
766 907 1097 976 κληρονόμοι
1149 907 1499 978 γεγένηνται.
1531 907 1757 977 Πρῶτον
1787 908 1886 977 μὲν

302 998 412 1069 γάρ
433 999 493 1051 οὐ
525 1001 725 1052 κανόνα
748 998 841 1051 καὶ
864 998 1115 1070 στάθμην
1141 1000 1415 1077 εὐνομίας.
1431 999 1684 1071 ἡγεῖσθαι
1709 999 1887 1070 χρεὼν

302 1087 654 1157 ἀστάθμητον
687 1088 923 1156 πρᾶγμα
942 1101 956 1117 ο
983 1086 1176 1140 ἔπειτα
1204 1087 1324 1140 ούδέ
1352 1087 1450 1157 τὴν
1474 1088 1886 1157 ἀπερίσκεπτον

300 1180 463 1249 ἴσμεν
520 1178 697 1250 ὁρμὴν
751 1177 966 1232 οῖκοθεν
1007 1179 1280 1248 φέρουσαν
1314 1197 1445 1234 ποτε
1476 1181 1544 1233 τά
1591 1182 1688 1250 τῆς
1728 1180 1887 1249 νίκης

302 1269 490 1337 ἐφόδια
512 1283 528 1299 °
568 1269 705 1322 ἀλλὰ
734 1268 836 1338 τῆς
858 1268 965 1321 τῶν
1010 1270 1606 1340 ἀντιπαραταξαμένων
1640 1269 1887 1340 μείζονος

304 1360 665 1422 κακοϐουλίας
694 1360 828 1431 ὓλην
854 1362 1169 1431 παράδοξον
1203 1363 1595 1433 χορηγησάσης
1620 1362 1887 1426 πολλάκις

302 1456 362 1517 ἐς
420 1452 483 1508 τὸ
540 1452 842 1524 κοτορθοῦν
880 1458 946 1523 τῇ
990 1454 1408 1528 ᾁψτιστρατήγῳ
1449 1455 1776 1526 θρασύτητι,
1828 1456 1887 1518 ἐς

303 1547 402 1617 τὴν
441 1545 535 1598 τοῦ
564 1545 839 1615 βελτίονος
876 1549 1071 1617 μοῖραν
1100 1546 1471 1618 ἀπενηνέχθαι
1498 1546 1647 1614 εδοξε
1684 1549 1779 1600 καὶ
1816 1547 1885 1601 τὰ

305 1637 486 1706 φαῦλα
510 1654 527 1671 ·
563 1638 750 1708 ὥσπερ
796 1637 863 1693 αὖ
894 1640 1159 1704 πολλάκις
1188 1641 1249 1694 τὸ
1273 1642 1381 1694 τῶν
1419 1641 1736 1696 ἀντιπάλων
1764 1658 1889 1694 συν-

303 1730 568 1800 ετώτερον
594 1729 677 1801 [Ρ.
709 1728 835 1801 5H]
862 1730 1137 1800 βούλευμα
1167 1731 1450 1804 παρήλασε
1490 1732 1584 1787 καὶ
1618 1735 1743 1797 τοὺς
1786 1734 1882 1804 όρ⁴

308 1824 414 1888 θῶς
463 1823 845 1894 βεϐουλεῦσθαι
896 1825 1174 1889 δόξαντας.
1216 1827 1438 1898 Ἀδήλου
1469 1828 1578 1899 γὰρ
1599 1827 1756 1891 ὄντος
1791 1827 1887 1882 τοῦ

311 1915 596 1984 μέλλοντος
652 1918 888 1989 ἐγχωρεί
913 1919 1009 1971 καὶ
1041 1917 1270 1973 τοιαῦτα
1323 1919 1644 1988 συμϐαίνειν
1691 1918 1885 1975 ἐνίοτε.

323 2003 616 2076 ’ἀλλ’ήμῖν
649 2023 712 2075 γε
742 2006 803 2059 οὐ
828 2007 992 2078 νόμον
1014 2007 1287 2062 ποιεῖσθαι
1307 2008 1480 2080 δήπου
1500 2008 1677 2080 χρεὼν
1709 2025 1890 2081 παρα-

311 2093 491 2165 λόγων
521 2097 968 2169 κατορθωμάτων
1003 2099 1307 2168 κατάλογον
1326 2115 1340 2131 ο
1360 2100 1456 2154 καὶ
1491 2100 1729 2170 μάλιστα
1769 2100 1886 2166 νῦν,

303 2187 469 2241 ὁπότε
495 2190 623 2257 περὶ
643 2188 738 2242 τοῦ
758 2190 857 2260 τῆς
878 2190 1161 2255 εὐσεϐείας
1185 2191 1422 2262 κράτους
1442 2192 1509 2246 τὰ
1528 2191 1890 2262 παλαίσματα

305 2277 794 2336 διακινδυνεύεται.
841 2283 1202 2355 Τούτωνγάρ
1250 2286 1434 2338 εἵνεκα
1484 2284 1885 2356 παρελήλυθα·

310 2370 736 2440 συμϐουλεύσων
769 2373 806 2428 δ.
830 2376 1103 2445 συμφέρει
1128 2376 1366 2447 ἐνόμισα
1410 2377 1508 2430 καὶ
1537 2380 1602 2448 τῇ
1634 2376 1891 2450 παρούσῃ

305 2460 467 2532 χρείᾳ
499 2461 624 2515 ὅσον
669 2461 850 2528 ἔξεστι
896 2464 991 2517 καὶ
1023 2464 1187 2528 αὐτὸς
1236 2468 1698 2535 συνεισενεγκεῖν.
1740 2467 1804 2520 Εἰ
1843 2467 1888 2519 δ’

302 2548 531 2621 ὀρθῶςῆ
565 2549 663 2621 μὴ,
698 2552 925 2605 σκοπεῖν
957 2552 1227 2608 λείπεται.
1260 2552 1396 2607 Οὐδὲ
1442 2553 1550 2624 γὰρ
1588 2555 1890 2627 νομοθετῇς

305 2654 490 2701 σοντες
511 2638 743 2711 ἥκομεν,
776 2639 889 2693 οὐδ’
918 2641 1314 2710 άποφαντικῶς
1337 2642 1407 2697 τὰ
1434 2643 1682 2714 ἡμέτερα
1711 2644 1889 2709 λέξειν

301 2724 568 2795 δόγματα.
610 2727 755 2781 Ἀλλ’
791 2726 984 2798 ὥσπερ
1023 2728 1194 2783 πάλαι
1226 2732 1349 2794 ταῖς
1387 2731 1891 2802 ἀριστοκρατουμέ-

304 2833 424 2881 ναις
455 2819 705 2887 ἐγίγνετο
739 2820 982 2884 πόλεσιν,
1023 2820 1168 2876 οὕτω
1198 2825 1294 2877 καὶ
1321 2826 1454 2895 ἡμῖν
1494 2826 1691 2896 ἐράνου
1724 2827 1887 2897 δίκην

304 2909 378 2965 τὰ
402 2911 470 2981 τῇ
501 2910 712 2981 διανοίᾳ
741 2912 878 2982 πρὸς
906 2913 969 2967 τὸ
1005 2914 1179 2985 παρὸν
1207 2916 1564 2986 ἐπιτρέχοντα
1595 2918 1887 2988 συνεισφέ-

308 3019 421 3073 ρειν
452 3001 599 3068 εδοξε
633 3002 860 3059 δίκαιον.
892 3006 960 3059 "A
1000 3007 1183 3061 τοίνυν
1211 3006 1392 3076 λέγειν
1440 3009 1769 3080 προήγμεθα
1794 3012 1889 3081 τήν

309 3111 495 3165 μερον,
523 3096 898 3167 ἀπαγόρευσίς
930 3099 1046 3151 ἐστι
1089 3100 1164 3169 μὴ
1211 3100 1416 3163 πάντας
1446 3101 1743 3173 αὐτονομίᾳ
1767 3102 1890 3174 βου.

307 3185 514 3257 λήσεως
564 3188 789 3258 ῥέοντας
841 3189 1008 3258 ὁμόσε
1039 3191 1236 3261 χωρεῖν
1265 3192 1319 3255 ἐς
1353 3191 1617 3257 διαλέξεις
1655 3196 1750 3249 καὶ
1781 3197 1884 3249 άπ-

308 3282 567 3352 αντήσεις
620 3280 726 3334 τῶν
782 3282 841 3348 ἐξ
897 3281 1131 3345 Ἰταλίας
1188 3281 1378 3338 ἰόντων
1407 3301 1420 3315 ·
1456 3285 1591 3338 ὅπου
1633 3302 1698 3354 γε
1743 3288 1882 3357 μγ,δέ

305 3373 418 3434 τοῖς
453 3371 847 3444 προεδρεύουσι
884 3376 979 3427 καὶ
1007 3374 1194 3445 οτιμῆς
1226 3376 1487 3448 τοιαύτης
1531 3377 1879 3448 ἠξιωμένοις,

307 3467 438 3535 πρὶν
467 3463 587 3534 μετ’
613 3465 858 3535 ἀλλήλων
887 3466 980 3520 τὸν
1007 3468 1107 3538 τῆς
1138 3468 1429 3535 διαλέξεως
1462 3470 1727 3540 ἐσκέφθαι
1759 3487 1883 3524 σκο-

307 3558 430 3621 πὸν,
469 3556 646 3627 χρεὼν
677 3560 952 3629 άπαντᾷνο
987 3559 1218 3627 εἰδότας,
1250 3561 1332 3615 ὅτι
1372 3562 1574 3631 πρᾶξις
1609 3565 1761 3617 πᾶσα
1789 3565 1883 3619 καὶ

306 3648 464 3719 λόγος
495 3648 641 3712 ἄπας
667 3649 780 3719 ἔχει
809 3650 1011 3703 σκοπὸν
1042 3652 1138 3705 καὶ
1159 3652 1334 3719 τέλος,
1363 3656 1494 3723 πρὸς
1526 3654 1554 3706 ὃ
1584 3655 1882 3724 βλέποντας

305 3738 397 3790 τόν
425 3754 482 3790 τε
517 3738 822 3807 πράττοντα
859 3741 952 3795 καὶ
997 3741 1223 3808 λέγοντα
1256 3743 1356 3812 τήν
1403 3760 1462 3795 τε
1499 3744 1698 3814 πρᾶξιν
1746 3745 1880 3815 ὁμοῦ

284 3832 400 3909 ,καὶ
435 3831 524 3884 τὸν
548 3830 710 3898 λόγον
741 3832 987 3887 εὐθύνειν
1017 3837 1303 3903 προσήκει.
1342 3833 1545 3888 Τούτου
1574 3836 1619 3889 δ’
1646 3838 1881 3900 ἀπόντος

307 3920 547 3973 κίνδυνον
578 3918 739 3986 εἶναι,
767 3922 998 3989 μάταιον
1027 3925 1263 3993 σπουδήν
1294 3941 1351 3976 τε
1388 3927 1566 3977 πᾶσαν
1605 3930 1697 3978 καὶ
1720 3928 1882 3982 πόνον

308 4012 525 4067 ἅπαντα
554 4013 892 4082 νομίζεσθαι.
925 4010 1050 4068 Οἷον
1083 4017 1110 4068 ὁ
1148 4015 1325 4069 πλέων
1350 4016 1408 4068 οὐ
1443 4017 1601 4069 τοῦτο
1631 4016 1881 4086 βούλεται

309 4108 406 4161 καὶ
441 4106 583 4159 τοῦτ’
630 4106 742 4176 ἔχει
781 4109 1005 4170 σκοπὸν,
1052 4108 1187 4177 ὅπερ
1220 4108 1533 4179 ἐργάζεται.
1558 4110 1675 4162 ἀλλ’
1706 4112 1883 4165 ἐκεῖνο

311 4199 534 4268 μᾶλλον,
558 4190 618 4251 οἶ
634 4198 817 4251 ἕνεκεν
837 4200 1132 4269 ἐργάζεται
1156 4202 1289 4270 ὅπερ
1312 4197 1620 4270 ἐργάζεται.
1646 4201 1882 4270 Κέρδους

308 4291 418 4360 γὰρ
446 4289 628 4357 ἕνεκα,
666 4291 758 4345 καὶ
787 4292 848 4344 οὐ
882 4291 974 4344 τοῦ
1003 4290 1211 4361 κύμασι
1244 4292 1336 4344 καὶ
1383 4292 1713 4359 πνευμάτων
1738 4292 1881 4362 βίαις

307 4380 649 4435 διακυϐεύειν
678 4383 738 4435 τὸ
772 4382 892 4454 ζῇν,
922 4384 1112 4451 ἀνάγει
1138 4384 1238 4453 τὴν
1277 4382 1437 4437 ναῦν»
1464 4385 1573 4438 Καὶ
1606 4385 1634 4436 ό
1656 4385 1878 4452 τοξότης

1990 547 2171 601 neque
2204 534 2476 589 rationem
2511 533 2648 588 inse
2677 535 2843 590 ullam
2880 534 3069 594 habet,
3101 533 3299 588 modus
3341 542 3398 588 et
3428 533 3571 587 rat?o

1987 625 2263 694 atquitatis
2297 625 2548 680 ducenda
2574 642 2684 681 nou
2711 636 2816 681 est.
2843 625 3055 681 Deinde
3080 627 3220 681 satis
3260 624 3455 689 scitur,
3489 627 3572 678 in-

1988 719 2397 774 consideratum
2435 719 2702 789 impetum
2734 735 2843 774 non
2902 727 3097 790 suapte
3138 730 3334 775 natura
3368 733 3567 789 parere

1990 812 2285 868 victoriam
2326 831 2339 868 :
2373 814 2493 879 sed,
2528 814 2573 869 si
2612 812 3058 868 adversariorum
3095 813 3269 882 major
3326 810 3567 866 stultitia

1989 905 2343 960 occasionem
2375 905 2455 958 rei
2509 905 2652 960 bene
2700 903 2953 975 gerenda:
3005 913 3206 974 praeter
3268 901 3564 971 opinonem

1990 995 2231 1064 praebeat
2257 995 2550 1050 contraria:
2574 996 2840 1059 audaciae,
2872 1011 2938 1049 eo
2986 1010 3114 1050 casu
3145 996 3318 1049 malas
3344 1006 3567 1062 quoque

1990 1100 2079 1139 res
2111 1069 2385 1139 bonarum
2407 1100 2596 1141 rerum
2630 1086 2812 1140 locum
2853 1099 3171 1154 occupare;
3229 1083 3375 1139 sicut
3401 1083 3567 1137 vicis-

1989 1177 2091 1231 sim
2122 1177 2293 1246 major
2323 1193 2468 1247 sarpe
2487 1176 2932 1232 adversariorum
2950 1176 3238 1247 prudentia
3258 1191 3355 1230 eos
3373 1176 3565 1234 etiam.

1989 1270 2084 1339 qui
2122 1270 2264 1324 bene
2323 1270 2440 1324 suis
2504 1269 2669 1325 rebus
2707 1269 3060 1325 consuluisse
3091 1267 3253 1338 504
3287 1268 3568 1331 videntur,

1989 1370 2240 1429 superat.
2274 1361 2409 1416 Nam
2441 1376 2566 1415 cum
2598 1376 2686 1416 res
2738 1361 2940 1417 futurae
2991 1360 3217 1415 incertae
3256 1359 3389 1425 sint,
3427 1358 3568 1412 nihil

1990 1453 2192 1510 obstat.
2235 1469 2343 1522 quo
2374 1454 2559 1508 minus
2586 1453 2863 1507 interdum
2892 1454 3059 1507 etiam
3086 1453 3192 1506 tale
3221 1450 3427 1520 aliquid
3462 1465 3566 1505 usu

1991 1546 2199 1598 veniat.
2251 1544 2357 1599 Sed
2421 1544 2779 1599 fortuitorum
2819 1559 3177 1599 successurum
3226 1541 3574 1598 enumeratio

1990 1651 2100 1689 non
2126 1636 2289 1690 debet
2314 1637 2460 1705 apud
2493 1652 2595 1692 nos
2621 1637 2758 1706 legis
2789 1636 2911 1690 loco
2938 1651 3085 1699 esse,
3161 1651 3308 1689 nunc
3342 1649 3575 1704 praeser-

1993 1731 2114 1796 tim,
2178 1746 2305 1785 cum
2362 1730 2431 1785 de
2496 1730 2777 1800 religionis
2835 1729 3069 1785 victoria
3112 1728 3188 1783 sit
3219 1728 3570 1784 certandum.

1992 1824 2288 1879 Enimvero
2326 1824 2427 1879 hac
2457 1823 2524 1878 de
2559 1839 2722 1879 causa
2746 1822 2948 1892 prodii,
2996 1821 3140 1891 quod
3185 1830 3241 1876 et
3277 1837 3361 1876 me
3389 1822 3569 1889 ipsum

1990 1900 2323 1983 putaverim,
2382 1914 2429 1969 si
2468 1914 2602 1970 utile
2626 1913 2917 1970 consilium
2947 1912 3163 1976 darem,
3212 1911 3482 1982 quidquid
3516 1910 3572 1967 in

1991 2019 2079 2059 me
2103 2004 2225 2075 opis
2260 2003 2404 2061 foret
2435 2006 2487 2058 in
2521 2020 2637 2060 rem
2692 2013 3019 2074 przesentem
3055 2018 3179 2058 esse
3225 2003 3576 2058 contributu-

1993 2113 2140 2152 rum.
2205 2097 2262 2152 ld
2315 2107 2499 2152 autem
2566 2109 2789 2153 rectene
2836 2112 2905 2151 an
2959 2111 3125 2151 secus
3155 2094 3403 2150 facturus
3444 2096 3573 2160 sim,

1990 2189 2393 2245 consideretur.
2423 2186 2610 2258 Neque
2631 2188 2778 2244 enim
2800 2190 2983 2257 legum
3010 2186 3364 2242 ferendarum
3393 2186 3572 2257 gratia

1992 2281 2276 2346 adsumus,
2304 2289 2401 2334 aut
2442 2288 2503 2333 ut
2535 2290 2720 2335 nostra
2742 2281 2964 2336 decreta
2984 2279 3142 2334 ﬁrma
3163 2289 3217 2334 et
3243 2279 3574 2335 inconcussa

1991 2370 2186 2426 haberi
2217 2370 2453 2426 velimus
2482 2389 2496 2437 ;
2531 2371 2629 2426 sed
2662 2380 2722 2427 ut
2751 2371 2881 2428 olim
2942 2373 2994 2426 in
3029 2370 3222 2426 liberis
3255 2369 3576 2425 civitatibus

1994 2465 2179 2530 ﬁebat,
2219 2464 2293 2519 ita
2325 2471 2381 2518 et
2414 2462 2574 2519 nobis
2606 2478 2728 2533 qua:
2788 2463 2847 2518 in
2880 2472 3120 2519 mentem
3175 2479 3277 2533 pro
3332 2471 3576 2534 tempore

1990 2559 2276 2613 venissent
2297 2557 2676 2631 velutstipem
2707 2554 2963 2611 conferre
3010 2556 3189 2611 visum
3220 2564 3323 2612 est.
3362 2555 3413 2610 Is
3438 2570 3575 2611 vero

1994 2651 2163 2720 hujus
2183 2657 2389 2704 nostra:
2416 2648 2684 2703 orationis
2716 2662 2919 2716 sc0pus
2947 2657 3053 2709 est,
3095 2658 3155 2704 ut
3186 2635 3573 2711 dehortemu’r,

1993 2758 2062 2798 ne
2090 2742 2274 2812 quivis
2304 2755 2405 2810 pro
2433 2754 2536 2796 suo
2565 2740 2723 2795 lihito
2745 2753 2870 2794 cum
2896 2739 2967 2795 iis
3003 2739 3098 2808 qui
3125 2755 3192 2795 ex
3220 2740 3374 2794 Italia
3402 2754 3574 2796 vene-

1992 2842 2120 2887 runt
2149 2841 2358 2886 temere
2389 2829 2777 2901 congrediatur
2799 2838 2857 2884 et
2886 2828 3174 2898 distiutet;
3231 2843 3356 2884 cum
3408 2829 3461 2885 id
3507 2847 3576 2885 ne

1992 2922 2327 2995 praesulibus
2351 2920 2576 2991 quidem
2602 2930 2658 2976 et
2692 2921 2825 2977 viris
2868 2935 2933 2977 ea
2965 2921 3294 2975 auctoritate
3329 2920 3574 2990 praeditis
3622 2942 3628 2947 ο

1990 3012 2411 3071 concedendum
2438 3027 2561 3067 esse
2595 3012 2869 3077 videatur,
2915 3011 3237 3082 priusquam
3275 3011 3421 3067 inter
3451 3026 3574 3067 sese

1915 3134 1960 3194 ο
1991 3106 2384 3177 disputationis
2396 3120 2619 3175 scopum
2637 3116 2694 3160 et
2715 3104 2878 3160 linem
2897 3104 3306 3176 considerarint
3328 3120 3343 3168 ;
3366 3104 3574 3175 quippe

1992 3199 2088 3271 qui
2129 3199 2328 3264 sciant,
2390 3197 2540 3253 omni
2590 3197 2707 3252 sive
2753 3197 2954 3252 actioni
2989 3197 3106 3253 sive
3152 3197 3388 3251 orationi
3440 3211 3572 3254 sco-

1992 3307 2119 3361 punt
2145 3304 2210 3344 ac
2235 3290 2400 3343 linem
2424 3289 2662 3357 aliquem
2691 3303 2811 3343 esse
2844 3287 3312 3357 propositutn,‘ad
3333 3303 3497 3356 quem
3525 3286 3574 3341 is

1991 3379 2086 3450 qui
2108 3380 2195 3434 vel
2224 3378 2337 3449 agit
2358 3378 2439 3432 vel
2466 3378 2688 3432 disserit
2711 3377 2994 3433 collimare
3012 3388 3234 3433 etsuam
3262 3389 3376 3433 tum
3393 3381 3571 3433 actio-

1990 3487 2117 3527 nem
2141 3481 2256 3524 tum
2285 3470 2595 3539 orationem
2625 3470 2862 3541 dirigere
2882 3470 3103 3527 debeat.
3129 3470 3286 3537 Quod
3320 3470 3426 3525 nisi
3451 3469 3567 3532 ﬁat,

1989 3562 2500 3632 periculum.est,ne
2526 3578 2690 3617 omne
2704 3562 2975 3627 studium,
3000 3564 3180 3618 omnis
3206 3563 3360 3617 labor
3387 3564 3569 3618 inanis

1988 3668 2044 3710 et
2063 3654 2256 3709 irritus
2272 3653 2561 3710 habeatur.
2583 3654 2764 3711 Veluti
2787 3654 2833 3709 is
2868 3657 2960 3724 qui
2979 3655 3196 3728 navigat
3226 3672 3335 3709 non
3352 3655 3413 3723 id
3428 3658 3570 3720 vult,

1990 3761 2096 3801 nec
2115 3760 2343 3815 scopum
2374 3745 2479 3800 sibi
2497 3746 2759 3815 proponit
2780 3745 2994 3814 idquod
3017 3746 3162 3816 agit;
3183 3746 3280 3800 sed
3313 3732 3450 3800 illud
3475 3763 3575 3816 po-

1992 3836 2122 3895 tius.
2140 3836 2472 3905 cujuscausa
2500 3836 2552 3888 id
2571 3836 2748 3905 ipsum
2764 3836 2897 3904 agit.
2918 3835 3079 3890 Lucri
3100 3836 3360 3890 nimirum
3381 3855 3395 3888 ι
3413 3851 3569 3900 ausa,

1989 3942 2100 3980 non
2127 3938 2309 3979 autem
2335 3936 2391 3979 ut
2421 3935 2710 3980 ventorum
2731 3937 2788 3980 et
2815 3924 3081 3979 ﬂuctuum
3115 3926 3345 3981 arbitrio
3363 3927 3431 3981 de
3458 3927 3571 3981 vita

1992 4016 2152 4087 505
2193 4015 2439 4081 dimicet,
2469 4030 2500 4071 e
2530 4027 2689 4086 pontu
2736 4016 2918 4071 solvit.
2956 4015 3156 4071 Eodem
3196 4017 3358 4071 modo
3407 4017 3571 4087 Sagit-

1993 4110 2166 4163 larius
2192 4126 2301 4165 non
2337 4109 2460 4163 ideo
2493 4110 2719 4177 sagittas
2764 4108 2985 4172 emittit,
3020 4118 3080 4164 ut
3107 4120 3329 4163 ventum
3372 4110 3572 4165 verbe-

1992 4209 2109 4266 ret;
2139 4201 2233 4256 sed
2266 4210 2325 4256 ut
2354 4200 2567 4257 hostem
2601 4210 2832 4266 sternat,
2865 4200 2916 4254 id
2946 4200 3096 4255 facit.
3127 4199 3226 4255 llic
3248 4217 3378 4255 vero
3408 4203 3568 4270 cujus
3648 4217 3655 4224 ·

1989 4294 2344 4350 etuolumcnti
2379 4308 2497 4364 Spe,
2525 4308 2632 4362 quo
2661 4292 2768 4347 [ine
2796 4293 3098 4363 proposito,
3126 4294 3417 4363 quisquam
3448 4294 3597 4350 dLs-.

1990 4395 2186 4455 putare
2230 4401 2354 4442 cum
2392 4385 2606 4441 Latinis
2670 4385 2824 4452 velit,
2859 4384 3115 4455 equidem
3163 4402 3273 4440 non
3308 4386 3487 4447 video,
3519 4387 3567 4440 si

308 4472 352 4524 δ’
384 4472 586 4541 ὁμοίως
630 4473 728 4526 ούκ
755 4475 887 4526 αὐτὸ
928 4474 1047 4525 καθ’
1077 4474 1209 4526 αὐτὸ
1236 4476 1297 4526 τὸ
1335 4472 1593 4540 τοξεύειν,
1624 4475 1760 4529 ἀλλὰ
1789 4477 1879 4529 τοῦ

1990 4494 2093 4533 nec
2132 4478 2233 4548 ipsi
2272 4478 2496 4544 nostris,
2525 4494 2628 4533 nec
2652 4493 2754 4534 nos
2785 4478 3002 4533 illorum
3034 4478 3272 4535 decretis
3302 4479 3566 4535 assentiri

311 4560 490 4627 βαλεῖν
514 4560 603 4613 τὸν
631 4560 889 4630 πολέμιον
918 4561 1101 4614 εἵνεκα
1131 4561 1287 4615 τοῦτο
1315 4562 1643 4635 προῄρηται.
1663 4566 1888 4620 Ἐνταυ-

310 4652 394 4705 θοῖ
422 4654 465 4706 δ’
497 4654 596 4724 οὐχ
623 4654 753 4722 ὁρῶ,
790 4655 937 4716 τίνος
978 4655 1165 4707 εἵνεκα
1196 4657 1418 4727 κέρδους
1466 4660 1559 4709 καὶ
1592 4659 1725 4730 πρὸς
1764 4659 1887 4713 τίνα

312 4742 526 4812 βλέπων
562 4744 761 4796 σκοπὸν
806 4744 1153 4812 διαλέγεσθαι
1184 4746 1250 4799 ἄν
1302 4763 1385 4811 τις
1432 4748 1627 4813 ἕλοιτο,
1671 4751 1719 4801 εἰ
1760 4750 1886 4820 μήτ’

308 4835 460 4888 αὐτοὶ
488 4835 598 4898 τοῖς
627 4834 804 4906 ἡμῶν,
857 4836 986 4907 μήθ’
1022 4838 1186 4919 ημεῖς
1216 4840 1329 4903 τοῖς
1356 4839 1537 4893 αὐτῶν
1589 4841 1884 4894 συνθέσθαι

312 4927 648 4999 βουλήμασιν
682 4927 927 5000 ἔγνωμεν
959 4928 1202 4997 πώποτε,
1248 4930 1351 4984 κᾶν
1381 4933 1581 4995 πάντες
1616 4934 1757 5000 φῶσι
1805 4934 1887 4986 λί-

311 5024 417 5087 θοι,
453 5020 555 5075 κᾶν
606 5020 783 5074 πάντα
820 5024 986 5090 φυτά.
1019 5022 1140 5076 Ἔτι
1182 5026 1292 5096 μὴν
1325 5026 1421 5079 καὶ
1458 5027 1567 5079 τῶν
1596 5027 1884 5079 ἀτοπωτά-

309 5128 417 5164 των
448 5111 513 5164 ἂν
538 5110 626 5180 εἴη
656 5110 751 5163 καὶ
784 5112 972 5182 πόρρω
1006 5127 1105 5162 που
1136 5112 1232 5164 τοῦ
1262 5114 1629 5184 προσήκοντος
1660 5116 1886 5184 πορευό-

313 5219 476 5274 μενον
508 5203 693 5270 λόγου,
719 5205 845 5267 τοὺς
880 5208 983 5273 μὲν
1030 5204 1384 5274 Ὀλυμπιάσιν
1427 5207 1761 5272 ἀγωνιστάς,
1792 5211 1884 5260 καὶ

311 5296 427 5348 ὅσοι
458 5297 560 5366 γῆς
590 5296 752 5349 ἕνεκα
797 5288 1077 5360 σταδιαίας
1107 5296 1544 5367 ἀμφισϐητοῦσι,
1593 5298 1688 5351 καὶ
1721 5298 1774 5350 εἴ
1798 5316 1883 5363 τις

308 5386 671 5450 λωποδυσίαις
703 5387 999 5454 ἁλίσκοιτο,
1036 5388 1245 5451 τούτοις
1269 5391 1471 5455 ἐξεῖναι
1505 5390 1673 5443 πᾶσιν
1697 5391 1884 5446 Ἑλλα-

314 5471 531 5540 νοδίκας
558 5478 712 5541 τινὰς
739 5477 831 5531 καὶ
870 5477 1066 5546 κριτὰς
1088 5477 1353 5547 ἀρῤεπεῖς
1394 5477 1767 5548 προκαθίζειν,
1807 5479 1884 5545 ὡς

318 5570 395 5642 μὴ
419 5569 555 5643 λάθῃ
594 5572 929 5641 παραρῤυεὶς
975 5570 1003 5622 ὀ
1040 5568 1133 5622 τοῦ
1180 5568 1390 5623 δικαίου
1443 5570 1644 5636 κανὼν,
1681 5573 1883 5642 μᾶλλον

315 5657 361 5709 δ’
396 5660 481 5712 ἱνα
515 5660 592 5728 μὴ
622 5659 887 5729 ἀνήνυτον
913 5657 1013 5728 ἔχῃ
1044 5658 1136 5711 τὸν
1190 5656 1391 5727 δρόμον
1421 5659 1452 5727 ἡ
1484 5660 1579 5729 τῆς
1604 5661 1885 5731 ὰμφιεϐη-

315 5749 525 5818 τὴοεως
558 5749 696 5819 ἔρις,
727 5749 953 5821 μηδενὸς
979 5749 1342 5820 προκειμένου
1379 5749 1601 5813 κανόνος
1638 5753 1731 5804 καὶ
1760 5753 1884 5806 στά-

1991 4586 2232 4641 unquam
2256 4570 2627 4637 decrevimus,
2658 4571 2743 4625 vel
2768 4570 2812 4625 si
2843 4585 3037 4625 omnes
3064 4570 3167 4625 hoc
3189 4571 3418 4641 lapides,
3448 4587 3568 4627 om-

1989 4678 2088 4733 nes
2130 4663 2351 4733 stipites
2381 4663 2612 4719 dictent.
2648 4662 2854 4718 Deinde
2899 4662 3360 4722 absurdissimum
3406 4665 3563 4720 etab

1989 4756 2138 4809 omni
2175 4756 2387 4810 ratione
2417 4754 2816 4810 alienissimum
2853 4755 3038 4821 fuerit,
3078 4754 3144 4810 iis
3180 4755 3274 4825 qui
3299 4756 3351 4811 iu
3378 4754 3565 4828 Olym-

1988 4845 2091 4915 piis
2130 4854 2345 4901 certant
2373 4854 2429 4901 et
2456 4846 2524 4901 in
2567 4847 2745 4901 stadio
2777 4846 3100 4910 decurrunt,
3152 4855 3249 4901 aut
3290 4848 3382 4917 qui
3435 4848 3569 4904 furti

1989 4946 2316 5007 arguuntur,
2355 4937 2421 4992 ad
2465 4936 2847 4992 llellanndieas
2875 4949 2932 4994 et
2969 4938 3322 5008 incorruptos
3350 4940 3570 5010 judiees

1987 5042 2108 5082 esse
2137 5028 2607 5097 provocationem,
2640 5045 2706 5083 ue
2732 5029 2964 5098 justitiae
3003 5030 3189 5099 regula
3232 5029 3420 5085 lurtim
3467 5031 3567 5086 dc-

1988 5119 2158 5174 clinet
2205 5135 2269 5174 ac
2304 5119 2477 5184 fallat,
2526 5132 2621 5175 aut
2674 5120 2789 5175 litis
2841 5121 3171 5192 disceptatio
3203 5122 3406 5177 frustra
3437 5139 3563 5192 pro-

1986 5213 2167 5276 cedat,
2216 5211 2364 5266 nulla
2420 5213 2607 5282 regula
2645 5221 2742 5268 aut
2768 5228 2963 5268 norma
2996 5213 3266 5278 adhibita,
3297 5215 3364 5268 ad
3398 5231 3562 5284 quam

1987 5298 2411 5368 disceptantium
2468 5299 2712 5355 rationes
2754 5312 2961 5357 exacta:
2988 5303 3138 5357 litem
3195 5302 3421 5356 lluiant:
3471 5316 3566 5356 eos

1987 5406 2141 5454 vero,
2174 5390 2269 5460 qui
2303 5390 2371 5445 de
2409 5391 2574 5446 rebus
2599 5391 2803 5447 divinis
2837 5392 3169 5463 disputaturi
3193 5403 3249 5447 et
3277 5392 3331 5447 in
3352 5386 3560 5463 longis-

1987 5486 2128 5538 simo
2166 5483 2260 5538 illo
2305 5483 2483 5539 stadio
2520 5485 2806 5539 maximam
2852 5486 3064 5541 cladem
3102 5486 3300 5541 animis
3331 5496 3387 5540 ct
3433 5501 3560 5542 cor-

1989 5576 2218 5645 poribus
2253 5577 2542 5633 minitante
2573 5579 2863 5633 decursuri
2914 5590 3063 5644 suut,
3096 5579 3307 5633 nullum
3355 5577 3561 5633 habere

1984 5668 2248 5737 judicent,
2285 5670 2378 5739 qui
2433 5674 2723 5742 utriusque
2759 5672 2930 5741 partis
2962 5673 3127 5726 verba
3160 5688 3277 5740 exp.
3301 5671 3454 5736 ndat,
3502 5686 3567 5725 ac

1991 5757 2079 5811 illa
2108 5759 2331 5829 quidem
2371 5762 2615 5819 victricia
2641 5765 2983 5835 pronuntiet,
3018 5763 3107 5817 illa
3138 5779 3270 5818 vero
3299 5774 3356 5819 ut
3381 5764 3564 5818 inania
