4062 6448
487 321 600 385 7οἹ
747 313 826 386 [Α.
866 326 927 383 μ.
967 309 1110 366 6856
1150 325 1217 364 an
1257 306 1422 380 6859]

1727 310 2162 372 NICEPHOliI
2205 309 2590 371 GllEGOlME

2838 309 2977 381 {una
3022 325 3308 368 annnoxtc.
3338 330 3430 371 tun
3467 314 3480 388 Ι

3647 324 3743 389 Μ

480 448 548 494 et
577 437 892 507 importuna
918 431 1173 502 explodat
1202 440 1259 485 et
1286 445 1353 484 ex
1387 429 1558 483 choro
1581 426 1830 482 veritatis
1858 440 2075 496 expuu-

2182 410 2345 496 θμης,
2386 426 2525 497 πρὸς
2547 425 2584 481 ἃ
2618 426 3139 499 παραμετρηθέντες
3170 432 3216 483 oi
3261 431 3371 485 τῶν
3399 434 3745 502 ἀνταγωνιζο-

493 538 613 600 gat:
646 525 743 581 sed
777 539 874 578 eos
901 538 1010 577 non
1037 522 1197 576 aliter
1221 519 1428 585 facere,
1455 534 1519 573 ac
1550 518 1595 573 si
1621 518 1738 588 qui,
1767 517 1923 572 verbi
1953 533 2079 587 gra-

495 620 593 682 tia,
644 617 714 671 de
769 616 1042 670 limitibus
1092 626 1352 684 agrorum
1402 612 1779 679 disceptantes
1835 612 2077 680 primum

496 709 763 765 conviciis
790 708 859 763 de
887 708 1118 762 victoria
1147 714 1386 769 certent,
1427 704 1629 758 deinde
1652 702 1777 757 litis
1807 702 2077 757 dirimen-

496 802 580 857 dre
614 809 943 871 potestatem
974 798 1236 853 manibus
1257 805 1314 850 et
1335 794 1558 850 lacertis
1582 793 1924 864 permittant,
1951 802 2011 846 ut
2032 792 2080 848 is

497 894 703 958 vincat,
744 890 907 962 506
941 890 1035 960 qui
1064 888 1261 943 robore
1290 887 1514 942 .llrtnior
1541 886 1770 940 alterius
1797 885 1963 956 capiti
1995 886 2079 941 vel

496 985 736 1056 lapidem
764 981 1079 1046 incusserit,
1095 980 1181 1034 vel
1209 995 1392 1050 pugno
1418 978 1659 1049 impacto
1675 978 1936 1033 letlialetn
1960 977 2081 1047 pla-

496 1095 613 1147 gam
647 1077 910 1133 iuliixerit
936 1093 951 1142 ;
976 1075 1062 1128 vel
1086 1074 1351 1142 denique,
1384 1071 1429 1126 si
1463 1075 1540 1126 ita
1569 1071 1683 1125 fors
1708 1069 1867 1134 ferat,
1895 1070 2080 1142 gladio

494 1184 594 1238 per
626 1171 772 1224 latus
808 1167 1005 1221 adacto
1048 1162 1431 1219 adversarium
1465 1176 1626 1215 suum
1667 1175 1699 1216 e
1738 1162 1880 1216 .vivis
1910 1175 2077 1231 quam

493 1260 786 1314 celerrime
842 1257 1151 1312 sustulerit.
1185 1254 1341 1321 Quod
1375 1253 1420 1309 si
1471 1253 1595 1308 dua:
1634 1263 1827 1323 partes
1861 1269 2078 1319 sumus,

493 1354 586 1423 qui
629 1352 1042 1415 contendimus,
1080 1364 1183 1404 nec
1232 1348 1454 1403 tertium
1515 1347 1767 1402 veritatis
1804 1348 2078 1403 arbitrqu

494 1454 552 1497 et
582 1442 831 1513 judicem
861 1440 1067 1495 habere
1095 1454 1408 1509 possumus,
1429 1453 1607 1509 eaque
1632 1437 1701 1493 de
1726 1454 1891 1494 causa
1909 1441 2082 1513 alter-

497 1535 639 1591 utris
671 1533 740 1589 de
771 1532 1150 1589 controversia
1182 1531 1666 1611 pronuntiandum
1694 1540 1799 1597 est,
1834 1501 1934 1586 nos
1950 1532 2081 1587 illo.

495 1643 619 1682 rum
644 1614 765 1683 csse
793 1627 1030 1697 iudices,
1064 1640 1170 1679 non
1200 1624 1329 1681 illos
1352 1625 1523 1680 nostri
1555 1633 1790 1694 oportet.
1819 1624 2076 1680 Nostrum

2185 518 2369 588 μένων
2406 518 2559 582 λόγοι
2592 518 2694 589 τῆς
2722 518 2897 589 ἔριδος
2931 520 3381 585 ἀπαλλάξωνται’
3408 525 3531 583 τοὺς
3563 527 3617 580 δὲ
3646 531 3747 582 τῶν

2178 626 2250 662 πε
2258 610 2312 680 pl
2333 610 2471 663 Θεοῦ
2493 610 2812 681 λεγομενων
2835 614 3264 682 κοινολογεῖσθαι
3288 615 3637 689 βουλομένους
3659 623 3746 677 καὶ

2170 701 2329 756 οὕτω
2351 703 2606 773 μέγιστον
2626 704 2859 759 διανύειν
2882 706 2970 760 τὸν
2990 705 3204 760 δίαυλον
3226 710 3321 761 καὶ
3357 710 3616 782 μεγίστην
3640 714 3751 767 ἑπι-

2184 794 2398 850 σείοντα
2428 796 2630 867 βλάϐην
2658 798 2862 868 ψυχαῖς
2884 796 2969 869 [Ρ.
2997 798 3123 872 512]
3145 800 3281 871 ὁμοῦ
3310 817 3369 854 τε
3403 802 3495 855 καὶ
3521 803 3747 873 σώμασι,

2181 887 2394 953 τούτοις
2432 888 2490 943 δὲ
2509 890 2715 961 μηδένα
2752 892 3111 962 προκαθίζειν
3131 894 3425 964 κριτὴν,δς
3453 894 3519 949 ἂν
3538 897 3601 948 τὰ
3632 901 3749 969 παρ’

2178 983 2462 1054 ἑκατέρων
2488 982 2795 1054 βασανίζων
2826 984 3098 1053 λεγόμενα
3117 989 3233 1049 τοῖς
3268 986 3367 1053 μὲν
3395 986 3497 1055 τὴν
3524 987 3752 1044 νικῶσαν

2182 1075 2481 1147 χαρίσηται
2521 1077 2724 1147 ψῆφον,
2758 1076 2828 1130 τὰ
2861 1077 2907 1130 δ’
2928 1077 3010 1142 ὡς
3051 1077 3308 1148 ἀνεμιαῖα
3348 1078 3445 1132 καὶ
3469 1075 3751 1152 κηφηνῶδη

2183 1166 2644 1239 παρακρούσηται
2673 1184 2733 1221 τε
2758 1168 2854 1220 καὶ
2879 1167 2972 1221 τοῦ
3006 1167 3171 1238 χοροῦ
3208 1166 3488 1240 διαγράψῃ
3515 1169 3613 1239 τῆς
3632 1169 3755 1239 ἀλη-

2184 1260 2368 1324 θείας·
2403 1260 2519 1313 ἀλλ*
2544 1262 2709 1331 ὃμοια
2737 1263 2914 1314 ποιεῖν
2938 1261 3192 1327 ἐκείνοις,
3222 1259 3273 1313 οῖ
3308 1262 3438 1332 περί
3466 1261 3567 1331 γῆς
3596 1260 3752 1330 ὅρων,

2179 1352 2257 1416 ὡς
2284 1353 2414 1410 ἔπος
2460 1355 2660 1417 εἰπεῖν,
2713 1354 2851 1424 πρὸς
2899 1353 3168 1423 ἀλλήλους
3220 1353 3521 1424 μαχόμενοι
3572 1352 3754 1422 πρῶτα

2187 1448 2285 1516 μὲν
2318 1448 2444 1510 ταῖς
2501 1446 2607 1500 ἀπὸ
2659 1446 2912 1517 γλώττης
2967 1446 3261 1521 λοιδορίαις
3292 1444 3556 1516 περὶτῆς
3606 1444 3755 1516 νίκης

2180 1536 2620 1604 διαγωνίζονται,
2657 1534 2778 1591 εἶτα
2807 1537 3055 1608 βραχίονι
3089 1537 3184 1590 καὶ
3216 1536 3450 1610 παλάμῃ
3475 1536 3571 1607 τὴν
3597 1537 3756 1592 ἀπαλ-

2181 1628 2357 1699 λαγὴν
2413 1630 2824 1700 ἐπιτρέπουσιν,
2856 1629 2915 1691 ὃς
2975 1630 3043 1682 ἂν
3083 1630 3552 1699 ὲπικρατέστερος
3593 1646 3754 1684 κατα-

496 1727 643 1775 enim
679 1722 874 1790 dogma
910 1720 983 1774 illi
1016 1734 1123 1772 non
1159 1719 1344 1771 minus
1376 1732 1541 1787 quam
1575 1732 1675 1771 nos
1706 1726 1920 1771 rectum
1957 1732 2077 1773 esse

2185 1715 2318 1778 στάς
2352 1717 2390 1785 ἠ
2442 1717 2577 1789 λίθῳ
2609 1718 2839 1788 θατέρου
2873 1719 3091 1791 πατάξῃ
3126 1718 3225 1788 τὴν
3257 1718 3527 1789 κεφαλὴν,
3559 1718 3592 1790 ἢ
3636 1735 3753 1772 κον-

496 1784 830 1891 eopceduut.
881 1812 1330 1866 Additamentum
1365 1784 1545 1863 autem
1581 1809 1649 1863 ab
1681 1810 1813 1878 ipsis
1851 1810 2076 1881 excogi-

2182 1807 2325 1877 δύλῳ
2358 1784 2559 1881 τρώσῃ⁷
2600 1784 2845 1879 καιρίαν,
2896 1810 2929 1880 ἦ
2980 1784 3144 1880 cui?“
3182 1784 3400 1864 setmet
3458 1784 3592 1874 πως*
3611 1810 3754 1879 ξίφος

495 1915 664 1960 latum
693 1913 749 1958 et
776 1904 925 1957 illam
952 1918 986 1957 ο
1021 1914 1167 1957 recta
1195 1902 1281 1956 via
1314 1901 1724 1956 aberrationem
1752 1900 1853 1956 soli
1888 1900 1963 1954 illi
1993 1916 2077 1955 re-

490 1997 862 2066 prehensione
889 2010 1083 2049 vacare
1129 1994 1480 2059 existimant;
1518 1993 1678 2047 nobis
1729 2003 1914 2047 autem
1970 1992 2075 2046 mi-

490 2092 638 2146 nime
665 2092 805 2147 istuc
832 2091 1077 2145 videtur.
1109 2088 1395 2143 Pendente
1421 2088 1609 2156 itaque
1635 2085 1750 2150 lite,
1779 2086 1908 2140 dum
1928 2100 2078 2155 quae-

488 2186 647 2244 ritur.
701 2201 767 2237 an
804 2200 941 2237 nova
986 2184 1208 2238 illorum
1244 2181 1436 2250 Opinio
1480 2180 1824 2234 admittenda
1855 2179 1947 2243 sit,
1980 2180 2075 2249 ju-

488 2275 673 2329 dicare
705 2284 759 2328 et
788 2274 1150 2344 pronuntiare
1176 2282 1428 2324 nostrum
1463 2270 1652 2333 fuerit,
1686 2282 1795 2321 non
1830 2268 2070 2334 illorum,

486 2368 580 2435 qui
624 2367 702 2420 rei
735 2375 884 2420 sunt.
919 2364 1077 2430 Quod
1111 2364 1153 2418 si
1189 2364 1266 2417 illi
1294 2376 1353 2416 se
1390 2362 1569 2427 magni
1600 2358 1749 2413 Petri
1774 2360 1924 2415 sedis
1953 2375 2077 2415 sue-

480 2472 738 2525 eessores
784 2465 840 2509 ct
880 2454 1127 2509 lucri-des
1170 2468 1294 2507 case
1346 2451 1565 2514 dicunt,
1614 2450 1781 2520 idque
1804 2450 1982 2504 telum
2014 2452 2072 2506 iu

488 2561 591 2601 nos
616 2546 859 2610 vibrant,
909 2554 967 2598 ιιι
997 2545 1175 2598 nubes
1207 2543 1463 2603 fulmina.
1500 2543 1918 2610 eaque’ratione
1946 2556 2068 2607 nos,

488 2653 652 2692 causa
697 2637 903 2690 indicta
933 2636 1249 2699 daiittiatizs,
1279 2632 1604 2702 Opinionum
1641 2646 1866 2686 suarum
1904 2633 2072 2687 mini-

487 2739 633 2783 stros
669 2741 726 2783 et
776 2739 1133 2783 exsecuturos
1169 2742 1291 2780 esse
1331 2736 1589 2795 Oportere
1625 2711 1968 2795 bpinantur;
2020 2726 2072 2780 id

488 2823 716 2878 minime
762 2820 1073 2881 mirandum
1125 2827 1229 2873 est.
1269 2816 1352 2873 Ob
1387 2816 1491 2871 hoc
1522 2816 1669 2871 enim
1702 2817 1907 2888 majore
1942 2818 2072 2873 odio

486 2925 543 2969 ct
573 2915 924 2969 aversatione
954 2913 1106 2983 digiti
1138 2920 1289 2975 sunt,
1321 2910 1469 2981 quod
1501 2910 1662 2965 aliter
1681 2925 1846 2981 quam
1884 2923 2072 2966 saneta

488 3007 621 3060 sede
655 3006 883 3074 dignum
919 3004 993 3059 sit
1023 3012 1276 3073 egerunt.
1312 3002 1502 3071 Neque
1535 3002 1682 3055 enim
1727 3000 2070 3056 Clementem

488 3106 546 3150 rt
572 3105 802 3149 ueteres
832 3109 953 3163 qua:
976 3094 1185 3147 vellent
1218 3093 1473 3162 dogmata
1508 3101 1754 3147 statuere
1783 3092 1949 3165 jussit
1973 3092 2074 3148 Pe-

492 3196 651 3241 trus:
681 3187 774 3241 sed
815 3200 880 3239 ea
915 3186 1110 3256 ligare,
1137 3176 1267 3254 'quae
1292 3184 1516 3254 .liganda
1544 3193 1752 3250 essent,
1782 3193 1839 3239 et
1870 3198 1934 3238 ea
1965 3184 2075 3238 sol-

492 3292 646 3341 vere,
678 3291 800 3346 qua:
835 3274 1096 3328 solvenda
1125 3283 1333 3329 essent.
1370 3272 1440 3329 At
1488 3275 1600 3340 isti,
1639 3275 1707 3328 iis
1738 3290 1861 3347 qua:
1892 3275 2075 3329 omni-

485 3367 598 3422 lius
626 3368 799 3422 sacris
828 3366 1079 3421 conciliis
1125 3350 1435 3422 statuta\et
1466 3368 1689 3421 decreta
1720 3374 1850 3421 sunt
1885 3363 2072 3436 negle-

483 3458 618 3520 clis,
654 3472 717 3511 ea
743 3455 1018 3521 fecerunt,
1044 3470 1166 3525 quae
1193 3453 1353 3525 507
1396 3454 1533 3525 ipsis
1563 3457 1693 3513 solis
1725 3455 2072 3525 placuerunt.

488 3544 701 3600 Deinde
748 3558 851 3599 nec
900 3559 1108 3598 morem
1160 3545 1300 3600 bene
1347 3546 1480 3599 olim
1520 3545 1888 3599 constitutum
1927 3547 2078 3600 etab

493 3637 630 3708 ipsis
681 3648 794 3691 tum
835 3632 1262 3708 imperatoribus
1304 3645 1419 3691 tum
1455 3636 1718 3692 Ecclesia:
1757 3635 2080 3692 doctoribus

486 3730 803 3799 antiquitus
826 3731 1208 3784 conﬁrmatum
1252 3728 1457 3799 negligi
1493 3727 1676 3783 decet.
1696 3728 1802 3785 Est
1843 3731 1992 3784 enim
2025 3710 2079 3784 in

499 3838 650 3877 more
678 3824 941 3892 positum.
966 3836 1101 3877 cum
1129 3822 1185 3875 in
1214 3820 1460 3875 Ecclesia
1503 3820 1807 3875 certamina
1838 3820 1908 3876 de
1943 3821 2080 3892 dog-

448 3980 453 3987 ι
494 3916 737 3970 matibus
777 3922 1092 3980 moventur,
1118 3928 1313 3968 omnes
1346 3912 1630 3967 communi
1665 3913 1850 3970 edicto
1890 3922 1947 3969 et
1978 3915 2080 3972 de-

483 4018 651 4063 creto
684 4006 942 4062 Ecclesiae
983 4015 1429 4075 propugnatores
1462 4005 1654 4070 citare,
1687 4021 1791 4061 nec
1828 4020 1934 4062 eos
1962 4015 2081 4063 tan-

489 4109 634 4164 tum,
676 4100 770 4169 qui
822 4097 1129 4177 evangelici
1207 4097 1470 4165 praconii
1519 4112 1684 4153 causa
1742 4100 2081 4170 nietropoles

485 4193 700 4261 ubique
723 4190 969 4261 gentium
996 4188 1181 4243 sortiti
1216 4198 1364 4255 sunt,
1394 4188 1491 4245 sed
1520 4189 1886 4258 patriarcbica
1907 4192 2077 4246 etiam

483 4283 825 4336 auctoritate
855 4281 1152 4351 praeditos:
1185 4291 1247 4336 ut
1268 4290 1400 4337 sunt
1426 4282 1858 4347 Alexandrinus,
1885 4282 2079 4337 Hiero-

492 4376 858 4446 solymitanus
902 4384 958 4430 et
998 4375 1382 4430 Antiochenus
1414 4374 1691 4429 antistes:
1729 4374 1933 4443 quibus
1967 4389 2078 4430 non

2183 1901 2336 1971 παρὰ
2386 1900 2635 1970 πλευρὰν
2684 1901 2880 1964 ἐλάσας
2913 1901 3234 1971 ἐναρίθμιον
3260 1905 3377 1965 τοῖς
3416 1901 3542 1974 ᾇδου
3567 1901 3756 1956 καθεύ-

2176 1990 2328 2044 δουσι
2363 1992 2596 2063 τάχιστα
2632 1992 2727 2045 τὸν
2773 1986 3189 2065 ἀνταγωνιστὴν
3238 1994 3526 2066 ἀποδείξῃ.
3586 1992 3648 2048 Εί
3700 1994 3754 2048 δι

2176 2084 2323 2137 δυοῖν
2360 2082 2532 2136 ὄντων
2560 2082 2719 2152 ἡμῶν
2749 2083 2858 2136 τῶν
2887 2084 3386 2154 ἀμφισϐητούντων
3414 2085 3598 2157 μερῶν
3642 2084 3755 2157 τρί-

2175 2190 2268 2226 τον
2321 2173 2423 2226 ούκ
2455 2172 2606 2227 ἐστιν
2656 2173 2918 2244 εὑρόντας
2953 2174 3310 2242 προενεγκεῖν
3366 2174 3612 2242 ἐπόπτην
3660 2172 3751 2226 καὶ

2179 2266 2446 2335 πρύτανιν
2487 2266 2780 2336 τάληθοῦς,
2805 2268 2903 2320 καὶ
2934 2266 3017 2320 δεῖ
3058 2268 3146 2321 διὰ
3175 2267 3355 2320 ταῦτα
3389 2265 3616 2337 θάτερον
3654 2265 3756 2318 τῶν

2181 2358 2367 2426 μερῶν
2395 2357 2702 2428 ἐπικρίνειν
2737 2361 2849 2422 τοῖς
2884 2359 3220 2429 λεγομένοις,
3248 2361 3404 2430 ἡμᾶς
3427 2359 3535 2412 ἔδει
3573 2360 3756 2427 κριτάς

2179 2451 2363 2504 αὐτῶν
2399 2448 2543 2503 εἶναι
2570 2452 2668 2504 καὶ
2692 2451 2792 2505 οὐκ
2822 2453 3020 2513 αὐτοὺς
3047 2453 3226 2525 ἡμῶν.
3261 2453 3335 2505 Τδ
3362 2453 3464 2521 μὶν
3497 2452 3603 2523 γὰρ
3632 2451 3756 2521 ἡμέ-

2174 2559 2335 2615 τερον
2372 2544 2550 2612 δόγμα
2587 2544 2721 2613 παρ’
2756 2544 3107 2616 ἀμφοτέρων,
3143 2545 3300 2615 ἡμῶν
3341 2560 3405 2597 τε
3437 2544 3532 2597 καὶ
3563 2542 3754 2611 αὐτῶν,

2174 2636 2374 2707 ὁμοίως
2396 2635 2453 2691 εὖ
2480 2638 2604 2708 ἔχον
2630 2626 2997 2708 ὁμολογεῖται.
3029 2638 3137 2709 Τὴν
3178 2638 3235 2707 δὲ
3269 2636 3405 2709 παρ’
3434 2639 3612 2692 αὐτῶν
3641 2653 3753 2690 και-

2175 2731 2570 2801 νοτομηθεῖσαν
2602 2731 2922 2801 προσθήκην
2952 2731 3047 2784 καὶ
3074 2733 3170 2803 τῆς
3203 2731 3426 2796 εὐθείας
3451 2748 3746 2801 παρεκτρο-

2177 2823 2287 2893 πὴν
2337 2824 2519 2893 μόνοις
2561 2824 2745 2887 αὐτοῖς
2785 2827 3201 2896 ἀκατηγόρητον
3248 2819 3394 2877 εἶναι
3423 2824 3588 2886 δοκεῖ,
3626 2824 3749 2893 ἡμῖν

2176 2918 2234 2969 δὲ
2264 2918 2361 2971 καὶ
2394 2918 2539 2987 μάλα
2559 2918 2783 2989 ἣκιστα.
2814 2917 3107 2989 Μετεὼρου
3136 2916 3313 2970 τοίνυν
3342 2918 3446 2987 τῆς
3479 2917 3749 2987 ζητήσεως

2175 3004 2367 3077 οὔσης,
2397 3008 2445 3058 εί
2469 3006 2574 3078 χρὴ
2606 3009 2883 3060 κοινωνεῖν
2919 3008 3102 3071 αὐτοῖς
3130 3007 3222 3060 τοῦ
3255 3008 3749 3076 καινοτομήματος,

2174 3097 2237 3161 ἐς
2266 3098 2418 3166 ἡμᾶς
2456 3097 2521 3148 τι
2556 3095 2763 3167 κρίνειν
2811 3096 2907 3149 καὶ
2937 3096 3339 3166 ἀποφαίνεσθαι
3380 3098 3631 3166 περιήκει
3662 3093 3751 3146 καὶ

2180 3190 2280 3241 οὐκ
2320 3188 2399 3249 είς
2432 3187 2653 3252 αὐτοὺς,
2689 3185 3027 3250 ὑπευθύνους
3061 3203 3123 3255 γε
3157 3185 3337 3249 ὄντας.
3377 3186 3513 3240 Είδὲ
3542 3186 3637 3257 τῆς
3660 3180 3750 3238 τοῦ

2186 3277 2424 3351 μεγάλου
2457 3279 2669 3348 Πέτρου
2723 3277 2997 3347 καθέδρα;
3029 3277 3187 3333 αὐτοὶ
3228 3278 3468 3348 διάδοχοι
3498 3278 3590 3331 καὶ
3624 3274 3752 3343 κλη-

2189 3374 2405 3447 ρονόμοι
2437 3372 2692 3440 γενέσθαι
2741 3372 2875 3439 φασὶ
2906 3371 3003 3423 καὶ
3042 3371 3191 3423 τοῦτ’
3224 3374 3532 3425 ἐπισείουσι
3557 3367 3676 3423 καθ’
3698 3369 3757 3435 ή-

2188 3469 2327 3537 μῶν,
2361 3465 2617 3535 καθάπερ
2654 3469 2722 3519 τά
2755 3465 2892 3534 νέφη
2940 3465 3067 3527 τοὺς
3104 3465 3434 3534 κεραυνοὺς,
3472 3459 3755 3517 κάντεῦθεν

2184 3562 2293 3613 τῶν
2332 3574 2483 3628 σφισι
2507 3559 2775 3627 δοξάντων
2806 3558 3142 3629 αὐτουργοὺς
3182 3559 3329 3629 ημᾶς
3364 3556 3509 3612 κατά
3542 3555 3632 3610 τὸν
3652 3551 3754 3607 τῶν

2187 3651 2431 3721 ἀκρίτων
2460 3651 2627 3721 νόμον
2656 3649 2869 3716 ἀξιοῦσι
2899 3651 3177 3721 γενέσθαι,
3204 3649 3515 3720 φροντίζειν
3541 3647 3603 3702 ού
3633 3648 3754 3719 χρή.

2186 3744 2286 3796 Διά
2316 3745 2429 3816 γὰρ
2460 3744 2620 3797 τοῦτο
2651 3744 2856 3814 μᾶλλον
2883 3743 3222 3815 μεμισῆσθαι
3254 3742 3349 3796 καὶ
3375 3739 3759 3812 ἀπεστράφθαι

2184 3835 2407 3900 δίκαιοι,
2429 3826 2530 3888 ’ὅτι
2566 3834 2664 3905 τῆς
2695 3835 2791 3888 τοῦ
2822 3835 3012 3906 θρόνου
3046 3820 3213 3905 τιμὴς
3237 3830 3476 3898 ἀναξίως
3510 3828 3749 3900 ἐπεπράρ
3788 3852 3800 3865 -

2188 3944 2379 3999 χεσαν.
2410 3928 2488 3981 Οὐ
2516 3929 2622 3999 γὰρ
2657 3927 2756 3981 ὅσα
2792 3927 3100 3998 βούλονται,
3134 3927 3309 3980 ταῦτα
3354 3927 3458 3980 καὶ
3502 3921 3753 3994 δογματί-

2189 4023 2305 4086 ζειν
2336 4019 2591 4073 ἐκέλευσε
2626 4019 2909 4090 Κλήμεντι
2941 4021 3040 4074 καὶ
3082 4022 3192 4083 τοῖς
3221 4017 3424 4091 ἑφεξῆς
3452 4017 3708 4087 διαδόχοις
3727 4014 3754 4067 ὁ

2189 4110 2416 4179 Πέτρος,
2446 4108 2560 4161 ἀλλ’
2585 4108 2686 4162 ὅσα
2718 4107 2803 4162 δεῖ
2825 4109 3010 4180 (φησὶ)
3044 4107 3264 4178 δεσμεῖν
3288 4107 3390 4161 καὶ
3430 4106 3576 4161 λύειν
3610 4103 3757 4164 αὖθις

2189 4203 2291 4255 ὅσα
2321 4202 2421 4257 δεῖ.
2473 4194 2633 4255 Οὗτοι
2670 4202 2727 4256 δὲ
2770 4204 2841 4257 τά
2870 4203 3076 4267 πάσαις
3131 4205 3252 4265 ταῖς
3301 4202 3491 4271 ἁγίαις
3530 4199 3754 4272 βεϐαιω-

2193 4292 2356 4345 θέντα
2388 4293 2483 4346 καὶ
2511 4292 2833 4362 κυρωθέντα
2880 4292 3124 4356 συνόδοις
3175 4292 3630 4364 παραδραμόντες
3679 4286 3753 4347 είς

2191 4382 2354 4454 ἔργον
2436 4381 2778 4452 ἐξήνεγκαν,
2832 4381 2869 4436 ἃ
2935 4382 3115 4453 μόνοις
3174 4381 3356 4444 αὐτοῖς
3421 4375 3755 4452 βουλομένοις

481 4472 793 4535 arcessitis,
813 4470 968 4525 locus
981 4471 1205 4525 dabitur
1226 4469 1516 4525 turbandae
1537 4469 1851 4523 concordiae
1875 4477 2077 4524 nostrae

2187 4472 2277 4547 ἦν.
2330 4474 2562 4528 Ἔπειτα
2595 4474 2716 4528 οὐδὲ
2756 4473 2816 4528 τὸ
2862 4474 3030 4536 πάλαι
3076 4473 3259 4537 καλῶς
3301 4472 3587 4543 κρατῆσαν
3640 4466 3757 4528 ἔθος

485 4564 825 4634 quibusdam
858 4563 1015 4632 quasi
1045 4561 1306 4618 ﬂuctibus
1340 4575 1404 4614 ac
1442 4559 1702 4629 procellis
1731 4571 1789 4615 et
1818 4560 2079 4615 Ecclesia:

494 4673 592 4709 ver
618 4657 672 4709 in
703 4656 942 4709 hiemem
975 4651 1377 4708 commutandi.
1412 4650 1548 4705 Nam
1578 4651 1624 4705 si
1657 4651 1788 4706 olim
1821 4652 2080 4710 Tlteodoo

486 4756 671 4813 retas,
712 4746 838 4817 Cyri
877 4744 1207 4815 episcOpus,
1262 4757 1407 4796 unus
1437 4741 1800 4812 quidemille,
1830 4758 1932 4801 nec
1977 4761 2080 4817 pa-

491 4840 782 4895 triarchali
812 4837 1082 4908 dignitate
1130 4842 1382 4899 ornatus,
1421 4850 1523 4889 nec
1555 4835 1759 4905 alioqui
1794 4836 1980 4892 sedem
2014 4838 2081 4893 il-

487 4932 723 4987 lustrem
756 4931 1042 4991 obtinens,
1078 4932 1291 4979 tantum
1341 4928 1718 4985 contentionis
1754 4930 2078 4987 incendium

485 5025 781 5090 oscitavit,
818 5030 877 5075 ut
910 5035 1036 5074 cum
1086 5021 1313 5089 plurimi
1361 5022 1610 5091 episcopi
1652 5038 1719 5077 ex
1772 5022 1989 5093 EurOpa
2024 5035 2081 5081 et

491 5119 625 5171 Asia
659 5117 941 5184 Ephesum
987 5112 1406 5177 convenissent,
1444 5113 1594 5168 illius
1622 5113 1759 5167 fumi
1799 5115 2081 5170 molestias

373 5260 385 5272 ,
490 5212 662 5279 longo
693 5220 940 5277 tempore
989 5207 1299 5261 sentirent:
1331 5215 1538 5276 quanto
1572 5208 1743 5277 magis
1788 5217 1935 5261 tanta
1967 5208 2083 5277 epi-

497 5315 792 5371 sc0porum
825 5308 881 5354 et
924 5299 1365 5370 patriarcharum
1419 5303 1759 5369 absentium,
1786 5302 2081 5357 multitudo

501 5392 688 5452 contra
710 5400 808 5451 nos
825 5402 1029 5466 paueOs
1053 5397 1308 5452 infestam
1329 5397 1572 5469 linguam
1592 5407 1823 5452 exacuet
1840 5404 1894 5450 et
1911 5395 2084 5465 pluri-

500 5502 622 5541 mas
648 5486 1053 5540 discordiarum
1084 5487 1234 5543 faces
1263 5487 1592 5542 ventilabit?
1620 5487 1890 5541 l'ra‘tcrea
1920 5486 1954 5539 ii
1987 5486 2081 5555 qui

504 5581 789 5650 disputant
814 5580 894 5635 sie
923 5589 1194 5645 statuunt,
1246 5582 1621 5653 syllogismum
1653 5581 2079 5635 instrumentum

508 5684 645 5737 esse,
680 5671 828 5739 quod
880 5673 1013 5744 ipsis
1047 5674 1115 5731 ad
1148 5674 1559 5731 conﬁciendum
1597 5687 1735 5744 npus
1786 5687 1946 5726 suum
2000 5672 2080 5726 ita

494 5765 802 5831 conducat,
850 5777 908 5823 ut
951 5768 1061 5841 ligo
1107 5767 1305 5825 fossori
1356 5778 1411 5823 ct
1460 5760 1888 5822 rcmus‘nautae.
1941 5765 2078 5820 Eum

2185 4565 2279 4617 καὶ
2323 4564 2477 4634 παρά
2529 4580 2591 4617 τε
2630 4565 2738 4617 τῶν
2808 4563 3074 4634 βασιλέων
3126 4565 3278 4639 παρά
3343 4580 3404 4616 τε
3463 4561 3571 4615 τῶν
3615 4558 3756 4612 διδα-

2185 4654 2399 4709 σκάλων
2448 4657 2549 4726 τῆς
2594 4655 2921 4725 Ἐκκλησίας
2969 4653 3176 4709 ἄνωθεν
3228 4654 3481 4727 κυρωθὲν
3499 4651 3753 4723 κπαρορᾶ-

2185 4747 2310 4813 σθαι
2364 4748 2592 4803 δίκαιον.
2646 4747 2807 4810 Ἔθος
2868 4749 3016 4818 γὰρ,
3076 4747 3242 4801 ὁπότε
3290 4748 3422 4818 περὶ
3479 4747 3754 4817 δογμάτων

2182 4842 2390 4909 ἀγῶνες
2419 4844 2486 4912 τῇ
2545 4839 2844 4912 Ἐκκλησία
2881 4838 3242 4894 καθίστασθαι
3313 4839 3576 4907 μέλλοιεν,
3626 4839 3753 4890 πάν-

2181 4948 2280 4993 τας
2320 4930 2409 4983 διὰ
2455 4929 2637 4985 κοινοῦ
2680 4928 3052 4998 θεσπίσματπ
3103 4930 3200 4983 καὶ
3238 4928 3589 4999 ψηφίσματος
3636 4928 3752 4988 τοὺς

2181 5019 2283 5088 τῆς
2314 5017 2647 5090 Ἐκκλησίας
2677 5021 2998 5089 προμάχους
3028 5021 3233 5085 καλεῖν,
3278 5020 3340 5072 ού
3378 5020 3540 5090 μόνον
3576 5018 3751 5073 ὀπόσοι

2181 5114 2280 5176 τὰς
2314 5113 2554 5183 πολλαχῆ
2590 5112 2825 5184 τῆςλγῆς
2856 5114 3105 5185 διέλαχον
3141 5113 3505 5185 μητροπόλεις
3527 5112 3750 5178 εὐαγγε-

2183 5205 2338 5260 λικοῦ
2359 5205 2713 5277 κηρύγματος
2738 5206 2924 5272 ἓνεκα,
2940 5206 3076 5260 ἀλλὰ
3108 5211 3201 5260 καὶ
3216 5208 3330 5261 ὅσοι
3357 5201 3749 5275 πατριαρχικὴν

2186 5299 2341 5363 ἀξίαν
2364 5300 2724 5369 περίκεινται·
2746 5299 2837 5352 τόν
2862 5298 3349 5371 τἐθΑλεξανδρείας
3370 5291 3750 5369 καὶἹεροσολύ-

2188 5410 2304 5460 μων
2328 5393 2472 5462 φημὶ
2501 5393 2597 5445 καὶ
2624 5390 2715 5446 τὸν
2744 5392 2843 5461 τὴν
2890 5393 3164 5464 Ἀντιόχου
3194 5394 3447 5462 διέποντα
3465 5410 3477 5424 ·
3500 5390 3548 5443 οἳ
3582 5387 3750 5459 χώραν

2184 5484 2365 5549 ἕξουσι
2403 5483 2476 5554 μὴ
2506 5483 2794 5555 κληθέντες
2833 5484 2916 5557 [Ρ.
2954 5481 3079 5558 515]
3120 5485 3317 5551 σάλους
3365 5482 3460 5539 καὶ
3489 5480 3748 5539 κλύδωνας

2184 5580 2324 5630 κατά
2356 5581 2453 5645 τῆς
2483 5578 2643 5649 ἡμῶν
2672 5578 2926 5649 ὁμονοίας
2959 5581 3169 5649 ἐγεῖραι
3197 5580 3292 5632 καὶ
3324 5581 3405 5645 είς
3434 5574 3672 5647 χειμῶνα
3693 5567 3748 5620 τὸ

2183 5670 2282 5739 τῆς
2319 5671 2650 5741 Ἐκκλησίας
2684 5672 2785 5742 ἔαρ
2823 5674 3169 5743 μεταϐαλεῖν.
3207 5672 3271 5726 Εἰ
3295 5677 3404 5746 γάρ
3442 5669 3604 5722 πάλαι
3626 5664 3747 5716 Θεο-

2183 5763 2443 5835 διὶιρητος,
2495 5766 2521 5818 ὁ
2571 5764 2667 5835 τῆς
2701 5764 2883 5835 Κύρου
2932 5766 3251 5835 ἐπίσκοπος,
3288 5762 3363 5832 εἷς
3399 5766 3476 5819 ὢν
3521 5761 3609 5814 καὶ
3638 5751 3751 5810 οὐδὲ
