4062 6446
302 325 409 391 709
553 321 627 395 [Α.
671 336 720 403 οδ
767 320 901 376 1528
940 334 1008 374 in
1052 317 1211 390 1541]

1369 320 1811 383 BYZANTIN/E
1848 319 2238 382 HISTORI/E
2277 322 2418 385 LIB.
2468 324 2539 386 X.

2683 318 2820 391 Imp.
2854 338 3117 379 ANDRUNIC
3159 305 3302 397 irim]

3447 332 3559 396 ’110⁷

303 438 704 509 πατριαρχικην
730 437 887 501 ἀξίαν
915 435 1320 507 περικείμενος.
1344 435 1453 487 οὐδ’
1480 434 1656 491 ἄλλως
1682 433 1878 504 ἐπίση-

1986 448 2154 502 porro
2204 449 2305 488 nos
2354 433 2522 500 Italis,
2562 445 2621 490 ut
2656 438 2952 506 quidquam
3000 438 3172 505 aliud,
3219 442 3404 497 stadio
3433 460 3559 501 esse

304 544 405 596 μον
437 524 577 596 ἔχων
602 526 812 595 θρόνον,
844 526 1116 593 τοσαύτην
1147 525 1482 591 φιλονεικίας
1507 523 1680 594 ἀνῆψε
1713 523 1884 593 κάμι-

302 636 414 684 νον,
440 618 581 673 ὥστε
610 618 891 680 πλείστους
915 617 1075 680 ὂντας
1102 618 1226 679 τοὺς
1256 616 1317 683 ἐξ
1354 615 1543 679 Ἀσίας
1571 633 1629 669 τε
1657 616 1751 668 καὶ
1780 616 1884 669 Εὑ-

306 710 496 781 ρώπης
531 709 590 763 ὲν
620 712 685 778 τῇ
710 707 832 761 κατ’
868 708 1101 776 Ἔφεσον
1132 707 1522 777 ἀθροισθέντας
1548 707 1755 774 συνόδῳ
1782 724 1885 777 μα-

303 797 438 870 κριῦ
472 801 765 870 μετασχεῖν
785 798 879 852 τοῦ
911 797 1122 852 καπνοῦ
1148 817 1162 830 ·
1197 798 1380 870 πολλῷ
1410 799 1476 851 ἂν
1504 800 1633 870 ῥᾷον
1670 797 1884 867 ὀλίγους

305 892 466 954 ὄντας
499 894 647 962 ἡμᾶς
672 884 897 955 πλείους
924 891 1077 955 ὄντες
1107 891 1159 944 oi
1191 891 1267 962 μὴ
1298 891 1563 961 παρόντες
1595 889 1883 945 ἐπίσκοποί

306 1001 366 1038 τε
396 986 490 1038 καὶ
532 983 871 1055 πατριάρχαι
907 985 1027 1045 ταῖς
1069 999 1126 1036 τε
1155 982 1265 1036 ἀπὸ
1316 981 1563 1050 ¹γλώττης
1614 982 1884 1052 καταδρά-

308 1088 460 1143 μοιεν
502 1072 791 1142 λοιδορίαις
833 1073 926 1123 καὶ
972 1071 1138 1124 πολὺν
1177 1070 1300 1124 καθ’
1334 1070 1488 1142 ημῶν
1523 1071 1883 1140 άναφλέξαιεν

305 1164 393 1218 τὸν
419 1164 516 1233 τῆς
550 1162 884 1232 φιλονεικίας
917 1164 1146 1232 πυρσόν.
1177 1162 1387 1227 ’Λλλως
1412 1180 1472 1217 τε
1506 1163 1598 1217 καὶ
1627 1166 1740 1228 τοῖς
1767 1164 1886 1218 δια·

305 1256 620 1326 λεγομένοις
648 1256 880 1328 ὄργανον
910 1252 1050 1309 εἶναι
1083 1256 1364 1326 νομίζεται
1396 1256 1488 1309 τὸν
1525 1257 1884 1327 συλλογισμὸν

305 1350 385 1412 είς
415 1347 514 1419 τὴν
544 1346 640 1401 τοῦ
677 1349 1043 1417 προκειμένου
1080 1347 1450 1419 κατασκευὴν,
1497 1350 1747 1422 καθάπερ
1786 1350 1884 1421 τὴν

307 1427 706 1511 σκαπάνηιίτιέ)
739 1444 1012 1495 σκαπανεῖ
1042 1444 1138 1496 καὶ
1167 1443 1267 1514 τὴν
1308 1443 1501 1514 κώπην
1531 1445 1607 1515 τῷ
1637 1446 1880 1503 πλέοντι.

311 1534 378 1587 ’0
413 1536 508 1588 καὶ
538 1535 669 1604 παρ’
698 1534 883 1597 αὐτοῖς
926 1534 991 1602 δὴ
1022 1538 1133 1597 τοῖς
1178 1535 1423 1600 Ἰταλοῖς,
1454 1537 1613 1609 εἰπερ
1642 1537 1771 1592 ἀλλο
1806 1555 1883 1605 τι,

306 1624 736 1694 σπουδαζόμενον
780 1626 939 1695 ἴσμεν
981 1625 1119 1696 (78).
1168 1624 1452 1680 Ἐνταυθοῖ
1480 1626 1536 1680 δὲ
1575 1627 1758 1700 χάψαν
1784 1629 1901 1689 οὐκ

305 1718 451 1788 ἔχειν
497 1718 827 1790 εὑρίσκομεν
873 1718 967 1770 τὸν
1015 1718 1399 1788 συλλογισμὸν,
1446 1718 1573 1773 οὕτε
1618 1722 1710 1773 τὸν
1764 1721 1884 1774 κατ’

1985 526 2261 582 novimus.
2292 527 2362 580 At
2387 526 2566 581 eidem
2593 529 2778 581 locum
2806 530 2895 583 hic
2927 531 3134 584 nullum
3162 546 3284 586 esse
3311 534 3555 605 scimus;

1983 617 2099 672 sive
2132 620 2177 671 is
2199 619 2485 674 scientiam
2512 634 2613 689 per
2634 618 3163 695 demonstrationem
3190 625 3556 695 polliceatur;

1984 694 2149 780 508
2170 709 2285 765 sive
2306 726 2337 764 a
2370 687 2960 780 probabilidissereﬂli
2997 717 3212 769 ratione
3242 717 3530 784 prolicisca

1987 810 2113 854 tur:
2146 817 2274 854 eum
2308 802 2398 856 hic
2419 801 2488 858 de
2524 802 2643 856 Deo
2660 804 2712 857 ei
2746 804 2872 859 vitae
2903 806 3178 875 principio
3206 823 3270 862 ac
3296 808 3448 864 fonte
3473 810 3561 864 ili-

1981 892 2108 945 vina
2131 891 2401 947 Trinitate
2425 902 2639 968 agatur.
2672 893 2804 948 Nam
2837 896 2883 950 si
2913 897 3238 965 scivntiﬁi-a,
3269 915 3435 969 quam
3456 918 3555 957 vo-

1982 993 2132 1049 cant,
2171 984 2569 1042 demonstratio
2604 988 3015 1057 propositiones
3049 1003 3232 1047 certas
3265 1005 3319 1048 et
3353 1011 3453 1064 per
3500 1012 3560 1051 se

1982 1077 2162 1131 claras
2194 1078 2430 1146 requirit
2473 1086 2529 1133 et
2574 1080 2932 1135 conclusione
2990 1085 3273 1152 notiores;
3315 1087 3398 1141 hae
3430 1101 3560 1142 vero

1983 1179 2081 1224 aut
2104 1168 2425 1225 inductione
2455 1179 2551 1225 aut
2577 1186 2742 1236 sensu
2781 1182 2877 1226 aut
2905 1174 3243 1243 experientia
3279 1179 3417 1232 llunt
3444 1179 3562 1233 evi-

1963 1254 2213 1324 ’dentes;
2241 1259 2329 1314 hic
2360 1260 2550 1330 utique
2577 1260 3053 1317 demonstratione
3071 1265 3374 1321 scientilica
3393 1269 3564 1323 ratio-

1985 1349 2157 1405 cinari
2189 1366 2299 1403 non
2337 1350 2494 1405 licet.
2527 1350 2763 1420 Cognitu
2807 1353 2954 1407 enim
2982 1354 3233 1411 dilliciles
3261 1367 3579 1430 perceptu-r

1986 1459 2094 1512 que
2125 1441 2312 1496 arduae
2356 1450 2489 1497 sunt
2518 1444 2764 1498 rationes
2790 1444 3101 1500 divinarum
3132 1463 3357 1515 rerum;
3396 1450 3579 1521 idque

1987 1543 2046 1589 ut
2075 1549 2107 1588 a
2136 1534 2364 1600 nostris,
2400 1533 2475 1589 ita
2500 1534 2667 1590 etiam
2698 1536 2765 1588 ab
2795 1537 2998 1592 exteris
3033 1538 3308 1611 theologis
3331 1541 3563 1599 demon-

1985 1635 2333 1683 straturcum
2366 1626 2513 1691 aliis,
2544 1638 2663 1683 tum
2690 1629 2926 1683 maxime
2961 1645 2990 1684 a
3014 1631 3264 1700 Platone,
3290 1634 3566 1691 Aristonis

1990 1718 2121 1774 ﬁlio.
2172 1739 2190 1771 ι
2220 1719 2388 1785 Deus,
2457 1720 2656 1789 inquit,
2732 1722 2816 1776 vix
2855 1731 3041 1778 mente
3101 1725 3337 1796 concipi,
3380 1727 3566 1782 verbis

305 1811 617 1881 ἐπιστήμην
647 1809 744 1881 τὴν
772 1811 1180 1883 ἀποδεικτικὴν,
1206 1810 1330 1864 οὕτε
1361 1811 1468 1881 μὴν
1496 1812 1588 1866 τὸν
1610 1812 1751 1867 κατά
1785 1813 1883 1882 τὴν

1986 1820 2167 1865 autem
2197 1810 2430 1879 exprimi
2463 1812 2618 1865 nullo
2649 1813 2811 1867 modo
2840 1821 3039 1882 potest.
3069 1835 3088 1867 ι
3116 1791 3297 1882 Quod,
3335 1827 3395 1872 ut
3436 1834 3566 1889 par-

306 1901 650 1973 διαλεκτικὴν
673 1902 894 1973 τέχνην,
930 1902 1059 1973 περί
1091 1920 1151 1955 τε
1177 1902 1311 1956 Θεοῦ
1346 1907 1441 1957 καὶ
1469 1905 1578 1959 τῶν
1609 1908 1707 1975 τῆς
1730 1906 1883 1972 θείας

306 1991 399 2046 καὶ
433 1990 742 2064 ζωαρχικῆς
773 1993 1000 2064 Τριάδος
1031 1996 1130 2066 τῆς
1155 1993 1435 2065 ζητήσεως
1463 1995 1645 2069 οὕσης.
1680 1997 1744 2051 Ei
1774 2001 1883 2070 γάρ

307 2081 403 2154 τὴν
433 2085 864 2155 ὲπιστημονικὴν
894 2086 1169 2152 ἀπόδειξιν
1214 2086 1665 2158 ὁμολογουμένων
1695 2092 1885 2153 τεκαὶ

308 2174 710 2229 ἀναποδείκτων
736 2176 943 2229 δεῖσθαι
975 2178 1293 2248 προτάσεων
1318 2184 1413 2233 καὶ
1446 2184 1884 2253 γνωριμωτέρων

306 2267 400 2320 τοῦ
444 2269 908 2339 συμπεράσματος
946 2270 1163 2335 ἕπεται,
1187 2265 1347 2325 αὗται
1386 2254 1432 2325 δ’
1460 2274 1492 2341 ἢ
1523 2276 1811 2348 ἐπαγωγῇ,
1848 2277 1881 2349 ἢ

216 2378 221 2383 '
305 2359 573 2431 αἰσθήσει,
626 2361 952 2434 ἢὲμπειρίᾳ
988 2362 1225 2431 γίνονται
1280 2368 1555 2437 φανεραί·
1595 2370 1694 2421 οὐκ
1737 2370 1886 2424 ἔστιν

306 2452 413 2523 ἄρα
440 2452 852 2522 συλλογίζεσθαι
882 2456 1002 2508 κατ’
1035 2458 1346 2527 ἐπιστήμην
1368 2459 1466 2528 τὴν
1497 2460 1883 2533 άποδεικτικὴν

306 2543 575 2597 ἐνταυθοῖ.
618 2545 1044 2616 Δυσθεωρήτους
1080 2547 1187 2617 γὰρ
1233 2547 1358 2612 τοὺς
1396 2550 1524 2621 περὶ
1575 2553 1684 2605 τῶν
1722 2553 1885 2608 θείων

306 2633 443 2690 εἶναι
468 2636 659 2705 λόγους
695 2637 790 2690 καὶ
822 2637 965 2708 μάλα
992 2637 1411 2709 άκαταλήπτους
1433 2654 1450 2671 ⁸
1483 2644 1578 2696 καὶ
1604 2644 1763 2697 τοῦτο
1776 2644 1886 2699 δεί-

307 2743 497 2781 κνυται
535 2729 633 2797 μὲν
666 2727 856 2800 ὥσπερ
882 2731 995 2793 τοῖς
1025 2731 1340 2802 ἡμετέροις,
1370 2730 1514 2786 οὕτω
1537 2734 1602 2806 δὴ
1635 2736 1729 2789 καὶ
1770 2740 1885 2801 τοῖς

308 2819 545 2891 θύραθεν
594 2820 898 2890 θεολόγοις,
948 2826 1059 2887 τοῖς
1110 2840 1169 2876 τε
1216 2823 1398 2888 ἄλλοις
1441 2827 1534 2878 καὶ
1575 2828 1671 2897 οὐχ
1720 2822 1884 2900 ἦττον

308 2911 656 2982 Πλάτωνιτῷ
696 2914 1037 2984 Ἀρίστωνος.
1078 2933 1097 2966 ι
1131 2915 1262 2969 Θεὸν
1292 2916 1421 2987 γάρ,
1455 2935 1474 2969 ι
1515 2919 1670 2987 φησὶ,
1705 2938 1724 2973 ι
1761 2921 1885 2990 νοῇ.

310 3021 398 3058 σαι
439 3005 540 3075 μὲν
578 3005 691 3076 (79)
723 3006 980 3075 χαλεπὸν,
1020 3007 1229 3078 φράσαι
1255 3008 1301 3061 δ’
1345 3009 1626 3065 ἀδύνατον.
1664 3031 1682 3062 ι
1727 3012 1791 3065 Ὃ
1818 3011 1884 3082 δὴ

308 3099 508 3172 μικρὸν
534 3100 577 3152 6.
611 3099 785 3169 μέγας
817 3101 873 3152 ιν
903 3099 1151 3173 θεολογίᾳ
1192 3102 1494 3173 Γρηγόριος
1536 3103 1883 3174 ἡγησάμενος

308 3190 419 3262 (30)
448 3192 506 3245 ὲν
536 3194 644 3256 τοῖς
678 3192 809 3263 περὶ
848 3192 1124 3261 θεολογίας
1152 3194 1332 3264 λόγοις
1363 3195 1564 3248 οὑτωσί
1604 3212 1723 3259 πως
1758 3198 1884 3251 ἐπι-

305 3285 612 3354 διορθοῦται
645 3286 817 3354 λέγων
840 3302 854 3315 ⁸
887 3306 906 3338 ι
936 3286 1069 3341 Θεὸν
1090 3291 1297 3357 φράσαι
1323 3288 1425 3357 μὲν
1453 3288 1714 3343 ἀδύνατον
1745 3290 1881 3358 (81),

302 3377 375 3442 ὡς
406 3378 434 3430 6
463 3380 592 3448 ἐμὸς
624 3378 779 3447 λόγος
802 3395 818 3411 ο
851 3380 1041 3449 νοῆσαι
1067 3379 1125 3433 δὲ
1148 3381 1581 3453 ἀδυνατώτερον.
1617 3402 1636 3435 ι
1675 3383 1747 3435 Τὸ
1775 3384 1884 3455 γὰρ

305 3471 496 3541 νοηθὲν
535 3473 674 3542 τάχα
702 3470 767 3525 ἂν
795 3471 951 3540 λόγος
977 3472 1292 3543 δηλώσειεν,
1317 3477 1368 3528 εί
1400 3477 1494 3528 καὶ
1515 3475 1591 3547 μὴ
1621 3476 1885 3547 μετρίως,

304 3563 422 3617 ἀλλ’
450 3563 704 3634 ἀμυδρῶς
740 3580 804 3633 γε
838 3564 915 3635 τῷ
951 3565 1025 3636 μὴ
1049 3567 1226 3636 πάντη
1254 3567 1323 3621 τὰ
1352 3562 1467 3623 ὦτα
1497 3568 1887 3643 διεφθαρμένῳ

304 3659 401 3712 καὶ
430 3657 620 3730 νωθρῷ
654 3661 753 3730 τὴν
790 3659 1049 3715 διάνοιαν.
1081 3660 1155 3714 Τὸ
1182 3661 1242 3714 δὲ
1269 3661 1525 3717 τοσοῦτον
1548 3667 1780 3736 πρᾶγμα
1817 3670 1882 3738 τῇ

303 3750 511 3822 διανοίᾳ
542 3752 858 3823 περιλαόεἰν
898 3753 1115 3816 πάντως
1145 3754 1429 3825 ἀμήχανον
1475 3757 1572 3810 καὶ
1600 3757 1885 3824 ἀδύνατον,

306 3839 383 3910 μὴ
410 3840 490 3894 ὃτι
515 3843 629 3903 τοῖς
660 3841 1269 3919 καταϐεϐλακευμένοις
1298 3845 1392 3898 καὶ
1421 3844 1574 3897 κάτω
1612 3845 1884 3912 νεύουσιν,

194 4008 213 4017 κ
303 3931 440 3986 ἀλλὰ
492 3935 585 3985 καὶ
631 3935 743 3997 τοῖς
787 3933 906 3985 λίαν
950 3933 1171 4004 ὑψηλοῖς
1221 3951 1282 3987 τε
1323 3936 1418 3988 καὶ¹
1468 3936 1737 4005 φιλοθέοις
1790 3937 1888 3991 καὶ

304 4025 507 4095 ὁμοίως
545 4027 695 4098 πάσῃ
730 4029 966 4097 γεννητῇ
1003 4026 1164 4095 φύσει
1200 4029 1295 4081 καὶ
1324 4024 1407 4091 οἷς
1441 4030 1469 4082 6
1502 4028 1691 4097 ζόφοις
1728 4021 1886 4095 οὗτος

304 4118 629 4189 ἐπιπροσθεῖ
659 4120 756 4173 καὶ
792 4120 852 4172 τὸ
883 4120 1031 4190 παχὺ
1052 4118 1211 4173 τοῦτο
1244 4120 1469 4191 σαρκίον
1503 4121 1641 4192 πρὸς
1663 4121 1762 4192 τὴν
1789 4121 1886 4176 τοῦ

302 4209 537 4281 ἀληθοῦς
576 4212 903 4281 κατανόησιν
930 4226 944 4242 °
993 4212 1090 4265 οὐκ
1132 4208 1248 4266 οἶδα
1298 4212 1380 4278 δὲ,
1428 4215 1478 4267 εί
1517 4213 1592 4279 μὴ
1635 4214 1727 4267 καὶ
1762 4216 1887 4279 ταῖς

304 4303 564 4375 ἀνωτέρω
594 4306 690 4358 καὶ
722 4307 935 4376 νοεραῖς
966 4304 1183 4373 φύσεσι.
1225 4304 1434 4360 Τούτου
1467 4304 1512 4358 δ’
1538 4305 1711 4370 οὕτως
1734 4305 1888 4376 ἕχον-

304 4409 396 4457 τος
419 4392 533 4446 οὔθ’
565 4394 594 4446 6
631 4392 1044 4462 συλλογίζεσθαι
1088 4394 1259 4449 θέλων
1290 4399 1348 4449 ἐν
1379 4395 1592 4459 τούτοις
1637 4396 1722 4469 [Ρ.
1754 4398 1883 4470 514]

1986 1920 2141 1969 vum,
2173 1920 2403 1974 magnus
2446 1903 2539 1960 ille
2572 1905 2859 1975 theologus
2894 1905 3197 1975 Gregorius
3244 1908 3300 1962 in
3336 1908 3452 1964 suis
3499 1911 3569 1964 de

1978 1996 2265 2066 theologia
2289 1994 2766 2065 disputationibus
2798 1996 2871 2051 ita
2901 1998 3142 2053 correxit
3169 2014 3184 2052 :
3224 2017 3242 2050 ι
3273 1999 3418 2054 Deus
3444 2016 3566 2056 mea

1987 2086 2211 2157 quidem
2239 2087 2512 2141 sententia
2543 2087 2814 2157 explicari
2849 2088 2998 2144 nullo
3038 2090 3204 2145 modo
3241 2102 3443 2161 potest,
3478 2093 3567 2149 in-

1987 2177 2155 2247 telligi
2197 2192 2329 2232 vero
2361 2178 2536 2232 multo
2567 2178 2807 2233 minus.»
2844 2178 3003 2246 Quod
3034 2181 3183 2236 enim
3210 2197 3365 2237 mens
3403 2183 3568 2238 intel-

1985 2268 2207 2335 lexerit,
2242 2269 2428 2339 lingua
2461 2269 2690 2324 forsitan
2725 2270 3051 2335 declarabit,
3083 2282 3142 2326 ut
3171 2288 3279 2327 non
3307 2274 3440 2328 satis
3466 2289 3569 2329 ex-

1990 2360 2216 2431 plicate,
2268 2371 2325 2416 at
2355 2361 2615 2427 obscure,
2668 2360 2720 2416 ei
2768 2362 3031 2415 nimirum
3067 2362 3157 2432 qui
3193 2378 3301 2417 non
3338 2366 3568 2421 omnino

1993 2449 2225 2505 auribus
2256 2461 2475 2521 captus,
2525 2465 2626 2505 nec
2675 2450 2896 2520 ingenio
2931 2450 3098 2506 hebes
3132 2451 3223 2507 sit.
3258 2452 3328 2505 At
3357 2460 3568 2509 tantam

1987 2557 2103 2596 rem
2129 2544 2317 2598 animo
2339 2543 2628 2613 complecti
2663 2543 2812 2598 nulla
2839 2553 2981 2606 arte,
3016 2544 3165 2599 nulla
3197 2544 3410 2601 ratione
3436 2562 3569 2615 que-

1986 2642 2102 2701 ant,
2142 2650 2252 2689 noa
2287 2635 2449 2694 modo
2480 2636 2686 2704 stupidi
2717 2645 2773 2689 et
2820 2636 3047 2690 hebetes
3086 2636 3355 2707 humique
3381 2636 3566 2706 deﬁxi,

1985 2726 2082 2780 sed
2108 2741 2178 2782 ne
2197 2726 2503 2782 acutissimi
2528 2741 2583 2781 et
2610 2720 3037 2823 ingeniosissimi
3054 2729 3276 2797 quidem
3300 2737 3356 2783 et
3377 2730 3430 2783 in
3451 2744 3570 2785 ca:-

1986 2816 2098 2872 lum
2122 2817 2322 2873 animis
2336 2817 2552 2872 intenti.
2569 2814 2807 2872 llae'rebit
2822 2835 2887 2871 ex
2910 2833 3064 2886 liquo
3079 2818 3259 2874 omnis
3276 2819 3456 2889 genita
3473 2814 3585 2874 ειη-η’

1989 2918 2312 2980 tura,quam
2334 2909 2509 2979 caligo
2533 2909 2860 2970 circumdat.
2898 2912 2987 2964 cui
3004 2926 3186 2965 crassa
3211 2912 3326 2968 haec
3343 2928 3473 2967 caro
3498 2914 3568 2968 ad

1988 3003 2068 3059 rei
2085 3002 2525 3073 perspicientiam
2547 3004 2749 3057 obstat.
2777 3004 2954 3073 Atque
2972 3003 3244 3059 haudscio
3283 3021 3350 3060 an
3399 3008 3568 3061 etiam

1991 3097 2252 3167 supernis
2292 3103 2349 3151 et
2393 3094 2828 3165 intelligentibus
2854 3090 3064 3152 naturis
3085 3095 3137 3149 id
3176 3095 3246 3150 sit
3286 3107 3568 3167 negatum.

1986 3189 2141 3256 Quod
2161 3204 2286 3245 cum
2311 3187 2386 3243 ita
2418 3188 2513 3256 sit,
2549 3204 2652 3245 nec
2685 3187 2732 3242 is
2759 3190 2852 3258 qui
2873 3191 2927 3245 in
2957 3189 3043 3245 his
3065 3189 3381 3245 ratiocinari
3409 3190 3573 3262 509

1985 3284 2103 3339 vult
2125 3284 2255 3354 quid
2307 3282 2666 3338 ratiocinetur
2715 3285 2864 3339 liOt‘ll
2892 3300 2906 3347 ;
2938 3297 3042 3339 nec
3076 3285 3169 3354 qui
3198 3294 3570 3352 percomatur,

1987 3376 2147 3441 sciet,
2178 3374 2312 3445 quid
2343 3375 2607 3430 audierit.
2630 3375 2854 3430 Minime
2895 3375 3063 3444 igitur
3105 3391 3227 3431 esse
3256 3377 3445 3432 utilem
3468 3378 3573 3435 hac

1989 3467 2044 3520 in
2070 3482 2128 3520 re
2157 3483 2285 3521 eum
2317 3467 2711 3538 syllogismum,
2730 3468 2826 3538 qui
2848 3468 3315 3548 ilctiioxtstratioiie
3339 3471 3417 3530 tit.
3442 3485 3577 3538 per-

1987 3561 2239 3631 spicuum
2260 3569 2363 3616 est.
2387 3560 2565 3631 ASquc
2582 3571 2768 3615 autem
2791 3562 3040 3618 inutilem
3058 3577 3179 3617 esse
3198 3564 3573 3637 syl'ogismum

1986 3653 2531 3725 dialecticum,cujus
2555 3653 2959 3724 propositiones
2983 3655 3342 3724 opinionibus
3370 3658 3575 3727 proba-

1987 3745 2193 3801 bilibus
2210 3754 2268 3801 et
2282 3744 2558 3816 ambiguis
2580 3747 2854 3812 nituntur,
2883 3761 2948 3802 ex
2970 3746 3039 3802 iis
3064 3762 3187 3817 quae
3215 3749 3574 3820 subjieienns

1990 3835 2287 3892 constabit.
2325 3835 2417 3892 Sic
2455 3846 2641 3892 autem
2676 3837 2753 3891 ait
2781 3835 3079 3907 Gregorius
3111 3837 3430 3909 Nyssenus:
3464 3840 3575 3895 No-

1989 3940 2233 3984 strorum
2257 3927 2575 3998 dogmatum
2604 3945 2703 3999 per
2731 3939 2909 3983 artem
2940 3930 3280 3986 dialecticam
3317 3940 3375 3985 et
3403 3932 3574 4002 syllo-

1987 4020 2238 4091 gisticam
2268 4027 2432 4089 atque
2476 4019 2805 4090 analyticam
2840 4019 3149 4074 doctrinam
3189 4004 3569 4085 continuatio,

1988 4129 2115 4169 cum
2167 4111 2238 4167 ad
2268 4112 2558 4168 veritatem
2609 4099 3097 4168 demonstrandam
3147 4113 3365 4169 inﬁrma
3417 4115 3489 4169 sit
3515 4126 3575 4172 et

1986 4213 2265 4277 suspecta,
2297 4204 2350 4258 id
2380 4204 2651 4259 orationis
2673 4218 2845 4275 genus
2869 4204 3276 4274 relinquemus.
3301 4205 3575 4264 Omnibus

1988 4299 2139 4355 enim
2168 4298 2522 4368 perspicuum
2563 4311 2670 4363 est,
2707 4296 3030 4353 dialecticas
3062 4300 3305 4370 argutias
3333 4314 3495 4369 pares
3518 4302 3574 4357 in

1994 4398 2287 4459 utramque
2314 4398 2522 4459 partem
2549 4389 2697 4444 vires
2733 4387 2960 4455 habere,
2989 4399 3098 4444 tam
3129 4390 3196 4443 ad
3226 4390 3575 4446 eversionem

305 4478 450 4539 οἶδεν
492 4485 529 4540 ἃ
558 4485 971 4555 συλλογίσεται,
1016 4486 1131 4541 οὔθ’
1161 4489 1189 4541 6
1239 4488 1457 4560 ἐρωτῶν
1491 4489 1704 4542 εἴσεται
1741 4491 1884 4562 άπερ

1994 4481 2273 4547 veritatis,
2311 4495 2478 4551 quam
2512 4480 2581 4535 ad
2633 4480 2905 4536 mendacii
2939 4483 3375 4541 accusationem.
3412 4482 3575 4540 Unde

305 4579 610 4633 ἀκούσειεν.
636 4580 759 4634 Ὀτι
791 4580 888 4649 μὲν
913 4578 1004 4641 οὖν
1033 4580 1234 4649 1ίικιιττα
1258 4581 1528 4651 χρήσιμος
1553 4584 1582 4635 6
1612 4580 1732 4635 κατ’
1755 4584 1880 4637 ἑπι-

306 4672 521 4742 στήμην
546 4672 875 4741 ἀποδεικτὴν
911 4672 1144 4725 ἐνταῦθα
1170 4673 1552 4743 συλλογισμὸς,
1582 4674 1741 4745 δῆλον
1763 4692 1775 4707 ’
1805 4675 1887 4728 ὅτι

303 4759 351 4813 δ’
378 4760 580 4832 ὁμοίως
608 4763 702 4816 καὶ
722 4764 753 4822 6
774 4764 913 4818 κατά
935 4762 1034 4833 τὴν
1063 4762 1408 4833 διαλεκτικὴν
1429 4762 1624 4835 τέχνην
1647 4765 1887 4834 ἀχρεῖος,

303 4848 544 4913 ἐνδόξους
566 4852 658 4904 καὶ
685 4852 1025 4921 ἀμφιϐόλους
1045 4850 1187 4922 ἔχων
1212 4852 1309 4917 τάς
1341 4855 1660 4922 προτάσεις,
1688 4857 1752 4905 ἐκ
1780 4854 1888 4906 τῶν

304 4940 502 5013 ἑφεξῆς
535 4944 691 4997 ἔσται
725 4943 904 5014 δῆλον.
930 4944 1069 5013 Φησὶ
1104 4945 1213 5014 γάρ
1249 4945 1277 4996 6
1310 4943 1529 5014 Νύσσης
1564 4926 1886 5015 Γρηγόριος,

306 5034 389 5089 ὅτι
424 5034 535 5107 (82)
559 5035 633 5089 Τὸ
662 5040 803 5092 κατὰ
832 5039 932 5107 τὴν
964 5028 1312 5106 δίαλεκτικὴν
1339 5034 1535 5105 τέχνην
1571 5034 1661 5090 διὰ
1703 5036 1892 5088 συλλο-

1991 4567 2075 4637 lit,
2109 4577 2168 4624 ut
2207 4570 2382 4639 ipsam
2406 4569 2721 4635 veritatem,
2748 4570 2969 4639 quando
3001 4570 3097 4625 tali
3127 4580 3244 4627 arte
3271 4571 3573 4642 profertur,

1989 4671 2303 4733 suspectam
2359 4676 2506 4731 saepe
2543 4661 2868 4726 habeamus,
2918 4663 3076 4732 quasi
3124 4677 3191 4718 ea
3238 4679 3362 4733 qua:
3396 4663 3454 4719 in
3488 4663 3577 4720 his

1986 4763 2245 4810 versatur
2279 4754 2505 4809 solertia
2536 4756 2731 4810 oculos
2769 4755 2974 4828 mentis
3007 4765 3211 4811 nostra:
3241 4758 3578 4828 perstringat

1986 4856 2043 4902 ct
2065 4862 2097 4901 a
2141 4848 2369 4901 veritate
2397 4855 2629 4902 avertat.
2669 4846 2732 4931 Si
2760 4827 3099 4916 quisautem
3131 4846 3438 4918 simplicem
3469 4827 3573 4901 ex-

1985 4940 2319 5011 positionem
2362 4946 2419 4993 et
2453 4938 2613 4992 omni.
2643 4940 2802 5008 quasi
2837 4940 3046 4994 amictu
3075 4938 3281 4994 nudam
3330 4938 3576 4993 admittit

1988 5033 2293 5088 orationem
2314 5047 2331 5099 ;
2350 5030 2639 5086 observata
2666 5031 2810 5086 serie
2837 5032 3014 5101 ipsius
3033 5046 3322 5087 sacrarum
3344 5030 3578 5087 Littera-

1655 5152 1998 5215 Variorum
2040 5164 2228 5214 noue.

376 5279 491 5354 (78)
546 5279 717 5354 Graeci
774 5278 986 5335 Latinis
1030 5277 1302 5354 theologis
1352 5277 1552 5354 passim
1607 5277 1878 5354 objiciunt

302 5347 452 5407 istud
473 5347 765 5421 cacoethes
782 5350 1199 5421 argumentandi
1215 5347 1321 5421 per
1347 5347 1714 5420 syllogismos.
1739 5348 1873 5403 Vide

307 5423 567 5479 adnotata
590 5421 657 5474 ad
695 5420 870 5489 Vitam
903 5420 1180 5489 Gregorio.
1214 5420 1426 5474 Bonna.

376 5492 489 5563 (79)
541 5482 821 5563 Justinus
844 5482 1048 5563 διατι)ζῖ-
1079 5490 1132 5542 in
1159 5488 1504 5563 Paraenetico
1543 5488 1611 5563 ad
1654 5487 1879 5563 Graecos

304 5558 617 5618 hatc-verba
665 5577 773 5615 non
805 5560 1045 5624 Platoni,
1078 5559 1172 5613 sed
1206 5558 1474 5614 Mercurio
1499 5559 1709 5614 tribuit.
1750 5560 1879 5629 Ἑρ-

310 5632 409 5699 μοῦ
443 5633 519 5696 δὲ,
565 5632 763 5701 inquit,
793 5630 980 5699 σαφῶς
1022 5631 1116 5701 καὶ
1148 5630 1402 5699 φανερῶς
1429 5631 1702 5701 λέγοντος,
1741 5629 1882 5682 Θεὸν

303 5701 495 5770 νοῆσαι
537 5700 638 5770 μέν
667 5702 786 5753 ἐστι
810 5702 1074 5766 χαλεπὸν,
1110 5702 1317 5769 φράσαι
1343 5701 1397 5752 δὲ
1418 5700 1702 5753 ἀδύνατον.
1734 5700 1881 5755 idem

302 5772 367 5826 ιιι
404 5773 549 5828 tinus
609 5772 659 5825 in
695 5773 951 5843 Apologia
983 5787 1020 5840 ι,
1050 5771 1184 5838 hair,
1212 5785 1331 5839 qua:
1361 5770 1475 5829 fere
1497 5771 1641 5827 idem
1666 5784 1884 5834 sonant,

1987 5269 2202 5350 Socrati
2243 5275 2458 5350 tribuit,
2491 5275 2589 5350 τὸν
2609 5266 2666 5350 δέ
2691 5276 2911 5350 Πατέρα
2944 5275 3039 5350 καὶ
3058 5277 3403 5350 Δημιουργὸν
3429 5278 3572 5333 πάνυ

1982 5366 2092 5400 των
2148 5346 2263 5400 οὗθ’
2295 5349 2477 5415 εὑρεῖν
2504 5346 2738 5418 Αρᾀιον,
2791 5346 3181 5418 οὕθᾋύρόντά
3226 5346 3309 5413 είς
3359 5351 3573 5416 πάντας

1983 5420 2161 5471 εἰπεῖν
2196 5418 2463 5485 ἀσφαλές.
2501 5416 2729 5472 ΒοινιΝ.

2054 5490 2167 5558 (80)
2197 5488 2333 5565 Vide
2360 5498 2519 5542 notas
2549 5487 2693 5542 billii
2716 5488 2785 5546 ad
2813 5489 2948 5545 illud
2962 5489 3210 5561 Gregorii
3237 5489 3571 5565 Naziangeni

1981 5559 2212 5613 dictum.
2252 5559 2465 5613 Bonna.

2056 5632 2170 5699 (8i)
2200 5616 2429 5700 Gregor.
2455 5628 2588 5700 Naz.
2618 5639 2762 5684 orat.
2796 5630 2852 5696 2,
2887 5632 2963 5686 De
2987 5630 3311 5700 Theologia.
3351 5630 3572 5687 Bomu.

2063 5698 2175 5769 (8‘2)
2222 5698 2629 5772 Ὀμολογούμεν
2690 5702 2801 5772 γάρ
2869 5698 3324 5769 ἀνεπαισχύντως
3383 5704 3569 5772 ἡμεῖς,

1989 5771 2128 5841 μήτε
2161 5770 2281 5824 τινα
2310 5769 2470 5832 λόγον
2494 5771 2582 5825 δια
2615 5769 2914 5844 ῥητορικῆς
2950 5772 3290 5841 τεθηγμένον
3323 5769 3570 5838 ὲπὶτοὶις
