  <div class='ocr_page' id='page_1' title='image "/cluster/home/n/w/nwhite01/storage/ocr_20150623/148:no.1/coo.31924054870534/363.png"; bbox 0 0 4062 6448; ppageno 0'>
   <div class='ocr_carea' id='block_1_1' title="bbox 485 330 552 395">
    <p class='ocr_par' dir='ltr' id='par_1_1' title="bbox 485 330 552 395">
     <span class='ocr_line' id='line_1_1' title="bbox 485 330 552 395; baseline 0.015 -1"><span class='ocrx_word' id='word_1_1' title='bbox 485 330 552 395; x_wconf 69' lang='grc' dir='ltr'><em>Ἦ</em></span> 
     </span>
    </p>
   </div>
   <div class='ocr_carea' id='block_1_2' title="bbox 772 320 1436 399">
    <p class='ocr_par' dir='ltr' id='par_1_2' title="bbox 772 320 1436 399">
     <span class='ocr_line' id='line_1_2' title="bbox 772 320 1436 399; baseline -0.006 -17"><span class='ocrx_word' id='word_1_2' title='bbox 772 325 849 399; x_wconf 67' lang='grc' dir='ltr'><strong>[Α.</strong></span> <span class='ocrx_word' id='word_1_3' title='bbox 892 341 947 379; x_wconf 82' lang='grc' dir='ltr'><strong>ιι.</strong></span> <span class='ocrx_word' id='word_1_4' title='bbox 991 323 1131 380; x_wconf 77' lang='grc'><strong>6836</strong></span> <span class='ocrx_word' id='word_1_5' title='bbox 1169 340 1234 379; x_wconf 78' lang='lat' dir='ltr'><strong>AD</strong></span> <span class='ocrx_word' id='word_1_6' title='bbox 1272 320 1436 395; x_wconf 69' lang='lat'><strong>6849]</strong></span> 
     </span>
    </p>
   </div>
   <div class='ocr_carea' id='block_1_3' title="bbox 1688 322 2531 386">
    <p class='ocr_par' dir='ltr' id='par_1_3' title="bbox 1688 322 2531 386">
     <span class='ocr_line' id='line_1_3' title="bbox 1688 322 2531 386; baseline -0.001 -3"><span class='ocrx_word' id='word_1_7' title='bbox 1688 322 2108 386; x_wconf 81' lang='lat' dir='ltr'><strong>NICEPHORI</strong></span> <span class='ocrx_word' id='word_1_8' title='bbox 2149 323 2531 384; x_wconf 77' lang='lat' dir='ltr'><strong>GREGOR/E</strong></span> 
     </span>
    </p>
   </div>
   <div class='ocr_carea' id='block_1_4' title="bbox 2800 315 3429 389">
    <p class='ocr_par' dir='ltr' id='par_1_4' title="bbox 2800 315 3429 389">
     <span class='ocr_line' id='line_1_4' title="bbox 2800 315 3429 389; baseline 0 -18"><span class='ocrx_word' id='word_1_9' title='bbox 2800 315 2935 389; x_wconf 74' lang='grc' dir='ltr'>[ιιιιι.</span> <span class='ocrx_word' id='word_1_10' title='bbox 2978 329 3239 371; x_wconf 71' lang='lat' dir='ltr'><strong>manoxzc</strong></span> <span class='ocrx_word' id='word_1_11' title='bbox 3284 316 3429 389; x_wconf 51' lang='lat' dir='ltr'><strong>nam]</strong></span> 
     </span>
    </p>
   </div>
   <div class='ocr_carea' id='block_1_5' title="bbox 3618 325 3721 390">
    <p class='ocr_par' dir='ltr' id='par_1_5' title="bbox 3618 325 3721 390">
     <span class='ocr_line' id='line_1_5' title="bbox 3618 325 3721 390; baseline 0.019 -2"><span class='ocrx_word' id='word_1_12' title='bbox 3618 325 3721 390; x_wconf 72' lang='lat'><strong>712</strong></span> 
     </span>
    </p>
   </div>
   <div class='ocr_carea' id='block_1_6' title="bbox 487 432 2052 512">
    <p class='ocr_par' dir='ltr' id='par_1_6' title="bbox 487 435 2052 512">
     <span class='ocr_line' id='line_1_6' title="bbox 487 435 2052 512; baseline -0.005 -14"><span class='ocrx_word' id='word_1_13' title='bbox 487 459 607 498; x_wconf 90' lang='lat' dir='ltr'><strong>rum</strong></span> <span class='ocrx_word' id='word_1_14' title='bbox 643 442 929 508; x_wconf 72' lang='lat' dir='ltr'><strong>doctrinae,</strong></span> <span class='ocrx_word' id='word_1_15' title='bbox 980 456 1081 512; x_wconf 91' lang='lat' dir='ltr'><strong>pro</strong></span> <span class='ocrx_word' id='word_1_16' title='bbox 1130 439 1280 495; x_wconf 90' lang='lat' dir='ltr'><strong>virili</strong></span> <span class='ocrx_word' id='word_1_17' title='bbox 1331 437 1500 494; x_wconf 87' lang='lat' dir='ltr'><strong>verba</strong></span> <span class='ocrx_word' id='word_1_18' title='bbox 1551 435 1841 500; x_wconf 77' lang='lat' dir='ltr'><strong>faciemus,</strong></span> <span class='ocrx_word' id='word_1_19' title='bbox 1894 448 2052 506; x_wconf 83' lang='lat' dir='ltr'><strong>atque</strong></span> 
     </span>
    </p>
   </div>
   <div class='ocr_carea' id='block_1_7' title="bbox 2152 432 3718 512">
    <p class='ocr_par' dir='ltr' id='par_1_7' title="bbox 2163 432 3718 507">
     <span class='ocr_line' id='line_1_7' title="bbox 2163 432 3718 507; baseline -0.003 -16"><span class='ocrx_word' id='word_1_20' title='bbox 2163 436 2416 507; x_wconf 78' lang='grc' dir='ltr'>γιστικῆς</span> <span class='ocrx_word' id='word_1_21' title='bbox 2448 454 2506 489; x_wconf 84' lang='grc' dir='ltr'><strong>τε</strong></span> <span class='ocrx_word' id='word_1_22' title='bbox 2548 437 2642 489; x_wconf 72' lang='grc' dir='ltr'>καὶ</span> <span class='ocrx_word' id='word_1_23' title='bbox 2673 435 3004 504; x_wconf 70' lang='grc' dir='ltr'><strong>ἀναλυτικῆς</strong></span> <span class='ocrx_word' id='word_1_24' title='bbox 3040 434 3350 503; x_wconf 78' lang='grc' dir='ltr'><strong>ἐπιστήμης</strong></span> <span class='ocrx_word' id='word_1_25' title='bbox 3394 432 3718 503; x_wconf 74' lang='grc' dir='ltr'>βεϐαιοῦσθαι</span> 
     </span>
    </p>
   </div>
   <div class='ocr_carea' id='block_1_8' title="bbox 487 529 2061 605">
    <p class='ocr_par' dir='ltr' id='par_1_8' title="bbox 487 529 2061 605">
     <span class='ocr_line' id='line_1_8' title="bbox 487 529 2061 605; baseline -0.003 -19"><span class='ocrx_word' id='word_1_26' title='bbox 487 537 591 590; x_wconf 88' lang='lat' dir='ltr'><strong>ista</strong></span> <span class='ocrx_word' id='word_1_27' title='bbox 617 533 1035 605; x_wconf 74' lang='lat' dir='ltr'><strong>explicabimus.</strong></span> <span class='ocrx_word' id='word_1_28' title='bbox 1071 531 1226 599; x_wconf 85' lang='lat' dir='ltr'><strong>Quod</strong></span> <span class='ocrx_word' id='word_1_29' title='bbox 1260 530 1307 586; x_wconf 88' lang='lat' dir='ltr'><strong>si</strong></span> <span class='ocrx_word' id='word_1_30' title='bbox 1338 538 1395 586; x_wconf 93' lang='lat' dir='ltr'><strong>et</strong></span> <span class='ocrx_word' id='word_1_31' title='bbox 1424 529 1587 585; x_wconf 91' lang='lat' dir='ltr'><strong>nobis</strong></span> <span class='ocrx_word' id='word_1_32' title='bbox 1616 536 1934 584; x_wconf 86' lang='lat' dir='ltr'><strong>sanctorum</strong></span> <span class='ocrx_word' id='word_1_33' title='bbox 1959 529 2061 584; x_wconf 90' lang='lat' dir='ltr'><strong>Pa-</strong></span> 
     </span>
    </p>
   </div>
   <div class='ocr_carea' id='block_1_9' title="bbox 486 616 2061 694">
    <p class='ocr_par' dir='ltr' id='par_1_9' title="bbox 486 616 2061 694">
     <span class='ocr_line' id='line_1_9' title="bbox 486 616 2061 694; baseline -0.004 -17"><span class='ocrx_word' id='word_1_34' title='bbox 486 633 633 679; x_wconf 87' lang='lat' dir='ltr'><strong>trum</strong></span> <span class='ocrx_word' id='word_1_35' title='bbox 665 622 886 694; x_wconf 72' lang='lat' dir='ltr'><strong>scriptis</strong></span> <span class='ocrx_word' id='word_1_36' title='bbox 908 621 1008 677; x_wconf 92' lang='lat' dir='ltr'><strong>niti</strong></span> <span class='ocrx_word' id='word_1_37' title='bbox 1042 630 1100 676; x_wconf 90' lang='lat' dir='ltr'><strong>et</strong></span> <span class='ocrx_word' id='word_1_38' title='bbox 1132 621 1219 694; x_wconf 65' lang='lat' dir='ltr'><strong>bis</strong></span> <span class='ocrx_word' id='word_1_39' title='bbox 1251 619 1423 675; x_wconf 88' lang='lat' dir='ltr'><strong>armis</strong></span> <span class='ocrx_word' id='word_1_40' title='bbox 1446 633 1570 674; x_wconf 92' lang='lat' dir='ltr'><strong>cum</strong></span> <span class='ocrx_word' id='word_1_41' title='bbox 1598 616 1931 673; x_wconf 88' lang='lat' dir='ltr'><strong>adversariis</strong></span> <span class='ocrx_word' id='word_1_42' title='bbox 1959 633 2061 687; x_wconf 89' lang='lat' dir='ltr'><strong>pu-</strong></span> 
     </span>
    </p>
   </div>
   <div class='ocr_carea' id='block_1_10' title="bbox 485 637 2058 786">
    <p class='ocr_par' dir='ltr' id='par_1_10' title="bbox 485 637 2058 786">
     <span class='ocr_line' id='line_1_10' title="bbox 486 637 2058 694; baseline -0.004 -17"><span class='ocrx_word' id='word_1_43' title='bbox 486 637 633 679; x_wconf 82' lang='lat' dir='ltr'><strong>trum</strong></span> <span class='ocrx_word' id='word_1_44' title='bbox 665 637 886 694; x_wconf 75' lang='lat' dir='ltr'><strong>scrupus</strong></span> <span class='ocrx_word' id='word_1_45' title='bbox 908 637 1007 677; x_wconf 85' lang='lat' dir='ltr'><strong>nm</strong></span> <span class='ocrx_word' id='word_1_46' title='bbox 1042 637 1100 676; x_wconf 85' lang='lat' dir='ltr'><strong>et</strong></span> <span class='ocrx_word' id='word_1_47' title='bbox 1134 637 1165 675; x_wconf 90' lang='lat' dir='ltr'><strong>u</strong></span> <span class='ocrx_word' id='word_1_48' title='bbox 1251 637 1423 675; x_wconf 81' lang='lat' dir='ltr'><strong>armis</strong></span> <span class='ocrx_word' id='word_1_49' title='bbox 1446 637 1570 674; x_wconf 92' lang='lat' dir='ltr'><strong>cum</strong></span> <span class='ocrx_word' id='word_1_50' title='bbox 1598 637 1931 673; x_wconf 77' lang='lat' dir='ltr'><strong>adversariis</strong></span> <span class='ocrx_word' id='word_1_51' title='bbox 1959 637 2058 687; x_wconf 89' lang='lat' dir='ltr'><strong>pu-</strong></span> 
     </span>
     <span class='ocr_line' id='line_1_11' title="bbox 485 637 2058 786; baseline -0.004 -17"><span class='ocrx_word' id='word_1_52' title='bbox 485 729 655 786; x_wconf 76' lang='lat' dir='ltr'><strong>gnare</strong></span> <span class='ocrx_word' id='word_1_53' title='bbox 676 714 1050 770; x_wconf 88' lang='lat' dir='ltr'><strong>necessarium</strong></span> <span class='ocrx_word' id='word_1_54' title='bbox 1075 637 1259 779; x_wconf 53' lang='lat' dir='ltr'><strong>essﬁ;</strong></span> <span class='ocrx_word' id='word_1_55' title='bbox 1303 710 1612 780; x_wconf 85' lang='lat' dir='ltr'><strong>simplicem</strong></span> <span class='ocrx_word' id='word_1_56' title='bbox 1642 717 1701 764; x_wconf 91' lang='lat' dir='ltr'><strong>et</strong></span> <span class='ocrx_word' id='word_1_57' title='bbox 1746 709 1851 780; x_wconf 86' lang='lat' dir='ltr'><strong>ipsi</strong></span> <span class='ocrx_word' id='word_1_58' title='bbox 1880 709 2058 764; x_wconf 88' lang='lat' dir='ltr'><strong>secuti</strong></span> 
     </span>
    </p>
   </div>
   <div class='ocr_carea' id='block_1_11' title="bbox 454 802 2060 874">
    <p class='ocr_par' dir='ltr' id='par_1_11' title="bbox 454 802 2060 874">
     <span class='ocr_line' id='line_1_12' title="bbox 454 802 2060 874; baseline 0.001 -18"><span class='ocrx_word' id='word_1_59' title='bbox 454 803 757 858; x_wconf 86' lang='lat' dir='ltr'><strong>-rationem</strong></span> <span class='ocrx_word' id='word_1_60' title='bbox 802 804 1234 859; x_wconf 87' lang='lat' dir='ltr'><strong>dilueidioribus</strong></span> <span class='ocrx_word' id='word_1_61' title='bbox 1277 802 1571 874; x_wconf 78' lang='lat' dir='ltr'><strong>scripturis</strong></span> <span class='ocrx_word' id='word_1_62' title='bbox 1621 809 1905 857; x_wconf 88' lang='lat' dir='ltr'><strong>uteremur</strong></span> <span class='ocrx_word' id='word_1_63' title='bbox 1925 817 1951 867; x_wconf 92' lang='lat'><strong>;-</strong></span> <span class='ocrx_word' id='word_1_64' title='bbox 1994 802 2060 857; x_wconf 90' lang='lat' dir='ltr'><strong>iis</strong></span> 
     </span>
    </p>
   </div>
   <div class='ocr_carea' id='block_1_12' title="bbox 485 892 2060 966">
    <p class='ocr_par' dir='ltr' id='par_1_12' title="bbox 485 892 2060 966">
     <span class='ocr_line' id='line_1_13' title="bbox 485 892 2060 966; baseline -0.001 -17"><span class='ocrx_word' id='word_1_65' title='bbox 485 910 723 965; x_wconf 86' lang='lat' dir='ltr'><strong>nempe,</strong></span> <span class='ocrx_word' id='word_1_66' title='bbox 780 910 904 966; x_wconf 68' lang='lat' dir='ltr'><strong>quae</strong></span> <span class='ocrx_word' id='word_1_67' title='bbox 962 895 1278 951; x_wconf 83' lang='lat' dir='ltr'><strong>evidentem</strong></span> <span class='ocrx_word' id='word_1_68' title='bbox 1334 903 1391 949; x_wconf 89' lang='lat' dir='ltr'><strong>et</strong></span> <span class='ocrx_word' id='word_1_69' title='bbox 1442 892 1873 963; x_wconf 79' lang='lat' dir='ltr'><strong>irrei&#39;ragabilem</strong></span> <span class='ocrx_word' id='word_1_70' title='bbox 1931 909 2060 947; x_wconf 83' lang='lat' dir='ltr'><strong>scn-</strong></span> 
     </span>
    </p>
   </div>
   <div class='ocr_carea' id='block_1_13' title="bbox 486 979 2057 1049">
    <p class='ocr_par' dir='ltr' id='par_1_13' title="bbox 486 979 2057 1049">
     <span class='ocr_line' id='line_1_14' title="bbox 486 979 2057 1049; baseline -0.003 -7"><span class='ocrx_word' id='word_1_71' title='bbox 486 1002 609 1042; x_wconf 90' lang='lat' dir='ltr'><strong>sum</strong></span> <span class='ocrx_word' id='word_1_72' title='bbox 636 987 960 1049; x_wconf 78' lang='lat' dir='ltr'><strong>lectoribus</strong></span> <span class='ocrx_word' id='word_1_73' title='bbox 1005 979 1385 1049; x_wconf 86' lang='lat' dir='ltr'><strong>ostenderent,</strong></span> <span class='ocrx_word' id='word_1_74' title='bbox 1422 1000 1534 1039; x_wconf 89' lang='lat' dir='ltr'><strong>non</strong></span> <span class='ocrx_word' id='word_1_75' title='bbox 1566 994 1749 1039; x_wconf 90' lang='lat' dir='ltr'><strong>autem</strong></span> <span class='ocrx_word' id='word_1_76' title='bbox 1783 984 2057 1049; x_wconf 84' lang='lat' dir='ltr'><strong>obscuris,</strong></span> 
     </span>
    </p>
   </div>
   <div class='ocr_carea' id='block_1_14' title="bbox 485 1076 2058 1149">
    <p class='ocr_par' dir='ltr' id='par_1_14' title="bbox 485 1076 2058 1149">
     <span class='ocr_line' id='line_1_15' title="bbox 485 1076 2058 1149; baseline -0.003 -14"><span class='ocrx_word' id='word_1_77' title='bbox 485 1097 584 1134; x_wconf 87' lang='lat' dir='ltr'><strong>nec</strong></span> <span class='ocrx_word' id='word_1_78' title='bbox 600 1080 671 1135; x_wconf 86' lang='lat' dir='ltr'><strong>iis</strong></span> <span class='ocrx_word' id='word_1_79' title='bbox 687 1094 808 1149; x_wconf 67' lang='lat' dir='ltr'><strong>qua:</strong></span> <span class='ocrx_word' id='word_1_80' title='bbox 826 1086 1052 1149; x_wconf 82' lang='lat' dir='ltr'><strong>propter</strong></span> <span class='ocrx_word' id='word_1_81' title='bbox 1074 1077 1237 1148; x_wconf 81' lang='lat'><strong>510</strong></span> <span class='ocrx_word' id='word_1_82' title='bbox 1259 1076 1614 1147; x_wconf 82' lang='lat' dir='ltr'><strong>multiplicem</strong></span> <span class='ocrx_word' id='word_1_83' title='bbox 1633 1090 1828 1131; x_wconf 88' lang='lat' dir='ltr'><strong>vocum</strong></span> <span class='ocrx_word' id='word_1_84' title='bbox 1845 1076 2058 1147; x_wconf 78' lang='lat' dir='ltr'><strong>signiti-</strong></span> 
     </span>
    </p>
   </div>
   <div class='ocr_carea' id='block_1_15' title="bbox 484 1167 2058 1239">
    <p class='ocr_par' dir='ltr' id='par_1_15' title="bbox 484 1167 2058 1239">
     <span class='ocr_line' id='line_1_16' title="bbox 484 1167 2058 1239; baseline -0.003 -13"><span class='ocrx_word' id='word_1_85' title='bbox 484 1173 757 1226; x_wconf 87' lang='lat' dir='ltr'><strong>cationem</strong></span> <span class='ocrx_word' id='word_1_86' title='bbox 780 1168 1150 1239; x_wconf 88' lang='lat' dir='ltr'><strong>dictionisque</strong></span> <span class='ocrx_word' id='word_1_87' title='bbox 1173 1183 1236 1223; x_wconf 91' lang='lat' dir='ltr'><strong>ac</strong></span> <span class='ocrx_word' id='word_1_88' title='bbox 1266 1168 1560 1223; x_wconf 85' lang='lat' dir='ltr'><strong>verborum</strong></span> <span class='ocrx_word' id='word_1_89' title='bbox 1588 1167 1846 1222; x_wconf 86' lang='lat' dir='ltr'><strong>tenebras</strong></span> <span class='ocrx_word' id='word_1_90' title='bbox 1862 1176 1920 1222; x_wconf 87' lang='lat' dir='ltr'><strong>et</strong></span> <span class='ocrx_word' id='word_1_91' title='bbox 1939 1183 2058 1222; x_wconf 88' lang='lat' dir='ltr'><strong>am-</strong></span> 
     </span>
    </p>
   </div>
   <div class='ocr_carea' id='block_1_16' title="bbox 484 1261 2058 1334">
    <p class='ocr_par' dir='ltr' id='par_1_16' title="bbox 484 1261 2058 1334">
     <span class='ocr_line' id='line_1_17' title="bbox 484 1261 2058 1334; baseline 0.001 -16"><span class='ocrx_word' id='word_1_92' title='bbox 484 1263 830 1334; x_wconf 75' lang='lat' dir='ltr'><strong>biguitatem,</strong></span> <span class='ocrx_word' id='word_1_93' title='bbox 891 1262 946 1316; x_wconf 91' lang='lat' dir='ltr'><strong>in</strong></span> <span class='ocrx_word' id='word_1_94' title='bbox 1002 1262 1188 1332; x_wconf 88' lang='lat' dir='ltr'><strong>plures</strong></span> <span class='ocrx_word' id='word_1_95' title='bbox 1240 1261 1543 1317; x_wconf 80' lang='lat' dir='ltr'><strong>sententias</strong></span> <span class='ocrx_word' id='word_1_96' title='bbox 1581 1261 1756 1331; x_wconf 78' lang='lat' dir='ltr'><strong>accipi</strong></span> <span class='ocrx_word' id='word_1_97' title='bbox 1810 1271 2058 1332; x_wconf 88' lang='lat' dir='ltr'><strong>possent.</strong></span> 
     </span>
    </p>
   </div>
   <div class='ocr_carea' id='block_1_17' title="bbox 483 1352 2058 1425">
    <p class='ocr_par' dir='ltr' id='par_1_17' title="bbox 483 1352 2058 1425">
     <span class='ocr_line' id='line_1_18' title="bbox 483 1352 2058 1425; baseline 0.001 -15"><span class='ocrx_word' id='word_1_98' title='bbox 483 1355 638 1425; x_wconf 67' lang='lat' dir='ltr'><strong>Saepe</strong></span> <span class='ocrx_word' id='word_1_99' title='bbox 660 1354 811 1409; x_wconf 87' lang='lat' dir='ltr'><strong>enim</strong></span> <span class='ocrx_word' id='word_1_100' title='bbox 846 1354 899 1408; x_wconf 92' lang='lat' dir='ltr'><strong>in</strong></span> <span class='ocrx_word' id='word_1_101' title='bbox 939 1367 1092 1408; x_wconf 86' lang='lat' dir='ltr'><strong>sacra</strong></span> <span class='ocrx_word' id='word_1_102' title='bbox 1134 1352 1421 1423; x_wconf 85' lang='lat' dir='ltr'><strong>Scriptura</strong></span> <span class='ocrx_word' id='word_1_103' title='bbox 1449 1353 1637 1408; x_wconf 78' lang='lat' dir='ltr'><strong>verbis</strong></span> <span class='ocrx_word' id='word_1_104' title='bbox 1666 1353 1916 1423; x_wconf 55' lang='lat' dir='ltr'><strong>quaedam</strong></span> <span class='ocrx_word' id='word_1_105' title='bbox 1959 1355 2058 1411; x_wconf 88' lang='lat' dir='ltr'><strong>ob-</strong></span> 
     </span>
    </p>
   </div>
   <div class='ocr_carea' id='block_1_18' title="bbox 481 1444 2056 1516">
    <p class='ocr_par' dir='ltr' id='par_1_18' title="bbox 481 1444 2056 1516">
     <span class='ocr_line' id='line_1_19' title="bbox 481 1444 2056 1516; baseline 0.001 -16"><span class='ocrx_word' id='word_1_106' title='bbox 481 1447 662 1501; x_wconf 79' lang='lat' dir='ltr'><strong>scuris</strong></span> <span class='ocrx_word' id='word_1_107' title='bbox 684 1446 928 1501; x_wconf 87' lang='lat' dir='ltr'><strong>involuta</strong></span> <span class='ocrx_word' id='word_1_108' title='bbox 964 1454 1303 1511; x_wconf 86' lang='lat' dir='ltr'><strong>occurrunt;</strong></span> <span class='ocrx_word' id='word_1_109' title='bbox 1352 1444 1497 1516; x_wconf 92' lang='lat' dir='ltr'><strong>quod</strong></span> <span class='ocrx_word' id='word_1_110' title='bbox 1540 1455 1603 1499; x_wconf 81' lang='lat' dir='ltr'><strong>et</strong></span> <span class='ocrx_word' id='word_1_111' title='bbox 1624 1456 2056 1503; x_wconf 84' lang='lat' dir='ltr'><strong>consentaneum</strong></span> 
     </span>
    </p>
   </div>
   <div class='ocr_carea' id='block_1_19' title="bbox 478 1537 2058 1607">
    <p class='ocr_par' dir='ltr' id='par_1_19' title="bbox 478 1537 2058 1607">
     <span class='ocr_line' id='line_1_20' title="bbox 478 1537 2058 1607; baseline 0.002 -14"><span class='ocrx_word' id='word_1_112' title='bbox 478 1548 582 1593; x_wconf 85' lang='lat' dir='ltr'><strong>est.</strong></span> <span class='ocrx_word' id='word_1_113' title='bbox 620 1537 692 1593; x_wconf 88' lang='lat' dir='ltr'><strong>Ut</strong></span> <span class='ocrx_word' id='word_1_114' title='bbox 721 1539 869 1593; x_wconf 90' lang='lat' dir='ltr'><strong>enim</strong></span> <span class='ocrx_word' id='word_1_115' title='bbox 902 1552 1092 1606; x_wconf 78' lang='lat' dir='ltr'><strong>regum</strong></span> <span class='ocrx_word' id='word_1_116' title='bbox 1126 1537 1372 1603; x_wconf 90' lang='lat' dir='ltr'><strong>thalami,</strong></span> <span class='ocrx_word' id='word_1_117' title='bbox 1399 1537 1613 1607; x_wconf 91' lang='lat' dir='ltr'><strong>aliaque</strong></span> <span class='ocrx_word' id='word_1_118' title='bbox 1639 1552 1761 1606; x_wconf 70' lang='lat' dir='ltr'><strong>quae</strong></span> <span class='ocrx_word' id='word_1_119' title='bbox 1787 1547 1975 1595; x_wconf 88' lang='lat' dir='ltr'><strong>sancta</strong></span> <span class='ocrx_word' id='word_1_120' title='bbox 2001 1548 2058 1596; x_wconf 86' lang='lat' dir='ltr'><strong>et</strong></span> 
     </span>
    </p>
   </div>
   <div class='ocr_carea' id='block_1_20' title="bbox 480 1625 2057 1699">
    <p class='ocr_par' dir='ltr' id='par_1_20' title="bbox 480 1625 2057 1699">
     <span class='ocr_line' id='line_1_21' title="bbox 480 1625 2057 1699; baseline 0.001 -17"><span class='ocrx_word' id='word_1_121' title='bbox 480 1643 680 1699; x_wconf 74' lang='lat' dir='ltr'><strong>magno</strong></span> <span class='ocrx_word' id='word_1_122' title='bbox 724 1628 779 1682; x_wconf 90' lang='lat' dir='ltr'><strong>in</strong></span> <span class='ocrx_word' id='word_1_123' title='bbox 811 1627 992 1697; x_wconf 88' lang='lat' dir='ltr'><strong>pretio</strong></span> <span class='ocrx_word' id='word_1_124' title='bbox 1027 1625 1095 1680; x_wconf 86' lang='lat' dir='ltr'><strong>ab</strong></span> <span class='ocrx_word' id='word_1_125' title='bbox 1129 1625 1444 1680; x_wconf 86' lang='lat' dir='ltr'><strong>hominibus</strong></span> <span class='ocrx_word' id='word_1_126' title='bbox 1472 1626 1768 1692; x_wconf 81' lang='lat' dir='ltr'><strong>habentur,</strong></span> <span class='ocrx_word' id='word_1_127' title='bbox 1809 1628 1932 1684; x_wconf 87' lang='lat' dir='ltr'><strong>aliis</strong></span> <span class='ocrx_word' id='word_1_128' title='bbox 1970 1635 2057 1683; x_wconf 87' lang='lat' dir='ltr'><strong>at-</strong></span> 
     </span>
    </p>
   </div>
   <div class='ocr_carea' id='block_1_21' title="bbox 481 1716 2058 1790">
    <p class='ocr_par' dir='ltr' id='par_1_21' title="bbox 481 1716 2058 1790">
     <span class='ocr_line' id='line_1_22' title="bbox 481 1716 2058 1790; baseline 0.003 -19"><span class='ocrx_word' id='word_1_129' title='bbox 481 1735 591 1787; x_wconf 89' lang='lat' dir='ltr'><strong>que</strong></span> <span class='ocrx_word' id='word_1_130' title='bbox 623 1720 750 1774; x_wconf 87' lang='lat' dir='ltr'><strong>aliis</strong></span> <span class='ocrx_word' id='word_1_131' title='bbox 780 1719 916 1773; x_wconf 87' lang='lat' dir='ltr'><strong>velis</strong></span> <span class='ocrx_word' id='word_1_132' title='bbox 964 1716 1332 1780; x_wconf 84' lang='lat' dir='ltr'><strong>occultantur,</strong></span> <span class='ocrx_word' id='word_1_133' title='bbox 1378 1731 1448 1770; x_wconf 91' lang='lat' dir='ltr'><strong>ne</strong></span> <span class='ocrx_word' id='word_1_134' title='bbox 1478 1726 1573 1771; x_wconf 91' lang='lat' dir='ltr'><strong>aut</strong></span> <span class='ocrx_word' id='word_1_135' title='bbox 1616 1717 1851 1787; x_wconf 73' lang='lat' dir='ltr'><strong>profano</strong></span> <span class='ocrx_word' id='word_1_136' title='bbox 1893 1720 2058 1790; x_wconf 80' lang='lat' dir='ltr'><strong>vulgo</strong></span> 
     </span>
    </p>
   </div>
   <div class='ocr_carea' id='block_1_22' title="bbox 2161 525 3717 598">
    <p class='ocr_par' dir='ltr' id='par_1_22' title="bbox 2161 525 3717 598">
     <span class='ocr_line' id='line_1_23' title="bbox 2161 525 3717 598; baseline -0.002 -15"><span class='ocrx_word' id='word_1_137' title='bbox 2161 529 2257 585; x_wconf 73' lang='grc' dir='ltr'>καὶ</span> <span class='ocrx_word' id='word_1_138' title='bbox 2281 529 2350 582; x_wconf 83' lang='grc' dir='ltr'><strong>τά</strong></span> <span class='ocrx_word' id='word_1_139' title='bbox 2375 528 2622 598; x_wconf 83' lang='grc' dir='ltr'>ἡμέτερα</span> <span class='ocrx_word' id='word_1_140' title='bbox 2645 527 2914 597; x_wconf 79' lang='grc' dir='ltr'><strong>δόγματα,</strong></span> <span class='ocrx_word' id='word_1_141' title='bbox 2944 525 3020 589; x_wconf 84' lang='grc' dir='ltr'>ὡς</span> <span class='ocrx_word' id='word_1_142' title='bbox 3054 525 3258 594; x_wconf 80' lang='grc' dir='ltr'>σαθρόν</span> <span class='ocrx_word' id='word_1_143' title='bbox 3286 541 3346 578; x_wconf 88' lang='grc' dir='ltr'><strong>τε</strong></span> <span class='ocrx_word' id='word_1_144' title='bbox 3370 526 3461 579; x_wconf 79' lang='grc' dir='ltr'>καὶ</span> <span class='ocrx_word' id='word_1_145' title='bbox 3491 525 3717 580; x_wconf 83' lang='grc' dir='ltr'>ὕποπτον</span> 
     </span>
    </p>
   </div>
   <div class='ocr_carea' id='block_1_23' title="bbox 2160 613 3719 687">
    <p class='ocr_par' dir='ltr' id='par_1_23' title="bbox 2160 613 3719 687">
     <span class='ocr_line' id='line_1_24' title="bbox 2160 613 3719 687; baseline -0.001 -14"><span class='ocrx_word' id='word_1_146' title='bbox 2160 622 2242 684; x_wconf 78' lang='grc' dir='ltr'><strong>είς</strong></span> <span class='ocrx_word' id='word_1_147' title='bbox 2277 619 2552 684; x_wconf 73' lang='grc' dir='ltr'>ἀπόδειξιν</span> <span class='ocrx_word' id='word_1_148' title='bbox 2583 618 2866 686; x_wconf 83' lang='grc' dir='ltr'>ἀληθείας,</span> <span class='ocrx_word' id='word_1_149' title='bbox 2906 617 2967 672; x_wconf 77' lang='grc' dir='ltr'>τὸ</span> <span class='ocrx_word' id='word_1_150' title='bbox 2998 617 3245 672; x_wconf 82' lang='grc' dir='ltr'>τοιοῦτον</span> <span class='ocrx_word' id='word_1_151' title='bbox 3281 613 3420 681; x_wconf 73' lang='grc' dir='ltr'>εἶδος</span> <span class='ocrx_word' id='word_1_152' title='bbox 3450 618 3541 672; x_wconf 84' lang='grc' dir='ltr'><strong>τοῦ</strong></span> <span class='ocrx_word' id='word_1_153' title='bbox 3571 619 3719 687; x_wconf 85' lang='grc' dir='ltr'>λόγου</span> 
     </span>
    </p>
   </div>
   <div class='ocr_carea' id='block_1_24' title="bbox 2162 681 3723 784">
    <p class='ocr_par' dir='ltr' id='par_1_24' title="bbox 2162 681 3723 784">
     <span class='ocr_line' id='line_1_25' title="bbox 2162 681 3723 784; baseline 0.001 -20"><span class='ocrx_word' id='word_1_154' title='bbox 2162 681 2648 784; x_wconf 78' lang='grc' dir='ltr'>παραιτησόμεθα.</span> <span class='ocrx_word' id='word_1_155' title='bbox 2673 681 2948 781; x_wconf 69' lang='grc' dir='ltr'>ίῐᾶσιγάρ</span> <span class='ocrx_word' id='word_1_156' title='bbox 2973 711 3090 763; x_wconf 86' lang='grc' dir='ltr'>ἐστι</span> <span class='ocrx_word' id='word_1_157' title='bbox 3114 710 3405 780; x_wconf 85' lang='grc' dir='ltr'>πρόδηλον,</span> <span class='ocrx_word' id='word_1_158' title='bbox 3429 710 3489 764; x_wconf 82' lang='grc' dir='ltr'>τδ</span> <span class='ocrx_word' id='word_1_159' title='bbox 3509 710 3604 781; x_wconf 80' lang='grc' dir='ltr'>τὴν</span> <span class='ocrx_word' id='word_1_160' title='bbox 3617 681 3723 765; x_wconf 46' lang='lat' dir='ltr'><strong>6t;-</strong></span> 
     </span>
    </p>
   </div>
   <div class='ocr_carea' id='block_1_25' title="bbox 2159 800 3721 875">
    <p class='ocr_par' dir='ltr' id='par_1_25' title="bbox 2159 800 3721 875">
     <span class='ocr_line' id='line_1_26' title="bbox 2159 800 3721 875; baseline -0.001 -19"><span class='ocrx_word' id='word_1_161' title='bbox 2159 802 2428 875; x_wconf 73' lang='grc' dir='ltr'>λεκτικὴν,</span> <span class='ocrx_word' id='word_1_162' title='bbox 2439 802 2765 874; x_wconf 70' lang='grc' dir='ltr'>περιεργίαν</span> <span class='ocrx_word' id='word_1_163' title='bbox 2781 802 2906 874; x_wconf 76' lang='grc' dir='ltr'>ἴσην</span> <span class='ocrx_word' id='word_1_164' title='bbox 2925 803 3009 871; x_wconf 80' lang='grc' dir='ltr'>ἐφ’</span> <span class='ocrx_word' id='word_1_165' title='bbox 3028 803 3266 873; x_wconf 76' lang='grc' dir='ltr'>ἑκάτερα</span> <span class='ocrx_word' id='word_1_166' title='bbox 3280 800 3379 872; x_wconf 82' lang='grc' dir='ltr'>τὴν</span> <span class='ocrx_word' id='word_1_167' title='bbox 3401 801 3551 871; x_wconf 71' lang='grc' dir='ltr'>ἰσχὺν</span> <span class='ocrx_word' id='word_1_168' title='bbox 3565 802 3721 872; x_wconf 72' lang='grc' dir='ltr'>ἔχειν,</span> 
     </span>
    </p>
   </div>
   <div class='ocr_carea' id='block_1_26' title="bbox 2162 892 3723 967">
    <p class='ocr_par' dir='ltr' id='par_1_26' title="bbox 2162 892 3723 967">
     <span class='ocr_line' id='line_1_27' title="bbox 2162 892 3723 967; baseline -0.002 -20"><span class='ocrx_word' id='word_1_169' title='bbox 2162 898 2298 965; x_wconf 82' lang='grc' dir='ltr'>πρός</span> <span class='ocrx_word' id='word_1_170' title='bbox 2324 913 2386 949; x_wconf 88' lang='grc' dir='ltr'><strong>τε</strong></span> <span class='ocrx_word' id='word_1_171' title='bbox 2414 895 2514 967; x_wconf 81' lang='grc' dir='ltr'>τὴν</span> <span class='ocrx_word' id='word_1_172' title='bbox 2549 897 2650 967; x_wconf 82' lang='grc' dir='ltr'>τῆς</span> <span class='ocrx_word' id='word_1_173' title='bbox 2687 893 2946 964; x_wconf 79' lang='grc' dir='ltr'><strong>ἀληθείας</strong></span> <span class='ocrx_word' id='word_1_174' title='bbox 2981 894 3301 965; x_wconf 70' lang='grc' dir='ltr'><strong>ἀνατροπὴν</strong></span> <span class='ocrx_word' id='word_1_175' title='bbox 3335 893 3431 947; x_wconf 81' lang='grc' dir='ltr'>καὶ</span> <span class='ocrx_word' id='word_1_176' title='bbox 3466 892 3598 964; x_wconf 74' lang='grc' dir='ltr'>πρὸς</span> <span class='ocrx_word' id='word_1_177' title='bbox 3630 894 3723 962; x_wconf 74' lang='grc' dir='ltr'><strong>τὴν</strong></span> 
     </span>
    </p>
   </div>
   <div class='ocr_carea' id='block_1_27' title="bbox 2160 986 3727 1061">
    <p class='ocr_par' dir='ltr' id='par_1_27' title="bbox 2160 986 3727 1061">
     <span class='ocr_line' id='line_1_28' title="bbox 2160 986 3727 1061; baseline 0.001 -22"><span class='ocrx_word' id='word_1_178' title='bbox 2160 987 2502 1058; x_wconf 80' lang='grc' dir='ltr'><strong>κατηγορίαν</strong></span> <span class='ocrx_word' id='word_1_179' title='bbox 2534 986 2630 1041; x_wconf 81' lang='grc' dir='ltr'><strong>τοὺ</strong></span> <span class='ocrx_word' id='word_1_180' title='bbox 2662 987 2916 1057; x_wconf 78' lang='grc' dir='ltr'>ψεύδους.</span> <span class='ocrx_word' id='word_1_181' title='bbox 2951 987 3115 1041; x_wconf 87' lang='grc' dir='ltr'>Ὅθεν</span> <span class='ocrx_word' id='word_1_182' title='bbox 3156 987 3254 1040; x_wconf 81' lang='grc' dir='ltr'>καὶ</span> <span class='ocrx_word' id='word_1_183' title='bbox 3282 987 3452 1061; x_wconf 76' lang='grc' dir='ltr'>αὑτὴν</span> <span class='ocrx_word' id='word_1_184' title='bbox 3483 987 3579 1059; x_wconf 75' lang='grc' dir='ltr'>τὴν</span> <span class='ocrx_word' id='word_1_185' title='bbox 3602 987 3727 1058; x_wconf 76' lang='grc' dir='ltr'>άλη-</span> 
     </span>
    </p>
   </div>
   <div class='ocr_carea' id='block_1_28' title="bbox 2163 1080 3725 1152">
    <p class='ocr_par' dir='ltr' id='par_1_28' title="bbox 2163 1080 3725 1152">
     <span class='ocr_line' id='line_1_29' title="bbox 2163 1080 3725 1152; baseline -0.001 -18"><span class='ocrx_word' id='word_1_186' title='bbox 2163 1081 2338 1148; x_wconf 84' lang='grc' dir='ltr'>θειαν,</span> <span class='ocrx_word' id='word_1_187' title='bbox 2366 1082 2498 1135; x_wconf 81' lang='grc' dir='ltr'>ὅταν</span> <span class='ocrx_word' id='word_1_188' title='bbox 2529 1083 2670 1152; x_wconf 89' lang='grc' dir='ltr'>μετά</span> <span class='ocrx_word' id='word_1_189' title='bbox 2693 1098 2840 1146; x_wconf 73' lang='grc' dir='ltr'>τινος</span> <span class='ocrx_word' id='word_1_190' title='bbox 2861 1080 3121 1149; x_wconf 80' lang='grc' dir='ltr'><strong>τοιαύτης</strong></span> <span class='ocrx_word' id='word_1_191' title='bbox 3141 1081 3335 1151; x_wconf 71' lang='grc' dir='ltr'>τέχνης</span> <span class='ocrx_word' id='word_1_192' title='bbox 3368 1081 3725 1151; x_wconf 76' lang='grc' dir='ltr'><strong>προσάγηται,</strong></span> 
     </span>
    </p>
   </div>
   <div class='ocr_carea' id='block_1_29' title="bbox 2159 1173 3727 1244">
    <p class='ocr_par' dir='ltr' id='par_1_29' title="bbox 2159 1173 3727 1244">
     <span class='ocr_line' id='line_1_30' title="bbox 2159 1173 3727 1244; baseline 0 -17"><span class='ocrx_word' id='word_1_193' title='bbox 2159 1173 2227 1227; x_wconf 86' lang='grc' dir='ltr'>δι’</span> <span class='ocrx_word' id='word_1_194' title='bbox 2274 1174 2509 1244; x_wconf 77' lang='grc' dir='ltr'>ὑποψίας</span> <span class='ocrx_word' id='word_1_195' title='bbox 2546 1174 2805 1238; x_wconf 82' lang='grc' dir='ltr'>πολλάκις</span> <span class='ocrx_word' id='word_1_196' title='bbox 2852 1174 3180 1243; x_wconf 78' lang='grc' dir='ltr'><strong>ποιούμεθα,</strong></span> <span class='ocrx_word' id='word_1_197' title='bbox 3230 1175 3306 1236; x_wconf 86' lang='grc' dir='ltr'>ὡς</span> <span class='ocrx_word' id='word_1_198' title='bbox 3346 1175 3447 1242; x_wconf 79' lang='grc' dir='ltr'>τῆς</span> <span class='ocrx_word' id='word_1_199' title='bbox 3499 1179 3625 1243; x_wconf 66' lang='grc' dir='ltr'>περὶ</span> <span class='ocrx_word' id='word_1_200' title='bbox 3663 1173 3727 1227; x_wconf 80' lang='grc' dir='ltr'><strong>τά</strong></span> 
     </span>
    </p>
   </div>
   <div class='ocr_carea' id='block_1_30' title="bbox 2159 1261 3730 1336">
    <p class='ocr_par' dir='ltr' id='par_1_30' title="bbox 2159 1261 3730 1336">
     <span class='ocr_line' id='line_1_31' title="bbox 2159 1261 3730 1336; baseline 0 -19"><span class='ocrx_word' id='word_1_201' title='bbox 2159 1263 2385 1318; x_wconf 83' lang='grc' dir='ltr'>τοιαῦτα</span> <span class='ocrx_word' id='word_1_202' title='bbox 2417 1263 2719 1336; x_wconf 81' lang='grc' dir='ltr'>δεινότητος</span> <span class='ocrx_word' id='word_1_203' title='bbox 2756 1264 3254 1335; x_wconf 71' lang='grc' dir='ltr'>παρακρουομίνης</span> <span class='ocrx_word' id='word_1_204' title='bbox 3291 1266 3450 1334; x_wconf 80' lang='grc' dir='ltr'>ἡμῶν</span> <span class='ocrx_word' id='word_1_205' title='bbox 3488 1265 3586 1332; x_wconf 81' lang='grc' dir='ltr'>τὴν</span> <span class='ocrx_word' id='word_1_206' title='bbox 3621 1261 3730 1317; x_wconf 82' lang='grc' dir='ltr'>διά-</span> 
     </span>
    </p>
   </div>
   <div class='ocr_carea' id='block_1_31' title="bbox 2161 1353 3730 1424">
    <p class='ocr_par' dir='ltr' id='par_1_31' title="bbox 2161 1353 3730 1424">
     <span class='ocr_line' id='line_1_32' title="bbox 2161 1353 3730 1424; baseline -0.003 -14"><span class='ocrx_word' id='word_1_207' title='bbox 2161 1370 2311 1410; x_wconf 89' lang='grc' dir='ltr'>νοιαν</span> <span class='ocrx_word' id='word_1_208' title='bbox 2333 1354 2427 1408; x_wconf 73' lang='grc' dir='ltr'>καὶ</span> <span class='ocrx_word' id='word_1_209' title='bbox 2449 1354 2550 1424; x_wconf 79' lang='grc' dir='ltr'>τῆς</span> <span class='ocrx_word' id='word_1_210' title='bbox 2573 1353 2832 1422; x_wconf 78' lang='grc' dir='ltr'>ἀληθείας</span> <span class='ocrx_word' id='word_1_211' title='bbox 2855 1354 3334 1423; x_wconf 74' lang='grc' dir='ltr'>ἀποσφαλλούσης.</span> <span class='ocrx_word' id='word_1_212' title='bbox 3363 1353 3424 1406; x_wconf 84' lang='grc' dir='ltr'><strong>Εἰ</strong></span> <span class='ocrx_word' id='word_1_213' title='bbox 3453 1353 3512 1406; x_wconf 75' lang='grc' dir='ltr'><strong>δέ</strong></span> <span class='ocrx_word' id='word_1_214' title='bbox 3536 1371 3617 1416; x_wconf 92' lang='grc' dir='ltr'><strong>τις</strong></span> <span class='ocrx_word' id='word_1_215' title='bbox 3641 1354 3730 1406; x_wconf 63' lang='grc' dir='ltr'><strong>τὸν</strong></span> 
     </span>
    </p>
   </div>
   <div class='ocr_carea' id='block_1_32' title="bbox 2160 1445 3731 1518">
    <p class='ocr_par' dir='ltr' id='par_1_32' title="bbox 2160 1445 3731 1518">
     <span class='ocr_line' id='line_1_33' title="bbox 2160 1445 3731 1518; baseline -0.003 -16"><span class='ocrx_word' id='word_1_216' title='bbox 2160 1447 2538 1503; x_wconf 85' lang='grc' dir='ltr'>ἀκατάσκευόν</span> <span class='ocrx_word' id='word_1_217' title='bbox 2572 1463 2629 1500; x_wconf 86' lang='grc' dir='ltr'><strong>τε</strong></span> <span class='ocrx_word' id='word_1_218' title='bbox 2655 1447 2750 1502; x_wconf 75' lang='grc' dir='ltr'>καὶ</span> <span class='ocrx_word' id='word_1_219' title='bbox 2780 1447 2991 1518; x_wconf 75' lang='grc' dir='ltr'>γυμνὸν</span> <span class='ocrx_word' id='word_1_220' title='bbox 3027 1447 3208 1517; x_wconf 80' lang='grc' dir='ltr'><strong>πάσης</strong></span> <span class='ocrx_word' id='word_1_221' title='bbox 3241 1445 3543 1516; x_wconf 75' lang='grc' dir='ltr'>περιϐολῆς</span> <span class='ocrx_word' id='word_1_222' title='bbox 3571 1461 3731 1514; x_wconf 88' lang='grc' dir='ltr'>προσ-</span> 
     </span>
    </p>
   </div>
   <div class='ocr_carea' id='block_1_33' title="bbox 2163 1533 3729 1611">
    <p class='ocr_par' dir='ltr' id='par_1_33' title="bbox 2163 1533 3729 1611">
     <span class='ocr_line' id='line_1_34' title="bbox 2163 1533 3729 1611; baseline -0.002 -18"><span class='ocrx_word' id='word_1_223' title='bbox 2163 1541 2302 1595; x_wconf 88' lang='grc' dir='ltr'>ίεται</span> <span class='ocrx_word' id='word_1_224' title='bbox 2339 1540 2518 1608; x_wconf 80' lang='grc' dir='ltr'>λόγον,</span> <span class='ocrx_word' id='word_1_225' title='bbox 2549 1539 2806 1611; x_wconf 81' lang='grc' dir='ltr'>ἐροῦμεν.</span> <span class='ocrx_word' id='word_1_226' title='bbox 2839 1540 2987 1602; x_wconf 85' lang='grc' dir='ltr'>ὅπως</span> <span class='ocrx_word' id='word_1_227' title='bbox 3021 1538 3087 1592; x_wconf 82' lang='grc' dir='ltr'>ἂν</span> <span class='ocrx_word' id='word_1_228' title='bbox 3119 1534 3232 1591; x_wconf 79' lang='grc' dir='ltr'>οἷόν</span> <span class='ocrx_word' id='word_1_229' title='bbox 3275 1554 3335 1591; x_wconf 90' lang='grc' dir='ltr'><strong>τε</strong></span> <span class='ocrx_word' id='word_1_230' title='bbox 3387 1533 3448 1611; x_wconf 83' lang='grc' dir='ltr'><strong>ᾗ,</strong></span> <span class='ocrx_word' id='word_1_231' title='bbox 3478 1536 3617 1590; x_wconf 71' lang='grc' dir='ltr'>κατὰ</span> <span class='ocrx_word' id='word_1_232' title='bbox 3644 1535 3729 1590; x_wconf 83' lang='grc' dir='ltr'>τδν</span> 
     </span>
    </p>
   </div>
   <div class='ocr_carea' id='block_1_34' title="bbox 2159 1628 3732 1705">
    <p class='ocr_par' dir='ltr' id='par_1_34' title="bbox 2159 1628 3732 1705">
     <span class='ocr_line' id='line_1_35' title="bbox 2159 1628 3732 1705; baseline -0.004 -17"><span class='ocrx_word' id='word_1_233' title='bbox 2159 1633 2353 1705; x_wconf 59' lang='grc' dir='ltr'>εἱρμὸν</span> <span class='ocrx_word' id='word_1_234' title='bbox 2385 1631 2486 1701; x_wconf 81' lang='grc' dir='ltr'>τῆς</span> <span class='ocrx_word' id='word_1_235' title='bbox 2519 1631 2805 1703; x_wconf 76' lang='grc' dir='ltr'><strong>γραφικῆς</strong></span> <span class='ocrx_word' id='word_1_236' title='bbox 2839 1631 3190 1701; x_wconf 72' lang='grc' dir='ltr'>ὑφηγήσεως,</span> <span class='ocrx_word' id='word_1_237' title='bbox 3235 1629 3335 1698; x_wconf 83' lang='grc' dir='ltr'>τὴν</span> <span class='ocrx_word' id='word_1_238' title='bbox 3374 1630 3506 1700; x_wconf 72' lang='grc' dir='ltr'>περὶ</span> <span class='ocrx_word' id='word_1_239' title='bbox 3533 1628 3732 1682; x_wconf 85' lang='grc' dir='ltr'>τούτων</span> 
     </span>
    </p>
   </div>
   <div class='ocr_carea' id='block_1_35' title="bbox 2161 1716 3732 1791">
    <p class='ocr_par' dir='ltr' id='par_1_35' title="bbox 2161 1716 3732 1791">
     <span class='ocr_line' id='line_1_36' title="bbox 2161 1716 3732 1791; baseline -0.003 -17"><span class='ocrx_word' id='word_1_240' title='bbox 2161 1721 2396 1790; x_wconf 77' lang='grc' dir='ltr'>θεωρίαν</span> <span class='ocrx_word' id='word_1_241' title='bbox 2424 1721 2818 1789; x_wconf 79' lang='grc' dir='ltr'>προσάγοντες.</span> <span class='ocrx_word' id='word_1_242' title='bbox 2845 1720 2909 1774; x_wconf 86' lang='grc' dir='ltr'>Εί</span> <span class='ocrx_word' id='word_1_243' title='bbox 2940 1720 3005 1791; x_wconf 84' lang='grc' dir='ltr'><strong>δὴ</strong></span> <span class='ocrx_word' id='word_1_244' title='bbox 3035 1716 3130 1774; x_wconf 82' lang='grc' dir='ltr'>οὖν</span> <span class='ocrx_word' id='word_1_245' title='bbox 3161 1717 3257 1773; x_wconf 73' lang='grc' dir='ltr'>καὶ</span> <span class='ocrx_word' id='word_1_246' title='bbox 3283 1720 3422 1790; x_wconf 79' lang='grc' dir='ltr'>ἡμῖν</span> <span class='ocrx_word' id='word_1_247' title='bbox 3450 1717 3610 1772; x_wconf 80' lang='grc' dir='ltr'>θείων</span> <span class='ocrx_word' id='word_1_248' title='bbox 3629 1717 3732 1771; x_wconf 84' lang='grc' dir='ltr'><strong>Πα-</strong></span> 
     </span>
    </p>
   </div>
   <div class='ocr_carea' id='block_1_36' title="bbox 478 1785 2052 1887">
    <p class='ocr_par' dir='ltr' id='par_1_36' title="bbox 478 1785 2052 1881">
     <span class='ocr_line' id='line_1_37' title="bbox 478 1785 2052 1881; baseline 0.001 -17"><span class='ocrx_word' id='word_1_249' title='bbox 478 1785 727 1878; x_wconf 78' lang='lat' dir='ltr'><strong>exposita</strong></span> <span class='ocrx_word' id='word_1_250' title='bbox 752 1810 1222 1872; x_wconf 82' lang='lat' dir='ltr'><strong>contaminemur,</strong></span> <span class='ocrx_word' id='word_1_251' title='bbox 1254 1815 1351 1860; x_wconf 90' lang='lat' dir='ltr'><strong>aut</strong></span> <span class='ocrx_word' id='word_1_252' title='bbox 1393 1808 1525 1876; x_wconf 91' lang='lat' dir='ltr'><strong>quia</strong></span> <span class='ocrx_word' id='word_1_253' title='bbox 1556 1785 1816 1863; x_wconf 76' lang='lat' dir='ltr'><strong>omnibus</strong></span> <span class='ocrx_word' id='word_1_254' title='bbox 1846 1785 2052 1881; x_wconf 77' lang='lat' dir='ltr'><strong>absque</strong></span> 
     </span>
    </p>
   </div>
   <div class='ocr_carea' id='block_1_37' title="bbox 2152 1785 3730 1887">
    <p class='ocr_par' dir='ltr' id='par_1_37' title="bbox 2160 1785 3730 1887">
     <span class='ocr_line' id='line_1_38' title="bbox 2160 1785 3730 1887; baseline -0.005 -17"><span class='ocrx_word' id='word_1_255' title='bbox 2160 1785 2334 1886; x_wconf 79' lang='grc' dir='ltr'>τέρων</span> <span class='ocrx_word' id='word_1_256' title='bbox 2356 1785 2597 1887; x_wconf 68' lang='grc' dir='ltr'>γραιραϊς</span> <span class='ocrx_word' id='word_1_257' title='bbox 2616 1785 2932 1878; x_wconf 75' lang='grc' dir='ltr'>όπλίζεσθαι</span> <span class='ocrx_word' id='word_1_258' title='bbox 2956 1785 3050 1869; x_wconf 76' lang='grc' dir='ltr'>καὶ</span> <span class='ocrx_word' id='word_1_259' title='bbox 3070 1785 3594 1880; x_wconf 78' lang='grc' dir='ltr'>ἀντιστρατεύεσθαι</span> <span class='ocrx_word' id='word_1_260' title='bbox 3616 1808 3730 1864; x_wconf 80' lang='grc' dir='ltr'>κατ’</span> 
     </span>
    </p>
   </div>
   <div class='ocr_carea' id='block_1_38' title="bbox 481 1898 2053 1972">
    <p class='ocr_par' dir='ltr' id='par_1_38' title="bbox 481 1898 2053 1972">
     <span class='ocr_line' id='line_1_39' title="bbox 481 1898 2053 1972; baseline 0.001 -16"><span class='ocrx_word' id='word_1_261' title='bbox 481 1903 667 1957; x_wconf 82' lang='lat' dir='ltr'><strong>labore</strong></span> <span class='ocrx_word' id='word_1_262' title='bbox 699 1910 920 1970; x_wconf 86' lang='lat' dir='ltr'><strong>pateant</strong></span> <span class='ocrx_word' id='word_1_263' title='bbox 960 1899 1299 1968; x_wconf 90' lang='lat' dir='ltr'><strong>contemplui</strong></span> <span class='ocrx_word' id='word_1_264' title='bbox 1335 1898 1481 1971; x_wconf 73' lang='lat' dir='ltr'><strong>sint;</strong></span> <span class='ocrx_word' id='word_1_265' title='bbox 1518 1900 1599 1955; x_wconf 91' lang='lat' dir='ltr'><strong>sic</strong></span> <span class='ocrx_word' id='word_1_266' title='bbox 1622 1900 1790 1954; x_wconf 88' lang='lat' dir='ltr'><strong>etiam</strong></span> <span class='ocrx_word' id='word_1_267' title='bbox 1826 1902 2053 1972; x_wconf 88' lang='lat' dir='ltr'><strong>plurimi</strong></span> 
     </span>
    </p>
   </div>
   <div class='ocr_carea' id='block_1_39' title="bbox 478 1989 2055 2062">
    <p class='ocr_par' dir='ltr' id='par_1_39' title="bbox 478 1989 2055 2062">
     <span class='ocr_line' id='line_1_40' title="bbox 478 1989 2055 2062; baseline 0.001 -13"><span class='ocrx_word' id='word_1_268' title='bbox 478 2009 649 2050; x_wconf 66' lang='lat' dir='ltr'><strong>sacrae</strong></span> <span class='ocrx_word' id='word_1_269' title='bbox 679 1993 977 2062; x_wconf 69' lang='lat' dir='ltr'><strong>Scriptura:</strong></span> <span class='ocrx_word' id='word_1_270' title='bbox 1005 1991 1134 2056; x_wconf 91' lang='lat' dir='ltr'><strong>loci,</strong></span> <span class='ocrx_word' id='word_1_271' title='bbox 1174 1991 1483 2060; x_wconf 68' lang='lat' dir='ltr'><strong>prmsertim</strong></span> <span class='ocrx_word' id='word_1_272' title='bbox 1535 1989 1589 2044; x_wconf 92' lang='lat' dir='ltr'><strong>in</strong></span> <span class='ocrx_word' id='word_1_273' title='bbox 1620 1993 1824 2061; x_wconf 89' lang='lat' dir='ltr'><strong>quibus</strong></span> <span class='ocrx_word' id='word_1_274' title='bbox 1852 2008 2055 2050; x_wconf 90' lang='lat' dir='ltr'><strong>arcana</strong></span> 
     </span>
    </p>
   </div>
   <div class='ocr_carea' id='block_1_40' title="bbox 477 2074 2055 2153">
    <p class='ocr_par' dir='ltr' id='par_1_40' title="bbox 477 2074 2055 2153">
     <span class='ocr_line' id='line_1_41' title="bbox 477 2074 2055 2153; baseline 0.001 -16"><span class='ocrx_word' id='word_1_275' title='bbox 477 2085 745 2153; x_wconf 70' lang='lat' dir='ltr'><strong>quaepiam</strong></span> <span class='ocrx_word' id='word_1_276' title='bbox 774 2074 1025 2137; x_wconf 80' lang='lat' dir='ltr'><strong>doctrina</strong></span> <span class='ocrx_word' id='word_1_277' title='bbox 1050 2081 1391 2149; x_wconf 85' lang='lat' dir='ltr'><strong>continetur,</strong></span> <span class='ocrx_word' id='word_1_278' title='bbox 1452 2091 1713 2152; x_wconf 89' lang='lat' dir='ltr'><strong>tanquam</strong></span> <span class='ocrx_word' id='word_1_279' title='bbox 1748 2084 1887 2139; x_wconf 83' lang='lat' dir='ltr'><strong>velis</strong></span> <span class='ocrx_word' id='word_1_280' title='bbox 1926 2085 2055 2152; x_wconf 85' lang='lat' dir='ltr'><strong>qui-</strong></span> 
     </span>
    </p>
   </div>
   <div class='ocr_carea' id='block_1_41' title="bbox 477 2173 2054 2246">
    <p class='ocr_par' dir='ltr' id='par_1_41' title="bbox 477 2173 2054 2246">
     <span class='ocr_line' id='line_1_42' title="bbox 477 2173 2054 2246; baseline 0.001 -17"><span class='ocrx_word' id='word_1_281' title='bbox 477 2175 733 2241; x_wconf 89' lang='lat' dir='ltr'><strong>busdam,</strong></span> <span class='ocrx_word' id='word_1_282' title='bbox 760 2173 1183 2228; x_wconf 88' lang='lat' dir='ltr'><strong>absconduntur</strong></span> <span class='ocrx_word' id='word_1_283' title='bbox 1211 2173 1481 2243; x_wconf 86' lang='lat' dir='ltr'><strong>ejusmodi</strong></span> <span class='ocrx_word' id='word_1_284' title='bbox 1510 2173 1720 2238; x_wconf 89' lang='lat' dir='ltr'><strong>verbis,</strong></span> <span class='ocrx_word' id='word_1_285' title='bbox 1757 2190 1880 2246; x_wconf 71' lang='lat' dir='ltr'><strong>qua:</strong></span> <span class='ocrx_word' id='word_1_286' title='bbox 1908 2177 2054 2232; x_wconf 84' lang='lat' dir='ltr'><strong>mul-</strong></span> 
     </span>
    </p>
   </div>
   <div class='ocr_carea' id='block_1_42' title="bbox 476 2265 2055 2336">
    <p class='ocr_par' dir='ltr' id='par_1_42' title="bbox 476 2265 2055 2336">
     <span class='ocr_line' id='line_1_43' title="bbox 476 2265 2055 2336; baseline 0.002 -16"><span class='ocrx_word' id='word_1_287' title='bbox 476 2275 584 2320; x_wconf 87' lang='lat' dir='ltr'><strong>tam</strong></span> <span class='ocrx_word' id='word_1_288' title='bbox 615 2267 904 2336; x_wconf 72' lang='lat' dir='ltr'><strong>caliginem</strong></span> <span class='ocrx_word' id='word_1_289' title='bbox 952 2280 1139 2321; x_wconf 86' lang='lat' dir='ltr'><strong>secum</strong></span> <span class='ocrx_word' id='word_1_290' title='bbox 1174 2265 1420 2331; x_wconf 89' lang='lat' dir='ltr'><strong>trahunt,</strong></span> <span class='ocrx_word' id='word_1_291' title='bbox 1450 2274 1508 2320; x_wconf 92' lang='lat' dir='ltr'><strong>et</strong></span> <span class='ocrx_word' id='word_1_292' title='bbox 1539 2267 1797 2323; x_wconf 84' lang='lat' dir='ltr'><strong>tenebras</strong></span> <span class='ocrx_word' id='word_1_293' title='bbox 1837 2266 1943 2322; x_wconf 83' lang='lat' dir='ltr'><strong>sibi</strong></span> <span class='ocrx_word' id='word_1_294' title='bbox 1970 2268 2055 2323; x_wconf 81' lang='lat' dir='ltr'><strong>la-</strong></span> 
     </span>
    </p>
   </div>
   <div class='ocr_carea' id='block_1_43' title="bbox 477 2358 2051 2427">
    <p class='ocr_par' dir='ltr' id='par_1_43' title="bbox 477 2358 2051 2427">
     <span class='ocr_line' id='line_1_44' title="bbox 477 2358 2051 2427; baseline 0.002 -15"><span class='ocrx_word' id='word_1_295' title='bbox 477 2358 708 2412; x_wconf 88' lang='lat' dir='ltr'><strong>tibulum</strong></span> <span class='ocrx_word' id='word_1_296' title='bbox 733 2359 751 2389; x_wconf 86' lang='grc'>¹</span> <span class='ocrx_word' id='word_1_297' title='bbox 781 2368 991 2427; x_wconf 88' lang='lat' dir='ltr'><strong>ponunt</strong></span> <span class='ocrx_word' id='word_1_298' title='bbox 1020 2366 1078 2413; x_wconf 88' lang='lat' dir='ltr'><strong>et</strong></span> <span class='ocrx_word' id='word_1_299' title='bbox 1109 2358 1164 2411; x_wconf 91' lang='lat' dir='ltr'><strong>in</strong></span> <span class='ocrx_word' id='word_1_300' title='bbox 1208 2358 1446 2413; x_wconf 88' lang='lat' dir='ltr'><strong>circuitu</strong></span> <span class='ocrx_word' id='word_1_301' title='bbox 1499 2373 1602 2413; x_wconf 86' lang='lat' dir='ltr'><strong>suo</strong></span> <span class='ocrx_word' id='word_1_302' title='bbox 1632 2360 2051 2415; x_wconf 87' lang='lat' dir='ltr'><strong>tabernaculum</strong></span> 
     </span>
    </p>
   </div>
   <div class='ocr_carea' id='block_1_44' title="bbox 392 2447 2055 2521">
    <p class='ocr_par' dir='ltr' id='par_1_44' title="bbox 392 2447 2055 2521">
     <span class='ocr_line' id='line_1_45' title="bbox 392 2447 2055 2521; baseline 0 -19"><span class='ocrx_word' id='word_1_303' title='bbox 392 2518 395 2519; x_wconf 16' lang='grc' dir='ltr'><em>ν</em></span> <span class='ocrx_word' id='word_1_304' title='bbox 473 2449 580 2503; x_wconf 87' lang='lat' dir='ltr'><strong>sibi</strong></span> <span class='ocrx_word' id='word_1_305' title='bbox 614 2447 767 2517; x_wconf 81' lang='lat' dir='ltr'><strong>ipsis.</strong></span> <span class='ocrx_word' id='word_1_306' title='bbox 804 2448 1029 2502; x_wconf 79' lang='lat' dir='ltr'><strong>Manent</strong></span> <span class='ocrx_word' id='word_1_307' title='bbox 1053 2456 1110 2502; x_wconf 89' lang='lat' dir='ltr'><strong>et</strong></span> <span class='ocrx_word' id='word_1_308' title='bbox 1135 2447 1312 2502; x_wconf 87' lang='lat' dir='ltr'><strong>sancti</strong></span> <span class='ocrx_word' id='word_1_309' title='bbox 1341 2448 1556 2515; x_wconf 84' lang='lat' dir='ltr'><strong>Patres,</strong></span> <span class='ocrx_word' id='word_1_310' title='bbox 1585 2448 1846 2512; x_wconf 87' lang='lat' dir='ltr'><strong>Basilius,</strong></span> <span class='ocrx_word' id='word_1_311' title='bbox 1880 2450 2055 2521; x_wconf 85' lang='lat' dir='ltr'><strong>Chry-</strong></span> 
     </span>
    </p>
   </div>
   <div class='ocr_carea' id='block_1_45' title="bbox 473 2538 2050 2610">
    <p class='ocr_par' dir='ltr' id='par_1_45' title="bbox 473 2538 2050 2610">
     <span class='ocr_line' id='line_1_46' title="bbox 473 2538 2050 2610; baseline 0 -16"><span class='ocrx_word' id='word_1_312' title='bbox 473 2554 774 2604; x_wconf 82' lang='lat' dir='ltr'><strong>sostomus,</strong></span> <span class='ocrx_word' id='word_1_313' title='bbox 801 2538 1068 2593; x_wconf 72' lang='lat' dir='ltr'><strong>Maximus</strong></span> <span class='ocrx_word' id='word_1_314' title='bbox 1085 2538 1411 2610; x_wconf 80' lang='lat' dir='ltr'><strong>ctCyrillns,</strong></span> <span class='ocrx_word' id='word_1_315' title='bbox 1436 2554 1544 2594; x_wconf 91' lang='lat' dir='ltr'><strong>non</strong></span> <span class='ocrx_word' id='word_1_316' title='bbox 1566 2554 1631 2594; x_wconf 89' lang='lat' dir='ltr'><strong>ea</strong></span> <span class='ocrx_word' id='word_1_317' title='bbox 1652 2540 1835 2594; x_wconf 87' lang='lat' dir='ltr'><strong>omnia</strong></span> <span class='ocrx_word' id='word_1_318' title='bbox 1858 2541 2050 2605; x_wconf 86' lang='lat' dir='ltr'><strong>verba,</strong></span> 
     </span>
    </p>
   </div>
   <div class='ocr_carea' id='block_1_46' title="bbox 472 2630 2050 2703">
    <p class='ocr_par' dir='ltr' id='par_1_46' title="bbox 472 2630 2050 2703">
     <span class='ocr_line' id='line_1_47' title="bbox 472 2630 2050 2703; baseline 0.001 -17"><span class='ocrx_word' id='word_1_319' title='bbox 472 2647 598 2703; x_wconf 65' lang='lat' dir='ltr'><strong>quae</strong></span> <span class='ocrx_word' id='word_1_320' title='bbox 629 2631 685 2686; x_wconf 91' lang='lat' dir='ltr'><strong>in</strong></span> <span class='ocrx_word' id='word_1_321' title='bbox 723 2631 873 2685; x_wconf 86' lang='lat' dir='ltr'><strong>omni</strong></span> <span class='ocrx_word' id='word_1_322' title='bbox 919 2630 1151 2686; x_wconf 90' lang='lat' dir='ltr'><strong>materia</strong></span> <span class='ocrx_word' id='word_1_323' title='bbox 1181 2630 1439 2685; x_wconf 88' lang='lat' dir='ltr'><strong>eumdem</strong></span> <span class='ocrx_word' id='word_1_324' title='bbox 1473 2645 1671 2687; x_wconf 89' lang='lat' dir='ltr'><strong>sonum</strong></span> <span class='ocrx_word' id='word_1_325' title='bbox 1702 2631 1895 2698; x_wconf 88' lang='lat' dir='ltr'><strong>edunt,</strong></span> <span class='ocrx_word' id='word_1_326' title='bbox 1935 2643 2050 2689; x_wconf 86' lang='lat' dir='ltr'><strong>sta-</strong></span> 
     </span>
    </p>
   </div>
   <div class='ocr_carea' id='block_1_47' title="bbox 473 2726 2049 2802">
    <p class='ocr_par' dir='ltr' id='par_1_47' title="bbox 473 2726 2049 2802">
     <span class='ocr_line' id='line_1_48' title="bbox 473 2726 2049 2802; baseline 0.005 -23"><span class='ocrx_word' id='word_1_327' title='bbox 473 2726 573 2781; x_wconf 88' lang='lat' dir='ltr'><strong>tim</strong></span> <span class='ocrx_word' id='word_1_328' title='bbox 614 2726 811 2781; x_wconf 89' lang='lat' dir='ltr'><strong>eodem</strong></span> <span class='ocrx_word' id='word_1_329' title='bbox 848 2727 1014 2782; x_wconf 91' lang='lat' dir='ltr'><strong>modo</strong></span> <span class='ocrx_word' id='word_1_330' title='bbox 1041 2728 1362 2799; x_wconf 90' lang='lat' dir='ltr'><strong>accipienda</strong></span> <span class='ocrx_word' id='word_1_331' title='bbox 1391 2743 1548 2797; x_wconf 85' lang='lat' dir='ltr'><strong>esse;</strong></span> <span class='ocrx_word' id='word_1_332' title='bbox 1602 2746 1783 2802; x_wconf 89' lang='lat' dir='ltr'><strong>neque</strong></span> <span class='ocrx_word' id='word_1_333' title='bbox 1810 2740 2049 2788; x_wconf 89' lang='lat' dir='ltr'><strong>mentem</strong></span> 
     </span>
    </p>
   </div>
   <div class='ocr_carea' id='block_1_48' title="bbox 471 2819 2025 2896">
    <p class='ocr_par' dir='ltr' id='par_1_48' title="bbox 471 2819 2025 2896">
     <span class='ocr_line' id='line_1_49' title="bbox 471 2819 2025 2896; baseline 0.005 -22"><span class='ocrx_word' id='word_1_334' title='bbox 471 2819 529 2874; x_wconf 91' lang='lat' dir='ltr'><strong>in</strong></span> <span class='ocrx_word' id='word_1_335' title='bbox 564 2822 751 2876; x_wconf 85' lang='lat' dir='ltr'><strong>verbis</strong></span> <span class='ocrx_word' id='word_1_336' title='bbox 781 2836 1015 2891; x_wconf 88' lang='lat' dir='ltr'><strong>prorsus</strong></span> <span class='ocrx_word' id='word_1_337' title='bbox 1060 2821 1427 2893; x_wconf 74' lang='lat' dir='ltr'><strong>deligendam,</strong></span> <span class='ocrx_word' id='word_1_338' title='bbox 1458 2824 1552 2879; x_wconf 91' lang='lat' dir='ltr'><strong>sed</strong></span> <span class='ocrx_word' id='word_1_339' title='bbox 1592 2823 1859 2896; x_wconf 82' lang='lat' dir='ltr'><strong>propositi</strong></span> <span class='ocrx_word' id='word_1_340' title='bbox 1890 2840 2025 2896; x_wconf 74' lang='lat' dir='ltr'><strong>argn</strong></span> 
     </span>
    </p>
   </div>
   <div class='ocr_carea' id='block_1_49' title="bbox 473 2912 2050 2989">
    <p class='ocr_par' dir='ltr' id='par_1_49' title="bbox 473 2912 2050 2989">
     <span class='ocr_line' id='line_1_50' title="bbox 473 2912 2050 2989; baseline 0.006 -26"><span class='ocrx_word' id='word_1_341' title='bbox 473 2912 645 2966; x_wconf 91' lang='lat' dir='ltr'><strong>menti</strong></span> <span class='ocrx_word' id='word_1_342' title='bbox 680 2914 991 2969; x_wconf 89' lang='lat' dir='ltr'><strong>sententias</strong></span> <span class='ocrx_word' id='word_1_343' title='bbox 1021 2913 1343 2982; x_wconf 75' lang='lat' dir='ltr'><strong>intuendae,</strong></span> <span class='ocrx_word' id='word_1_344' title='bbox 1376 2922 1433 2971; x_wconf 88' lang='lat' dir='ltr'><strong>et</strong></span> <span class='ocrx_word' id='word_1_345' title='bbox 1456 2932 1686 2987; x_wconf 87' lang='lat' dir='ltr'><strong>scopum</strong></span> <span class='ocrx_word' id='word_1_346' title='bbox 1717 2927 1884 2989; x_wconf 89' lang='lat' dir='ltr'><strong>atque</strong></span> <span class='ocrx_word' id='word_1_347' title='bbox 1919 2932 2050 2988; x_wconf 60' lang='lat' dir='ltr'><strong>pro.</strong></span> 
     </span>
    </p>
   </div>
   <div class='ocr_carea' id='block_1_50' title="bbox 469 3004 2049 3081">
    <p class='ocr_par' dir='ltr' id='par_1_50' title="bbox 469 3004 2049 3081">
     <span class='ocr_line' id='line_1_51' title="bbox 469 3004 2049 3081; baseline 0.006 -26"><span class='ocrx_word' id='word_1_348' title='bbox 469 3005 710 3072; x_wconf 87' lang='lat' dir='ltr'><strong>positum</strong></span> <span class='ocrx_word' id='word_1_349' title='bbox 743 3004 1042 3075; x_wconf 75' lang='lat' dir='ltr'><strong>Scriptura:</strong></span> <span class='ocrx_word' id='word_1_350' title='bbox 1070 3006 1190 3075; x_wconf 79' lang='lat' dir='ltr'><strong>ejus</strong></span> <span class='ocrx_word' id='word_1_351' title='bbox 1222 3006 1276 3060; x_wconf 92' lang='lat' dir='ltr'><strong>in</strong></span> <span class='ocrx_word' id='word_1_352' title='bbox 1299 3021 1406 3077; x_wconf 91' lang='lat' dir='ltr'><strong>qua</strong></span> <span class='ocrx_word' id='word_1_353' title='bbox 1433 3019 1727 3064; x_wconf 84' lang='lat' dir='ltr'><strong>versentur</strong></span> <span class='ocrx_word' id='word_1_354' title='bbox 1749 3009 2049 3081; x_wconf 83' lang='lat' dir='ltr'><strong>exquiren-</strong></span> 
     </span>
    </p>
   </div>
   <div class='ocr_carea' id='block_1_51' title="bbox 2158 1904 3734 1978">
    <p class='ocr_par' dir='ltr' id='par_1_51' title="bbox 2158 1904 3734 1978">
     <span class='ocr_line' id='line_1_52' title="bbox 2158 1904 3734 1978; baseline -0.004 -15"><span class='ocrx_word' id='word_1_355' title='bbox 2158 1908 2339 1964; x_wconf 85' lang='grc' dir='ltr'>αὑτῶν</span> <span class='ocrx_word' id='word_1_356' title='bbox 2367 1909 2666 1978; x_wconf 76' lang='grc' dir='ltr'>ἀναγκαῖον</span> <span class='ocrx_word' id='word_1_357' title='bbox 2703 1907 3028 1978; x_wconf 85' lang='grc' dir='ltr'>ἐτύγχανεν,</span> <span class='ocrx_word' id='word_1_358' title='bbox 3054 1904 3424 1976; x_wconf 80' lang='grc' dir='ltr'>ἀκατασκεύῳ</span> <span class='ocrx_word' id='word_1_359' title='bbox 3453 1904 3530 1976; x_wconf 87' lang='grc' dir='ltr'>τῷ</span> <span class='ocrx_word' id='word_1_360' title='bbox 3556 1905 3734 1974; x_wconf 84' lang='grc' dir='ltr'>τρόπῳ</span> 
     </span>
    </p>
   </div>
   <div class='ocr_carea' id='block_1_52' title="bbox 2157 1997 3736 2071">
    <p class='ocr_par' dir='ltr' id='par_1_52' title="bbox 2157 1997 3736 2071">
     <span class='ocr_line' id='line_1_53' title="bbox 2157 1997 3736 2071; baseline -0.003 -16"><span class='ocrx_word' id='word_1_361' title='bbox 2157 2002 2252 2057; x_wconf 75' lang='grc' dir='ltr'>καὶ</span> <span class='ocrx_word' id='word_1_362' title='bbox 2279 2003 2434 2057; x_wconf 75' lang='grc' dir='ltr'>αὑτοὶ</span> <span class='ocrx_word' id='word_1_363' title='bbox 2458 2005 2579 2066; x_wconf 84' lang='grc' dir='ltr'>ταῖς</span> <span class='ocrx_word' id='word_1_364' title='bbox 2609 2001 2971 2071; x_wconf 79' lang='grc' dir='ltr'>σαφεστέραις</span> <span class='ocrx_word' id='word_1_365' title='bbox 2996 1999 3063 2053; x_wconf 84' lang='grc' dir='ltr'>ἂν</span> <span class='ocrx_word' id='word_1_366' title='bbox 3087 1998 3472 2069; x_wconf 82' lang='grc' dir='ltr'>ἐχρησάμεθα,</span> <span class='ocrx_word' id='word_1_367' title='bbox 3494 1997 3591 2051; x_wconf 71' lang='grc' dir='ltr'>καὶ</span> <span class='ocrx_word' id='word_1_368' title='bbox 3612 1997 3736 2050; x_wconf 75' lang='grc' dir='ltr'>ὀπό-</span> 
     </span>
    </p>
   </div>
   <div class='ocr_carea' id='block_1_53' title="bbox 2159 2089 3736 2175">
    <p class='ocr_par' dir='ltr' id='par_1_53' title="bbox 2159 2089 3736 2175">
     <span class='ocr_line' id='line_1_54' title="bbox 2159 2089 3736 2175; baseline -0.004 -27"><span class='ocrx_word' id='word_1_369' title='bbox 2159 2113 2248 2148; x_wconf 90' lang='grc' dir='ltr'><strong>σαι</strong></span> <span class='ocrx_word' id='word_1_370' title='bbox 2280 2093 2537 2165; x_wconf 75' lang='grc' dir='ltr'>προφανῆ</span> <span class='ocrx_word' id='word_1_371' title='bbox 2555 2094 3149 2175; x_wconf 33' lang='grc' dir='ltr'>καὶχάνανταγὼνιστον</span> <span class='ocrx_word' id='word_1_372' title='bbox 3177 2093 3271 2144; x_wconf 72' lang='grc' dir='ltr'>τὸν</span> <span class='ocrx_word' id='word_1_373' title='bbox 3287 2089 3609 2161; x_wconf 69' lang='grc' dir='ltr'>ἐγκείμενον</span> <span class='ocrx_word' id='word_1_374' title='bbox 3628 2089 3736 2152; x_wconf 76' lang='grc' dir='ltr'>τοῖς</span> 
     </span>
    </p>
   </div>
   <div class='ocr_carea' id='block_1_54' title="bbox 2158 2178 3736 2255">
    <p class='ocr_par' dir='ltr' id='par_1_54' title="bbox 2158 2178 3736 2255">
     <span class='ocr_line' id='line_1_55' title="bbox 2158 2178 3736 2255; baseline -0.003 -20"><span class='ocrx_word' id='word_1_375' title='bbox 2158 2181 2406 2253; x_wconf 81' lang='grc' dir='ltr'>μετιοῦσι</span> <span class='ocrx_word' id='word_1_376' title='bbox 2452 2183 2755 2255; x_wconf 80' lang='grc' dir='ltr'>παρέχουσι</span> <span class='ocrx_word' id='word_1_377' title='bbox 2799 2182 2948 2247; x_wconf 81' lang='grc' dir='ltr'>νοῦν,</span> <span class='ocrx_word' id='word_1_378' title='bbox 2985 2180 3083 2235; x_wconf 70' lang='grc' dir='ltr'>καὶ</span> <span class='ocrx_word' id='word_1_379' title='bbox 3128 2179 3191 2232; x_wconf 89' lang='grc' dir='ltr'><strong>οὑ</strong></span> <span class='ocrx_word' id='word_1_380' title='bbox 3229 2178 3379 2249; x_wconf 84' lang='grc' dir='ltr'>μάλα</span> <span class='ocrx_word' id='word_1_381' title='bbox 3417 2178 3485 2250; x_wconf 84' lang='grc' dir='ltr'><strong>δὴ</strong></span> <span class='ocrx_word' id='word_1_382' title='bbox 3511 2178 3631 2242; x_wconf 83' lang='grc' dir='ltr'>ταῖς</span> <span class='ocrx_word' id='word_1_383' title='bbox 3653 2179 3736 2231; x_wconf 81' lang='lat' dir='ltr'><strong>ai-</strong></span> 
     </span>
    </p>
   </div>
   <div class='ocr_carea' id='block_1_55' title="bbox 2155 2267 3737 2341">
    <p class='ocr_par' dir='ltr' id='par_1_55' title="bbox 2155 2267 3737 2341">
     <span class='ocr_line' id='line_1_56' title="bbox 2155 2267 3737 2341; baseline -0.004 -15"><span class='ocrx_word' id='word_1_384' title='bbox 2155 2273 2527 2340; x_wconf 84' lang='grc' dir='ltr'>νιγματώδεσι</span> <span class='ocrx_word' id='word_1_385' title='bbox 2559 2275 2655 2326; x_wconf 78' lang='grc' dir='ltr'><strong>καὶ</strong></span> <span class='ocrx_word' id='word_1_386' title='bbox 2684 2272 3019 2341; x_wconf 78' lang='grc' dir='ltr'>δυναμέναις</span> <span class='ocrx_word' id='word_1_387' title='bbox 3037 2269 3128 2323; x_wconf 82' lang='grc' dir='ltr'><strong>διά</strong></span> <span class='ocrx_word' id='word_1_388' title='bbox 3153 2284 3215 2321; x_wconf 88' lang='grc' dir='ltr'><strong>τε</strong></span> <span class='ocrx_word' id='word_1_389' title='bbox 3243 2267 3343 2331; x_wconf 80' lang='grc' dir='ltr'>τὰς</span> <span class='ocrx_word' id='word_1_390' title='bbox 3372 2267 3485 2323; x_wconf 83' lang='grc' dir='ltr'><strong>τῶν</strong></span> <span class='ocrx_word' id='word_1_391' title='bbox 3523 2268 3737 2322; x_wconf 86' lang='grc' dir='ltr'>ὑποκει-</span> 
     </span>
    </p>
   </div>
   <div class='ocr_carea' id='block_1_56' title="bbox 2160 2362 3732 2436">
    <p class='ocr_par' dir='ltr' id='par_1_56' title="bbox 2160 2362 3732 2436">
     <span class='ocr_line' id='line_1_57' title="bbox 2160 2362 3732 2436; baseline -0.001 -19"><span class='ocrx_word' id='word_1_392' title='bbox 2160 2367 2339 2434; x_wconf 77' lang='grc' dir='ltr'>μένων</span> <span class='ocrx_word' id='word_1_393' title='bbox 2377 2365 2702 2436; x_wconf 84' lang='grc' dir='ltr'>ὁμωνυμίας</span> <span class='ocrx_word' id='word_1_394' title='bbox 2756 2366 2851 2419; x_wconf 83' lang='grc' dir='ltr'>καὶ</span> <span class='ocrx_word' id='word_1_395' title='bbox 2887 2364 2977 2419; x_wconf 84' lang='grc' dir='ltr'><strong>διὰ</strong></span> <span class='ocrx_word' id='word_1_396' title='bbox 3015 2364 3077 2419; x_wconf 80' lang='grc' dir='ltr'>τὸ</span> <span class='ocrx_word' id='word_1_397' title='bbox 3112 2364 3212 2435; x_wconf 82' lang='grc' dir='ltr'><strong>τῆς</strong></span> <span class='ocrx_word' id='word_1_398' title='bbox 3245 2363 3454 2430; x_wconf 81' lang='grc' dir='ltr'>λέξεως</span> <span class='ocrx_word' id='word_1_399' title='bbox 3497 2363 3592 2418; x_wconf 80' lang='grc' dir='ltr'>καὶ</span> <span class='ocrx_word' id='word_1_400' title='bbox 3626 2362 3732 2416; x_wconf 86' lang='grc' dir='ltr'><strong>τῶν</strong></span> 
     </span>
    </p>
   </div>
   <div class='ocr_carea' id='block_1_57' title="bbox 2155 2455 3736 2530">
    <p class='ocr_par' dir='ltr' id='par_1_57' title="bbox 2155 2455 3736 2530">
     <span class='ocr_line' id='line_1_58' title="bbox 2155 2455 3736 2530; baseline -0.001 -20"><span class='ocrx_word' id='word_1_401' title='bbox 2155 2459 2440 2525; x_wconf 73' lang='grc' dir='ltr'>ὀνομάτων</span> <span class='ocrx_word' id='word_1_402' title='bbox 2465 2457 2787 2529; x_wconf 77' lang='grc' dir='ltr'><strong>ι‹5μιχλι”ὐδές</strong></span> <span class='ocrx_word' id='word_1_403' title='bbox 2825 2475 2884 2511; x_wconf 90' lang='grc' dir='ltr'><strong>τε</strong></span> <span class='ocrx_word' id='word_1_404' title='bbox 2920 2458 3016 2513; x_wconf 79' lang='grc' dir='ltr'>καὶ</span> <span class='ocrx_word' id='word_1_405' title='bbox 3056 2458 3415 2530; x_wconf 80' lang='grc' dir='ltr'>ἀμφιῤῥεπές</span> <span class='ocrx_word' id='word_1_406' title='bbox 3462 2455 3736 2527; x_wconf 81' lang='grc' dir='ltr'>πολλαχῶς</span> 
     </span>
    </p>
   </div>
   <div class='ocr_carea' id='block_1_58' title="bbox 2152 2548 3747 2623">
    <p class='ocr_par' dir='ltr' id='par_1_58' title="bbox 2152 2548 3747 2623">
     <span class='ocr_line' id='line_1_59' title="bbox 2152 2548 3747 2623; baseline -0.001 -19"><span class='ocrx_word' id='word_1_407' title='bbox 2152 2551 2579 2622; x_wconf 82' lang='grc' dir='ltr'>ἑρμηνεύεσθαι.</span> <span class='ocrx_word' id='word_1_408' title='bbox 2617 2550 2964 2622; x_wconf 88' lang='grc' dir='ltr'>Εὑρίσκομεν</span> <span class='ocrx_word' id='word_1_409' title='bbox 3005 2550 3119 2623; x_wconf 86' lang='grc' dir='ltr'><strong>γάρ</strong></span> <span class='ocrx_word' id='word_1_410' title='bbox 3162 2549 3416 2621; x_wconf 62' lang='grc' dir='ltr'>πολλαχῆ</span> <span class='ocrx_word' id='word_1_411' title='bbox 3453 2549 3553 2620; x_wconf 84' lang='grc' dir='ltr'>τῆς</span> <span class='ocrx_word' id='word_1_412' title='bbox 3591 2548 3747 2610; x_wconf 76' lang='grc' dir='ltr'>θείας</span> 
     </span>
    </p>
   </div>
   <div class='ocr_carea' id='block_1_59' title="bbox 2153 2640 3731 2713">
    <p class='ocr_par' dir='ltr' id='par_1_59' title="bbox 2153 2640 3731 2713">
     <span class='ocr_line' id='line_1_60' title="bbox 2153 2640 3731 2713; baseline -0.001 -18"><span class='ocrx_word' id='word_1_413' title='bbox 2153 2641 2378 2713; x_wconf 79' lang='grc' dir='ltr'>Γραφῆς</span> <span class='ocrx_word' id='word_1_414' title='bbox 2411 2642 2705 2713; x_wconf 74' lang='grc' dir='ltr'>ἐπίκρυψίν</span> <span class='ocrx_word' id='word_1_415' title='bbox 2732 2659 2785 2695; x_wconf 87' lang='grc' dir='ltr'><strong>τι</strong></span> <span class='ocrx_word' id='word_1_416' title='bbox 2815 2642 2993 2704; x_wconf 81' lang='grc' dir='ltr'>αὐτοῖς</span> <span class='ocrx_word' id='word_1_417' title='bbox 3013 2643 3271 2711; x_wconf 79' lang='grc' dir='ltr'>ὀνόμασιν</span> <span class='ocrx_word' id='word_1_418' title='bbox 3291 2640 3731 2712; x_wconf 65' lang='grc' dir='ltr'>ὑποκαθημένην,</span> 
     </span>
    </p>
   </div>
   <div class='ocr_carea' id='block_1_60' title="bbox 2152 2734 3730 2805">
    <p class='ocr_par' dir='ltr' id='par_1_60' title="bbox 2152 2734 3730 2805">
     <span class='ocr_line' id='line_1_61' title="bbox 2152 2734 3730 2805; baseline -0.003 -14"><span class='ocrx_word' id='word_1_419' title='bbox 2152 2735 2229 2799; x_wconf 82' lang='grc' dir='ltr'><strong>ὡς</strong></span> <span class='ocrx_word' id='word_1_420' title='bbox 2260 2735 2322 2791; x_wconf 81' lang='grc' dir='ltr'>τὸ</span> <span class='ocrx_word' id='word_1_421' title='bbox 2353 2734 2520 2797; x_wconf 73' lang='grc' dir='ltr'>εἰκός.</span> <span class='ocrx_word' id='word_1_422' title='bbox 2558 2734 2775 2805; x_wconf 78' lang='grc' dir='ltr'>Ὠσπερ</span> <span class='ocrx_word' id='word_1_423' title='bbox 2810 2735 2917 2805; x_wconf 83' lang='grc' dir='ltr'><strong>γάρ</strong></span> <span class='ocrx_word' id='word_1_424' title='bbox 2947 2736 2997 2789; x_wconf 81' lang='grc' dir='ltr'>οἱ</span> <span class='ocrx_word' id='word_1_425' title='bbox 3026 2734 3136 2789; x_wconf 84' lang='grc' dir='ltr'><strong>τῶν</strong></span> <span class='ocrx_word' id='word_1_426' title='bbox 3173 2735 3444 2804; x_wconf 86' lang='grc' dir='ltr'>βασιλέων</span> <span class='ocrx_word' id='word_1_427' title='bbox 3483 2734 3730 2805; x_wconf 82' lang='grc' dir='ltr'>θάλαμοι,</span> 
     </span>
    </p>
   </div>
   <div class='ocr_carea' id='block_1_61' title="bbox 2154 2822 3730 2899">
    <p class='ocr_par' dir='ltr' id='par_1_61' title="bbox 2154 2822 3730 2899">
     <span class='ocr_line' id='line_1_62' title="bbox 2154 2822 3730 2899; baseline -0.003 -16"><span class='ocrx_word' id='word_1_428' title='bbox 2154 2822 2250 2884; x_wconf 79' lang='grc' dir='ltr'>κάὶ</span> <span class='ocrx_word' id='word_1_429' title='bbox 2277 2828 2451 2883; x_wconf 83' lang='grc' dir='ltr'>ὁπόσα</span> <span class='ocrx_word' id='word_1_430' title='bbox 2492 2827 2802 2899; x_wconf 80' lang='grc' dir='ltr'>ἀνθρώποις</span> <span class='ocrx_word' id='word_1_431' title='bbox 2837 2826 2961 2898; x_wconf 86' lang='grc' dir='ltr'>ίερά</span> <span class='ocrx_word' id='word_1_432' title='bbox 2991 2843 3052 2879; x_wconf 87' lang='grc' dir='ltr'><strong>τε</strong></span> <span class='ocrx_word' id='word_1_433' title='bbox 3078 2827 3174 2880; x_wconf 59' lang='grc' dir='ltr'><strong>καί⁷</strong></span> <span class='ocrx_word' id='word_1_434' title='bbox 3197 2826 3385 2897; x_wconf 65' lang='grc' dir='ltr'>τίμα,</span> <span class='ocrx_word' id='word_1_435' title='bbox 3415 2827 3521 2881; x_wconf 81' lang='grc' dir='ltr'>ὑπὸ</span> <span class='ocrx_word' id='word_1_436' title='bbox 3562 2842 3730 2896; x_wconf 83' lang='grc' dir='ltr'>παρα-</span> 
     </span>
    </p>
   </div>
   <div class='ocr_carea' id='block_1_62' title="bbox 2152 2919 3735 2993">
    <p class='ocr_par' dir='ltr' id='par_1_62' title="bbox 2152 2919 3735 2993">
     <span class='ocr_line' id='line_1_63' title="bbox 2152 2919 3735 2993; baseline -0.001 -16"><span class='ocrx_word' id='word_1_437' title='bbox 2152 2923 2503 2993; x_wconf 79' lang='grc' dir='ltr'>πετάσμασιν</span> <span class='ocrx_word' id='word_1_438' title='bbox 2536 2920 2670 2974; x_wconf 83' lang='grc' dir='ltr'>άλλα</span> <span class='ocrx_word' id='word_1_439' title='bbox 2706 2920 2889 2984; x_wconf 80' lang='grc' dir='ltr'>ἄλλοις</span> <span class='ocrx_word' id='word_1_440' title='bbox 2921 2919 3309 2985; x_wconf 83' lang='grc' dir='ltr'>καλύπτονται,</span> <span class='ocrx_word' id='word_1_441' title='bbox 3344 2922 3437 2975; x_wconf 79' lang='grc' dir='ltr'>ἵνα</span> <span class='ocrx_word' id='word_1_442' title='bbox 3476 2923 3613 2992; x_wconf 79' lang='grc' dir='ltr'>μήτε</span> <span class='ocrx_word' id='word_1_443' title='bbox 3645 2920 3735 2990; x_wconf 78' lang='grc' dir='ltr'><strong>δή·</strong></span> 
     </span>
    </p>
   </div>
   <div class='ocr_carea' id='block_1_63' title="bbox 2154 3012 3732 3089">
    <p class='ocr_par' dir='ltr' id='par_1_63' title="bbox 2154 3012 3732 3089">
     <span class='ocr_line' id='line_1_64' title="bbox 2154 3012 3732 3089; baseline -0.004 -18"><span class='ocrx_word' id='word_1_444' title='bbox 2154 3035 2275 3089; x_wconf 84' lang='grc' dir='ltr'>μοις</span> <span class='ocrx_word' id='word_1_445' title='bbox 2298 3016 2537 3080; x_wconf 80' lang='grc' dir='ltr'>ἀνοσίοις</span> <span class='ocrx_word' id='word_1_446' title='bbox 2561 3012 2899 3087; x_wconf 87' lang='grc' dir='ltr'>προκείμενα</span> <span class='ocrx_word' id='word_1_447' title='bbox 2930 3012 3350 3085; x_wconf 75' lang='grc' dir='ltr'>κιϐδηλεύηται,</span> <span class='ocrx_word' id='word_1_448' title='bbox 3395 3015 3537 3086; x_wconf 82' lang='grc' dir='ltr'>μήτε</span> <span class='ocrx_word' id='word_1_449' title='bbox 3581 3028 3732 3083; x_wconf 89' lang='grc' dir='ltr'>περι-</span> 
     </span>
    </p>
   </div>
   <div class='ocr_carea' id='block_1_64' title="bbox 470 3096 2052 3194">
    <p class='ocr_par' dir='ltr' id='par_1_64' title="bbox 470 3096 2045 3173">
     <span class='ocr_line' id='line_1_65' title="bbox 470 3096 2045 3173; baseline 0.006 -24"><span class='ocrx_word' id='word_1_450' title='bbox 470 3096 625 3161; x_wconf 91' lang='lat' dir='ltr'><strong>dum,</strong></span> <span class='ocrx_word' id='word_1_451' title='bbox 656 3097 732 3166; x_wconf 81' lang='lat' dir='ltr'><strong>uti</strong></span> <span class='ocrx_word' id='word_1_452' title='bbox 761 3098 977 3163; x_wconf 88' lang='lat' dir='ltr'><strong>deceat,</strong></span> <span class='ocrx_word' id='word_1_453' title='bbox 1008 3106 1066 3153; x_wconf 92' lang='lat' dir='ltr'><strong>et</strong></span> <span class='ocrx_word' id='word_1_454' title='bbox 1088 3100 1339 3169; x_wconf 90' lang='lat' dir='ltr'><strong>personis</strong></span> <span class='ocrx_word' id='word_1_455' title='bbox 1364 3109 1531 3170; x_wconf 87' lang='lat' dir='ltr'><strong>atque</strong></span> <span class='ocrx_word' id='word_1_456' title='bbox 1557 3102 1896 3173; x_wconf 88' lang='lat' dir='ltr'><strong>temporibus</strong></span> <span class='ocrx_word' id='word_1_457' title='bbox 1920 3111 2045 3173; x_wconf 86' lang='lat' dir='ltr'><strong>apte</strong></span> 
     </span>
    </p>
   </div>
   <div class='ocr_carea' id='block_1_65' title="bbox 2152 3096 3733 3194">
    <p class='ocr_par' dir='ltr' id='par_1_65' title="bbox 2153 3107 3733 3183">
     <span class='ocr_line' id='line_1_66' title="bbox 2153 3107 3733 3183; baseline -0.005 -16"><span class='ocrx_word' id='word_1_458' title='bbox 2153 3110 2422 3183; x_wconf 74' lang='grc' dir='ltr'>φρονῆται</span> <span class='ocrx_word' id='word_1_459' title='bbox 2466 3109 2554 3162; x_wconf 82' lang='grc' dir='ltr'><strong>διὰ</strong></span> <span class='ocrx_word' id='word_1_460' title='bbox 2584 3109 2647 3163; x_wconf 83' lang='grc' dir='ltr'>τὸ</span> <span class='ocrx_word' id='word_1_461' title='bbox 2675 3109 2777 3178; x_wconf 81' lang='grc' dir='ltr'>τῆς</span> <span class='ocrx_word' id='word_1_462' title='bbox 2819 3108 3179 3178; x_wconf 73' lang='grc' dir='ltr'>καταλήψεως</span> <span class='ocrx_word' id='word_1_463' title='bbox 3221 3109 3522 3179; x_wconf 79' lang='grc' dir='ltr'>πρόχειρόν</span> <span class='ocrx_word' id='word_1_464' title='bbox 3552 3126 3611 3161; x_wconf 83' lang='grc' dir='ltr'><strong>τε</strong></span> <span class='ocrx_word' id='word_1_465' title='bbox 3644 3107 3733 3161; x_wconf 79' lang='grc' dir='ltr'>καὶ</span> 
     </span>
    </p>
   </div>
   <div class='ocr_carea' id='block_1_66' title="bbox 470 3187 2046 3263">
    <p class='ocr_par' dir='ltr' id='par_1_66' title="bbox 470 3187 2046 3263">
     <span class='ocr_line' id='line_1_67' title="bbox 470 3187 2046 3263; baseline 0.005 -20"><span class='ocrx_word' id='word_1_466' title='bbox 470 3187 974 3259; x_wconf 86' lang='lat' dir='ltr'><strong>convenienterque</strong></span> <span class='ocrx_word' id='word_1_467' title='bbox 999 3192 1522 3247; x_wconf 82' lang='lat' dir='ltr'><strong>accommodandum</strong></span> <span class='ocrx_word' id='word_1_468' title='bbox 1562 3204 1616 3249; x_wconf 89' lang='lat' dir='ltr'><strong>ct</strong></span> <span class='ocrx_word' id='word_1_469' title='bbox 1639 3194 2046 3263; x_wconf 83' lang='lat' dir='ltr'><strong>applicandum.</strong></span> 
     </span>
    </p>
   </div>
   <div class='ocr_carea' id='block_1_67' title="bbox 470 3275 2047 3352">
    <p class='ocr_par' dir='ltr' id='par_1_67' title="bbox 470 3275 2047 3352">
     <span class='ocr_line' id='line_1_68' title="bbox 470 3275 2047 3352; baseline 0.004 -20"><span class='ocrx_word' id='word_1_470' title='bbox 470 3275 570 3332; x_wconf 87' lang='lat' dir='ltr'><strong>Est</strong></span> <span class='ocrx_word' id='word_1_471' title='bbox 611 3285 671 3331; x_wconf 88' lang='lat' dir='ltr'><strong>et</strong></span> <span class='ocrx_word' id='word_1_472' title='bbox 699 3276 999 3348; x_wconf 84' lang='lat' dir='ltr'><strong>Gregorius</strong></span> <span class='ocrx_word' id='word_1_473' title='bbox 1033 3279 1346 3350; x_wconf 77' lang='lat' dir='ltr'><strong>Tbeologus</strong></span> <span class='ocrx_word' id='word_1_474' title='bbox 1393 3290 1611 3346; x_wconf 78' lang='lat' dir='ltr'><strong>auctor,</strong></span> <span class='ocrx_word' id='word_1_475' title='bbox 1649 3281 1915 3352; x_wconf 88' lang='lat' dir='ltr'><strong>quosdam</strong></span> <span class='ocrx_word' id='word_1_476' title='bbox 1956 3299 2047 3340; x_wconf 87' lang='lat' dir='ltr'><strong>res</strong></span> 
     </span>
    </p>
   </div>
   <div class='ocr_carea' id='block_1_68' title="bbox 471 3371 2045 3429">
    <p class='ocr_par' dir='ltr' id='par_1_68' title="bbox 471 3371 2045 3429">
     <span class='ocr_line' id='line_1_69' title="bbox 471 3371 2045 3429; baseline 0.003 -5"><span class='ocrx_word' id='word_1_477' title='bbox 471 3385 596 3424; x_wconf 89' lang='lat' dir='ltr'><strong>cum</strong></span> <span class='ocrx_word' id='word_1_478' title='bbox 630 3371 912 3425; x_wconf 82' lang='lat' dir='ltr'><strong>vocabulis</strong></span> <span class='ocrx_word' id='word_1_479' title='bbox 946 3374 1260 3427; x_wconf 87' lang='lat' dir='ltr'><strong>consentire</strong></span> <span class='ocrx_word' id='word_1_480' title='bbox 1300 3386 1403 3427; x_wconf 84' lang='lat' dir='ltr'><strong>nec</strong></span> <span class='ocrx_word' id='word_1_481' title='bbox 1441 3372 1709 3428; x_wconf 77' lang='lat' dir='ltr'><strong>minutius</strong></span> <span class='ocrx_word' id='word_1_482' title='bbox 1748 3373 1922 3429; x_wconf 87' lang='lat' dir='ltr'><strong>dividi</strong></span> <span class='ocrx_word' id='word_1_483' title='bbox 1958 3390 2045 3429; x_wconf 88' lang='lat' dir='ltr'><strong>ar-</strong></span> 
     </span>
    </p>
   </div>
   <div class='ocr_carea' id='block_1_69' title="bbox 470 3463 2047 3536">
    <p class='ocr_par' dir='ltr' id='par_1_69' title="bbox 470 3463 2047 3536">
     <span class='ocr_line' id='line_1_70' title="bbox 470 3463 2047 3536; baseline 0.003 -19"><span class='ocrx_word' id='word_1_484' title='bbox 470 3463 706 3517; x_wconf 87' lang='lat' dir='ltr'><strong>bitratos</strong></span> <span class='ocrx_word' id='word_1_485' title='bbox 754 3464 1048 3533; x_wconf 89' lang='lat' dir='ltr'><strong>opiniones</strong></span> <span class='ocrx_word' id='word_1_486' title='bbox 1097 3465 1298 3521; x_wconf 88' lang='lat' dir='ltr'><strong>divinis</strong></span> <span class='ocrx_word' id='word_1_487' title='bbox 1339 3464 1507 3520; x_wconf 87' lang='lat' dir='ltr'><strong>rebus</strong></span> <span class='ocrx_word' id='word_1_488' title='bbox 1560 3465 1815 3536; x_wconf 80' lang='lat' dir='ltr'><strong>indignas</strong></span> <span class='ocrx_word' id='word_1_489' title='bbox 1859 3467 2047 3522; x_wconf 89' lang='lat' dir='ltr'><strong>animo</strong></span> 
     </span>
    </p>
   </div>
   <div class='ocr_carea' id='block_1_70' title="bbox 470 3557 2049 3627">
    <p class='ocr_par' dir='ltr' id='par_1_70' title="bbox 470 3557 2049 3627">
     <span class='ocr_line' id='line_1_71' title="bbox 470 3557 2049 3627; baseline 0.004 -17"><span class='ocrx_word' id='word_1_490' title='bbox 470 3557 812 3626; x_wconf 82' lang='lat' dir='ltr'><strong>concepisse.</strong></span> <span class='ocrx_word' id='word_1_491' title='bbox 849 3557 1005 3627; x_wconf 80' lang='lat'><strong>511</strong></span> <span class='ocrx_word' id='word_1_492' title='bbox 1043 3559 1179 3611; x_wconf 85' lang='lat' dir='ltr'><strong>Cum</strong></span> <span class='ocrx_word' id='word_1_493' title='bbox 1209 3558 1375 3627; x_wconf 82' lang='lat' dir='ltr'><strong>igitur</strong></span> <span class='ocrx_word' id='word_1_494' title='bbox 1402 3566 1550 3612; x_wconf 87' lang='lat' dir='ltr'><strong>tanta</strong></span> <span class='ocrx_word' id='word_1_495' title='bbox 1612 3557 1685 3613; x_wconf 91' lang='lat' dir='ltr'><strong>sit</strong></span> <span class='ocrx_word' id='word_1_496' title='bbox 1743 3560 1811 3612; x_wconf 91' lang='lat' dir='ltr'><strong>de</strong></span> <span class='ocrx_word' id='word_1_497' title='bbox 1861 3558 2049 3616; x_wconf 82' lang='lat' dir='ltr'><strong>verbis</strong></span> 
     </span>
    </p>
   </div>
   <div class='ocr_carea' id='block_1_71' title="bbox 469 3650 2046 3720">
    <p class='ocr_par' dir='ltr' id='par_1_71' title="bbox 469 3650 2046 3720">
     <span class='ocr_line' id='line_1_72' title="bbox 469 3650 2046 3720; baseline 0.001 -15"><span class='ocrx_word' id='word_1_498' title='bbox 469 3656 527 3705; x_wconf 82' lang='lat' dir='ltr'><strong>et</strong></span> <span class='ocrx_word' id='word_1_499' title='bbox 584 3650 903 3705; x_wconf 89' lang='lat' dir='ltr'><strong>nominibus</strong></span> <span class='ocrx_word' id='word_1_500' title='bbox 954 3650 1228 3707; x_wconf 75' lang='lat' dir='ltr'><strong>dissensio</strong></span> <span class='ocrx_word' id='word_1_501' title='bbox 1261 3690 1276 3716; x_wconf 94' lang='lat'><strong>,</strong></span> <span class='ocrx_word' id='word_1_502' title='bbox 1328 3659 1617 3718; x_wconf 83' lang='lat' dir='ltr'><strong>propterea</strong></span> <span class='ocrx_word' id='word_1_503' title='bbox 1663 3651 1810 3720; x_wconf 91' lang='lat' dir='ltr'><strong>quod</strong></span> <span class='ocrx_word' id='word_1_504' title='bbox 1854 3652 2046 3707; x_wconf 88' lang='lat' dir='ltr'><strong>eadem</strong></span> 
     </span>
    </p>
   </div>
   <div class='ocr_carea' id='block_1_72' title="bbox 473 3741 2051 3813">
    <p class='ocr_par' dir='ltr' id='par_1_72' title="bbox 473 3741 2051 3813">
     <span class='ocr_line' id='line_1_73' title="bbox 473 3741 2051 3813; baseline 0.002 -17"><span class='ocrx_word' id='word_1_505' title='bbox 473 3743 694 3797; x_wconf 90' lang='lat' dir='ltr'><strong>nomina</strong></span> <span class='ocrx_word' id='word_1_506' title='bbox 751 3753 983 3813; x_wconf 86' lang='lat' dir='ltr'><strong>possunt</strong></span> <span class='ocrx_word' id='word_1_507' title='bbox 1057 3745 1221 3797; x_wconf 87' lang='lat' dir='ltr'><strong>rebus</strong></span> <span class='ocrx_word' id='word_1_508' title='bbox 1267 3741 1503 3796; x_wconf 90' lang='lat' dir='ltr'><strong>diversis</strong></span> <span class='ocrx_word' id='word_1_509' title='bbox 1573 3743 1896 3811; x_wconf 85' lang='lat' dir='ltr'><strong>convenire,</strong></span> <span class='ocrx_word' id='word_1_510' title='bbox 1960 3754 2051 3799; x_wconf 81' lang='lat' dir='ltr'><strong>at-</strong></span> 
     </span>
    </p>
   </div>
   <div class='ocr_carea' id='block_1_73' title="bbox 471 3834 2048 3906">
    <p class='ocr_par' dir='ltr' id='par_1_73' title="bbox 471 3834 2048 3906">
     <span class='ocr_line' id='line_1_74' title="bbox 471 3834 2048 3906; baseline 0.003 -15"><span class='ocrx_word' id='word_1_511' title='bbox 471 3852 579 3906; x_wconf 84' lang='lat' dir='ltr'><strong>que</strong></span> <span class='ocrx_word' id='word_1_512' title='bbox 605 3836 765 3891; x_wconf 87' lang='lat' dir='ltr'><strong>aliter</strong></span> <span class='ocrx_word' id='word_1_513' title='bbox 816 3838 871 3890; x_wconf 92' lang='lat' dir='ltr'><strong>in</strong></span> <span class='ocrx_word' id='word_1_514' title='bbox 903 3836 1018 3890; x_wconf 85' lang='lat' dir='ltr'><strong>Deo</strong></span> <span class='ocrx_word' id='word_1_515' title='bbox 1065 3834 1423 3905; x_wconf 80' lang='lat' dir='ltr'><strong>intelligenda</strong></span> <span class='ocrx_word' id='word_1_516' title='bbox 1465 3847 1619 3903; x_wconf 91' lang='lat' dir='ltr'><strong>sunt,</strong></span> <span class='ocrx_word' id='word_1_517' title='bbox 1665 3837 1824 3891; x_wconf 87' lang='lat' dir='ltr'><strong>aliter</strong></span> <span class='ocrx_word' id='word_1_518' title='bbox 1853 3838 1907 3892; x_wconf 89' lang='lat' dir='ltr'><strong>in</strong></span> <span class='ocrx_word' id='word_1_519' title='bbox 1942 3838 2048 3896; x_wconf 82' lang='lat' dir='ltr'><strong>hac</strong></span> 
     </span>
    </p>
   </div>
   <div class='ocr_carea' id='block_1_74' title="bbox 473 3929 2050 4002">
    <p class='ocr_par' dir='ltr' id='par_1_74' title="bbox 473 3929 2050 4002">
     <span class='ocr_line' id='line_1_75' title="bbox 473 3929 2050 4002; baseline 0.003 -19"><span class='ocrx_word' id='word_1_520' title='bbox 473 3942 592 3983; x_wconf 84' lang='lat' dir='ltr'><strong>orta</strong></span> <span class='ocrx_word' id='word_1_521' title='bbox 617 3939 673 3984; x_wconf 90' lang='lat' dir='ltr'><strong>et</strong></span> <span class='ocrx_word' id='word_1_522' title='bbox 704 3929 946 3999; x_wconf 84' lang='lat' dir='ltr'><strong>peritura</strong></span> <span class='ocrx_word' id='word_1_523' title='bbox 974 3938 1168 3982; x_wconf 86' lang='lat' dir='ltr'><strong>natura</strong></span> <span class='ocrx_word' id='word_1_524' title='bbox 1193 3946 1204 3980; x_wconf 90' lang='lat'>:</span> <span class='ocrx_word' id='word_1_525' title='bbox 1241 3929 1366 3998; x_wconf 91' lang='lat' dir='ltr'><strong>quis</strong></span> <span class='ocrx_word' id='word_1_526' title='bbox 1398 3929 1513 3985; x_wconf 67' lang='lat' dir='ltr'><strong>haec</strong></span> <span class='ocrx_word' id='word_1_527' title='bbox 1543 3945 1640 4000; x_wconf 89' lang='lat' dir='ltr'><strong>pro</strong></span> <span class='ocrx_word' id='word_1_528' title='bbox 1662 3930 1931 4002; x_wconf 79' lang='lat' dir='ltr'><strong>dignitate</strong></span> <span class='ocrx_word' id='word_1_529' title='bbox 1954 3947 2050 3987; x_wconf 81' lang='lat' dir='ltr'><strong>ex-</strong></span> 
     </span>
    </p>
   </div>
   <div class='ocr_carea' id='block_1_75' title="bbox 473 4017 2049 4094">
    <p class='ocr_par' dir='ltr' id='par_1_75' title="bbox 473 4017 2049 4094">
     <span class='ocr_line' id='line_1_76' title="bbox 473 4017 2049 4094; baseline 0.006 -23"><span class='ocrx_word' id='word_1_530' title='bbox 473 4020 734 4089; x_wconf 80' lang='lat' dir='ltr'><strong>plicabit?</strong></span> <span class='ocrx_word' id='word_1_531' title='bbox 788 4017 924 4072; x_wconf 81' lang='lat' dir='ltr'><strong>Nam</strong></span> <span class='ocrx_word' id='word_1_532' title='bbox 979 4020 1024 4073; x_wconf 87' lang='lat' dir='ltr'><strong>si</strong></span> <span class='ocrx_word' id='word_1_533' title='bbox 1085 4032 1307 4073; x_wconf 83' lang='lat' dir='ltr'><strong>sanctos</strong></span> <span class='ocrx_word' id='word_1_534' title='bbox 1365 4021 1489 4076; x_wconf 90' lang='lat' dir='ltr'><strong>illos</strong></span> <span class='ocrx_word' id='word_1_535' title='bbox 1545 4022 1755 4088; x_wconf 83' lang='lat' dir='ltr'><strong>Patres,</strong></span> <span class='ocrx_word' id='word_1_536' title='bbox 1809 4023 2049 4094; x_wconf 85' lang='lat' dir='ltr'><strong>Spiritus</strong></span> 
     </span>
    </p>
   </div>
   <div class='ocr_carea' id='block_1_76' title="bbox 471 4111 2048 4185">
    <p class='ocr_par' dir='ltr' id='par_1_76' title="bbox 471 4111 2048 4185">
     <span class='ocr_line' id='line_1_77' title="bbox 471 4111 2048 4185; baseline 0.003 -19"><span class='ocrx_word' id='word_1_537' title='bbox 471 4111 647 4167; x_wconf 87' lang='lat' dir='ltr'><strong>sancti</strong></span> <span class='ocrx_word' id='word_1_538' title='bbox 697 4111 1090 4175; x_wconf 83' lang='lat' dir='ltr'><strong>instrumenta,</strong></span> <span class='ocrx_word' id='word_1_539' title='bbox 1149 4111 1245 4182; x_wconf 86' lang='lat' dir='ltr'><strong>qui</strong></span> <span class='ocrx_word' id='word_1_540' title='bbox 1301 4114 1454 4167; x_wconf 88' lang='lat' dir='ltr'><strong>omni</strong></span> <span class='ocrx_word' id='word_1_541' title='bbox 1495 4112 1731 4169; x_wconf 90' lang='lat' dir='ltr'><strong>bumana</strong></span> <span class='ocrx_word' id='word_1_542' title='bbox 1780 4115 2048 4185; x_wconf 89' lang='lat' dir='ltr'><strong>sapientia</strong></span> 
     </span>
    </p>
   </div>
   <div class='ocr_carea' id='block_1_77' title="bbox 472 4204 2058 4277">
    <p class='ocr_par' dir='ltr' id='par_1_77' title="bbox 472 4204 2058 4277">
     <span class='ocr_line' id='line_1_78' title="bbox 472 4204 2058 4277; baseline 0.004 -21"><span class='ocrx_word' id='word_1_543' title='bbox 472 4211 701 4257; x_wconf 78' lang='lat' dir='ltr'><strong>caeteros</strong></span> <span class='ocrx_word' id='word_1_544' title='bbox 749 4218 946 4258; x_wconf 90' lang='lat' dir='ltr'><strong>omnes</strong></span> <span class='ocrx_word' id='word_1_545' title='bbox 981 4204 1325 4274; x_wconf 82' lang='lat' dir='ltr'><strong>supergressi</strong></span> <span class='ocrx_word' id='word_1_546' title='bbox 1376 4216 1527 4271; x_wconf 90' lang='lat' dir='ltr'><strong>sunt,</strong></span> <span class='ocrx_word' id='word_1_547' title='bbox 1563 4207 1608 4261; x_wconf 92' lang='lat' dir='ltr'><strong>si</strong></span> <span class='ocrx_word' id='word_1_548' title='bbox 1656 4222 1789 4277; x_wconf 80' lang='lat' dir='ltr'><strong>ergo</strong></span> <span class='ocrx_word' id='word_1_549' title='bbox 1826 4208 1951 4263; x_wconf 89' lang='lat' dir='ltr'><strong>illos</strong></span> <span class='ocrx_word' id='word_1_550' title='bbox 1991 4209 2058 4270; x_wconf 58' lang='lat' dir='ltr'><strong>in.</strong></span> 
     </span>
    </p>
   </div>
   <div class='ocr_carea' id='block_1_78' title="bbox 471 4294 2079 4367">
    <p class='ocr_par' dir='ltr' id='par_1_78' title="bbox 471 4294 2079 4367">
     <span class='ocr_line' id='line_1_79' title="bbox 471 4294 2079 4367; baseline 0.004 -20"><span class='ocrx_word' id='word_1_551' title='bbox 471 4308 752 4348; x_wconf 88' lang='lat' dir='ltr'><strong>sacrarum</strong></span> <span class='ocrx_word' id='word_1_552' title='bbox 780 4294 1188 4364; x_wconf 86' lang='lat' dir='ltr'><strong>Scripturarum</strong></span> <span class='ocrx_word' id='word_1_553' title='bbox 1209 4297 1653 4352; x_wconf 85' lang='lat' dir='ltr'><strong>enarrationibus</strong></span> <span class='ocrx_word' id='word_1_554' title='bbox 1673 4311 2050 4367; x_wconf 63' lang='lat' dir='ltr'><strong>saepenumero</strong></span> <span class='ocrx_word' id='word_1_555' title='bbox 2073 4357 2079 4363; x_wconf 59' lang='grc'><strong>,</strong></span> 
     </span>
    </p>
   </div>
   <div class='ocr_carea' id='block_1_79' title="bbox 473 4383 2050 4456">
    <p class='ocr_par' dir='ltr' id='par_1_79' title="bbox 473 4383 2050 4456">
     <span class='ocr_line' id='line_1_80' title="bbox 473 4383 2050 4456; baseline 0.001 -18"><span class='ocrx_word' id='word_1_556' title='bbox 473 4383 770 4439; x_wconf 86' lang='lat' dir='ltr'><strong>dissentire</strong></span> <span class='ocrx_word' id='word_1_557' title='bbox 798 4383 1072 4452; x_wconf 85' lang='lat' dir='ltr'><strong>videmus,</strong></span> <span class='ocrx_word' id='word_1_558' title='bbox 1112 4395 1171 4441; x_wconf 89' lang='lat' dir='ltr'><strong>et</strong></span> <span class='ocrx_word' id='word_1_559' title='bbox 1199 4385 1314 4441; x_wconf 87' lang='lat' dir='ltr'><strong>fere</strong></span> <span class='ocrx_word' id='word_1_560' title='bbox 1344 4390 1620 4440; x_wconf 89' lang='lat' dir='ltr'><strong>contraria</strong></span> <span class='ocrx_word' id='word_1_561' title='bbox 1660 4384 1882 4444; x_wconf 61' lang='grc' dir='ltr'>δῦθι-το,</span> <span class='ocrx_word' id='word_1_562' title='bbox 1915 4400 2050 4456; x_wconf 89' lang='lat' dir='ltr'><strong>pro-</strong></span> 
     </span>
    </p>
   </div>
   <div class='ocr_carea' id='block_1_80' title="bbox 472 4475 2049 4547">
    <p class='ocr_par' dir='ltr' id='par_1_80' title="bbox 472 4475 2049 4547">
     <span class='ocr_line' id='line_1_81' title="bbox 472 4475 2049 4547; baseline 0.002 -18"><span class='ocrx_word' id='word_1_563' title='bbox 472 4486 594 4546; x_wconf 90' lang='lat' dir='ltr'><strong>pter</strong></span> <span class='ocrx_word' id='word_1_564' title='bbox 621 4477 1019 4533; x_wconf 90' lang='lat' dir='ltr'><strong>obscuritatem</strong></span> <span class='ocrx_word' id='word_1_565' title='bbox 1046 4480 1351 4547; x_wconf 81' lang='lat' dir='ltr'><strong>ingentem,</strong></span> <span class='ocrx_word' id='word_1_566' title='bbox 1382 4491 1492 4546; x_wconf 90' lang='lat' dir='ltr'><strong>qua</strong></span> <span class='ocrx_word' id='word_1_567' title='bbox 1523 4475 1731 4529; x_wconf 66' lang='lat' dir='ltr'><strong>divinae</strong></span> <span class='ocrx_word' id='word_1_568' title='bbox 1760 4477 2049 4533; x_wconf 65' lang='lat' dir='ltr'><strong>sententiae</strong></span> 
     </span>
    </p>
   </div>
   <div class='ocr_carea' id='block_1_81' title="bbox 473 4566 2051 4636">
    <p class='ocr_par' dir='ltr' id='par_1_81' title="bbox 473 4566 2051 4636">
     <span class='ocr_line' id='line_1_82' title="bbox 473 4566 2051 4636; baseline 0.003 -16"><span class='ocrx_word' id='word_1_569' title='bbox 473 4578 528 4621; x_wconf 86' lang='lat' dir='ltr'><strong>et</strong></span> <span class='ocrx_word' id='word_1_570' title='bbox 556 4567 785 4623; x_wconf 87' lang='lat' dir='ltr'><strong>altiores</strong></span> <span class='ocrx_word' id='word_1_571' title='bbox 823 4582 1020 4623; x_wconf 89' lang='lat' dir='ltr'><strong>sensus</strong></span> <span class='ocrx_word' id='word_1_572' title='bbox 1067 4568 1239 4623; x_wconf 88' lang='lat' dir='ltr'><strong>veluti</strong></span> <span class='ocrx_word' id='word_1_573' title='bbox 1276 4568 1452 4622; x_wconf 85' lang='lat' dir='ltr'><strong>ﬁrmis</strong></span> <span class='ocrx_word' id='word_1_574' title='bbox 1489 4575 1655 4636; x_wconf 85' lang='lat' dir='ltr'><strong>atque</strong></span> <span class='ocrx_word' id='word_1_575' title='bbox 1683 4566 2051 4624; x_wconf 85' lang='lat' dir='ltr'><strong>adamantinis</strong></span> 
     </span>
    </p>
   </div>
   <div class='ocr_carea' id='block_1_82' title="bbox 471 4658 2050 4728">
    <p class='ocr_par' dir='ltr' id='par_1_82' title="bbox 471 4658 2050 4728">
     <span class='ocr_line' id='line_1_83' title="bbox 471 4658 2050 4728; baseline 0.003 -15"><span class='ocrx_word' id='word_1_576' title='bbox 471 4660 765 4714; x_wconf 86' lang='lat' dir='ltr'><strong>vestibulis</strong></span> <span class='ocrx_word' id='word_1_577' title='bbox 797 4660 1167 4715; x_wconf 85' lang='lat' dir='ltr'><strong>muniuntur:</strong></span> <span class='ocrx_word' id='word_1_578' title='bbox 1201 4658 1334 4727; x_wconf 91' lang='lat' dir='ltr'><strong>quid</strong></span> <span class='ocrx_word' id='word_1_579' title='bbox 1359 4658 1502 4713; x_wconf 88' lang='lat' dir='ltr'><strong>alius</strong></span> <span class='ocrx_word' id='word_1_580' title='bbox 1524 4658 1725 4728; x_wconf 87' lang='lat' dir='ltr'><strong>aliquis</strong></span> <span class='ocrx_word' id='word_1_581' title='bbox 1744 4658 1914 4725; x_wconf 87' lang='lat' dir='ltr'><strong>dicat,</strong></span> <span class='ocrx_word' id='word_1_582' title='bbox 1943 4674 2050 4717; x_wconf 88' lang='lat' dir='ltr'><strong>nec</strong></span> 
     </span>
    </p>
   </div>
   <div class='ocr_carea' id='block_1_83' title="bbox 473 4748 2047 4823">
    <p class='ocr_par' dir='ltr' id='par_1_83' title="bbox 473 4748 2047 4823">
     <span class='ocr_line' id='line_1_84' title="bbox 473 4748 2047 4823; baseline 0.003 -20"><span class='ocrx_word' id='word_1_583' title='bbox 473 4750 711 4806; x_wconf 88' lang='lat' dir='ltr'><strong>humana</strong></span> <span class='ocrx_word' id='word_1_584' title='bbox 740 4751 1011 4821; x_wconf 88' lang='lat' dir='ltr'><strong>sapientia</strong></span> <span class='ocrx_word' id='word_1_585' title='bbox 1046 4764 1172 4804; x_wconf 91' lang='lat' dir='ltr'><strong>cum</strong></span> <span class='ocrx_word' id='word_1_586' title='bbox 1227 4748 1336 4803; x_wconf 87' lang='lat' dir='ltr'><strong>illis</strong></span> <span class='ocrx_word' id='word_1_587' title='bbox 1360 4748 1749 4816; x_wconf 83' lang='lat' dir='ltr'><strong>conferendus,</strong></span> <span class='ocrx_word' id='word_1_588' title='bbox 1790 4752 2047 4823; x_wconf 81' lang='lat' dir='ltr'><strong>idemque</strong></span> 
     </span>
    </p>
   </div>
   <div class='ocr_carea' id='block_1_84' title="bbox 472 4841 2052 4914">
    <p class='ocr_par' dir='ltr' id='par_1_84' title="bbox 472 4841 2052 4914">
     <span class='ocr_line' id='line_1_85' title="bbox 472 4841 2052 4914; baseline 0.001 -17"><span class='ocrx_word' id='word_1_589' title='bbox 472 4845 658 4914; x_wconf 85' lang='lat' dir='ltr'><strong>pravis</strong></span> <span class='ocrx_word' id='word_1_590' title='bbox 709 4843 1001 4899; x_wconf 80' lang='lat' dir='ltr'><strong>affectibus</strong></span> <span class='ocrx_word' id='word_1_591' title='bbox 1046 4841 1343 4905; x_wconf 83' lang='lat' dir='ltr'><strong>obnoxius,</strong></span> <span class='ocrx_word' id='word_1_592' title='bbox 1397 4849 1454 4897; x_wconf 90' lang='lat' dir='ltr'><strong>et</strong></span> <span class='ocrx_word' id='word_1_593' title='bbox 1502 4856 1825 4913; x_wconf 86' lang='lat' dir='ltr'><strong>corpoream</strong></span> <span class='ocrx_word' id='word_1_594' title='bbox 1870 4845 2052 4901; x_wconf 89' lang='lat' dir='ltr'><strong>labem</strong></span> 
     </span>
    </p>
   </div>
   <div class='ocr_carea' id='block_1_85' title="bbox 475 4933 2049 5005">
    <p class='ocr_par' dir='ltr' id='par_1_85' title="bbox 475 4933 2049 5005">
     <span class='ocr_line' id='line_1_86' title="bbox 475 4933 2049 5005; baseline 0.004 -19"><span class='ocrx_word' id='word_1_595' title='bbox 475 4943 625 4989; x_wconf 78' lang='lat' dir='ltr'><strong>totus</strong></span> <span class='ocrx_word' id='word_1_596' title='bbox 665 4934 966 4989; x_wconf 86' lang='lat' dir='ltr'><strong>redolens?</strong></span> <span class='ocrx_word' id='word_1_597' title='bbox 1010 4933 1148 4989; x_wconf 86' lang='lat' dir='ltr'><strong>Ecce</strong></span> <span class='ocrx_word' id='word_1_598' title='bbox 1201 4933 1349 4989; x_wconf 89' lang='lat' dir='ltr'><strong>enim</strong></span> <span class='ocrx_word' id='word_1_599' title='bbox 1401 4935 1485 5003; x_wconf 90' lang='lat' dir='ltr'><strong>(ut</strong></span> <span class='ocrx_word' id='word_1_600' title='bbox 1519 4937 1783 5005; x_wconf 89' lang='lat' dir='ltr'><strong>pleraque</strong></span> <span class='ocrx_word' id='word_1_601' title='bbox 1828 4936 2049 4994; x_wconf 88' lang='lat' dir='ltr'><strong>silentio</strong></span> 
     </span>
    </p>
   </div>
   <div class='ocr_carea' id='block_1_86' title="bbox 474 5025 2049 5100">
    <p class='ocr_par' dir='ltr' id='par_1_86' title="bbox 474 5025 2049 5100">
     <span class='ocr_line' id='line_1_87' title="bbox 474 5025 2049 5100; baseline 0.004 -21"><span class='ocrx_word' id='word_1_602' title='bbox 474 5026 838 5092; x_wconf 79' lang='lat' dir='ltr'><strong>dissimulem)</strong></span> <span class='ocrx_word' id='word_1_603' title='bbox 867 5025 1028 5079; x_wconf 83' lang='lat' dir='ltr'><strong>illud:</strong></span> <span class='ocrx_word' id='word_1_604' title='bbox 1067 5042 1086 5076; x_wconf 77' lang='grc' dir='ltr'><strong>ι</strong></span> <span class='ocrx_word' id='word_1_605' title='bbox 1116 5025 1381 5083; x_wconf 90' lang='lat' dir='ltr'><strong>Dominus</strong></span> <span class='ocrx_word' id='word_1_606' title='bbox 1412 5026 1626 5083; x_wconf 89' lang='lat' dir='ltr'><strong>creavit</strong></span> <span class='ocrx_word' id='word_1_607' title='bbox 1654 5042 1741 5083; x_wconf 88' lang='lat' dir='ltr'><strong>me</strong></span> <span class='ocrx_word' id='word_1_608' title='bbox 1774 5030 2049 5100; x_wconf 83' lang='lat' dir='ltr'><strong>principio</strong></span> 
     </span>
    </p>
   </div>
   <div class='ocr_carea' id='block_1_87' title="bbox 472 5116 2050 5189">
    <p class='ocr_par' dir='ltr' id='par_1_87' title="bbox 472 5116 2050 5189">
     <span class='ocr_line' id='line_1_88' title="bbox 472 5116 2050 5189; baseline 0.005 -19"><span class='ocrx_word' id='word_1_609' title='bbox 472 5118 616 5170; x_wconf 88' lang='lat' dir='ltr'><strong>viam</strong></span> <span class='ocrx_word' id='word_1_610' title='bbox 671 5117 886 5183; x_wconf 82' lang='lat' dir='ltr'><strong>snam&#39;,</strong></span> <span class='ocrx_word' id='word_1_611' title='bbox 932 5134 950 5167; x_wconf 77' lang='grc' dir='ltr'><strong>ι</strong></span> <span class='ocrx_word' id='word_1_612' title='bbox 990 5116 1210 5173; x_wconf 85' lang='lat' dir='ltr'><strong>divinus</strong></span> <span class='ocrx_word' id='word_1_613' title='bbox 1246 5118 1337 5173; x_wconf 89' lang='lat' dir='ltr'><strong>ille</strong></span> <span class='ocrx_word' id='word_1_614' title='bbox 1367 5128 1423 5174; x_wconf 89' lang='lat' dir='ltr'><strong>et</strong></span> <span class='ocrx_word' id='word_1_615' title='bbox 1452 5134 1684 5189; x_wconf 78' lang='lat' dir='ltr'><strong>magnus</strong></span> <span class='ocrx_word' id='word_1_616' title='bbox 1722 5120 1956 5176; x_wconf 85' lang='lat' dir='ltr'><strong>Basilius</strong></span> <span class='ocrx_word' id='word_1_617' title='bbox 1982 5123 2050 5177; x_wconf 86' lang='lat' dir='ltr'><strong>de</strong></span> 
     </span>
    </p>
   </div>
   <div class='ocr_carea' id='block_1_88' title="bbox 472 5208 2048 5282">
    <p class='ocr_par' dir='ltr' id='par_1_88' title="bbox 472 5208 2048 5282">
     <span class='ocr_line' id='line_1_89' title="bbox 472 5208 2048 5282; baseline 0.004 -19"><span class='ocrx_word' id='word_1_618' title='bbox 472 5223 535 5263; x_wconf 88' lang='lat' dir='ltr'><strong>ea</strong></span> <span class='ocrx_word' id='word_1_619' title='bbox 574 5208 865 5278; x_wconf 83' lang='lat' dir='ltr'><strong>sapientia,</strong></span> <span class='ocrx_word' id='word_1_620' title='bbox 906 5226 1030 5281; x_wconf 66' lang='lat' dir='ltr'><strong>qua:</strong></span> <span class='ocrx_word' id='word_1_621' title='bbox 1065 5210 1121 5265; x_wconf 91' lang='lat' dir='ltr'><strong>in</strong></span> <span class='ocrx_word' id='word_1_622' title='bbox 1151 5213 1357 5267; x_wconf 90' lang='lat' dir='ltr'><strong>mundo</strong></span> <span class='ocrx_word' id='word_1_623' title='bbox 1392 5222 1642 5282; x_wconf 86' lang='lat' dir='ltr'><strong>apparet,</strong></span> <span class='ocrx_word' id='word_1_624' title='bbox 1680 5213 1891 5269; x_wconf 90' lang='lat' dir='ltr'><strong>dictum</strong></span> <span class='ocrx_word' id='word_1_625' title='bbox 1926 5229 2048 5271; x_wconf 89' lang='lat' dir='ltr'><strong>esse</strong></span> 
     </span>
    </p>
   </div>
   <div class='ocr_carea' id='block_1_89' title="bbox 545 5336 1516 5406">
    <p class='ocr_par' dir='ltr' id='par_1_89' title="bbox 545 5336 1516 5406">
     <span class='ocr_line' id='line_1_90' title="bbox 545 5336 1516 5406; baseline 0.001 -14"><span class='ocrx_word' id='word_1_626' title='bbox 545 5339 563 5371; x_wconf 75' lang='grc' dir='ltr'><strong><em>ι</em></strong></span> <span class='ocrx_word' id='word_1_627' title='bbox 587 5336 712 5393; x_wconf 83' lang='lat' dir='ltr'><strong>Job.</strong></span> <span class='ocrx_word' id='word_1_628' title='bbox 743 5353 877 5400; x_wconf 79' lang='lat' dir='ltr'><strong>mi.</strong></span> <span class='ocrx_word' id='word_1_629' title='bbox 911 5339 1000 5393; x_wconf 70' lang='grc'><strong>14.</strong></span> <span class='ocrx_word' id='word_1_630' title='bbox 1077 5340 1097 5371; x_wconf 83' lang='grc'>³</span> <span class='ocrx_word' id='word_1_631' title='bbox 1130 5338 1292 5395; x_wconf 86' lang='lat' dir='ltr'><strong>Prov.</strong></span> <span class='ocrx_word' id='word_1_632' title='bbox 1325 5357 1400 5406; x_wconf 78' lang='lat' dir='ltr'><strong>ix,</strong></span> <span class='ocrx_word' id='word_1_633' title='bbox 1426 5340 1516 5393; x_wconf 74' lang='lat'><strong>‘22.</strong></span> 
     </span>
    </p>
   </div>
   <div class='ocr_carea' id='block_1_90' title="bbox 2149 3199 3733 3272">
    <p class='ocr_par' dir='ltr' id='par_1_90' title="bbox 2149 3199 3733 3272">
     <span class='ocr_line' id='line_1_91' title="bbox 2149 3199 3733 3272; baseline -0.003 -14"><span class='ocrx_word' id='word_1_634' title='bbox 2149 3205 2375 3266; x_wconf 73' lang='grc' dir='ltr'>ἄπονον,</span> <span class='ocrx_word' id='word_1_635' title='bbox 2418 3199 2563 3255; x_wconf 84' lang='grc' dir='ltr'>οὑτω</span> <span class='ocrx_word' id='word_1_636' title='bbox 2599 3200 2665 3272; x_wconf 81' lang='grc' dir='ltr'><strong>δὴ</strong></span> <span class='ocrx_word' id='word_1_637' title='bbox 2696 3201 2793 3255; x_wconf 79' lang='grc' dir='ltr'>καὶ</span> <span class='ocrx_word' id='word_1_638' title='bbox 2819 3202 2888 3254; x_wconf 63' lang='grc' dir='ltr'>τὰ</span> <span class='ocrx_word' id='word_1_639' title='bbox 2925 3200 3150 3254; x_wconf 84' lang='grc' dir='ltr'>πλείστα</span> <span class='ocrx_word' id='word_1_640' title='bbox 3202 3200 3298 3270; x_wconf 84' lang='grc' dir='ltr'>τῆς</span> <span class='ocrx_word' id='word_1_641' title='bbox 3329 3199 3487 3264; x_wconf 83' lang='grc' dir='ltr'>θείας</span> <span class='ocrx_word' id='word_1_642' title='bbox 3520 3199 3733 3270; x_wconf 78' lang='grc' dir='ltr'>Γραφῆς</span> 
     </span>
    </p>
   </div>
   <div class='ocr_carea' id='block_1_91' title="bbox 2149 3289 3730 3366">
    <p class='ocr_par' dir='ltr' id='par_1_91' title="bbox 2149 3289 3730 3366">
     <span class='ocr_line' id='line_1_92' title="bbox 2149 3289 3730 3366; baseline -0.004 -16"><span class='ocrx_word' id='word_1_643' title='bbox 2149 3298 2243 3350; x_wconf 62' lang='grc' dir='ltr'><strong>καὶ⁸</strong></span> <span class='ocrx_word' id='word_1_644' title='bbox 2287 3296 2524 3366; x_wconf 88' lang='grc' dir='ltr'>μάλιστα</span> <span class='ocrx_word' id='word_1_645' title='bbox 2558 3289 2639 3359; x_wconf 77' lang='grc' dir='ltr'><strong>οἷς</strong></span> <span class='ocrx_word' id='word_1_646' title='bbox 2689 3293 2944 3366; x_wconf 85' lang='grc' dir='ltr'>μυστικοί</span> <span class='ocrx_word' id='word_1_647' title='bbox 2973 3309 3121 3356; x_wconf 87' lang='grc' dir='ltr'>τινες</span> <span class='ocrx_word' id='word_1_648' title='bbox 3152 3293 3521 3364; x_wconf 85' lang='grc' dir='ltr'>ὑφεδρεύουσι</span> <span class='ocrx_word' id='word_1_649' title='bbox 3554 3292 3730 3361; x_wconf 85' lang='grc' dir='ltr'>λόγοι,</span> 
     </span>
    </p>
   </div>
   <div class='ocr_carea' id='block_1_92' title="bbox 2149 3382 3735 3459">
    <p class='ocr_par' dir='ltr' id='par_1_92' title="bbox 2149 3382 3735 3459">
     <span class='ocr_line' id='line_1_93' title="bbox 2149 3382 3735 3459; baseline -0.004 -17"><span class='ocrx_word' id='word_1_650' title='bbox 2149 3388 2398 3459; x_wconf 88' lang='grc' dir='ltr'>καθάπερ</span> <span class='ocrx_word' id='word_1_651' title='bbox 2420 3388 2525 3442; x_wconf 85' lang='grc' dir='ltr'>ὑπὸ</span> <span class='ocrx_word' id='word_1_652' title='bbox 2545 3387 3019 3458; x_wconf 83' lang='grc' dir='ltr'>παραπετάσμασι</span> <span class='ocrx_word' id='word_1_653' title='bbox 3037 3385 3413 3440; x_wconf 82' lang='grc' dir='ltr'>καλύπτονται</span> <span class='ocrx_word' id='word_1_654' title='bbox 3436 3386 3545 3449; x_wconf 75' lang='grc' dir='ltr'>τοῖς</span> <span class='ocrx_word' id='word_1_655' title='bbox 3567 3382 3735 3438; x_wconf 76' lang='grc' dir='ltr'>τοιούο</span> 
     </span>
    </p>
   </div>
   <div class='ocr_carea' id='block_1_93' title="bbox 2147 3474 3734 3552">
    <p class='ocr_par' dir='ltr' id='par_1_93' title="bbox 2147 3474 3734 3552">
     <span class='ocr_line' id='line_1_94' title="bbox 2147 3474 3734 3552; baseline -0.006 -17"><span class='ocrx_word' id='word_1_656' title='bbox 2147 3498 2261 3545; x_wconf 89' lang='grc' dir='ltr'>τοις</span> <span class='ocrx_word' id='word_1_657' title='bbox 2285 3481 2568 3552; x_wconf 82' lang='grc' dir='ltr'>ὀνόμασιν,</span> <span class='ocrx_word' id='word_1_658' title='bbox 2595 3481 2694 3533; x_wconf 85' lang='grc' dir='ltr'>ὅσα</span> <span class='ocrx_word' id='word_1_659' title='bbox 2716 3478 2885 3534; x_wconf 81' lang='grc' dir='ltr'>πολὺν</span> <span class='ocrx_word' id='word_1_660' title='bbox 2915 3478 3008 3531; x_wconf 79' lang='grc' dir='ltr'><strong>τὸν</strong></span> <span class='ocrx_word' id='word_1_661' title='bbox 3032 3477 3232 3546; x_wconf 82' lang='grc' dir='ltr'>γνόφον</span> <span class='ocrx_word' id='word_1_662' title='bbox 3261 3477 3621 3548; x_wconf 84' lang='grc' dir='ltr'>ἐπισύρονται</span> <span class='ocrx_word' id='word_1_663' title='bbox 3645 3474 3734 3527; x_wconf 70' lang='grc' dir='ltr'>καὶ</span> 
     </span>
    </p>
   </div>
   <div class='ocr_carea' id='block_1_94' title="bbox 2152 3566 3732 3642">
    <p class='ocr_par' dir='ltr' id='par_1_94' title="bbox 2152 3566 3732 3642">
     <span class='ocr_line' id='line_1_95' title="bbox 2152 3566 3732 3642; baseline -0.006 -15"><span class='ocrx_word' id='word_1_664' title='bbox 2152 3573 2346 3636; x_wconf 84' lang='grc' dir='ltr'>σκότος</span> <span class='ocrx_word' id='word_1_665' title='bbox 2373 3572 2701 3642; x_wconf 80' lang='grc' dir='ltr'>άποκρυφὴν</span> <span class='ocrx_word' id='word_1_666' title='bbox 2729 3569 2940 3625; x_wconf 83' lang='grc' dir='ltr'>ἑαυτῶν</span> <span class='ocrx_word' id='word_1_667' title='bbox 2959 3569 3201 3624; x_wconf 82' lang='grc' dir='ltr'>τίθενται</span> <span class='ocrx_word' id='word_1_668' title='bbox 3223 3568 3317 3620; x_wconf 79' lang='grc' dir='ltr'><strong>καὶ</strong></span> <span class='ocrx_word' id='word_1_669' title='bbox 3343 3568 3532 3640; x_wconf 83' lang='grc' dir='ltr'>κύκλῳ</span> <span class='ocrx_word' id='word_1_670' title='bbox 3558 3566 3732 3624; x_wconf 75' lang='grc' dir='ltr'>αὐτῶν</span> 
     </span>
    </p>
   </div>
   <div class='ocr_carea' id='block_1_95' title="bbox 2151 3658 3734 3735">
    <p class='ocr_par' dir='ltr' id='par_1_95' title="bbox 2151 3658 3734 3735">
     <span class='ocr_line' id='line_1_96' title="bbox 2151 3658 3734 3735; baseline -0.004 -17"><span class='ocrx_word' id='word_1_671' title='bbox 2151 3665 2254 3735; x_wconf 83' lang='grc' dir='ltr'>τὴν</span> <span class='ocrx_word' id='word_1_672' title='bbox 2288 3666 2495 3735; x_wconf 82' lang='grc' dir='ltr'>σκηνὴν</span> <span class='ocrx_word' id='word_1_673' title='bbox 2534 3663 2740 3718; x_wconf 84' lang='grc' dir='ltr'>αὑτῶν.</span> <span class='ocrx_word' id='word_1_674' title='bbox 2780 3661 3128 3734; x_wconf 82' lang='grc' dir='ltr'>Εὑρίσκομεν</span> <span class='ocrx_word' id='word_1_675' title='bbox 3165 3660 3225 3714; x_wconf 80' lang='grc' dir='ltr'><strong>δέ</strong></span> <span class='ocrx_word' id='word_1_676' title='bbox 3261 3660 3357 3714; x_wconf 76' lang='grc' dir='ltr'><strong>καὶ</strong></span> <span class='ocrx_word' id='word_1_677' title='bbox 3392 3661 3520 3723; x_wconf 87' lang='grc' dir='ltr'>τοὺς</span> <span class='ocrx_word' id='word_1_678' title='bbox 3561 3658 3734 3720; x_wconf 87' lang='grc' dir='ltr'>θείους</span> 
     </span>
    </p>
   </div>
   <div class='ocr_carea' id='block_1_96' title="bbox 2148 3747 3734 3825">
    <p class='ocr_par' dir='ltr' id='par_1_96' title="bbox 2148 3747 3734 3825">
     <span class='ocr_line' id='line_1_97' title="bbox 2148 3747 3734 3825; baseline -0.006 -15"><span class='ocrx_word' id='word_1_679' title='bbox 2148 3755 2425 3825; x_wconf 81' lang='grc' dir='ltr'>Πατέρας,</span> <span class='ocrx_word' id='word_1_680' title='bbox 2450 3754 2732 3808; x_wconf 87' lang='grc' dir='ltr'>Βασίλειόν</span> <span class='ocrx_word' id='word_1_681' title='bbox 2757 3770 2903 3824; x_wconf 74' lang='grc' dir='ltr'>φημι</span> <span class='ocrx_word' id='word_1_682' title='bbox 2919 3753 3014 3806; x_wconf 75' lang='grc' dir='ltr'>καὶ</span> <span class='ocrx_word' id='word_1_683' title='bbox 3038 3752 3460 3822; x_wconf 83' lang='grc' dir='ltr'>Χρυσόστομον,</span> <span class='ocrx_word' id='word_1_684' title='bbox 3487 3747 3734 3815; x_wconf 72' lang='grc' dir='ltr'>Μάξιμόν</span> 
     </span>
    </p>
   </div>
   <div class='ocr_carea' id='block_1_97' title="bbox 2147 3842 3733 3921">
    <p class='ocr_par' dir='ltr' id='par_1_97' title="bbox 2147 3842 3733 3921">
     <span class='ocr_line' id='line_1_98' title="bbox 2147 3842 3733 3921; baseline -0.008 -15"><span class='ocrx_word' id='word_1_685' title='bbox 2147 3870 2206 3905; x_wconf 85' lang='grc' dir='ltr'><strong>τε</strong></span> <span class='ocrx_word' id='word_1_686' title='bbox 2228 3852 2323 3906; x_wconf 75' lang='grc' dir='ltr'>καὶ</span> <span class='ocrx_word' id='word_1_687' title='bbox 2360 3849 2653 3921; x_wconf 84' lang='grc' dir='ltr'>Κύριλλον,</span> <span class='ocrx_word' id='word_1_688' title='bbox 2679 3846 3178 3919; x_wconf 78' lang='grc' dir='ltr'>παραγγέλλοντας,</span> <span class='ocrx_word' id='word_1_689' title='bbox 3229 3845 3306 3916; x_wconf 79' lang='grc' dir='ltr'>μὴ</span> <span class='ocrx_word' id='word_1_690' title='bbox 3336 3846 3441 3898; x_wconf 81' lang='grc' dir='ltr'>ὅσα</span> <span class='ocrx_word' id='word_1_691' title='bbox 3476 3844 3585 3897; x_wconf 82' lang='grc' dir='ltr'>τῶν</span> <span class='ocrx_word' id='word_1_692' title='bbox 3620 3842 3733 3894; x_wconf 87' lang='grc' dir='ltr'>ὀνο-</span> 
     </span>
    </p>
   </div>
   <div class='ocr_carea' id='block_1_98' title="bbox 2152 3930 3732 4013">
    <p class='ocr_par' dir='ltr' id='par_1_98' title="bbox 2152 3930 3732 4013">
     <span class='ocr_line' id='line_1_99' title="bbox 2152 3930 3732 4013; baseline -0.007 -19"><span class='ocrx_word' id='word_1_693' title='bbox 2152 3943 2362 4011; x_wconf 83' lang='grc' dir='ltr'>μάτων,</span> <span class='ocrx_word' id='word_1_694' title='bbox 2420 3938 2541 4009; x_wconf 87' lang='grc' dir='ltr'>μηδ’</span> <span class='ocrx_word' id='word_1_695' title='bbox 2572 3938 2630 3989; x_wconf 82' lang='grc' dir='ltr'><strong>ἐν</strong></span> <span class='ocrx_word' id='word_1_696' title='bbox 2668 3939 2814 3999; x_wconf 81' lang='grc' dir='ltr'>ὅσοις</span> <span class='ocrx_word' id='word_1_697' title='bbox 2852 3932 3232 4013; x_wconf 75' lang='grc' dir='ltr'>ὑποκειμένοις</span> <span class='ocrx_word' id='word_1_698' title='bbox 3273 3932 3471 4003; x_wconf 78' lang='grc' dir='ltr'>ἠχοῦσι</span> <span class='ocrx_word' id='word_1_699' title='bbox 3522 3930 3732 3994; x_wconf 77' lang='grc' dir='ltr'>ταυτὸν,</span> 
     </span>
    </p>
   </div>
   <div class='ocr_carea' id='block_1_99' title="bbox 2150 4023 3731 4100">
    <p class='ocr_par' dir='ltr' id='par_1_99' title="bbox 2150 4023 3731 4100">
     <span class='ocr_line' id='line_1_100' title="bbox 2150 4023 3731 4100; baseline -0.008 -16"><span class='ocrx_word' id='word_1_700' title='bbox 2150 4031 2246 4085; x_wconf 80' lang='grc' dir='ltr'>καὶ</span> <span class='ocrx_word' id='word_1_701' title='bbox 2275 4031 2418 4084; x_wconf 76' lang='grc' dir='ltr'>κατὰ</span> <span class='ocrx_word' id='word_1_702' title='bbox 2446 4029 2649 4100; x_wconf 80' lang='grc' dir='ltr'>τρόπον</span> <span class='ocrx_word' id='word_1_703' title='bbox 2684 4029 2845 4091; x_wconf 76' lang='grc' dir='ltr'>εὐθὺς</span> <span class='ocrx_word' id='word_1_704' title='bbox 2870 4028 3237 4097; x_wconf 76' lang='grc' dir='ltr'>ἐκλαμϐάνειν</span> <span class='ocrx_word' id='word_1_705' title='bbox 3266 4025 3406 4096; x_wconf 77' lang='grc' dir='ltr'>ὁμοῦ</span> <span class='ocrx_word' id='word_1_706' title='bbox 3438 4025 3529 4079; x_wconf 84' lang='grc' dir='ltr'>τὸν</span> <span class='ocrx_word' id='word_1_707' title='bbox 3554 4023 3731 4087; x_wconf 66' lang='grc' dir='ltr'>αὑτὸν,</span> 
     </span>
    </p>
   </div>
   <div class='ocr_carea' id='block_1_100' title="bbox 2154 4111 3732 4195">
    <p class='ocr_par' dir='ltr' id='par_1_100' title="bbox 2154 4111 3732 4195">
     <span class='ocr_line' id='line_1_101' title="bbox 2154 4111 3732 4195; baseline -0.009 -18"><span class='ocrx_word' id='word_1_708' title='bbox 2154 4123 2290 4195; x_wconf 86' lang='grc' dir='ltr'><strong>μηδέ</strong></span> <span class='ocrx_word' id='word_1_709' title='bbox 2318 4125 2441 4185; x_wconf 85' lang='grc' dir='ltr'>ταῖς</span> <span class='ocrx_word' id='word_1_710' title='bbox 2471 4120 2654 4185; x_wconf 78' lang='grc' dir='ltr'>λέξεσι</span> <span class='ocrx_word' id='word_1_711' title='bbox 2686 4120 2977 4192; x_wconf 81' lang='grc' dir='ltr'>προσέχειν</span> <span class='ocrx_word' id='word_1_712' title='bbox 3009 4117 3269 4183; x_wconf 81' lang='grc' dir='ltr'>καθάπαξ</span> <span class='ocrx_word' id='word_1_713' title='bbox 3299 4119 3395 4171; x_wconf 81' lang='grc' dir='ltr'>τὸν</span> <span class='ocrx_word' id='word_1_714' title='bbox 3426 4116 3574 4182; x_wconf 78' lang='grc' dir='ltr'>νοῦν,</span> <span class='ocrx_word' id='word_1_715' title='bbox 3602 4111 3732 4169; x_wconf 79' lang='grc' dir='ltr'>ἀλλὰ</span> 
     </span>
    </p>
   </div>
   <div class='ocr_carea' id='block_1_101' title="bbox 2149 4207 3731 4285">
    <p class='ocr_par' dir='ltr' id='par_1_101' title="bbox 2149 4207 3731 4285">
     <span class='ocr_line' id='line_1_102' title="bbox 2149 4207 3731 4285; baseline -0.006 -15"><span class='ocrx_word' id='word_1_716' title='bbox 2149 4218 2270 4279; x_wconf 78' lang='grc' dir='ltr'>ταῖς</span> <span class='ocrx_word' id='word_1_717' title='bbox 2311 4216 2408 4278; x_wconf 86' lang='grc' dir='ltr'><strong>τῆς</strong></span> <span class='ocrx_word' id='word_1_718' title='bbox 2447 4214 2819 4285; x_wconf 83' lang='grc' dir='ltr'>ὑποκειμένης</span> <span class='ocrx_word' id='word_1_719' title='bbox 2861 4212 3174 4275; x_wconf 78' lang='grc' dir='ltr'>ὑποθέσεως</span> <span class='ocrx_word' id='word_1_720' title='bbox 3218 4212 3457 4273; x_wconf 77' lang='grc' dir='ltr'>ἐννοίαις</span> <span class='ocrx_word' id='word_1_721' title='bbox 3505 4211 3598 4264; x_wconf 76' lang='grc' dir='ltr'>καὶ</span> <span class='ocrx_word' id='word_1_722' title='bbox 3644 4207 3731 4261; x_wconf 72' lang='grc' dir='ltr'><strong>τὸν</strong></span> 
     </span>
    </p>
   </div>
   <div class='ocr_carea' id='block_1_102' title="bbox 2153 4295 3730 4372">
    <p class='ocr_par' dir='ltr' id='par_1_102' title="bbox 2153 4295 3730 4372">
     <span class='ocr_line' id='line_1_103' title="bbox 2153 4295 3730 4372; baseline -0.008 -16"><span class='ocrx_word' id='word_1_723' title='bbox 2153 4301 2355 4356; x_wconf 78' lang='grc' dir='ltr'>σκοπὸν</span> <span class='ocrx_word' id='word_1_724' title='bbox 2377 4300 2514 4372; x_wconf 83' lang='grc' dir='ltr'>ὁμοῦ</span> <span class='ocrx_word' id='word_1_725' title='bbox 2536 4302 2635 4354; x_wconf 73' lang='grc' dir='ltr'>καὶ</span> <span class='ocrx_word' id='word_1_726' title='bbox 2662 4300 2762 4369; x_wconf 85' lang='grc' dir='ltr'>τὴν</span> <span class='ocrx_word' id='word_1_727' title='bbox 2784 4298 3049 4370; x_wconf 84' lang='grc' dir='ltr'>πρόθεσιν</span> <span class='ocrx_word' id='word_1_728' title='bbox 3074 4299 3169 4368; x_wconf 82' lang='grc' dir='ltr'>τῆς</span> <span class='ocrx_word' id='word_1_729' title='bbox 3198 4297 3583 4368; x_wconf 82' lang='grc' dir='ltr'>μελετωμένης</span> <span class='ocrx_word' id='word_1_730' title='bbox 3600 4295 3730 4363; x_wconf 80' lang='grc' dir='ltr'>Γρα-</span> 
     </span>
    </p>
   </div>
   <div class='ocr_carea' id='block_1_103' title="bbox 2154 4388 3732 4466">
    <p class='ocr_par' dir='ltr' id='par_1_103' title="bbox 2154 4388 3732 4466">
     <span class='ocr_line' id='line_1_104' title="bbox 2154 4388 3732 4466; baseline -0.008 -18"><span class='ocrx_word' id='word_1_731' title='bbox 2154 4395 2262 4466; x_wconf 83' lang='grc' dir='ltr'>φῆς</span> <span class='ocrx_word' id='word_1_732' title='bbox 2292 4392 2593 4462; x_wconf 76' lang='grc' dir='ltr'>ἐξετάζειν,</span> <span class='ocrx_word' id='word_1_733' title='bbox 2629 4391 2704 4456; x_wconf 86' lang='grc' dir='ltr'>ὼς</span> <span class='ocrx_word' id='word_1_734' title='bbox 2734 4393 2795 4445; x_wconf 84' lang='grc' dir='ltr'>τὸ</span> <span class='ocrx_word' id='word_1_735' title='bbox 2822 4391 2990 4455; x_wconf 73' lang='grc' dir='ltr'>εἰκὸς,</span> <span class='ocrx_word' id='word_1_736' title='bbox 3021 4389 3105 4456; x_wconf 78' lang='grc' dir='ltr'>[Ρ.</span> <span class='ocrx_word' id='word_1_737' title='bbox 3141 4388 3269 4462; x_wconf 74' lang='grc'><strong>515]</strong></span> <span class='ocrx_word' id='word_1_738' title='bbox 3303 4390 3400 4442; x_wconf 76' lang='grc' dir='ltr'>καὶ</span> <span class='ocrx_word' id='word_1_739' title='bbox 3431 4390 3541 4452; x_wconf 81' lang='grc' dir='ltr'>τοῖς</span> <span class='ocrx_word' id='word_1_740' title='bbox 3572 4401 3732 4457; x_wconf 83' lang='grc' dir='ltr'>προσ-</span> 
     </span>
    </p>
   </div>
   <div class='ocr_carea' id='block_1_104' title="bbox 2073 4470 3731 4567">
    <p class='ocr_par' dir='ltr' id='par_1_104' title="bbox 2073 4470 3731 4567">
     <span class='ocr_line' id='line_1_105' title="bbox 2073 4470 3731 4567; baseline -0.007 -25"><span class='ocrx_word' id='word_1_741' title='bbox 2073 4505 2129 4567; x_wconf 81' lang='lat' dir='ltr'><strong>D</strong></span> <span class='ocrx_word' id='word_1_742' title='bbox 2152 4487 2322 4552; x_wconf 85' lang='grc' dir='ltr'>ὡποις</span> <span class='ocrx_word' id='word_1_743' title='bbox 2366 4488 2461 4542; x_wconf 72' lang='grc' dir='ltr'>καὶ</span> <span class='ocrx_word' id='word_1_744' title='bbox 2509 4488 2625 4550; x_wconf 86' lang='grc' dir='ltr'>τοῖς</span> <span class='ocrx_word' id='word_1_745' title='bbox 2673 4486 2884 4554; x_wconf 86' lang='grc' dir='ltr'>καιροῖς</span> <span class='ocrx_word' id='word_1_746' title='bbox 2930 4470 3207 4551; x_wconf 75' lang='grc' dir='ltr'>ἀναλόγως</span> <span class='ocrx_word' id='word_1_747' title='bbox 3246 4484 3340 4538; x_wconf 81' lang='grc' dir='ltr'>καὶ</span> <span class='ocrx_word' id='word_1_748' title='bbox 3388 4481 3731 4552; x_wconf 82' lang='grc' dir='ltr'>καταλλήλως</span> 
     </span>
    </p>
   </div>
   <div class='ocr_carea' id='block_1_105' title="bbox 2149 4573 3730 4649">
    <p class='ocr_par' dir='ltr' id='par_1_105' title="bbox 2149 4573 3730 4649">
     <span class='ocr_line' id='line_1_106' title="bbox 2149 4573 3730 4649; baseline -0.007 -16"><span class='ocrx_word' id='word_1_749' title='bbox 2149 4578 2484 4649; x_wconf 72' lang='grc' dir='ltr'>ἐφαρμόζειν</span> <span class='ocrx_word' id='word_1_750' title='bbox 2509 4579 2603 4630; x_wconf 75' lang='grc' dir='ltr'>καὶ</span> <span class='ocrx_word' id='word_1_751' title='bbox 2635 4577 3019 4645; x_wconf 75' lang='grc' dir='ltr'>συμϐιϐάζειν.</span> <span class='ocrx_word' id='word_1_752' title='bbox 3050 4576 3190 4646; x_wconf 75' lang='grc' dir='ltr'>Φησὶ</span> <span class='ocrx_word' id='word_1_753' title='bbox 3216 4575 3274 4629; x_wconf 80' lang='grc' dir='ltr'><strong>δὲ</strong></span> <span class='ocrx_word' id='word_1_754' title='bbox 3306 4573 3404 4628; x_wconf 82' lang='grc' dir='ltr'>καὶ</span> <span class='ocrx_word' id='word_1_755' title='bbox 3431 4575 3461 4626; x_wconf 84' lang='grc' dir='ltr'><strong>ό</strong></span> <span class='ocrx_word' id='word_1_756' title='bbox 3494 4573 3730 4639; x_wconf 72' lang='grc' dir='ltr'>θεολόγος</span> 
     </span>
    </p>
   </div>
   <div class='ocr_carea' id='block_1_106' title="bbox 2146 4661 3730 4743">
    <p class='ocr_par' dir='ltr' id='par_1_106' title="bbox 2146 4661 3730 4743">
     <span class='ocr_line' id='line_1_107' title="bbox 2146 4661 3730 4743; baseline -0.007 -18"><span class='ocrx_word' id='word_1_757' title='bbox 2146 4671 2450 4743; x_wconf 80' lang='grc' dir='ltr'>Γρηγόριος</span> <span class='ocrx_word' id='word_1_758' title='bbox 2498 4668 2635 4741; x_wconf 80' lang='grc'><strong>(85),</strong></span> <span class='ocrx_word' id='word_1_759' title='bbox 2671 4671 2756 4722; x_wconf 87' lang='grc' dir='ltr'>ὅτι</span> <span class='ocrx_word' id='word_1_760' title='bbox 2805 4672 2928 4731; x_wconf 80' lang='grc' dir='ltr'>ταῖς</span> <span class='ocrx_word' id='word_1_761' title='bbox 2980 4672 3379 4739; x_wconf 79' lang='grc' dir='ltr'>προσηγορίαις</span> <span class='ocrx_word' id='word_1_762' title='bbox 3421 4667 3565 4727; x_wconf 79' lang='grc' dir='ltr'>τινὲς</span> <span class='ocrx_word' id='word_1_763' title='bbox 3599 4661 3730 4732; x_wconf 81' lang='grc' dir='ltr'>ὁμοῦ</span> 
     </span>
    </p>
   </div>
   <div class='ocr_carea' id='block_1_107' title="bbox 2150 4752 3731 4831">
    <p class='ocr_par' dir='ltr' id='par_1_107' title="bbox 2150 4752 3731 4831">
     <span class='ocr_line' id='line_1_108' title="bbox 2150 4752 3731 4831; baseline -0.006 -17"><span class='ocrx_word' id='word_1_764' title='bbox 2150 4760 2245 4815; x_wconf 63' lang='grc' dir='ltr'><strong>καὶ⁸</strong></span> <span class='ocrx_word' id='word_1_765' title='bbox 2277 4758 2377 4831; x_wconf 79' lang='grc' dir='ltr'>τὴν</span> <span class='ocrx_word' id='word_1_766' title='bbox 2409 4759 2597 4813; x_wconf 89' lang='grc' dir='ltr'>οὑσίαν</span> <span class='ocrx_word' id='word_1_767' title='bbox 2634 4760 2974 4829; x_wconf 82' lang='grc' dir='ltr'>παχυμερῶς</span> <span class='ocrx_word' id='word_1_768' title='bbox 3014 4755 3442 4828; x_wconf 85' lang='grc' dir='ltr'>συνδιαιρεῖσθαι</span> <span class='ocrx_word' id='word_1_769' title='bbox 3482 4752 3731 4821; x_wconf 71' lang='grc' dir='ltr'>δοξάζον-</span> 
     </span>
    </p>
   </div>
   <div class='ocr_carea' id='block_1_108' title="bbox 2149 4846 3729 4915">
    <p class='ocr_par' dir='ltr' id='par_1_108' title="bbox 2149 4846 3729 4915">
     <span class='ocr_line' id='line_1_109' title="bbox 2149 4846 3729 4915; baseline -0.003 -10"><span class='ocrx_word' id='word_1_770' title='bbox 2149 4867 2241 4914; x_wconf 81' lang='grc' dir='ltr'><strong>τες</strong></span> <span class='ocrx_word' id='word_1_771' title='bbox 2264 4850 2458 4915; x_wconf 80' lang='grc' dir='ltr'>ἀνάξια</span> <span class='ocrx_word' id='word_1_772' title='bbox 2485 4850 2807 4903; x_wconf 85' lang='grc' dir='ltr'>παντάπασι</span> <span class='ocrx_word' id='word_1_773' title='bbox 2829 4850 2939 4903; x_wconf 84' lang='grc' dir='ltr'><strong>τῶν</strong></span> <span class='ocrx_word' id='word_1_774' title='bbox 2959 4848 3121 4901; x_wconf 84' lang='grc' dir='ltr'>θείων</span> <span class='ocrx_word' id='word_1_775' title='bbox 3138 4852 3252 4911; x_wconf 61' lang='grc' dir='ltr'>ταῖς</span> <span class='ocrx_word' id='word_1_776' title='bbox 3268 4849 3481 4902; x_wconf 74' lang='grc' dir='ltr'>ἑαυτῶν</span> <span class='ocrx_word' id='word_1_777' title='bbox 3501 4846 3729 4901; x_wconf 71' lang='grc' dir='ltr'>ἐννοίαις</span> 
     </span>
    </p>
   </div>
   <div class='ocr_carea' id='block_1_109' title="bbox 2152 4936 3728 5013">
    <p class='ocr_par' dir='ltr' id='par_1_109' title="bbox 2152 4936 3728 5013">
     <span class='ocr_line' id='line_1_110' title="bbox 2152 4936 3728 5013; baseline -0.006 -17"><span class='ocrx_word' id='word_1_778' title='bbox 2152 4942 2456 5008; x_wconf 75' lang='grc' dir='ltr'>δοξάζουσι.</span> <span class='ocrx_word' id='word_1_779' title='bbox 2480 4942 2764 5013; x_wconf 83' lang='grc' dir='ltr'>Τοσαύτης</span> <span class='ocrx_word' id='word_1_780' title='bbox 2783 4942 2963 4995; x_wconf 75' lang='grc' dir='ltr'>τοίνυν</span> <span class='ocrx_word' id='word_1_781' title='bbox 2978 4941 3326 5012; x_wconf 76' lang='grc' dir='ltr'>διχοστασίας</span> <span class='ocrx_word' id='word_1_782' title='bbox 3338 4944 3420 4994; x_wconf 76' lang='grc' dir='ltr'>ἐπ·</span> <span class='ocrx_word' id='word_1_783' title='bbox 3432 4936 3728 5011; x_wconf 78' lang='grc' dir='ltr'>χωριαζού-</span> 
     </span>
    </p>
   </div>
   <div class='ocr_carea' id='block_1_110' title="bbox 2156 5032 3743 5105">
    <p class='ocr_par' dir='ltr' id='par_1_110' title="bbox 2156 5032 3743 5105">
     <span class='ocr_line' id='line_1_111' title="bbox 2156 5032 3743 5105; baseline -0.013 -6"><span class='ocrx_word' id='word_1_784' title='bbox 2156 5050 2257 5104; x_wconf 85' lang='grc' dir='ltr'>σης</span> <span class='ocrx_word' id='word_1_785' title='bbox 2284 5035 2415 5105; x_wconf 78' lang='grc' dir='ltr'>περὶ</span> <span class='ocrx_word' id='word_1_786' title='bbox 2434 5035 2533 5098; x_wconf 84' lang='grc' dir='ltr'>τὰς</span> <span class='ocrx_word' id='word_1_787' title='bbox 2560 5032 2735 5099; x_wconf 80' lang='grc' dir='ltr'>λέξεις</span> <span class='ocrx_word' id='word_1_788' title='bbox 2761 5035 2858 5087; x_wconf 75' lang='grc' dir='ltr'>καὶ</span> <span class='ocrx_word' id='word_1_789' title='bbox 2885 5037 2956 5088; x_wconf 76' lang='grc' dir='ltr'>τὰ</span> <span class='ocrx_word' id='word_1_790' title='bbox 2985 5037 3250 5105; x_wconf 72' lang='grc' dir='ltr'>ὀνόματα,</span> <span class='ocrx_word' id='word_1_791' title='bbox 3280 5034 3370 5088; x_wconf 83' lang='grc' dir='ltr'><strong>διὰ</strong></span> <span class='ocrx_word' id='word_1_792' title='bbox 3397 5035 3491 5093; x_wconf 57' lang='grc' dir='ltr'>τὰς</span> <span class='ocrx_word' id='word_1_793' title='bbox 3518 5033 3743 5099; x_wconf 67' lang='grc' dir='ltr'>ὀμωνυυ-</span> 
     </span>
    </p>
   </div>
   <div class='ocr_carea' id='block_1_111' title="bbox 2118 5120 3729 5198">
    <p class='ocr_par' dir='ltr' id='par_1_111' title="bbox 2118 5120 3729 5198">
     <span class='ocr_line' id='line_1_112' title="bbox 2118 5120 3729 5198; baseline -0.005 -20"><span class='ocrx_word' id='word_1_794' title='bbox 2118 5190 2123 5193; x_wconf 16' lang='grc' dir='ltr'><strong>μ</strong></span> <span class='ocrx_word' id='word_1_795' title='bbox 2157 5126 2287 5196; x_wconf 88' lang='grc' dir='ltr'>μίας</span> <span class='ocrx_word' id='word_1_796' title='bbox 2316 5126 2425 5179; x_wconf 87' lang='grc' dir='ltr'>τῶν</span> <span class='ocrx_word' id='word_1_797' title='bbox 2468 5127 2848 5198; x_wconf 76' lang='grc' dir='ltr'>ὑποκειμένων</span> <span class='ocrx_word' id='word_1_798' title='bbox 2891 5129 3259 5198; x_wconf 86' lang='grc' dir='ltr'>πραγμάτων,</span> <span class='ocrx_word' id='word_1_799' title='bbox 3302 5125 3397 5179; x_wconf 74' lang='grc' dir='ltr'><strong>καὶ</strong></span> <span class='ocrx_word' id='word_1_800' title='bbox 3425 5124 3599 5185; x_wconf 83' lang='grc' dir='ltr'>ἄλλως</span> <span class='ocrx_word' id='word_1_801' title='bbox 3634 5120 3729 5191; x_wconf 81' lang='grc' dir='ltr'>μὲν</span> 
     </span>
    </p>
   </div>
   <div class='ocr_carea' id='block_1_112' title="bbox 2154 5210 3729 5289">
    <p class='ocr_par' dir='ltr' id='par_1_112' title="bbox 2154 5210 3729 5289">
     <span class='ocr_line' id='line_1_113' title="bbox 2154 5210 3729 5289; baseline -0.004 -20"><span class='ocrx_word' id='word_1_802' title='bbox 2154 5219 2247 5270; x_wconf 76' lang='grc' dir='ltr'>ἐπὶ</span> <span class='ocrx_word' id='word_1_803' title='bbox 2289 5217 2421 5272; x_wconf 80' lang='grc' dir='ltr'><strong>Θεοῦ</strong></span> <span class='ocrx_word' id='word_1_804' title='bbox 2456 5218 2837 5289; x_wconf 70' lang='grc' dir='ltr'>λαμϐάνεσθαι</span> <span class='ocrx_word' id='word_1_805' title='bbox 2879 5220 3206 5288; x_wconf 52' lang='grc' dir='ltr'>ὀφειλόντων</span> <span class='ocrx_word' id='word_1_806' title='bbox 3244 5220 3445 5284; x_wconf 74' lang='grc' dir='ltr'>αὐτῶν,</span> <span class='ocrx_word' id='word_1_807' title='bbox 3481 5211 3650 5275; x_wconf 78' lang='grc' dir='ltr'>ἄλλως</span> <span class='ocrx_word' id='word_1_808' title='bbox 3685 5210 3729 5263; x_wconf 81' lang='grc' dir='ltr'><strong>δ’</strong></span> 
     </span>
    </p>
   </div>
   <div class='ocr_carea' id='block_1_113' title="bbox 1835 5436 2393 5504">
    <p class='ocr_par' dir='ltr' id='par_1_113' title="bbox 1835 5436 2393 5504">
     <span class='ocr_line' id='line_1_114' title="bbox 1835 5436 2393 5504; baseline 0.009 -7"><span class='ocrx_word' id='word_1_809' title='bbox 1835 5436 2172 5500; x_wconf 70' lang='lat' dir='ltr'><strong>Variorum</strong></span> <span class='ocrx_word' id='word_1_810' title='bbox 2207 5450 2393 5504; x_wconf 68' lang='lat' dir='ltr'><strong>notio.</strong></span> 
     </span>
    </p>
   </div>
   <div class='ocr_carea' id='block_1_114' title="bbox 478 5560 2050 5635">
    <p class='ocr_par' dir='ltr' id='par_1_114' title="bbox 478 5560 2050 5635">
     <span class='ocr_line' id='line_1_115' title="bbox 478 5560 2050 5635; baseline 0.001 -20"><span class='ocrx_word' id='word_1_811' title='bbox 478 5560 699 5635; x_wconf 70' lang='grc' dir='ltr'>ἀγῶνας</span> <span class='ocrx_word' id='word_1_812' title='bbox 720 5561 1190 5635; x_wconf 78' lang='grc' dir='ltr'>παρεσκευάσθαι,</span> <span class='ocrx_word' id='word_1_813' title='bbox 1226 5560 1363 5631; x_wconf 81' lang='grc' dir='ltr'>μήτε</span> <span class='ocrx_word' id='word_1_814' title='bbox 1393 5562 1675 5632; x_wconf 81' lang='grc' dir='ltr'>δεινότητα</span> <span class='ocrx_word' id='word_1_815' title='bbox 1698 5562 2050 5635; x_wconf 63' lang='grc' dir='ltr'>διαλεκτικῆς</span> 
     </span>
    </p>
   </div>
   <div class='ocr_carea' id='block_1_115' title="bbox 480 5629 2051 5704">
    <p class='ocr_par' dir='ltr' id='par_1_115' title="bbox 480 5629 2051 5704">
     <span class='ocr_line' id='line_1_116' title="bbox 480 5629 2051 5704; baseline 0.001 -22"><span class='ocrx_word' id='word_1_816' title='bbox 480 5629 768 5704; x_wconf 74' lang='grc' dir='ltr'>ἀγχινοίας</span> <span class='ocrx_word' id='word_1_817' title='bbox 798 5634 882 5704; x_wconf 80' lang='grc' dir='ltr'><strong>είς</strong></span> <span class='ocrx_word' id='word_1_818' title='bbox 914 5634 1237 5704; x_wconf 81' lang='grc' dir='ltr'>συμμαχίαν</span> <span class='ocrx_word' id='word_1_819' title='bbox 1263 5629 1401 5704; x_wconf 67' lang='grc' dir='ltr'>κατὰ</span> <span class='ocrx_word' id='word_1_820' title='bbox 1430 5636 1541 5684; x_wconf 73' lang='grc' dir='ltr'>τῶν</span> <span class='ocrx_word' id='word_1_821' title='bbox 1572 5629 2051 5701; x_wconf 72' lang='grc' dir='ltr'>ἀντιτεταγμένων</span> 
     </span>
    </p>
   </div>
   <div class='ocr_carea' id='block_1_116' title="bbox 475 5700 2051 5775">
    <p class='ocr_par' dir='ltr' id='par_1_116' title="bbox 475 5700 2051 5775">
     <span class='ocr_line' id='line_1_117' title="bbox 475 5700 2051 5775; baseline 0.003 -24"><span class='ocrx_word' id='word_1_822' title='bbox 475 5700 902 5775; x_wconf 60' lang='grc' dir='ltr'>προϐάλλεσθαι,</span> <span class='ocrx_word' id='word_1_823' title='bbox 926 5704 961 5775; x_wconf 84' lang='grc' dir='ltr'>ἢ</span> <span class='ocrx_word' id='word_1_824' title='bbox 990 5700 1085 5757; x_wconf 75' lang='grc' dir='ltr'>καὶ</span> <span class='ocrx_word' id='word_1_825' title='bbox 1113 5700 1219 5771; x_wconf 68' lang='grc' dir='ltr'>τὴν</span> <span class='ocrx_word' id='word_1_826' title='bbox 1243 5703 1506 5775; x_wconf 81' lang='grc' dir='ltr'>ἀληθειαν</span> <span class='ocrx_word' id='word_1_827' title='bbox 1535 5704 1794 5775; x_wconf 47' lang='grc' dir='ltr'>πολλάκις</span> <span class='ocrx_word' id='word_1_828' title='bbox 1822 5700 1897 5765; x_wconf 71' lang='grc' dir='ltr'>εἰς</span> <span class='ocrx_word' id='word_1_829' title='bbox 1924 5707 2051 5775; x_wconf 69' lang='grc' dir='ltr'>ὑπὸ.</span> 
     </span>
    </p>
   </div>
   <div class='ocr_carea' id='block_1_117' title="bbox 475 5768 2054 5845">
    <p class='ocr_par' dir='ltr' id='par_1_117' title="bbox 475 5768 2054 5845">
     <span class='ocr_line' id='line_1_118' title="bbox 475 5768 2054 5845; baseline 0.003 -24"><span class='ocrx_word' id='word_1_830' title='bbox 475 5768 623 5823; x_wconf 77' lang='grc' dir='ltr'>νοξαν</span> <span class='ocrx_word' id='word_1_831' title='bbox 651 5768 895 5838; x_wconf 74' lang='grc' dir='ltr'>ψεύῖους</span> <span class='ocrx_word' id='word_1_832' title='bbox 912 5768 1002 5827; x_wconf 74' lang='grc' dir='ltr'><strong>ἐπὶ</strong></span> <span class='ocrx_word' id='word_1_833' title='bbox 1023 5776 1133 5829; x_wconf 83' lang='grc' dir='ltr'>τῶν</span> <span class='ocrx_word' id='word_1_834' title='bbox 1160 5768 1406 5845; x_wconf 71' lang='grc' dir='ltr'>ἀπείρων</span> <span class='ocrx_word' id='word_1_835' title='bbox 1430 5774 1895 5841; x_wconf 70' lang='grc' dir='ltr'>ἁντιμεθίστησιν.</span> <span class='ocrx_word' id='word_1_836' title='bbox 1918 5774 2054 5829; x_wconf 77' lang='lat' dir='ltr'><strong>Grc-</strong></span> 
     </span>
    </p>
   </div>
   <div class='ocr_carea' id='block_1_118' title="bbox 2150 5562 3721 5637">
    <p class='ocr_par' dir='ltr' id='par_1_118' title="bbox 2150 5562 3721 5637">
     <span class='ocr_line' id='line_1_119' title="bbox 2150 5562 3721 5637; baseline -0.006 -19"><span class='ocrx_word' id='word_1_837' title='bbox 2150 5582 2267 5635; x_wconf 80' lang='lat' dir='ltr'><strong>gor.</strong></span> <span class='ocrx_word' id='word_1_838' title='bbox 2303 5566 2458 5637; x_wconf 77' lang='lat' dir='ltr'><strong>Nyss.</strong></span> <span class='ocrx_word' id='word_1_839' title='bbox 2492 5566 2590 5621; x_wconf 88' lang='lat' dir='ltr'><strong>lib.</strong></span> <span class='ocrx_word' id='word_1_840' title='bbox 2622 5583 2681 5632; x_wconf 83' lang='grc' dir='ltr'><strong>ιι,</strong></span> <span class='ocrx_word' id='word_1_841' title='bbox 2717 5566 2919 5621; x_wconf 79' lang='lat' dir='ltr'><strong>Contra</strong></span> <span class='ocrx_word' id='word_1_842' title='bbox 2952 5567 3293 5629; x_wconf 78' lang='lat' dir='ltr'><strong>Eunomium,</strong></span> <span class='ocrx_word' id='word_1_843' title='bbox 3317 5562 3509 5618; x_wconf 90' lang='lat' dir='ltr'><strong>eodem</strong></span> <span class='ocrx_word' id='word_1_844' title='bbox 3542 5568 3721 5622; x_wconf 80' lang='lat' dir='ltr'><strong>sensu,</strong></span> 
     </span>
    </p>
   </div>
   <div class='ocr_carea' id='block_1_119' title="bbox 2152 5638 3113 5692">
    <p class='ocr_par' dir='ltr' id='par_1_119' title="bbox 2152 5638 3113 5692">
     <span class='ocr_line' id='line_1_120' title="bbox 2152 5638 3113 5692; baseline -0.001 -1"><span class='ocrx_word' id='word_1_845' title='bbox 2152 5638 2248 5691; x_wconf 80' lang='lat' dir='ltr'><strong>sed</strong></span> <span class='ocrx_word' id='word_1_846' title='bbox 2295 5653 2403 5691; x_wconf 88' lang='lat' dir='ltr'><strong>non</strong></span> <span class='ocrx_word' id='word_1_847' title='bbox 2436 5638 2627 5692; x_wconf 81' lang='lat' dir='ltr'><strong>iisdem</strong></span> <span class='ocrx_word' id='word_1_848' title='bbox 2663 5641 2863 5692; x_wconf 81' lang='lat' dir='ltr'><strong>verbis.</strong></span> <span class='ocrx_word' id='word_1_849' title='bbox 2906 5638 3113 5692; x_wconf 75' lang='lat' dir='ltr'><strong>Boivm.</strong></span> 
     </span>
    </p>
   </div>
   <div class='ocr_carea' id='block_1_120' title="bbox 2229 5702 3502 5779">
    <p class='ocr_par' dir='ltr' id='par_1_120' title="bbox 2229 5702 3502 5779">
     <span class='ocr_line' id='line_1_121' title="bbox 2229 5702 3502 5779; baseline -0.006 -18"><span class='ocrx_word' id='word_1_850' title='bbox 2229 5707 2340 5777; x_wconf 79' lang='lat'><strong>(83)</strong></span> <span class='ocrx_word' id='word_1_851' title='bbox 2371 5709 2449 5762; x_wconf 83' lang='lat' dir='ltr'><strong>Ad</strong></span> <span class='ocrx_word' id='word_1_852' title='bbox 2486 5705 2797 5779; x_wconf 67' lang='lat' dir='ltr'><strong>livagrium,</strong></span> <span class='ocrx_word' id='word_1_853' title='bbox 2837 5708 2910 5761; x_wconf 82' lang='lat' dir='ltr'><strong>De</strong></span> <span class='ocrx_word' id='word_1_854' title='bbox 2950 5708 3255 5762; x_wconf 77' lang='lat' dir='ltr'><strong>Uirinitate.</strong></span> <span class='ocrx_word' id='word_1_855' title='bbox 3290 5702 3502 5759; x_wconf 72' lang='lat' dir='ltr'><strong>Betvm.</strong></span> 
     </span>
    </p>
   </div>
  </div>
