4062 6444
457 324 571 389 715
750 320 826 394 [λ.
871 336 927 376 ιι.
968 314 1214 392 ϐεδε-ιι»
1255 316 1423 389 ῡάιθ]

1672 320 2104 429 ΝΙΟξΞΡΗΟΒΙ
2145 322 2535 385 GltEGOR/E

2704 378 2721 385 ,
2818 319 2956 393 [tum
2996 332 3282 379 monostc.
3322 323 3463 396 tum]

3628 327 3756 404 716,

462 478 681 516 «tsmnem
704 460 971 516 rationem
992 456 1308 529 superantis
1329 456 1598 514 rationem
1619 457 1853 515 reddere
1869 471 2028 530 quea-

2146 455 2261 512 οὔθ’
2290 459 2318 513 ὃ
2347 476 2400 513 τι
2452 461 2603 514 ἐστὶν
2643 458 2776 514 Υίοῦ
2807 461 3065 530 γέννησις
3083 502 3099 529 ,
3127 461 3244 517 οὗθ’
3269 463 3299 517 ὃ
3326 480 3379 518 τι
3406 466 3524 520 ἐστὶ
3558 467 3737 525 Πνιύτ

463 569 639 608 τους.»
670 552 748 607 Ac
778 553 939 623 paulo
970 561 1098 622 post
1133 551 1356 613 iterum,
1405 550 1724 606 adversario
1759 557 2043 621 quaerente

442 645 740 721 specimen
799 656 851 699 et
895 644 1338 707 similitudinem,
1390 658 1495 709 ac,
1553 665 1572 695 ι
1618 642 1691 697 Da
1743 643 1901 709 milii,
1958 642 2042 697 ins

461 737 710 808 quiente,
746 751 813 792 ex
848 736 1044 791 eodem
1083 736 1282 806 partim
1315 735 1538 800 Filium,
1571 737 1771 805 partim
1810 753 1920 790 non
1955 736 2046 791 Fi-

460 832 621 896 lium,
663 822 961 885 deinde'et
1002 830 1254 884 eamdem
1304 829 1706 894 substantiam;
1758 846 1823 885 ac
1867 830 2041 884 Deum

457 934 516 980 et
542 923 713 980 Deum
750 924 1063 987 admittam,
1092 942 1111 975 ι
1148 923 1479 991 respondet:
1516 942 1535 974 ι
1566 923 1703 976 Dato
1725 930 1782 977 et
1811 931 1869 977 tu
1899 923 2038 977 mihi

459 1017 631 1071 Deum
668 1017 837 1071 alium
872 1025 929 1071 et
962 1025 1219 1071 naturam
1262 1015 1397 1081 Dei;
1436 1024 1492 1070 et
1515 1031 1616 1084 ego
1652 1015 1753 1071 tibi
1784 1017 2037 1072 eamdem

458 1106 785 1164 Trinitatem
816 1108 982 1171 dabo,
1013 1123 1139 1162 cum
1189 1108 1382 1163 iisdem
1416 1116 1475 1164 et
1505 1107 1825 1163 nominibus
1867 1117 1925 1163 et
1950 1124 2040 1164 re-

374 1208 381 1215 “
457 1199 583 1255 bus.
622 1201 678 1254 Si
712 1216 847 1254 vero
883 1215 1028 1255 unus
1057 1208 1142 1256 est
1167 1199 1335 1264 Deus,
1373 1214 1479 1253 una
1512 1214 1768 1269 suprema
1799 1209 2035 1254 natura:

456 1291 605 1347 unde
640 1292 740 1347 tibi
769 1290 998 1346 alteram
1033 1292 1491 1347 similitudinem?
1520 1313 1539 1345 ι
1578 1292 1671 1348 Est
1695 1295 1841 1348 enim
1876 1294 2038 1349 valde

374 1372 377 1375 ’
455 1392 637 1452 turpe,
664 1398 767 1437 uec
797 1383 960 1438 modo
993 1391 1174 1452 turpe,
1203 1383 1298 1438 sed
1323 1393 1379 1438 et
1403 1382 1830 1453 perabsurdum,
1860 1401 1927 1440 ex
1952 1386 2038 1440 in-

452 1474 754 1530 fcrioribus
784 1477 1134 1546 superiorum
1164 1486 1355 1546 petere
1389 1477 1705 1546 imaginem,
1756 1490 2033 1533 eteorum

451 1584 575 1640 quae
623 1570 852 1624 immota
889 1580 1019 1625 sunt
1065 1585 1133 1624 ex
1168 1570 1237 1623 iis
1265 1585 1388 1640 qua:
1434 1569 1579 1624 ﬂuxa
1607 1578 1663 1624 et
1701 1569 1932 1637 caduca,
1977 1579 2036 1626 et

450 1661 597 1732 quod
627 1662 791 1716 Isaias
820 1662 917 1725 ait,
944 1661 1183 1716 viventia
1216 1662 1269 1715 in
1296 1661 1534 1715 mortuis
1561 1662 1868 1731 requirere.
1891 1662 2036 1729 Qua-

449 1760 682 1822 propter
736 1753 902 1807 etiam
956 1752 1087 1807 alibi
1145 1753 1257 1809 ait:
1318 1773 1337 1805 ι
1375 1751 1519 1807 Intra
1574 1754 1778 1809 limites
1815 1765 2033 1810 nostros

451 1842 616 1915 514
635 1842 997 1898 consistentes
1020 1844 1323 1913 ingenitum
1348 1853 1405 1899 et
1421 1845 1664 1915 genitum
1689 1846 2024 1914 inducimus,

449 1943 508 1990 et
539 1935 590 1988 id
624 1935 770 2005 quod
802 1950 833 1989 e
864 1935 1028 1990 Patre
1058 1936 1325 2004 procedit,
1370 1947 1432 1990 ut
1464 1937 1582 2005 ipse
1611 1938 1758 1993 Deus
1806 1949 1863 1993 et
1896 1919 2031 1995 Ver-

449 2028 581 2083 bum
613 2028 712 2083 ait.
738 2047 757 2080 ι
791 2027 917 2083 Hac
938 2026 1108 2099 igitur
1138 2029 1260 2099 ejus
1290 2039 1442 2095 sunt,
1466 2045 1575 2083 non
1605 2032 1696 2100 qui
1729 2033 2031 2087 asserendo

450 2120 794 2175 constituere
828 2119 980 2185 velit,
1024 2120 1157 2190 quid
1198 2120 1316 2175 haec
1355 2120 1487 2183 sint,
1520 2121 1614 2175 sed
1643 2122 1781 2192 ejus,
1820 2122 1913 2191 qui
1944 2138 2029 2177 re-

447 2211 618 2281 pellat
655 2217 711 2265 et
759 2210 1037 2270 deterreat
1068 2227 1187 2275 eos,
1223 2211 1317 2282 qui
1353 2220 1561 2266 temere
1608 2213 1676 2267 ad
1715 2213 2029 2284 bujusmodi

446 2303 782 2359 assertiones
826 2303 1174 2374 confugiunt.
1228 2303 1583 2374 Ecquomodo
1635 2313 1821 2360 autem
1869 2306 2030 2362 aliter

446 2395 671 2459 sentiat,
708 2394 800 2463 qui
849 2409 920 2448 ne
952 2394 1218 2449 vocabula
1245 2394 1470 2465 quidem
1521 2394 1615 2450 Dei
1650 2405 1862 2452 natura:
1896 2413 2029 2453 con-

446 2487 700 2556 gruentia
753 2484 986 2553 reperiri
1044 2484 1114 2539 ab
1164 2484 1486 2542 horninibus
1534 2502 1693 2557 posse
1749 2487 2029 2545 aﬂirmat?

446 2576 559 2632 Res
590 2575 739 2631 enim
793 2575 1010 2630 divinas
1050 2575 1257 2630 nostris
1293 2578 1632 2644 nominibus,
1662 2579 1895 2642 ul’licct,
1932 2595 2027 2635 ex-

443 2667 758 2737 primimus.
784 2667 949 2721 «Nam
970 2667 1015 2721 si
1044 2668 1098 2722 in
1122 2667 1210 2733 iis,
1236 2668 1433 2737 inquit.
1464 2684 1587 2738 qua:
1617 2668 2024 2740 intelliguntur,

447 2776 512 2817 ea
539 2776 663 2831 quae
707 2758 954 2815 inﬁmum
1004 2760 1186 2817 locum
1219 2760 1491 2824 obtinent,
1534 2777 1734 2833 nempe
1784 2762 1929 2834 ψυχή
1971 2773 2028 2819 et

444 2850 626 2919 λόγος,
678 2850 919 2921 prapriis
975 2850 1294 2905 nominibus
1344 2859 1535 2922 carent
1596 2852 1823 2922 (etenim
1874 2853 2022 2924 ψυχή

444 2941 686 2998 femineo
736 2943 957 2997 nomine
992 2942 1323 3013 appellatur,
1377 2958 1503 2997 cum
1544 2958 1607 2998 ea
1660 2946 1782 3016 ejus
1828 2954 2025 2999 natura

443 3050 556 3089 non
592 3035 687 3098 sit,
716 3044 773 3087 et
811 3035 969 3101 λόγος
1003 3033 1333 3099 masculino,
1360 3034 1463 3087 etsi
1498 3035 1621 3104 ejus
1655 3048 1763 3087 non
1801 3034 1873 3088 sit
1908 3049 2023 3088 ma-

2151 562 2324 616 ματος
2377 548 2536 616 ἁγίου
2586 550 2935 621 ἑκπόρευσις,
2987 551 3105 605 ἀλλ’
3159 553 3246 607 ἵνα
3298 554 3502 625 μᾶλλον
3558 558 3735 623 ἄλλως

2147 640 2417 707 ἐπίσχωσι
2460 644 2590 704 τοὺς
2627 642 2880 705 ἀτάκτως
2914 645 2988 714 τῇ
3038 643 3293 717 θεολογὶᾳ
3328 646 3732 717 ὲπιπηδῶντας.

2146 730 2211 785 El
2247 731 2439 798 δ”οὖν,
2472 733 2683 802 λεγέτω
2721 735 2814 804 μοί
2856 752 2944 799 τις
2977 736 3289 807 παρελθὼν,
3325 740 3379 792 τί
3410 738 3737 809 βουλόμενος

2143 826 2172 877 ὀ
2213 826 2388 893 μέγας
2419 828 2478 881 ὲν
2513 826 2764 898 θεολογία
2804 827 3111 901 Γρηγόριος
3152 830 3354 884 οὑτωσὶ
3404 833 3735 903 σχηματίζει

2144 917 2237 969 τὸν
2267 917 2426 987 λόγον
2454 919 2592 987 πρὸς
2638 922 2764 983 τοὺς
2800 921 3095 990 ἐριστικῶς
3136 923 3461 993 ἐρωτῶντας
3495 924 3623 997 περί
3669 942 3731 979 τε

2141 1002 2241 1069 τῆς
2278 1004 2374 1058 τοῦ
2410 1004 2539 1058 Υίοῦ
2569 1009 2880 1076 γεννήσεως
2906 1008 3003 1061 καὶ
3034 1007 3135 1079 τῆς
3172 1008 3267 1063 τοῦ
3305 1011 3462 1079 ἁγίου
3481 1011 3734 1084 Πνεύμα-
3829 1082 3841 1093 .

2140 1112 2232 1160 τος
2263 1096 2678 1168 ὲκπορεύσεως·
2733 1117 2752 1150 t
2786 1099 2921 1153 Εἰπέ
2955 1116 3069 1169 μοι.
3108 1118 3129 1151 ι
3167 1100 3393 1169 φάσκων
3425 1101 3562 1172 (86),
3601 1120 3623 1155 ι
3663 1105 3729 1159 σὺ

2140 1186 2240 1259 τὴν
2268 1186 2597 1258 ἀγεννησίαν
2621 1184 2716 1240 τοῦ
2744 1188 3010 1259 Πατέρος,
3047 1188 3203 1258 κάγὼ
3229 1188 3327 1259 τὴν
3356 1190 3613 1260 γέννησιν
3632 1190 3728 1246 τοῦ

2141 1279 2273 1334 Υίοῦ
2291 1280 2669 1352 φυσιολογήσω
2692 1280 2784 1335 καὶ
2805 1280 2904 1352 τὴν
2928 1281 3257 1349 ικπόρευσιν
3277 1283 3372 1335 τοῦ
3390 1283 3438 1335 Π
3450 1283 3734 1352 νεύματος,

2128 1370 2236 1424 οιαὶ
2264 1370 2792 1441 παραπληκτίσομεν
2822 1370 3012 1441 ἄμφω,
3044 1372 3126 1433 είς
3149 1370 3287 1424 Θεοῦ
3317 1373 3596 1443 μυστήρια
3625 1389 3733 1426 πα-

2140 1460 2513 1532 ρακόπτοντες
2533 1476 2549 1491 ·
2591 1461 2688 1514 καὶ
2715 1459 2892 1514 ταῦτα
2920 1462 3059 1523 τίνες
3082 1477 3096 1527 ;
3125 1461 3190 1517 Ol
3217 1461 3353 1533 μηδὲ
3378 1461 3446 1515 τὰ
3474 1462 3535 1515 ὲν
3568 1462 3733 1517 ποσὶν

2137 1554 2341 1607 εἰδέναι
2369 1553 2685 1623 δυνάμενοι,
2719 1553 2855 1622 μηδὲ
2889 1551 3121 1621 ψάμμον
3144 1553 3437 1608 θαλασσῶν
3470 1554 3564 1607 καὶ
3593 1571 3729 1610 στα-

2138 1646 2305 1715 γόνας
2334 1645 2492 1698 ὑετοῦ
2526 1645 2620 1698 καὶ
2656 1645 2871 1715 ἡμέρας
2920 1645 3119 1709 αἰῶνος
3150 1644 3264 1718 (8Ἱ)
3286 1645 3727 1718 ἐξαριθμεῖσθαι,

2139 1738 2215 1810 μὴ
2242 1740 2326 1792 ὅτι
2351 1755 2413 1805 γε
2438 1736 2574 1792 Θεοῦ
2595 1738 2813 1809 βάθεσιν
2847 1737 3184 1807 ἐμϐατεύειν
3211 1740 3307 1792 καὶ
3324 1739 3482 1809 λόγον
3506 1739 3730 1811 ὑπέχειν

2062 1811 2104 1863 Β
2134 1834 2235 1902 τῆς
2277 1831 2450 1894 οὕτως
2494 1832 2740 1904 ἀρρήτου
2784 1835 2875 1885 καὶ
2914 1832 3056 1902 ὑπὲρ
3087 1832 3245 1899 λόγον
3278 1832 3515 1900 φύσεως.
3557 1852 3576 1886 ι
3618 1834 3730 1889 Καὶ

2138 1926 2258 1996 μετ’
2283 1925 2440 1993 ὀλίγα
2471 1925 2656 1989 πάλιν,
2688 1925 2784 1979 τοῦ
2816 1926 3062 1980 ἐναντίου
3095 1927 3388 1995 ζητοῦντος
3418 1927 3729 1997 ὑπόδειγμα

2134 2022 2227 2071 καὶ
2259 2019 2519 2088 ὁμοίωσιν
2548 2020 2664 2082 καὶ,
2696 2038 2715 2070 ι
2741 2019 2841 2081 Δός
2866 2036 2980 2089 μοι,
3007 2038 3025 2071 ι
3061 2018 3332 2087 λέγοντος,
3367 2038 3386 2073 ι
3421 2019 3487 2072 ἐκ
3502 2018 3596 2073 τοῦ
3626 2019 3728 2074 αύ-

2132 2104 2226 2158 τοῦ
2261 2107 2320 2157 τὸ
2349 2104 2450 2174 μὲν
2496 2104 2647 2171 Υίὸν,
2674 2105 2738 2158 τὸ
2768 2103 2823 2158 δὲ
2853 2106 2952 2176 οὐχ
2969 2106 3119 2171 Υίόν,
3152 2102 3271 2160 εἶτα
3301 2107 3587 2175 ὀμοούσια,
3629 2106 3728 2165 καὶ

2132 2199 2506 2268 δέχομαιΘεὺν
2533 2198 2628 2251 καὶ
2652 2197 2807 2264 Θεὸν,
2850 2215 2869 2250 ι
2907 2199 3268 2268 ἀποκρίνεται
3304 2199 3516 2267 λέγων*
3551 2218 3573 2253 τ
3620 2198 3724 2262 Δός

2135 2286 2229 2363 μοί
2280 2291 2374 2344 καὶ
2410 2291 2475 2344 σὺ
2497 2292 2634 2345 Θεὸν
2674 2289 2833 2345 ἄλλον
2864 2290 2962 2346 καὶ
3010 2291 3174 2362 φύσιν
3215 2291 3376 2357 Θεοῦ,
3430 2292 3525 2346 καὶ
3563 2291 3760 2348 δώσωθ

2134 2401 2214 2437 σοι
2273 2384 2373 2453 τὴν
2415 2383 2584 2454 αὐτὴν
2627 2383 2836 2452 Τριάδα
2897 2385 3036 2454 μετά
3071 2385 3183 2440 τῶν
3216 2384 3397 2439 αὐτῶν
3433 2385 3723 2455 ὀνομάτων

2131 2491 2190 2527 τε
2243 2473 2337 2526 καὶ⁵
2399 2471 2762 2542 πραγμάτων.
2826 2472 2893 2527 Et
2945 2472 3003 2527 δὲ
3066 2468 3149 2537 εἷς
3213 2474 3349 2538 Θεὸς
3397 2475 3495 2545 μία
3548 2473 3719 2544 φύσις

2131 2566 2164 2636 ἠ
2197 2563 2482 2625 ἀνωτάτω.
2515 2563 2680 2619 πόθεν
2714 2565 3057 2636 παραστήσω
3102 2582 3186 2619 σοι
3224 2565 3327 2636 τὴν
3355 2566 3648 2636 ὀμοίωσιν;
3689 2583 3713 2620 ι

2129 2658 2266 2711 Δίαν
2311 2656 2421 2729 γὰρ
2475 2657 2740 2729 αἰσχρὸν,
2771 2656 2868 2712 καὶ
2906 2658 3010 2711 οὐκ
3056 2656 3282 2728 αἰσχρὸν
3337 2657 3533 2728 μόνον.
3581 2657 3720 2714 ἀλλά

2130 2751 2226 2806 καὶ
2288 2752 2521 2822 μάταιον
2579 2749 2878 2817 ἐπιεικῶς,
2938 2750 3004 2804 ὲκ
3055 2752 3165 2804 τῶν
3225 2752 3378 2805 κάτω
3437 2750 3545 2804 τῶν
3604 2750 3719 2805 ἀνω

2127 2845 2229 2914 τὴν
2268 2842 2518 2897 εἰκασίαν
2559 2843 2882 2912 λαμϐάνειν,
2923 2844 3019 2897 καὶ
3063 2843 3174 2895 τῶν
3194 2843 3471 2914 ἀκινήτων
3513 2843 3576 2896 εκ
3616 2844 3719 2913 τῆς

2131 2936 2366 3008 ῥευστῆς
2392 2936 2631 3006 φύσεως,
2669 2937 2787 3002 καὶ,
2816 2936 2846 2989 ὀ
2874 2952 3041 3004 φησιν
3085 2934 3337 3000 Ἠσαίας,
3367 2935 3717 3005 ἐκζητείσθαι

2127 3029 2197 3082 τὰ
2230 3029 2409 3094 ζῶντα
2432 3029 2491 3081 ὲν
2516 3030 2632 3093 τοῖς
2661 3032 2899 3099 νεκροῖς.
2930 3030 3029 3082 Διά
3049 3028 3209 3082 τοῦτο
3231 3030 3322 3082 καὶ
3348 3027 3580 3098 ἀλλαχοῦ
3611 3042 3718 3099 φη-

445 3126 596 3183 scuta
626 3134 842 3197 natura)
871 3142 886 3191 ;
917 3141 982 3180 ea
1010 3124 1373 3189 imellemilia,
1412 3140 1534 3194 qua:
1560 3126 1808 3179 omnium
1843 3126 2019 3194 prima

2130 3140 2215 3174 σιν
2238 3138 2253 3154 ο
2287 3139 2307 3173 ι
2331 3121 2455 3175 Ἐπὶ
2502 3122 2612 3174 τῶν
2661 3121 2951 3192 ἡμετέρων
2988 3122 3130 3191 ὅρων
3171 3120 3286 3194 (88)
3323 3122 3605 3190 ἱστάμενοι
3650 3120 3716 3174 τὸ

441 3225 571 3274 sunt
603 3226 659 3271 et
687 3231 904 3270 omnem
939 3216 1279 3271 intellectum
1308 3223 1595 3285 superant,
1633 3218 1875 3287 propriis
1920 3235 2017 3288 ap-

2129 3215 2420 3284 ἀγέννητον
2438 3211 2737 3283 εἰσάγομεν
2761 3211 2857 3267 καὶ
2882 3213 2943 3265 τὸ
2979 3212 3275 3283 γεννητόνσ
3309 3210 3405 3266 καὶ
3438 3211 3497 3264 τὸ
3522 3213 3588 3265 εκ
3611 3209 3709 3264 τοῦ

442 3308 633 3379 pellari
663 3308 984 3363 nominibus
1029 3306 1310 3379 quomodo
1341 3307 1778 3364 aiﬁrmabimus?
1832 3329 1849 3361 ι
1883 3310 2020 3367 Cum

440 3401 610 3473 igitur
638 3410 805 3455 tanta:
829 3410 886 3455 et
920 3399 1209 3454 nationum
1237 3414 1294 3454 et
1318 3400 1747 3470 appellationqu
1784 3402 2023 3457 tenebrae

438 3501 647 3549 nostra:
682 3492 851 3546 menti
883 3490 1267 3553 oll‘undantur,
1318 3492 1446 3562 quis
1493 3491 1809 3548 ratiocinari
1849 3493 1902 3548 in
1931 3494 2022 3550 his

440 3587 643 3659 queat?
680 3586 836 3654 Quod
878 3587 971 3657 qui
998 3595 1248 3648 conatur,
1292 3586 1544 3641 bifariam
1589 3597 1798 3658 peccat.
1830 3586 2021 3656 Neque

440 3680 589 3737 enim
607 3679 802 3734 horum
819 3678 1118 3748 quidquam
1133 3679 1303 3741 novit,
1326 3680 1600 3749 simulque
1617 3694 1679 3734 ea
1694 3694 1752 3733 se
1768 3679 2020 3749 ignorare

392 3812 399 3817 .
441 3771 680 3841 ignorat.
705 3769 808 3835 Qui
846 3780 1029 3823 autem
1059 3770 1296 3840 ignorat,
1326 3771 1548 3841 quando
1572 3782 1625 3826 et
1653 3772 1744 3827 ubi
1768 3780 2019 3841 oporteat

442 3864 785 3929 ratiocinari,
812 3878 880 3918 ne
900 3871 1014 3917 tum
1037 3863 1257 3934 quidem
1278 3879 1403 3919 cum
1425 3863 1866 3919 ratiocinandum
1887 3864 2016 3929 erit,

439 3968 505 4010 ea
522 3970 642 4024 quae
659 3963 879 4025 oportet
896 3964 1065 4025 atque
1085 3971 1152 4010 co
1174 3956 1337 4010 modo
1357 3971 1468 4025 quo
1487 3965 1707 4027 oportet
1726 3972 2032 4028 argumen~

439 4046 607 4101 tando
632 4047 946 4112 concludet.
975 4047 1130 4115 Quod
1156 4046 1260 4102 etsi
1292 4047 1526 4102 fortasse
1553 4056 1799 4118 praestet,
1834 4057 2016 4104 tamen

436 4149 693 4210 suspecta
746 4141 853 4195 erit
886 4139 1242 4195 audientibus
1287 4139 1407 4209 ejus
1441 4144 1638 4205 oratio,
1672 4141 1765 4211 qui
1798 4157 1924 4196 eum
1960 4152 2020 4196 ut

2121 3305 2332 3377 Πατρδς
2373 3306 2835 3376 ἐκπορευόμενον,
2875 3303 2949 3370 ὥς
2975 3321 3144 3376 φησιν
3187 3304 3355 3368 αὐλὸς
3389 3306 3419 3359 ὀ
3447 3302 3581 3368 Θεδς
3613 3303 3714 3360 καὶ

2119 3399 2313 3466 Λόγος.
2360 3415 2381 3451 ι
2422 3396 2610 3452 Ταῦτα
2659 3398 2725 3470 δὴ
2768 3399 2953 3453 τοίνυν
2996 3400 3055 3452 ού
3092 3397 3338 3461 θέλοντός
3381 3398 3499 3452 εστι
3544 3411 3717 3451 κατα-

2123 3491 2413 3555 σκευάζειν
2463 3486 2491 3544 ὅ
2549 3509 2601 3545 τι
2634 3491 2753 3545 ἐστὶ
2789 3489 2983 3558 ταῦτα,
3018 3490 3137 3546 ἀλλ’
3185 3490 3579 3553 ἀλασςὸοὖντος
3614 3488 3714 3543 καὶ

2120 3584 2529 3651 ἀποτρέποντος
2556 3587 2683 3648 τοὺς
2713 3583 2929 3651 ἀλόγως
2962 3583 3042 3647 είς
3069 3584 3327 3647 τοιαύτας
3360 3582 3712 3646 κατασκευὰς

2119 3675 2591 3745 καταφεύγοντας.
2623 3677 2747 3741 Πῶς
2769 3679 2911 3747 γάρ;
2935 3676 2995 3740 ὃς
3017 3676 3127 3751 οόδ’
3149 3676 3396 3746 ὀνόματά
3428 3674 3542 3746 (89)
3571 3691 3711 3744 φησι

2120 3774 2469 3843 προσήκοντα
2499 3769 2661 3840 φύσει
2678 3768 2816 3823 Θεοῦ
2841 3770 2955 3833 τοῖς
2982 3768 3293 3838 ἀνθρώποις
3325 3769 3472 3821 ἔστιν
3499 3767 3708 3837 εὑρεῖν.

2119 3866 2206 3939 [Ρ.
2231 3864 2362 3937 ειη
2397 3863 2772 3934 Ὀνομάζομεν
2802 3863 2932 3935 γὰρ,
2959 3862 3036 3927 ὡς
3066 3864 3200 3933 ἡμῖν
3225 3860 3471 3931 ἐφικτὸν,
3504 3862 3569 3914 ὲκ
3599 3859 3711 3913 τῶν

2116 3959 2410 4030 ἡμετέρων
2437 3959 2504 4010 τὰ
2523 3957 2619 4011 τοῦ
2649 3956 2810 4013 Θεοῦ.
2843 3975 2861 4009 ι
2899 3952 2962 4010 El
2998 3957 3106 4028 γὰρ
3130 3939 3241 4008 τῶν
3257 3953 3465 4023 νοητῶν
3493 3952 3707 4026 (φησὶν)

2118 4054 2326 4124 ἔσχατα
2364 4052 2513 4123 ψυχὴ
2564 4051 2662 4105 καὶ
2706 4051 2866 4117 λόγος
2911 4032 3205 4120 κύριονόύ
3255 4049 3555 4118 κέκτηνται
3585 4044 3713 4099 τοῦ-

2118 4163 2289 4213 νομα·
2325 4146 2474 4217 ψυχὴ
2507 4146 2608 4215 μὲν
2637 4144 2748 4214 γὰρ
2780 4144 3012 4214 ὀνόματι
3045 4141 3279 4214 θηλυκῷ
3301 4139 3709 4212 προσαγορεύει-

2117 4255 2231 4303 τιι,
2262 4237 2521 4306 τοιαύτην
2560 4236 2662 4288 οὐκ
2694 4234 2897 4303 ἔχουσα
2927 4233 3114 4303 φύσιν,
3157 4233 3251 4286 καὶ
3280 4232 3309 4284 ὀ
3341 4231 3499 4298 λόγος
3530 4230 3577 4284 δ’
3604 4229 3707 4302 ἀρ.

2120 4331 2272 4399 ρενος
2312 4328 2526 4397 φύσεως
2554 4328 2755 4398 ἥκιστα
2780 4325 2855 4379 ὢν
2890 4326 3188 4396 ἀρρενικὸν
3216 4323 3310 4378 καὶ
3344 4323 3506 4387 αὐτὸς
3542 4321 3708 4392 ἐκτή-

435 4231 740 4302 simplicem
760 4244 817 4287 et
841 4245 1115 4288 amentem
1142 4233 1312 4287 semel
1338 4233 1691 4303 reprobatum
1717 4234 2015 4289 carebunt.

434 4322 710 4379 Fortassis
739 4324 904 4379 etiam
939 4325 1115 4379 sancti
1142 4324 1220 4377 illi
1255 4324 1446 4378 Patres
1478 4323 1785 4378 istiusmodi
1819 4324 2017 4378 absur-

435 4414 535 4469 das
579 4416 967 4493 contentiones
999 4416 1220 4470 silentio
1250 4431 1478 4484 prorsus
1510 4417 1867 4485 rcpulissent,
1902 4416 2011 4472 nisi

2129 4438 2251 4475 σατο
2296 4421 2577 4491 τοῦνομαο
2619 4420 2668 4471 εί
2703 4418 2797 4472 οὖν
2842 4418 3016 4472 ταῦτα
3064 4417 3253 4488 κύριον
3297 4418 3357 4469 ού
3414 4415 3707 4487 κέκτηνται

434 4506 595 4561 inviti
616 4523 709 4560 eas
726 4506 971 4560 refutare
995 4509 1166 4560 coacti
1188 4515 1393 4569 essent,
1418 4522 1542 4560 cum
1570 4508 1853 4577 populum,
1876 4523 2014 4562 nou-

2129 4515 2375 4584 τοῦνομα,
2404 4515 2519 4577 πῶς
2549 4512 2615 4567 ἂν
2638 4512 2709 4567 τὰ
2739 4512 2933 4583 πρῶτα
2958 4511 3053 4564 καὶ
3080 4510 3296 4564 πάντων
3318 4509 3574 4562 ἐπέκεινα
3597 4508 3706 4561 τῶν

433 4598 566 4654 dum
588 4598 747 4669 515
779 4600 834 4653 in
861 4600 965 4652 (ide
991 4598 1291 4654 stabilitum
1320 4614 1422 4655 nec
1450 4600 1632 4654 omnis
1650 4600 2012 4658 dubitationis

2129 4607 2326 4677 mntth
2353 4606 2533 4676 vo'q'td’
2549 4604 2758 4675 κυρίοις
2783 4606 3044 4672 ὀνὸμασιν
3072 4600 3707 4683 ὲπικεκλῆσθαιςρήσαι-

431 4700 740 4759 expertem,
796 4690 933 4744 alias
979 4690 1105 4745 aliis
1154 4691 1320 4745 sectis
1373 4692 1794 4749 suborientibus
1849 4694 2011 4751 facile

2129 4712 2257 4766 μεν;
2311 4714 2330 4749 ι
2365 4695 2644 4766 Τοσαύτης
2684 4694 2867 4747 τοίνυν
2909 4692 3105 4754 νυκτὸς
3152 4689 3595 4762 ἐπιπροσθούσης
3638 4690 3707 4760 τῇ

433 4781 721 4836 adhmrcre
766 4781 1057 4837 vidissent.
1096 4782 1256 4838 Nunc
1296 4793 1483 4839 autem
1539 4799 1664 4839 cum
1714 4786 2013 4843 multitudo

2129 4786 2369 4858 ἡμετέρᾳ
2420 4784 2632 4857 διανοίᾳ
2671 4783 2783 4837 τῶν
2827 4767 2885 4837 τε
2934 4782 3221 4852 νοημάτων
3251 4782 3347 4836 καὶ
3399 4781 3704 4851 ὀνομάτων,

434 4871 508 4926 ita
534 4872 856 4927 confirmata
887 4882 943 4929 et
963 4874 1018 4928 iu
1057 4874 1161 4929 lide
1184 4874 1359 4930 deﬁxa
1393 4876 1486 4938 sit,
1521 4877 1733 4931 utierri
1760 4888 2010 4932 naturam

2129 4878 2201 4942 τίς
2241 4878 2307 4933 ἀν
2336 4879 2395 4930 ὲν
2424 4882 2638 4938 τούτοις
2671 4875 3083 4943 συλλογίζεσθαι
3116 4873 3368 4944 δυνηθείη
3395 4889 3411 4939 ;
3440 4871 3502 4926 Et
3536 4871 3591 4925 δέ
3622 4888 3706 4935 τις

435 4964 653 5037 [at-ilius
685 4975 887 5032 mutes,
922 4983 1085 5038 quam
1119 4983 1219 5023 eos
1262 4969 1546 5037 paululum
1583 4985 1612 5023 ιι
1649 4970 1842 5040 patriis
1877 4971 2011 5040 dog-

2129 4969 2446 5040 ίπιχειροίη,
2498 4967 2704 5032 διπλῶς
2750 4966 3080 5037 ἁμαρτάνει.
3128 4965 3273 5019 Οὔτε
3322 4965 3431 5036 γὰρ
3469 4959 3611 5019 οἶδεν
3647 4965 3706 5018 ὲν

432 5057 675 5110 matibus
720 5059 962 5116 abducas
997 5079 1007 5112 :
1045 5062 1176 5131 quid
1225 5051 1367 5131 opus
1410 5071 1496 5117 est
1547 5061 2013 5130 disputationibus

2129 5062 2335 5125 τούτοις
2361 5061 2517 5115 οὐδὲν
2545 5061 2642 5115 καὶ
2672 5062 2789 5130 ἅμα
2814 5058 3043 5130 λέληθεν
3073 5059 3268 5113 ἑαυτὸν
3297 5058 3398 5112 οὐκ
3427 5057 3602 5121 εἰδώς.
3648 5057 3706 5110 '0

432 5149 569 5204 nihil
599 5150 941 5221 profuturis?
975 5152 1046 5209 Ut
1070 5154 1217 5208 enim
1251 5163 1308 5209 et
1348 5153 1468 5224 ipse
1498 5153 1744 5224 Apostoli
1780 5154 1966 5210 verbis
1991 5154 2008 5185 ‘

2129 5155 2164 5208 δ’
2194 5154 2297 5209 οὐκ
2326 5153 2481 5218 εἰδὼς
2512 5154 2603 5210 ὅτι
2639 5154 2722 5208 δεῖ
2749 5154 2844 5208 καὶ
2874 5154 2981 5224 ὅπη
3014 5151 3097 5207 δεῖ
3122 5150 3559 5220 συλλογίζεσθαι,
3593 5148 3704 5202 οὖν’

510 5322 523 5352 ³
564 5317 723 5375 Rern.
756 5334 869 5383 vni,
904 5320 987 5382 9.1

1782 5408 2125 5470 \iariorum
2155 5419 2367 5474 notae.-

498 5518 611 5587 (86)
663 5518 896 5589 Gregor.
952 5515 1086 5571 Naz.
1139 5514 1393 5570 oratione
1446 5515 1515 5570 de
1548 5513 1756 5585 Spiritu
1792 5524 2008 5568 sancto.
2114 5585 2145 5589 _
2186 5515 2299 5586 (88)
2341 5514 2575 5587 Grqar.
2641 5513 2775 5573 Su.
2836 5516 3089 5572 oratione
3147 5517 3325 5587 prima
3404 5515 3473 5572 de
3537 5516 3699 5573 Filio.

428 5593 761 5733 Βοξζῑίῗῦἰοδ
790 5658 995 5733 surculi,
1039 5674 1171 5723 non,
1198 5664 1260 5733 ut
1300 5655 1554 5733 yertebat
1589 5654 1841 5719 Wnll‘ms,
1864 5664 2015 5733 (νιετ-

2129 5586 2562 5733 ξ’ῗέὁῗότψτ,
2622 5656 2748 5713 μοι.
2792 5656 2853 5711 ad
2907 5656 3203 5729 Evagrium
3264 5658 3335 5714 de
3382 5657 3702 5715 Divinitate.

437 5726 637 5787 uitatis.
689 5731 824 5785 Nam
876 5730 985 5784 dies
1028 5728 1343 5784 (etei-uitatis
1387 5741 1811 5780 uumerarenou
1840 5726 2011 5793 magis
2111 5726 2324 5782 Bomu.

429 5804 589 5860 facile
616 5812 721 5866 est,
748 5815 911 5867 quam
942 5800 997 5855 in
1027 5799 1122 5854 Dei
1145 5798 1407 5867 nrofuuda
1433 5797 1765 5850 descendere.
1801 5795 2007 5848 Doms.
