  <div class='ocr_page' id='page_1' title='image "/cluster/home/n/w/nwhite01/storage/ocr_20150623/148:no.1/coo.31924054870534/366.png"; bbox 0 0 4062 6450; ppageno 0'>
   <div class='ocr_carea' id='block_1_1' title="bbox 388 357 487 423">
    <p class='ocr_par' dir='ltr' id='par_1_1' title="bbox 388 357 487 423">
     <span class='ocr_line' id='line_1_1' title="bbox 388 357 487 423; baseline 0.01 -1"><span class='ocrx_word' id='word_1_1' title='bbox 388 357 487 423; x_wconf 83' lang='grc'><strong>71⁸1</strong></span> 
     </span>
    </p>
   </div>
   <div class='ocr_carea' id='block_1_2' title="bbox 670 354 1970 435">
    <p class='ocr_par' dir='ltr' id='par_1_2' title="bbox 670 354 1970 435">
     <span class='ocr_line' id='line_1_2' title="bbox 670 354 1970 435; baseline 0.007 -21"><span class='ocrx_word' id='word_1_2' title='bbox 670 356 743 431; x_wconf 72' lang='grc' dir='ltr'><strong>[ι.</strong></span> <span class='ocrx_word' id='word_1_3' title='bbox 785 373 834 415; x_wconf 90' lang='lat' dir='ltr'><strong>c.</strong></span> <span class='ocrx_word' id='word_1_4' title='bbox 864 354 1004 417; x_wconf 72' lang='lat' dir='ltr'><strong>tsas</strong></span> <span class='ocrx_word' id='word_1_5' title='bbox 1030 376 1098 417; x_wconf 77' lang='lat' dir='ltr'><strong>AD</strong></span> <span class='ocrx_word' id='word_1_6' title='bbox 1132 359 1294 435; x_wconf 71' lang='lat' dir='ltr'><strong>15H]</strong></span> <span class='ocrx_word' id='word_1_7' title='bbox 1432 358 1883 426; x_wconf 66' lang='lat' dir='ltr'><strong>BYZANTINAE</strong></span> <span class='ocrx_word' id='word_1_8' title='bbox 1924 364 1970 424; x_wconf 80' lang='grc' dir='ltr'><strong>ιι</strong></span> 
     </span>
    </p>
   </div>
   <div class='ocr_carea' id='block_1_3' title="bbox 2074 354 3375 435">
    <p class='ocr_par' dir='ltr' id='par_1_3' title="bbox 2074 354 3375 430">
     <span class='ocr_line' id='line_1_3' title="bbox 2074 354 3375 430; baseline -0.006 -11"><span class='ocrx_word' id='word_1_9' title='bbox 2074 362 2312 424; x_wconf 61' lang='grc' dir='ltr'>ΓΟΒἸεΈ</span> <span class='ocrx_word' id='word_1_10' title='bbox 2354 363 2506 422; x_wconf 79' lang='lat' dir='ltr'><strong>LIB.</strong></span> <span class='ocrx_word' id='word_1_11' title='bbox 2547 363 2615 424; x_wconf 84' lang='grc' dir='ltr'>Χ,</span> <span class='ocrx_word' id='word_1_12' title='bbox 2754 354 2887 430; x_wconf 63' lang='lat' dir='ltr'><strong>[tum</strong></span> <span class='ocrx_word' id='word_1_13' title='bbox 2924 368 3205 413; x_wconf 70' lang='lat' dir='ltr'><strong>ANDRONIC.</strong></span> <span class='ocrx_word' id='word_1_14' title='bbox 3231 356 3375 430; x_wconf 51' lang='grc' dir='ltr'>ωτι]</span> 
     </span>
    </p>
   </div>
   <div class='ocr_carea' id='block_1_4' title="bbox 3553 360 3659 428">
    <p class='ocr_par' dir='ltr' id='par_1_4' title="bbox 3553 360 3659 428">
     <span class='ocr_line' id='line_1_4' title="bbox 3553 360 3659 428; baseline 0.009 -2"><span class='ocrx_word' id='word_1_15' title='bbox 3553 360 3659 428; x_wconf 83' lang='lat'><strong>718</strong></span> 
     </span>
    </p>
   </div>
   <div class='ocr_carea' id='block_1_5' title="bbox 387 468 1970 555">
    <p class='ocr_par' dir='ltr' id='par_1_5' title="bbox 387 480 1969 555">
     <span class='ocr_line' id='line_1_5' title="bbox 387 480 1969 555; baseline 0 -19"><span class='ocrx_word' id='word_1_16' title='bbox 387 482 471 536; x_wconf 77' lang='grc' dir='ltr'>ὅτε</span> <span class='ocrx_word' id='word_1_17' title='bbox 498 482 579 536; x_wconf 91' lang='grc' dir='ltr'><strong>δεῖ</strong></span> <span class='ocrx_word' id='word_1_18' title='bbox 600 484 1073 555; x_wconf 76' lang='grc' dir='ltr'>συλλογιζόμενος,</span> <span class='ocrx_word' id='word_1_19' title='bbox 1096 485 1473 554; x_wconf 79' lang='grc' dir='ltr'>συλλογίσειαι</span> <span class='ocrx_word' id='word_1_20' title='bbox 1490 480 1576 539; x_wconf 71' lang='grc' dir='ltr'>οἷα</span> <span class='ocrx_word' id='word_1_21' title='bbox 1606 485 1801 539; x_wconf 74' lang='grc' dir='ltr'>δεῖκαὶ</span> <span class='ocrx_word' id='word_1_22' title='bbox 1823 485 1969 548; x_wconf 78' lang='grc' dir='ltr'>ὅπως</span> 
     </span>
    </p>
   </div>
   <div class='ocr_carea' id='block_1_6' title="bbox 2074 468 3660 555">
    <p class='ocr_par' dir='ltr' id='par_1_6' title="bbox 2074 468 3660 553">
     <span class='ocr_line' id='line_1_6' title="bbox 2074 468 3660 553; baseline -0.001 -16"><span class='ocrx_word' id='word_1_23' title='bbox 2074 468 2321 553; x_wconf 75' lang='lat' dir='ltr'><strong>apposite</strong></span> <span class='ocrx_word' id='word_1_24' title='bbox 2354 490 2499 550; x_wconf 86' lang='lat' dir='ltr'><strong>utar,</strong></span> <span class='ocrx_word' id='word_1_25' title='bbox 2523 489 2713 537; x_wconf 86' lang='lat' dir='ltr'><strong>certus</strong></span> <span class='ocrx_word' id='word_1_26' title='bbox 2738 494 2882 546; x_wconf 92' lang='lat' dir='ltr'><strong>sum,</strong></span> <span class='ocrx_word' id='word_1_27' title='bbox 2903 478 3032 548; x_wconf 86' lang='lat' dir='ltr'><strong>quia</strong></span> <span class='ocrx_word' id='word_1_28' title='bbox 3067 494 3251 549; x_wconf 76' lang='lat' dir='ltr'><strong>neque</strong></span> <span class='ocrx_word' id='word_1_29' title='bbox 3280 494 3450 547; x_wconf 84' lang='lat' dir='ltr'><strong>mors,</strong></span> <span class='ocrx_word' id='word_1_30' title='bbox 3475 495 3660 552; x_wconf 87' lang='lat' dir='ltr'><strong>neque</strong></span> 
     </span>
    </p>
   </div>
   <div class='ocr_carea' id='block_1_7' title="bbox 387 575 1967 646">
    <p class='ocr_par' dir='ltr' id='par_1_7' title="bbox 387 575 1967 646">
     <span class='ocr_line' id='line_1_7' title="bbox 387 575 1967 646; baseline 0 -18"><span class='ocrx_word' id='word_1_31' title='bbox 387 575 497 629; x_wconf 78' lang='grc' dir='ltr'>δεῖ·</span> <span class='ocrx_word' id='word_1_32' title='bbox 538 576 587 628; x_wconf 87' lang='grc' dir='ltr'><strong>εί</strong></span> <span class='ocrx_word' id='word_1_33' title='bbox 618 575 664 628; x_wconf 83' lang='grc' dir='ltr'>δ’</span> <span class='ocrx_word' id='word_1_34' title='bbox 696 578 859 640; x_wconf 74' lang='grc' dir='ltr'>αὐτὸς</span> <span class='ocrx_word' id='word_1_35' title='bbox 894 577 1046 643; x_wconf 73' lang='grc' dir='ltr'><strong>ιἴσως,</strong></span> <span class='ocrx_word' id='word_1_36' title='bbox 1077 578 1191 630; x_wconf 83' lang='grc' dir='ltr'>ἀλλ’</span> <span class='ocrx_word' id='word_1_37' title='bbox 1230 578 1285 631; x_wconf 81' lang='grc' dir='ltr'>οἴ</span> <span class='ocrx_word' id='word_1_38' title='bbox 1310 592 1374 646; x_wconf 79' lang='grc' dir='ltr'><strong>γε</strong></span> <span class='ocrx_word' id='word_1_39' title='bbox 1413 578 1703 640; x_wconf 83' lang='grc' dir='ltr'>ἀκούοντες</span> <span class='ocrx_word' id='word_1_40' title='bbox 1735 577 1801 631; x_wconf 88' lang='grc' dir='ltr'>δι’</span> <span class='ocrx_word' id='word_1_41' title='bbox 1831 578 1967 631; x_wconf 61' lang='grc' dir='ltr'>ὑπο.</span> 
     </span>
    </p>
   </div>
   <div class='ocr_carea' id='block_1_8' title="bbox 387 666 1966 741">
    <p class='ocr_par' dir='ltr' id='par_1_8' title="bbox 387 666 1966 741">
     <span class='ocr_line' id='line_1_8' title="bbox 387 666 1966 741; baseline 0.001 -21"><span class='ocrx_word' id='word_1_42' title='bbox 387 666 511 740; x_wconf 62' lang='grc' dir='ltr'>,ιδίας</span> <span class='ocrx_word' id='word_1_43' title='bbox 544 672 867 741; x_wconf 76' lang='grc' dir='ltr'><strong>ποιήσονται</strong></span> <span class='ocrx_word' id='word_1_44' title='bbox 903 672 972 725; x_wconf 78' lang='grc' dir='ltr'>τὰ</span> <span class='ocrx_word' id='word_1_45' title='bbox 1014 671 1286 739; x_wconf 82' lang='grc' dir='ltr'>λεγόμενα</span> <span class='ocrx_word' id='word_1_46' title='bbox 1322 672 1413 723; x_wconf 72' lang='grc' dir='ltr'><strong>καὶ</strong></span> <span class='ocrx_word' id='word_1_47' title='bbox 1452 669 1802 738; x_wconf 77' lang='grc' dir='ltr'><strong>φυλάξονται,</strong></span> <span class='ocrx_word' id='word_1_48' title='bbox 1829 670 1966 737; x_wconf 83' lang='grc' dir='ltr'>ἀφέ-</span> 
     </span>
    </p>
   </div>
   <div class='ocr_carea' id='block_1_9' title="bbox 387 755 1964 829">
    <p class='ocr_par' dir='ltr' id='par_1_9' title="bbox 387 755 1964 829">
     <span class='ocr_line' id='line_1_9' title="bbox 387 755 1964 829; baseline -0.001 -14"><span class='ocrx_word' id='word_1_49' title='bbox 387 762 532 815; x_wconf 78' lang='grc' dir='ltr'>Αειάν</span> <span class='ocrx_word' id='word_1_50' title='bbox 574 755 653 815; x_wconf 83' lang='grc' dir='ltr'>’τε</span> <span class='ocrx_word' id='word_1_51' title='bbox 723 762 818 816; x_wconf 75' lang='grc' dir='ltr'><strong>καὶ</strong></span> <span class='ocrx_word' id='word_1_52' title='bbox 882 761 1071 816; x_wconf 82' lang='grc' dir='ltr'>ἄνοιαν</span> <span class='ocrx_word' id='word_1_53' title='bbox 1138 761 1287 829; x_wconf 66' lang='grc' dir='ltr'>ἅπαξ</span> <span class='ocrx_word' id='word_1_54' title='bbox 1349 761 1513 816; x_wconf 87' lang='grc' dir='ltr'>αὐτοῦ</span> <span class='ocrx_word' id='word_1_55' title='bbox 1580 761 1964 829; x_wconf 73' lang='grc' dir='ltr'><strong>καταγνόντες.</strong></span> 
     </span>
    </p>
   </div>
   <div class='ocr_carea' id='block_1_10' title="bbox 385 852 1968 925">
    <p class='ocr_par' dir='ltr' id='par_1_10' title="bbox 385 852 1968 925">
     <span class='ocr_line' id='line_1_10' title="bbox 385 852 1968 925; baseline -0.003 -16"><span class='ocrx_word' id='word_1_56' title='bbox 385 855 537 925; x_wconf 88' lang='grc' dir='ltr'>Τάχα</span> <span class='ocrx_word' id='word_1_57' title='bbox 595 856 641 909; x_wconf 86' lang='grc' dir='ltr'>δ’</span> <span class='ocrx_word' id='word_1_58' title='bbox 703 856 769 908; x_wconf 84' lang='grc' dir='ltr'><strong>ἂν</strong></span> <span class='ocrx_word' id='word_1_59' title='bbox 828 856 924 909; x_wconf 75' lang='grc' dir='ltr'><strong>καὶ</strong></span> <span class='ocrx_word' id='word_1_60' title='bbox 974 858 1153 925; x_wconf 81' lang='grc' dir='ltr'>σιωπῇ</span> <span class='ocrx_word' id='word_1_61' title='bbox 1220 855 1472 923; x_wconf 77' lang='grc' dir='ltr'>παντελεῖ</span> <span class='ocrx_word' id='word_1_62' title='bbox 1517 854 1618 917; x_wconf 81' lang='grc' dir='ltr'><strong>τὰς</strong></span> <span class='ocrx_word' id='word_1_63' title='bbox 1670 852 1777 908; x_wconf 83' lang='grc' dir='ltr'>τῶν</span> <span class='ocrx_word' id='word_1_64' title='bbox 1841 852 1968 906; x_wconf 85' lang='grc' dir='ltr'><strong>ἀτό-</strong></span> 
     </span>
    </p>
   </div>
   <div class='ocr_carea' id='block_1_11' title="bbox 386 942 1969 1015">
    <p class='ocr_par' dir='ltr' id='par_1_11' title="bbox 386 942 1969 1015">
     <span class='ocr_line' id='line_1_11' title="bbox 386 942 1969 1015; baseline 0 -20"><span class='ocrx_word' id='word_1_65' title='bbox 386 958 500 995; x_wconf 86' lang='grc' dir='ltr'><strong>πων</strong></span> <span class='ocrx_word' id='word_1_66' title='bbox 553 942 779 996; x_wconf 76' lang='grc' dir='ltr'>ἐκείνων</span> <span class='ocrx_word' id='word_1_67' title='bbox 822 943 1009 1013; x_wconf 77' lang='grc' dir='ltr'>ἐριδας</span> <span class='ocrx_word' id='word_1_68' title='bbox 1056 950 1151 1003; x_wconf 75' lang='grc' dir='ltr'>καὶ</span> <span class='ocrx_word' id='word_1_69' title='bbox 1196 945 1245 996; x_wconf 88' lang='grc' dir='ltr'><strong>οί</strong></span> <span class='ocrx_word' id='word_1_70' title='bbox 1294 944 1429 1015; x_wconf 81' lang='grc' dir='ltr'>θεῖοι</span> <span class='ocrx_word' id='word_1_71' title='bbox 1474 946 1672 998; x_wconf 82' lang='grc' dir='ltr'>ἐκεῖνοι</span> <span class='ocrx_word' id='word_1_72' title='bbox 1724 943 1969 1014; x_wconf 83' lang='grc' dir='ltr'>Πατέρες</span> 
     </span>
    </p>
   </div>
   <div class='ocr_carea' id='block_1_12' title="bbox 385 1035 1968 1108">
    <p class='ocr_par' dir='ltr' id='par_1_12' title="bbox 385 1035 1968 1108">
     <span class='ocr_line' id='line_1_12' title="bbox 385 1035 1968 1108; baseline -0.002 -18"><span class='ocrx_word' id='word_1_73' title='bbox 385 1035 838 1104; x_wconf 72' lang='grc' dir='ltr'>ἀπεκρούσαντο,</span> <span class='ocrx_word' id='word_1_74' title='bbox 902 1038 950 1089; x_wconf 88' lang='grc' dir='ltr'><strong>εί</strong></span> <span class='ocrx_word' id='word_1_75' title='bbox 1017 1036 1093 1108; x_wconf 79' lang='grc' dir='ltr'><strong>μὴ</strong></span> <span class='ocrx_word' id='word_1_76' title='bbox 1162 1038 1220 1100; x_wconf 85' lang='grc' dir='ltr'><strong>ἐς</strong></span> <span class='ocrx_word' id='word_1_77' title='bbox 1276 1036 1521 1105; x_wconf 80' lang='grc' dir='ltr'><strong>ἀνάγκας</strong></span> <span class='ocrx_word' id='word_1_78' title='bbox 1581 1037 1678 1093; x_wconf 79' lang='grc' dir='ltr'>καὶ</span> <span class='ocrx_word' id='word_1_79' title='bbox 1741 1036 1968 1099; x_wconf 78' lang='grc' dir='ltr'>ἄκοντες</span> 
     </span>
    </p>
   </div>
   <div class='ocr_carea' id='block_1_13' title="bbox 385 1127 1966 1200">
    <p class='ocr_par' dir='ltr' id='par_1_13' title="bbox 385 1127 1966 1200">
     <span class='ocr_line' id='line_1_13' title="bbox 385 1127 1966 1200; baseline 0 -18"><span class='ocrx_word' id='word_1_80' title='bbox 385 1127 684 1194; x_wconf 78' lang='grc' dir='ltr'><strong>ἀντιλέγειν</strong></span> <span class='ocrx_word' id='word_1_81' title='bbox 713 1128 927 1198; x_wconf 66' lang='grc' dir='ltr'>ἤγοντο,</span> <span class='ocrx_word' id='word_1_82' title='bbox 959 1130 1135 1199; x_wconf 75' lang='grc' dir='ltr'>ῥᾷστα</span> <span class='ocrx_word' id='word_1_83' title='bbox 1158 1127 1250 1181; x_wconf 82' lang='grc' dir='ltr'><strong>τὸν</strong></span> <span class='ocrx_word' id='word_1_84' title='bbox 1276 1129 1433 1200; x_wconf 79' lang='grc' dir='ltr'>ὄχλον</span> <span class='ocrx_word' id='word_1_85' title='bbox 1460 1128 1700 1199; x_wconf 80' lang='grc' dir='ltr'>ὁρῶντες</span> <span class='ocrx_word' id='word_1_86' title='bbox 1722 1130 1845 1192; x_wconf 89' lang='grc' dir='ltr'>ταῖς</span> <span class='ocrx_word' id='word_1_87' title='bbox 1873 1129 1966 1182; x_wconf 83' lang='grc' dir='ltr'><strong>ἄλ-</strong></span> 
     </span>
    </p>
   </div>
   <div class='ocr_carea' id='block_1_14' title="bbox 384 1219 1969 1292">
    <p class='ocr_par' dir='ltr' id='par_1_14' title="bbox 384 1219 1969 1292">
     <span class='ocr_line' id='line_1_14' title="bbox 384 1219 1969 1292; baseline 0.002 -21"><span class='ocrx_word' id='word_1_88' title='bbox 384 1227 503 1271; x_wconf 70' lang='grc' dir='ltr'>λοτε</span> <span class='ocrx_word' id='word_1_89' title='bbox 536 1219 713 1281; x_wconf 78' lang='grc' dir='ltr'>ἄλλως</span> <span class='ocrx_word' id='word_1_90' title='bbox 748 1221 1147 1289; x_wconf 86' lang='grc' dir='ltr'>ὲπιφυομέναις</span> <span class='ocrx_word' id='word_1_91' title='bbox 1181 1220 1427 1292; x_wconf 75' lang='grc' dir='ltr'>αἱρέσεσι</span> <span class='ocrx_word' id='word_1_92' title='bbox 1464 1220 1759 1291; x_wconf 83' lang='grc' dir='ltr'>προσιόντα</span> <span class='ocrx_word' id='word_1_93' title='bbox 1790 1221 1880 1275; x_wconf 87' lang='grc' dir='ltr'><strong>διά</strong></span> <span class='ocrx_word' id='word_1_94' title='bbox 1908 1221 1969 1274; x_wconf 84' lang='grc' dir='ltr'><strong>τὸ</strong></span> 
     </span>
    </p>
   </div>
   <div class='ocr_carea' id='block_1_15' title="bbox 384 1310 1969 1394">
    <p class='ocr_par' dir='ltr' id='par_1_15' title="bbox 384 1310 1969 1394">
     <span class='ocr_line' id='line_1_15' title="bbox 384 1310 1969 1394; baseline 0.002 -29"><span class='ocrx_word' id='word_1_95' title='bbox 384 1312 712 1379; x_wconf 68' lang='grc' dir='ltr'>ἀνέδραστον</span> <span class='ocrx_word' id='word_1_96' title='bbox 739 1312 829 1394; x_wconf 55' lang='grc' dir='ltr'>ἔτι</span> <span class='ocrx_word' id='word_1_97' title='bbox 870 1313 1000 1382; x_wconf 70' lang='grc' dir='ltr'>περὶ</span> <span class='ocrx_word' id='word_1_98' title='bbox 1037 1314 1136 1383; x_wconf 83' lang='grc' dir='ltr'><strong>τὴν</strong></span> <span class='ocrx_word' id='word_1_99' title='bbox 1174 1312 1361 1367; x_wconf 83' lang='grc' dir='ltr'>πίστιν</span> <span class='ocrx_word' id='word_1_100' title='bbox 1398 1315 1496 1394; x_wconf 55' lang='grc' dir='ltr'><strong>καλ</strong></span> <span class='ocrx_word' id='word_1_101' title='bbox 1535 1310 1598 1368; x_wconf 82' lang='grc' dir='ltr'><strong>ού</strong></span> <span class='ocrx_word' id='word_1_102' title='bbox 1640 1313 1848 1383; x_wconf 82' lang='grc' dir='ltr'>σφόδρα</span> <span class='ocrx_word' id='word_1_103' title='bbox 1885 1331 1969 1368; x_wconf 89' lang='grc' dir='ltr'><strong>τοι</strong></span> 
     </span>
    </p>
   </div>
   <div class='ocr_carea' id='block_1_16' title="bbox 384 1391 1968 1477">
    <p class='ocr_par' dir='ltr' id='par_1_16' title="bbox 384 1391 1968 1477">
     <span class='ocr_line' id='line_1_16' title="bbox 384 1391 1968 1477; baseline 0.003 -23"><span class='ocrx_word' id='word_1_104' title='bbox 384 1391 776 1471; x_wconf 78' lang='grc' dir='ltr'>ἀναμφίδολον.</span> <span class='ocrx_word' id='word_1_105' title='bbox 809 1403 925 1456; x_wconf 89' lang='grc' dir='ltr'>Νῦν</span> <span class='ocrx_word' id='word_1_106' title='bbox 954 1402 999 1456; x_wconf 88' lang='grc' dir='ltr'>δ’</span> <span class='ocrx_word' id='word_1_107' title='bbox 1022 1402 1166 1456; x_wconf 72' lang='grc' dir='ltr'>οὕτω</span> <span class='ocrx_word' id='word_1_108' title='bbox 1201 1391 1614 1473; x_wconf 68' lang='grc' dir='ltr'>βεϐαιωθέντων</span> <span class='ocrx_word' id='word_1_109' title='bbox 1646 1407 1741 1460; x_wconf 67' lang='lat' dir='ltr'><strong>xxi.</strong></span> <span class='ocrx_word' id='word_1_110' title='bbox 1775 1421 1968 1477; x_wconf 76' lang='grc' dir='ltr'>στηρι-</span> 
     </span>
    </p>
   </div>
   <div class='ocr_carea' id='block_1_17' title="bbox 384 1492 1971 1568">
    <p class='ocr_par' dir='ltr' id='par_1_17' title="bbox 384 1492 1971 1568">
     <span class='ocr_line' id='line_1_17' title="bbox 384 1492 1971 1568; baseline 0.004 -23"><span class='ocrx_word' id='word_1_111' title='bbox 384 1492 620 1563; x_wconf 88' lang='grc' dir='ltr'>χθέντων</span> <span class='ocrx_word' id='word_1_112' title='bbox 646 1493 725 1556; x_wconf 79' lang='grc' dir='ltr'>εἰς</span> <span class='ocrx_word' id='word_1_113' title='bbox 747 1494 847 1564; x_wconf 82' lang='grc' dir='ltr'><strong>τὴν</strong></span> <span class='ocrx_word' id='word_1_114' title='bbox 873 1493 1057 1550; x_wconf 84' lang='grc' dir='ltr'>πίστιν</span> <span class='ocrx_word' id='word_1_115' title='bbox 1081 1496 1175 1549; x_wconf 64' lang='grc' dir='ltr'><strong>τιῦ</strong></span> <span class='ocrx_word' id='word_1_116' title='bbox 1208 1497 1473 1568; x_wconf 82' lang='grc' dir='ltr'>πλήθους,</span> <span class='ocrx_word' id='word_1_117' title='bbox 1505 1498 1649 1553; x_wconf 84' lang='grc' dir='ltr'>ὥστε</span> <span class='ocrx_word' id='word_1_118' title='bbox 1682 1497 1877 1553; x_wconf 78' lang='grc' dir='ltr'>θᾶττον</span> <span class='ocrx_word' id='word_1_119' title='bbox 1903 1499 1971 1552; x_wconf 86' lang='grc' dir='ltr'>ἂν</span> 
     </span>
    </p>
   </div>
   <div class='ocr_carea' id='block_1_18' title="bbox 387 1584 1970 1660">
    <p class='ocr_par' dir='ltr' id='par_1_18' title="bbox 387 1584 1970 1660">
     <span class='ocr_line' id='line_1_18' title="bbox 387 1584 1970 1660; baseline 0.004 -24"><span class='ocrx_word' id='word_1_120' title='bbox 387 1584 485 1636; x_wconf 80' lang='grc' dir='ltr'>τδοι</span> <span class='ocrx_word' id='word_1_121' title='bbox 513 1602 596 1648; x_wconf 89' lang='grc' dir='ltr'><strong>τις</strong></span> <span class='ocrx_word' id='word_1_122' title='bbox 623 1584 714 1638; x_wconf 71' lang='grc' dir='ltr'><strong>τὸν</strong></span> <span class='ocrx_word' id='word_1_123' title='bbox 742 1586 962 1656; x_wconf 84' lang='grc' dir='ltr'>σίδηρον</span> <span class='ocrx_word' id='word_1_124' title='bbox 995 1586 1303 1655; x_wconf 75' lang='grc' dir='ltr'>μεταθέντα</span> <span class='ocrx_word' id='word_1_125' title='bbox 1333 1591 1431 1659; x_wconf 79' lang='grc' dir='ltr'>τὴν</span> <span class='ocrx_word' id='word_1_126' title='bbox 1460 1590 1644 1659; x_wconf 74' lang='grc' dir='ltr'>φύσιν,</span> <span class='ocrx_word' id='word_1_127' title='bbox 1677 1590 1710 1660; x_wconf 79' lang='grc' dir='ltr'><strong>ἢ</strong></span> <span class='ocrx_word' id='word_1_128' title='bbox 1742 1589 1970 1654; x_wconf 80' lang='grc' dir='ltr'>τούτους</span> 
     </span>
    </p>
   </div>
   <div class='ocr_carea' id='block_1_19' title="bbox 388 1674 1971 1750">
    <p class='ocr_par' dir='ltr' id='par_1_19' title="bbox 388 1674 1971 1750">
     <span class='ocr_line' id='line_1_19' title="bbox 388 1674 1971 1750; baseline 0.004 -23"><span class='ocrx_word' id='word_1_129' title='bbox 388 1674 561 1746; x_wconf 80' lang='grc' dir='ltr'>βραχὺ</span> <span class='ocrx_word' id='word_1_130' title='bbox 607 1677 719 1732; x_wconf 77' lang='grc' dir='ltr'><strong>τῶν</strong></span> <span class='ocrx_word' id='word_1_131' title='bbox 766 1679 1015 1749; x_wconf 78' lang='grc' dir='ltr'>πατρίων</span> <span class='ocrx_word' id='word_1_132' title='bbox 1066 1680 1476 1750; x_wconf 80' lang='grc' dir='ltr'>μεταθεμένους</span> <span class='ocrx_word' id='word_1_133' title='bbox 1521 1678 1833 1750; x_wconf 74' lang='grc' dir='ltr'>δογμάτων“,</span> <span class='ocrx_word' id='word_1_134' title='bbox 1886 1682 1971 1746; x_wconf 84' lang='grc' dir='ltr'><strong>τίς</strong></span> 
     </span>
    </p>
   </div>
   <div class='ocr_carea' id='block_1_20' title="bbox 386 1765 1970 1846">
    <p class='ocr_par' dir='ltr' id='par_1_20' title="bbox 386 1765 1970 1846">
     <span class='ocr_line' id='line_1_20' title="bbox 386 1765 1970 1846; baseline 0.01 -30"><span class='ocrx_word' id='word_1_135' title='bbox 386 1765 544 1835; x_wconf 82' lang='grc' dir='ltr'>χρεία</span> <span class='ocrx_word' id='word_1_136' title='bbox 576 1766 749 1836; x_wconf 87' lang='grc' dir='ltr'>λόγων</span> <span class='ocrx_word' id='word_1_137' title='bbox 778 1769 1170 1839; x_wconf 71' lang='grc' dir='ltr'>ὠφελησάντων</span> <span class='ocrx_word' id='word_1_138' title='bbox 1198 1773 1383 1837; x_wconf 73' lang='grc' dir='ltr'>ούδένς</span> <span class='ocrx_word' id='word_1_139' title='bbox 1414 1774 1522 1828; x_wconf 74' lang='grc' dir='ltr'><strong>Καὶ</strong></span> <span class='ocrx_word' id='word_1_140' title='bbox 1554 1774 1662 1845; x_wconf 81' lang='grc' dir='ltr'>γὰρ</span> <span class='ocrx_word' id='word_1_141' title='bbox 1695 1776 1782 1830; x_wconf 80' lang='grc' dir='ltr'><strong>ἵνα</strong></span> <span class='ocrx_word' id='word_1_142' title='bbox 1814 1777 1970 1846; x_wconf 85' lang='grc' dir='ltr'><strong>κάγὼ</strong></span> 
     </span>
    </p>
   </div>
   <div class='ocr_carea' id='block_1_21' title="bbox 385 1856 1974 1936">
    <p class='ocr_par' dir='ltr' id='par_1_21' title="bbox 385 1856 1974 1936">
     <span class='ocr_line' id='line_1_21' title="bbox 385 1856 1974 1936; baseline 0.01 -27"><span class='ocrx_word' id='word_1_143' title='bbox 385 1857 454 1909; x_wconf 85' lang='grc' dir='ltr'><strong>τά</strong></span> <span class='ocrx_word' id='word_1_144' title='bbox 484 1856 576 1909; x_wconf 78' lang='grc' dir='ltr'><strong>τοῦ</strong></span> <span class='ocrx_word' id='word_1_145' title='bbox 612 1859 941 1915; x_wconf 78' lang='grc' dir='ltr'>Ἀποστὸλου</span> <span class='ocrx_word' id='word_1_146' title='bbox 976 1864 1114 1916; x_wconf 84' lang='grc' dir='ltr'>κατὰ</span> <span class='ocrx_word' id='word_1_147' title='bbox 1153 1865 1342 1934; x_wconf 74' lang='grc' dir='ltr'>καιρον</span> <span class='ocrx_word' id='word_1_148' title='bbox 1377 1866 1705 1936; x_wconf 78' lang='grc' dir='ltr'>φθέγξωμαι</span> <span class='ocrx_word' id='word_1_149' title='bbox 1727 1910 1740 1929; x_wconf 88' lang='grc'><strong>,</strong></span> <span class='ocrx_word' id='word_1_150' title='bbox 1777 1869 1974 1924; x_wconf 78' lang='grc' dir='ltr'>πέπει-</span> 
     </span>
    </p>
   </div>
   <div class='ocr_carea' id='block_1_22' title="bbox 389 1950 1970 2029">
    <p class='ocr_par' dir='ltr' id='par_1_22' title="bbox 389 1950 1970 2029">
     <span class='ocr_line' id='line_1_22' title="bbox 389 1950 1970 2029; baseline 0.008 -28"><span class='ocrx_word' id='word_1_151' title='bbox 389 1964 546 2017; x_wconf 82' lang='grc' dir='ltr'>σμαι,</span> <span class='ocrx_word' id='word_1_152' title='bbox 595 1951 676 2002; x_wconf 86' lang='grc' dir='ltr'><strong>ὅτι</strong></span> <span class='ocrx_word' id='word_1_153' title='bbox 722 1950 844 2004; x_wconf 76' lang='grc' dir='ltr'>οὔτε</span> <span class='ocrx_word' id='word_1_154' title='bbox 893 1952 1144 2018; x_wconf 83' lang='grc' dir='ltr'>θάνατος,</span> <span class='ocrx_word' id='word_1_155' title='bbox 1192 1953 1317 2009; x_wconf 80' lang='grc' dir='ltr'>οὔτε</span> <span class='ocrx_word' id='word_1_156' title='bbox 1368 1956 1503 2028; x_wconf 68' lang='grc' dir='ltr'>ζωὴ,</span> <span class='ocrx_word' id='word_1_157' title='bbox 1553 1957 1678 2012; x_wconf 78' lang='grc' dir='ltr'>οὔτε</span> <span class='ocrx_word' id='word_1_158' title='bbox 1727 1956 1970 2029; x_wconf 70' lang='grc' dir='ltr'>ἄγγελος,</span> 
     </span>
    </p>
   </div>
   <div class='ocr_carea' id='block_1_23' title="bbox 386 2039 1973 2123">
    <p class='ocr_par' dir='ltr' id='par_1_23' title="bbox 386 2039 1973 2123">
     <span class='ocr_line' id='line_1_23' title="bbox 386 2039 1973 2123; baseline 0.01 -31"><span class='ocrx_word' id='word_1_159' title='bbox 386 2039 508 2093; x_wconf 76' lang='grc' dir='ltr'>οὔτε</span> <span class='ocrx_word' id='word_1_160' title='bbox 538 2041 724 2113; x_wconf 66' lang='grc' dir='ltr'>ἀρχαὶ,</span> <span class='ocrx_word' id='word_1_161' title='bbox 752 2043 875 2097; x_wconf 80' lang='grc' dir='ltr'>οὕτε</span> <span class='ocrx_word' id='word_1_162' title='bbox 904 2046 1185 2115; x_wconf 87' lang='grc' dir='ltr'>δυνάμεις,</span> <span class='ocrx_word' id='word_1_163' title='bbox 1213 2046 1337 2101; x_wconf 80' lang='grc' dir='ltr'>οὒτε</span> <span class='ocrx_word' id='word_1_164' title='bbox 1366 2051 1659 2119; x_wconf 79' lang='grc' dir='ltr'>ἐνεστῶτα,</span> <span class='ocrx_word' id='word_1_165' title='bbox 1688 2052 1813 2105; x_wconf 80' lang='grc' dir='ltr'>οὔτε</span> <span class='ocrx_word' id='word_1_166' title='bbox 1846 2055 1973 2123; x_wconf 68' lang='grc' dir='ltr'>μέλι</span> 
     </span>
    </p>
   </div>
   <div class='ocr_carea' id='block_1_24' title="bbox 386 2133 1973 2218">
    <p class='ocr_par' dir='ltr' id='par_1_24' title="bbox 386 2133 1973 2218">
     <span class='ocr_line' id='line_1_24' title="bbox 386 2133 1973 2218; baseline 0.009 -33"><span class='ocrx_word' id='word_1_167' title='bbox 386 2133 580 2199; x_wconf 89' lang='grc' dir='ltr'>λοντα,</span> <span class='ocrx_word' id='word_1_168' title='bbox 612 2134 736 2188; x_wconf 77' lang='grc' dir='ltr'>οὔτε</span> <span class='ocrx_word' id='word_1_169' title='bbox 771 2135 973 2209; x_wconf 75' lang='grc' dir='ltr'>ὕψωμα</span> <span class='ocrx_word' id='word_1_170' title='bbox 996 2181 1009 2203; x_wconf 91' lang='grc'><strong>,</strong></span> <span class='ocrx_word' id='word_1_171' title='bbox 1044 2137 1168 2192; x_wconf 79' lang='grc' dir='ltr'>οὔτε</span> <span class='ocrx_word' id='word_1_172' title='bbox 1205 2139 1403 2210; x_wconf 80' lang='grc' dir='ltr'>βάθος,</span> <span class='ocrx_word' id='word_1_173' title='bbox 1436 2140 1559 2196; x_wconf 80' lang='grc' dir='ltr'>οὔτε</span> <span class='ocrx_word' id='word_1_174' title='bbox 1596 2145 1774 2207; x_wconf 78' lang='grc' dir='ltr'>κτίσις</span> <span class='ocrx_word' id='word_1_175' title='bbox 1808 2148 1973 2218; x_wconf 79' lang='grc' dir='ltr'>ἑτέρα</span> 
     </span>
    </p>
   </div>
   <div class='ocr_carea' id='block_1_25' title="bbox 384 2224 1973 2310">
    <p class='ocr_par' dir='ltr' id='par_1_25' title="bbox 384 2224 1973 2310">
     <span class='ocr_line' id='line_1_25' title="bbox 384 2224 1973 2310; baseline 0.01 -33"><span class='ocrx_word' id='word_1_176' title='bbox 384 2224 675 2296; x_wconf 82' lang='grc' dir='ltr'>δυνήσεται</span> <span class='ocrx_word' id='word_1_177' title='bbox 707 2229 932 2294; x_wconf 83' lang='grc' dir='ltr'>τούτους</span> <span class='ocrx_word' id='word_1_178' title='bbox 964 2231 1075 2285; x_wconf 82' lang='grc' dir='ltr'><strong>τῶν</strong></span> <span class='ocrx_word' id='word_1_179' title='bbox 1112 2232 1359 2303; x_wconf 85' lang='grc' dir='ltr'>πατρίων</span> <span class='ocrx_word' id='word_1_180' title='bbox 1394 2236 1709 2307; x_wconf 80' lang='grc' dir='ltr'>ἀποστῆσαι</span> <span class='ocrx_word' id='word_1_181' title='bbox 1755 2239 1973 2310; x_wconf 80' lang='grc' dir='ltr'>θεσμῶν</span> 
     </span>
    </p>
   </div>
   <div class='ocr_carea' id='block_1_26' title="bbox 386 2318 1973 2403">
    <p class='ocr_par' dir='ltr' id='par_1_26' title="bbox 386 2318 1973 2403">
     <span class='ocr_line' id='line_1_26' title="bbox 386 2318 1973 2403; baseline 0.011 -34"><span class='ocrx_word' id='word_1_182' title='bbox 386 2320 478 2369; x_wconf 71' lang='grc' dir='ltr'><strong>καὶ</strong></span> <span class='ocrx_word' id='word_1_183' title='bbox 515 2318 819 2388; x_wconf 76' lang='grc' dir='ltr'>δογμάτων.</span> <span class='ocrx_word' id='word_1_184' title='bbox 853 2322 1112 2387; x_wconf 78' lang='grc' dir='ltr'>Ἔπειτα,</span> <span class='ocrx_word' id='word_1_185' title='bbox 1154 2326 1203 2377; x_wconf 84' lang='grc' dir='ltr'><strong>εί</strong></span> <span class='ocrx_word' id='word_1_186' title='bbox 1258 2324 1360 2395; x_wconf 81' lang='grc' dir='ltr'>μὲν</span> <span class='ocrx_word' id='word_1_187' title='bbox 1384 2327 1637 2395; x_wconf 73' lang='grc' dir='ltr'>πρώτως</span> <span class='ocrx_word' id='word_1_188' title='bbox 1678 2331 1781 2403; x_wconf 80' lang='grc' dir='ltr'>ήδη</span> <span class='ocrx_word' id='word_1_189' title='bbox 1819 2333 1973 2386; x_wconf 85' lang='grc' dir='ltr'>ταῦτ’</span> 
     </span>
    </p>
   </div>
   <div class='ocr_carea' id='block_1_27' title="bbox 384 2409 1973 2495">
    <p class='ocr_par' dir='ltr' id='par_1_27' title="bbox 384 2409 1973 2495">
     <span class='ocr_line' id='line_1_27' title="bbox 384 2409 1973 2495; baseline 0.01 -33"><span class='ocrx_word' id='word_1_190' title='bbox 384 2409 726 2481; x_wconf 73' lang='grc' dir='ltr'>ἐνοχλοῦντες</span> <span class='ocrx_word' id='word_1_191' title='bbox 750 2411 915 2485; x_wconf 79' lang='grc' dir='ltr'>ἦσαν,</span> <span class='ocrx_word' id='word_1_192' title='bbox 937 2420 1031 2470; x_wconf 73' lang='grc' dir='ltr'><strong>καὶ</strong></span> <span class='ocrx_word' id='word_1_193' title='bbox 1058 2416 1291 2488; x_wconf 83' lang='grc' dir='ltr'>πρώτοις</span> <span class='ocrx_word' id='word_1_194' title='bbox 1310 2421 1442 2490; x_wconf 83' lang='grc' dir='ltr'>ἡμῖν</span> <span class='ocrx_word' id='word_1_195' title='bbox 1465 2421 1534 2474; x_wconf 78' lang='grc' dir='ltr'><strong>τά</strong></span> <span class='ocrx_word' id='word_1_196' title='bbox 1554 2422 1780 2477; x_wconf 88' lang='grc' dir='ltr'>τοιαῦτα</span> <span class='ocrx_word' id='word_1_197' title='bbox 1806 2426 1973 2495; x_wconf 75' lang='grc' dir='ltr'>πρού·</span> 
     </span>
    </p>
   </div>
   <div class='ocr_carea' id='block_1_28' title="bbox 384 2500 1972 2588">
    <p class='ocr_par' dir='ltr' id='par_1_28' title="bbox 384 2500 1972 2588">
     <span class='ocr_line' id='line_1_28' title="bbox 384 2500 1972 2588; baseline 0.011 -37"><span class='ocrx_word' id='word_1_198' title='bbox 384 2500 626 2567; x_wconf 80' lang='grc' dir='ltr'>τίθεσαν,</span> <span class='ocrx_word' id='word_1_199' title='bbox 646 2504 774 2570; x_wconf 75' lang='grc' dir='ltr'>ἴσως</span> <span class='ocrx_word' id='word_1_200' title='bbox 806 2507 871 2560; x_wconf 82' lang='grc' dir='ltr'>ἄν</span> <span class='ocrx_word' id='word_1_201' title='bbox 900 2510 991 2560; x_wconf 73' lang='grc' dir='ltr'>καὶ</span> <span class='ocrx_word' id='word_1_202' title='bbox 1019 2509 1172 2562; x_wconf 79' lang='grc' dir='ltr'>αὐτοὶ</span> <span class='ocrx_word' id='word_1_203' title='bbox 1205 2512 1340 2579; x_wconf 79' lang='grc' dir='ltr'>πρὸς</span> <span class='ocrx_word' id='word_1_204' title='bbox 1368 2511 1546 2580; x_wconf 87' lang='grc' dir='ltr'>λόγων</span> <span class='ocrx_word' id='word_1_205' title='bbox 1576 2515 1797 2583; x_wconf 81' lang='grc' dir='ltr'>ἀγῶνας</span> <span class='ocrx_word' id='word_1_206' title='bbox 1832 2536 1897 2571; x_wconf 78' lang='grc' dir='ltr'>πσ</span> <span class='ocrx_word' id='word_1_207' title='bbox 1913 2535 1972 2588; x_wconf 78' lang='grc' dir='ltr'>ρ-</span> 
     </span>
    </p>
   </div>
   <div class='ocr_carea' id='block_1_29' title="bbox 384 2594 1971 2675">
    <p class='ocr_par' dir='ltr' id='par_1_29' title="bbox 384 2594 1971 2675">
     <span class='ocr_line' id='line_1_29' title="bbox 384 2594 1971 2675; baseline 0.013 -33"><span class='ocrx_word' id='word_1_208' title='bbox 384 2594 794 2663; x_wconf 74' lang='grc' dir='ltr'>σσκευαζόμεθα</span> <span class='ocrx_word' id='word_1_209' title='bbox 855 2598 1095 2669; x_wconf 82' lang='grc' dir='ltr'>τήμερον</span> <span class='ocrx_word' id='word_1_210' title='bbox 1129 2598 1223 2665; x_wconf 84' lang='grc' dir='ltr'><strong>ξύν</strong></span> <span class='ocrx_word' id='word_1_211' title='bbox 1273 2618 1335 2669; x_wconf 84' lang='grc' dir='ltr'><strong>γε</strong></span> <span class='ocrx_word' id='word_1_212' title='bbox 1367 2602 1507 2675; x_wconf 84' lang='grc' dir='ltr'><strong>Θεῷ.</strong></span> <span class='ocrx_word' id='word_1_213' title='bbox 1535 2603 1689 2660; x_wconf 75' lang='grc' dir='ltr'>Ἐπεὶ</span> <span class='ocrx_word' id='word_1_214' title='bbox 1717 2606 1773 2661; x_wconf 83' lang='grc' dir='ltr'>δὲ</span> <span class='ocrx_word' id='word_1_215' title='bbox 1805 2609 1971 2663; x_wconf 88' lang='grc' dir='ltr'>πάλαι</span> 
     </span>
    </p>
   </div>
   <div class='ocr_carea' id='block_1_30' title="bbox 385 2684 1973 2772">
    <p class='ocr_par' dir='ltr' id='par_1_30' title="bbox 385 2684 1973 2772">
     <span class='ocr_line' id='line_1_30' title="bbox 385 2684 1973 2772; baseline 0.013 -37"><span class='ocrx_word' id='word_1_216' title='bbox 385 2684 541 2737; x_wconf 85' lang='grc' dir='ltr'>ταῦτ’</span> <span class='ocrx_word' id='word_1_217' title='bbox 565 2686 862 2754; x_wconf 78' lang='grc' dir='ltr'>ἐξήτασται</span> <span class='ocrx_word' id='word_1_218' title='bbox 893 2690 987 2743; x_wconf 72' lang='grc' dir='ltr'><strong>καὶ</strong></span> <span class='ocrx_word' id='word_1_219' title='bbox 1017 2691 1174 2758; x_wconf 80' lang='grc' dir='ltr'>τάξιν</span> <span class='ocrx_word' id='word_1_220' title='bbox 1203 2693 1502 2765; x_wconf 77' lang='grc' dir='ltr'>εἰλήφεσαν</span> <span class='ocrx_word' id='word_1_221' title='bbox 1531 2697 1631 2768; x_wconf 82' lang='grc' dir='ltr'>τὴν</span> <span class='ocrx_word' id='word_1_222' title='bbox 1660 2701 1973 2772; x_wconf 83' lang='grc' dir='ltr'>προσήκου-</span> 
     </span>
    </p>
   </div>
   <div class='ocr_carea' id='block_1_31' title="bbox 387 2778 1971 2864">
    <p class='ocr_par' dir='ltr' id='par_1_31' title="bbox 387 2778 1971 2864">
     <span class='ocr_line' id='line_1_31' title="bbox 387 2778 1971 2864; baseline 0.015 -39"><span class='ocrx_word' id='word_1_223' title='bbox 387 2790 507 2839; x_wconf 89' lang='grc' dir='ltr'>σαν,</span> <span class='ocrx_word' id='word_1_224' title='bbox 529 2778 622 2829; x_wconf 81' lang='grc' dir='ltr'>καὶ</span> <span class='ocrx_word' id='word_1_225' title='bbox 653 2778 713 2831; x_wconf 85' lang='grc' dir='ltr'>τὸ</span> <span class='ocrx_word' id='word_1_226' title='bbox 746 2778 914 2849; x_wconf 81' lang='grc' dir='ltr'>κῦρος</span> <span class='ocrx_word' id='word_1_227' title='bbox 947 2781 1203 2853; x_wconf 78' lang='grc' dir='ltr'>λαμπρὸν</span> <span class='ocrx_word' id='word_1_228' title='bbox 1235 2786 1609 2860; x_wconf 82' lang='grc' dir='ltr'>παρεπέμφθη</span> <span class='ocrx_word' id='word_1_229' title='bbox 1645 2789 1723 2862; x_wconf 82' lang='grc' dir='ltr'>τῷ</span> <span class='ocrx_word' id='word_1_230' title='bbox 1753 2793 1971 2864; x_wconf 82' lang='grc' dir='ltr'>χρόνῳ,</span> 
     </span>
    </p>
   </div>
   <div class='ocr_carea' id='block_1_32' title="bbox 386 2866 1972 2950">
    <p class='ocr_par' dir='ltr' id='par_1_32' title="bbox 386 2866 1972 2950">
     <span class='ocr_line' id='line_1_32' title="bbox 386 2866 1972 2950; baseline 0.015 -33"><span class='ocrx_word' id='word_1_231' title='bbox 386 2866 664 2923; x_wconf 79' lang='grc' dir='ltr'>κάνταῦθα</span> <span class='ocrx_word' id='word_1_232' title='bbox 689 2872 952 2933; x_wconf 78' lang='grc' dir='ltr'>πολλάκις</span> <span class='ocrx_word' id='word_1_233' title='bbox 976 2875 1383 2949; x_wconf 84' lang='grc' dir='ltr'>ἐνδημήσαντες</span> <span class='ocrx_word' id='word_1_234' title='bbox 1406 2876 1551 2936; x_wconf 80' lang='grc' dir='ltr'>οὗτοι</span> <span class='ocrx_word' id='word_1_235' title='bbox 1579 2883 1846 2950; x_wconf 88' lang='grc' dir='ltr'>πολλάκις</span> <span class='ocrx_word' id='word_1_236' title='bbox 1873 2892 1972 2942; x_wconf 80' lang='grc' dir='ltr'>καὶ</span> 
     </span>
    </p>
   </div>
   <div class='ocr_carea' id='block_1_33' title="bbox 270 2956 1975 3043">
    <p class='ocr_par' dir='ltr' id='par_1_33' title="bbox 270 2956 1975 3043">
     <span class='ocr_line' id='line_1_33' title="bbox 270 2956 1975 3043; baseline 0.016 -37"><span class='ocrx_word' id='word_1_237' title='bbox 270 2986 275 2995; x_wconf 74' lang='grc' dir='ltr'>ι</span> <span class='ocrx_word' id='word_1_238' title='bbox 374 2956 842 3029; x_wconf 78' lang='grc' dir='ltr'>ἀπεκρούσθησαν</span> <span class='ocrx_word' id='word_1_239' title='bbox 866 2980 879 2993; x_wconf 82' lang='lat'><strong><em>°</em></strong></span> <span class='ocrx_word' id='word_1_240' title='bbox 905 2964 1010 3018; x_wconf 90' lang='grc' dir='ltr'><strong>ποῦ</strong></span> <span class='ocrx_word' id='word_1_241' title='bbox 1042 2966 1254 3022; x_wconf 88' lang='grc' dir='ltr'>δίκαιον</span> <span class='ocrx_word' id='word_1_242' title='bbox 1281 2973 1394 3035; x_wconf 88' lang='grc' dir='ltr'>τοῖς</span> <span class='ocrx_word' id='word_1_243' title='bbox 1424 2974 1595 3028; x_wconf 88' lang='grc' dir='ltr'>πάλαι</span> <span class='ocrx_word' id='word_1_244' title='bbox 1623 2975 1803 3043; x_wconf 81' lang='grc' dir='ltr'>καλῶς</span> <span class='ocrx_word' id='word_1_245' title='bbox 1828 2979 1975 3033; x_wconf 82' lang='grc' dir='ltr'>δεδο-</span> 
     </span>
    </p>
   </div>
   <div class='ocr_carea' id='block_1_34' title="bbox 391 3048 1970 3138">
    <p class='ocr_par' dir='ltr' id='par_1_34' title="bbox 391 3048 1970 3138">
     <span class='ocr_line' id='line_1_34' title="bbox 391 3048 1970 3138; baseline 0.014 -40"><span class='ocrx_word' id='word_1_246' title='bbox 391 3048 573 3117; x_wconf 81' lang='grc' dir='ltr'>μένοις</span> <span class='ocrx_word' id='word_1_247' title='bbox 620 3052 859 3123; x_wconf 80' lang='grc' dir='ltr'>τήμερον</span> <span class='ocrx_word' id='word_1_248' title='bbox 896 3056 1046 3125; x_wconf 78' lang='grc' dir='ltr'>ἡμᾶς</span> <span class='ocrx_word' id='word_1_249' title='bbox 1072 3057 1312 3127; x_wconf 74' lang='grc' dir='ltr'>ἐνοχλεῖν</span> <span class='ocrx_word' id='word_1_250' title='bbox 1337 3061 1430 3115; x_wconf 75' lang='grc' dir='ltr'>καὶ</span> <span class='ocrx_word' id='word_1_251' title='bbox 1457 3063 1697 3134; x_wconf 81' lang='grc' dir='ltr'>ἀνήνυτα</span> <span class='ocrx_word' id='word_1_252' title='bbox 1725 3068 1970 3138; x_wconf 68' lang='grc' dir='ltr'>μοχθεῖν,</span> 
     </span>
    </p>
   </div>
   <div class='ocr_carea' id='block_1_35' title="bbox 2072 573 3659 644">
    <p class='ocr_par' dir='ltr' id='par_1_35' title="bbox 2072 573 3659 644">
     <span class='ocr_line' id='line_1_35' title="bbox 2072 573 3659 644; baseline -0.001 -17"><span class='ocrx_word' id='word_1_253' title='bbox 2072 574 2203 633; x_wconf 74' lang='lat' dir='ltr'><strong>\itrt,</strong></span> <span class='ocrx_word' id='word_1_254' title='bbox 2237 588 2421 644; x_wconf 89' lang='lat' dir='ltr'><strong>neque</strong></span> <span class='ocrx_word' id='word_1_255' title='bbox 2452 573 2656 642; x_wconf 80' lang='lat' dir='ltr'><strong>angeli,</strong></span> <span class='ocrx_word' id='word_1_256' title='bbox 2696 588 2879 642; x_wconf 87' lang='lat' dir='ltr'><strong>neque</strong></span> <span class='ocrx_word' id='word_1_257' title='bbox 2914 573 3283 642; x_wconf 88' lang='lat' dir='ltr'><strong>principatus,</strong></span> <span class='ocrx_word' id='word_1_258' title='bbox 3324 587 3507 643; x_wconf 89' lang='lat' dir='ltr'><strong>neque</strong></span> <span class='ocrx_word' id='word_1_259' title='bbox 3542 573 3659 628; x_wconf 81' lang='lat' dir='ltr'><strong>vir-</strong></span> 
     </span>
    </p>
   </div>
   <div class='ocr_carea' id='block_1_36' title="bbox 2071 663 3656 734">
    <p class='ocr_par' dir='ltr' id='par_1_36' title="bbox 2071 663 3656 734">
     <span class='ocr_line' id='line_1_36' title="bbox 2071 663 3656 734; baseline 0 -14"><span class='ocrx_word' id='word_1_260' title='bbox 2071 674 2240 729; x_wconf 89' lang='lat' dir='ltr'><strong>tutes,</strong></span> <span class='ocrx_word' id='word_1_261' title='bbox 2286 678 2468 734; x_wconf 89' lang='lat' dir='ltr'><strong>neque</strong></span> <span class='ocrx_word' id='word_1_262' title='bbox 2505 663 2795 728; x_wconf 89' lang='lat' dir='ltr'><strong>instantia,</strong></span> <span class='ocrx_word' id='word_1_263' title='bbox 2846 679 3028 734; x_wconf 89' lang='lat' dir='ltr'><strong>neque</strong></span> <span class='ocrx_word' id='word_1_264' title='bbox 3059 663 3270 728; x_wconf 88' lang='lat' dir='ltr'><strong>futura,</strong></span> <span class='ocrx_word' id='word_1_265' title='bbox 3309 679 3489 733; x_wconf 84' lang='lat' dir='ltr'><strong>neque</strong></span> <span class='ocrx_word' id='word_1_266' title='bbox 3524 664 3656 720; x_wconf 77' lang='lat' dir='ltr'><strong>alti—</strong></span> 
     </span>
    </p>
   </div>
   <div class='ocr_carea' id='block_1_37' title="bbox 2070 757 3659 828">
    <p class='ocr_par' dir='ltr' id='par_1_37' title="bbox 2070 757 3659 828">
     <span class='ocr_line' id='line_1_37' title="bbox 2070 757 3659 828; baseline 0 -15"><span class='ocrx_word' id='word_1_267' title='bbox 2070 758 2227 821; x_wconf 87' lang='lat' dir='ltr'><strong>tudo,</strong></span> <span class='ocrx_word' id='word_1_268' title='bbox 2263 773 2447 827; x_wconf 81' lang='lat' dir='ltr'><strong>neque</strong></span> <span class='ocrx_word' id='word_1_269' title='bbox 2474 757 2836 828; x_wconf 84' lang='lat' dir='ltr'><strong>profundum,</strong></span> <span class='ocrx_word' id='word_1_270' title='bbox 2875 772 3053 827; x_wconf 89' lang='lat' dir='ltr'><strong>neque</strong></span> <span class='ocrx_word' id='word_1_271' title='bbox 3081 765 3335 813; x_wconf 76' lang='lat' dir='ltr'><strong>creatura</strong></span> <span class='ocrx_word' id='word_1_272' title='bbox 3365 758 3471 813; x_wconf 90' lang='lat' dir='ltr'><strong>alia</strong></span> <span class='ocrx_word' id='word_1_273' title='bbox 3501 765 3659 828; x_wconf 86' lang='lat' dir='ltr'><strong>pote-</strong></span> 
     </span>
    </p>
   </div>
   <div class='ocr_carea' id='block_1_38' title="bbox 2072 850 3657 921">
    <p class='ocr_par' dir='ltr' id='par_1_38' title="bbox 2072 850 3657 921">
     <span class='ocr_line' id='line_1_38' title="bbox 2072 850 3657 921; baseline 0.001 -15"><span class='ocrx_word' id='word_1_274' title='bbox 2072 852 2147 906; x_wconf 85' lang='lat' dir='ltr'><strong>rit</strong></span> <span class='ocrx_word' id='word_1_275' title='bbox 2183 852 2322 907; x_wconf 87' lang='lat' dir='ltr'><strong>istos</strong></span> <span class='ocrx_word' id='word_1_276' title='bbox 2357 865 2386 905; x_wconf 89' lang='lat' dir='ltr'><strong>a</strong></span> <span class='ocrx_word' id='word_1_277' title='bbox 2421 850 2615 921; x_wconf 86' lang='lat' dir='ltr'><strong>patriis</strong></span> <span class='ocrx_word' id='word_1_278' title='bbox 2655 850 2925 907; x_wconf 70' lang='lat' dir='ltr'><strong>institutis</strong></span> <span class='ocrx_word' id='word_1_279' title='bbox 2966 860 3023 906; x_wconf 88' lang='lat' dir='ltr'><strong>et</strong></span> <span class='ocrx_word' id='word_1_280' title='bbox 3069 851 3310 906; x_wconf 81' lang='lat' dir='ltr'><strong>decretis</strong></span> <span class='ocrx_word' id='word_1_281' title='bbox 3352 851 3657 908; x_wconf 88' lang='lat' dir='ltr'><strong>abducere.</strong></span> 
     </span>
    </p>
   </div>
   <div class='ocr_carea' id='block_1_39' title="bbox 2071 942 3658 1013">
    <p class='ocr_par' dir='ltr' id='par_1_39' title="bbox 2071 942 3658 1013">
     <span class='ocr_line' id='line_1_39' title="bbox 2071 942 3658 1013; baseline -0.001 -15"><span class='ocrx_word' id='word_1_282' title='bbox 2071 944 2280 999; x_wconf 88' lang='lat' dir='ltr'><strong>Deinde</strong></span> <span class='ocrx_word' id='word_1_283' title='bbox 2322 943 2365 999; x_wconf 91' lang='lat' dir='ltr'><strong>si</strong></span> <span class='ocrx_word' id='word_1_284' title='bbox 2397 945 2509 1012; x_wconf 81' lang='lat' dir='ltr'><strong>jam</strong></span> <span class='ocrx_word' id='word_1_285' title='bbox 2554 958 2704 997; x_wconf 91' lang='lat' dir='ltr'><strong>nunc</strong></span> <span class='ocrx_word' id='word_1_286' title='bbox 2739 942 2979 1013; x_wconf 83' lang='lat' dir='ltr'><strong>primum</strong></span> <span class='ocrx_word' id='word_1_287' title='bbox 3008 952 3065 998; x_wconf 90' lang='lat' dir='ltr'><strong>et</strong></span> <span class='ocrx_word' id='word_1_288' title='bbox 3106 944 3299 1011; x_wconf 76' lang='lat' dir='ltr'><strong>primis</strong></span> <span class='ocrx_word' id='word_1_289' title='bbox 3332 944 3495 999; x_wconf 85' lang='lat' dir='ltr'><strong>nobis</strong></span> <span class='ocrx_word' id='word_1_290' title='bbox 3537 960 3658 999; x_wconf 81' lang='lat' dir='ltr'><strong>mo-</strong></span> 
     </span>
    </p>
   </div>
   <div class='ocr_carea' id='block_1_40' title="bbox 2071 1033 3656 1105">
    <p class='ocr_par' dir='ltr' id='par_1_40' title="bbox 2071 1033 3656 1105">
     <span class='ocr_line' id='line_1_40' title="bbox 2071 1033 3656 1105; baseline -0.001 -14"><span class='ocrx_word' id='word_1_291' title='bbox 2071 1036 2197 1092; x_wconf 85' lang='lat' dir='ltr'><strong>lesti</strong></span> <span class='ocrx_word' id='word_1_292' title='bbox 2247 1044 2436 1093; x_wconf 83' lang='lat' dir='ltr'><strong>essent</strong></span> <span class='ocrx_word' id='word_1_293' title='bbox 2475 1033 2658 1092; x_wconf 84' lang='lat' dir='ltr'><strong>Latini</strong></span> <span class='ocrx_word' id='word_1_294' title='bbox 2715 1034 2818 1090; x_wconf 88' lang='lat' dir='ltr'><strong>ista</strong></span> <span class='ocrx_word' id='word_1_295' title='bbox 2855 1047 3267 1105; x_wconf 88' lang='lat' dir='ltr'><strong>proponentes,</strong></span> <span class='ocrx_word' id='word_1_296' title='bbox 3302 1035 3552 1092; x_wconf 81' lang='lat' dir='ltr'><strong>fortassis</strong></span> <span class='ocrx_word' id='word_1_297' title='bbox 3603 1047 3656 1092; x_wconf 83' lang='lat' dir='ltr'><strong>et</strong></span> 
     </span>
    </p>
   </div>
   <div class='ocr_carea' id='block_1_41' title="bbox 2073 1122 3656 1195">
    <p class='ocr_par' dir='ltr' id='par_1_41' title="bbox 2073 1122 3656 1195">
     <span class='ocr_line' id='line_1_41' title="bbox 2073 1122 3656 1195; baseline -0.001 -15"><span class='ocrx_word' id='word_1_298' title='bbox 2073 1125 2177 1195; x_wconf 89' lang='lat' dir='ltr'><strong>ipsi</strong></span> <span class='ocrx_word' id='word_1_299' title='bbox 2210 1124 2279 1180; x_wconf 91' lang='lat' dir='ltr'><strong>ad</strong></span> <span class='ocrx_word' id='word_1_300' title='bbox 2298 1125 2592 1180; x_wconf 89' lang='lat' dir='ltr'><strong>verborum</strong></span> <span class='ocrx_word' id='word_1_301' title='bbox 2619 1124 3064 1179; x_wconf 89' lang='lat' dir='ltr'><strong>concertationes</strong></span> <span class='ocrx_word' id='word_1_302' title='bbox 3090 1124 3206 1178; x_wconf 86' lang='lat' dir='ltr'><strong>Deo</strong></span> <span class='ocrx_word' id='word_1_303' title='bbox 3233 1124 3473 1194; x_wconf 91' lang='lat' dir='ltr'><strong>propitio</strong></span> <span class='ocrx_word' id='word_1_304' title='bbox 3491 1122 3656 1179; x_wconf 85' lang='lat' dir='ltr'><strong>hodie</strong></span> 
     </span>
    </p>
   </div>
   <div class='ocr_carea' id='block_1_42' title="bbox 2072 1216 3656 1294">
    <p class='ocr_par' dir='ltr' id='par_1_42' title="bbox 2072 1216 3656 1294">
     <span class='ocr_line' id='line_1_42' title="bbox 2072 1216 3656 1294; baseline -0.003 -21"><span class='ocrx_word' id='word_1_305' title='bbox 2072 1219 2515 1294; x_wconf 74' lang='lat' dir='ltr'><strong>accingeremur.</strong></span> <span class='ocrx_word' id='word_1_306' title='bbox 2564 1217 2669 1272; x_wconf 87' lang='lat' dir='ltr'><strong>Sed</strong></span> <span class='ocrx_word' id='word_1_307' title='bbox 2692 1233 2818 1273; x_wconf 92' lang='lat' dir='ltr'><strong>cum</strong></span> <span class='ocrx_word' id='word_1_308' title='bbox 2855 1217 2988 1271; x_wconf 92' lang='lat' dir='ltr'><strong>olim</strong></span> <span class='ocrx_word' id='word_1_309' title='bbox 3020 1216 3466 1273; x_wconf 74' lang='lat' dir='ltr'><strong>haecexaminata</strong></span> <span class='ocrx_word' id='word_1_310' title='bbox 3497 1227 3556 1273; x_wconf 89' lang='lat' dir='ltr'><strong>et</strong></span> <span class='ocrx_word' id='word_1_311' title='bbox 3583 1216 3656 1270; x_wconf 88' lang='lat' dir='ltr'><strong>ita</strong></span> 
     </span>
    </p>
   </div>
   <div class='ocr_carea' id='block_1_43' title="bbox 2073 1309 3661 1380">
    <p class='ocr_par' dir='ltr' id='par_1_43' title="bbox 2073 1309 3661 1380">
     <span class='ocr_line' id='line_1_43' title="bbox 2073 1309 3661 1380; baseline -0.003 -12"><span class='ocrx_word' id='word_1_312' title='bbox 2073 1320 2136 1368; x_wconf 91' lang='lat' dir='ltr'><strong>ut</strong></span> <span class='ocrx_word' id='word_1_313' title='bbox 2165 1312 2399 1368; x_wconf 91' lang='lat' dir='ltr'><strong>decebat</strong></span> <span class='ocrx_word' id='word_1_314' title='bbox 2437 1310 2664 1366; x_wconf 84' lang='lat' dir='ltr'><strong>definita</strong></span> <span class='ocrx_word' id='word_1_315' title='bbox 2703 1319 2761 1366; x_wconf 92' lang='lat' dir='ltr'><strong>et</strong></span> <span class='ocrx_word' id='word_1_316' title='bbox 2804 1309 3176 1364; x_wconf 87' lang='lat' dir='ltr'><strong>diuturnitate</strong></span> <span class='ocrx_word' id='word_1_317' title='bbox 3210 1310 3474 1380; x_wconf 88' lang='lat' dir='ltr'><strong>temporis</strong></span> <span class='ocrx_word' id='word_1_318' title='bbox 3503 1310 3661 1366; x_wconf 88' lang='lat' dir='ltr'><strong>lucu-</strong></span> 
     </span>
    </p>
   </div>
   <div class='ocr_carea' id='block_1_44' title="bbox 2073 1387 3679 1469">
    <p class='ocr_par' dir='ltr' id='par_1_44' title="bbox 2073 1387 3679 1469">
     <span class='ocr_line' id='line_1_44' title="bbox 2073 1387 3679 1469; baseline -0.001 -12"><span class='ocrx_word' id='word_1_319' title='bbox 2073 1402 2253 1457; x_wconf 89' lang='lat' dir='ltr'><strong>lenter</strong></span> <span class='ocrx_word' id='word_1_320' title='bbox 2286 1401 2611 1458; x_wconf 77' lang='lat' dir='ltr'><strong>confirmata</strong></span> <span class='ocrx_word' id='word_1_321' title='bbox 2646 1399 2795 1462; x_wconf 87' lang='lat' dir='ltr'><strong>sint,</strong></span> <span class='ocrx_word' id='word_1_322' title='bbox 2834 1409 3000 1469; x_wconf 89' lang='lat' dir='ltr'><strong>atque</strong></span> <span class='ocrx_word' id='word_1_323' title='bbox 3043 1400 3133 1455; x_wconf 89' lang='lat' dir='ltr'><strong>isti</strong></span> <span class='ocrx_word' id='word_1_324' title='bbox 3162 1400 3364 1469; x_wconf 71' lang='lat' dir='ltr'><strong>saepius</strong></span> <span class='ocrx_word' id='word_1_325' title='bbox 3393 1399 3502 1455; x_wconf 84' lang='lat' dir='ltr'><strong>huc</strong></span> <span class='ocrx_word' id='word_1_326' title='bbox 3533 1387 3679 1469; x_wconf 55' lang='lat' dir='ltr'><strong>pro.</strong></span> 
     </span>
    </p>
   </div>
   <div class='ocr_carea' id='block_1_45' title="bbox 2072 1491 3653 1563">
    <p class='ocr_par' dir='ltr' id='par_1_45' title="bbox 2072 1491 3653 1563">
     <span class='ocr_line' id='line_1_45' title="bbox 2072 1491 3653 1563; baseline 0 -17"><span class='ocrx_word' id='word_1_327' title='bbox 2072 1493 2201 1548; x_wconf 84' lang='lat' dir='ltr'><strong>fecti</strong></span> <span class='ocrx_word' id='word_1_328' title='bbox 2237 1493 2472 1549; x_wconf 79' lang='lat' dir='ltr'><strong>subinde</strong></span> <span class='ocrx_word' id='word_1_329' title='bbox 2504 1491 2780 1561; x_wconf 85' lang='lat' dir='ltr'><strong>repudiati</strong></span> <span class='ocrx_word' id='word_1_330' title='bbox 2829 1491 3040 1546; x_wconf 85' lang='lat' dir='ltr'><strong>iuerint</strong></span> <span class='ocrx_word' id='word_1_331' title='bbox 3075 1510 3089 1546; x_wconf 91' lang='lat'><strong>:</strong></span> <span class='ocrx_word' id='word_1_332' title='bbox 3126 1507 3238 1563; x_wconf 90' lang='lat' dir='ltr'><strong>quo</strong></span> <span class='ocrx_word' id='word_1_333' title='bbox 3271 1494 3399 1563; x_wconf 87' lang='lat' dir='ltr'><strong>jure</strong></span> <span class='ocrx_word' id='word_1_334' title='bbox 3446 1506 3511 1547; x_wconf 88' lang='lat' dir='ltr'><strong>ea</strong></span> <span class='ocrx_word' id='word_1_335' title='bbox 3538 1507 3653 1561; x_wconf 72' lang='lat' dir='ltr'><strong>quas</strong></span> 
     </span>
    </p>
   </div>
   <div class='ocr_carea' id='block_1_46' title="bbox 2075 1582 3656 1641">
    <p class='ocr_par' dir='ltr' id='par_1_46' title="bbox 2075 1582 3656 1641">
     <span class='ocr_line' id='line_1_46' title="bbox 2075 1582 3656 1641; baseline 0.001 -2"><span class='ocrx_word' id='word_1_336' title='bbox 2075 1586 2207 1640; x_wconf 87' lang='lat' dir='ltr'><strong>olim</strong></span> <span class='ocrx_word' id='word_1_337' title='bbox 2238 1595 2388 1641; x_wconf 87' lang='lat' dir='ltr'><strong>recte</strong></span> <span class='ocrx_word' id='word_1_338' title='bbox 2419 1585 2645 1640; x_wconf 89' lang='lat' dir='ltr'><strong>decreta</strong></span> <span class='ocrx_word' id='word_1_339' title='bbox 2670 1593 2801 1638; x_wconf 87' lang='lat' dir='ltr'><strong>sunt</strong></span> <span class='ocrx_word' id='word_1_340' title='bbox 2832 1582 2999 1637; x_wconf 86' lang='lat' dir='ltr'><strong>hodie</strong></span> <span class='ocrx_word' id='word_1_341' title='bbox 3040 1583 3389 1641; x_wconf 86' lang='lat' dir='ltr'><strong>turbabimus</strong></span> <span class='ocrx_word' id='word_1_342' title='bbox 3417 1594 3474 1639; x_wconf 89' lang='lat' dir='ltr'><strong>et</strong></span> <span class='ocrx_word' id='word_1_343' title='bbox 3510 1583 3656 1641; x_wconf 85' lang='lat' dir='ltr'><strong>inani</strong></span> 
     </span>
    </p>
   </div>
   <div class='ocr_carea' id='block_1_47' title="bbox 2074 1675 3652 1747">
    <p class='ocr_par' dir='ltr' id='par_1_47' title="bbox 2074 1675 3652 1747">
     <span class='ocr_line' id='line_1_47' title="bbox 2074 1675 3652 1747; baseline 0.001 -16"><span class='ocrx_word' id='word_1_344' title='bbox 2074 1677 2263 1732; x_wconf 88' lang='lat' dir='ltr'><strong>labore</strong></span> <span class='ocrx_word' id='word_1_345' title='bbox 2284 1678 2471 1732; x_wconf 69' lang='lat' dir='ltr'><strong>eadem</strong></span> <span class='ocrx_word' id='word_1_346' title='bbox 2492 1691 2711 1746; x_wconf 89' lang='lat' dir='ltr'><strong>semper</strong></span> <span class='ocrx_word' id='word_1_347' title='bbox 2737 1676 3087 1746; x_wconf 86' lang='lat' dir='ltr'><strong>repetemus?</strong></span> <span class='ocrx_word' id='word_1_348' title='bbox 3112 1675 3268 1743; x_wconf 85' lang='lat' dir='ltr'><strong>Quod</strong></span> <span class='ocrx_word' id='word_1_349' title='bbox 3294 1676 3412 1731; x_wconf 87' lang='lat' dir='ltr'><strong>istis</strong></span> <span class='ocrx_word' id='word_1_350' title='bbox 3431 1676 3652 1747; x_wconf 83' lang='lat' dir='ltr'><strong>quidem</strong></span> 
     </span>
    </p>
   </div>
   <div class='ocr_carea' id='block_1_48' title="bbox 2078 1764 3729 1837">
    <p class='ocr_par' dir='ltr' id='par_1_48' title="bbox 2078 1764 3729 1837">
     <span class='ocr_line' id='line_1_48' title="bbox 2078 1764 3729 1837; baseline 0 -17"><span class='ocrx_word' id='word_1_351' title='bbox 2078 1782 2180 1821; x_wconf 88' lang='lat' dir='ltr'><strong>nec</strong></span> <span class='ocrx_word' id='word_1_352' title='bbox 2222 1781 2388 1837; x_wconf 86' lang='lat' dir='ltr'><strong>grave</strong></span> <span class='ocrx_word' id='word_1_353' title='bbox 2405 1777 2509 1833; x_wconf 87' lang='lat' dir='ltr'><strong>est,</strong></span> <span class='ocrx_word' id='word_1_354' title='bbox 2530 1776 2586 1821; x_wconf 88' lang='lat' dir='ltr'><strong>et</strong></span> <span class='ocrx_word' id='word_1_355' title='bbox 2607 1779 2822 1821; x_wconf 88' lang='lat' dir='ltr'><strong>summo</strong></span> <span class='ocrx_word' id='word_1_356' title='bbox 2846 1764 3029 1820; x_wconf 89' lang='lat' dir='ltr'><strong>studio</strong></span> <span class='ocrx_word' id='word_1_357' title='bbox 3048 1765 3336 1834; x_wconf 65' lang='lat' dir='ltr'><strong>quaeritur.</strong></span> <span class='ocrx_word' id='word_1_358' title='bbox 3374 1767 3509 1822; x_wconf 74' lang='lat' dir='ltr'><strong>Nutu</strong></span> <span class='ocrx_word' id='word_1_359' title='bbox 3543 1768 3661 1821; x_wconf 81' lang='lat' dir='ltr'><strong>aliis</strong></span> <span class='ocrx_word' id='word_1_360' title='bbox 3686 1768 3729 1794; x_wconf 66' lang='lat'><strong>‘</strong></span> 
     </span>
    </p>
   </div>
   <div class='ocr_carea' id='block_1_49' title="bbox 2076 1854 3662 1925">
    <p class='ocr_par' dir='ltr' id='par_1_49' title="bbox 2076 1854 3662 1925">
     <span class='ocr_line' id='line_1_49' title="bbox 2076 1854 3662 1925; baseline 0.004 -18"><span class='ocrx_word' id='word_1_361' title='bbox 2076 1862 2240 1925; x_wconf 87' lang='lat' dir='ltr'><strong>atque</strong></span> <span class='ocrx_word' id='word_1_362' title='bbox 2265 1854 2387 1908; x_wconf 74' lang='lat' dir='ltr'><strong>aliis</strong></span> <span class='ocrx_word' id='word_1_363' title='bbox 2406 1854 2715 1910; x_wconf 85' lang='lat' dir='ltr'><strong>rationibus</strong></span> <span class='ocrx_word' id='word_1_364' title='bbox 2755 1854 3265 1922; x_wconf 83' lang='lat' dir='ltr'><strong>conuninisceudis,</strong></span> <span class='ocrx_word' id='word_1_365' title='bbox 3304 1858 3372 1914; x_wconf 90' lang='lat' dir='ltr'><strong>iis</strong></span> <span class='ocrx_word' id='word_1_366' title='bbox 3400 1857 3662 1914; x_wconf 57' lang='lat' dir='ltr'><strong>Videlicet</strong></span> 
     </span>
    </p>
   </div>
   <div class='ocr_carea' id='block_1_50' title="bbox 2077 1947 3661 2024">
    <p class='ocr_par' dir='ltr' id='par_1_50' title="bbox 2077 1947 3661 2024">
     <span class='ocr_line' id='line_1_50' title="bbox 2077 1947 3661 2024; baseline 0.007 -25"><span class='ocrx_word' id='word_1_367' title='bbox 2077 1961 2201 2016; x_wconf 82' lang='lat' dir='ltr'><strong>quae</strong></span> <span class='ocrx_word' id='word_1_368' title='bbox 2234 1948 2373 2017; x_wconf 80' lang='lat' dir='ltr'><strong>ipsis</strong></span> <span class='ocrx_word' id='word_1_369' title='bbox 2407 1947 2768 2003; x_wconf 73' lang='lat' dir='ltr'><strong>blandiantur</strong></span> <span class='ocrx_word' id='word_1_370' title='bbox 2797 1958 2853 2005; x_wconf 85' lang='lat' dir='ltr'><strong>et</strong></span> <span class='ocrx_word' id='word_1_371' title='bbox 2884 1951 3122 2006; x_wconf 79' lang='lat' dir='ltr'><strong>subinde</strong></span> <span class='ocrx_word' id='word_1_372' title='bbox 3156 1952 3386 2008; x_wconf 82' lang='lat' dir='ltr'><strong>meliora</strong></span> <span class='ocrx_word' id='word_1_373' title='bbox 3424 1954 3661 2024; x_wconf 83' lang='lat' dir='ltr'><strong>promit-</strong></span> 
     </span>
    </p>
   </div>
   <div class='ocr_carea' id='block_1_51' title="bbox 2075 2041 3652 2115">
    <p class='ocr_par' dir='ltr' id='par_1_51' title="bbox 2075 2041 3652 2115">
     <span class='ocr_line' id='line_1_51' title="bbox 2075 2041 3652 2115; baseline 0.006 -22"><span class='ocrx_word' id='word_1_374' title='bbox 2075 2048 2213 2102; x_wconf 87' lang='lat' dir='ltr'><strong>tant,</strong></span> <span class='ocrx_word' id='word_1_375' title='bbox 2242 2050 2337 2095; x_wconf 88' lang='lat' dir='ltr'><strong>aut</strong></span> <span class='ocrx_word' id='word_1_376' title='bbox 2364 2041 2649 2096; x_wconf 77' lang='lat' dir='ltr'><strong>victoriam</strong></span> <span class='ocrx_word' id='word_1_377' title='bbox 2679 2043 2785 2097; x_wconf 84' lang='lat' dir='ltr'><strong>sibi</strong></span> <span class='ocrx_word' id='word_1_378' title='bbox 2831 2044 2901 2100; x_wconf 89' lang='lat' dir='ltr'><strong>de</strong></span> <span class='ocrx_word' id='word_1_379' title='bbox 2928 2042 3267 2101; x_wconf 85' lang='lat' dir='ltr'><strong>adversariis</strong></span> <span class='ocrx_word' id='word_1_380' title='bbox 3299 2046 3489 2114; x_wconf 88' lang='lat' dir='ltr'><strong>nobis,</strong></span> <span class='ocrx_word' id='word_1_381' title='bbox 3517 2063 3652 2115; x_wconf 85' lang='lat' dir='ltr'><strong>con-</strong></span> 
     </span>
    </p>
   </div>
   <div class='ocr_carea' id='block_1_52' title="bbox 2074 2118 3654 2213">
    <p class='ocr_par' dir='ltr' id='par_1_52' title="bbox 2074 2118 3654 2213">
     <span class='ocr_line' id='line_1_52' title="bbox 2074 2118 3654 2213; baseline 0.007 -26"><span class='ocrx_word' id='word_1_382' title='bbox 2074 2149 2230 2187; x_wconf 80' lang='lat' dir='ltr'><strong>versa</strong></span> <span class='ocrx_word' id='word_1_383' title='bbox 2261 2133 2487 2188; x_wconf 76' lang='lat' dir='ltr'><strong>fortuna</strong></span> <span class='ocrx_word' id='word_1_384' title='bbox 2534 2144 2592 2190; x_wconf 84' lang='lat' dir='ltr'><strong>et</strong></span> <span class='ocrx_word' id='word_1_385' title='bbox 2636 2135 2850 2192; x_wconf 90' lang='lat' dir='ltr'><strong>abolito</strong></span> <span class='ocrx_word' id='word_1_386' title='bbox 2872 2147 3081 2213; x_wconf 68' lang='lat' dir='ltr'><strong>vetere</strong></span> <span class='ocrx_word' id='word_1_387' title='bbox 3108 2138 3341 2207; x_wconf 67' lang='lat' dir='ltr'><strong>probro,</strong></span> <span class='ocrx_word' id='word_1_388' title='bbox 3377 2118 3654 2199; x_wconf 66' lang='lat' dir='ltr'><strong>cessuram</strong></span> 
     </span>
    </p>
   </div>
   <div class='ocr_carea' id='block_1_53' title="bbox 2074 2226 3652 2296">
    <p class='ocr_par' dir='ltr' id='par_1_53' title="bbox 2074 2226 3652 2296">
     <span class='ocr_line' id='line_1_53' title="bbox 2074 2226 3652 2296; baseline 0.006 -18"><span class='ocrx_word' id='word_1_389' title='bbox 2074 2226 2456 2296; x_wconf 86' lang='lat' dir='ltr'><strong>pollicentur:</strong></span> <span class='ocrx_word' id='word_1_390' title='bbox 2491 2237 2587 2283; x_wconf 88' lang='lat' dir='ltr'><strong>aut</strong></span> <span class='ocrx_word' id='word_1_391' title='bbox 2632 2227 2729 2284; x_wconf 89' lang='lat' dir='ltr'><strong>ubi</strong></span> <span class='ocrx_word' id='word_1_392' title='bbox 2778 2230 2920 2285; x_wconf 88' lang='lat' dir='ltr'><strong>mala</strong></span> <span class='ocrx_word' id='word_1_393' title='bbox 2976 2230 3148 2285; x_wconf 88' lang='lat' dir='ltr'><strong>multa</strong></span> <span class='ocrx_word' id='word_1_394' title='bbox 3210 2230 3268 2285; x_wconf 90' lang='lat' dir='ltr'><strong>in</strong></span> <span class='ocrx_word' id='word_1_395' title='bbox 3324 2244 3652 2292; x_wconf 83' lang='lat' dir='ltr'><strong>conventum</strong></span> 
     </span>
    </p>
   </div>
   <div class='ocr_carea' id='block_1_54' title="bbox 2073 2318 3655 2391">
    <p class='ocr_par' dir='ltr' id='par_1_54' title="bbox 2073 2318 3655 2391">
     <span class='ocr_line' id='line_1_54' title="bbox 2073 2318 3655 2391; baseline 0.008 -21"><span class='ocrx_word' id='word_1_396' title='bbox 2073 2328 2324 2372; x_wconf 89' lang='lat' dir='ltr'><strong>nostrum</strong></span> <span class='ocrx_word' id='word_1_397' title='bbox 2358 2318 2524 2374; x_wconf 91' lang='lat' dir='ltr'><strong>solito</strong></span> <span class='ocrx_word' id='word_1_398' title='bbox 2541 2334 2665 2375; x_wconf 89' lang='lat' dir='ltr'><strong>cum</strong></span> <span class='ocrx_word' id='word_1_399' title='bbox 2684 2321 2984 2391; x_wconf 88' lang='lat' dir='ltr'><strong>supercilio</strong></span> <span class='ocrx_word' id='word_1_400' title='bbox 3002 2320 3275 2389; x_wconf 79' lang='lat' dir='ltr'><strong>dixerint;</strong></span> <span class='ocrx_word' id='word_1_401' title='bbox 3301 2331 3417 2377; x_wconf 87' lang='lat' dir='ltr'><strong>tum</strong></span> <span class='ocrx_word' id='word_1_402' title='bbox 3435 2322 3558 2379; x_wconf 90' lang='lat' dir='ltr'><strong>dem</strong></span> <span class='ocrx_word' id='word_1_403' title='bbox 3568 2342 3655 2382; x_wconf 89' lang='lat' dir='ltr'><strong>um</strong></span> 
     </span>
    </p>
   </div>
   <div class='ocr_carea' id='block_1_55' title="bbox 2075 2408 3656 2485">
    <p class='ocr_par' dir='ltr' id='par_1_55' title="bbox 2075 2408 3656 2485">
     <span class='ocr_line' id='line_1_55' title="bbox 2075 2408 3656 2485; baseline 0.005 -22"><span class='ocrx_word' id='word_1_404' title='bbox 2075 2408 2276 2464; x_wconf 90' lang='lat' dir='ltr'><strong>famam</strong></span> <span class='ocrx_word' id='word_1_405' title='bbox 2312 2408 2381 2465; x_wconf 87' lang='lat' dir='ltr'><strong>de</strong></span> <span class='ocrx_word' id='word_1_406' title='bbox 2414 2410 2649 2466; x_wconf 84' lang='lat' dir='ltr'><strong>victoria</strong></span> <span class='ocrx_word' id='word_1_407' title='bbox 2697 2411 2861 2483; x_wconf 79' lang='lat'><strong>516</strong></span> <span class='ocrx_word' id='word_1_408' title='bbox 2906 2420 3189 2482; x_wconf 83' lang='lat' dir='ltr'><strong>reportata</strong></span> <span class='ocrx_word' id='word_1_409' title='bbox 3242 2413 3656 2485; x_wconf 62' lang='lat' dir='ltr'><strong>impudentissi~</strong></span> 
     </span>
    </p>
   </div>
   <div class='ocr_carea' id='block_1_56' title="bbox 2074 2503 3668 2575">
    <p class='ocr_par' dir='ltr' id='par_1_56' title="bbox 2074 2503 3668 2575">
     <span class='ocr_line' id='line_1_56' title="bbox 2074 2503 3668 2575; baseline 0.003 -18"><span class='ocrx_word' id='word_1_410' title='bbox 2074 2517 2216 2557; x_wconf 83' lang='lat' dir='ltr'><strong>mam</strong></span> <span class='ocrx_word' id='word_1_411' title='bbox 2241 2517 2539 2575; x_wconf 87' lang='lat' dir='ltr'><strong>sparsuros</strong></span> <span class='ocrx_word' id='word_1_412' title='bbox 2564 2519 2624 2558; x_wconf 89' lang='lat' dir='ltr'><strong>se</strong></span> <span class='ocrx_word' id='word_1_413' title='bbox 2649 2503 2855 2573; x_wconf 86' lang='lat' dir='ltr'><strong>ubique</strong></span> <span class='ocrx_word' id='word_1_414' title='bbox 2878 2516 3126 2574; x_wconf 88' lang='lat' dir='ltr'><strong>sperant,</strong></span> <span class='ocrx_word' id='word_1_415' title='bbox 3151 2504 3497 2562; x_wconf 67' lang='lat' dir='ltr'><strong>dissimulata</strong></span> <span class='ocrx_word' id='word_1_416' title='bbox 3518 2507 3668 2562; x_wconf 87' lang='lat' dir='ltr'><strong>veri-</strong></span> 
     </span>
    </p>
   </div>
   <div class='ocr_carea' id='block_1_57' title="bbox 2073 2596 3661 2667">
    <p class='ocr_par' dir='ltr' id='par_1_57' title="bbox 2073 2596 3661 2667">
     <span class='ocr_line' id='line_1_57' title="bbox 2073 2596 3661 2667; baseline 0.001 -17"><span class='ocrx_word' id='word_1_417' title='bbox 2073 2605 2226 2659; x_wconf 88' lang='lat' dir='ltr'><strong>tate,</strong></span> <span class='ocrx_word' id='word_1_418' title='bbox 2282 2610 2404 2665; x_wconf 68' lang='lat' dir='ltr'><strong>quae</strong></span> <span class='ocrx_word' id='word_1_419' title='bbox 2452 2605 2537 2651; x_wconf 88' lang='lat' dir='ltr'><strong>est</strong></span> <span class='ocrx_word' id='word_1_420' title='bbox 2585 2610 2780 2650; x_wconf 90' lang='lat' dir='ltr'><strong>eorum</strong></span> <span class='ocrx_word' id='word_1_421' title='bbox 2819 2596 3257 2667; x_wconf 83' lang='lat' dir='ltr'><strong>vaniloquentia.</strong></span> <span class='ocrx_word' id='word_1_422' title='bbox 3310 2598 3510 2655; x_wconf 83' lang='lat' dir='ltr'><strong>Verum</strong></span> <span class='ocrx_word' id='word_1_423' title='bbox 3561 2609 3661 2654; x_wconf 88' lang='lat' dir='ltr'><strong>nos</strong></span> 
     </span>
    </p>
   </div>
   <div class='ocr_carea' id='block_1_58' title="bbox 2072 2687 3665 2761">
    <p class='ocr_par' dir='ltr' id='par_1_58' title="bbox 2072 2687 3665 2761">
     <span class='ocr_line' id='line_1_58' title="bbox 2072 2687 3665 2761; baseline 0.003 -18"><span class='ocrx_word' id='word_1_424' title='bbox 2072 2688 2427 2743; x_wconf 86' lang='lat' dir='ltr'><strong>committere</strong></span> <span class='ocrx_word' id='word_1_425' title='bbox 2478 2687 2629 2742; x_wconf 87' lang='lat' dir='ltr'><strong>haud</strong></span> <span class='ocrx_word' id='word_1_426' title='bbox 2680 2688 2861 2752; x_wconf 89' lang='lat' dir='ltr'><strong>decet,</strong></span> <span class='ocrx_word' id='word_1_427' title='bbox 2896 2696 2958 2743; x_wconf 93' lang='lat' dir='ltr'><strong>ut</strong></span> <span class='ocrx_word' id='word_1_428' title='bbox 2986 2689 3274 2761; x_wconf 84' lang='lat' dir='ltr'><strong>dignitatis</strong></span> <span class='ocrx_word' id='word_1_429' title='bbox 3306 2701 3509 2747; x_wconf 73' lang='lat' dir='ltr'><strong>nostras</strong></span> <span class='ocrx_word' id='word_1_430' title='bbox 3545 2708 3665 2747; x_wconf 56' lang='lat' dir='ltr'><strong>am‘</strong></span> 
     </span>
    </p>
   </div>
   <div class='ocr_carea' id='block_1_59' title="bbox 2072 2780 3668 2853">
    <p class='ocr_par' dir='ltr' id='par_1_59' title="bbox 2072 2780 3668 2853">
     <span class='ocr_line' id='line_1_59' title="bbox 2072 2780 3668 2853; baseline 0.004 -19"><span class='ocrx_word' id='word_1_431' title='bbox 2072 2780 2400 2851; x_wconf 86' lang='lat' dir='ltr'><strong>plitudinem</strong></span> <span class='ocrx_word' id='word_1_432' title='bbox 2433 2781 2733 2851; x_wconf 90' lang='lat' dir='ltr'><strong>prodamus</strong></span> <span class='ocrx_word' id='word_1_433' title='bbox 2764 2798 2779 2847; x_wconf 86' lang='lat'><strong>;</strong></span> <span class='ocrx_word' id='word_1_434' title='bbox 2815 2796 2996 2851; x_wconf 90' lang='lat' dir='ltr'><strong>neque</strong></span> <span class='ocrx_word' id='word_1_435' title='bbox 3019 2798 3106 2850; x_wconf 82' lang='lat' dir='ltr'><strong>ea,</strong></span> <span class='ocrx_word' id='word_1_436' title='bbox 3140 2798 3262 2853; x_wconf 64' lang='lat' dir='ltr'><strong>qua;</strong></span> <span class='ocrx_word' id='word_1_437' title='bbox 3296 2798 3326 2839; x_wconf 91' lang='lat' dir='ltr'><strong>e</strong></span> <span class='ocrx_word' id='word_1_438' title='bbox 3361 2800 3422 2840; x_wconf 90' lang='lat' dir='ltr'><strong>re</strong></span> <span class='ocrx_word' id='word_1_439' title='bbox 3467 2782 3668 2840; x_wconf 75' lang='lat' dir='ltr'><strong>adver-</strong></span> 
     </span>
    </p>
   </div>
   <div class='ocr_carea' id='block_1_60' title="bbox 2073 2870 3651 2945">
    <p class='ocr_par' dir='ltr' id='par_1_60' title="bbox 2073 2870 3651 2945">
     <span class='ocr_line' id='line_1_60' title="bbox 2073 2870 3651 2945; baseline 0.002 -18"><span class='ocrx_word' id='word_1_440' title='bbox 2073 2871 2350 2927; x_wconf 85' lang='lat' dir='ltr'><strong>sariorum</strong></span> <span class='ocrx_word' id='word_1_441' title='bbox 2403 2880 2554 2936; x_wconf 86' lang='lat' dir='ltr'><strong>sunt,</strong></span> <span class='ocrx_word' id='word_1_442' title='bbox 2613 2870 2709 2926; x_wconf 90' lang='lat' dir='ltr'><strong>sed</strong></span> <span class='ocrx_word' id='word_1_443' title='bbox 2763 2886 2824 2927; x_wconf 90' lang='lat' dir='ltr'><strong>ea</strong></span> <span class='ocrx_word' id='word_1_444' title='bbox 2876 2872 3084 2943; x_wconf 86' lang='lat' dir='ltr'><strong>potius,</strong></span> <span class='ocrx_word' id='word_1_445' title='bbox 3131 2888 3254 2943; x_wconf 66' lang='lat' dir='ltr'><strong>qua:</strong></span> <span class='ocrx_word' id='word_1_446' title='bbox 3289 2874 3451 2930; x_wconf 88' lang='lat' dir='ltr'><strong>nobis</strong></span> <span class='ocrx_word' id='word_1_447' title='bbox 3497 2890 3651 2945; x_wconf 67' lang='lat' dir='ltr'><strong>expco</strong></span> 
     </span>
    </p>
   </div>
   <div class='ocr_carea' id='block_1_61' title="bbox 2075 2950 3653 3038">
    <p class='ocr_par' dir='ltr' id='par_1_61' title="bbox 2075 2950 3653 3038">
     <span class='ocr_line' id='line_1_61' title="bbox 2075 2950 3653 3038; baseline 0.002 -19"><span class='ocrx_word' id='word_1_448' title='bbox 2075 2964 2254 3038; x_wconf 70' lang='lat' dir='ltr'><strong>diugt,</strong></span> <span class='ocrx_word' id='word_1_449' title='bbox 2319 2979 2484 3035; x_wconf 86' lang='lat' dir='ltr'><strong>agere</strong></span> <span class='ocrx_word' id='word_1_450' title='bbox 2541 2950 2833 3019; x_wconf 75' lang='lat' dir='ltr'><strong>debemus.</strong></span> <span class='ocrx_word' id='word_1_451' title='bbox 2888 2963 3120 3030; x_wconf 62' lang='lat' dir='ltr'><strong>Quantae</strong></span> <span class='ocrx_word' id='word_1_452' title='bbox 3169 2980 3339 3034; x_wconf 86' lang='lat' dir='ltr'><strong>porro</strong></span> <span class='ocrx_word' id='word_1_453' title='bbox 3383 2967 3653 3022; x_wconf 61' lang='lat' dir='ltr'><strong>vecordia</strong></span> 
     </span>
    </p>
   </div>
   <div class='ocr_carea' id='block_1_62' title="bbox 2074 3056 3654 3131">
    <p class='ocr_par' dir='ltr' id='par_1_62' title="bbox 2074 3056 3654 3131">
     <span class='ocr_line' id='line_1_62' title="bbox 2074 3056 3654 3131; baseline 0.003 -21"><span class='ocrx_word' id='word_1_454' title='bbox 2074 3065 2249 3122; x_wconf 86' lang='lat' dir='ltr'><strong>esset,</strong></span> <span class='ocrx_word' id='word_1_455' title='bbox 2280 3071 2404 3111; x_wconf 90' lang='lat' dir='ltr'><strong>cum</strong></span> <span class='ocrx_word' id='word_1_456' title='bbox 2452 3056 2623 3112; x_wconf 67' lang='lat' dir='ltr'><strong>Graeci</strong></span> <span class='ocrx_word' id='word_1_457' title='bbox 2658 3057 2757 3123; x_wconf 89' lang='lat' dir='ltr'><strong>illi,</strong></span> <span class='ocrx_word' id='word_1_458' title='bbox 2800 3056 2894 3127; x_wconf 91' lang='lat' dir='ltr'><strong>qui</strong></span> <span class='ocrx_word' id='word_1_459' title='bbox 2927 3058 3292 3129; x_wconf 80' lang='lat' dir='ltr'><strong>Pythagoram</strong></span> <span class='ocrx_word' id='word_1_460' title='bbox 3327 3070 3423 3114; x_wconf 89' lang='lat' dir='ltr'><strong>aut</strong></span> <span class='ocrx_word' id='word_1_461' title='bbox 3462 3060 3654 3131; x_wconf 73' lang='lat' dir='ltr'><strong>Epiru-</strong></span> 
     </span>
    </p>
   </div>
   <div class='ocr_carea' id='block_1_63' title="bbox 387 3144 1970 3252">
    <p class='ocr_par' dir='ltr' id='par_1_63' title="bbox 387 3144 1966 3225">
     <span class='ocr_line' id='line_1_63' title="bbox 387 3144 1966 3225; baseline 0.011 -29"><span class='ocrx_word' id='word_1_462' title='bbox 387 3144 825 3210; x_wconf 82' lang='grc' dir='ltr'>ἀνακυκλοῦντας</span> <span class='ocrx_word' id='word_1_463' title='bbox 854 3147 942 3200; x_wconf 77' lang='grc' dir='ltr'><strong>ἀεὶ</strong></span> <span class='ocrx_word' id='word_1_464' title='bbox 967 3149 1035 3202; x_wconf 74' lang='grc' dir='ltr'>τὰ</span> <span class='ocrx_word' id='word_1_465' title='bbox 1065 3151 1241 3217; x_wconf 74' lang='grc' dir='ltr'>αὐτάς</span> <span class='ocrx_word' id='word_1_466' title='bbox 1274 3153 1367 3206; x_wconf 77' lang='grc' dir='ltr'>καὶ</span> <span class='ocrx_word' id='word_1_467' title='bbox 1395 3154 1605 3220; x_wconf 79' lang='grc' dir='ltr'>τούτοις</span> <span class='ocrx_word' id='word_1_468' title='bbox 1639 3159 1737 3225; x_wconf 82' lang='grc' dir='ltr'><strong>μὲν</strong></span> <span class='ocrx_word' id='word_1_469' title='bbox 1764 3161 1966 3214; x_wconf 70' lang='grc' dir='ltr'>ἀνεπα-</span> 
     </span>
    </p>
   </div>
   <div class='ocr_carea' id='block_1_64' title="bbox 2074 3144 3656 3252">
    <p class='ocr_par' dir='ltr' id='par_1_64' title="bbox 2078 3150 3656 3224">
     <span class='ocr_line' id='line_1_64' title="bbox 2078 3150 3656 3224; baseline 0.004 -21"><span class='ocrx_word' id='word_1_470' title='bbox 2078 3164 2199 3203; x_wconf 86' lang='lat' dir='ltr'><strong>rum</strong></span> <span class='ocrx_word' id='word_1_471' title='bbox 2224 3158 2510 3205; x_wconf 88' lang='lat' dir='ltr'><strong>auctorem</strong></span> <span class='ocrx_word' id='word_1_472' title='bbox 2543 3161 2879 3219; x_wconf 86' lang='lat' dir='ltr'><strong>sequuntur,</strong></span> <span class='ocrx_word' id='word_1_473' title='bbox 2917 3150 3057 3206; x_wconf 79' lang='lat' dir='ltr'><strong>adeo</strong></span> <span class='ocrx_word' id='word_1_474' title='bbox 3090 3153 3276 3206; x_wconf 87' lang='lat' dir='ltr'><strong>divina</strong></span> <span class='ocrx_word' id='word_1_475' title='bbox 3301 3162 3357 3208; x_wconf 89' lang='lat' dir='ltr'><strong>et</strong></span> <span class='ocrx_word' id='word_1_476' title='bbox 3377 3164 3527 3208; x_wconf 80' lang='lat' dir='ltr'><strong>certa</strong></span> <span class='ocrx_word' id='word_1_477' title='bbox 3563 3170 3656 3224; x_wconf 75' lang='grc' dir='ltr'>νιι·</span> 
     </span>
    </p>
   </div>
   <div class='ocr_carea' id='block_1_65' title="bbox 384 3234 1967 3322">
    <p class='ocr_par' dir='ltr' id='par_1_65' title="bbox 384 3234 1967 3322">
     <span class='ocr_line' id='line_1_65' title="bbox 384 3234 1967 3322; baseline 0.012 -36"><span class='ocrx_word' id='word_1_478' title='bbox 384 3235 513 3306; x_wconf 82' lang='grc' dir='ltr'>χθὲς</span> <span class='ocrx_word' id='word_1_479' title='bbox 528 3234 684 3289; x_wconf 86' lang='grc' dir='ltr'>τοῦτο</span> <span class='ocrx_word' id='word_1_480' title='bbox 702 3238 796 3290; x_wconf 81' lang='grc' dir='ltr'>καὶ</span> <span class='ocrx_word' id='word_1_481' title='bbox 812 3239 1016 3311; x_wconf 81' lang='grc' dir='ltr'>σφόδρα</span> <span class='ocrx_word' id='word_1_482' title='bbox 1036 3258 1118 3295; x_wconf 88' lang='grc' dir='ltr'><strong>τοι</strong></span> <span class='ocrx_word' id='word_1_483' title='bbox 1137 3245 1628 3313; x_wconf 81' lang='grc' dir='ltr'>περισπούδαστον.</span> <span class='ocrx_word' id='word_1_484' title='bbox 1649 3250 1967 3322; x_wconf 81' lang='grc' dir='ltr'>Λογισμοὺς</span> 
     </span>
    </p>
   </div>
   <div class='ocr_carea' id='block_1_66' title="bbox 386 3324 1970 3411">
    <p class='ocr_par' dir='ltr' id='par_1_66' title="bbox 386 3324 1970 3411">
     <span class='ocr_line' id='line_1_66' title="bbox 386 3324 1970 3411; baseline 0.014 -34"><span class='ocrx_word' id='word_1_485' title='bbox 386 3324 496 3397; x_wconf 83' lang='grc' dir='ltr'>γὰρ</span> <span class='ocrx_word' id='word_1_486' title='bbox 524 3327 587 3379; x_wconf 86' lang='grc' dir='ltr'><strong>ἐκ</strong></span> <span class='ocrx_word' id='word_1_487' title='bbox 615 3326 893 3398; x_wconf 80' lang='grc' dir='ltr'>λογισμῶν</span> <span class='ocrx_word' id='word_1_488' title='bbox 921 3331 1242 3400; x_wconf 79' lang='grc' dir='ltr'>ἀμείϐοντες</span> <span class='ocrx_word' id='word_1_489' title='bbox 1289 3333 1377 3408; x_wconf 85' lang='grc' dir='ltr'><strong>[Ρ.</strong></span> <span class='ocrx_word' id='word_1_490' title='bbox 1410 3337 1536 3411; x_wconf 65' lang='lat' dir='ltr'><strong>filii]</strong></span> <span class='ocrx_word' id='word_1_491' title='bbox 1578 3339 1970 3409; x_wconf 82' lang='grc' dir='ltr'>ύποσαίνοντάς</span> 
     </span>
    </p>
   </div>
   <div class='ocr_carea' id='block_1_67' title="bbox 386 3418 1970 3506">
    <p class='ocr_par' dir='ltr' id='par_1_67' title="bbox 386 3418 1970 3506">
     <span class='ocr_line' id='line_1_67' title="bbox 386 3418 1970 3506; baseline 0.012 -37"><span class='ocrx_word' id='word_1_492' title='bbox 386 3432 446 3470; x_wconf 80' lang='grc' dir='ltr'><strong>τε</strong></span> <span class='ocrx_word' id='word_1_493' title='bbox 468 3418 561 3470; x_wconf 77' lang='grc' dir='ltr'>καὶ</span> <span class='ocrx_word' id='word_1_494' title='bbox 576 3418 1040 3490; x_wconf 79' lang='grc' dir='ltr'>ὑπισχνουμένους</span> <span class='ocrx_word' id='word_1_495' title='bbox 1058 3424 1145 3477; x_wconf 79' lang='grc' dir='ltr'><strong>ἀεὶ</strong></span> <span class='ocrx_word' id='word_1_496' title='bbox 1174 3426 1241 3480; x_wconf 79' lang='grc' dir='ltr'><strong>τά</strong></span> <span class='ocrx_word' id='word_1_497' title='bbox 1274 3426 1543 3498; x_wconf 83' lang='grc' dir='ltr'>βελτίονα,</span> <span class='ocrx_word' id='word_1_498' title='bbox 1564 3430 1595 3502; x_wconf 85' lang='grc' dir='ltr'>ἢ</span> <span class='ocrx_word' id='word_1_499' title='bbox 1617 3450 1682 3485; x_wconf 87' lang='grc' dir='ltr'><strong>πε</strong></span> <span class='ocrx_word' id='word_1_500' title='bbox 1690 3435 1970 3506; x_wconf 75' lang='grc' dir='ltr'>ριτρέψειν</span> 
     </span>
    </p>
   </div>
   <div class='ocr_carea' id='block_1_68' title="bbox 386 3507 1968 3599">
    <p class='ocr_par' dir='ltr' id='par_1_68' title="bbox 386 3507 1968 3599">
     <span class='ocr_line' id='line_1_68' title="bbox 386 3507 1968 3599; baseline 0.013 -38"><span class='ocrx_word' id='word_1_501' title='bbox 386 3510 649 3581; x_wconf 72' lang='grc' dir='ltr'>ἡλπίκασι</span> <span class='ocrx_word' id='word_1_502' title='bbox 680 3512 779 3583; x_wconf 82' lang='grc' dir='ltr'><strong>τὴν</strong></span> <span class='ocrx_word' id='word_1_503' title='bbox 810 3507 982 3585; x_wconf 84' lang='grc' dir='ltr'>ἦτταν</span> <span class='ocrx_word' id='word_1_504' title='bbox 1016 3516 1114 3578; x_wconf 74' lang='grc' dir='ltr'><strong>ὀψὲ</strong></span> <span class='ocrx_word' id='word_1_505' title='bbox 1148 3521 1265 3583; x_wconf 86' lang='grc' dir='ltr'>τοῖς</span> <span class='ocrx_word' id='word_1_506' title='bbox 1304 3522 1485 3575; x_wconf 79' lang='grc' dir='ltr'>αὐτῶν</span> <span class='ocrx_word' id='word_1_507' title='bbox 1526 3525 1794 3591; x_wconf 81' lang='grc' dir='ltr'>ἐναντίοις</span> <span class='ocrx_word' id='word_1_508' title='bbox 1836 3530 1968 3599; x_wconf 78' lang='grc' dir='ltr'>ἡμῖν</span> 
     </span>
    </p>
   </div>
   <div class='ocr_carea' id='block_1_69' title="bbox 385 3603 1969 3692">
    <p class='ocr_par' dir='ltr' id='par_1_69' title="bbox 385 3603 1969 3692">
     <span class='ocr_line' id='line_1_69' title="bbox 385 3603 1969 3692; baseline 0.014 -38"><span class='ocrx_word' id='word_1_509' title='bbox 385 3604 483 3656; x_wconf 79' lang='grc' dir='ltr'>καὶ</span> <span class='ocrx_word' id='word_1_510' title='bbox 516 3603 575 3656; x_wconf 86' lang='grc' dir='ltr'><strong>τὸ</strong></span> <span class='ocrx_word' id='word_1_511' title='bbox 607 3604 822 3673; x_wconf 85' lang='grc' dir='ltr'>φθάσαν</span> <span class='ocrx_word' id='word_1_512' title='bbox 856 3603 1047 3678; x_wconf 72' lang='grc' dir='ltr'>αἶσχος</span> <span class='ocrx_word' id='word_1_513' title='bbox 1082 3613 1485 3683; x_wconf 77' lang='grc' dir='ltr'>άποτρίψεσθαι</span> <span class='ocrx_word' id='word_1_514' title='bbox 1509 3655 1524 3681; x_wconf 88' lang='grc'><strong>,</strong></span> <span class='ocrx_word' id='word_1_515' title='bbox 1562 3616 1594 3690; x_wconf 72' lang='grc' dir='ltr'>ἢ</span> <span class='ocrx_word' id='word_1_516' title='bbox 1632 3620 1836 3690; x_wconf 88' lang='grc' dir='ltr'>πολλὴν</span> <span class='ocrx_word' id='word_1_517' title='bbox 1867 3620 1969 3692; x_wconf 83' lang='grc' dir='ltr'><strong>τῆς</strong></span> 
     </span>
    </p>
   </div>
   <div class='ocr_carea' id='block_1_70' title="bbox 387 3697 1970 3785">
    <p class='ocr_par' dir='ltr' id='par_1_70' title="bbox 387 3697 1970 3785">
     <span class='ocr_line' id='line_1_70' title="bbox 387 3697 1970 3785; baseline 0.013 -37"><span class='ocrx_word' id='word_1_518' title='bbox 387 3697 606 3785; x_wconf 70' lang='grc' dir='ltr'>συνόδου</span> <span class='ocrx_word' id='word_1_519' title='bbox 650 3701 1095 3770; x_wconf 86' lang='grc' dir='ltr'>καταχεαμένους</span> <span class='ocrx_word' id='word_1_520' title='bbox 1127 3703 1227 3774; x_wconf 80' lang='grc' dir='ltr'>τὴν</span> <span class='ocrx_word' id='word_1_521' title='bbox 1264 3706 1647 3777; x_wconf 81' lang='grc' dir='ltr'>γλωσσαλγίαν</span> <span class='ocrx_word' id='word_1_522' title='bbox 1691 3715 1834 3779; x_wconf 70' lang='grc' dir='ltr'>μετὰ</span> <span class='ocrx_word' id='word_1_523' title='bbox 1870 3715 1970 3785; x_wconf 78' lang='grc' dir='ltr'>τῆς</span> 
     </span>
    </p>
   </div>
   <div class='ocr_carea' id='block_1_71' title="bbox 387 3784 1971 3869">
    <p class='ocr_par' dir='ltr' id='par_1_71' title="bbox 387 3784 1971 3869">
     <span class='ocr_line' id='line_1_71' title="bbox 387 3784 1971 3869; baseline 0.011 -33"><span class='ocrx_word' id='word_1_524' title='bbox 387 3784 652 3855; x_wconf 78' lang='grc' dir='ltr'>συνήθους</span> <span class='ocrx_word' id='word_1_525' title='bbox 677 3787 901 3857; x_wconf 81' lang='grc' dir='ltr'>ὀφρύος,</span> <span class='ocrx_word' id='word_1_526' title='bbox 928 3787 1121 3843; x_wconf 74' lang='grc' dir='ltr'>ἔπειτα</span> <span class='ocrx_word' id='word_1_527' title='bbox 1145 3790 1527 3856; x_wconf 81' lang='grc' dir='ltr'>ἐξελεύσεσθαι</span> <span class='ocrx_word' id='word_1_528' title='bbox 1550 3798 1971 3869; x_wconf 86' lang='grc' dir='ltr'>διασπείροντας</span> 
     </span>
    </p>
   </div>
   <div class='ocr_carea' id='block_1_72' title="bbox 385 3877 1971 3952">
    <p class='ocr_par' dir='ltr' id='par_1_72' title="bbox 385 3877 1971 3952">
     <span class='ocr_line' id='line_1_72' title="bbox 385 3877 1971 3952; baseline 0.011 -25"><span class='ocrx_word' id='word_1_529' title='bbox 385 3879 633 3946; x_wconf 80' lang='grc' dir='ltr'>πανταχῆ</span> <span class='ocrx_word' id='word_1_530' title='bbox 681 3877 871 3947; x_wconf 82' lang='grc' dir='ltr'>φήμην</span> <span class='ocrx_word' id='word_1_531' title='bbox 914 3879 1190 3944; x_wconf 84' lang='grc' dir='ltr'>ἀναιδείας</span> <span class='ocrx_word' id='word_1_532' title='bbox 1236 3883 1444 3952; x_wconf 82' lang='grc' dir='ltr'>μεστὴν</span> <span class='ocrx_word' id='word_1_533' title='bbox 1488 3886 1582 3939; x_wconf 73' lang='grc' dir='ltr'><strong>καὶ</strong></span> <span class='ocrx_word' id='word_1_534' title='bbox 1626 3886 1971 3946; x_wconf 81' lang='grc' dir='ltr'>κλέπτουσαν</span> 
     </span>
    </p>
   </div>
   <div class='ocr_carea' id='block_1_73' title="bbox 382 3965 1970 4048">
    <p class='ocr_par' dir='ltr' id='par_1_73' title="bbox 382 3965 1970 4048">
     <span class='ocr_line' id='line_1_73' title="bbox 382 3965 1970 4048; baseline 0.009 -28"><span class='ocrx_word' id='word_1_535' title='bbox 382 3965 480 4037; x_wconf 83' lang='grc' dir='ltr'>τὴν</span> <span class='ocrx_word' id='word_1_536' title='bbox 510 3968 797 4039; x_wconf 82' lang='grc' dir='ltr'>ἀλήθειαν,</span> <span class='ocrx_word' id='word_1_537' title='bbox 833 3969 909 4034; x_wconf 81' lang='grc' dir='ltr'>ὡς</span> <span class='ocrx_word' id='word_1_538' title='bbox 941 3973 1238 4042; x_wconf 83' lang='grc' dir='ltr'>ἐστήσαντο</span> <span class='ocrx_word' id='word_1_539' title='bbox 1270 3975 1558 4044; x_wconf 83' lang='grc' dir='ltr'>τρόπαιον,</span> <span class='ocrx_word' id='word_1_540' title='bbox 1595 3974 1682 4032; x_wconf 74' lang='grc' dir='ltr'><strong>οἷα</strong></span> <span class='ocrx_word' id='word_1_541' title='bbox 1718 3982 1787 4033; x_wconf 68' lang='grc' dir='ltr'><strong>τά</strong></span> <span class='ocrx_word' id='word_1_542' title='bbox 1821 3983 1970 4048; x_wconf 78' lang='grc' dir='ltr'>σφῶν</span> 
     </span>
    </p>
   </div>
   <div class='ocr_carea' id='block_1_74' title="bbox 384 4059 1971 4143">
    <p class='ocr_par' dir='ltr' id='par_1_74' title="bbox 384 4059 1971 4143">
     <span class='ocr_line' id='line_1_74' title="bbox 384 4059 1971 4143; baseline 0.011 -30"><span class='ocrx_word' id='word_1_543' title='bbox 384 4059 563 4114; x_wconf 83' lang='grc' dir='ltr'>αὐτῶν</span> <span class='ocrx_word' id='word_1_544' title='bbox 592 4066 1104 4133; x_wconf 87' lang='grc' dir='ltr'>σμικρολογήματα.</span> <span class='ocrx_word' id='word_1_545' title='bbox 1142 4067 1278 4120; x_wconf 81' lang='grc' dir='ltr'>Ἀλλ’</span> <span class='ocrx_word' id='word_1_546' title='bbox 1307 4072 1439 4138; x_wconf 83' lang='grc' dir='ltr'>ἡμῖν</span> <span class='ocrx_word' id='word_1_547' title='bbox 1469 4088 1534 4141; x_wconf 84' lang='grc' dir='ltr'><strong>γε</strong></span> <span class='ocrx_word' id='word_1_548' title='bbox 1564 4074 1625 4124; x_wconf 77' lang='grc' dir='ltr'><strong>οὐ</strong></span> <span class='ocrx_word' id='word_1_549' title='bbox 1660 4075 1971 4143; x_wconf 71' lang='grc' dir='ltr'>προδιδόναι</span> 
     </span>
    </p>
   </div>
   <div class='ocr_carea' id='block_1_75' title="bbox 384 4152 1973 4236">
    <p class='ocr_par' dir='ltr' id='par_1_75' title="bbox 384 4152 1973 4236">
     <span class='ocr_line' id='line_1_75' title="bbox 384 4152 1973 4236; baseline 0.008 -31"><span class='ocrx_word' id='word_1_550' title='bbox 384 4152 445 4206; x_wconf 82' lang='grc' dir='ltr'><strong>τὸ</strong></span> <span class='ocrx_word' id='word_1_551' title='bbox 492 4155 911 4225; x_wconf 70' lang='grc' dir='ltr'>μεγαὶοπρεπὲς</span> <span class='ocrx_word' id='word_1_552' title='bbox 958 4157 1117 4227; x_wconf 79' lang='grc' dir='ltr'>ἡμῶν</span> <span class='ocrx_word' id='word_1_553' title='bbox 1163 4158 1274 4225; x_wconf 80' lang='grc' dir='ltr'>δεῖ,</span> <span class='ocrx_word' id='word_1_554' title='bbox 1320 4160 1491 4215; x_wconf 82' lang='grc' dir='ltr'>ούδ’ἂ</span> <span class='ocrx_word' id='word_1_555' title='bbox 1541 4166 1811 4236; x_wconf 80' lang='grc' dir='ltr'>συμφέρει</span> <span class='ocrx_word' id='word_1_556' title='bbox 1859 4169 1973 4231; x_wconf 83' lang='grc' dir='ltr'>τοῖς</span> 
     </span>
    </p>
   </div>
   <div class='ocr_carea' id='block_1_76' title="bbox 387 4246 1971 4324">
    <p class='ocr_par' dir='ltr' id='par_1_76' title="bbox 387 4246 1971 4324">
     <span class='ocr_line' id='line_1_76' title="bbox 387 4246 1971 4324; baseline 0.009 -28"><span class='ocrx_word' id='word_1_557' title='bbox 387 4246 681 4311; x_wconf 70' lang='grc' dir='ltr'>ἐναντίοις,</span> <span class='ocrx_word' id='word_1_558' title='bbox 717 4247 869 4300; x_wconf 77' lang='grc' dir='ltr'>ταῦθ’</span> <span class='ocrx_word' id='word_1_559' title='bbox 897 4249 1046 4318; x_wconf 80' lang='grc' dir='ltr'>ἡμᾶς</span> <span class='ocrx_word' id='word_1_560' title='bbox 1090 4252 1355 4323; x_wconf 71' lang='grc' dir='ltr'>πράττειν</span> <span class='ocrx_word' id='word_1_561' title='bbox 1389 4254 1564 4324; x_wconf 85' lang='grc' dir='ltr'>χρεών</span> <span class='ocrx_word' id='word_1_562' title='bbox 1593 4270 1607 4283; x_wconf 91' lang='grc'><strong>·</strong></span> <span class='ocrx_word' id='word_1_563' title='bbox 1644 4256 1781 4310; x_wconf 73' lang='grc' dir='ltr'>ἀλλὰ</span> <span class='ocrx_word' id='word_1_564' title='bbox 1815 4259 1971 4311; x_wconf 86' lang='grc' dir='ltr'>ταῦθ’</span> 
     </span>
    </p>
   </div>
   <div class='ocr_carea' id='block_1_77' title="bbox 383 4338 1969 4418">
    <p class='ocr_par' dir='ltr' id='par_1_77' title="bbox 383 4338 1969 4418">
     <span class='ocr_line' id='line_1_77' title="bbox 383 4338 1969 4418; baseline 0.01 -31"><span class='ocrx_word' id='word_1_565' title='bbox 383 4338 530 4406; x_wconf 75' lang='grc' dir='ltr'>ἡμᾶς</span> <span class='ocrx_word' id='word_1_566' title='bbox 566 4338 802 4407; x_wconf 77' lang='grc' dir='ltr'>μᾶλλον,</span> <span class='ocrx_word' id='word_1_567' title='bbox 834 4340 977 4412; x_wconf 72' lang='grc' dir='ltr'>ᾇπερ</span> <span class='ocrx_word' id='word_1_568' title='bbox 1008 4343 1163 4412; x_wconf 79' lang='grc' dir='ltr'>ἡμῖν.</span> <span class='ocrx_word' id='word_1_569' title='bbox 1200 4344 1307 4396; x_wconf 83' lang='grc' dir='ltr'>Ποῦ</span> <span class='ocrx_word' id='word_1_570' title='bbox 1343 4346 1386 4398; x_wconf 86' lang='grc' dir='ltr'>δ’</span> <span class='ocrx_word' id='word_1_571' title='bbox 1412 4348 1510 4399; x_wconf 84' lang='grc' dir='ltr'><strong>οὐκ</strong></span> <span class='ocrx_word' id='word_1_572' title='bbox 1544 4347 1611 4401; x_wconf 84' lang='grc' dir='ltr'><strong>ἂν</strong></span> <span class='ocrx_word' id='word_1_573' title='bbox 1642 4349 1969 4418; x_wconf 82' lang='grc' dir='ltr'>ἀγνωμοσύ-</span> 
     </span>
    </p>
   </div>
   <div class='ocr_carea' id='block_1_78' title="bbox 384 4431 1969 4511">
    <p class='ocr_par' dir='ltr' id='par_1_78' title="bbox 384 4431 1969 4511">
     <span class='ocr_line' id='line_1_78' title="bbox 384 4431 1969 4511; baseline 0.008 -28"><span class='ocrx_word' id='word_1_574' title='bbox 384 4447 480 4501; x_wconf 85' lang='grc' dir='ltr'>νης</span> <span class='ocrx_word' id='word_1_575' title='bbox 517 4433 602 4498; x_wconf 82' lang='grc' dir='ltr'>εῐη</span> <span class='ocrx_word' id='word_1_576' title='bbox 637 4431 894 4499; x_wconf 75' lang='grc' dir='ltr'>ἐλαύνον,</span> <span class='ocrx_word' id='word_1_577' title='bbox 932 4434 1205 4499; x_wconf 80' lang='grc' dir='ltr'>Ἑλλήνων</span> <span class='ocrx_word' id='word_1_578' title='bbox 1244 4437 1344 4505; x_wconf 82' lang='grc' dir='ltr'><strong>μὲν</strong></span> <span class='ocrx_word' id='word_1_579' title='bbox 1380 4438 1569 4491; x_wconf 74' lang='grc' dir='ltr'>ὁπόσοι</span> <span class='ocrx_word' id='word_1_580' title='bbox 1608 4440 1969 4511; x_wconf 80' lang='grc' dir='ltr'>Πυθαγόρειοι</span> 
     </span>
    </p>
   </div>
   <div class='ocr_carea' id='block_1_79' title="bbox 2079 3241 3653 3317">
    <p class='ocr_par' dir='ltr' id='par_1_79' title="bbox 2079 3241 3653 3317">
     <span class='ocr_line' id='line_1_79' title="bbox 2079 3241 3653 3317; baseline 0.005 -23"><span class='ocrx_word' id='word_1_581' title='bbox 2079 3250 2194 3295; x_wconf 83' lang='lat' dir='ltr'><strong>tcnt</strong></span> <span class='ocrx_word' id='word_1_582' title='bbox 2229 3241 2486 3308; x_wconf 68' lang='lat' dir='ltr'><strong>dogmata</strong></span> <span class='ocrx_word' id='word_1_583' title='bbox 2535 3257 2602 3298; x_wconf 88' lang='lat' dir='ltr'><strong>ac</strong></span> <span class='ocrx_word' id='word_1_584' title='bbox 2652 3243 2875 3298; x_wconf 85' lang='lat' dir='ltr'><strong>decreta</strong></span> <span class='ocrx_word' id='word_1_585' title='bbox 2927 3242 3343 3314; x_wconf 82' lang='lat' dir='ltr'><strong>magistrorum,</strong></span> <span class='ocrx_word' id='word_1_586' title='bbox 3384 3253 3443 3300; x_wconf 90' lang='lat' dir='ltr'><strong>ut</strong></span> <span class='ocrx_word' id='word_1_587' title='bbox 3492 3248 3653 3317; x_wconf 83' lang='lat' dir='ltr'><strong>quid-</strong></span> 
     </span>
    </p>
   </div>
   <div class='ocr_carea' id='block_1_80' title="bbox 2074 3334 3656 3410">
    <p class='ocr_par' dir='ltr' id='par_1_80' title="bbox 2074 3334 3656 3410">
     <span class='ocr_line' id='line_1_80' title="bbox 2074 3334 3656 3410; baseline 0.006 -23"><span class='ocrx_word' id='word_1_588' title='bbox 2074 3334 2207 3404; x_wconf 83' lang='lat' dir='ltr'><strong>quid</strong></span> <span class='ocrx_word' id='word_1_589' title='bbox 2254 3335 2329 3405; x_wconf 82' lang='lat' dir='ltr'><strong>illi</strong></span> <span class='ocrx_word' id='word_1_590' title='bbox 2365 3334 2628 3403; x_wconf 83' lang='lat' dir='ltr'><strong>dixcrint,</strong></span> <span class='ocrx_word' id='word_1_591' title='bbox 2679 3335 2828 3391; x_wconf 89' lang='lat' dir='ltr'><strong>taciti</strong></span> <span class='ocrx_word' id='word_1_592' title='bbox 2862 3336 2969 3405; x_wconf 89' lang='lat' dir='ltr'><strong>ipsi</strong></span> <span class='ocrx_word' id='word_1_593' title='bbox 3022 3337 3339 3402; x_wconf 57' lang='lat' dir='ltr'><strong>admittant,</strong></span> <span class='ocrx_word' id='word_1_594' title='bbox 3371 3354 3434 3393; x_wconf 89' lang='lat' dir='ltr'><strong>ac</strong></span> <span class='ocrx_word' id='word_1_595' title='bbox 3482 3356 3656 3410; x_wconf 79' lang='lat' dir='ltr'><strong>neque</strong></span> 
     </span>
    </p>
   </div>
   <div class='ocr_carea' id='block_1_81' title="bbox 2074 3427 3655 3503">
    <p class='ocr_par' dir='ltr' id='par_1_81' title="bbox 2074 3427 3655 3503">
     <span class='ocr_line' id='line_1_81' title="bbox 2074 3427 3655 3503; baseline 0.006 -21"><span class='ocrx_word' id='word_1_596' title='bbox 2074 3427 2304 3482; x_wconf 86' lang='lat' dir='ltr'><strong>auribus</strong></span> <span class='ocrx_word' id='word_1_597' title='bbox 2335 3427 2652 3484; x_wconf 86' lang='lat' dir='ltr'><strong>dubitanter</strong></span> <span class='ocrx_word' id='word_1_598' title='bbox 2683 3430 2984 3499; x_wconf 88' lang='lat' dir='ltr'><strong>accipiant,</strong></span> <span class='ocrx_word' id='word_1_599' title='bbox 3021 3446 3201 3502; x_wconf 88' lang='lat' dir='ltr'><strong>neque</strong></span> <span class='ocrx_word' id='word_1_600' title='bbox 3242 3432 3483 3503; x_wconf 83' lang='lat' dir='ltr'><strong>linguam</strong></span> <span class='ocrx_word' id='word_1_601' title='bbox 3525 3451 3655 3491; x_wconf 82' lang='lat' dir='ltr'><strong>cm:-</strong></span> 
     </span>
    </p>
   </div>
   <div class='ocr_carea' id='block_1_82' title="bbox 2077 3519 3656 3593">
    <p class='ocr_par' dir='ltr' id='par_1_82' title="bbox 2077 3519 3656 3593">
     <span class='ocr_line' id='line_1_82' title="bbox 2077 3519 3656 3593; baseline 0.007 -23"><span class='ocrx_word' id='word_1_602' title='bbox 2077 3524 2156 3571; x_wconf 90' lang='lat' dir='ltr'><strong>tra</strong></span> <span class='ocrx_word' id='word_1_603' title='bbox 2176 3530 2470 3586; x_wconf 79' lang='lat' dir='ltr'><strong>exserant;</strong></span> <span class='ocrx_word' id='word_1_604' title='bbox 2506 3535 2605 3574; x_wconf 87' lang='lat' dir='ltr'><strong>nos</strong></span> <span class='ocrx_word' id='word_1_605' title='bbox 2636 3519 2849 3590; x_wconf 70' lang='lat' dir='ltr'><strong>legibus</strong></span> <span class='ocrx_word' id='word_1_606' title='bbox 2874 3531 2928 3577; x_wconf 85' lang='lat' dir='ltr'><strong>et</strong></span> <span class='ocrx_word' id='word_1_607' title='bbox 2963 3520 3207 3578; x_wconf 90' lang='lat' dir='ltr'><strong>decretis</strong></span> <span class='ocrx_word' id='word_1_608' title='bbox 3239 3524 3656 3593; x_wconf 42' lang='lat' dir='ltr'><strong>primorumae‘</strong></span> 
     </span>
    </p>
   </div>
   <div class='ocr_carea' id='block_1_83' title="bbox 2074 3609 3654 3680">
    <p class='ocr_par' dir='ltr' id='par_1_83' title="bbox 2074 3609 3654 3680">
     <span class='ocr_line' id='line_1_83' title="bbox 2074 3609 3654 3680; baseline 0.007 -17"><span class='ocrx_word' id='word_1_609' title='bbox 2074 3610 2296 3680; x_wconf 85' lang='lat' dir='ltr'><strong>ligionis</strong></span> <span class='ocrx_word' id='word_1_610' title='bbox 2345 3620 2402 3666; x_wconf 90' lang='lat' dir='ltr'><strong>et</strong></span> <span class='ocrx_word' id='word_1_611' title='bbox 2439 3609 2566 3666; x_wconf 82' lang='lat' dir='ltr'><strong>fidei</strong></span> <span class='ocrx_word' id='word_1_612' title='bbox 2606 3621 2810 3665; x_wconf 59' lang='lat' dir='ltr'><strong>nostras</strong></span> <span class='ocrx_word' id='word_1_613' title='bbox 2854 3623 3145 3668; x_wconf 87' lang='lat' dir='ltr'><strong>auctorum</strong></span> <span class='ocrx_word' id='word_1_614' title='bbox 3200 3616 3345 3671; x_wconf 89' lang='lat' dir='ltr'><strong>nolle</strong></span> <span class='ocrx_word' id='word_1_615' title='bbox 3376 3617 3511 3672; x_wconf 88' lang='lat' dir='ltr'><strong>citra</strong></span> <span class='ocrx_word' id='word_1_616' title='bbox 3562 3620 3654 3674; x_wconf 49' lang='lat' dir='ltr'><strong>de¢</strong></span> 
     </span>
    </p>
   </div>
   <div class='ocr_carea' id='block_1_84' title="bbox 2075 3700 3655 3766">
    <p class='ocr_par' dir='ltr' id='par_1_84' title="bbox 2075 3700 3655 3766">
     <span class='ocr_line' id='line_1_84' title="bbox 2075 3700 3655 3766; baseline 0.004 -11"><span class='ocrx_word' id='word_1_617' title='bbox 2075 3700 2536 3766; x_wconf 76' lang='lat' dir='ltr'><strong>monstrationem</strong></span> <span class='ocrx_word' id='word_1_618' title='bbox 2570 3701 2649 3755; x_wconf 87' lang='lat' dir='ltr'><strong>uti</strong></span> <span class='ocrx_word' id='word_1_619' title='bbox 2685 3717 2747 3756; x_wconf 92' lang='lat' dir='ltr'><strong>ac</strong></span> <span class='ocrx_word' id='word_1_620' title='bbox 2785 3702 2853 3756; x_wconf 83' lang='lat' dir='ltr'><strong>iis</strong></span> <span class='ocrx_word' id='word_1_621' title='bbox 2892 3704 3043 3759; x_wconf 86' lang='lat' dir='ltr'><strong>velut</strong></span> <span class='ocrx_word' id='word_1_622' title='bbox 3076 3705 3244 3759; x_wconf 84' lang='lat' dir='ltr'><strong>certis</strong></span> <span class='ocrx_word' id='word_1_623' title='bbox 3274 3705 3546 3762; x_wconf 86' lang='lat' dir='ltr'><strong>limitibus</strong></span> <span class='ocrx_word' id='word_1_624' title='bbox 3575 3708 3655 3762; x_wconf 67' lang='lat' dir='ltr'><strong>in»</strong></span> 
     </span>
    </p>
   </div>
   <div class='ocr_carea' id='block_1_85' title="bbox 2075 3792 3656 3863">
    <p class='ocr_par' dir='ltr' id='par_1_85' title="bbox 2075 3792 3656 3863">
     <span class='ocr_line' id='line_1_85' title="bbox 2075 3792 3656 3863; baseline 0.004 -16"><span class='ocrx_word' id='word_1_625' title='bbox 2075 3793 2295 3858; x_wconf 63' lang='lat' dir='ltr'><strong>sistere,</strong></span> <span class='ocrx_word' id='word_1_626' title='bbox 2342 3792 2438 3847; x_wconf 87' lang='lat' dir='ltr'><strong>sed</strong></span> <span class='ocrx_word' id='word_1_627' title='bbox 2486 3792 2622 3847; x_wconf 88' lang='lat' dir='ltr'><strong>alios</strong></span> <span class='ocrx_word' id='word_1_628' title='bbox 2695 3793 2839 3847; x_wconf 89' lang='lat' dir='ltr'><strong>ferre</strong></span> <span class='ocrx_word' id='word_1_629' title='bbox 2891 3793 3272 3863; x_wconf 85' lang='lat' dir='ltr'><strong>disceptantes</strong></span> <span class='ocrx_word' id='word_1_630' title='bbox 3332 3805 3389 3850; x_wconf 90' lang='lat' dir='ltr'><strong>et</strong></span> <span class='ocrx_word' id='word_1_631' title='bbox 3442 3798 3656 3854; x_wconf 80' lang='lat' dir='ltr'><strong>curiose</strong></span> 
     </span>
    </p>
   </div>
   <div class='ocr_carea' id='block_1_86' title="bbox 2074 3884 3657 3955">
    <p class='ocr_par' dir='ltr' id='par_1_86' title="bbox 2074 3884 3657 3955">
     <span class='ocr_line' id='line_1_86' title="bbox 2074 3884 3657 3955; baseline 0.004 -16"><span class='ocrx_word' id='word_1_632' title='bbox 2074 3884 2420 3955; x_wconf 88' lang='lat' dir='ltr'><strong>inquirentes</strong></span> <span class='ocrx_word' id='word_1_633' title='bbox 2456 3893 2511 3939; x_wconf 92' lang='lat' dir='ltr'><strong>et</strong></span> <span class='ocrx_word' id='word_1_634' title='bbox 2561 3896 2803 3938; x_wconf 83' lang='lat' dir='ltr'><strong>tuentem</strong></span> <span class='ocrx_word' id='word_1_635' title='bbox 2857 3886 3015 3953; x_wconf 81' lang='lat' dir='ltr'><strong>quasi</strong></span> <span class='ocrx_word' id='word_1_636' title='bbox 3074 3887 3329 3941; x_wconf 87' lang='lat' dir='ltr'><strong>minutim</strong></span> <span class='ocrx_word' id='word_1_637' title='bbox 3382 3891 3657 3945; x_wconf 88' lang='lat' dir='ltr'><strong>concisam</strong></span> 
     </span>
    </p>
   </div>
   <div class='ocr_carea' id='block_1_87' title="bbox 2077 3977 3648 4047">
    <p class='ocr_par' dir='ltr' id='par_1_87' title="bbox 2077 3977 3648 4047">
     <span class='ocr_line' id='line_1_87' title="bbox 2077 3977 3648 4047; baseline 0.003 -16"><span class='ocrx_word' id='word_1_638' title='bbox 2077 3978 2132 4031; x_wconf 90' lang='lat' dir='ltr'><strong>in</strong></span> <span class='ocrx_word' id='word_1_639' title='bbox 2167 3977 2380 4031; x_wconf 76' lang='lat' dir='ltr'><strong>diversa</strong></span> <span class='ocrx_word' id='word_1_640' title='bbox 2419 3977 2701 4031; x_wconf 89' lang='lat' dir='ltr'><strong>trahentes</strong></span> <span class='ocrx_word' id='word_1_641' title='bbox 2732 4016 2750 4042; x_wconf 84' lang='lat'><strong>,</strong></span> <span class='ocrx_word' id='word_1_642' title='bbox 2775 3992 2883 4031; x_wconf 91' lang='lat' dir='ltr'><strong>non</strong></span> <span class='ocrx_word' id='word_1_643' title='bbox 2915 3979 3075 4032; x_wconf 88' lang='lat' dir='ltr'><strong>aliter</strong></span> <span class='ocrx_word' id='word_1_644' title='bbox 3135 3991 3298 4047; x_wconf 87' lang='lat' dir='ltr'><strong>quam</strong></span> <span class='ocrx_word' id='word_1_645' title='bbox 3332 3980 3520 4035; x_wconf 86' lang='lat' dir='ltr'><strong>hostes</strong></span> <span class='ocrx_word' id='word_1_646' title='bbox 3564 3982 3648 4035; x_wconf 72' lang='lat' dir='ltr'><strong>ho</strong></span> 
     </span>
    </p>
   </div>
   <div class='ocr_carea' id='block_1_88' title="bbox 2074 4066 3655 4136">
    <p class='ocr_par' dir='ltr' id='par_1_88' title="bbox 2074 4066 3655 4136">
     <span class='ocr_line' id='line_1_88' title="bbox 2074 4066 3655 4136; baseline 0.003 -15"><span class='ocrx_word' id='word_1_647' title='bbox 2074 4068 2243 4121; x_wconf 84' lang='lat' dir='ltr'><strong>stium</strong></span> <span class='ocrx_word' id='word_1_648' title='bbox 2274 4068 2449 4136; x_wconf 86' lang='lat' dir='ltr'><strong>spolia</strong></span> <span class='ocrx_word' id='word_1_649' title='bbox 2472 4068 2714 4133; x_wconf 88' lang='lat' dir='ltr'><strong>diripere</strong></span> <span class='ocrx_word' id='word_1_650' title='bbox 2758 4082 2825 4121; x_wconf 90' lang='lat' dir='ltr'><strong>ac</strong></span> <span class='ocrx_word' id='word_1_651' title='bbox 2873 4066 3175 4122; x_wconf 77' lang='lat' dir='ltr'><strong>ftedissime</strong></span> <span class='ocrx_word' id='word_1_652' title='bbox 3211 4069 3525 4125; x_wconf 84' lang='lat' dir='ltr'><strong>distrahere</strong></span> <span class='ocrx_word' id='word_1_653' title='bbox 3575 4088 3655 4127; x_wconf 75' lang='lat' dir='ltr'><strong>so-</strong></span> 
     </span>
    </p>
   </div>
   <div class='ocr_carea' id='block_1_89' title="bbox 2074 4158 3657 4232">
    <p class='ocr_par' dir='ltr' id='par_1_89' title="bbox 2074 4158 3657 4232">
     <span class='ocr_line' id='line_1_89' title="bbox 2074 4158 3657 4232; baseline 0.003 -20"><span class='ocrx_word' id='word_1_654' title='bbox 2074 4159 2228 4214; x_wconf 87' lang='lat' dir='ltr'><strong>lent?</strong></span> <span class='ocrx_word' id='word_1_655' title='bbox 2254 4158 2529 4214; x_wconf 67' lang='lat' dir='ltr'><strong>Caeterum</strong></span> <span class='ocrx_word' id='word_1_656' title='bbox 2559 4158 2693 4212; x_wconf 91' lang='lat' dir='ltr'><strong>illud</strong></span> <span class='ocrx_word' id='word_1_657' title='bbox 2741 4173 2960 4228; x_wconf 89' lang='lat' dir='ltr'><strong>quoque</strong></span> <span class='ocrx_word' id='word_1_658' title='bbox 2994 4159 3137 4213; x_wconf 87' lang='lat' dir='ltr'><strong>scire</strong></span> <span class='ocrx_word' id='word_1_659' title='bbox 3166 4170 3251 4214; x_wconf 80' lang='lat' dir='ltr'><strong>est</strong></span> <span class='ocrx_word' id='word_1_660' title='bbox 3301 4176 3483 4230; x_wconf 73' lang='lat' dir='ltr'><strong>operm</strong></span> <span class='ocrx_word' id='word_1_661' title='bbox 3535 4180 3657 4232; x_wconf 82' lang='lat' dir='ltr'><strong>pre-</strong></span> 
     </span>
    </p>
   </div>
   <div class='ocr_carea' id='block_1_90' title="bbox 2079 4249 3657 4320">
    <p class='ocr_par' dir='ltr' id='par_1_90' title="bbox 2079 4249 3657 4320">
     <span class='ocr_line' id='line_1_90' title="bbox 2079 4249 3657 4320; baseline 0.003 -15"><span class='ocrx_word' id='word_1_662' title='bbox 2079 4253 2243 4315; x_wconf 87' lang='lat' dir='ltr'><strong>tium,</strong></span> <span class='ocrx_word' id='word_1_663' title='bbox 2285 4267 2393 4305; x_wconf 83' lang='lat' dir='ltr'><strong>non</strong></span> <span class='ocrx_word' id='word_1_664' title='bbox 2442 4250 2790 4320; x_wconf 89' lang='lat' dir='ltr'><strong>simpliciter,</strong></span> <span class='ocrx_word' id='word_1_665' title='bbox 2833 4249 2935 4304; x_wconf 64' lang='lat' dir='ltr'><strong>nec</strong></span> <span class='ocrx_word' id='word_1_666' title='bbox 2985 4266 3095 4303; x_wconf 90' lang='lat' dir='ltr'><strong>uno</strong></span> <span class='ocrx_word' id='word_1_667' title='bbox 3133 4252 3297 4305; x_wconf 88' lang='lat' dir='ltr'><strong>modo</strong></span> <span class='ocrx_word' id='word_1_668' title='bbox 3343 4264 3657 4310; x_wconf 76' lang='lat' dir='ltr'><strong>sanctorum</strong></span> 
     </span>
    </p>
   </div>
   <div class='ocr_carea' id='block_1_91' title="bbox 2074 4341 3657 4413">
    <p class='ocr_par' dir='ltr' id='par_1_91' title="bbox 2074 4341 3657 4413">
     <span class='ocr_line' id='line_1_91' title="bbox 2074 4341 3657 4413; baseline 0.001 -14"><span class='ocrx_word' id='word_1_669' title='bbox 2074 4345 2300 4399; x_wconf 87' lang='lat' dir='ltr'><strong>Patrum</strong></span> <span class='ocrx_word' id='word_1_670' title='bbox 2348 4343 2550 4412; x_wconf 82' lang='lat' dir='ltr'><strong>scripta</strong></span> <span class='ocrx_word' id='word_1_671' title='bbox 2583 4341 2941 4413; x_wconf 79' lang='lat' dir='ltr'><strong>intelligenda</strong></span> <span class='ocrx_word' id='word_1_672' title='bbox 2977 4357 3121 4397; x_wconf 85' lang='lat' dir='ltr'><strong>esse.</strong></span> <span class='ocrx_word' id='word_1_673' title='bbox 3160 4343 3408 4409; x_wconf 83' lang='lat' dir='ltr'><strong>Quorum</strong></span> <span class='ocrx_word' id='word_1_674' title='bbox 3447 4347 3553 4399; x_wconf 84' lang='lat' dir='ltr'><strong>alia</strong></span> <span class='ocrx_word' id='word_1_675' title='bbox 3594 4350 3657 4401; x_wconf 85' lang='lat' dir='ltr'><strong>ad</strong></span> 
     </span>
    </p>
   </div>
   <div class='ocr_carea' id='block_1_92' title="bbox 2077 4433 3658 4504">
    <p class='ocr_par' dir='ltr' id='par_1_92' title="bbox 2077 4433 3658 4504">
     <span class='ocr_line' id='line_1_92' title="bbox 2077 4433 3658 4504; baseline 0.002 -13"><span class='ocrx_word' id='word_1_676' title='bbox 2077 4436 2483 4492; x_wconf 90' lang='lat' dir='ltr'><strong>institutionem</strong></span> <span class='ocrx_word' id='word_1_677' title='bbox 2512 4444 2565 4489; x_wconf 86' lang='lat' dir='ltr'><strong>ct</strong></span> <span class='ocrx_word' id='word_1_678' title='bbox 2594 4436 2884 4488; x_wconf 88' lang='lat' dir='ltr'><strong>utilitatem</strong></span> <span class='ocrx_word' id='word_1_679' title='bbox 2918 4433 3217 4504; x_wconf 79' lang='lat' dir='ltr'><strong>legentium</strong></span> <span class='ocrx_word' id='word_1_680' title='bbox 3248 4438 3658 4494; x_wconf 86' lang='lat' dir='ltr'><strong>accommodate</strong></span> 
     </span>
    </p>
   </div>
   <div class='ocr_carea' id='block_1_93' title="bbox 385 4522 1970 4599">
    <p class='ocr_par' dir='ltr' id='par_1_93' title="bbox 385 4522 1965 4595">
     <span class='ocr_line' id='line_1_93' title="bbox 385 4522 1965 4595; baseline 0.008 -22"><span class='ocrx_word' id='word_1_681' title='bbox 385 4538 444 4573; x_wconf 85' lang='grc' dir='ltr'><strong>τε</strong></span> <span class='ocrx_word' id='word_1_682' title='bbox 472 4523 567 4575; x_wconf 69' lang='grc' dir='ltr'><strong>καὶ¹</strong></span> <span class='ocrx_word' id='word_1_683' title='bbox 596 4522 984 4595; x_wconf 79' lang='grc' dir='ltr'>Ἐπικούρειοι,</span> <span class='ocrx_word' id='word_1_684' title='bbox 1010 4524 1233 4589; x_wconf 81' lang='grc' dir='ltr'>τούτους</span> <span class='ocrx_word' id='word_1_685' title='bbox 1257 4526 1404 4582; x_wconf 69' lang='grc' dir='ltr'>οὕτω</span> <span class='ocrx_word' id='word_1_686' title='bbox 1426 4547 1509 4583; x_wconf 88' lang='grc' dir='ltr'><strong>τοι</strong></span> <span class='ocrx_word' id='word_1_687' title='bbox 1536 4529 1656 4584; x_wconf 83' lang='grc' dir='ltr'>θεῖα</span> <span class='ocrx_word' id='word_1_688' title='bbox 1684 4536 1777 4584; x_wconf 51' lang='grc' dir='ltr'><strong>καλ⁸</strong></span> <span class='ocrx_word' id='word_1_689' title='bbox 1803 4534 1965 4585; x_wconf 88' lang='grc' dir='ltr'>ἀναν-</span> 
     </span>
    </p>
   </div>
   <div class='ocr_carea' id='block_1_94' title="bbox 2074 4522 3659 4599">
    <p class='ocr_par' dir='ltr' id='par_1_94' title="bbox 2074 4526 3659 4599">
     <span class='ocr_line' id='line_1_94' title="bbox 2074 4526 3659 4599; baseline 0.001 -14"><span class='ocrx_word' id='word_1_690' title='bbox 2074 4531 2223 4585; x_wconf 90' lang='lat' dir='ltr'><strong>edita</strong></span> <span class='ocrx_word' id='word_1_691' title='bbox 2266 4538 2431 4595; x_wconf 90' lang='lat' dir='ltr'><strong>sunt;</strong></span> <span class='ocrx_word' id='word_1_692' title='bbox 2467 4542 2827 4598; x_wconf 88' lang='lat' dir='ltr'><strong>personarum</strong></span> <span class='ocrx_word' id='word_1_693' title='bbox 2871 4526 3096 4597; x_wconf 89' lang='lat' dir='ltr'><strong>quidem</strong></span> <span class='ocrx_word' id='word_1_694' title='bbox 3133 4536 3188 4582; x_wconf 86' lang='lat' dir='ltr'><strong>et</strong></span> <span class='ocrx_word' id='word_1_695' title='bbox 3221 4537 3532 4599; x_wconf 89' lang='lat' dir='ltr'><strong>temporum</strong></span> <span class='ocrx_word' id='word_1_696' title='bbox 3563 4531 3659 4587; x_wconf 84' lang='lat' dir='ltr'><strong>ha-</strong></span> 
     </span>
    </p>
   </div>
   <div class='ocr_carea' id='block_1_95' title="bbox 334 4614 1971 4688">
    <p class='ocr_par' dir='ltr' id='par_1_95' title="bbox 334 4614 1971 4688">
     <span class='ocr_line' id='line_1_95' title="bbox 334 4614 1971 4688; baseline 0.006 -22"><span class='ocrx_word' id='word_1_697' title='bbox 334 4643 342 4660; x_wconf 78' lang='grc' dir='ltr'><strong>ι</strong></span> <span class='ocrx_word' id='word_1_698' title='bbox 384 4614 619 4687; x_wconf 73' lang='grc' dir='ltr'>τῐρρητα</span> <span class='ocrx_word' id='word_1_699' title='bbox 645 4616 714 4669; x_wconf 89' lang='grc' dir='ltr'><strong>τά</strong></span> <span class='ocrx_word' id='word_1_700' title='bbox 738 4634 769 4669; x_wconf 91' lang='grc' dir='ltr'><strong>τ</strong></span> <span class='ocrx_word' id='word_1_701' title='bbox 790 4636 845 4669; x_wconf 69' lang='grc' dir='ltr'><strong>νν</strong></span> <span class='ocrx_word' id='word_1_702' title='bbox 871 4618 1211 4671; x_wconf 84' lang='grc' dir='ltr'>διδασκάλων</span> <span class='ocrx_word' id='word_1_703' title='bbox 1237 4620 1444 4674; x_wconf 76' lang='grc' dir='ltr'>οἴεσθαι</span> <span class='ocrx_word' id='word_1_704' title='bbox 1474 4622 1724 4688; x_wconf 80' lang='grc' dir='ltr'>δόγματα</span> <span class='ocrx_word' id='word_1_705' title='bbox 1757 4626 1852 4677; x_wconf 71' lang='grc' dir='ltr'><strong>καὶ</strong></span> <span class='ocrx_word' id='word_1_706' title='bbox 1883 4624 1971 4676; x_wconf 76' lang='lat' dir='ltr'><strong>Oe-</strong></span> 
     </span>
    </p>
   </div>
   <div class='ocr_carea' id='block_1_96' title="bbox 387 4709 1968 4788">
    <p class='ocr_par' dir='ltr' id='par_1_96' title="bbox 387 4709 1968 4788">
     <span class='ocr_line' id='line_1_96' title="bbox 387 4709 1968 4788; baseline 0.006 -27"><span class='ocrx_word' id='word_1_707' title='bbox 387 4709 690 4779; x_wconf 82' lang='grc' dir='ltr'>σπίσματα,</span> <span class='ocrx_word' id='word_1_708' title='bbox 707 4710 782 4775; x_wconf 87' lang='grc' dir='ltr'>ὡς</span> <span class='ocrx_word' id='word_1_709' title='bbox 802 4715 982 4783; x_wconf 80' lang='grc' dir='ltr'>σιωπῇ</span> <span class='ocrx_word' id='word_1_710' title='bbox 1001 4713 1069 4765; x_wconf 67' lang='grc' dir='ltr'><strong>τά</strong></span> <span class='ocrx_word' id='word_1_711' title='bbox 1092 4713 1244 4782; x_wconf 78' lang='grc' dir='ltr'>σφίσι</span> <span class='ocrx_word' id='word_1_712' title='bbox 1266 4713 1537 4784; x_wconf 81' lang='grc' dir='ltr'>λεγόμενα</span> <span class='ocrx_word' id='word_1_713' title='bbox 1561 4716 1811 4787; x_wconf 83' lang='grc' dir='ltr'>δέχεσθαι</span> <span class='ocrx_word' id='word_1_714' title='bbox 1830 4716 1968 4788; x_wconf 84' lang='lat'><strong>(90),</strong></span> 
     </span>
    </p>
   </div>
   <div class='ocr_carea' id='block_1_97' title="bbox 387 4802 1972 4879">
    <p class='ocr_par' dir='ltr' id='par_1_97' title="bbox 387 4802 1972 4879">
     <span class='ocr_line' id='line_1_97' title="bbox 387 4802 1972 4879; baseline 0.006 -26"><span class='ocrx_word' id='word_1_715' title='bbox 387 4802 511 4871; x_wconf 81' lang='grc' dir='ltr'>μήτ’</span> <span class='ocrx_word' id='word_1_716' title='bbox 536 4804 989 4871; x_wconf 68' lang='grc' dir='ltr'>ἀμφιϐάλλουσαν</span> <span class='ocrx_word' id='word_1_717' title='bbox 1021 4806 1192 4875; x_wconf 72' lang='grc' dir='ltr'>ἀκοήν</span> <span class='ocrx_word' id='word_1_718' title='bbox 1212 4844 1227 4871; x_wconf 90' lang='grc'><strong>,</strong></span> <span class='ocrx_word' id='word_1_719' title='bbox 1263 4807 1399 4877; x_wconf 80' lang='grc' dir='ltr'>μήτε</span> <span class='ocrx_word' id='word_1_720' title='bbox 1429 4807 1679 4874; x_wconf 86' lang='grc' dir='ltr'>γλῶτταν</span> <span class='ocrx_word' id='word_1_721' title='bbox 1709 4810 1972 4879; x_wconf 86' lang='grc' dir='ltr'>προϊεμέ-</span> 
     </span>
    </p>
   </div>
   <div class='ocr_carea' id='block_1_98' title="bbox 384 4895 1973 4969">
    <p class='ocr_par' dir='ltr' id='par_1_98' title="bbox 384 4895 1973 4969">
     <span class='ocr_line' id='line_1_98' title="bbox 384 4895 1973 4969; baseline 0.004 -22"><span class='ocrx_word' id='word_1_722' title='bbox 384 4910 507 4956; x_wconf 81' lang='grc' dir='ltr'>νους</span> <span class='ocrx_word' id='word_1_723' title='bbox 540 4895 842 4962; x_wconf 69' lang='grc' dir='ltr'>ἀντίφωιον</span> <span class='ocrx_word' id='word_1_724' title='bbox 866 4914 880 4927; x_wconf 89' lang='grc'><strong>·</strong></span> <span class='ocrx_word' id='word_1_725' title='bbox 913 4898 1061 4967; x_wconf 76' lang='grc' dir='ltr'>ἡμᾶς</span> <span class='ocrx_word' id='word_1_726' title='bbox 1094 4898 1150 4950; x_wconf 82' lang='grc' dir='ltr'>δὲ</span> <span class='ocrx_word' id='word_1_727' title='bbox 1180 4900 1294 4960; x_wconf 88' lang='grc' dir='ltr'>τοῖς</span> <span class='ocrx_word' id='word_1_728' title='bbox 1325 4899 1492 4960; x_wconf 82' lang='grc' dir='ltr'>θείοις</span> <span class='ocrx_word' id='word_1_729' title='bbox 1512 4900 1697 4969; x_wconf 67' lang='grc' dir='ltr'>νῦμοις</span> <span class='ocrx_word' id='word_1_730' title='bbox 1733 4903 1827 4954; x_wconf 80' lang='grc' dir='ltr'><strong>καὶ</strong></span> <span class='ocrx_word' id='word_1_731' title='bbox 1844 4901 1973 4969; x_wconf 80' lang='grc' dir='ltr'>δόγ-</span> 
     </span>
    </p>
   </div>
   <div class='ocr_carea' id='block_1_99' title="bbox 390 4988 1968 5061">
    <p class='ocr_par' dir='ltr' id='par_1_99' title="bbox 390 4988 1968 5061">
     <span class='ocr_line' id='line_1_99' title="bbox 390 4988 1968 5061; baseline 0.004 -21"><span class='ocrx_word' id='word_1_732' title='bbox 390 5006 523 5058; x_wconf 85' lang='grc' dir='ltr'>μασι</span> <span class='ocrx_word' id='word_1_733' title='bbox 562 4988 672 5041; x_wconf 81' lang='grc' dir='ltr'>τῶν</span> <span class='ocrx_word' id='word_1_734' title='bbox 712 4989 811 5059; x_wconf 79' lang='grc' dir='ltr'>τῆς</span> <span class='ocrx_word' id='word_1_735' title='bbox 837 4990 994 5061; x_wconf 82' lang='grc' dir='ltr'>ήμῶν</span> <span class='ocrx_word' id='word_1_736' title='bbox 1019 4991 1277 5061; x_wconf 71' lang='grc' dir='ltr'>ὰρχηγῶν</span> <span class='ocrx_word' id='word_1_737' title='bbox 1301 4990 1584 5051; x_wconf 74' lang='grc' dir='ltr'>εὐσεϐείας</span> <span class='ocrx_word' id='word_1_738' title='bbox 1611 4996 1703 5044; x_wconf 70' lang='grc' dir='ltr'><strong>καὶ</strong></span> <span class='ocrx_word' id='word_1_739' title='bbox 1732 4994 1968 5057; x_wconf 87' lang='grc' dir='ltr'>πίστεω;</span> 
     </span>
    </p>
   </div>
   <div class='ocr_carea' id='block_1_100' title="bbox 384 5080 1967 5159">
    <p class='ocr_par' dir='ltr' id='par_1_100' title="bbox 384 5080 1967 5159">
     <span class='ocr_line' id='line_1_100' title="bbox 384 5080 1967 5159; baseline 0.004 -26"><span class='ocrx_word' id='word_1_740' title='bbox 384 5082 442 5133; x_wconf 80' lang='grc' dir='ltr'><strong>οὐ</strong></span> <span class='ocrx_word' id='word_1_741' title='bbox 490 5081 635 5152; x_wconf 86' lang='grc' dir='ltr'>μάλα</span> <span class='ocrx_word' id='word_1_742' title='bbox 674 5082 881 5136; x_wconf 75' lang='grc' dir='ltr'>ἐθέλειν</span> <span class='ocrx_word' id='word_1_743' title='bbox 921 5084 1333 5149; x_wconf 70' lang='grc' dir='ltr'>ἀναποδείκτοις</span> <span class='ocrx_word' id='word_1_744' title='bbox 1375 5088 1467 5139; x_wconf 68' lang='grc' dir='ltr'>καὶ</span> <span class='ocrx_word' id='word_1_745' title='bbox 1507 5080 1597 5139; x_wconf 74' lang='grc' dir='ltr'>οἷά</span> <span class='ocrx_word' id='word_1_746' title='bbox 1635 5103 1779 5139; x_wconf 89' lang='grc' dir='ltr'>τισιν</span> <span class='ocrx_word' id='word_1_747' title='bbox 1819 5088 1967 5159; x_wconf 80' lang='grc' dir='ltr'>ὅροις</span> 
     </span>
    </p>
   </div>
   <div class='ocr_carea' id='block_1_101' title="bbox 386 5175 1971 5250">
    <p class='ocr_par' dir='ltr' id='par_1_101' title="bbox 386 5175 1971 5250">
     <span class='ocr_line' id='line_1_101' title="bbox 386 5175 1971 5250; baseline 0.003 -21"><span class='ocrx_word' id='word_1_748' title='bbox 386 5175 716 5248; x_wconf 79' lang='grc' dir='ltr'>κεχρῆσθαι,</span> <span class='ocrx_word' id='word_1_749' title='bbox 771 5177 1369 5247; x_wconf 76' lang='grc' dir='ltr'>ἁλλ’ἀμφιὸαλλόντων</span> <span class='ocrx_word' id='word_1_750' title='bbox 1420 5180 1515 5232; x_wconf 77' lang='grc' dir='ltr'>καὶ</span> <span class='ocrx_word' id='word_1_751' title='bbox 1569 5178 1971 5250; x_wconf 84' lang='grc' dir='ltr'>πολυπραγμο-</span> 
     </span>
    </p>
   </div>
   <div class='ocr_carea' id='block_1_102' title="bbox 385 5270 1974 5342">
    <p class='ocr_par' dir='ltr' id='par_1_102' title="bbox 385 5270 1974 5342">
     <span class='ocr_line' id='line_1_102' title="bbox 385 5270 1974 5342; baseline 0.004 -23"><span class='ocrx_word' id='word_1_752' title='bbox 385 5271 619 5342; x_wconf 75' lang='grc' dir='ltr'>νούντων</span> <span class='ocrx_word' id='word_1_753' title='bbox 665 5270 842 5323; x_wconf 77' lang='grc' dir='ltr'>ἄλλων</span> <span class='ocrx_word' id='word_1_754' title='bbox 892 5270 1186 5340; x_wconf 82' lang='grc' dir='ltr'>ἀνέχεσθαι</span> <span class='ocrx_word' id='word_1_755' title='bbox 1237 5273 1332 5325; x_wconf 80' lang='grc' dir='ltr'>καὶ</span> <span class='ocrx_word' id='word_1_756' title='bbox 1382 5272 1974 5342; x_wconf 76' lang='grc' dir='ltr'>κατακερματιζόντων</span> 
     </span>
    </p>
   </div>
   <div class='ocr_carea' id='block_1_103' title="bbox 382 5339 1975 5436">
    <p class='ocr_par' dir='ltr' id='par_1_103' title="bbox 382 5339 1975 5436">
     <span class='ocr_line' id='line_1_103' title="bbox 382 5339 1975 5436; baseline 0.004 -23"><span class='ocrx_word' id='word_1_757' title='bbox 382 5363 476 5415; x_wconf 68' lang='grc' dir='ltr'>τὸν</span> <span class='ocrx_word' id='word_1_758' title='bbox 497 5339 646 5426; x_wconf 61' lang='grc' dir='ltr'>νοῦν,</span> <span class='ocrx_word' id='word_1_759' title='bbox 670 5361 927 5433; x_wconf 85' lang='grc' dir='ltr'>καθάπερ</span> <span class='ocrx_word' id='word_1_760' title='bbox 952 5362 1166 5416; x_wconf 86' lang='grc' dir='ltr'>ποιοῦσι</span> <span class='ocrx_word' id='word_1_761' title='bbox 1196 5366 1289 5417; x_wconf 77' lang='grc' dir='ltr'><strong>καὶ</strong></span> <span class='ocrx_word' id='word_1_762' title='bbox 1314 5365 1364 5416; x_wconf 86' lang='lat' dir='ltr'><strong>oi</strong></span> <span class='ocrx_word' id='word_1_763' title='bbox 1391 5364 1638 5432; x_wconf 81' lang='grc' dir='ltr'>πολέμιοι</span> <span class='ocrx_word' id='word_1_764' title='bbox 1663 5365 1731 5417; x_wconf 70' lang='grc' dir='ltr'>τὰ</span> <span class='ocrx_word' id='word_1_765' title='bbox 1754 5364 1975 5436; x_wconf 81' lang='grc' dir='ltr'>λάφυρα</span> 
     </span>
    </p>
   </div>
   <div class='ocr_carea' id='block_1_104' title="bbox 389 5453 1973 5528">
    <p class='ocr_par' dir='ltr' id='par_1_104' title="bbox 389 5453 1973 5528">
     <span class='ocr_line' id='line_1_104' title="bbox 389 5453 1973 5528; baseline 0.002 -19"><span class='ocrx_word' id='word_1_766' title='bbox 389 5453 481 5519; x_wconf 82' lang='grc' dir='ltr'><strong>ξύν</strong></span> <span class='ocrx_word' id='word_1_767' title='bbox 509 5471 574 5524; x_wconf 87' lang='grc' dir='ltr'><strong>γε</strong></span> <span class='ocrx_word' id='word_1_768' title='bbox 607 5454 776 5526; x_wconf 79' lang='grc' dir='ltr'>πολλῇ</span> <span class='ocrx_word' id='word_1_769' title='bbox 812 5455 1198 5526; x_wconf 83' lang='grc' dir='ltr'>περιέλκοντες</span> <span class='ocrx_word' id='word_1_770' title='bbox 1231 5456 1496 5528; x_wconf 75' lang='grc' dir='ltr'>ἀκοσμία.</span> <span class='ocrx_word' id='word_1_771' title='bbox 1531 5454 1747 5509; x_wconf 79' lang='grc' dir='ltr'>Εξδέναι</span> <span class='ocrx_word' id='word_1_772' title='bbox 1782 5457 1973 5526; x_wconf 89' lang='grc' dir='ltr'>μέντοι</span> 
     </span>
    </p>
   </div>
   <div class='ocr_carea' id='block_1_105' title="bbox 2068 4618 3660 4694">
    <p class='ocr_par' dir='ltr' id='par_1_105' title="bbox 2068 4618 3660 4694">
     <span class='ocr_line' id='line_1_105' title="bbox 2068 4618 3660 4694; baseline 0 -16"><span class='ocrx_word' id='word_1_773' title='bbox 2068 4623 2183 4678; x_wconf 88' lang='lat' dir='ltr'><strong>bita</strong></span> <span class='ocrx_word' id='word_1_774' title='bbox 2216 4622 2455 4687; x_wconf 86' lang='lat' dir='ltr'><strong>ratione,</strong></span> <span class='ocrx_word' id='word_1_775' title='bbox 2490 4620 2589 4675; x_wconf 89' lang='lat' dir='ltr'><strong>sed</strong></span> <span class='ocrx_word' id='word_1_776' title='bbox 2621 4618 2878 4688; x_wconf 83' lang='lat' dir='ltr'><strong>religiose</strong></span> <span class='ocrx_word' id='word_1_777' title='bbox 2904 4618 3125 4686; x_wconf 89' lang='lat' dir='ltr'><strong>omnia;</strong></span> <span class='ocrx_word' id='word_1_778' title='bbox 3152 4622 3402 4691; x_wconf 83' lang='lat' dir='ltr'><strong>quaedam</strong></span> <span class='ocrx_word' id='word_1_779' title='bbox 3437 4625 3660 4694; x_wconf 89' lang='lat' dir='ltr'><strong>inquam</strong></span> 
     </span>
    </p>
   </div>
   <div class='ocr_carea' id='block_1_106' title="bbox 2071 4704 3661 4797">
    <p class='ocr_par' dir='ltr' id='par_1_106' title="bbox 2071 4704 3661 4797">
     <span class='ocr_line' id='line_1_106' title="bbox 2071 4704 3661 4797; baseline 0.001 -25"><span class='ocrx_word' id='word_1_780' title='bbox 2071 4720 2155 4772; x_wconf 85' lang='lat' dir='ltr'><strong>sic</strong></span> <span class='ocrx_word' id='word_1_781' title='bbox 2189 4716 2381 4782; x_wconf 86' lang='lat' dir='ltr'><strong>edita;</strong></span> <span class='ocrx_word' id='word_1_782' title='bbox 2420 4704 2526 4797; x_wconf 75' lang='lat' dir='ltr'><strong>alia</strong></span> <span class='ocrx_word' id='word_1_783' title='bbox 2566 4714 2898 4786; x_wconf 81' lang='lat' dir='ltr'><strong>dogmatice,</strong></span> <span class='ocrx_word' id='word_1_784' title='bbox 2945 4713 3054 4768; x_wconf 91' lang='lat' dir='ltr'><strong>alia</strong></span> <span class='ocrx_word' id='word_1_785' title='bbox 3101 4715 3514 4783; x_wconf 88' lang='lat' dir='ltr'><strong>encomiastice,</strong></span> <span class='ocrx_word' id='word_1_786' title='bbox 3555 4718 3661 4773; x_wconf 91' lang='lat' dir='ltr'><strong>alia</strong></span> 
     </span>
    </p>
   </div>
   <div class='ocr_carea' id='block_1_107' title="bbox 2069 4806 3664 4880">
    <p class='ocr_par' dir='ltr' id='par_1_107' title="bbox 2069 4806 3664 4880">
     <span class='ocr_line' id='line_1_107' title="bbox 2069 4806 3664 4880; baseline 0.003 -17"><span class='ocrx_word' id='word_1_787' title='bbox 2069 4808 2310 4880; x_wconf 88' lang='lat' dir='ltr'><strong>denique</strong></span> <span class='ocrx_word' id='word_1_788' title='bbox 2345 4806 2713 4862; x_wconf 89' lang='lat' dir='ltr'><strong>contentiose.</strong></span> <span class='ocrx_word' id='word_1_789' title='bbox 2751 4806 2883 4874; x_wconf 76' lang='lat' dir='ltr'><strong>Quae</strong></span> <span class='ocrx_word' id='word_1_790' title='bbox 2907 4809 3277 4874; x_wconf 83' lang='lat' dir='ltr'><strong>contentiosa,</strong></span> <span class='ocrx_word' id='word_1_791' title='bbox 3306 4825 3370 4865; x_wconf 91' lang='lat' dir='ltr'><strong>ea</strong></span> <span class='ocrx_word' id='word_1_792' title='bbox 3402 4826 3514 4864; x_wconf 92' lang='lat' dir='ltr'><strong>non</strong></span> <span class='ocrx_word' id='word_1_793' title='bbox 3551 4810 3664 4867; x_wconf 90' lang='lat' dir='ltr'><strong>de-</strong></span> 
     </span>
    </p>
   </div>
   <div class='ocr_carea' id='block_1_108' title="bbox 2071 4897 3664 4973">
    <p class='ocr_par' dir='ltr' id='par_1_108' title="bbox 2071 4897 3664 4973">
     <span class='ocr_line' id='line_1_108' title="bbox 2071 4897 3664 4973; baseline 0.001 -17"><span class='ocrx_word' id='word_1_794' title='bbox 2071 4901 2206 4956; x_wconf 90' lang='lat' dir='ltr'><strong>bent</strong></span> <span class='ocrx_word' id='word_1_795' title='bbox 2246 4899 2467 4955; x_wconf 88' lang='lat' dir='ltr'><strong>aliunde</strong></span> <span class='ocrx_word' id='word_1_796' title='bbox 2516 4898 2626 4952; x_wconf 88' lang='lat' dir='ltr'><strong>alio</strong></span> <span class='ocrx_word' id='word_1_797' title='bbox 2662 4898 2972 4953; x_wconf 81' lang='lat' dir='ltr'><strong>transferri.</strong></span> <span class='ocrx_word' id='word_1_798' title='bbox 3022 4897 3215 4971; x_wconf 87' lang='lat' dir='ltr'><strong>Neque</strong></span> <span class='ocrx_word' id='word_1_799' title='bbox 3263 4900 3413 4956; x_wconf 89' lang='lat' dir='ltr'><strong>enim</strong></span> <span class='ocrx_word' id='word_1_800' title='bbox 3463 4901 3509 4958; x_wconf 91' lang='lat' dir='ltr'><strong>si</strong></span> <span class='ocrx_word' id='word_1_801' title='bbox 3541 4902 3664 4973; x_wconf 79' lang='lat' dir='ltr'><strong>quis</strong></span> 
     </span>
    </p>
   </div>
   <div class='ocr_carea' id='block_1_109' title="bbox 2078 4993 3662 5067">
    <p class='ocr_par' dir='ltr' id='par_1_109' title="bbox 2078 4993 3662 5067">
     <span class='ocr_line' id='line_1_109' title="bbox 2078 4993 3662 5067; baseline 0 -19"><span class='ocrx_word' id='word_1_802' title='bbox 2078 5009 2330 5066; x_wconf 81' lang='lat' dir='ltr'><strong>pugnans</strong></span> <span class='ocrx_word' id='word_1_803' title='bbox 2360 5009 2483 5047; x_wconf 91' lang='lat' dir='ltr'><strong>cum</strong></span> <span class='ocrx_word' id='word_1_804' title='bbox 2524 4993 2776 5048; x_wconf 90' lang='lat' dir='ltr'><strong>hostibus</strong></span> <span class='ocrx_word' id='word_1_805' title='bbox 2805 5002 2862 5049; x_wconf 91' lang='lat' dir='ltr'><strong>et</strong></span> <span class='ocrx_word' id='word_1_806' title='bbox 2889 5001 3009 5047; x_wconf 90' lang='lat' dir='ltr'><strong>toto</strong></span> <span class='ocrx_word' id='word_1_807' title='bbox 3035 4997 3224 5050; x_wconf 88' lang='lat' dir='ltr'><strong>animo</strong></span> <span class='ocrx_word' id='word_1_808' title='bbox 3251 4997 3301 5049; x_wconf 90' lang='lat' dir='ltr'><strong>iu</strong></span> <span class='ocrx_word' id='word_1_809' title='bbox 3332 4996 3577 5067; x_wconf 84' lang='lat' dir='ltr'><strong>gladium</strong></span> <span class='ocrx_word' id='word_1_810' title='bbox 3613 5003 3662 5049; x_wconf 87' lang='lat' dir='ltr'><strong>et</strong></span> 
     </span>
    </p>
   </div>
   <div class='ocr_carea' id='block_1_110' title="bbox 2075 5086 3664 5160">
    <p class='ocr_par' dir='ltr' id='par_1_110' title="bbox 2075 5086 3664 5160">
     <span class='ocr_line' id='line_1_110' title="bbox 2075 5086 3664 5160; baseline -0.001 -16"><span class='ocrx_word' id='word_1_811' title='bbox 2075 5088 2325 5160; x_wconf 75' lang='lat' dir='ltr'><strong>clypeum</strong></span> <span class='ocrx_word' id='word_1_812' title='bbox 2362 5086 2608 5140; x_wconf 90' lang='lat' dir='ltr'><strong>intentus</strong></span> <span class='ocrx_word' id='word_1_813' title='bbox 2657 5086 3093 5141; x_wconf 86' lang='lat' dir='ltr'><strong>commilitonem</strong></span> <span class='ocrx_word' id='word_1_814' title='bbox 3138 5098 3265 5143; x_wconf 91' lang='lat' dir='ltr'><strong>ante</strong></span> <span class='ocrx_word' id='word_1_815' title='bbox 3317 5089 3487 5159; x_wconf 82' lang='lat' dir='ltr'><strong>pedes</strong></span> <span class='ocrx_word' id='word_1_816' title='bbox 3518 5098 3664 5144; x_wconf 76' lang='lat' dir='ltr'><strong>stan~</strong></span> 
     </span>
    </p>
   </div>
   <div class='ocr_carea' id='block_1_111' title="bbox 2074 5178 3665 5251">
    <p class='ocr_par' dir='ltr' id='par_1_111' title="bbox 2074 5178 3665 5251">
     <span class='ocr_line' id='line_1_111' title="bbox 2074 5178 3665 5251; baseline -0.001 -15"><span class='ocrx_word' id='word_1_817' title='bbox 2074 5191 2182 5237; x_wconf 89' lang='lat' dir='ltr'><strong>tem</strong></span> <span class='ocrx_word' id='word_1_818' title='bbox 2215 5179 2635 5243; x_wconf 84' lang='lat' dir='ltr'><strong>disturbaverit,</strong></span> <span class='ocrx_word' id='word_1_819' title='bbox 2687 5178 2773 5233; x_wconf 79' lang='lat' dir='ltr'><strong>vel</strong></span> <span class='ocrx_word' id='word_1_820' title='bbox 2819 5178 2907 5233; x_wconf 76' lang='lat' dir='ltr'><strong>lex</strong></span> <span class='ocrx_word' id='word_1_821' title='bbox 2962 5194 3026 5234; x_wconf 89' lang='lat' dir='ltr'><strong>ea</strong></span> <span class='ocrx_word' id='word_1_822' title='bbox 3074 5180 3315 5250; x_wconf 87' lang='lat' dir='ltr'><strong>putanda</strong></span> <span class='ocrx_word' id='word_1_823' title='bbox 3346 5181 3510 5251; x_wconf 81' lang='lat'><strong>517</strong></span> <span class='ocrx_word' id='word_1_824' title='bbox 3558 5189 3665 5241; x_wconf 88' lang='lat' dir='ltr'><strong>est,</strong></span> 
     </span>
    </p>
   </div>
   <div class='ocr_carea' id='block_1_112' title="bbox 2073 5269 3664 5340">
    <p class='ocr_par' dir='ltr' id='par_1_112' title="bbox 2073 5269 3664 5340">
     <span class='ocr_line' id='line_1_112' title="bbox 2073 5269 3664 5340; baseline 0 -13"><span class='ocrx_word' id='word_1_825' title='bbox 2073 5273 2160 5327; x_wconf 87' lang='lat' dir='ltr'><strong>vel</strong></span> <span class='ocrx_word' id='word_1_826' title='bbox 2206 5271 2253 5326; x_wconf 90' lang='lat' dir='ltr'><strong>is</strong></span> <span class='ocrx_word' id='word_1_827' title='bbox 2283 5270 2653 5334; x_wconf 88' lang='lat' dir='ltr'><strong>accusandus,</strong></span> <span class='ocrx_word' id='word_1_828' title='bbox 2695 5270 2791 5339; x_wconf 92' lang='lat' dir='ltr'><strong>qui</strong></span> <span class='ocrx_word' id='word_1_829' title='bbox 2844 5269 2897 5324; x_wconf 91' lang='lat' dir='ltr'><strong>id</strong></span> <span class='ocrx_word' id='word_1_830' title='bbox 2929 5269 3084 5336; x_wconf 91' lang='lat' dir='ltr'><strong>fecit,</strong></span> <span class='ocrx_word' id='word_1_831' title='bbox 3136 5274 3526 5340; x_wconf 79' lang='lat' dir='ltr'><strong>cogitationem</strong></span> <span class='ocrx_word' id='word_1_832' title='bbox 3558 5272 3664 5327; x_wconf 87' lang='lat' dir='ltr'><strong>alio</strong></span> 
     </span>
    </p>
   </div>
   <div class='ocr_carea' id='block_1_113' title="bbox 2081 5364 3664 5433">
    <p class='ocr_par' dir='ltr' id='par_1_113' title="bbox 2081 5364 3664 5433">
     <span class='ocr_line' id='line_1_113' title="bbox 2081 5364 3664 5433; baseline 0 -13"><span class='ocrx_word' id='word_1_833' title='bbox 2081 5366 2339 5421; x_wconf 87' lang='lat' dir='ltr'><strong>trahente</strong></span> <span class='ocrx_word' id='word_1_834' title='bbox 2398 5364 2734 5420; x_wconf 82' lang='lat' dir='ltr'><strong>necessitate</strong></span> <span class='ocrx_word' id='word_1_835' title='bbox 2787 5373 2845 5419; x_wconf 90' lang='lat' dir='ltr'><strong>et</strong></span> <span class='ocrx_word' id='word_1_836' title='bbox 2896 5364 3125 5422; x_wconf 90' lang='lat' dir='ltr'><strong>minime</strong></span> <span class='ocrx_word' id='word_1_837' title='bbox 3181 5367 3421 5430; x_wconf 89' lang='lat' dir='ltr'><strong>sinente,</strong></span> <span class='ocrx_word' id='word_1_838' title='bbox 3476 5375 3539 5419; x_wconf 88' lang='lat' dir='ltr'><strong>ut</strong></span> <span class='ocrx_word' id='word_1_839' title='bbox 3589 5364 3664 5433; x_wconf 85' lang='lat' dir='ltr'><strong>id,</strong></span> 
     </span>
    </p>
   </div>
   <div class='ocr_carea' id='block_1_114' title="bbox 2079 5455 3667 5531">
    <p class='ocr_par' dir='ltr' id='par_1_114' title="bbox 2079 5455 3667 5531">
     <span class='ocr_line' id='line_1_114' title="bbox 2079 5455 3667 5531; baseline -0.001 -19"><span class='ocrx_word' id='word_1_840' title='bbox 2079 5457 2228 5531; x_wconf 90' lang='lat' dir='ltr'><strong>quod</strong></span> <span class='ocrx_word' id='word_1_841' title='bbox 2269 5457 2473 5511; x_wconf 69' lang='lat' dir='ltr'><strong>factum</strong></span> <span class='ocrx_word' id='word_1_842' title='bbox 2517 5467 2623 5522; x_wconf 87' lang='lat' dir='ltr'><strong>est,</strong></span> <span class='ocrx_word' id='word_1_843' title='bbox 2660 5455 2822 5510; x_wconf 92' lang='lat' dir='ltr'><strong>aliter</strong></span> <span class='ocrx_word' id='word_1_844' title='bbox 2855 5456 3036 5511; x_wconf 88' lang='lat' dir='ltr'><strong>lieret.</strong></span> <span class='ocrx_word' id='word_1_845' title='bbox 3075 5456 3267 5527; x_wconf 83' lang='lat' dir='ltr'><strong>itaque</strong></span> <span class='ocrx_word' id='word_1_846' title='bbox 3297 5455 3429 5510; x_wconf 90' lang='lat' dir='ltr'><strong>illud</strong></span> <span class='ocrx_word' id='word_1_847' title='bbox 3470 5471 3667 5512; x_wconf 86' lang='lat' dir='ltr'><strong>caven-</strong></span> 
     </span>
    </p>
   </div>
   <div class='ocr_carea' id='block_1_115' title="bbox 1737 5601 2295 5664">
    <p class='ocr_par' dir='ltr' id='par_1_115' title="bbox 1737 5601 2295 5664">
     <span class='ocr_line' id='line_1_115' title="bbox 1737 5601 2295 5664; baseline -0.004 -1"><span class='ocrx_word' id='word_1_848' title='bbox 1737 5601 2072 5664; x_wconf 67' lang='lat' dir='ltr'><strong>Va&#39;rlorum</strong></span> <span class='ocrx_word' id='word_1_849' title='bbox 2110 5612 2295 5664; x_wconf 70' lang='lat' dir='ltr'><strong>notae.</strong></span> 
     </span>
    </p>
   </div>
   <div class='ocr_carea' id='block_1_116' title="bbox 460 5745 3671 5826">
    <p class='ocr_par' dir='ltr' id='par_1_116' title="bbox 460 5745 3671 5826">
     <span class='ocr_line' id='line_1_116' title="bbox 460 5745 3671 5826; baseline 0 -24"><span class='ocrx_word' id='word_1_850' title='bbox 460 5746 571 5826; x_wconf 75' lang='lat'><strong>(90)</strong></span> <span class='ocrx_word' id='word_1_851' title='bbox 603 5745 672 5826; x_wconf 81' lang='lat' dir='ltr'><strong>_U_t</strong></span> <span class='ocrx_word' id='word_1_852' title='bbox 695 5747 947 5826; x_wconf 58' lang='lat' dir='ltr'><strong>gnidquid</strong></span> <span class='ocrx_word' id='word_1_853' title='bbox 973 5747 1051 5803; x_wconf 86' lang='lat' dir='ltr'><strong>illi</strong></span> <span class='ocrx_word' id='word_1_854' title='bbox 1110 5751 1360 5821; x_wconf 73' lang='lat' dir='ltr'><strong>dixerint,</strong></span> <span class='ocrx_word' id='word_1_855' title='bbox 1390 5755 1535 5808; x_wconf 80' lang='lat' dir='ltr'><strong>taciti</strong></span> <span class='ocrx_word' id='word_1_856' title='bbox 1564 5755 1664 5826; x_wconf 76' lang='lat' dir='ltr'><strong>ipsi</strong></span> <span class='ocrx_word' id='word_1_857' title='bbox 1692 5753 2002 5823; x_wconf 79' lang='lat' dir='ltr'><strong>admittant,</strong></span> <span class='ocrx_word' id='word_1_858' title='bbox 2040 5771 2173 5822; x_wconf 87' lang='lat' dir='ltr'><strong>non,</strong></span> <span class='ocrx_word' id='word_1_859' title='bbox 2209 5764 2266 5810; x_wconf 88' lang='lat' dir='ltr'><strong>ut</strong></span> <span class='ocrx_word' id='word_1_860' title='bbox 2305 5753 2779 5825; x_wconf 85' lang='lat' dir='ltr'><strong>interpretabatur</strong></span> <span class='ocrx_word' id='word_1_861' title='bbox 2814 5751 3103 5818; x_wconf 50' lang='lat' dir='ltr'><strong>.Wollius,</strong></span> <span class='ocrx_word' id='word_1_862' title='bbox 3138 5760 3196 5806; x_wconf 84' lang='lat' dir='ltr'><strong>ut</strong></span> <span class='ocrx_word' id='word_1_863' title='bbox 3233 5749 3488 5823; x_wconf 73' lang='lat' dir='ltr'><strong>quidquid</strong></span> <span class='ocrx_word' id='word_1_864' title='bbox 3518 5748 3671 5805; x_wconf 63' lang='lat' dir='ltr'><strong>diu.</strong></span> 
     </span>
    </p>
   </div>
   <div class='ocr_carea' id='block_1_117' title="bbox 388 5811 1122 5887">
    <p class='ocr_par' dir='ltr' id='par_1_117' title="bbox 388 5811 1122 5887">
     <span class='ocr_line' id='line_1_117' title="bbox 388 5811 1122 5887; baseline 0.003 -12"><span class='ocrx_word' id='word_1_865' title='bbox 388 5811 481 5887; x_wconf 70' lang='lat' dir='ltr'><strong>ris,</strong></span> <span class='ocrx_word' id='word_1_866' title='bbox 510 5811 658 5871; x_wconf 65' lang='lat' dir='ltr'><strong>taciti</strong></span> <span class='ocrx_word' id='word_1_867' title='bbox 684 5811 878 5887; x_wconf 64' lang='lat' dir='ltr'><strong>(erant.</strong></span> <span class='ocrx_word' id='word_1_868' title='bbox 911 5819 1122 5878; x_wconf 73' lang='lat' dir='ltr'><strong>Bomu.</strong></span> 
     </span>
    </p>
   </div>
  </div>
