4062 6450
412 349 520 413 719
666 344 740 418 [Α.
774 361 828 401 ιι.
867 342 1006 401 6836
1031 324 1295 416 ιιι-6849]

1619 342 2044 407 NICEPHORI
2080 343 2468 409 GREGORRE

2788 341 2932 416 [ιιιιι.
2983 357 3262 401 Ακυιιοσισ.
3293 342 3434 418 tum]

3566 348 3669 416 ἿΞθ

409 485 541 539 dum
578 501 593 539 :
631 483 766 540 item
820 497 891 539 ne
943 483 1013 538 iis
1058 496 1183 551 quae
1208 482 1605 537 encomiastice
1648 481 1797 537 dicta
1844 486 1997 541 sunt,

2120 484 2199 538 tati.
2237 485 2398 539 τοῦτο
2436 483 2638 557 χρεὼν,
2677 484 2753 549 ῶς
2794 485 2893 556 οὐχ
2938 484 3125 550 ἁπλῶς
3168 485 3292 540 οὐδὲ
3334 487 3456 542 καθ’
3481 487 3573 542 ἕνα
3614 506 3673 560 γε

410 593 512 649 pro
533 579 747 647 legibus
773 584 1015 632 utamur.
1044 575 1181 631 Nam
1201 573 1559 630 laudantibus
1584 589 1677 630 ars
1702 574 1820 644 ipsa
1844 566 2015 644 quid-1

410 670 496 726 vis
544 670 764 726 dicendi
798 669 1083 725 licentiam
1133 668 1309 724 dedit.
1343 666 1479 734 Quae
1516 683 1646 723 vero
1689 666 2011 749 dogmaticer

407 772 467 817 et
507 762 853 816 sententiose
897 759 1187 815 ettuntiata
1224 768 1376 822 sunt,
1412 758 1480 813 iis
1524 757 1746 812 demum
1783 764 2003 811 rectum

407 864 464 911 et
494 864 673 911 tutum
701 863 787 909 est
818 852 990 909 veluti
1024 851 1227 923 regulis
1262 860 1319 906 et
1348 849 1556 905 amussi
1602 848 1784 919 quoad
1833 847 1997 901 [idem

409 947 510 1001 uti.
549 946 662 1017 Ego
691 961 824 1001 vero
857 945 1001 1001 sicut
1027 946 1194 999 Italos
1227 943 1483 1014 improbo
1528 950 1585 996 et
1627 940 1999 1011 reprehendo,

409 1040 548 1096 adeo
593 1050 801 1095 temere
837 1046 895 1093 et
928 1046 1257 1108 arroganter
1293 1036 1348 1090 in
1405 1034 1737 1105 theologiam
1775 1034 2000 1087 irruen-

408 1143 522 1199 tes;
560 1134 633 1188 ita
664 1127 832 1188 etiam
871 1140 1032 1201 turpe
1059 1138 1115 1184 et
1156 1130 1400 1184 levitatis
1433 1143 1556 1183 esse
1591 1127 1760 1189 duco,
1804 1110 2007 1181 eorum;

407 1242 530 1297 qua:
564 1226 871 1296 probamus
920 1222 1106 1278 lacere
1137 1238 1241 1277 nos
1289 1224 1594 1287 contraria,
1632 1218 1826 1275 eorum
1868 1232 2001 1273 vero

406 1334 533 1399 gnte
572 1317 955 1387 improbamus
974 1316 1207 1370 similia:
1226 1314 1344 1369 Non
1379 1315 1525 1368 enim
1558 1313 1688 1383 quia
1719 1309 2006 1366 conliden-

410 1398 493 1467 tes
545 1410 623 1464 illi
671 1419 805 1465 sunt
843 1416 901 1464 et
936 1407 1182 1463 audaces
1234 1407 1288 1462 in
1323 1407 1645 1477 hujusmodi
1678 1405 1870 1471 rebus,
1920 1398 2015 1457 id?

362 1507 369 1513 '
409 1503 560 1557 circo
610 1516 711 1556 nos
742 1515 939 1555 eorum
974 1499 1286 1569 exemplum
1332 1498 1490 1569 sequi
1524 1514 1624 1569 par
1655 1507 1780 1564 est;
1822 1513 2004 1567 neque

408 1608 501 1658 eo.
536 1593 682 1664 quod
712 1593 880 1648 iidem
919 1608 949 1648 a
980 1600 1132 1649 recta
1172 1592 1261 1646 via
1292 1589 1675 1656 deﬂexerunt,‘
1695 1597 1753 1646 et
1788 1605 1891 1646 nos
1939 1606 2004 1646 ea

414 1687 693 1758 negligere
726 1693 967 1754 Oportet,
1004 1701 1127 1756 qua:
1157 1694 1309 1740 recte
1343 1683 1643 1739 constituta
1676 1693 1825 1739 sunt.
1860 1681 2003 1749 Quin

414 1778 598 1847 potius
621 1776 834 1831 immoti
854 1776 996 1830 intra
1027 1775 1304 1847 legitimos
1323 1774 1590 1829 terminos
1608 1773 2002 1839 consistamus,

2098 577 2197 663 ,τὸν
2230 577 2433 648 τρόπον
2462 577 2562 642 τὰς
2596 576 2705 632 τῶν
2740 576 2901 631 θείων
2937 579 3200 648 Πατὲρων
3232 579 3445 648 γραφάς
3480 580 3676 653 ἐκλαμ-

2094 666 2293 759 έὸάνειν
2323 672 2464 728 δέον.
2494 673 2577 727 Τὰ
2609 675 2707 743 μὲν
2733 673 2842 745 γὰρ
2874 674 3054 728 αὐτῶν
3082 673 3600 746 διδασκαλικώτερόν
3623 692 3681 730 τε

2109 766 2202 819 καὶ
2236 764 2732 837 οίκονομικώτερον
2766 765 2987 835 ἐξεδόθη
3021 767 3115 820 τὸν
3147 768 3349 838 τρόπον
3372 805 3387 828 ,
3421 767 3684 838 καταλλή-

2104 859 2218 924 ,λως
2262 858 2363 929 μὲν
2395 862 2509 923 τοῖς
2543 860 2863 929 προσώποις
2895 862 2989 914 καὶ¹
3020 862 3129 924 τοῖς
3164 860 3355 915 ἄλλοτε
3389 860 3561 924 ἄλλως
3592 861 3686 916 άν-

2095 950 2265 1037 Ιθοῦσι
2296 952 2509 1020 καιροῖς
2529 966 2544 982 ·
2578 950 2822 1014 εύσεὸῶς
2851 950 2896 1003 δ’
2921 952 3139 1005 ἅπαντα
3162 967 3178 983 ο
3210 951 3267 1004 αῖ
3300 950 3400 1021 μὲν
3428 949 3557 1019 γοῦν
3584 950 3687 1006 τῶν

2100 1043 2338 1115 γραφῶν
2368 1044 2544 1109 οὕτως
2576 1044 2906 1117 ἐξεδόθησαν
2927 1089 2941 1108 ,
2970 1048 3026 1101 αἱ
3056 1047 3112 1101 δὲ
3142 1046 3489 1116 δογματτκῶς
3510 1089 3523 1106 .
3553 1047 3606 1101 αί
3635 1045 3692 1101 δὲ

2111 1137 2593 1204 ὲγκωμιαστικῶς,
2645 1140 2702 1192 αί
2749 1139 2804 1193 δὲ
2854 1139 3255 1209 ἀγωνιστικῶς.
3302 1134 3552 1193 Ούτόύν
3601 1138 3693 1203 τὰς

2109 1227 2335 1281 ἄλλοθεν
2355 1210 2729 1297 ἀγωνιστικὰς
2751 1230 2945 1285 ἄλλοσε
2972 1231 3301 1300 μεταφέρειν
3322 1231 3520 1302 χρεών.
3545 1230 3694 1283 Ἐπεὶ
3740 1285 3749 1297 ,

2109 1319 2215 1372 οὐδ’
2241 1321 2295 1374 εῖ
2314 1338 2396 1384 τις
2429 1322 2717 1390 πολεμίοις
2750 1323 3064 1395 μαχόμενος
3094 1325 3189 1378 καὶ
3218 1324 3348 1393 ὅλην
3379 1323 3694 1393 άπασχολῶν

2110 1410 2209 1479 τὴν
2240 1409 2483 1467 διάνοιαν
2515 1413 2575 1477 ἐς
2604 1410 2665 1466 τὸ
2700 1413 2854 1482 ξίφος
2886 1413 2984 1467 καὶ
3014 1413 3115 1484 τὴν
3146 1405 3356 1469 ἀσπίδα
3387 1412 3495 1483 πρὸ
3525 1410 3696 1464 ποδῶν

2115 1505 2410 1575 ἱστάμενον
2445 1505 2536 1559 τὸν
2571 1503 2992 1578 συστρατιώτην
3027 1504 3337 1576 ὲξώθησεν,
3375 1501 3501 1558 οὔτε
3535 1502 3697 1573 νόμον

2111 1596 2365 1666 ἡγεῖσθαι
2388 1597 2449 1651 τὸ
2475 1600 2891 1668 πεπραγμένον,
2917 1595 3042 1652 οὔτε
3063 1597 3142 1668 τῷ
3164 1596 3471 1668 πεπραχότι
3497 1594 3698 1648 δίκαιον

2112 1688 2371 1756 ἐγκαλεῖν
2390 1730 2407 1757 ,
2435 1689 2537 1762 τῆς
2568 1691 2820 1762 ἀνάγκης
2853 1689 3049 1745 ἄλλοσε
3080 1687 3390 1759 τηνικαῦτα
3420 1685 3699 1758 περισπώ·

2116 1796 2219 1849 σης
2260 1781 2354 1835 τὸν
2392 1782 2659 1854 λογισμὸν
2702 1782 2797 1835 καλ⁵
2839 1781 3043 1852 ἥκιστα
3090 1778 3487 1850 συγχωρούσης
3532 1777 3702 1842 ἄλλως

410 1878 468 1924 et
495 1868 809 1924 istiusmodi
843 1868 1111 1938 strepitus
1148 1867 1505 1936 repellamus,
1538 1866 1686 1921 sicut
1719 1882 1889 1937 rupes
1924 1866 2008 1921 in-

2120 1876 2434 1947 πεπρᾶιθαι
2458 1877 2519 1928 τδ
2546 1853 2963 1947 πεπραγμένον.
2992 1871 3118 1929 ούτ’
3142 1873 3235 1927 οὖν
3257 1870 3408 1926 τοῦθ’
3433 1871 3575 1925 οὕτω
3598 1871 3701 1943 χρὴ

410 1976 682 2017 concussa
700 1961 901 2017 ﬂuctus
914 1963 1265 2016 incurrentes
1282 1959 1593 2031 propulsat.
1607 1959 1817 2014 Vereor
1833 1958 2007 2024 enim,

410 2061 608 2109 vereor
631 2093 647 2114 ,
693 2070 763 2108 ne
822 2055 1034 2108 turnum
1070 2052 1346 2124 fugientes
1374 2052 1431 2106 in
1463 2051 1820 2122 blasphemia:
1854 2050 2013 2105 ﬂam-

414 2160 555 2201 mam
590 2145 920 2201 incidamus.
950 2145 1108 2211 Quod
1140 2145 1290 2200 enim
1322 2161 1352 2200 a
1384 2144 1673 2200 veteribus
1697 2143 1909 2199 Graecis
1940 2143 2011 2199 de

411 2238 640 2295 Platone
673 2238 943 2310 iactatum
972 2245 1081 2317 est,
1124 2253 1250 2293 cum
1304 2236 1353 2293 is
1398 2235 1466 2291 ad
1505 2236 1827 2309 Dionysium
1873 2235 2013 2292 Sici-

410 2333 500 2389 liae
530 2344 824 2404 tyrannum
852 2330 1057 2401 hospes
1086 2334 1357 2395 venisset,
1389 2330 1600 2401 regiam
1630 2331 1865 2400 pulvere
1911 2330 2014 2384 im-

411 2426 619 2497 pletam
667 2424 862 2488 fuisse,
919 2437 1047 2479 cum
1102 2422 1357 2492 plerique
1406 2420 1797 2477 describendis
1849 2420 2015 2477 lineis

413 2521 740 2577 incumbere
772 2519 922 2575 illico
956 2518 1293 2587 coepissent;
1342 2515 1396 2571 id
1427 2525 1483 2572 et
1511 2515 1657 2587 apud
1700 2530 1802 2571 nos
1852 2515 2015 2572 hodie

413 2612 527 2667 alio
557 2611 721 2666 modo
754 2608 979 2665 accidit.
1017 2607 1234 2663 Etenim
1282 2606 1437 2677 ipsis,
1476 2617 1536 2661 ut
1565 2607 1638 2662 ita
1668 2606 1871 2672 dicam,
1901 2621 2019 2661 cer-

415 2703 654 2760 donibus
682 2711 873 2774 patent
913 2699 1091 2756 eﬂ'usa
1126 2698 1415 2771 theologia:
1459 2700 1743 2771 mysteria,
1773 2714 2013 2769 quorum

416 2787 727 2851 rationibus
769 2792 1102 2866 syllogistica
1159 2791 1331 2863 518
1380 2803 1499 2848 arte
1546 2793 1901 2862 penetrandis
1942 2792 2015 2849 ita

416 2904 613 2945 omnes
635 2889 967 2944 incumbunt
1013 2894 1070 2941 et
1108 2885 1344 2950 inhiant,
1369 2894 1428 2943 ut
1459 2885 1700 2965 pecudes
1741 2886 1928 2941 herbis
1960 2894 2018 2941 et

413 2983 657 3055 pascuis.
676 2985 856 3052 Atque
875 2981 910 3035 ii
928 2995 1166 3053 quorum
1184 2978 1320 3034 ﬁdes
1344 2996 1409 3033 an
1434 2990 1579 3033 recta
1608 2980 2015 3049 sitambiguum

414 3083 521 3142 est,
552 3088 654 3130 nec
688 3089 796 3129 non
830 3073 869 3128 1i
904 3074 1000 3143 qui
1033 3071 1310 3143 quomodo
1340 3071 1413 3127 sit
1440 3070 1778 3126 credendum
1803 3082 1857 3127 et
1879 3072 2013 3142 quid

416 3172 492 3228 sit
524 3169 680 3235 illud,
732 3167 878 3239 quod
937 3175 1136 3223 vocant
1164 3152 1416 3230 credere,
1474 3167 1762 3235 ignorant;
1825 3166 1884 3232 ii,
1930 3167 2015 3218 in-

2117 1971 2315 2036 ποιεῖν,
2342 1968 2468 2023 οὕτε
2502 1967 2611 2039 μὴν
2638 1970 2757 2031 ταῖς
2788 1966 3264 2037 ἐγκωμιαστικαϊς
3293 1964 3370 2027 ὡς
3401 1966 3588 2034 νόμοις
3615 1979 3703 2017 κε-

2114 2061 2373 2134 Χρῆσθαεο
2399 2060 2703 2131 Αὐτονομία
2727 2059 2834 2129 γὰρ
2860 2061 2925 2112 ἐκ
2945 2060 3042 2131 τῆς
3066 2058 3260 2129 τέχνης
3285 2057 3384 2111 καὶ
3404 2058 3515 2119 ταῖς
3536 2057 3705 2125 ἐγκω-

2121 2153 2380 2222 μιάζουσι
2430 2152 2642 2205 δέδοται
2694 2150 2878 2219 λέγειν
2925 2150 3027 2204 ὅσα
3081 2148 3433 2220 βουλομένοις
3487 2146 3573 2217 είη
3608 2148 3704 2227 ίᾶν.

2119 2242 2293 2305 Ὅσας
2323 2259 2385 2310 γε
2425 2240 2531 2312 μὴν
2555 2238 2907 2311 δογματικῶς
2932 2258 2993 2294 τε
3023 2240 3120 2295 καὶ
3150 2239 3543 2310 ἀποφαντικῶς
3572 2238 3708 2292 ἐκεῖ·

2118 2352 2197 2389 νοι
2241 2333 2620 2403 ἐξενηνόχασι,
2660 2331 2877 2396 τούτοις
2916 2331 2963 2386 δ’
2984 2330 3094 2405 ἄρα
3138 2331 3480 2403 άνέγκλητόν
3516 2347 3574 2384 τε
3617 2329 3708 2383 καὶ

2118 2426 2360 2497 ἀσφαλὲς
2394 2421 2485 2479 οἶά
2514 2441 2626 2479 τισι
2658 2423 2853 2478 κανόσι
2889 2425 2984 2479 καὶ
3017 2424 3287 2497 στάθμαις
3322 2424 3464 2496 πρὸς
3494 2426 3591 2495 τὴν
3623 2421 3710 2476 πί-

2122 2539 2241 2575 στιν
2285 2519 2616 2591 κεχρῆσθαι.
2658 2516 2804 2588 Ἐγὼ
2849 2518 3033 2572 τοίνυν
3074 2516 3267 2586 ὥσπερ
3309 2517 3444 2582 τοὺς
3480 2515 3711 2581 Ἰταλοὺς

2118 2610 2364 2682 διασύρω
2383 2610 2479 2663 καὶ
2503 2609 2814 2679 μέμφομαι,
2840 2606 3051 2678 ἰταμῶς
3071 2607 3273 2661 οὑτωσὶ
3294 2607 3393 2661 καὶ
3417 2604 3557 2678 μετὰ
3586 2603 3712 2659 πολ-

2120 2708 2220 2778 λῆς
2249 2707 2348 2774 τῆς
2376 2704 2577 2776 ὀφρύος
2599 2706 2666 2775 τῇ
2690 2701 2944 2774 θεολογίᾳ
3002 2700 3411 2772 ἐπιπηδῶντας,
3432 2701 3523 2754 τὸν
3555 2699 3712 2754 αὐτὸν

2120 2799 2184 2868 δὴ
2209 2798 2412 2869 τρόπον
2439 2794 2665 2865 αἰσχρὸν
2720 2794 2813 2848 καὶ
2841 2793 3176 2865 παλίμϐολον
3229 2793 3339 2864 ἧγη
3350 2811 3469 2864 μαι,
3497 2786 3571 2869 ὧν
3615 2789 3712 2863 μὲν

2120 2890 2454 2960 ἐπαινοῦμεν
2502 2889 2766 2944 τάναντία
2800 2890 2972 2942 ποιεῖν
3033 2888 3217 2958 ἡμᾶς,
3247 2883 3325 2951 οἷς
3362 2886 3422 2940 δὲ
3480 2884 3714 2956 ψέγομεν

2119 2987 2186 3039 τά
2213 2983 2591 3054 παραπλήσια.
2617 2982 2700 3055 [Ρ.
2731 2979 2861 3054 519]
2886 2981 2962 3034 Οὐ
2988 2981 3097 3051 γὰρ
3123 2980 3204 3033 ὅτι
3233 2980 3436 3033 ἐκεῖνοι
3460 2975 3713 3048 τολμηροὶ

2122 3076 2220 3129 καὶ
2249 3075 2473 3144 θρασεῖς
2499 3076 2626 3145 περὶ
2648 3074 2712 3127 τά
2730 3072 2977 3139 τοιαῦτα,
2997 3073 3086 3128 διὰ
3109 3072 3269 3127 τοῦτο
3287 3072 3385 3127 καὶ
3410 3072 3555 3143 ἡμᾶς
3588 3071 3713 3123 ἒπε-

2123 3167 2247 3221 σθαι
2275 3167 2356 3219 δεῖ
2375 3183 2389 3196 ·
2418 3164 2528 3219 οὐδ’
2553 3167 2635 3218 ὅτι
2656 3165 2754 3236 τῆς
2781 3163 2993 3229 εὐθείας
3026 3163 3225 3217 ἐκεῖνοί
3251 3180 3315 3232 γε
3334 3164 3711 3235 ἐξετράποντο,

386 3281 606 3341 χιιυιιιιι,
642 3272 700 3320 et
746 3264 861 3319 lor.
894 3272 951 3319 ct
1004 3264 1252 3334 porticus
1280 3272 1337 3318 et
1386 3263 1601 3317 theatra
1633 3262 1818 3317 omnia
1860 3263 2015 3318 theo-

2122 3261 2218 3312 καί
2244 3258 2391 3327 ἡμᾶς
2416 3256 2524 3310 τῶν
2554 3233 2914 3311 καθεστώτων
2937 3255 3116 3325 χρεὼν
3142 3255 3369 3324 ἀμελεῖν
3387 3271 3404 3286 ο
3434 3233 3548 3309 ἀλλ’
3568 3253 3714 3309 ἀκλι-

415 3359 561 3430 logia
593 3356 1032 3430 compleverunt,
1061 3370 1237 3424 neque
1265 3354 1435 3410 solem
1472 3354 1623 3410 hunc
1657 3354 2018 3424 impudentiae

418 3466 536 3509 suae
568 3449 752 3506 facere
788 3456 987 3505 testem
1037 3440 1387 3505 reverentur.
1424 3448 1492 3504 Et
1530 3447 1668 3519 quid
1716 3448 2017 3504 absurdius

421 3543 653 3617 cogitari
688 3540 874 3614 queat,
909 3558 1075 3614 quam
1130 3558 1256 3598 cum
1311 3542 1445 3597 olim
1508 3542 1833 3598 Graecorum
1884 3542 2017 3612 dog-

421 3646 572 3694 mata
600 3635 888 3701 ﬂorerent,
920 3644 1130 3691 eertum
1179 3635 1430 3690 ordinem
1479 3632 1784 3700 exstitisse,
1814 3644 1870 3690 et
1897 3650 2019 3706 my-

385 3717 392 3751 "
423 3730 563 3787 stica
625 3744 868 3795 arcana,
935 3726 1272 3797 Delphorum
1349 3726 1622 3798 theologis
1682 3727 2015 3794 commissa,

423 3821 565 3878 nulli
594 3821 687 3877 alii
722 3821 809 3877 vel
847 3819 1077 3891 vulgare
1114 3819 1199 3874 vel
1231 3819 1496 3889 indagare
1547 3819 1795 3886 licuisse,
1828 3822 1945 3876 sive
1971 3822 2021 3876 is

424 3914 606 3981 Plato,
634 3913 751 3969 sive
784 3912 1045 3968 Socrates
1071 3919 1243 3975 esset,
1284 3917 1381 3964 aut
1410 3909 1595 3980 quivis
1624 3911 1767 3966 alius
1798 3915 2014 3983 sapien-

427 4008 518 4063 tiae
548 4006 711 4063 laude
746 4004 985 4082 celebris
1013 4020 1028 4059 :
1067 4003 1212 4073 apud
1245 4018 1350 4060 nos
1380 4012 1588 4070 autem,
1618 4004 1713 4074 qui
1739 4004 2017 4061 sincerum

425 4115 571 4156 verae
597 4098 883 4171 religionis
920 4096 1244 4170 mysterium
1272 4096 1618 4167 proﬁtemur,
1646 4098 1719 4152 ita
1754 4114 1841 4153 res
1872 4099 2020 4154 divi-

427 4209 529 4249 nas
558 4191 840 4262 profanari
867 4198 924 4246 et
961 4189 1301 4261 quibuslibet
1351 4191 1418 4246 de
1469 4190 1537 4246 iis
1578 4192 1885 4246 disserendi
1923 4208 2023 4262 po-

428 4296 681 4344 testatum
715 4285 857 4351 dari,
908 4284 994 4339 vel
1030 4283 1216 4355 potius
1236 4282 1562 4353 _quemlibet
1591 4298 1712 4338 eam
1764 4284 1869 4339 sibi
1914 4284 2022 4355 ipsi

429 4378 730 4449 as'rogare?
778 4376 1078 4447 Gregorius
1108 4391 1240 4431 vero
1282 4376 1603 4431 divinarum
1651 4393 1839 4432 rerum
1872 4377 2023 4448 peri-

433 4471 679 4525 tissimus
711 4469 954 4539 linguam
996 4468 1065 4523 ad
1104 4452 1442 4538 tb'eologicas
1470 4466 1879 4537 disputationes
1907 4484 2021 4539 ap—

2126 3352 2238 3415 νεῖς
2273 3352 2381 3405 τῶν
2418 3351 2810 3421 προσηκόντων
2852 3350 2995 3418 ὅρων
3038 3347 3366 3417 ἱσταμένους
3411 3348 3563 3428 ἐντὸς
3594 3345 3715 3410 τοὺς

2125 3444 2404 3508 τοιούτους
2436 3463 2495 3497 π,
2517 3440 2886 3514 ρακρούεσθαι
2918 3443 3170 3513 κρότους,
3198 3439 3457 3511 καθάπερ
3485 3436 3718 3510 προϐλῆ-

2124 3554 2217 3600 τες
2270 3536 2553 3591 ἀτίνακτοι
2603 3533 2673 3587 τὰ
2726 3535 3147 3605 προσπίπτοντα
3199 3532 3451 3602 κύματα.
3499 3532 3716 3586 Δέδοικα

2128 3629 2259 3700 γὰρ,
2292 3629 2368 3701 μὴ
2400 3628 2608 3683 καπνὸν
2639 3627 2935 3697 φεύγοντες
2968 3629 3048 3691 είς
3079 3629 3191 3698 πῦρ
3229 3627 3587 3698 βλασφημίας
3616 3628 3714 3695 ὲμο

2128 3723 2441 3792 πίπτωμεν.
2472 3722 2538 3774 Ὃ
2574 3721 2681 3791 γὰρ
2718 3722 2852 3789 παρ’
2877 3720 3109 3791 Ἕλλησι
3149 3717 3321 3772 πάλαι
3354 3716 3717 3788 τεθρύλληται

2127 3821 2258 3888 περὶ
2300 3816 2627 3881 Πλάτωνος,
2663 3814 2741 3877 ὡς
2776 3814 2989 3867 ἐκείνου
3028 3830 3091 3882 γε
3129 3813 3282 3883 παρὰ
3316 3811 3598 3865 Διονύσιον
3629 3808 3717 3862 τὸν

2126 3910 2227 3981 τῆς
2262 3908 2515 3973 Σικελίας
2549 3908 2997 3979 ἐπιδημήσαντος
3031 3906 3299 3977 τύραννον
3335 3903 3620 3977 κονιορτοῦ
3651 3901 3719 3955 τὰ

2130 4004 2378 4076 βασίλεια
2412 4000 2858 4073 ἐνεπίμπλαντο,
2895 4000 3028 4070 περὶ
3061 4000 3160 4061 τὰς
3194 4000 3526 4070 γραμμικὰς
3561 3997 3719 4068 ἀσχο-

2128 4099 2252 4161 λίας
2286 4098 2593 4169 τηνικαῦτα
2627 4096 2737 4150 τῶν
2772 4094 3047 4149 πλείστων
3082 4092 3383 4165 ὁρμώντων
3406 4135 3423 4159 ,
3455 4092 3618 4147 τοῦτο
3654 4091 3718 4161 δὴ

2128 4193 2224 4265 καὶ
2251 4189 2382 4261 παρ’
2404 4191 2534 4260 ἡμῖν
2561 4189 2760 4260 τρόπον
2785 4188 2973 4260 ἕτερον
2997 4187 3244 4257 γίγνεται
3273 4187 3539 4258 σήμερον.
3567 4183 3719 4238 Οὕτω

2129 4284 2241 4353 γὰρ
2270 4284 2364 4336 καὶ
2393 4281 2523 4354 παρ’
2544 4276 2729 4345 αὐτοῖς
2758 4282 2934 4333 εἰπεῖν
2958 4283 3071 4342 τοῖς
3100 4268 3400 4350 βαναύσοις
3427 4278 3719 4348 ἐκκέχυται

2131 4375 2199 4429 τὰ
2233 4374 2511 4443 θεολογίας
2546 4375 2825 4445 μυστήρια
2856 4373 2951 4426 καὶ
2983 4372 3126 4426 οὕτω
3157 4373 3457 4442 κεχήνασιν
3488 4370 3720 4429 ἅπαντες

2132 4471 2226 4524 ἐπὶ
2248 4470 2327 4541 τῷ
2356 4469 2783 4538 συλλογιστικῶς
2811 4464 3140 4537 ἐμϐατεύειν
3165 4466 3278 4528 τοῖς
3307 4463 3491 4533 λόγοις
3520 4460 3716 4525 αὐτῶν,

435 4560 638 4630 pellere
693 4561 773 4614 sie
825 4559 1171 4624 reformidat,
1223 4568 1284 4614 ut
1330 4575 1555 4614 manum
1601 4561 1667 4614 ad
1720 4560 2015 4617 ﬂammam.

2137 4564 2328 4636 ῶσπερ
2362 4564 2454 4617 ἐπὶ
2483 4564 2550 4633 τῇ
2590 4562 2727 4633 χλόῃ
2761 4563 2855 4614 καὶ
2886 4562 3025 4624 ταῖς,
3040 4560 3235 4629 νομαῖς
3269 4559 3338 4611 τὰ
3374 4558 3715 4628 βοσκήματα.

435 4654 672 4710 Proinde
724 4653 913 4708 multis
967 4653 1154 4708 verbis
1212 4669 1273 4709 se
1336 4664 1584 4719 excusat,
1646 4656 2020 4728 declaratque,

434 4761 493 4801 se
529 4762 634 4801 non
672 4745 907 4800 libenter
932 4744 1196 4800 accedere
1229 4744 1299 4801 ad
1345 4746 1743 4818 disputandum
1775 4750 1843 4805 de
1890 4751 2023 4820 Deo,

435 4848 493 4894 et
546 4853 643 4894 eos
673 4838 768 4909 qui
819 4836 876 4892 id
930 4848 1140 4892 temere
1173 4840 1416 4893 audeant
1445 4838 1737 4909 improbat.
1775 4858 1794 4892 ι
1834 4840 2024 4913 Neque

436 4932 611 4999 enim,
644 4932 846 5002 inquit,
880 4930 1150 5002 laudabile
1179 4940 1263 4985 est
1292 4931 1653 4998 desiderium,
1691 4934 1787 4989 sed
1826 4943 1883 4989 et
1928 4951 2025 4991 co-

438 4996 605 5081 natus
632 4996 747 5095 ipse
788 4996 1170 5079 formidabilis.
1209 5044 1227 5077 ι
1260 5024 1328 5080 Et
1358 5023 1481 5080 Ozze
1510 4996 1823 5096 exemplum
1854 5028 2025 5083 addu-

435 5117 530 5182 cit,
588 5118 678 5187 qui
729 5115 925 5171 Arcam
978 5117 1106 5172 olim
1141 5118 1489 5173 solummodo
1540 5120 1813 5190 attingere
1859 5135 2027 5175 ausus

436 5196 634 5281 periit;
704 5212 837 5277 Deo,
890 5211 1088 5280 inquit,
1150 5212 1517 5266 reverentiam
1572 5211 1728 5267 Arcae
1780 5212 2023 5267 debitam

434 5305 526 5363 sic
549 5316 843 5360 assert-nte.
904 5304 1060 5371 Quod
1116 5305 1159 5361 si
1189 5321 1283 5361 rex
1331 5323 1458 5361 eum
1511 5322 1674 5376 quam
1721 5307 1960 5378 primum
1996 5327 2026 5362 e

438 5401 625 5457 medio
659 5400 896 5466 tolleret,
950 5399 1046 5470 qui
1099 5400 1302 5469 regiam
1355 5415 1618 5455 coronam
1672 5402 2027 5472 impudenter

440 5493 603 5565 519
636 5510 736 5549 suo
787 5494 954 5565 capiti
984 5493 1271 5562 imponere
1303 5494 1570 5560 auderet;
1602 5506 1739 5565 quot
1770 5497 2023 5563 Mmina,

435 5595 573 5656 quot
639 5588 889 5642 turbines
944 5586 993 5640 is
1062 5594 1329 5649 meretur,
1388 5588 1479 5656 qui
1539 5590 1835 5643 temerario
1886 5606 2023 5647 ausu

438 5677 747 5746 irrumpere
783 5679 838 5731 in
886 5676 1214 5748 theologiam
1250 5692 1358 5731 non
1400 5679 1664 5735 dubitat?
1711 5680 1847 5738 Volo
1874 5686 2022 5740 enim

435 5765 659 5820 brevem
712 5768 1221 5823 narrantiunculam
1278 5773 1485 5827 veteris
1534 5776 1837 5842 memoriae,
1896 5779 2025 5834 huic

440 5860 664 5931 negotio
694 5860 855 5917 valde
897 5844 1352 5933 consentaneam,
1396 5866 1754 5938 subjungere.
1790 5871 2026 5929 Alexan-

2136 4657 2245 4711 Καὶ
2275 4657 2324 4710 οἱ
2347 4656 2408 4709 τὸ
2437 4655 2721 4710 πιστεύειν
2747 4654 2923 4727 ὀρθῶς
2955 4654 3259 4725 ἀμφίϐολον
3286 4651 3524 4723 ἔχοντες,
3555 4648 3647 4703 καὶ
3670 4648 3718 4701 οί

2135 4749 2258 4822 μηδ’
2288 4750 2438 4813 ὅπως
2475 4750 2557 4803 δεῖ
2595 4748 2877 4802 πιστεύειν
2932 4747 3139 4808 εἰδότες
3185 4745 3307 4815 μηδ’
3337 4745 3365 4798 ὃ
3411 4762 3467 4798 τι
3510 4743 3658 4797 εστὶν
3688 4738 3717 4793 ὅ

2129 4842 2411 4917 πιστεύειν
2439 4843 2635 4911 φασὶν,
2665 4843 2874 4913 ἀγορὰς
2902 4844 2994 4894 καὶ
3023 4841 3364 4909 περιπάτους
3391 4839 3488 4894 καὶ
3515 4837 3715 4905 θέατρα

2068 4982 2073 4993 .
2129 4938 2287 4992 πάντ’
2311 4938 2703 5022 ἐμπεπλήκασι
2743 4936 2847 5002 τῆς
2889 4932 3175 5001 θεολογίας
3215 4930 3312 4985 καὶ
3348 4930 3471 4984 οὐδὲ
3509 4927 3715 4985 τουτονὶ

2127 5031 2220 5084 τὸν
2252 5030 2404 5100 ἥλιον
2432 5018 2784 5097 αἰσχύνονται
2815 5029 3069 5098 μάρτυρα
3098 5027 3197 5092 τῆς
3229 5024 3507 5089 ἀναιδείας
3538 5018 3714 5075 ποιού-

2133 5141 2307 5193 μενοι.
2346 5123 2467 5186 Πῶς
2503 5123 2548 5175 δ’
2574 5124 2673 5175 οὐκ
2712 5122 2777 5176 ἂν
2811 5122 2896 5194 εἴη
2932 5120 3039 5173 τῶν
3076 5120 3283 5191 σφόδρα
3319 5117 3712 5180 ἀτοπωτάτων,

2131 5218 2301 5270 πάλαι
2339 5216 2438 5286 μὲν
2467 5217 2627 5270 ὁπότε
2657 5219 2725 5269 τὰ
2761 5215 3029 5285 Ἑλλήνων
3061 5214 3278 5285 ἤκμαζε
3312 5212 3592 5281 δῦγματα,
3621 5206 3711 5261 τά·

2132 5312 2214 5378 ξιν
2245 5311 2596 5376 ἐπιπολάζειν
2628 5313 2722 5365 καὶ
2753 5310 2789 5365 ἃ
2818 5313 2927 5370 τοῖς
2954 5302 3173 5376 Δελφῶν
3205 5306 3477 5375 θεολόγοις
3507 5305 3710 5373 ἐφεῖται

2133 5407 2439 5477 μυστήρια,
2489 5405 2678 5474 μηδενὶ
2722 5404 2832 5454 τῦν
2878 5402 3051 5455 ἄλλων
3101 5402 3305 5465 ἐξεῖναι
3351 5401 3488 5470 μήτε
3534 5398 3710 5464 λέγειν

2132 5500 2275 5569 μήτε
2305 5502 2576 5571 περινοεῖν
2596 5541 2607 5560 ,
2640 5498 2741 5551 κᾶι
2769 5497 3063 5566 Σωκράτης
3093 5490 3159 5567 ᾖ,
3197 5496 3302 5545 xiv
3331 5493 3577 5554 Πλάτων,
3610 5485 3709 5540 κᾶν

2130 5594 2295 5649 εἴτις
2327 5593 2418 5645 ἐπὶ
2456 5594 2618 5661 σοφίᾳ
2655 5590 2965 5661 περιφανής
3002 5605 3061 5640 τε
3096 5588 3189 5661 κα).
3222 5586 3505 5656 διαϐόητος
3531 5600 3543 5614 ·
3584 5574 3706 5648 παρ’

2129 5689 2265 5759 ἡμῖν
2296 5684 2372 5749 δὲ,
2400 5680 2482 5748 οἷς
2511 5656 2804 5752 άκίϐὀηλ-.ν
2834 5683 2893 5734 τὸ
2922 5656 3020 5752 τῆς
3053 5656 3339 5742 εὐσεϐείας
3373 5675 3705 5747 ὁμολογεῖται

2135 5783 2459 5853 μυστήριον,
2508 5778 2709 5830 οὑτιιισὶ
2757 5777 3120 5848 βεϐηλοῦσθαι
3162 5778 3229 5828 τά
3274 5774 3396 5826 θεῖα
3440 5771 3532 5823 καὶ
3577 5766 3707 5817 πᾶσι

2129 5878 2242 5939 τοῖς
2276 5874 2548 5944 θεολογεῖν
2579 5870 2930 5942 βουλομένοις
2963 5864 3103 5923 εἶναι
3134 5867 3279 5921 τοῦτ’
3306 5863 3587 5938 ἐφειμένον
3616 5860 3707 5913 καὶ
