4062 6470
333 459 432 528 721
624 461 698 534 [Α.
734 477 785 518 c.
823 462 960 519 1528
989 481 1053 520 ω
1081 462 1242 538 isti]
1372 470 1816 532 BYZ.\NT.N.E
1856 462 1932 532 m

2039 474 2240 536 011M;
2278 475 2427 537 LIB.
2473 478 2541 536 Χ,
2695 470 2825 538 [tum
2868 484 3152 524 asumma.
3181 465 3320 537 ωδ.)
3362 470 3389 493 ⁸
3498 471 3625 533 722'

334 577 845 651 αὐτοχειροτόνητον
870 600 886 649 ;
907 584 1045 638 Ἀλλ’
1071 585 1102 637 ὁ
1136 585 1302 649 πολὺς
1338 586 1395 639 ἐν
1425 586 1674 657 θερλογίξ.
1708 588 1747 639 Γ
1754 590 1917 658 ρηγό-

2039 589 2180 643 lrum
2210 591 2387 657 aiunt,
2418 589 2774 645 Macedonem
2808 589 2984 653 illum,
3019 596 3143 658 post
3172 586 3399 656 longum
3429 585 3604 638 victo-

337 685 453 740 ριος
481 670 735 724 τοσοῦτον
761 674 1041 746 ἀποδειλιᾷ
1072 677 1207 747 πρὸς
1235 676 1516 747 θεολογίαν
1545 677 1643 750 τὴν
1669 681 1917 748 γλῶτταν

2039 679 2232 733 riarum
2262 692 2489 734 cursum
2516 688 2572 734 et
2605 693 2831 749 magnos
2856 676 3171 748 triumphos
3199 691 3324 731 enm
3355 674 3602 730 animum

336 762 508 813 κινεῖν
528 801 544 825 ,
580 761 768 836 ὥσπερ
802 765 903 837 τὴν
935 769 1093 839 χεῖρα
1133 769 1273 839 πρὸς
1311 770 1487 840 φλόγα
1531 771 1727 840 πυρός.
1753 772 1917 828 ’Ὥστε

2039 772 2266 827 'elaxare
2312 781 2371 827 et
2421 786 2675 827 recreare
2721 772 2907 835 vellet,
2940 769 3155 824 triremi
3204 782 3507 824 conscensa
3549 766 3606 821 in

2695 470 2825 543 [ιιηδ.
2868 484 3152 524 asumma.
3181 465 3320 537 ωδ.)
3362 470 3389 493 ⁸

338 853 435 907 καὶ
476 854 706 916 πολλοὺς
742 857 881 928 πρὸς
919 861 1254 932 παραίτησιν
1289 862 1653 933 προϐάλλεται
1691 864 1916 932 λόγους,

338 944 398 997 ἐν
421 940 504 1009 οἷς
528 946 643 1000 οὗθ’
659 950 851 1003 ἑαυτὸν
875 954 1144 1023 ἐγχειρεῖν
1173 954 1624 1026 προθυμούμενον
1651 959 1764 1021 τοῖς
1791 957 1921 1026 περὶ

341 1038 478 1091 Θεοῦ
508 1039 747 1095 δείκνυσι
777 1041 978 1111 λόγοις,
1009 1044 1133 1098 οὔτε
1166 1046 1257 1100 τὸν
1284 1047 1637 1119 ἐγχειροῦντα
1671 1049 1921 1120 θρασέως

340 1129 688 1201 ἀποδέχεται.
736 1151 756 1185 ι
806 1135 943 1189 Οὔτε
989 1137 1094 1208 γὰρ
1139 1122 1452 1206 ἐπαινετὸς,
1499 1158 1520 1193 ι
1570 1143 1736 1213 φησὶν
1775 1144 1920 1215 (91),

343 1239 363 1272 ι
405 1222 435 1275 ό
471 1223 666 1290 πόθος,
700 1225 836 1280 ἀλλὰ
876 1229 970 1283 καὶ
1008 1230 1239 1300 φοϐερὸν
1269 1232 1331 1286 τὸ
1369 1233 1733 1305 ἐγχείρημα.»
1773 1238 1923 1308 ῐΙαρ-

275 1319 297 1399 ;,-
338 1312 546 1381 εισάγει
572 1314 629 1367 δὲ
655 1316 750 1369 καὶ
782 1317 945 1383 Ὀζᾶν
969 1321 1199 1388 ἐκεῖνον,
1227 1320 1286 1385 ὃς
1340 1320 1443 1393 τῆς
1487 1323 1723 1378 κιϐωτοῦ
1753 1325 1921 1379 πάλαι

246 1409 287 1487 ἐξ
339 1400 544 1472 ψαῦσαι
567 1405 844 1476 τολμήσας
871 1408 1031 1479 μόνον
1052 1409 1324 1478 ἀπώλετο,
1351 1411 1740 1481 φυλάσσοντος,
1766 1417 1922 1487 φησὶ.

268 1489 277 1539 Ϊ
340 1489 438 1543 τοῦ
462 1491 598 1547 Θεοῦ
621 1496 686 1567 τῇ
714 1497 935 1569 κιϐωτῷ
956 1499 1017 1552 τδ
1040 1500 1359 1572 σεϐάσμιον.
1380 1504 1444 1557 El
1468 1504 1524 1557 δὲ
1550 1504 1645 1559 κα)⁸
1669 1505 1926 1576 βασιλεὺς

344 1582 556 1669 τάχιστ’
579 1584 646 1639 ἂν
678 1586 736 1654 ἐξ
769 1588 1073 1660 ἀνθρώπων
1108 1594 1411 1663 ποιήσειεν,
1446 1596 1503 1649 εἴ
1530 1588 1613 1659 τις
1643 1597 1754 1650 τῶν
1788 1598 1928 1669 ὑπη-

349 1674 488 1729 κόων
517 1662 751 1744 ἀναιδῶς
784 1682 881 1736 ἐπὶ
908 1686 1009 1753 τῆς
1044 1662 1238 1740 ἐαυτοῦ
1274 1689 1518 1759 κεφαλῆς
1549 1690 1609 1742 τὸ
1644 1662 1926 1761 βασιλικδν

344 1767 614 1824 ἐπιθεῖναι
642 1772 933 1846 τολμήσειε
966 1776 1181 1847 στέφος,
1217 1780 1400 1834 πόσων
1430 1782 1496 1836 ἂν
1525 1783 1613 1852 εἴη
1642 1784 1928 1855 κεραυνῶν

346 1857 440 1909 καὶ
472 1863 809 1932 πρηστήρων
841 1863 1022 1930 άξιος,
1058 1867 1112 1921 εί
1137 1885 1219 1932 τις
1254 1868 1553 1942 αὐτονομίᾳ
1589 1870 1928 1944 θρασύτητος

345 1949 547 2037 οὑτωσὶ
564 1952 662 2021 τῆς
686 1954 963 2025 θεολογίας
983 1960 1335 2032 κατατολμᾷ;
1372 1962 1573 2017 Ἐθέλω
1594 1964 1702 2035 γάρ
1726 1966 1820 2018 καὶ
1837 1983 1929 2036 μισ
1962 1944 2004 2002 Β

347 2041 478 2110 κρὸν
507 2044 571 2095 ἐκ
597 2044 706 2097 τῶν
736 2048 907 2102 πάλαι
940 2050 1261 2121 προσθεῖναι
1291 2053 1368 2125 τῷ
1401 2054 1546 2126 λόγῳ
1576 2055 1930 2127 διήγημα,τῇ

345 2131 598 2189 ὑποθέσει
627 2138 766 2194 πάνυ
790 2157 871 2195 τοι
897 2142 1104 2216 σφόδρα
1121 2146 1518 2221 προσῆκον.ε[Ρ.
1538 2147 1666 2220 520]
1682 2149 1933 2214 Ἀλέξαν-

342 2224 471 2296 δρόν
502 2245 694 2316 φασιν,
727 2234 934 2289 ἐκεῖνον
987 2238 1081 2292 τὸν
1126 2240 1445 2306 Μακεδόνα,
1480 2243 1618 2313 μετὰ
1647 2244 1737 2297 τὸν
1767 2244 1933 2297 πολὺν

344 2318 553 2374 ἐκεῖνον
579 2322 777 2393 δρόμον
835 2327 932 2381 καὶ
960 2329 1026 2383 τὰ
1058 2333 1274 2401 μεγάλα
1314 2338 1578 2406 τρόπαια,
1613 2338 1932 2408 ἐπειδήποτε

346 2411 631 2503 ῥᾳστώνης
650 2415 814 2475 ἕνεκά
844 2438 990 2488 τινος
1014 2426 1105 2478 καί¹
1128 2426 1397 2497 θυμηδίας
1437 2429 1636 2494 ἐπιϐάς
1667 2432 1930 2503 τριήρους

334 2501 497 2604 ’ἔπλει
528 2514 882 2604 περισκοπῶν
907 2518 1003 2571 καὶ
1032 2520 1278 2591 ποταμὸν
1304 2521 1397 2574 τδν
1423 2501 1742 2595 Εὐφράτην,
1771 2525 1929 2581 ἐκπί-

347 2611 473 2651 πτει
500 2600 598 2670 τῆς
628 2604 793 2660 αὑτοῦ
824 2609 1091 2680 κεφαλῆς,
1121 2613 1337 2683 συμϐὰν
1362 2608 1565 2671 οὖτώσί
1598 2635 1737 2680 πως.
1764 2619 1796 2687 ἡ
1833 2618 1931 2689 βαι·

2020 864 2302 934 Euphrate
2337 866 2624 934 navigasse
2651 864 3229 931 circumspectantem,
3278 876 3343 916 ac
3382 862 3437 915 in
3491 874 3607 914 me-

2023 956 2116 1012 dio
2176 956 2404 1013 ﬂumine
2438 957 2691 1012 diadema
2750 956 2827 1011 illi
2882 954 3112 1012 fortuito
3156 970 3189 1011 e
3225 955 3408 1025 capite
3455 953 3608 1009 dela-

2023 1063 2185 1119 psum
2213 1063 2335 1105 esse
2374 1068 2387 1103 :
2421 1048 2569 1119 quod
2596 1062 2721 1104 cum
2753 1055 2923 1102 nauta
2945 1046 3172 1117 quidam
3203 1046 3448 1101 natando
3473 1060 3605 1116 pro-

2020 1146 2217 1193 vectus
2272 1137 2747 1208 apprehendisset.
2782 1145 2837 1192 et
2883 1136 3014 1207 quia
3063 1151 3229 1190 manu
3277 1143 3492 1207 gestare
3544 1148 3610 1189 ac

2025 1228 2188 1283 simul
2230 1238 2422 1284 natare
2456 1246 2566 1284 non
2616 1237 2855 1300 poterat,
2887 1229 3058 1299 capiti
3093 1244 3195 1284 suo
3230 1227 3608 1297 imposuisset,

2026 1337 2090 1376 ac
2130 1321 2364 1391 denique
2391 1329 2622 1377 enatans
2656 1322 2722 1376 ad
2762 1338 2947 1412 regem
2974 1328 3320 1392 reportasset
3348 1337 3361 1373 :
3397 1319 3614 1376 homini

2026 1413 2124 1477 illi,
2155 1413 2301 1483 quod
2335 1414 2544 1485 regium
2575 1411 2825 1469 diadema
2873 1423 3173 1479 servasset,
3224 1413 3489 1468 talentum
3515 1411 3618 1467 do-

2026 1506 2279 1569 navisse;
2331 1503 2425 1559 sed
2479 1505 2613 1575 quia
2668 1503 2815 1560 idem
2864 1504 3123 1559 diadema
3172 1503 3400 1574 indigne
3446 1501 3615 1569 capiti

2027 1612 2129 1652 suo
2186 1595 2559 1667 imposuisset,
2606 1604 2771 1666 caput
2818 1595 3134 1652 abstulisse.
3162 1595 3321 1661 Quod
3370 1594 3415 1649 si
3448 1593 3617 1649 homo

2029 1689 2335 1755 hominem,
2383 1687 2478 1758 qui
2528 1688 2724 1742 eodem
2759 1702 2945 1742 secum
2974 1686 3119 1756 pileo
3156 1700 3292 1741 usus
3339 1684 3503 1749 foret,
3534 1684 3616 1737 vi—

2029 1799 2158 1838 vum
2182 1781 2327 1838 ferre
2354 1797 2464 1837 non
2498 1780 2709 1852 potuit,
2742 1796 2923 1850 neque
2965 1780 3106 1836 ultra
3142 1794 3338 1850 passus
3372 1787 3457 1834 est
3488 1793 3614 1833 om.

2030 1875 2184 1931 nium
2218 1890 2402 1931 rerum
2448 1874 2700 1930 altricem
2738 1872 2939 1929 intueri
2982 1871 3116 1928 solis
3144 1872 3352 1935 lucem,
3379 1870 3512 1941 quid
3546 1870 3615 1924 de

2033 1967 2101 2024 iis
2128 1966 2396 2033 dicemus,
2418 1966 2515 2036 qui
2554 1966 2692 2021 adeo
2719 1965 3035 2035 petulanter
3082 1964 3135 2018 in
3168 1962 3500 2034 theologiam
3535 1962 3611 2017 ir-

2030 2059 2334 2132 rumpunt?
2384 2059 2551 2130 idque
2574 2074 2699 2114 cum
2731 2072 2913 2128 neque
2948 2057 3227 2127 daemones
3254 2056 3479 2127 ejicere,
3516 2070 3613 2107 ne-

2032 2168 2141 2223 que
2196 2166 2349 2207 mare
2397 2148 2827 2215 interscindere,
2875 2164 2979 2204 nec
3040 2136 3311 2218 aquaru‘m
3343 2162 3535 2201 amnes
3587 2162 3619 2200 c

2031 2244 2264 2314 rupibus
2296 2243 2491 2298 elicere
2526 2242 2761 2313 possint,
2813 2250 2873 2297 ut
2903 2241 3023 2297 istis
3074 2241 3268 2295 saltem
3323 2237 3613 2304 inductum

2033 2338 2230 2407 vulgus
2266 2336 2571 2393 dedeceant
2613 2344 2779 2406 atque
2810 2335 2949 2391 adeo
2983 2336 3039 2391 in
3085 2350 3215 2391 suas
3267 2342 3454 2404 partes
3502 2341 3616 2388 trac

2038 2430 2193 2484 hant.
2231 2430 2346 2501 Ego
2405 2444 2539 2484 vero
2594 2444 2718 2499 qua:
2776 2428 2936 2484 utilia
2992 2442 3117 2503 esse
3153 2425 3422 2499 iudicavi,
3454 2440 3516 2479 ea
3562 2424 3625 2479 in

2036 2521 2278 2577 medium
2314 2519 2645 2591 proferenda
2672 2535 2793 2575 esse
2838 2518 3054 2575 censui.
3095 2516 3227 2584 Quae
3276 2517 3321 2573 si
3349 2515 3624 2571 auditori-

2036 2614 2142 2670 bus
2177 2615 2341 2685 digna
2377 2613 2569 2668 auditu
2618 2612 2736 2667 visa
2785 2620 2938 2677 sunt,
2970 2610 3083 2665 Deo
3132 2611 3373 2679 accepta}
3403 2607 3620 2668 refero.

344 2692 528 2766 σιλικὴ
555 2696 844 2770 καλύπτρα
873 2705 1003 2774 περὶ
1037 2705 1203 2775 μέσον
1227 2709 1324 2762 τὸν
1354 2712 1603 2780 ποταμόν
1629 2726 1643 2740 ⁶
1676 2712 1743 2784 ῆν
1772 2711 1932 2781 τάχι-

2039 2711 2152 2781 qui,
2180 2707 2449 2780 quidquid
2478 2706 2789 2777 pulchrum,
2821 2704 3081 2775 largitur.
3112 2702 3208 2758 Sin
3232 2701 3435 2763 minus,
3459 2699 3622 2771 520

345 2784 450 2839 στά
474 2803 557 2851 τις
579 2788 685 2843 τῶν
707 2794 920 2848 ναυτῶν
942 2798 1157 2871 εἰλήφει
1181 2800 1578 2874 διανηξάμενος
1599 2821 1617 2839 ο
1640 2804 1733 2857 καὶ
1756 2804 1929 2876 αὐτὴν

2039 2800 2334 2875 ιιυαιιοεηάα
2365 2807 2496 2855 sunt
2527 2797 2780 2854 meliora.
2821 2816 2840 2851 ι

346 2882 448 2948 μὲν
478 2885 545 2954 τῇ
579 2887 721 2957 χειρὶ
755 2888 1045 2959 βαστάζειν
1077 2895 1194 2967 ἅμα
1227 2898 1322 2951 καὶ
1356 2900 1614 2970 νήχεσθαι
1652 2902 1726 2972 μὴ
1762 2901 1923 2972 ἔχων,
1964 2904 2030 2972 τῇ
2069 2899 2266 2954 ἐαυτοῦ
2298 2896 2511 2969 κεφαλῇ
2578 2894 2826 2965 περιθεὶς
2890 2892 3184 2963 ἐξενήξατο
3215 2892 3458 2964 κομίζων
3487 2890 3624 2944 ταύ-

306 3032 313 3039 .
342 2991 443 3046 την
468 2978 546 3048 τῷ
577 2978 820 3050 βασιλεῖ·
852 2987 880 3040 ὄ
910 3005 974 3057 γε
1009 2990 1396 3064 μὴν.βασιλεὺς
1424 2992 1562 3064 (92),
1591 2992 1674 3045 ὅτι
1704 2993 1801 3063 μὲν
1827 2993 1925 3064 τὴν
1967 2992 2238 3063 βασίλειον
2263 2990 2585 3060 καλύπτραν
2646 2986 2799 3056 αύτῷ
2858 2985 3177 3052 διεσώσατο,
3203 2984 3467 3040 τάλαντον
3492 2986 3626 3040 ἐδω-

346 3068 587 3140 ρήσατο·
616 3074 698 3128 ὅτι
727 3077 774 3130 δ’
794 3080 965 3152 αὐτὴν
996 3084 1234 3151 ἀναξίως
1256 3089 1323 3158 τῇ
1353 3086 1549 3140 ἑαυτοῦ
1580 3088 1793 3156 κεφαλῇ
1825 3086 2181 3157 περιέθηκεν,
2247 3083 2568 3154 ἀφαιρεῖται
2631 3080 2736 3150 τῆς
2800 3079 3048 3150 κεφαλῆς
3068 3144 3077 3152 .
3100 3078 3190 3132 τὸν
3220 3077 3532 3147 ἄνθρωπον.
3563 3081 3624 3132 Et

343 3160 391 3257 δ’
415 3162 702 3237 ἅνθρωπος
730 3173 1017 3246 ἄνθρωπον
1045 3179 1145 3233 οὐκ
1211 3180 1477 3253 ἠνέσχετο
1541 3177 1641 3253 τὴν
1709 3180 1895 3257 αὐτὴν,
1912 3180 2092 3253 ἐαυτῷ
2133 3179 2427 3252 περιθέντα
2466 3176 2788 3247 καλύπτραν
2852 3174 3030 3239 ζῶντα
3071 3171 3292 3243 βλέπειν
3331 3173 3489 3227 ἐᾶσαι
3528 3173 3624 3228 τοῦ

345 3255 533 3313 λοιποῦ
569 3260 665 3334 τὴν
699 3265 765 3320 τά
798 3268 973 3322 πάντα
1011 3272 1314 3342 βόσκουσαν
1349 3274 1598 3345 αἰθερίαν
1632 3255 1926 3347 λαμπάδα,
1967 3275 2019 3326 τί
2052 3275 2301 3344 φήσομεν
2329 3270 2460 3341 περὶ
2522 3267 2634 3322 τῶν
2698 3266 2870 3330 ἀδεῶς
2899 3264 3101 3319 οὑτωσὶ
3128 3267 3195 3336 τῇ
3229 3264 3479 3337 θεολογίᾳ
3508 3268 3630 3319 ἐπι-

270 3395 286 3414 ,
348 3351 643 3425 πηδώντων
672 3360 763 3413 καὶ
795 3359 972 3415 ταῦτα
1004 3364 1142 3433 μήτε
1179 3365 1447 3437 δαίμονας
1482 3366 1795 3439 δυναμένων
1827 3364 2136 3433 ἐκϐάλλειν,
2195 3365 2335 3436 μήτε
2397 3362 2673 3417 θάλασσαν
2730 3358 2973 3430 τέμνειν,
2998 3358 3138 3430 μήτε
3194 3360 3476 3428 ποταμοὺς
3499 3361 3631 3416 ὑδά-

348 3461 458 3499 των
483 3453 928 3521 παρασκευάζειν
952 3456 1236 3523 ἐκϐλύζειν
1264 3465 1327 3516 ἐκ
1351 3464 1581 3534 πέτρας,
1608 3462 1693 3517 ῐνα
1718 3460 1931 3524 τούτοις
1971 3459 2103 3529 γοῦν
2132 3458 2507 3530 μεταπείσωσι
2532 3457 2659 3521 τοὺς
2719 3454 2952 3518 πολλοὺς
2979 3454 3075 3509 καὶ
3101 3455 3238 3526 πρὸς
3301 3453 3527 3518 ἑαυτοὺς
3554 3455 3631 3520 ὡς
3666 3476 3681 3489 ε

348 3541 499 3605 εἰκὸς
527 3546 963 3619 ἀνθελκύσωσιν;
1005 3552 1151 3607 Ἀλλ’
1176 3553 1287 3623 ἐγὼ
1321 3554 1421 3624 μὲν
1484 3554 1521 3610 ἃ
1554 3555 1856 3626 συμφέρειν
1914 3542 2167 3625 ἐνόμισα,
2213 3552 2387 3605 ταῦτα
2430 3550 2526 3605 καὶ
2566 3548 2749 3620 λέγειν
2789 3546 3098 3619 προῆγμαι.
3174 3548 3257 3608 Εἰ,
3284 3548 3341 3602 δὲ
3383 3547 3478 3603 καὶ
3515 3549 3630 3626 τοῖς

350 3632 643 3691 ἁκούουσιν
675 3640 843 3712 ἀκοῆς
879 3642 1005 3709 άξια
1037 3645 1213 3700 ταῦτα
1248 3646 1469 3717 φανείη,
1506 3646 1584 3717 τῷ
1621 3623 1752 3716 Θεῷ*
1776 3644 1936 3716 χάρις
1972 3623 2052 3715 τῷ
2094 3641 2317 3697 πάντων
2380 3639 2567 3695 καλῶν
2640 3636 2885 3711 χορηγῷ.
2928 3637 2993 3691 Εἰ
3032 3637 3078 3692 δ’
3104 3636 3219 3706 οῦν,
3262 3640 3529 3695 σκεπτέον
3570 3623 3631 3693 τδ

351 3726 583 3796 βέλτιον.
619 3749 639 3781 ι

419 3824 496 3881 Γ’.
538 3826 724 3881 Ταῦτα
759 3828 1045 3894 διεξελθὼν
1081 3831 1376 3904 δμόστοιχα
1408 3831 1593 3902 λέγειν
1630 3832 1786 3900 ἔδοξα
1819 3831 1932 3903 (93)

2107 3826 2196 3882 lll.
2254 3827 2379 3883 Haec
2416 3841 2543 3882 cum
2575 3825 2862 3892 dixissem,
2894 3826 3048 3884 visus
3093 3842 3216 3882 sum
3258 3828 3628 3885 eruditiorum

350 3919 464 3984 τοῖς
504 3919 956 3993 ἐλλογιμωτέροις
980 3916 1104 3979 “τῶν
1147 3926 1465 3979 ἐπισκόπων
1502 3929 1612 3989 τοῖς
1650 3944 1710 3979 τε
1751 3926 1932 3991 ἄλλοις

2039 3921 2423 3992 episcoporum
2445 3919 2693 3991 opinioni
2723 3920 3329 3990 congruentiazdixisse,
3350 3936 3475 3976 cum
3494 3923 3630 3977 alio-

352 4011 1049 4112 καὶμάλιστάΔυρῤαχίου
1080 4017 1158 4088 τῷ
1190 4018 1333 4073 πάνυ
1357 4034 1372 4050 ⁸
1403 4018 1463 4083 ὃς
1494 4019 1657 4091 πολιᾷ
1691 4019 1808 4090 βίον
1840 4018 1932 4112 καίΙ

2039 4032 2187 4081 rum,
2244 4025 2360 4071 tum
2416 4015 2657 4070 maxime
2711 4013 3101 4081 Dyrrhachini,
3145 4014 3247 4068 viri
3285 4017 3628 4083 praestantis-

353 4103 621 4169 συνέσεως
644 4105 864 4177 ὀξύτητι
890 4109 982 4164 καὶ
1012 4110 1360 4183 μεγαλοφυῖᾳ
1388 4112 1614 4184 γνώμης
1638 4103 1932 4182 διέπρεπεν

2039 4110 2200 4177 simi;
2231 4110 2327 4180 qui
2362 4115 2420 4164 et
2478 4106 2636 4163 senili
2690 4106 2958 4178 gravitate
2994 4115 3049 4162 et
3095 4106 3306 4181 ingenii
3370 4108 3627 4163 acumine

355 4198 412 4251 ἐν
443 4200 554 4262 τοῖς
586 4201 930 4268 ἐπισκόποις,
959 4201 1103 4275 λόγῳ
1130 4222 1192 4258 τε
1222 4205 1322 4277 τὴν
1352 4205 1555 4279 ἀρετὴν
1587 4206 1811 4277 κοσμῶν
1843 4206 1932 4261 καὶ

2040 4214 2099 4263 et
2148 4203 2318 4258 animi
2372 4198 2750 4273 magnitudine
2786 4199 2931 4253 inter
2969 4199 3265 4270 episcopos
3297 4199 3626 4266 excellebat,

353 4292 525 4363 ἀρετῇ
556 4293 647 4347 τὸν
673 4294 852 4363 λόγον.
881 4292 978 4359 Οἷς
1007 4297 1319 4352 ἀκολουθεῖν
1352 4300 1682 4353 πεπείκασιν
1713 4301 1932 4364 ἑαυτοὺς

2043 4310 2109 4351 ac
2159 4296 2421 4351 virtutem
2482 4293 2800 4350 eruditione
2866 4301 2924 4348 et
2988 4291 3360 4348 eruditionem
3419 4293 3629 4348 virtute

354 4387 447 4438 καὶ
479 4376 594 4439 ὅσοι
630 4388 705 4456 μὴ
742 4389 922 4457 λόγοις
954 4389 1054 4461 τὴν
1089 4390 1343 4459 γλῶσσαν
1378 4390 1623 4455 ὁπλίζειν
1660 4392 1935 4460 ἐδύναντο,

355 4476 536 4530 πᾶσαν
565 4478 852 4552 ἐριστικήν
882 4479 940 4546 ἐξ
971 4482 1217 4552 ἀνάγκης
1248 4483 1578 4551 ἀποθέμενοι
1610 4485 1860 4556 γνώμην.

427 4661 501 4715 Δ’.
538 4659 631 4714 Ἐν
657 4663 833 4730 τούτῳ
857 4659 936 4732 τῷ
967 4661 1143 4734 χρόνῳ
1171 4664 1265 4716 καὶ
1297 4664 1324 4717 ὁ
1354 4664 1623 4734 δεσπότης
1650 4664 1760 4734 (94)
1792 4682 1942 4718 τετε-

354 4751 590 4822 λεύτηκε
618 4756 1056 4821 Κωνσταντϊνος,
1083 4754 1262 4824 ἑαυτῷ
1288 4772 1349 4825 γε
1382 4755 1659 4826 συνθὰψας
1684 4757 1820 4828 ὁμοῦ
1848 4757 1943 4811 καὶ

354 4846 452 4908 τὰς
480 4845 745 4916 ἀκαίρους
780 4845 887 4901 τῶν
919 4846 1136 4902 πολλῶν
1167 4847 1519 4918 προσδοκίας.

2047 4391 2302 4447 ornabat.
2358 4388 2470 4445 Hos
2533 4387 2570 4442 ii
2623 4386 2731 4442 sibi
2782 4387 3096 4457 sequendos
3128 4395 3487 4457 putaverunt,
3529 4387 3625 4458 qui

2035 4484 2356 4555 eloquentia
2413 4498 2524 4537 non
2573 4480 2851 4547 valebant,
2883 4495 3047 4535 omne
3096 4480 3472 4536 contentionis
3512 4494 3630 4539 stu—

2036 4577 2189 4632 dium
2222 4576 2398 4633 coacti
2429 4575 2694 4648 abjicere.

2108 4669 2197 4725 Ν.
2265 4669 2378 4724 lloc
2430 4679 2679 4739 tempore
2734 4665 2900 4722 etiam
2959 4666 3186 4737 despota
3236 4668 3633 4730 Constantinus

2042 4761 2305 4827 decessit,
2339 4770 2396 4816 et
2449 4778 2557 4816 una
2593 4773 2779 4814 secum
2812 4757 3034 4814 inanem
3076 4762 3226 4830 vulgi
3263 4766 3632 4834 exspectatio-

2047 4870 2172 4909 nem
2215 4853 2490 4924 sepelivit.
3042 4850 3045 4855 ’

1702 4970 2044 5034 Variorum
2077 4984 2269 5035 notas.

432 5071 543 5141 (9|)
591 5071 823 5142 Gregor.
889 5069 1024 5124 Naz.
1091 5074 1346 5129 oratione
1432 5074 1564 5143 περὶ
1636 5074 1937 5149 δόγματος.
1974 5078 2165 5138 Dmen
2182 5079 2459 5149 subsecuta
2476 5072 3271 5149 uouesI,NicephoriCregor¢P
3289 5077 3467 5130 omnia
3497 5088 3653 5149 tum,

362 5141 571 5196 Borvnv.

599 5210 804 5269 Vitiosa
835 5215 1195 5271 constructio.
1234 5213 1447 5269 Borvm.

437 5283 549 5352 (93)
583 5281 692 5337 Leo
725 5284 981 5351 Allatius,
1034 5284 1112 5339 De
1168 5283 1371 5339 Ecclus.
1413 5286 1591 5344 Occid.
1634 5297 1684 5342 et
1737 5288 1941 5344 Orient.

2047 5156 2097 5202 et
2126 5149 2303 5216 favore
2342 5147 2595 5218 principis
2641 5157 2691 5201 et
2738 5147 3055 5213 eloquentia:
3105 5148 3279 5218 nervis
3326 5163 3518 5213 susque
3544 5147 3636 5199 de-

2044 5235 2146 5288 que
2180 5219 2441 5290 miscentis
2497 5216 2812 5290 pergicacia,
2871 5219 2959 5290 qui
2998 5216 3209 5287 prolixa
3262 5219 3508 5269 oratione
3538 5233 3635 5290 ρα-

2045 5287 2339 5343 triarcham
2360 5289 2554 5359 ipsum,
2588 5287 3017 5359 Dyrrhacltinum
3043 5290 3364 5358 episcopum,
3402 5294 3473 5359 iet
3496 5287 3632 5340 alios

368 5370 514 5480 ferp.
573 5369 806 5408 consens.
864 5356 962 5410 lib.
997 5371 1060 5417 ιι,
1108 5370 1228 5423 cap.
1268 5355 1358 5416 l6,
1392 5368 1529 5412 sect.
1557 5360 1610 5423 ‘2,
1668 5362 1943 5429 pontiﬁcis
2044 5358 2343 5429 perplures.
2382 5355 2657 5413 'seductos'
2695 5362 2751 5415 in
2781 5376 2936 5414 suam
2966 5355 3132 5413 train
3182 5355 3526 5417 sententiam,
3569 5373 3634 5409 ne

390 5426 597 5480 {omani
633 5425 913 5480 Benedicti
946 5425 1043 5480 Xll
1095 5426 1161 5480 ad
1198 5425 1498 5480 Robertum
1525 5428 1727 5480 Siciliae
1758 5445 1940 5480 regem
2045 5429 2205 5480 leuati
2236 5428 2499 5480 pontiﬁcis
2528 5430 2867 5480 audirentur.
2895 5429 3403 5480 renudiarenturaue
3428 5427 3629 5480 omnia.

390 5426 597 5502 {omani
633 5425 913 5502 Benedicti
946 5425 1043 5502 Xll
1095 5426 1161 5480 ad
1198 5425 1498 5502 Bobertum
1525 5425 1727 5502 Siciliae
1758 5445 1940 5502 regem
2044 5425 2205 5502 legati
2235 5428 2499 5502 pontiﬁcis
2528 5430 2867 5502 audirentur,
2895 5429 3403 5502 repudiarenturque
3428 5427 3629 5502 omnia.

366 5494 675 5570 epistolam
702 5495 931 5570 profert,
976 5496 1160 5570 datam
1198 5495 1480 5570 Avenione
1535 5499 1746 5570 meal.
1786 5494 1940 5570 SEpt.

366 5581 458 5639 an.
497 5564 631 5620 Chr.
664 5567 821 5639 1:359.
852 5567 1023 5639 eique
1069 5566 1650 5639 epistolze‘subjungit
1683 5582 1802 5624 acta
1842 5564 1941 5625 eo-

366 5637 490 5709 (lum
515 5651 660 5709 anno
691 5636 834 5709 inter
865 5636 1510 5709 eumdemABenedictnm
1538 5636 1733 5709 papam
1765 5648 1818 5695 et
1837 5641 1944 5696 An-

2078 5494 2160 5555 tia:
2214 5494 2552 5555 concordiam
2586 5500 2814 5556 similem
2857 5494 3098 5555 stabilire
3139 5494 3463 5553 viderentur.
3523 5494 3631 5548 Leo

2090 5571 2278 5626 llatius
2309 5564 2555 5639 tempora
2590 5571 2902 5626 confundit.
2930 5570 3067 5627 Nam
3095 5570 3274 5624 oratio
3305 5567 3394 5639 illa
3417 5565 3628 5639 Gregof

2053 5657 2128 5696 ra:
2158 5658 2267 5696 non
2304 5642 2371 5695 ad
2402 5636 2492 5694 an.
2529 5640 2662 5697 Chr.
2702 5641 2843 5697 1359
2892 5650 2989 5696 aut
3044 5640 3184 5695 1540
3230 5637 3489 5706 pertinet,
3532 5636 3627 5690 sed

367 5704 580 5794 dron‘icli
607 5706 847 5788 iunioris
868 5706 1469 5794 legatos,'Barlaatiiutn
1498 5704 1555 5765 ei
1595 5704 1936 5794 Stephanum
2046 5712 2454 5794 ad.na.n..15:35,
2488 5721 2747 5794 ut_supra
2776 5712 2984 5794 dictum
3009 5719 3114 5794 est.
3141 5704 3353 5765 Boivnv.

370 5777 702 5840 landulnm,
743 5779 833 5846 qui
889 5779 957 5832 de
995 5778 1365 5833 Ecclesiarum
1428 5777 1726 5835 concordia
1757 5784 1935 5839 acturi

369 5849 708 5919 Avenionem
740 5856 1032 5919 venerant.
1059 5849 1328 5919 Denique,
1378 5850 1463 5906 his
1490 5851 1747 5907 omnibus
1784 5855 1934 5909 velut

368 5917 731 5985 "instructis,
768 5917 887 5975 haec
925 5918 1041 5990 ipse
1070 5917 1231 5977 addit
1250 5918 1317 5976 dc
1347 5935 1449 5977 suo
1482 5940 1494 5978 :
1523 5921 1818 5978 Concordia
1850 5933 1934 5980 ια-

2120 5782 2233 5854 (94)
2261 5775 2561 5854 Andronici
2594 5775 2830 5838 se'nioris
2858 5782 3004 5854 imp.
3029 5779 3174 5835 ﬁlius
3206 5775 3633 5854 secundo'geni-

2048 5848 2138 5909 tus
2171 5848 2238 5908 εκ
2267 5856 2423 5909 Anna
2454 5853 2628 5922 prima
2668 5868 2859 5908 uxore.
2906 5848 3046 5908 Vide
3069 5860 3303 5907 stemma
3333 5848 3628 5920 Palreologt

2043 5935 2102 5980 ct
2139 5924 2442 5989 scriptorcs
2472 5923 2549 5981 ibi
2584 5923 2856 5981 laudatos.
2887 5922 3126 5980 Decus.
