4062 6464
382 425 461 501 25'
630 433 710 506 [λ.
750 446 803 489 c.
847 431 986 490 4323
1018 448 1083 489 AD
1126 431 1288 505 154i]
1366 391 1804 501 ΒΥΖᾸΝΤιΝιΕ
1844 443 1893 502 ιι

2012 442 2231 504 ῸΒΙᾸΞ
2271 443 2420 503 LIB.
2452 442 2565 504 XI.

2683 434 2821 510 [ιιιρ.
2862 448 3145 492 mancum.
3189 433 3330 508 ηιμ]

3473 440 3603 502 726‘

324 544 516 602 ἔπειτα
544 546 770 611 ἑκόντας
801 526 1061 602 ἐνδιδόναι
1117 548 1213 603 καὶ
1239 549 1297 611 ἐς
1326 550 1577 620 προφανῆ
1609 552 1702 605 καὶ
1730 553 1905 621 ἀναμ-

2012 551 2211 607 nostris
2271 551 2417 605 ultro
2477 549 2837 621 praecipitare.
2896 548 3174 621 Legationi
3226 548 3362 604 illud
3413 550 3582 604 etiam

326 639 660 712 φισὸήτητον
678 639 920 693 κίνδυνον
935 639 1124 711 ὥσπερ
1147 640 1404 694 συνωθεῖν
1423 642 1561 712 μετὰ
1576 643 1684 697 τῶν
1702 643 1901 714 ήμετέ-

330 747 439 803 ρων
469 732 564 785 καὶ
600 733 750 803 ἡμᾶς
787 731 1005 796 αὐτούς.
1044 732 1384 802 Ἐπήνεγκαν
1420 733 1478 788 δὲ
1518 736 1586 806 τῇ
1632 735 1900 807 πρεσϐείᾳ

328 821 421 878 καὶ
448 821 636 895 ὥσπερ
662 822 785 878 τινὰ
810 822 1036 895 ἐπῳδὸν,
1050 822 1126 888 ὡς
1153 824 1205 878 εί
1235 825 1310 895 μὴ
1342 825 1690 896 διανασταίης
1706 828 1802 881 καὶ
1832 827 1896 880 σὺ

2009 642 2382 698 conclusionis
2419 641 2533 698 vice
2576 642 2901 713 adjecerunt
2948 658 2962 696 :
2996 644 3053 696 ni
3102 642 3586 712 expergisceretur

2008 741 2064 788 et
2122 748 2228 788 una
2280 746 2465 788 secum
2513 748 2832 788 communes
2872 733 3059 790 hostes
3104 739 3473 805 Oppugnaret,
3524 738 3585 787 et

2008 826 2189 896 ipsum
2216 825 2392 882 hostis
2422 827 2546 883 loco
2570 825 2839 881 futurum.

331 914 449 987 μεθ’
474 915 630 987 ήμῶν
662 917 719 980 ἐς
749 914 963 986 ἄμυναν
991 916 1101 970 τῶν
1129 917 1326 972 κοινῶν
1356 918 1633 990 πολεμίων
1654 958 1669 984 ,
1701 918 1802 973 οὐκ
1826 918 1900 972 ’ἂν
1939 918 2165 987 φθάνοις
2198 919 2293 974 καὶ
2327 919 2490 983 αὐτὸς
2525 919 2615 988 ὑφ’
2676 919 2833 990 ἡμῶν
2868 921 2960 973 ῖσα
3025 921 3138 983 τοῖς
3174 918 3387 991 ἐχθροῖς
3423 916 3586 972 πολε·

329 1009 431 1083 μού
437 1026 615 1078 μενος.

394 1105 473 1160 Γ’.
513 1103 699 1159 Ταῦτα
728 1105 822 1159 τὸν
855 1104 1087 1177 βασιλέα
1122 1106 1437 1179 ἠνάγκασεν
1469 1110 1550 1173 είς
1582 1107 1681 1181 τὴν
1714 1107 1903 1179 κοινὴν

325 1196 418 1250 καὶ
445 1194 608 1249 αὐτὸν
631 1196 836 1269 ταύτην
861 1200 1053 1270 χρείαν
1079 1201 1458 1271 διαναστῆναι.
1482 1202 1595 1256 Καὶ
1620 1202 1742 1255 ἐπεὶ
1768 1218 1904 1273 χρη-

329 1290 517 1362 μάτων
554 1292 815 1358 ἐσπάνιζε
854 1294 923 1347 τὰ
968 1293 1223 1364 βασιλικὰ
1262 1299 1507 1365 ταμιεῖα,
1552 1297 1764 1362 πέμπει
1802 1295 1902 1367 τὴν

324 1382 582 1452 ταχίστην
610 1384 739 1446 τοὺς
767 1385 865 1445 τὰς
900 1386 992 1440 ἐπὶ
1024 1386 1213 1458 Θρᾴκῃ
1245 1387 1339 1440 καὶ
1370 1385 1683 1458 Μακεδονίᾳ
1716 1384 1902 1458 χώρας

324 1474 418 1528 καὶ
453 1472 636 1537 πόλεις
669 1475 1230 1548 ἀργυρολογήσοντας,
1266 1477 1361 1531 καὶ
1390 1476 1562 1530 ταῦτα
1595 1476 1766 1531 πολλὰ
1804 1494 1902 1533 πε-

323 1565 620 1634 πονηκυίας
647 1565 755 1620 ὑπό
781 1584 840 1620 τε
866 1567 977 1622 τῶν
1006 1568 1194 1623 ἄλλοτε
1223 1569 1400 1633 ἄλλως
1430 1569 1694 1623 ἐπιόντων
1721 1570 1902 1641 φόρων

322 1655 418 1709 καὶ
446 1656 549 1709 ὑπὸ
571 1656 679 1711 τῶν
706 1658 917 1729 συχνῶν
941 1659 1146 1730 ἐφόδων
1171 1660 1325 1715 ἔνθεν
1354 1661 1454 1726 μὲν
1481 1661 1589 1714 τῶν
1617 1660 1899 1730 Τούρκων,

276 1757 290 1772 '
323 1744 534 1806 ἐκεῖθεν
566 1746 622 1801 δὲ
661 1749 775 1802 τῶν
814 1749 1156 1820 Βουλγάρων.
1200 1751 1417 1805 Τούτων
1453 1750 1626 1816 οὕτως
1667 1752 1901 1822 ἐχόντων

322 1835 421 1900 τάς
448 1854 517 1907 τε,
536 1839 774 1903 παλαιὰς
806 1841 1175 1908 ἐπεσκεύαζον
1201 1843 1333 1908 ναῦς
1361 1843 1458 1897 καὶ
1485 1844 1682 1915 ἐτέρας
1714 1844 1772 1912 ἐξ
1802 1845 1901 1899 αὑ-

2079 1102 2171 1159 lll.
2215 1102 2292 1158 lta
2346 1104 2667 1173 imperator,
2710 1102 3023 1159 communis
3066 1101 3213 1158 illius
3244 1102 3374 1158 belli
3403 1104 3591 1160 socius

2005 1210 2127 1252 esse
2179 1202 2424 1261 coactus,
2484 1209 2609 1249 cum
2666 1194 2832 1266 fiscus
2889 1193 3278 1263 imperatorius
3334 1194 3589 1264 pecuniae
3699 1234 3704 1239 .

2004 1286 2190 1357 inpia
2233 1287 2530 1349 laboraret,
2578 1287 2913 1341 tributorum
2966 1294 3252 1342 exactores
3292 1287 3348 1341 in
3407 1285 3588 1341 Thra-

2005 1380 2147 1436 ciam
2192 1390 2247 1434 et
2280 1378 2655 1434 Macedoniam
2698 1379 2881 1433 statim
2925 1379 3117 1446 misit;
3159 1379 3415 1450 quamvis
3444 1379 3593 1436 illius

2007 1481 2215 1528 tractus
2267 1472 2432 1527 urbes
2459 1488 2525 1527 ac
2600 1472 2895 1541 provinciae
2947 1475 3185 1528 multum
3226 1474 3341 1544 jam
3384 1482 3595 1528 vexatae

2004 1571 2186 1630 erant,
2218 1572 2333 1618 tum
2370 1562 2756 1619 exactionibus
2784 1565 2921 1619 alias
2948 1564 3097 1627 aliis,
3149 1572 3266 1618 tum
3319 1562 3594 1619 incursio-

2003 1655 2171 1710 nibus
2224 1654 2439 1709 crebris
2470 1654 2598 1709 hinc
2630 1654 2962 1722 Turcorum,
3009 1655 3162 1710 illinc
3202 1655 3591 1723 Bulgarorum.

2003 1747 2218 1803 Interea
2248 1753 2537 1821 etvetercs
2568 1760 2737 1800 naves
2767 1745 3117 1812 reficiuntur,
3159 1755 3216 1800 et
3271 1746 3393 1800 aliae
3439 1759 3597 1799 nova:

2004 1855 2105 1910 per
2136 1846 2302 1893 totam
2326 1839 2468 1893 hanc
2496 1837 2735 1893 hiemem
2759 1854 2787 1892 a
2814 1837 3192 1893 fundamentis
3211 1845 3592 1892 exstruuntur.

321 1929 432 1983 τῶν
464 1930 567 2001 ήδη
607 1932 892 2002 κρηπίδων
927 1930 1338 2004 ἐναυπηγοῦντο
1380 1935 1512 2004 παρ’
1538 1936 1658 1989 ὅλον
1692 1935 1905 1989 τουτονὶ

2013 1931 2127 1988 Sub
2162 1930 2306 1985 veris
2344 1930 2552 1986 exitum
2583 1930 2887 2001 imperator
2917 1929 3082 2002 525
3112 1930 3309 2000 viginti
3362 1928 3596 1983 navibus

321 2019 414 2074 τὸν
439 2020 703 2091 χειμῶνα.
729 2021 930 2093 Ἐαρος
958 2024 1015 2079 δὲ
1045 2026 1145 2098 ήδη
1176 2028 1434 2105 λήγοντος
1462 2028 1621 2104 όυμέν
1648 2027 1909 2096 βασιλεὺς

322 2107 499 2163 εἰκοσι
531 2109 663 2174 ναῦς
698 2112 1080 2184 πεπληρωκὼς
1116 2117 1250 2184 πρὸς
1284 2117 1520 2171 ἔκπλουν
1554 2120 1906 2190 παρεσκευά-

323 2198 469 2268 ζετο,
497 2201 771 2275 ναύαρχος
800 2205 1083 2279 ἐθελοντὴς
1111 2208 1275 2273 αὐτὸς
1302 2210 1399 2263 τοῦ
1429 2209 1617 2293 στόλου
1649 2211 1908 2279 γιγνόμε-

321 2311 434 2363 νος,
466 2295 561 2350 καὶ
588 2297 763 2351 ταῦτα
794 2299 929 2370 πρὸς
960 2300 1060 2370 τῆς
1093 2302 1329 2385 συζύγου
1360 2303 1646 2375 δεσποίνης
1675 2306 1768 2357 καὶ
1797 2303 1907 2358 τῶν

321 2384 500 2441 ἄλλων
527 2389 783 2446 ἁπάντων
813 2394 1179 2464 κωλυόμενος,
1211 2397 1301 2452 διὰ
1328 2397 1388 2450 τὸ
1420 2399 1496 2469 μὴ
1527 2400 1582 2462 ἐς
1610 2398 1769 2466 ἀξίαν
1802 2400 1903 2469 βα-

2004 2024 2297 2094 compietis
2346 2030 2501 2093 parat
2555 2037 2613 2078 se
2664 2023 2729 2077 ad
2764 2022 3186 2092 profectionem,
3212 2031 3269 2076 et
3299 2021 3415 2089 ipse
3447 2021 3598 2074 ultro

2004 2118 2199 2174 classis
2242 2117 2558 2187 praefectum
2613 2114 2759 2186 agit;
2812 2116 2979 2184 idque
3026 2115 3379 2183 impcratrice
3426 2128 3598 2167 uxore

2005 2218 2063 2265 et
2090 2208 2308 2264 caeteris
2341 2209 2606 2264 omnibus
2632 2208 3076 2280 prohibentibus,
3102 2207 3248 2276 quod
3284 2203 3595 2260 istiusmodi

2005 2314 2097 2354 res
2135 2300 2203 2354 ab
2232 2300 2589 2370 imperatoria
2621 2301 2909 2371 majestate
2940 2300 3134 2354 aliena:
3159 2306 3366 2354 essent.
3391 2297 3460 2353 At
3480 2297 3599 2364 ille.

2013 2400 2075 2447 ut
2103 2400 2322 2458 caetera,
2361 2392 2434 2447 ita
2465 2393 2609 2448 hanc
2638 2407 2860 2463 quoque
2910 2408 3026 2448 rem
3065 2407 3162 2446 sua
3204 2391 3505 2462 praisentia
3544 2398 3603 2445 et

322 2478 537 2551 σιλικῆς
580 2486 867 2557 περιωπῆς
908 2489 975 2543 τὰ
1021 2489 1246 2545 τοιαῦτα
1286 2491 1396 2545 τῶν
1439 2491 1617 2562 ἔργων
1661 2492 1906 2563 ἀνήκειν.

2012 2498 2175 2555 opera
2218 2483 2418 2540 conﬁci
2452 2484 2696 2550 volebat,
2723 2485 3009 2541 alacritate
3042 2492 3098 2541 et
3144 2484 3342 2539 bellico
3389 2485 3601 2554 impetu

335 2567 397 2624 ’0
439 2570 485 2624 δ’
511 2572 701 2647 ὥσπερ
745 2577 805 2630 ἐν
850 2580 964 2643 τοῖς
1009 2579 1191 2645 ἄλλοις
1240 2582 1543 2654 αὐτουργὸς
1588 2583 1755 2647 αὐτὸς
1798 2583 1906 2637 τῶν

2012 2577 2230 2647 plenus.
2257 2577 2579 2632 Latinarum
2616 2586 2799 2633 tamen
2839 2578 3124 2647 copiarum
3153 2577 3453 2632 adventum
3504 2592 3605 2632 ex-

323 2665 662 2734 γιγνομένων
692 2668 1064 2741 ἐφιλοτιμεῖτο
1098 2671 1417 2742 γίγνεσθαι,
1451 2674 1594 2729 οὕτω
1625 2673 1906 2730 κάνταῦθα

2012 2669 2319 2741 spectabat.
2357 2669 2563 2726 Verum
2608 2670 2689 2725 illi
2725 2684 2904 2739 nuper
2958 2670 3107 2725 inter
3147 2670 3298 2740 ipsos
3330 2670 3470 2743 ortis
3515 2676 3604 2724 tu-

324 2754 460 2808 πολὺ
497 2744 888 2831 τὺρφιλότιμίον
925 2761 1051 2834 ἔσχε
1096 2766 1191 2819 καὶ
1230 2765 1448 2837 πλήρης
1487 2762 1556 2837 ἦν
1594 2766 1906 2837 πολεμικῆς

2012 2769 2274 2825 multibus
2303 2768 2581 2840 occupati,
2609 2784 2767 2839 spem
2820 2767 2942 2838 ejus
2985 2766 3329 2833 fefellerunt,
3362 2781 3427 2821 ac
3458 2765 3602 2822 nihil

322 2846 518 2917 ὁρμῆς.
565 2850 828 2924 Ἐκάθητο
863 2854 922 2909 δὲ
965 2856 1118 2928 ὅμως
1160 2859 1252 2911 καὶ
1295 2860 1396 2930 τὴν
1438 2860 1546 2914 τῶν
1590 2859 1901 2915 Λατινικῶν

2012 2875 2193 2917 eorum
2222 2877 2344 2932 quae
2375 2862 2749 2932 promiserant
2779 2861 3029 2916 exsecuti
3063 2870 3216 2915 sunt.
3440 2914 3446 2919 ,

323 2937 604 3010 δυνάμεων
632 2944 816 3013 ἄφιξιν
841 2949 1174 3019 περιμένων.
1205 2950 1369 3006 Ἀλλὰ
1396 2953 1526 3022 περὶ
1556 2954 1682 3018 τοὺς
1708 2950 1907 3008 νεωστὶ
1943 2954 2180 3023 φυέντας
2224 2956 2282 3007 ἐν
2356 2953 2540 3024 σφίσιν
2573 2954 2758 3015 αὐτοῖς
2835 2953 3101 3024 θορύϐους
3134 2951 3229 3006 καὶ
3254 2934 3511 3023 ταραχὰς
3549 2950 3603 3005 οἱ

324 3029 544 3090 Λατῖνοι
569 3036 962 3110 ἁσχοληθέντες
986 3044 1258 3115 ἄπρακτοι
1285 3048 1379 3101 καὶ
1407 3047 1625 3119 ψευδεῖς
1654 3052 1780 3119 περὶ
1804 3049 1902 3114 τὰς
1942 3048 2280 3117 ἐπαγγελίας
2311 3051 2612 3121 ἐφάνησαν.

393 3127 468 3185 Δ’.
501 3131 650 3185 Οἰδέ
694 3131 887 3191 Ῥόδιοι
928 3137 1043 3211 (96)
1069 3141 1163 3196 καὶ
1201 3142 1253 3196 oi
1312 3144 1413 3217 τὴν
1463 3146 1733 3216 παράλιον
1788 3146 1905 3199 Φώο

2084 3147 2173 3203 lV.
2204 3146 2407 3202 Rhodii
2447 3164 2580 3203 vero
2606 3156 2662 3203 et
2714 3147 3004 3202 maritima:
3035 3146 3280 3202 Phocaeae
3329 3145 3607 3203 habitato-

325 3237 490 3278 καιαν
522 3224 874 3302 alueum-5911
917 3230 1148 3302 πλησίον
1170 3237 1349 3290 κεῖται
1372 3238 1474 3309 τῆς
1509 3237 1789 3311 Σμύρνης,
1807 3240 1905 3294 καὶ

2016 3254 2126 3305 res,
2155 3254 2279 3310 qua:
2308 3240 2442 3295 urbs
2471 3256 2643 3311 prope
2674 3240 2963 3310 Smyrnam
2999 3238 3104 3295 sita
3135 3247 3242 3304 est,
3265 3255 3330 3294 ac
3372 3248 3607 3309 prmter—

482 3316 694 3384 τούτοις
721 3320 749 3373 ό
768 3320 877 3374 τῶν
899 3324 1199 3389 Κυκλάδων
1213 3330 1392 3401 νήσων
1411 3308 1906 3404 ήγεμόνεύων(97),

2013 3348 2077 3389 ea
2105 3334 2400 3407 Cycladum
2445 3334 2750 3389 insularum
2825 3332 3107 3401 princeps,
3141 3331 3381 3387 consilio
3408 3331 3605 3387 fraude

325 3405 463 3498 δόλῳ
498 3411 863 3482 μεταθέμενοι
892 3415 989 3471 τδν
1019 3419 1244 3483 σκοπὸν,
1273 3421 1530 3494 σύνθημα
1558 3425 1718 3495 ἔσχον
1736 3427 1912 3498 λάθρα

326 3496 614 3556 ἐπιθέσθαι
642 3507 765 3568 ταῖς
806 3522 868 3558 τε
908 3505 1255 3580 Ῥωμαϊκαῖς
1321 3515 1506 3585 νήσοις
1563 3520 1657 3572 καὶ
1717 3496 1912 3584 αὐταῖς

326 3588 449 3679 ταῖς
470 3589 567 3644 τοῦ
623 3591 892 3663 βασιλέως
925 3606 1213 3668 ναυτικαῖς
1264 3604 1575 3676 δυνάμεσι⁶
1631 3608 1913 3679 δείσαντες

328 3678 481 3747 ἴσως,
513 3682 589 3755 μὴ
623 3687 650 3738 ό
680 3686 933 3757 βασιλεὺς
956 3691 1067 3747 τῶν
1089 3692 1265 3751 ἄλλων
1290 3697 1563 3770 ἀφέμενος
1583 3703 1673 3755 ἐπ’
1711 3678 1911 3770 αὐτοὺς

2016 3437 2230 3484 mutato
2295 3428 2637 3499 pepigerant,
2662 3442 2721 3482 se
2771 3426 3049 3481 Romanas
3106 3424 3318 3481 insulas
3346 3432 3403 3479 et
3457 3426 3605 3495 ipsas

2017 3520 2361 3589 imperatoris
2393 3521 2582 3589 copias
2614 3519 2755 3573 clam
2786 3518 3082 3574 adorturos
3109 3535 3123 3573 :
3152 3517 3317 3573 veriti
3346 3515 3602 3584 fortasse,

2016 3627 2086 3668 ne
2114 3613 2206 3667 hic
2227 3612 2353 3668 aliis
2375 3610 2598 3667 omissis
2626 3626 2781 3666 arma
2812 3611 2866 3664 in
2918 3610 3067 3681 ipsos
3097 3616 3469 3664 converteret.
3496 3606 3605 3663 ιω-

2015 3718 2122 3773 que
2158 3720 2284 3759 cum
2340 3703 2576 3758 navibus
2614 3701 2933 3773 quindecim
2982 3700 3221 3756 Lesbum
3256 3699 3491 3772 profecti
3520 3716 3609 3757 re—

327 3773 619 3846 τρέψηται.
651 3779 820 3834 Ὅθεν
846 3783 940 3838 ἐπὶ
968 3785 1176 3843 Λέσϐον
1211 3790 1560 3861 ὁρμήσαντες
1590 3792 1710 3866 ἃμα
1749 3798 1912 3851 ναυσὶ

333 3871 733 3927 πεντεκαίδεκα
754 3875 856 3945 τῆς
891 3877 991 3947 μὲν
1018 3878 1186 3951 ἄλλης
1216 3883 1380 3951 νήσου
1429 3885 1611 3957 κύριοι
1657 3890 1912 3957 γενέσθαι

331 3958 469 4053 τέως
494 3964 597 4020 οὐκ
622 3967 971 4040 ἠδυνήθησαν
993 3988 1006 4004 ο
1056 3973 1213 4028 αὐτοὶ
1239 3976 1296 4030 δὲ
1334 3977 1411 4049 τῷ
1439 3979 1621 4049 λιμένι
1655 3984 1752 4053 τῆς
1799 3984 1911 4038 Μι-

332 4052 565 4144 τυλήνης
595 4057 706 4132 (98)
730 4059 992 4133 ἐξαίφνης
1017 4066 1382 4138 προσσχόντες
1411 4069 1675 4143 προδοσίᾳ
1697 4071 1794 4144 τὴν
1818 4074 1914 4128 πό-

330 4140 413 4195 λιν
440 4138 585 4200 εἷλον
615 4149 798 4214 εὐθύς.

403 4237 478 4344 E':
508 4239 858 4344 Eoulopévwv
897 4245 952 4301 δὲ
1009 4248 1117 4302 τῶν
1152 4267 1212 4303 τε
1251 4251 1476 4307 Ῥοδίων
1532 4256 1626 4309 καὶ
1676 4257 1772 4311 τοῦ
1805 4258 1906 4314 τῶν

2089 4263 2157 4318 ν.
2190 4240 2328 4318 Cum
2385 4272 2571 4319 autem
2626 4262 2831 4320 Rhodii
2873 4264 3256 4337 etCycladum
3294 4265 3615 4324 insularum

331 4329 638 4431 Κυκλάδων
674 4336 855 4431 νήσων
887 4341 1159 4412 ἡγεμόνος
1192 4345 1261 4399 τά
1288 4363 1347 4399 τε
1380 4348 1640 4418 χρήματα
1673 4351 1906 4422 διαρπά-

2017 4359 2277 4430 princeps
2304 4372 2439 4427 opes
2470 4356 2713 4429 diripere
2742 4368 2800 4414 et
2823 4329 3092 4431 reliquam
3121 4359 3338 4430 pariter
3370 4360 3603 4417 Lesbio-

335 4427 426 4528 σαι
465 4427 560 4480 καὶ
588 4426 687 4499 τὴν
717 4430 885 4503 ἄλλην
916 4435 1112 4507 ἐπίσης
1142 4439 1503 4508 ἐπικράτειαν
1527 4442 1906 4513 διανείμασθαι

2017 4426 2141 4506 rum
2172 4426 2437 4507 ditionem
2469 4426 2657 4520 partiri
2706 4452 2914 4507 vellent
2995 4426 3352 4509 Phocaeorum
3403 4453 3607 4510 ductor

332 4519 444 4619 uti».
478 4519 749 4587 Λεσϐίων,
773 4522 913 4596 δόλῳ
937 4528 1044 4581 τινὶ
1102 4532 1196 4582 καὶ
1256 4532 1441 4605 ἀπάτῃ
1492 4537 1842 4608 χρησάμενος
1885 4540 1906 4593 ό

2016 4542 2252 4599 Catanes
2282 4543 2411 4599 dolo
2455 4558 2521 4598 ac
2577 4541 2770 4597 fraude
2814 4559 2948 4598 usus
2978 4559 3141 4599 suum
3197 4545 3513 4614 prmsidium
3544 4545 3601 4601 in

332 4611 444 4662 τῶν
471 4611 741 4710 Φωκαέων
789 4617 1034 4689 ἀρχηγὸς
1096 4622 1355 4695 Κατάνης
1411 4626 1525 4697 (99)
1583 4630 1793 4684 οίκείαν
1849 4649 1906 4685 τε

2022 4636 2216 4690 urbem
2251 4636 2575 4701 introduxit,
2605 4636 2824 4706 illisque
2857 4630 3113 4706 deceptis’
3132 4611 3255 4692 eam
3279 4637 3385 4693 sibi
3419 4638 3602 4694 vindi-

334 4704 587 4801 φρουρὰν
614 4708 912 4779 εισήγαγεν
941 4713 1023 4775 είς
1071 4715 1172 4785 τήν
1203 4717 1523 4788 Μιτυλήνην
1556 4722 1652 4774 καὶ
1705 4723 1906 4792 ταύτην

2014 4729 2179 4783 cavit.
2205 4728 2338 4783 Inde
2366 4716 2514 4784 enim
2544 4728 2712 4783 totius
2758 4729 2954 4786 insulae
2978 4729 3060 4784 vel
3098 4729 3263 4801 526
3290 4731 3411 4786 sine
3435 4731 3605 4789 sociis
3672 4738 3679 4743 “

334 4794 745 4866 ἐσφετερίσατο,
771 4802 995 4869 τούτους
1061 4811 1620 4880 παρακρουσάμενος.
1653 4813 1906 4887 Ἐνόμισε

2015 4836 2076 4877 se
2110 4820 2271 4876 facile
2312 4820 2619 4890 potiturum
2664 4837 2788 4877 esse
2836 4822 3068 4892 putabat
3092 4794 3354 4894 {quippe
3383 4826 3477 4894 qui
3506 4841 3602 4893 so-

334 4890 443 4987 γαρ
465 4894 667 4964 ῥᾳδίως
698 4898 908 4954 ἐκεῖθεν
957 4902 1051 4987 καλ
1082 4903 1213 4975 ὅλης
1265 4905 1395 4960 ἄνευ
1448 4909 1754 4980 συμμάχων
1813 4910 1906 4980 τῆς

2015 4913 2105 4968 lus
2150 4913 2403 4982 utrisque
2460 4912 2572 4967 illis
2616 4911 2780 4968 simul
2823 4890 3035 4984 junctis
3081 4890 3340 4984 superior
3382 4890 3602 4972 viribus

334 4984 497 5052 νήσου
523 4989 847 5058 κρατήσειν,
880 4991 979 5046 ἅτε
1031 4984 1267 5051 πλείονα
1310 5002 1741 5071 συναμφοτέρων
1771 5003 1906 5056 ἐκεί-

2019 5003 2181 5059 foret.
2213 5004 2263 5058 ls
2285 5003 2434 5059 enim
2462 5004 2615 5060 solus
2652 5015 2778 5060 octo
2817 5007 3070 5061 triremes
3104 5007 3435 5075 adduxerat,
3460 5024 3599 5079 quas

335 5091 442 5131 νων
471 5079 633 5148 μόνος
669 5082 833 5147 αὐτὸς
882 5088 1223 5158 κεκτημένος
1261 5090 1517 5163 δύναμιν.
1574 5091 1754 5147 Ὀκτὼ
1813 5096 1906 5163 μὲν

2020 5095 2226 5153 Genua:
2256 5095 2635 5166 compleverat
2670 5112 2686 5150 :
2734 5095 2937 5152 Rhodii
2975 5112 3108 5154 vero
3157 5108 3394 5170 quatuor
3425 5118 3440 5157 :
3473 5100 3613 5157 mli--

2015 3796 2165 3868 liqua
2209 3796 2435 3867 quidem
2485 3796 2665 3851 insula
2701 3795 2870 3866 potiri
2910 3794 3062 3850 illico
3112 3809 3226 3848 non
3262 3802 3604 3863 potuerunt;

2016 3888 2111 3944 sed
2157 3889 2445 3961 Mitylenes
2499 3898 2724 3958 portum
2769 3886 3076 3958 derepente
3134 3885 3366 3956 ingressi
3407 3886 3637 3943 urbem.~

2017 3980 2334 4051 proditione
2366 3980 2554 4037 statim
2582 3988 2875 4051 ceperunt.

1672 5250 2014 5313 Variorum
2045 5259 2236 5315 notae.

408 5384 520 5461 (96)
578 5386 813 5461 Milites
859 5387 1073 5444 ordinis
1136 5387 1437 5461 Hospitalis
1515 5390 1910 5461 Hierosolymi-

337 5457 621 5581 ggigui
661 5456 917 5513 Rhodum
952 5474 1100 5515 anno
1132 5456 1272 5515 1510
1305 5461 1500 5517 Turcis
1538 5456 1905 5518 abstulerant.

487 5542 517 5580 ιι
562 5570 573 5581 .

389 5542 573 5582 υῦᾹΝϐ.

411 5597 525 5665 (97)
584 5598 841 5670 Nicolaus
898 5600 1179 5664 Sanutus,
1250 5602 1342 5670 qui
1395 5602 1574 5669 Naxi,
1635 5603 1911 5658 interdum

343 5665 707 5739 @gmopelagi
758 5670 955 5725 ducem
993 5686 1117 5725 sese
1176 5665 1536 5729 inscribebat.
1562 5665 1569 5669 ’
1596 5674 1731 5729 Vide
1768 5673 1911 5729 Hist.

341 5736 810 5811 France-Byiant.
866 5741 963 5795 lib.
998 5757 1097 5805 vu,
1146 5758 1204 5795 ιι.
1257 5743 1349 5799 20.
1401 5744 1545 5800 Infra
1606 5745 1914 5799 Κυκλάδων

342 5808 519 5880 νήσων
542 5808 811 5880 ἀρχηγός.
850 5812 1085 5868 Ducam.
1251 5817 1258 5823 '

419 5878 532 5949 (98)
567 5878 932 5939 (ᾂέιιιιουυιοιι.
960 5883 1058 5939 lib.
1093 5898 1151 5951 ιι,
1184 5898 1305 5955 cap.
1335 5883 1425 5953 29,
1466 5884 1559 5941 ubi
1592 5886 1658 5942 de
1686 5894 1848 5958 capta
1878 5901 1908 5942 a

2020 5393 2251 5479 (ἔρρηξα
2278 5396 2534 5479 Mitylene
2557 5402 2691 5479 agit.
2724 5400 2979 5479 {ineant};

2095 5469 2205 5538 (99)
2234 5469 2552 5555 Dominicus
2571 5469 2849 5555 Catanias,
2902 5471 3137 5555 Andreae
3183 5473 3277 5555 qui
3295 5475 3610 5555 Phocaeam

2019 5552 2219 5618 novam
2251 5541 2640 5664 subjugaverat
2667 5541 2835 5609 (ilius,
2888 5551 2948 5597 ut
2991 5555 3078 5599 εει
3107 5541 3253 5664 apud
3288 5541 3590 5602 Cantaéuz.

2019 5607 2110 5662 ΙΙΙ).
2142 5624 2359 5664 tl.’caD.
2398 5612 2415 5664 1
2468 5653 2481 5664 .
2523 5609 2731 5664 Duplex
2780 5611 2930 5664 enim
2969 5611 3073 5664 fuit
3104 5615 3330 5664 Piocma
3361 5631 3378 5664 :
3420 5617 3590 5664 altera

2014 5607 2110 5662 lib.
2142 5607 2368 5681 u,'cap.'
2398 5607 2481 5666 l3.
2523 5609 2731 5681 Duplex
2780 5607 2930 5667 enim
2969 5611 3073 5667 fuit
3103 5607 3330 5669 Phocaea
3361 5631 3378 5670 :
3420 5617 3602 5671 altera.

2010 5691 2175 5746 quam
2209 5681 2513 5753 antiquam,
2547 5682 2722 5753 altera
2748 5697 2913 5753 quam
2942 5698 3140 5739 novam
3188 5696 3410 5747 vocant,
3459 5685 3596 5742 Gre—

2009 5762 2176 5829 geras
2225 5750 2527 5818 παραλίαν.
2598 5750 3117 5829 Banc‘postremam
3164 5755 3291 5829 jure
3324 5756 3597 5829 clientela:

2008 5819 2275 5890 deinceps
2294 5837 2383 5892 Aex
2416 5833 2581 5892 pacto
2632 5838 2760 5878 cum
2788 5819 3140 5881 'Andronico
3164 5819 3401 5884 'seuiore
3456 5828 3596 5884 inito

2009 5896 2241 5947 tenuere
2274 5890 2539 5950 Catanite.
2582 5893 2820 5951 Ducum.
