4062 6454
422 383 592 447 ³-7-’1

740 378 815 450 μ.
858 394 915 433 υ.
951 379 1092 437 esse
1128 395 1196 436 AD
1235 379 1399 450 6349]

1688 383 2108 444 NlCEPllORI
2149 380 2535 444 GllEGORE

2848 370 2985 445 [ων.
3023 382 3303 425 annnonzc.
3340 364 3486 439 σωκ]
3617 366 3712 433 728

489 512 627 565 quas
665 506 778 552 tres
805 498 1099 569 Cyclaoum
1146 500 1454 553 insularum
1496 498 1773 567 princeps.
1797 498 1878 575 Ac
1917 496 2076 566 Mity-

2192 500 2289 567 γὰρ
2310 494 2473 568 ἦλθεν
2515 494 2657 567 ἔχων
2716 492 2968 563 τριήρεις
3008 490 3167 560 μόνος
3205 487 3388 551 αὐτὸς,
3417 486 3477 549 ἃς
3506 490 3566 540 ἐκ
3599 488 3717 540 rex.
3760 464 3765 473 Ι

492 589 694 645 leuatus
721 589 943 658 quidem
979 590 1128 645 cives
1154 590 1338 646 statim
1386 589 1524 644 urbe
1574 589 1786 658 exegit;
1814 598 1871 643 et
1901 605 2073 643 uxore

491 695 555 733 ae
612 678 805 734 liberis
843 679 1073 735 Phocaea
1122 679 1425 745 arcessitis,
1456 680 1531 733 ibi
1570 665 1855 735 considere
1883 681 2073 734 decre-

492 771 590 836 vit,
642 770 791 839 justo
852 772 1107 841 prmsidio
1156 772 1398 828 Phoczea:
1445 771 1661 826 relicto;
1705 771 1838 826 Erat
1888 779 2074 825 autem

493 860 729 918 Phocaea
774 862 1173 933 patrimonium
1224 864 1366 933 ejus,
1406 862 1785 919 transmissum
1821 862 2079 917 videlicet

496 968 526 1006 a
561 954 883 1025 majoribus,
911 954 1003 1024 qui
1033 968 1155 1009 eam
1186 954 1379 1008 urbem
1412 953 1480 1007 ab
1502 952 1829 1022 imperatore
1853 952 2081 1007 eodem-

496 1058 608 1113 que
639 1057 744 1097 avo
802 1042 1152 1112 imperatoris
1209 1052 1559 1112 acceperant,
1589 1042 1995 1113 procurationis
2021 1051 2079 1096 et

498 1134 736 1203 alicujus
789 1134 1095 1203 pecuniarii
1172 1134 1386 1189 reditus
1469 1134 1666 1203 gratia.
1706 1132 2078 1200 Quamobrem

498 1226 671 1281 certis
724 1226 1071 1296 temporibus
1124 1226 1220 1295 qui
1275 1224 1330 1278 in
1389 1226 1509 1295 ejus
1562 1226 1667 1279 loci
1706 1223 2080 1293 praefecturam

496 1317 620 1372 aliis
668 1318 1063 1381 succedebant,
1112 1317 1309 1372 factam
1358 1319 1487 1371 olim
1534 1316 1886 1371 donationem
1927 1318 2083 1371 novis

500 1408 856 1477 imperatoris
877 1408 1080 1463 litteris
1107 1417 1376 1478 perpetuo
1432 1407 1788 1471 renovabam,
1820 1423 1889 1462 ne
1917 1409 2079 1475 longo

503 1499 766 1567 temporis
787 1500 959 1567 Spatio
988 1499 1241 1559 exclusus
1265 1484 1562 1568 imperator
1607 1497 1851 1552 dominio
1878 1498 2085 1564 impru-

507 1589 648 1644 dens
681 1590 985 1645 excideret.
1040 1590 1278 1647 Catanes
1310 1602 1494 1646 autem
1537 1594 1660 1654 iste,
1681 1607 1804 1647 cum
1832 1593 1941 1662 jam
1973 1592 2085 1648 Ru-

507 1695 729 1735 manam
781 1696 894 1735 rem
946 1680 1201 1739 aﬂlictam
1244 1692 1531 1745 cerneret,
1578 1682 1908 1737 insolentius
1956 1697 2087 1750 erga

509 1773 904 1843 imperatorem
943 1790 1002 1829 se
1036 1775 1225 1844 gessit.
1260 1774 1609 1843 ofﬁciumque
1642 1773 1903 1844 neglexit.
1931 1771 2089 1828 Unde

508 1866 859 1930 imperatoris
905 1866 1144 1920 subitam
1210 1866 1626 1934 impressionem
1665 1867 1877 1920 veritus
1924 1865 2087 1919 saluti

507 1971 622 2011 sua:
646 1972 751 2025 qua
782 1957 964 2028 potuit
994 1959 1145 2012 omni
1179 1959 1342 2013 modo
1367 1958 1670 2022 eonsMuit,
1701 1968 1752 2013 et
1783 1958 2078 2030 Mitylenen

506 2062 608 2117 per
636 2047 870 2101 insidias
903 2062 1177 2118 occupare
1227 2049 1506 2103 instituit:
1541 2049 1706 2118 idque
1742 2049 1868 2105 data
1921 2067 2082 2105 occa—

508 2139 665 2194 sione
705 2140 962 2209 perfecit.
985 2140 1257 2196 Cteterum
1292 2141 1519 2206 Rhodii,
1553 2151 1608 2195 et
1636 2142 1728 2197 alii
1771 2143 1865 2211 qui
1906 2143 1972 2197 ad
2006 2143 2088 2196 in-

506 2231 818 2291 vadendam
877 2233 1170 2306 Mitylenen
1228 2242 1650 2299 concurrerant,
1686 2234 2089 2304 improbitatem

505 2322 859 2381 Pltoczeensis
890 2324 1114 2381 Catanis
1144 2326 1298 2380 exosi
1335 2326 1561 2380 domum
1596 2336 1969 2381 recesserunt.
2074 2308 2079 2317 ’

2178 591 2347 651 νούας
2378 587 2518 657 ἔφθη
2579 583 2980 655 πεπληρωκώςο
3015 583 3064 635 οἱ
3097 581 3155 635 δὲ
3213 579 3403 633 Ῥόδιοι
3435 579 3677 649 τέτταρας
3698 594 3713 609 ο

2176 684 2274 742 τὰς
2311 680 2355 731 δ’
2373 680 2563 747 ἑτέρας
2591 678 2740 748 τρεῖς
2765 676 2792 729 ὁ
2822 675 2929 728 τῶν
2950 673 3250 728 Κυκλάδων
3272 674 3448 740 νήσων
3473 673 3716 741 ἀρχηγός.

2187 771 2269 844 [Ρ.
2296 769 2424 841 525]
2443 769 2614 831 Λύτὺς
2639 768 2738 838 μὲν
2754 764 2847 821 οὖν
2863 767 2990 828 τοὺς
3018 765 3116 835 μὲν
3146 764 3245 834 τῆς
3264 763 3565 831 Μιτυλήνης
3587 762 3725 831 οίκήο

2179 882 2343 933 τορας
2370 863 2530 925 εὐθὺς
2558 861 2788 932 ἐξῴκισε
2819 861 2920 930 τῆς
2944 856 3236 927 πατρίδος’
3257 857 3285 909 ό
3305 854 3360 908 δὲ
3390 853 3488 922 τὴν
3509 855 3722 919 γυναῖκα

2179 959 2275 1010 καὶ
2307 956 2373 1009 τά
2403 955 2572 1009 τέκνα
2599 951 3099 1023 μεταπεμψάμενος
3131 950 3196 1001 ὲκ
3222 948 3473 1008 Φωκαίας
3510 948 3619 999 ἐκεῖ
3639 945 3727 1010 τὴν

2179 1048 2400 1115 οίκησιν
2434 1042 2581 1115 ἔχειν
2620 1043 2819 1105 εἵλετο,
2854 1039 3103 1111 φρουράν
3142 1038 3334 1107 ἱκανὴν
3369 1033 3731 1103 ἐγκαταλιπὼν

2181 1142 2247 1209 τῇ
2278 1139 2523 1206 Φωκαίᾳ.
2580 1134 2793 1205 Κλῆρος
2812 1133 2858 1185 δ’
2894 1130 3043 1201 αύτῷ
3068 1128 3369 1200 περιελθὼν
3392 1124 3457 1196 ἦν
3487 1128 3589 1178 ἀπὸ
3610 1143 3733 1192 προ-

2184 1231 2411 1299 γόνωνή
2440 1228 2685 1288 Φώκαια,
2738 1224 2876 1295 πρὸς
2935 1222 3030 1275 τοῦ
3072 1221 3335 1299 βασιλέως
3389 1220 3480 1272 καὶ
3522 1220 3733 1269 πάππου

2182 1324 2278 1377 τού
2332 1321 2598 1393 βασιλέως
2656 1318 2808 1387 σφίσι
2855 1316 3070 1370 δοθεῖσα
3116 1294 3418 1384 ἐπιτροπῆς
3464 1329 3522 1364 τε
3567 1312 3739 1364 εἵνεκα

2186 1418 2278 1470 καὶ
2305 1412 2608 1484 χρημάτων
2640 1410 2782 1472 τινος
2819 1406 3113 1478 πορισμοῦ.
3147 1405 3237 1458 Διὸ
3295 1406 3393 1458 καὶ
3438 1403 3574 1457 κατὰ
3625 1402 3741 1472 γρό-

2188 1505 2595 1569 νους’τακτους
2652 1503 2701 1555 οἱ
2765 1500 2864 1569 τὴν
2923 1499 3131 1566 ταύτης
3190 1496 3449 1567 ἐφορείαν
3510 1494 3740 1562 διαδεχόο

2191 1616 2342 1668 μενοι
2377 1597 2672 1666 γράμμασι
2707 1592 3010 1662 βασιλικοῖς
3050 1589 3403 1649 ἁνανεοῦντες
3456 1586 3544 1640 ἀεὶ
3587 1586 3745 1638 διετέ-

2188 1689 2317 1741 λουν
2356 1688 2453 1757 τὴν
2483 1686 2631 1739 δόσιν
2659 1683 2752 1737 τοῦ
2776 1683 3003 1753 κλήρου,
3040 1682 3115 1750 μὴ
3174 1679 3316 1750 λάιοη
3368 1692 3745 1747 παρακρουσα-

2196 1779 2333 1848 μένη
2364 1776 2463 1847 τὴν
2502 1774 2792 1846 βασιλικήν
2816 1772 3197 1841 δεσποτείανή
3232 1768 3443 1840 μεταξὺ
3489 1769 3582 1821 τοῦ
3629 1768 3746 1837 χρό-

2192 1889 2281 1927 νου
2315 1869 2501 1942 μακρὰ
2527 1867 2796 1940 περίοδος.
2841 1867 2901 1918 '0
2927 1865 2983 1918 δὲ
3021 1864 3279 1932 Κατάνης
3294 1854 3475 1924 οὗτος,
3501 1858 3746 1913 νοσοῦντα

2182 1962 2452 2035 ἑωρακὼς
2483 1962 2588 2032 ήδη
2606 1961 2677 2016 τὰ
2712 1956 3009 2029 Ῥωμαίων
3039 1956 3369 2027 πράγματα,
3422 1952 3743 2027 θρασύτερον

2183 2055 2406 2124 διετέθη
2444 2054 2582 2124 πρὸς
2612 2052 2840 2122 βασιλέα
2893 2050 2989 2104 καὶ
3012 2049 3206 2118 ἡμέλει
3241 2047 3352 2100 τῶν
3410 2046 3747 2116 καθηκόντων

2183 2145 2431 2200 δικαίων.
2467 2142 2632 2196 Ὅθεν
2679 2142 2773 2194 καὶ
2802 2139 2901 2210 τὴν
2934 2139 3029 2192 τοῦ
3099 2137 3370 2208 βασιλέως
3414 2134 3749 2205 ὑφορώμενος

2189 2236 2457 2305 αἰφνίδιον
2495 2234 2685 2304 ἔφοδον
2713 2232 2909 2287 ἑαυτόν
2956 2248 3015 2284 τε
3074 2232 3214 2283 κατὰ
3274 2231 3387 2282 πᾶν
3441 2228 3501 2282 τὸ
3540 2224 3751 2280 δυνατὸν

2189 2326 2525 2397 ήσφαλίζετο
2556 2325 2649 2378 καὶ
2675 2324 2777 2393 τὴν
2805 2324 2903 2392 τῆς
2933 2321 3252 2391 Μιτυλήνης
3283 2322 3304 2371 ὲ
3316 2320 3519 2390 μελέτα
3548 2317 3752 2371 ἑπιδουυ

508 2418 630 2487 λήν.
676 2419 886 2489 Καιροῦ
927 2419 984 2472 δὲ
1008 2420 1109 2490 ήδη
1176 2419 1479 2490 λαϐόμενος
1543 2422 1624 2480 είς
1669 2422 1844 2489 πέρας
1904 2423 2000 2503 καὶ
2058 2424 2158 2492 τὴν
2197 2423 2493 2501 ὲπιόουλῂν
2548 2422 2861 2493 ἐξέρρηξεν.
2914 2420 2977 2473 Οἱ
3020 2417 3204 2486 μέντοι
3266 2413 3753 2503 συνδεδραμηκότες

509 2513 606 2568 ἐπὶ
671 2510 772 2581 τὴν
842 2511 944 2578 τῆς
999 2510 1315 2581 Μιτυλήνης
1356 2511 1557 2564 ἅλωσιν
1619 2509 1813 2563 Ῥόδιοι
1856 2513 1995 2581 μετὰ
2038 2513 2150 2565 τῶν
2187 2513 2391 2583 ἐτέρων
2463 2514 2564 2583 τὴν
2636 2510 2729 2564 τοῦ
2808 2509 3078 2570 Φωκαέως
3152 2506 3379 2574 Κατάνῃ

3470 2502 3753 2575 μοχθηρίαν

510 2611 609 2678 τῆς
679 2605 907 2676 γνώμης
962 2607 1376 2675 κατεγνωκότες
1437 2608 1496 2668 ὲς
1548 2606 1616 2659 τά
1671 2607 1811 2660 οἴκοι
1886 2607 2263 2677 ἀνεχώρησαν.

581 2689 661 2744 Vl.
721 2691 833 2746 lloc
872 2708 1058 2748 rerum
1114 2703 1259 2749 statu
1307 2694 1649 2760 Ccuuenses,
1699 2698 1793 2765 qui
1841 2696 2090 2753 Galatam

504 2783 785 2849 tenebant,
831 2798 959 2839 cum
1017 2794 1177 2843 antea
1224 2786 1491 2854 audaces,
1542 2796 1656 2843 tum
1711 2789 1806 2844 illo
1862 2789 2091 2846 Catauis

502 2871 664 2947 527
688 2888 949 2933 successu
974 2875 1303 2931 audaciores
1332 2877 1461 2933 facti
1493 2878 1640 2938 (nam
1679 2886 1735 2933 et
1766 2878 1810 2934 is
1838 2877 2093 2934 Genuen-

502 2966 582 3020 sis
610 2969 776 3035 erat),
801 2966 1059 3037 pluribus
1089 2968 1506 3039 majoribusque
1555 2969 1778 3039 injuriis
1808 2981 1863 3025 et
1891 2980 2088 3026 contu-

503 3056 686 3111 meliis
712 3057 990 3113 Romanos
1039 3060 1368 3114 onerabant.
1397 3060 1532 3113 Nam
1572 3072 1800 3130 propter
1827 3062 2091 3116 immuni-

506 3159 698 3210 tatem,
732 3166 898 3219 quam
948 3151 1188 3220 primum
1220 3166 1249 3204 a
1286 3150 1547 3207 Mieltaelc
1592 3152 1893 3223 Palmologo
1920 3154 2092 3223 impe-

506 3251 806 3306 traverant,
842 3233 902 3296 u't
948 3256 1115 3311 supra
1160 3242 1420 3301 diximus.
1452 3244 1685 3298 maxima
1718 3258 1846 3313 pars
1884 3244 2090 3299 Roma-

506 3348 592 3387 na:
620 3333 813 3387 classis
835 3332 1059 3387 adilfos
1080 3349 1138 3388 se
1163 3334 1491 3400 contulerat,
1510 3350 1815 3405 eorumque
1842 3335 2088 3390 habitum

508 3434 903 3493 assumpserat.
939 3425 1099 3481 Unde
1141 3425 1463 3480 Latinorum
1496 3442 1631 3496 opes
1663 3435 1859 3491 auctae,
1893 3425 2089 3481 Ruina-

508 3530 706 3569 norum
745 3530 875 3568 vero
927 3515 1232 3570 imminutae
1278 3526 1429 3570 sunt.
1495 3518 1624 3579 Quae
1680 3529 1814 3569 sane
1864 3531 1948 3568 res
1994 3529 2091 3569 eos

508 3605 826 3676 asperiores
880 3617 1073 3662 contra
1108 3608 1391 3662 Romanos
1424 3618 1591 3677 atque
1626 3607 1793 3661 etiam
1823 3605 2091 3675 superbos

508 3706 567 3753 et
598 3706 949 3754 contumaces
979 3699 1185 3753 effecit.
1228 3684 1472 3752 Proinde
1505 3708 1561 3754 et
1613 3698 1815 3753 fossam
1849 3698 2092 3752 circum-

509 3791 730 3843 ductam
786 3791 1203 3859 profundiorem
1230 3776 1526 3855 ‘fecerunt,
1569 3799 1626 3845 et
1676 3790 1862 3846 firmas
1912 3800 2093 3845 turres

509 3880 821 3936 clanculum
852 3898 955 3952 per
981 3883 1223 3948 speciem
1256 3881 1454 3936 aedium
1501 3891 1916 3937 exstruxerunt.
1950 3882 2091 3936 Tum

509 3973 675 4028 iidem
717 3974 1006 4044 largitione
1037 3974 1315 4044 corruptis
1368 3974 1458 4036 iis,
1501 3976 1596 4044 qui
1647 3974 1867 4045 imperii
1915 3974 2094 4028 admi-

509 4065 831 4119 nistraliuni
880 4076 1174 4134 prteerant,
1217 4080 1435 4119 onmem
1471 4066 1750 4121 licentiam
1788 4067 1931 4121 nacti
1966 4077 2095 4121 sunt

510 4167 566 4210 et
593 4158 784 4211 vineas
832 4158 1076 4221 emendi,
1100 4165 1156 4211 et
1194 4157 1341 4212 (edes
1382 4158 1436 4212 in
1465 4159 1650 4214 vicino
1675 4159 1816 4213 colle
1845 4160 2093 4228 Splendi-

509 4249 597 4302 dis
620 4249 797 4301 muris
819 4264 882 4302 ac
923 4249 1073 4303 relut
1100 4251 1524 4320 prepugnaculis
1557 4252 1795 4305 munitas
1821 4252 2096 4306 a-ditlcan—

511 4339 596 4404 di;
623 4338 763 4393 adeo
798 4350 856 4392 ut
885 4339 928 4392 si
983 4339 1184 4394 bellum
1214 4356 1335 4395 cum
1364 4340 1645 4412 Byzantiis
1670 4341 1971 4411 gerendum
2010 4357 2094 4395 es-

513 4442 620 4493 set,
649 4430 789 4489 niltil
828 4442 996 4495 esset,
1044 4432 1189 4501 quod
1240 4447 1336 4486 eos
1372 4444 1465 4487 aut
1500 4442 1752 4495 terreret,
1781 4440 1874 4485 aut
1923 4431 2097 4501 impe-

513 4525 674 4579 (Iret.

590 4704 697 4757 Vi‘i.
737 4708 1042 4768 imperator
1085 4713 1293 4769 autem,
1349 4720 1474 4759 cum
1510 4706 1749 4775 primum
1806 4706 2097 4776 Mitylenen

521 4812 643 4850 esse
674 4806 889 4866 captam
945 4797 1215 4857 audisset,
1254 4808 1309 4849 et
1364 4796 1463 4850 hos
1504 4797 1556 4849 in
1585 4797 1785 4849 vicinia
1827 4799 1948 4867 plus
1972 4799 2102 4852 satis

522 4889 863 4944 insolescere
905 4898 1161 4944 cerneret
1219 4898 1275 4942 et
1325 4899 1481 4959 pacta
1518 4899 1785 4945 conventa
1842 4891 2100 4962 pleraque

519 4981 764 5044 violare;
822 4980 889 5035 iis
910 4979 1096 5035 subito
1154 4980 1545 5037 circumventis
1598 4997 1818 5051 magnas
1876 4983 1996 5036 illas
2047 4996 2104 5036 et

522 5075 768 5129 munitas
793 5074 942 5127 aedes
974 5072 1028 5125 in
1054 5072 1190 5126 colle
1220 5085 1529 5130 exstructas
1570 5075 1812 5129 incendit
1845 5093 1859 5128 :
1891 5074 1943 5128 in
1981 5076 2100 5144 qui-

519 5165 626 5219 bus
662 5165 820 5218 multi
850 5179 1038 5229 arcus,
1063 5164 1229 5218 multa
1261 5167 1363 5221 tela
1405 5176 1462 5221 et
1487 5183 1660 5231 arma,
1687 5183 1861 5236 eaque
1894 5166 2096 5220 diversi

520 5259 739 5328 generis
772 5295 787 5320 ,
839 5266 1057 5325 reperta
1113 5268 1263 5313 sunt.
1312 5260 1442 5326 Qum
1512 5277 1635 5314 eum
1670 5259 1845 5314 Latini
1903 5268 2117 5328 prmter‘

520 5347 991 5417 exspectationem
1047 5349 1318 5411 viderent,
1369 5368 1565 5420 parere.
1620 5367 1684 5405 ac
1746 5351 2017 5419 trepidare
2049 5360 2100 5404 et

523 5451 769 5495 extrema
802 5442 998 5495 timere
1046 5452 1360 5512 coeperunt.
1396 5444 1668 5500 Putabant
1712 5445 1883 5505 enim.
1924 5445 2099 5513 impe—

525 5539 767 5585 ratorem
802 5530 996 5586 eodem
1027 5531 1114 5585 die
1144 5548 1265 5586 eum
1299 5532 1785 5602 uavalibuscopiis
1807 5532 1968 5586 solito
1991 5546 2103 5583 ma-

520 5623 733 5695 joribus
788 5624 841 5678 in
895 5638 953 5679 se
1008 5624 1154 5694 ipsos
1204 5624 1368 5694 528
1418 5639 1637 5694 quoque
1688 5625 1949 5694 impetum
1981 5635 2104 5676 esse

529 5714 827 5769 facturum.
866 5717 1048 5781 Quare
1077 5717 1216 5772 clam
1248 5719 1416 5772 armis
1463 5732 1585 5770 sese
1624 5716 1965 5771 muniebant.
1993 5714 2098 5768 Sed

529 5820 655 5860 eum
711 5819 777 5857 ne
809 5808 1077 5876 postridie
1108 5808 1331 5877 quidem
1369 5808 1749 5877 imperatorem
1799 5805 2096 5877 quidquam

2266 2702 2355 2769 ς’.
2396 2702 2615 2756 Τούτων
2643 2700 2816 2763 οὕτως
2846 2699 3078 2769 ἑχόντων
3116 2696 3211 2750 τοῦ
3273 2700 3545 2768 προτέρου
3578 2699 3749 2751 πλεῖον

2190 2795 2552 2857 ἀναλαϐόντες
2585 2792 2786 2863 θράσος
2842 2794 2890 2845 oi
2953 2793 3012 2843 ὲν
3073 2793 3183 2853 τοῖς
3218 2790 3461 2844 Γαλάτου
3495 2791 3774 2850 οἰκοῦντεςα

2192 2885 2507 2940 Γεννουῗται
2536 2886 2623 2939 διὰ
2655 2886 2713 2937 τὸ
2748 2883 2841 2936 τοῦ
2870 2884 3098 2950 Κατάνη
3128 2883 3463 2953 προτέρημα
3495 2883 3751 2952 (Γεννουῖ-

2189 2995 2288 3046 της
2326 2978 2433 3048 γὰρ
2458 2979 2705 3040 κάκεῖνος
2745 2976 3056 3045 ἐτύγχανε),
3085 2973 3306 3026 πλείονα
3345 2973 3456 3027 τῶν
3488 2972 3755 3042 προτέρων

2195 3065 2399 3132 ἐπῆγον
2422 3065 2517 3117 καὶ
2553 3063 2946 3133 προσετίθεσαν
3011 3064 3124 3126 τοῖς
3193 3061 3491 3130 Ῥωμαίοις
3533 3060 3600 3114 τὰ
3643 3060 3755 3112 est-

2197 3159 2422 3226 κήματα
2479 3156 2574 3209 καὶ
2626 3156 2721 3219 τὰς
2751 3155 2962 3225 ὕϐρεις.
3027 3156 3124 3207 Διὰ
3182 3154 3292 3224 γὰρ
3344 3153 3447 3225 τὴν
3503 3152 3755 3217 ἀτέλειαν,

2195 3250 2260 3319 ἣν
2290 3249 2441 3320 παρὰ
2490 3249 2709 3316 πρώτου
2765 3246 3128 3313 Παλαιολόγου
3176 3245 3402 3316 Μιχαὴλ
3461 3244 3554 3298 τοῦ
3619 3243 3758 3313 βασι-

2191 3341 2329 3406 λέως
2356 3340 2670 3411 εἰλήφεσαν,
2714 3340 2789 3401 ὡς
2829 3339 3088 3409 ἀνωτέρω
3139 3339 3474 3408 εἰρήκαμεν,
3504 3336 3564 3389 τὸ
3589 3335 3758 3387 πλεῖον

2191 3431 2284 3484 τοῦ
2322 3432 2428 3483 τεῖλν
2476 3431 2764 3498 Ῥωμαίων
2791 3428 3047 3482 ναυτικοῦ
3080 3428 3510 3498 προστιθέμενον
3537 3424 3756 3486 ἐκείνοις

2193 3529 2288 3578 καὶ
2317 3524 2941 3594 μετασχηματιζόμενον
2995 3524 3049 3582 ὲς
3086 3521 3229 3589 μέγα
3280 3519 3382 3590 μὲν
3431 3521 3521 3575 τὸν
3555 3520 3759 3572 Λατινι-

2194 3615 2290 3667 κον
2316 3612 2523 3683 ηύξησε
2559 3613 2808 3667 πλοῦτον.
2861 3615 3003 3682 μέγα
3078 3611 3121 3663 δ’
3168 3609 3453 3680 ἠλάττωσε
3484 3610 3575 3662 τδν
3640 3607 3759 3659 Ῥω-

2196 3706 2413 3775 μαϊκόν.
2455 3707 2520 3759 Ὀ
2555 3704 2620 3773 δὴ
2660 3706 2755 3758 καὶ
2816 3702 3213 3772 σκληροτέρους
3273 3702 3421 3755 κατὰ
3484 3697 3760 3767 Ῥωμαίων

2193 3795 2391 3857 αὐτοὺς
2438 3793 2787 3863 ὑπέρφρονας
2846 3808 2905 3844 τε
2962 3792 3057 3847 καὶ
3112 3788 3369 3850 αὐθάδεις
3424 3787 3758 3856 ἐπεποιήκει.

2196 3886 2360 3939 Ὅθεν
2389 3886 2489 3953 τήν
2513 3901 2573 3936 τε
2606 3883 2735 3953 περὶ
2769 3882 2962 3944 αὐτοὺς
2991 3881 3197 3952 τάφρον
3228 3881 3534 3950 βαθυτέραν
3556 3878 3760 3931 ἐποίουν

2196 3980 2291 4030 καὶ
2327 3977 2569 4048 πύργους
2603 3973 2833 4046 ὀχυροὺς
2859 3973 2997 4027 κατά
3035 3974 3095 4025 τὸ
3127 3971 3351 4043 λεληθὸς
3414 3975 3473 4025 ἐν
3504 3972 3761 4041 σχήμασιν

2194 4071 2384 4125 οἰκιῶν
2414 4069 2650 4124 ἀνίστων
2677 4086 2689 4099 ο
2728 4070 2820 4120 καὶ
2881 4067 2974 4118 ἐπὶ
3041 4066 3273 4130 τούτοις,
3311 4067 3587 4136 χρήμασιν
3639 4062 3762 4113 ὑπο-

2199 4162 2517 4231 φθείροντες
2548 4162 2672 4223 τοὺς
2706 4158 2816 4212 τῶν
2843 4157 3137 4225 βασιλικῶν
3160 4159 3567 4226 προεστηκότας
3598 4169 3762 4223 πριγ-

2201 4254 2412 4322 μάτων,
2474 4250 2661 4304 ἄδειαν
2720 4251 2902 4301 πᾶσαν
2957 4250 3277 4317 εἰλήφεσαν,
3333 4247 3658 4318 ἀμπελῶνάς
3710 4259 3761 4295 τε

2199 4343 2456 4395 ὠνεῖσθαι
2488 4344 2583 4394 καὶ
2608 4343 2784 4402 οἰκίας
2820 4341 3045 4409 ἀνιστᾷν
3073 4339 3167 4391 επὶ
3224 4338 3317 4391 τοῦ
3373 4336 3761 4408 πλησιάζοντος

2200 4435 2364 4501 λόφου
2398 4434 2672 4503 λαμπροῖς
2705 4429 3156 4501 πεπυργωμένας
3208 4432 3320 4492 τοῖς
3384 4432 3651 4501 τείχεσιν·
3695 4424 3763 4489 ὡς

2202 4531 2295 4578 καὶ
2354 4527 2553 4594 δεῆσαν
2592 4525 2852 4594 πολεμεῖν
2908 4524 3245 4589 Βυζαντίοις,
3302 4523 3481 4593 λμηδὲν
3529 4516 3666 4575 εἶναι
3709 4516 3762 4569 τὸ

2199 4619 2364 4688 φόϐον
2404 4621 2610 4687 ἐπάγον
2648 4620 2738 4670 καὶ
2765 4617 2994 4686 κώλυμα
3028 4617 3262 4679 τούτοις.

2270 4711 2340 4761 Ζ’.
2386 4709 2536 4760 Ἐπεί⁴
2570 4709 2613 4761 δ’
2649 4708 2853 4773 ἀρτίως
2890 4709 2918 4759 ὁ
2955 4705 3209 4777 βασιλεὺς
3234 4708 3334 4774 τήν
3360 4724 3419 4759 τε
3445 4706 3546 4773 τῆς
3596 4703 3761 4758 Μιτυ·

2196 4800 2362 4867 λήνης
2401 4798 2633 4850 ἐπύθετο
2667 4801 2885 4860 ἅλωσιν,
2918 4800 3010 4852 καὶ
3036 4798 3257 4862 τούτους
3284 4795 3348 4851 αὖ
3382 4797 3614 4865 ἐγγύθεν
3632 4792 3764 4859 πέρα

2198 4890 2292 4944 τού
2322 4892 2530 4953 δέοντος
2561 4890 2707 4961 έὼρι
2736 4878 3178 4962 θρασυνομένους
3213 4895 3308 4944 καὶ
3357 4893 3414 4955 ἐς
3444 4892 3511 4943 τά
3548 4888 3766 4940 πλεῖστα

2202 4982 2748 5050 παρασπονδοῦντας,
2803 4982 3110 5055 περιελθὼν
3171 4984 3455 5055 αίξνιδίως
3507 4983 3764 5048 ἐνέπρησε

2199 5091 2299 5136 τας
2343 5076 2468 5143 περὶ
2516 5076 2607 5126 τὸν
2660 5076 2825 5142 λόφον
2858 5076 3100 5144 μεγάλας
3161 5077 3257 5128 καὶ
3290 5075 3494 5146 ὀχυράς
3559 5070 3765 5126 ὲκείνας

2200 5166 2375 5227 οἰκίας
2397 5166 2595 5221 αὑτῶν·
2633 5165 2718 5237 [Ρ.
2750 5165 2878 5237 524]
2903 5168 2960 5218 ὲν
2983 5160 3071 5229 αἷς
3103 5166 3275 5219 πολλά
3297 5183 3357 5217 τε
3380 5163 3610 5235 εὕρηται
3634 5158 3765 5213 ὅπλα

2204 5255 2297 5307 καὶ
2324 5253 2456 5319 τόξα
2482 5257 2575 5306 καὶ
2601 5254 2728 5323 βέλη
2759 5256 2853 5306 καὶ
2885 5254 3141 5323 διάφορα.
3165 5253 3347 5306 Ταῦτα
3380 5253 3527 5320 παρά
3553 5246 3765 5317 προσδο-

2204 5344 2330 5394 κίαν
2370 5341 2538 5394 ίδοῦσι
2565 5344 2675 5403 τοῖ,
2709 5341 2961 5401 Λατίνοις
3025 5344 3430 5410 κατεπτηχέναι
3461 5339 3554 5390 καὶ
3605 5338 3762 5387 ἑκπε·

2203 5432 2441 5503 πλῆχθαι
2472 5433 2632 5504 ἐπῄει
2666 5434 2759 5486 καὶ
2804 5433 3031 5487 δεδιέναι
3094 5436 3159 5485 τά
3236 5434 3459 5501 ἔσχατα.
3500 5431 3763 5480 Ἥλττισαν

2200 5528 2311 5595 γάρ
2339 5527 2654 5596 αὐθημερὸν
2694 5527 3142 5593 ἔπεια-πεσεῖσθαι
3176 5527 3269 5579 καί
3325 5542 3507 5595 σφισιν
3551 5522 3638 5573 τὶν
3670 5517 3760 5585 βα-

2203 5616 2335 5668 σιλέι
2389 5618 2714 5686 ὁλοσχερῶς,
2741 5617 2943 5686 πολλῆς
2998 5619 3419 5688 περιεστηκυίας
3452 5613 3607 5677 εἴπερ
3640 5604 3761 5658 ποτὲ

2201 5710 2464 5779 ναυτικῆς
2485 5710 2792 5780 δυνάμεως.
2837 5712 2926 5762 Διὸ
2954 5712 3045 5763 καὶ
3097 5709 3271 5781 λάθρα
3310 5704 3609 5768 ὡπλίζοντο
3643 5693 3758 5751 καθ’

2204 5803 2425 5869 αὐτούς.
2475 5803 2629 5857 Ἐπεὶ
2658 5805 2701 5858 δ’
2733 5805 2863 5876 ἄχρι
2900 5804 3310 5876 τῆςύστεραία;
3354 5798 3756 5869 περιμείναντες
