4062 6454
496 352 627 429 δἨἸ
776 344 853 417 [Α.
893 361 947 400 ιι.
987 342 1128 400 6836
1168 359 1235 397 an
1276 342 1438 414 6349]

1725 347 2143 446 ΝῙῼΕῘἮΟΗΙ
2185 347 2575 410 ΟΚΕΟΟΒΑΞ

3655 303 3749 419 in

2892 345 3028 417 [ιιιι.
3070 359 3348 401 animum.
3389 346 3525 418 tum]

498 466 917 545 redemptionis
947 463 1184 535 pretium
1224 464 1577 520 condonavit.
1623 464 1761 535 Erga
1804 465 2091 519 mulierem

2215 466 2345 537 αὕτη
2375 466 2641 538 τοιαύτην
2665 464 2742 537 τῷ
2777 457 3089 537 πράγμῖιτι.
3116 467 3208 537 Τῷ
3261 467 3357 537 μὲν
3391 468 3543 539 ἀνδρὶ
3571 476 3753 542 προῖκα

519 577 652 615 vero
682 572 886 629 cupere
921 573 980 615 se
1010 557 1234 629 quidem
1272 558 1462 612 eadem
1493 559 1572 655 uti
1605 556 1966 623 liberalitate;
1999 556 2095 612 sed

521 665 683 720 posse
715 647 935 717 negavit
967 658 1192 718 propter
1227 648 1491 717 impiam,
1533 647 1680 719 quod
1713 664 1839 703 cum
1879 648 2099 704 duobus

518 740 903 825 inTantibusjn
955 749 1099 795 terra
1154 740 1444 810 peregrina
1476 741 1709 827 viveret.
1750 758 1768 791 t
1818 739 2094 806 Quamob-

518 848 636 888 rem
707 833 845 902 ipsa,
897 832 1099 902 inquit,
1148 830 1232 887 sui
1284 833 1463 901 pretio
1520 828 1864 892 allato.cum
1900 831 2099 885 marito

518 910 717 979 abl-at:
761 938 865 999 ego
908 938 1041 978 vero
1073 922 1306 993 posthac
1347 939 1472 977 cum
1510 922 1818 978 infantibus
1864 923 2101 979 manebo

518 1026 575 1070 ut
612 1014 878 1085 benignas
909 1014 1198 1070 clementis
1238 1015 1334 1073 Dei
1376 1029 1571 1070 manus
1600 1014 1877 1073 intuebor.
1915 1034 1935 1069 ι
1986 1013 2101 1072 Hoc

514 1109 787 1180 judicium
833 1122 1027 1163 omnes
1073 1123 1202 1163 cum
1234 1108 1548 1178 patriarcha
1576 1110 1808 1164 summis
1842 1108 2101 1164 laudibus

516 1207 861 1270 extulerunt,
893 1214 950 1261 et
981 1205 1126 1261 banc
1151 1206 1318 1260 animi
1352 1204 1786 1275 magnitudinem
1821 1204 1876 1259 in
1908 1205 2103 1260 mulie-

523 1298 607 1353 bri
647 1297 869 1369 ingcuio
905 1297 1161 1353 admirati
1211 1307 1363 1352 sunt.
1407 1296 1679 1352 Caeterum
1728 1296 1875 1351 haud
1929 1298 2103 1351 multo

523 1401 650 1462 post
671 1390 931 1462 isjudicii
961 1389 1066 1445 fuit
1088 1390 1291 1456 exitus,
1321 1389 1417 1460 qui
1450 1389 1664 1456 debuit,
1702 1390 1960 1444 clementi
1991 1389 2103 1445 Deo

520 1483 836 1552 aequissime
876 1482 1189 1552 judicante.
1221 1483 1359 1537 Nam
1389 1498 1517 1539 cum
1562 1484 1763 1538 mulier
1796 1480 2102 1538 redimendi

522 1577 605 1631 sui
636 1591 800 1631 causa
828 1575 895 1630 ad
934 1575 1299 1647 colligendam
1337 1576 1628 1646 pecuniam
1662 1576 1890 1632 exiisset
1916 1592 1980 1632 ac
2008 1591 2103 1644 per

446 1652 453 1661 “
521 1670 839 1737 Thraciam,
860 1670 954 1726 ubi
976 1668 1315 1727 domicilium
1336 1668 1629 1734 habuerat,
1648 1670 2107 1726 vicinascircum-

523 1765 648 1830 iret,
704 1764 885 1834 subita
937 1764 1253 1819 incursione
1292 1761 1620 1834 Scytharum
1659 1762 1845 1817 denuo
1891 1762 2105 1832 captiva

520 1863 606 1909 est
640 1854 922 1911 abducta:
972 1857 1057 1910 vir
1104 1865 1289 1912 autem
1336 1856 1458 1927 ejus
1488 1855 1721 1926 posthac
1762 1855 1921 1911 bona:
1958 1854 2106 1911 illius

523 1946 791 2019 Scythica:
816 1960 1081 2017 matronae
1110 1950 1366 2021 conjugio
1393 1949 1687 2020 acquievit.

2204 560 2305 631 τὴν
2334 560 2491 613 λύσιν
2519 563 2762 632 παρέσχε
2784 558 2873 615 διὰ
2900 561 3001 631 τὴν
3023 562 3312 615 συνουσίαν
3337 562 3432 616 καὶ
3471 565 3567 635 τὴν
3594 566 3648 632 ἐξ
3673 568 3758 620 αὖ.

2202 646 2302 716 τῆς
2334 647 2441 701 τῶν
2481 649 2687 702 παίδων
2714 650 3001 718 γέννησιν
3060 651 3126 720 τῇ
3157 650 3214 703 δὲ
3246 652 3467 719 γυναικὶ
3494 640 3759 724 βούλεσθαί

2205 739 2326 807 μέν,
2362 738 2437 809 μὴ
2458 740 2719 795 δύνασθαι
2741 741 2796 794 δέ
2820 730 2908 796 διά
2929 758 2990 794 τε
3018 740 3118 813 τὴν
3140 742 3251 795 τῶν
3273 743 3545 812 χρειωδῶν
3567 742 3759 800 ἔνδειαν

2204 833 2300 885 καὶ
2338 832 2401 887 τὸ
2441 832 2529 887 ἐπ’
2560 833 2868 906 ἀλλοδαπῆς
2916 830 3057 888 εῖναι
3097 835 3187 907 [Ρ.
3218 834 3347 908 3'55]
3373 837 3470 890 σὺν
3502 839 3621 892 δυσὶ
3648 839 3760 911 βρό-

2206 943 2352 997 φεσι.
2390 946 2411 981 ι
2444 927 2537 983 Διὸ
2574 928 2636 981 τὸ
2664 928 2819 983 δοθέν
2851 930 2992 1001 ύπέρ
3037 930 3209 1001 αὐτῆς
3254 933 3530 1002 κομίσασα
3561 933 3759 1007 (ἔφησε)

2205 1019 2426 1092 τίμημα
2457 1020 2598 1091 αύτὴ
2631 1021 2731 1091 μὲν
2754 1020 3078 1093 ἀπερχέσθω
3112 1022 3253 1091 μετά
3295 1023 3388 1077 τοῦ
3417 1025 3632 1096 ἀνδρύςο
3664 1024 3764 1093 ἐγὼ

2206 1112 2251 1166 δ’
2272 1113 2469 1183 ἔσομαι
2502 1112 2596 1166 τοῦ
2619 1113 2806 1167 λοιποῦ
2833 1117 2974 1185 μετά
3005 1115 3115 1168 τῶν
3148 1114 3387 1185 βρεφῶν,
3439 1116 3507 1187 ἐς
3546 1116 3637 1180 τὰς
3666 1118 3765 1187 χιτ-

2211 1221 2311 1276 ρας
2340 1204 2725 1259 ἀποϐλέπουσα
2751 1206 2845 1261 τοῦ
2902 1206 3292 1276 φιλανθρώπου
3330 1186 3531 1262 Θεοῦί»
3568 1186 3767 1278 Ταύτην

2205 1298 2304 1369 τὴν
2338 1298 2523 1367 κρίσιν
2562 1299 2763 1362 πάντες
2800 1298 3050 1370 ὕμνησαν
3071 1299 3188 1371 ἅμα
3225 1301 3303 1371 τῷ
3337 1301 3651 1372 πατριάρχῃ
3684 1302 3770 1355 καὶ

2206 1394 2269 1449 τὸ
2303 1393 2650 1463 μεγαλοφιές
2668 1394 2766 1465 τῆς
2796 1394 3117 1463 γυναικείας
3145 1396 3359 1465 ἐκείνης
3378 1395 3595 1464 γνώμης
3624 1382 3770 1447 ἐθαύ-

2212 1504 2414 1559 μασαν.
2455 1487 2599 1542 Ἀλλ’
2633 1488 2733 1541 οὐκ
2777 1489 2857 1549 είς
2901 1490 3121 1558 μακρὰν
3148 1492 3182 1559 ἡ
3239 1488 3366 1557 δίκη
3424 1489 3485 1541 τὸ
3512 1487 3769 1559 προσῆκον

2210 1580 2404 1652 εἴληφε
2428 1582 2605 1653 πέρας
2654 1581 2789 1652 πρὸς
2816 1581 2910 1634 τοῦ
2942 1580 3256 1646 δικάζοντος
3287 1580 3496 1636 ἀνωθεν
3527 1579 3768 1653 ἀρρεπῶς

2209 1672 2601 1745 φιλανθρώπου
2647 1672 2807 1730 Θεοῦ.
2852 1673 3174 1739 Ἐξελθοῦσα
3234 1674 3343 1744 γὰρ
3375 1675 3408 1743 ἡ
3470 1674 3606 1741 γυνὴ
3657 1672 3771 1742 περὶ

2209 1765 2310 1837 τὴν
2339 1764 2446 1819 τῶν
2470 1763 2680 1835 λύτρων
2701 1764 3023 1838 συναγωγὴν
3043 1767 3140 1819 καὶ
3164 1764 3456 1836 περιῖοῦσα
3484 1766 3583 1828 τὰς
3615 1764 3773 1833 γείτο-

2212 1875 2307 1920 νας
2334 1859 2487 1929 παρᾶ
2518 1856 2618 1928 τὴν
2647 1846 2893 1928 Θρᾴκην,
2940 1858 3062 1911 ὅποι
3107 1859 3207 1928 τὴν
3248 1857 3471 1927 οἴκησιν
3498 1856 3772 1926 ἐπεποίητο

2215 1950 2507 2021 πρότερον,
2531 1950 2611 2013 εἰς
2642 1951 2740 2013 τάς
2772 1952 2959 2020 χεῖρας
2992 1949 3151 2015 αὖθις
3175 1952 3511 2021 ἐμπέπτωκε
3539 1935 3775 2003 τῶνΣκιῖ-

523 2040 654 2107 ϐῶν,
684 2042 946 2112 ἐξαίφνης
1009 2042 1424 2114 ἐπιδραμόντων
1492 2044 1635 2097 κατὰ
1669 2044 1767 2113 τῆς
1798 2043 2043 2115 Θρᾴκης,
2111 2044 2355 2107 Κάκείνη
2411 2041 2514 2114 μέν
2561 2042 2905 2113 αἰχμάλωτος
2960 2042 3137 2115 ᾤχετο
3189 2041 3468 2098 ἀπιοῦσα·
3515 2044 3546 2097 δ
3580 2042 3774 2114 δ’ἀνὴρ

520 2142 704 2209 ἔμεινε
752 2138 849 2199 τοῦ
899 2137 1087 2192 λοιποῦ
1135 2140 1407 2195 συνοικῶν
1436 2142 1503 2211 τῇ
1541 2142 1606 2195 ἐκ
1642 2139 1867 2195 Σκυθῶν
1919 2140 2105 2212 ἐκείνῃ
2145 2142 2357 2213 χρηστῇ
2385 2140 2628 2209 γυναικί.

1983 2262 2215 2332 CAPUT
2256 2272 2348 2334 v1.

520 2409 842 2479 Imperator,
874 2407 1098 2479 Epirum
1130 2408 1441 2479 invasurus,
1476 2403 1725 2479 Illyrium
1765 2374 1960 2479 vastat.
2000 2401 2198 2479 urges
2230 2402 2529 2479 agiliores
2575 2402 2757 2473 praeda
2807 2407 3022 2479 onustos
3044 2402 3473 2479 dimi_ttip_Epiri
3498 2403 3775 2479 principatu

596 2476 820 2546 potitur.
871 2476 1183 2533 Nicomedia
1250 2476 1472 2532 amisaa.

1577 2474 2225 2546 Ilraciaiincursianilzus
2278 2473 2548 2546 Turcicis_
2568 2470 2783 2546 uexata.
2845 2470 3099 2546 Princeps
3158 2473 3309 2545 Epiri
3361 2470 3508 2546 fuga'
3546 2470 3772 2530 elabitur.

599 2540 735 2617 Ejus
801 2558 977 2603 mater
1034 2546 1424 2602 Thessalonica:
1471 2545 1729 2600 subsistit.
1778 2542 2076 2598 Theodorus
2124 2541 2463 2614 Synadenus,
2500 2541 2668 2614 Epiro
2721 2540 3299 2618 prmfectmfprinéipi
3358 2540 3565 2602 reuerso
3587 2546 3776 2602 vinctus

591 2619 849 2673 traditur.

601 2746 647 2801 Ι.
673 2743 792 2799 Jam
825 2756 959 2797 vero
994 2739 1308 2797 Etolorum
1332 2738 1411 2792 'et
1450 2738 1799 2792 Acarnanum
1847 2752 1937 2791 res
1965 2736 2108 2791 male

522 2840 735 2896 all‘ectze
767 2847 823 2892 et
850 2846 1076 2908 propter
1108 2848 1302 2889 eorum
1342 2832 1555 2887 domini
1598 2831 1813 2886 obitum
1847 2830 2113 2884 laboran-

524 2947 607 2989 tes
658 2935 1050 3002 imperatorem
1108 2926 1472 2982 advocabant.
1518 2922 1878 2994 Principalus
1934 2922 2108 2988 enim,

522 3027 673 3098 quia
703 3024 869 3081 vidua
900 3024 1137 3077 muliere
1158 3030 1215 3075 et
1245 3020 1555 3075 immaturae
1577 3017 1759 3071 aetatis
1796 3015 1984 3087 pueris
2010 3031 2111 3085 gu-

524 3119 747 3176 licrnari
782 3133 889 3172 non
924 3125 1136 3187 posset,
1162 3121 1370 3169 temere
1406 3112 1714 3173 ferebatur,
1754 3109 1920 3164 veluti
1950 3109 2106 3163 navi-

522 3212 673 3281 gium
708 3206 929 3263 ancoris
957 3205 1308 3266 destitutum,
1349 3202 1494 3272 quod
1550 3200 1812 3256 ﬂuctibus
1861 3210 1916 3255 et
1973 3209 2113 3255 tem-

508 3310 735 3373 pestate
767 3302 1035 3372 agitatur;
1052 3297 1157 3354 Sed
1191 3313 1316 3352 cum
1349 3305 1591 3351 veterem
1640 3295 1947 3367 lllyriorum
1988 3310 2109 3348 mo-

2231 2764 2244 2787 ι
2288 2731 2367 2789 A'.
2416 2733 2717 2788 Ἐκάλειδέ
2749 2734 2851 2805 ἤδη
2895 2735 2985 2788 τὸν
3024 2734 3251 2805 βασιλέα
3295 2735 3364 2789 τὰ
3419 2735 3668 2790 Αἰτωλῶν
3693 2736 3777 2788 καὶ

2227 2828 2579 2899 Ἀκαρνάνων
2612 2827 2937 2898 πράγματα,
2972 2826 3310 2895 πλημμελῶς
3350 2826 3664 2898 διακείμενα
3694 2826 3778 2879 καὶ

2217 2916 2477 2972 νοσοῦντα
2507 2915 2595 2972 διὰ
2630 2916 2728 2988 τὴν
2755 2917 2850 2969 τοῦ
2876 2918 3139 2972 δεσπότου
3165 2919 3351 2973 αὐτῶν
3378 2920 3631 2991 τελευτήν
3656 2916 3777 2989 (li).

2230 3010 2295 3064 Ἥ
2324 3009 2433 3081 γὰρ
2455 3010 2600 3083 ἀρχὴ
2638 3011 2967 3064 διοικεῖσθαι
2994 3011 3069 3081 μὴ
3097 3012 3378 3084 δυναμένη
3422 3014 3573 3084 παρᾶ
3600 3029 3777 3081 γυναι·

2215 3104 2309 3168 κὸς
2331 3102 2678 3175 χηρευούσης
2709 3107 2805 3158 καὶ
2843 3105 3050 3160 τέκνων
3095 3105 3306 3160 ἀτελῶν
3335 3107 3418 3160 ἔτι
3464 3104 3778 3177 πλημμελῶς

2216 3196 2464 3269 ἐφέρετο,
2485 3195 2737 3270 καθάπερ
2770 3197 2903 3261 ναῦς
2932 3184 3194 3269 ἀγκυρῶν
3221 3198 3442 3270 ὀρφανὴ
3471 3199 3673 3270 κύμασι
3698 3187 3781 3251 ἰαὶ

2216 3288 2449 3361 χειμῶνι
2474 3290 2904 3363 συνειλημμένη.
2950 3291 3104 3346 Ἐπεὶ
3133 3291 3189 3345 δέ
3218 3291 3337 3364 ᾔδει
3359 3296 3475 3356 τοῖς
3526 3291 3780 3362 Ἰλλυριοῖς

528 3371 642 3451 rem
669 3371 860 3457 sciret,
888 3394 982 3463 qui
1014 3391 1221 3446 violato
1249 3388 1410 3463 545
1438 3386 1799 3461 jurejurando
1833 3397 1891 3442 et
1932 3390 2107 3458 ruptis

2215 3385 2242 3435 ὁ
2266 3381 2516 3450 βασιλεὺς
2552 3384 2720 3436 πάλαι
2752 3382 3060 3454 εἰθισμένον
3092 3384 3153 3438 τό
3187 3401 3250 3453 γε
3282 3384 3668 3457 ἐπιορκοῦντας
3696 3382 3779 3436 καὶ

525 3484 831 3542 ftedcribus
858 3481 1133 3535 Romanas
1162 3470 1772 3554 provinciasincursare
1795 3487 1851 3535 et
1876 3479 2112 3535 viatores

526 3575 766 3645 spoliare
790 3574 1054 3638 solerent,
1085 3573 1336 3627 homines
1367 3572 1700 3627 fallacissimi
1720 3558 2111 3642 atqueimpr’o-

528 3666 766 3729 liissimi,
791 3676 953 3735 atque
968 3664 1131 3719 etiam
1151 3663 1499 3734 intelligeret,
1515 3664 1735 3719 eosdem
1757 3674 1871 3719 tum
1890 3679 2111 3734 quoque

527 3773 641 3814 suae
663 3768 854 3814 contra
883 3755 1101 3812 Aitolos
1125 3767 1183 3812 et
1201 3753 1868 3825 Acarnanasexpeditioni
1886 3754 2111 3809 clancu-

526 3849 1054 3922 lumimpedimento
1085 3848 1237 3905 fore:
1272 3846 1485 3903 Turcos
1508 3847 1594 3902 bis
1626 3847 1773 3903 mille
1800 3863 1867 3903 ex
1896 3847 1989 3913 iis,
2014 3843 2110 3918 qui

541 3944 839 4016 Smyrnam
870 3951 926 3997 et
960 3939 1166 3996 loniam
1191 3942 1467 4005 accolunt,
1502 3941 1757 3997 mercede
1805 3941 2111 3997 conductos

526 4038 781 4104 arcessit,
807 4051 934 4092 cum
973 4036 1178 4109 quibus
1214 4035 1372 4090 initio
1397 4035 1543 4090 veris
1571 4033 1935 4106 impressione
1970 4034 2111 4090 facta

527 4131 840 4204 Illyriorum
875 4108 1037 4202 agros
1063 4136 1243 4185 vastat
1272 4137 1327 4183 et
1352 4108 1634 4197 copiosam
1690 4127 1817 4183 inde
1868 4128 2111 4198 praedam

524 4224 659 4297 agit.
723 4222 847 4290 Quo
882 4221 1114 4283 factum,
1176 4229 1238 4276 ut
1264 4219 1427 4275 Turci
1477 4233 1509 4275 e
1543 4220 1887 4291 pauperibus
1952 4219 2110 4275 brevi

524 4329 777 4388 tempore
807 4314 1009 4370 divites
1041 4315 1339 4377 evaserint,
1395 4320 1451 4368 et
1503 4313 1681 4381 plenis
1722 4313 1978 4367 manibus
2014 4314 2113 4367 do-

528 4426 678 4463 mum
707 4404 821 4464 cito
854 4405 1146 4461 redierint.
1174 4404 1365 4474 ltaque
1402 4404 1605 4474 Opibus
1662 4403 1969 4475 Illyriorum
2007 4405 2110 4459 im-

526 4501 758 4556 minutis
802 4511 1035 4553 securus
1067 4495 1135 4549 ad
1172 4495 1489 4568 Acarnanas
1539 4504 1595 4549 et
1638 4493 1856 4551 Etolos
1906 4495 2110 4551 transit

528 4606 654 4649 cum
691 4606 795 4663 suo
818 4590 1089 4651 exercitu,
1138 4597 1194 4641 et
1245 4587 1399 4641 omni
1429 4586 1519 4640 illa
1567 4587 1793 4655 regione
1842 4603 1947 4641 una
1982 4604 2107 4642 cum

529 4685 762 4741 urbibus
810 4682 949 4736 citra
1002 4679 1249 4735 laborem
1292 4677 1522 4747 potitur,
1582 4678 1908 4749 proceribus
1959 4680 2107 4735 ultro

2223 3474 2743 3544 παρασπονδοῦντας
2794 3475 3078 3548 λητζεσθαι
3134 3480 3237 3551 τὴν
3276 3477 3570 3547 Ῥωμαίων
3614 3474 3781 3549 χώραν

2221 3569 2316 3623 καὶ
2342 3566 2672 3623 λωποδυτεῖν
2706 3570 2831 3633 τοὺς
2865 3570 3163 3641 παριόντας
3196 3571 3291 3624 καὶ
3318 3572 3555 3642 πονηρία
3578 3569 3669 3624 καὶ
3708 3566 3781 3618 δό-

2220 3660 2333 3723 λοις
2374 3661 2673 3729 συζῶντας,
2705 3664 2801 3717 καὶ
2831 3662 3095 3734 συνῆκεν,
3147 3662 3223 3727 ὡς
3275 3664 3374 3717 καὶ
3399 3664 3496 3737 νῦν
3539 3657 3780 3733 ἐμπόδιον

2220 3753 2438 3808 ἔσονται
2492 3752 2668 3824 λάθρα
2704 3757 2773 3826 τῇ
2817 3753 2956 3826 πρὸς
3006 3754 3353 3824 Ἀκαρνᾶνας
3403 3754 3497 3811 καὶ
3528 3748 3780 3811 Αἰτωλοὺς

2221 3848 2548 3918 ἐκστρατείᾳ
2599 3846 2788 3913 αὑτοῦ,
2845 3847 3265 3919 μεταπέμπεται
3309 3848 3670 3919 μισθοφόρους
3712 3842 3780 3896 δι-

2222 3939 2459 4011 σχιλίους
2487 3939 2597 3993 τῶν
2626 3940 2758 4010 περὶ
2793 3939 3053 4010 Σμύρναν
3103 3940 3196 3993 καὶ
3239 3940 3455 3995 Ἰωνίαν
3483 3934 3781 3994 κατοικούνο

2225 4049 2329 4085 των
2382 4030 2661 4101 Ἰόύρκων,
2716 4025 2967 4102 μεθ’κῶν
3024 4031 3089 4103 δὴ
3139 4032 3233 4085 καὶ
3285 4031 3595 4102 ἀρχομένου
3634 4028 3781 4101 ἔαρος

2221 4124 2467 4179 ἐσϐαλὼν
2489 4127 2546 4189 ἐς
2578 4127 2677 4196 τὴν
2724 4122 2998 4196 Ἰλλυριῶν
3020 4124 3207 4194 χώραν
3240 4124 3447 4198 ἐδῄωσε
3468 4123 3665 4193 ταύτην
3695 4116 3781 4172 καὶ

2219 4214 2371 4271 λείαν
2401 4218 2611 4271 ἐκεῖθεν
2645 4216 2811 4289 ἤλασε
2845 4216 3174 4288 παμπληθῆ.
3195 4216 3271 4280 ὡς
3296 4216 3585 4279 πλουσίους
3604 4217 3671 4283 ἐκ
3698 4227 3783 4264 πε-

2219 4308 2396 4379 νήτων
2425 4309 2484 4360 ἐν
2516 4306 2711 4378 βραχεῖ
2743 4298 3070 4377 γενομένους
3095 4307 3218 4371 τοὺς
3251 4307 3533 4379 Τούρκους
3586 4300 3782 4377 βριθού-

2223 4420 2342 4467 σαις
2371 4401 2577 4468 δεξιαῖς
2618 4399 2822 4472 ταχέως
2852 4401 3171 4455 ἐπανελθεῖν
3208 4401 3417 4456 οἴκαδε.
3466 4402 3522 4456 '0
3550 4400 3605 4453 δέ
3640 4397 3783 4467 βασι-

2219 4490 2346 4560 λεὺς
2374 4495 2549 4567 τούτῳ
2578 4495 2655 4566 τῷ
2709 4492 2896 4567 τρόπῳ
2942 4496 3068 4559 τοὺς
3134 4495 3429 4568 Ἰλλυριοὺς
3486 4487 3781 4562 πεποιηκὼς

2220 4588 2468 4654 ἀσθενεῖς
2499 4587 2668 4652 ἀδεῶς
2694 4586 2956 4641 διαϐαίνει
2984 4588 3119 4660 πρὸς
3137 4588 3475 4660 Ἀκαρνᾶνας
3502 4588 3597 4641 καὶ
3618 4586 3781 4638 Alm-

2221 4681 2346 4746 λοὺς
2373 4682 2512 4752 μετὰ
2533 4680 2625 4734 τοῦ
2653 4680 2857 4734 οἰκείου
2892 4680 3308 4751 στρατεύματος
3328 4682 3427 4736 καὶ
3454 4683 3633 4734 πᾶσαν
3650 4672 3779 4729 ἐκεί-

528 4795 650 4837 sese
681 4778 747 4834 ad
777 4776 931 4831 illum
956 4770 1532 4845 conferentibnshuna
1591 4786 1717 4825 cum
1755 4772 1975 4827 domina
2010 4789 2106 4829 sua

2226 4789 2321 4842 νην
2356 4751 2453 4842 τὴν
2483 4772 2668 4843 χώραν
2720 4771 2862 4841 μετά
2906 4772 3017 4825 τῶν
3049 4770 3257 4835 πόλεων
3288 4773 3528 4845 ἀπονητὶ
3554 4769 3639 4844 [Ρ.
3660 4763 3776 4837 356]

522 4878 705 4936 Anna.
743 4866 1159 4944 protovestiarii
1198 4867 1348 4955 lilia.

572 5137 665 5194 ‘ll.
692 5137 788 5193 llis
817 5137 984 5192 rebus
1006 5136 1337 5206 imperatore
1356 5145 1626 5206 occupato
1652 5137 1815 5192 etiam
1838 5114 2111 5209 Bithynia:

526 5231 854 5302 metropolis
880 5229 1202 5285 Nicomedia
1254 5239 1413 5299 capta
1464 5236 1571 5293 est,
1628 5228 1797 5284 multa
1835 5227 1977 5283 fame
2004 5229 2107 5284 do-

524 5325 661 5380 mita
700 5333 927 5396 propter
957 5322 1298 5393 pertinacem
1332 5319 1572 5376 hostium
1602 5321 1970 5377 obsidionem.
2008 5321 2109 5378 Se-

521 5418 718 5487 quenti
746 5432 892 5472 anno
947 5416 1087 5471 nihil
1139 5414 1494 5472 memorabile
1558 5423 1774 5484 gestant
1827 5424 1938 5483 est,
2001 5417 2108 5472 nisi

2223 4865 2628 4936 παρεστήσατο,
2689 4866 3186 4938 προσερρυηκύτων
3230 4864 3467 4919 ἐχόντων
3502 4862 3659 4933 -αύτῷ
3682 4858 3780 4912 τῶν

2220 4956 2340 5011 ἐκεῖ
2388 4957 2632 5012 δυνατῶν
2676 4958 2816 5026 μετά
2851 4961 2946 5027 τῆς
2999 4957 3287 5029 δεσποίνης
3334 4957 3516 5011 αὐτῶν
3574 4956 3780 5018 Ἀννυίν

2219 5048 2319 5118 τῆς
2352 5048 2444 5102 τοῦ
2479 5050 2978 5122 πρωτοϐεστιαρίου
3008 5051 3297 5123 θυγατρός.

2292 5138 2367 5196 B'.
2418 5141 2507 5198 Ἐν
2556 5143 2613 5196 δὲ
2657 5136 2868 5207 τούτοις
2899 5146 3301 5216 ἀσχολουμένου
3358 5144 3452 5198 τοῦ
3502 5141 3783 5215 βασιλέως)

2219 5233 2362 5287 ἐὰλω
2392 5237 2485 5288 καὶ
2512 5237 2545 5306 ἡ
2568 5236 2676 5289 τῶν
2693 5236 2931 5290 Βιθυνῶν
2954 5237 3286 5307 μητρόπολις
3302 5236 3634 5308 Νικομήδεια
3653 5228 3778 5303 (15).

2218 5327 2297 5399 τῷ
2338 5327 2519 5398 πολλῷ
2572 5329 3017 5401 καταπονηθεῖσα
3072 5331 3237 5403 λιμῷ,
3265 5331 3353 5384 διὰ
3389 5330 3488 5400 τὴν
3535 5327 3774 5395 ἐπίμονον

2218 5419 2328 5474 τῶν
2366 5422 2580 5492 ἐχθρῶν
2636 5423 2972 5495 πολιορκίαν.
3026 5425 3116 5496 Τῷ
3173 5426 3356 5496 μέντοι
3419 5423 3559 5495 μετά
3616 5416 3775 5472 ταῦτα

1880 5546 2228 5627 ’νοτίοιιιίιι
2269 5573 2460 5630 notae.

596 5688 643 5761 (l
658 5690 709 5757 ι)
733 5689 1105 5761 Cantacuzen.
1135 5689 1234 5745 lib.
1268 5703 1335 5755 tt,
1368 5674 1489 5761 cap.
1522 5691 1611 5758 5‘2,
1646 5692 1738 5748 '55.
1762 5692 2002 5749 Ducam}.
2058 5754 2065 5759 ,

592 5759 707 5835 (15)
728 5766 910 5835 Quam
939 5759 1101 5830 paulo
1125 5771 1253 5818 ante
1293 5759 1459 5816 manu
1489 5772 1544 5817 et
1575 5764 1744 5835 armis
1774 5767 2115 5835 inexpugna-

520 5829 695 5884 bilem
736 5832 878 5885 fame
914 5829 1232 5901 expugnare
1289 5836 1518 5887 adortus
1570 5830 1750 5889 fuerat
1808 5829 2113 5904 Orcha'nes,

2216 5694 2296 5749 uti
2328 5696 2521 5752 Scribit
2542 5695 2913 5753 Cantacuzen.
2973 5699 3072 5755 lib.
3104 5715 3168 5765 ιι,
3224 5713 3344 5765 cap.
3369 5695 3464 5752 26.
3520 5694 3587 5752 Ut
3619 5698 3770 5765 ροῃό

2216 5714 2296 5749 uti
2328 5714 2913 5753 SCrlDlanlllacuzeﬂ.
2973 5714 3072 5755 ιιι).
3104 5715 3168 5765 ιι,
3224 5714 3285 5756 ca
3331 5739 3344 5753 .
3370 5714 3464 5752 zu.
3524 5714 3587 5752 υι
3620 5714 3770 5762 portu

2216 5767 2436 5838 tandem
2476 5769 2566 5823 illa
2618 5777 2775 5838 capta
2837 5769 3024 5834 fuerit,
3071 5783 3257 5825 narrat
3291 5714 3649 5824 Eeunclavius
3679 5757 3770 5815 lib-

2217 5854 2268 5893 VI
2308 5837 2444 5895 Hist.
2477 5837 2757 5905 Μαειιίιιιη
2789 5856 2910 5912 pag.
2952 5841 3072 5896 186.
3114 5842 3347 5896 Ducam.
