4062 6450
514 312 614 377 τΐιι
802 300 855 376 [Α
917 324 973 363 ιι.
1009 306 1151 365 6836
1192 324 1256 364 ιι)
1294 307 1458 383 6849]
1534 384 1539 387 1

1703 310 1768 389 ,Ν
1788 311 2157 376 [CEPHORI
2208 310 2596 374 ϐΡιΕὓΟΒιΕ

2853 305 2989 381 Itur.
3030 321 3310 364 asoaostc.
3352 310 3495 384 me]
3666 318 3761 382 752

513 433 567 483 in
600 430 721 500 ejus
744 442 977 497 corpore
1008 425 1295 493 excitavit,
1324 434 1534 498 quanta
1568 440 1689 482 esse
1716 426 1894 498 possit
1921 426 1976 481 in
2008 440 2100 491 eo,

2208 441 2373 495 τητος
2422 423 2705 496 ξηρότητα
2763 422 3055 496 ἐνεποίησε
3115 423 3194 496 τῷ
3238 423 3448 496 σώματι
3495 427 3761 503 τοιαύτην,

514 520 610 590 qui
645 518 836 592 viginti
868 532 1045 573 annos
1089 531 1254 574 natus
1276 519 1369 574 sit.
1424 518 1583 575 Unde
1610 519 1778 573 etiam
1808 533 1907 588 par
1935 518 2105 576 robur

509 611 768 683 partibus
815 619 866 665 el
902 611 1170 665 membris
1195 612 1319 681 ejus
1347 611 1605 677 accessit,
1642 618 1703 664 ut
1742 609 1871 667 inde
1900 611 2104 681 cuique

513 707 660 761 artati
687 704 1027 761 conveniens
1055 704 1462 792 incrementum
1488 713 1547 760 et
1583 705 1985 760 nutrimentum
2011 719 2105 760 co—

520 800 810 855 hiberetur
843 817 858 854 :
895 807 1096 854 natura
1122 811 1259 852 vero
1292 799 1432 867 ipsa,
1467 805 1527 851 ut
1567 798 1635 851 ab
1663 812 1754 861 eo,
1817 798 1914 866 qui
1943 797 2103 851 tinxit

510 903 568 947 et
595 891 897 963 colligavit,
926 890 1292 967 constitutum
1327 896 1435 952 est,
1492 887 1728 959 seipsam
1754 902 1945 958 regere
1987 903 2098 943 non

508 995 720 1055 posset.
758 983 854 1040 Sic
897 983 1045 1038 enim
1081 982 1384 1036 animantis
1436 980 1671 1036 formam
1725 979 1920 1035 artifex
1958 979 2100 1035 Deus

513 1074 973 1147 contemperavit,
1007 1084 1068 1130 ut
1100 1074 1249 1130 nulla
1285 1074 1362 1129 illi
1397 1073 1636 1143 amplius
1662 1072 1982 1127 accessione
2013 1073 2097 1128 vel

510 1172 834 1228 decessione
868 1171 941 1226 sit
970 1184 1133 1236 opus.
1193 1168 1300 1224 Sed
1351 1175 1412 1223 ut
1461 1167 1515 1220 in
1554 1176 1827 1221 concentu
1886 1167 2100 1221 musico
2139 1232 2145 1239 ρ

507 1265 619 1322 alia
645 1264 857 1320 chorda
883 1263 1091 1328 laxata,
1114 1261 1223 1316 alia
1252 1264 1466 1316 intenta
1495 1260 1638 1314 ultra
1662 1273 1827 1328 quam
1861 1273 1963 1330 par
1988 1266 2096 1324 est,

512 1358 911 1415 modulationis
939 1356 1137 1411 vitium
1173 1354 1649 1425 deprehenditur:
1681 1353 1755 1408 ita
1787 1351 1878 1407 hic
1902 1352 2095 1417 etiam,

512 1467 638 1506 cum
671 1448 976 1504 animantis
1014 1461 1307 1518 compages
1367 1444 1439 1501 ab
1488 1444 1674 1515 aliqua
1711 1445 1958 1499 materiae
2008 1443 2096 1499 vel

516 1541 754 1610 penuria
785 1539 1135 1603 destituitur,
1160 1540 1246 1593 vel
1281 1535 1647 1593 redundantia
1668 1536 2022 1607 opprimitur,
2041 1541 2100 1589 et

514 1644 732 1703 tempus
763 1631 1072 1703 legitimum
1110 1627 1467 1698 praeterierit,
1519 1627 1898 1697 generationis
1934 1634 1992 1681 et
2016 1625 2100 1679 in—

2206 517 2324 572 oi'av
2380 519 2477 573 καὶ
2530 516 2851 588 εἰκοσαέτης
2909 518 3025 589 ἔχοι
3081 517 3149 573 ἄν
3174 534 3190 551 ο
3228 519 3524 574 κάντεῦθεν
3556 524 3646 577 καὶ
3673 527 3763 596 τήν

2204 611 2402 682 ὁμοίαν
2451 613 2615 684 ἰσχὺν
2654 615 2769 677 τοῖς
2811 611 3002 681 μέλεσι
3033 614 3131 667 καὶ
3182 613 3391 684 μορίοις
3417 614 3583 668 αὑτοῦ
3609 632 3669 685 γε
3693 619 3767 670 ἐν.

2203 704 2471 771 τέθεικεν,
2506 705 2584 769 ὡς
2612 705 2946 776 συσχεθῆναι
2971 705 3073 777 μὲν
3102 705 3194 760 διὰ
3226 706 3403 763 ταῦτα
3443 707 3540 779 τὴν
3566 710 3763 782 άρμότο

2183 814 2408 851 .τουσαν
2445 798 2658 875 ἑκάστῃ
2690 798 2801 853 τῶν
2844 799 3078 870 ήλικιῶν
3130 798 3365 870 αὔξησιν
3406 802 3500 856 καὶ
3526 804 3725 875 τροφήν
3748 820 3761 836 ο

2206 892 2285 963 μὴ
2334 893 2480 964 ἔχειν
2528 892 2575 947 δ’
2613 891 2787 965 αὐτὴν
2838 893 3043 966 ἑαυτὴν
3097 893 3324 948 διοικεῖν
3358 895 3456 966 τὴν
3495 896 3671 964 φύσιν,
3698 898 3768 960 ὡς

2202 985 2407 1058 ἐτάχθη
2459 988 2600 1059 πρὸς
2674 987 2774 1041 τοῦ
2836 987 3173 1059 ποιήσαντος
3232 987 3331 1042 καὶ
3396 988 3768 1059 συνδήσαντος.

2206 1080 2368 1134 Οῦτω
2420 1082 2533 1152 γὰρ
2586 1080 2691 1154 τὴν
2741 1079 2839 1134 τοῦ
2888 1080 3034 1145 («bon
3066 1081 3269 1138 πλάσιν
3305 1083 3335 1136 ὁ
3377 1084 3624 1156 τεχνίτης
3652 1085 3773 1148 Θεὸς

2206 1173 2595 1245 συνεκέρασεν,
2625 1160 2702 1237 ὦς
2740 1173 2819 1246 μή
2871 1173 3091 1229 δεῖσθαι
3124 1173 3399 1245 μηδεμιᾶς
3445 1175 3525 1228 ἔτι
3554 1177 3776 1249 προσθή-

2203 1265 2375 1336 κηςή
2433 1265 2762 1339 ἐλλείψεωςο
2818 1265 2955 1320 ἀλλὰ
3001 1265 3258 1338 καθάπερ
3292 1267 3351 1321 ἐν
3395 1268 3626 1338 ἁρμονίᾳ
3653 1286 3774 1337 μου-

2204 1358 2358 1427 σικῇ,
2391 1358 2493 1428 τῆς
2522 1356 2624 1429 μὲν
2645 1355 2900 1429 λυθείσης
2922 1358 3031 1411 τῶν
3059 1358 3292 1428 χορδῶν,
3328 1360 3425 1430 τῆς
3456 1359 3513 1413 δὲ
3537 1358 3776 1428 ταθείσης

2202 1448 2349 1518 ὑπὲρ
2381 1448 2640 1513 τδ³είκὸς
2660 1489 2678 1517 ,
2726 1448 2760 1518 ή
2802 1447 2898 1502 τοῦ
2940 1449 3137 1519 μέλους
3170 1449 3450 1520 φαυλότης
3482 1450 3774 1520 ἐλέγχεται,

2200 1541 2348 1596 οὕτω
2399 1540 2685 1596 κάνταῦθα
2718 1541 2820 1613 τῆς
2855 1541 2952 1595 τοῦ
2980 1541 3124 1606 ζώου
3172 1542 3511 1613 συμπήξεως
3543 1543 3777 1614 πὰρασυ-

2204 1634 2397 1704 ρείσης
2446 1633 2555 1686 ὑπό
2610 1649 2759 1696 τινος
2824 1631 3017 1701 ὑλικῆς
3067 1632 3278 1698 ἐνδείας
3328 1633 3363 1703 ἢ
3423 1632 3776 1704 πλεονασμοῦ,

512 1727 786 1783 cretnenti
849 1722 1165 1795 progressio
1207 1720 1667 1790 interrumpitur:
1695 1720 1951 1789 idemque
1980 1717 2097 1775 fere

2206 1726 2307 1779 καὶ
2357 1724 2453 1778 τὸν
2489 1724 2849 1796 προσήκοντα
2901 1724 3345 1796 παραμειψάσης
3392 1725 3664 1797 χρόνον,ή
3698 1725 3773 1789 εἰς

507 1821 719 1875 evenit.
748 1785 898 1889 quod
934 1817 989 1871 in
1022 1815 1255 1872 novellis
1282 1813 1518 1869 ﬂoribus
1549 1813 1825 1880 videmus,
1856 1785 2099 1883 quiante

2206 1815 2278 1871 τὰ
2316 1817 2509 1888 πρόσω
2536 1785 2749 1885 ’πορεία
2778 1816 2880 1887 τῆς
2913 1785 3189 1885 γενέσεως
3216 1785 3630 1889 καίϋαῦνέήσεως
3652 1785 3807 1872 ’διαλ

514 1926 732 1984 tempus
759 1911 962 1973 exorti.
1003 1921 1168 1981 atque
1196 1907 1338 1963 adeo
1389 1922 1657 1963 novarum
1684 1906 1848 1977 quasi
1898 1921 2096 1981 ,rerum

2205 1908 2473 1962 κόπτεται
2504 1921 2520 1938 ⁸
2597 1909 2694 1962 καὶ
2757 1907 2971 1977 γίνεται
3027 1908 3424 1979 παραπλήσιον
3485 1909 3548 1962 τὸ
3596 1907 3775 1974 πάθος,

510 2017 572 2062 οι
630 2003 964 2061 temeritatis
1021 2001 1126 2065 rei,
1189 1999 1437 2055 fulminis
1474 2010 1533 2054 et
1564 1998 1849 2071 grandinis
1889 1996 2100 2068 impetu

2204 2001 2383 2055 δποίον
2447 2001 2550 2056 κάν
2616 2003 2732 2065 τοῖς
2803 2001 3148 2066 νεοϐλάστοις
3208 2003 3450 2074 ¹ὑρῶμεν
3508 2003 3776 2072 γινόμενον

513 2106 891 2160 marcescunt,
932 2106 994 2149 et
1022 2094 1265 2163 vigorem
1297 2091 1659 2146 immodicum
1692 2089 1901 2162 frigore
1933 2090 2099 2146 amit-

2204 2093 2446 2158 ἄνθεσιν,
2475 2092 2513 2148 ἃ
2543 2093 2646 2164 τὴν
2672 2094 2826 2163 ὥραν
2871 2096 3309 2167 προαρπάσαντα
3339 2092 3634 2152 κάντεῦθεν
3659 2110 3783 2147 νεω-

512 2199 657 2255 tunt,
685 2196 743 2244 et
772 2186 972 2259 pruina
998 2183 1387 2254 intempestiva
1420 2182 1720 2247 laeduntur,
1750 2197 1873 2252 qua:
1896 2182 2100 2252 plantae

2204 2200 2259 2237 τε
2268 2184 2466 2255 ρισμοῦ
2486 2202 2632 2249 τινος
2657 2187 2752 2240 καὶ
2775 2188 3107 2254 προπετείας
3118 2186 3356 2257 δφλοντα
3376 2186 3532 2255 δίκην
3552 2185 3779 2258 σκηπτοῦ

508 2280 792 2335 luxuriem
826 2270 1124 2331 evidenter
1149 2273 1425 2342 coarguit.
1850 2283 1855 2289 '

2204 2278 2294 2330 καὶ
2339 2275 2585 2346 χαλάζης
2638 2277 3000 2349 μαραίνουσιν
3037 2279 3272 2350 ἐμϐολαὶ
3314 2280 3413 2333 καὶ
3439 2277 3609 2351 ψύχος
3641 2278 3765 2331 ἀτι-

509 2376 738 2443 μίευτον
772 2371 1004 2442 ἀφαιρεῖ
1035 2367 1135 2435 τὴν
1182 2368 1368 2440 ἀκμὴν
1414 2368 1512 2422 καὶ
1564 2368 1748 2439 πάχνη
1813 2384 1899 2433 τις
1965 2367 2170 2443 ἔξωρος
2209 2370 2429 2443 ἔλεγχος
2477 2373 2656 2443 σαφὴς
2713 2373 2814 2443 τῆς
2862 2373 3103 2447 λιχνείας
3158 2375 3492 2430 καθίσταται
3552 2372 3644 2429 τοῦ
3686 2387 3781 2442 φυ-

511 2486 631 2523 του.
1988 2514 1994 2521 .
3304 2498 3311 2503 ι

578 2563 755 2634 548
785 2561 879 2617 IV.
913 2564 1195 2616 Autumno
1222 2567 1410 2615 autem
1434 2558 1546 2631 jam
1575 2558 1805 2613 ineunte
1830 2554 2094 2612 Genuen—

2277 2553 2362 2628 [P.
2385 2552 2592 2628 358iA'.
2614 2554 2966 2627 Φθινοπὼρου
2993 2555 3037 2610 δ’
3068 2555 3381 2628 ἀρχομένου
3408 2558 3512 2631 ήδη
3539 2558 3782 2629 σύγχυσις

516 2657 599 2712 sis
638 2653 958 2723 respublica
992 2650 1318 2724 perturbata
1343 2661 1449 2706 est.
1491 2647 1628 2704 Nam
1666 2647 1772 2718 qui
1794 2660 2000 2717 genere
2041 2652 2099 2701 et

2204 2646 2417 2717 γίνεται
2448 2645 2724 2710 πολιτείας
2745 2647 2804 2700 ἐν
2827 2650 2894 2718 τῇ
2935 2648 3188 2721 Γεννοῦᾳ.
3227 2649 3355 2705 Τῶν
3384 2652 3493 2722 γὰρ
3530 2653 3672 2721 γένει
3698 2654 3781 2705 καὶ

511 2750 720 2821 opibus
754 2749 808 2802 in
837 2762 903 2803 ea
926 2746 1064 2801 urbe
1100 2743 1458 2816 praestabant,
1482 2743 1550 2799 ad
1590 2744 1792 2797 fastum
1816 2749 1873 2795 et
1903 2754 2100 2810 super-

2206 2735 2426 2802 πλούτῳ
2464 2735 2818 2807 προύχόντων
2864 2736 2965 2808 τῆς
3026 2739 3235 2804 πόλεως
3292 2742 3515 2811 ἐκείνης
3558 2743 3689 2814 πρὸς
3728 2744 3783 2795 τδ

512 2840 660 2895 biam
693 2838 1058 2901 deﬂexerunt,
1124 2836 1206 2890 sic
1258 2842 1319 2890 ut
1350 2833 1707 2890 dentocratiae
1751 2831 2101 2902 aequabilitas

2207 2827 2418 2900 γαῦρον
2486 2828 2582 2883 καὶ
2636 2829 3158 2903 ὑπεροπτικώτερον
3228 2833 3677 2901 ἅποκλινάντων,
3730 2836 3781 2898 ἐς

514 2934 572 2987 in
600 2930 948 3005 tyrannidem
974 2935 1308 2984 mutaretur.
1334 2925 1500 2981 Plebs
1529 2925 1739 2995 itaque,
1770 2937 1896 2978 cutn
1948 2935 2013 2976 ea
2038 2934 2097 2975 re

2204 2923 2500 2993 τυραννίδα
2533 2923 2633 2995 τὴν
2662 2922 2763 2995 τῆς
2786 2924 3166 2995 δημοκρατίας
3212 2927 3603 3000 ὁμοφροσύνην
3633 2944 3785 2997 μετα-

513 3026 673 3080 valde
701 3031 1020 3093 angeretur,
1047 3022 1102 3076 in
1130 3034 1230 3075 eos
1260 3018 1522 3089 insurgit,
1586 3033 1651 3071 ac
1704 3016 1900 3072 iisdem
1959 3013 2099 3069 urbe

2209 3014 2504 3071 δάλλεσθαι
2538 3015 2844 3081 ξυνέϐαινε.
2886 3018 2999 3071 Καὶ
3047 3018 3143 3072 διὰ
3194 3018 3363 3074 τοῦτο
3420 3018 3784 3093 ταλαιπωρού-

514 3117 728 3175 exactis
760 3129 930 3170 unum
955 3129 985 3169 e
1017 3111 1221 3183 populo
1257 3110 1457 3166 ducem
1511 3111 1615 3166 sibi
1667 3109 1988 3174 constituit,
2022 3098 2100 3162 ‘ad

2213 3124 2370 3180 μενοι
2426 3108 2617 3172 δεινῶς
2661 3109 2715 3162 οί
2758 3110 2997 3181 δημόται
3059 3111 3559 3179 κατεξανίστανται
3595 3112 3783 3167 τούτων

512 3208 885 3265 imitationem
918 3206 1062 3277 ejus,
1112 3218 1236 3274 quae
1293 3203 1437 3273 apud
1490 3203 1771 3258 Romanos
1805 3201 1938 3255 olim
1971 3199 2102 3266 fuit,

2208 3204 2306 3253 καὶ
2341 3197 2614 3264 ἐξωθοῦσι
2652 3201 2754 3269 τῆς
2790 3200 3003 3263 πόλεως
3048 3201 3145 3254 καὶ
3176 3200 3517 3257 καθιστῶσιν
3558 3186 3785 3274 ἡγεμόνα

510 3300 824 3358 consularis
847 3297 1151 3370 dignitatis,
1189 3305 1284 3351 aut
1311 3295 1498 3368 potius
1531 3295 1787 3366 exemplo
1819 3309 1851 3348 a
1877 3293 2106 3349 Venetis

518 3395 714 3465 petito.

593 3574 656 3634 V.
687 3576 879 3631 llieme
906 3588 1037 3628 vero
1067 3572 1276 3643 elapsa.
1303 3584 1428 3627 cum
1450 3568 1530 3624 sol
1557 3568 1669 3640 jam
1692 3566 1937 3623 Arietem
1978 3572 2108 3636 per-

522 3666 808 3727 transiret,
839 3673 1057 3718 cometa
1084 3661 1237 3716 ensis
1271 3661 1454 3731 specie
1479 3658 1534 3713 in
1564 3660 1708 3714 caelo
1731 3657 2110 3728 apparuit,-si-

520 3758 670 3815 milis
696 3755 922 3829 qutdem
949 3753 1024 3820 ei,
1075 3755 1169 3823 qui
1225 3762 1354 3807 ante
1394 3753 1720 3806 'trienniutn
1748 3761 2106 3821 apparuerat,

517 3853 614 3908 sed
652 3867 760 3905 non
789 3849 983 3904 eodem
1011 3847 1067 3901 in
1095 3846 1240 3909 loco,
1266 3858 1368 3898 nec
1391 3851 1545 3897 motu
1570 3842 1790 3898 eodem.
1816 3842 1953 3898 Nam
1979 3843 2109 3899 inde

517 3944 861 4015 auspicatus,
890 3942 982 3997 ubi
1018 3938 1205 3994 Chelas
1225 3936 1557 3991 desinebant
1586 3947 1644 3991 et
1673 3922 1919 4008 Virginis
1953 3936 2106 4007 spica

520 4051 636 4095 tum
668 4036 1041 4100 occurrebat,
1070 4032 1303 4101 singulis
1339 4029 1549 4086 vicenis
1592 4032 1882 4101 quaternis
1929 4031 2104 4099 horis,

516 4130 706 4203 quinis
735 4128 1001 4201 gradibus
1032 4123 1737 4203 progrediebatur,_donec
1759 4124 1828 4179 ad
1862 4123 2106 4179 Leonem

508 4224 893 4296 pervenisset,
930 4220 1025 4274 ubi
1061 4232 1294 4290 prorsus
1323 4218 1569 4273 evanuit.

2210 3291 2310 3364 τῆς
2360 3292 2642 3356 πολιτείας
2675 3292 2774 3346 ἕνα
2799 3292 2895 3347 τοῦ
2935 3292 3111 3362 δήμου
3136 3293 3273 3363 (21),
3313 3295 3461 3351 κατὰ
3486 3296 3547 3349 τὸ
3573 3296 3784 3366 ἀρχαῖον
3876 3309 3891 3329 ·

2211 3385 2311 3455 τῆς
2344 3384 2609 3448 ὑπατείας
2635 3383 2747 3439 τῶν
2780 3385 3076 3457 Ῥωμαίων
3104 3385 3407 3460 άξίωμα,ἢ
3434 3387 3631 3459 μᾶλλον
3653 3384 3784 3442 κατά

2209 3478 2312 3550 τὴν
2338 3478 2448 3533 τῶν
2482 3478 2786 3533 Βενετικῶν
2829 3477 3131 3534 πολιτείαν.

2286 3574 2364 3629 E'.
2397 3573 2505 3627 Τοῦ
2544 3574 2600 3626 δὲ
2636 3562 2911 3645 χειμῶνος
2950 3571 3146 3627 τούτου
3182 3576 3663 3650 παρερρυηκότος,
3700 3571 3786 3628 καὶ

2212 3664 2311 3721 τοῦ
2344 3667 2495 3736 ήλίου
2536 3668 2631 3720 τὸν
2667 3668 2825 3739 κριὸν
2872 3669 3376 3741 παραλλάττοντος,
3410 3672 3581 3741 tam
3607 3668 3784 3738 Ξιφίας

2213 3759 2273 3813 ἐν
2327 3759 2567 3831 οὐρανῷ,
2605 3760 2793 3830 ὅμοιος
2826 3759 2926 3831 μὲν
2962 3759 3042 3833 τῷ
3089 3760 3198 3831 πρὸ
3248 3761 3421 3832 τριῶν
3447 3762 3547 3834 ήδη
3576 3760 3782 3831 φανέντι

2213 3848 2326 3905 τῶν
2366 3851 2657 3915 ἐνιαυτῶν,
2707 3850 2771 3904 οὐ
2828 3850 2960 3922 περὶ
3013 3850 3106 3903 τὸν
3147 3850 3314 3905 αὑτὸν
3345 3851 3406 3906 δέ
3450 3853 3648 3919 τόπον,
3673 3848 3783 3903 οὐδὲ

2161 4013 2169 4020 _
2211 3943 2313 4015 τὴν
2360 3944 2561 4014 ὁμοίαν
2611 3943 2942 4014 ποιούμενος
2980 3942 3196 4014 κίνησιν
3223 3959 3238 3974 ·
3274 3943 3419 4000 ἀλλὰ
3489 3945 3781 4014 ἀρξάμενος

2212 4037 2323 4090 ἀπὸ
2343 4036 2443 4106 τῆς
2466 4036 2576 4089 τῶν
2602 4034 2787 4107 χηλῶν
2829 4034 3111 4106 τελευτῆς,
3146 4034 3278 4089 ἔνθα
3312 4035 3408 4091 τὸν
3455 4036 3659 4107 στάχυν
3694 4033 3784 4103 τῆς

2213 4125 2489 4197 παρθένου
2529 4125 2840 4197 τηνικαῦτα
2891 4129 3151 4196 παρεῖναι
3172 4127 3533 4195 συνέϐαινεν,
3562 4126 3781 4181 ἐκινεῖτο
3844 4142 3849 4148 ι

2211 4220 2354 4274 κατὰ
2381 4218 2728 4290 νυχθήμερον
2754 4218 2992 4274 ἕκαστον
3027 4221 3164 4289 περί
3196 4234 3300 4273 που
3344 4221 3448 4284 τὰς
3493 4222 3651 4274 πέντε
3682 4216 3786 4287 μοί-

2215 4328 2341 4382 ρας,
2370 4311 2478 4375 ἕως
2508 4313 2850 4388 κατήντησεν
2878 4312 2961 4377 είς
2985 4311 3078 4368 τὸν
3105 4311 3322 4381 λέοντα,
3373 4313 3537 4367 κάκεῖ
3581 4308 3783 4378 διελύθη

2204 4403 2430 4490 τελέως.
2590 4424 2595 4430 ·
3038 4414 3047 4423 ’

582 4500 982 4593 111.:Caeterum
1018 4498 1328 4554 Turcorum
1357 4506 1486 4553 octo
1512 4493 1707 4565 millia,
1745 4496 2102 4569 Hellesponto

2283 4518 2377 4586 ς’.
2428 4516 2552 4570 Τῶν
2584 4516 2641 4571 δὲ
2692 4515 2958 4590 Τούρκων
2988 4518 3136 4574 ὀκτὼ
3182 4519 3424 4592 χιλιάδες
3460 4519 3783 4589 διαπεραιω-

517 4577 945 4666 cutn‘fumentis
971 4591 1222 4660 plerique
1252 4590 1505 4661 traiecto,
1562 4605 1782 4646 omnem
1810 4592 2102 4648 Thraciam

517 4690 584 4745 ad
614 4686 841 4758 Mysiam
873 4683 1453 4754 usquediripuerunt.
1484 4680 1683 4750 'Quam
1716 4685 1985 4742 Romanis
2010 4698 2104 4741 va-

517 4786 659 4837 ‘stam
690 4791 746 4834 et
781 4779 852 4833 ab
884 4777 1037 4832 omni
1071 4786 1230 4847 parte
1261 4777 1603 4831 inaccessam
1656 4793 1782 4833 cum
1839 4778 2100 4847 fecerint,

453 4852 469 4899 έ
520 4870 624 4942 ipsi
645 4880 893 4925 noctu'et
916 4868 1163 4923 interdiu
1196 4870 1452 4939 populari
1476 4884 1585 4925 non
1614 4868 1878 4927 desinunt
1914 4884 1928 4931 :
1961 4886 2105 4942 pra:-

518 4958 646 5019 dam
718 4963 944 5033 quidem
1017 4976 1239 5018 omnem
1314 4961 1370 5016 in
1442 4962 1639 5018 Asiam.
1712 4971 2104 5032 tranSportan-

498 5066 636 5122 .tes,
693 5055 797 5125 ipsi
869 5069 1004 5109 vero
1054 5068 1125 5108 ne
1176 5052 1345 5123 longo
1392 5053 1619 5123 quidem
1669 5064 1794 5124 post
1860 5052 2105 5126 tempore

516 5150 766 5204 volentes
793 5147 1020 5203 domum
1053 5145 1256 5214 redire,
1297 5145 1503 5217 quippe
1534 5161 1661 5200 cum
1694 5160 1859 5202 nemo
1893 5147 1985 5215 sit,
2007 5148 2100 5219 qui

502 5248 604 5300 dcis
638 5245 891 5299 obsismt.

2204 4607 2432 4677 σάμενοι
2490 4609 2584 4663 τὸν
2655 4609 3077 4681 Ἑλλησπόντιον
3132 4596 3426 4683 πορθμὸν,
3494 4612 3633 4682 μετὰ
3678 4606 3780 4659 τῶν

2202 4699 2516 4771 ὑποζυγίων
2567 4702 2617 4757 οί
2678 4702 2923 4772 πλείους,
2974 4706 3265 4776 ἐληίσαντο
3319 4706 3504 4760 πᾶσαν
3538 4704 3636 4774 τὴν
3662 4700 3781 4771 ἄχρι

2206 4791 2413 4851 Μυσῶν
2440 4792 2686 4866 Θρᾴκην,
2713 4793 2781 4866 ἢν
2812 4794 2879 4866 δὴ
2916 4800 3014 4851 καὶ
3047 4794 3342 4868 Ῥωμαίοις
3372 4796 3474 4867 μὲν
3498 4793 3697 4866 ἔρημόν
3729 4804 3782 4842 τε

2205 4884 2301 4936 καὶ
2324 4885 2524 4956 ἀτριϐῆ
2560 4887 2944 4961 πεποιήκεσαν
2977 4888 3187 4942 πᾶσαν·
3215 4888 3371 4942 αὐτοὶ
3398 4887 3445 4940 δ’
3479 4883 3703 4955 ἄγοντές
3727 4893 3781 4934 τε

2206 4976 2305 5030 καὶ
2340 4978 2601 5047 φέροντες
2645 4979 2747 5032 οὐκ
2776 4979 2999 5034 ὀκνοῦσι
3030 4978 3254 5051 νύκτωρ
3281 4981 3377 5034 καὶ
3423 4979 3545 5052 μεθ’
3576 4976 3778 5048 ἡμέραν

2209 5071 2305 5124 καὶ
2336 5071 2437 5143 τὴν
2483 5070 2583 5141 μὲν
2612 5071 2764 5126 λείαν
2811 5074 2998 5127 πᾶσαν
3041 5072 3453 5139 διαϐιϐάζοντες
3485 5075 3544 5136 ἐς
3588 5067 3779 5129 Ἀσίαν,

2208 5164 2365 5217 αὐτοὶ
2395 5165 2439 5219 δ’
2481 5164 2924 5221 ἀπαλλάττεσθαι
2967 5164 3068 5238 τῆς
3115 5166 3341 5240 Θρᾴκης
3386 5166 3499 5221 οὐδ’
3544 5163 3639 5235 ὀψὲ
3686 5156 3773 5213 τοῦ

2209 5255 2404 5327 Χρόνου
2441 5255 2784 5329 βουλόμενοι,
2828 5260 2924 5316 ἆτε
2964 5259 3176 5332 μηδένα
3206 5260 3304 5314 τὸν
3332 5256 3780 5327 ἐναντιωσόμενον

2208 5350 2456 5420 ἔχοντες.

1881 5481 2224 5545 Variorum
2259 5494 2451 5549 nolis.

608 5621 709 5691 3t)
734 5620 1017 5676 Simonem
1049 5619 1487 5688 Buccanegram.
1524 5618 1661 5674 Vide
1682 5615 1949 5691 Joannem
1979 5618 2090 5674 Vil—

504 5690 745 5750 Sancum
762 5692 871 5748 lib.
904 5708 981 5759 xt,
1011 5707 1134 5762 cap.
1172 5690 1265 5745 lOl
1293 5706 1309 5758 ;
1339 5691 1438 5744 lib.
1468 5705 1567 5757 xu,
1601 5705 1723 5762 cap.
1755 5690 1845 5744 ‘26.
1870 5690 2093 5745 Petrum

2199 5617 2507 5682 Bizarrum.
2559 5621 2660 5680 lib.
2724 5639 2776 5681 Vl
2837 5623 3092 5683 Historia:
3122 5622 3434 5689 Genuensis,
3481 5620 3582 5678 sub
3635 5628 3771 5674 anno

2205 5690 2362 5745 1559.
2406 5693 2639 5750 Ducam.
