  <div class='ocr_page' id='page_1' title='image "/cluster/home/n/w/nwhite01/storage/ocr_20150623/148:no.1/coo.31924054870534/391.png"; bbox 0 0 4070 6448; ppageno 0'>
   <div class='ocr_carea' id='block_1_1' title="bbox 532 384 1446 458">
    <p class='ocr_par' dir='ltr' id='par_1_1' title="bbox 532 384 1446 458">
     <span class='ocr_line' id='line_1_1' title="bbox 532 384 1446 458; baseline -0.009 -10"><span class='ocrx_word' id='word_1_1' title='bbox 532 386 637 448; x_wconf 74' lang='grc'><strong>767</strong></span> <span class='ocrx_word' id='word_1_2' title='bbox 805 400 855 437; x_wconf 66' lang='grc' dir='ltr'><strong>Α.</strong></span> <span class='ocrx_word' id='word_1_3' title='bbox 900 400 955 438; x_wconf 76' lang='grc' dir='ltr'>κ.</span> <span class='ocrx_word' id='word_1_4' title='bbox 995 384 1136 441; x_wconf 76' lang='lat'><strong>6836</strong></span> <span class='ocrx_word' id='word_1_5' title='bbox 1175 400 1244 441; x_wconf 69' lang='lat' dir='ltr'><strong>AD</strong></span> <span class='ocrx_word' id='word_1_6' title='bbox 1284 384 1446 458; x_wconf 66' lang='grc' dir='ltr'>σειν]</span> 
     </span>
    </p>
   </div>
   <div class='ocr_carea' id='block_1_2' title="bbox 1704 392 2549 461">
    <p class='ocr_par' dir='ltr' id='par_1_2' title="bbox 1704 392 2549 461">
     <span class='ocr_line' id='line_1_2' title="bbox 1704 392 2549 461; baseline -0.002 -9"><span class='ocrx_word' id='word_1_7' title='bbox 1704 392 2126 461; x_wconf 73' lang='lat' dir='ltr'><strong>NICEPHURI</strong></span> <span class='ocrx_word' id='word_1_8' title='bbox 2164 394 2549 459; x_wconf 72' lang='lat' dir='ltr'><strong>GREUURE</strong></span> 
     </span>
    </p>
   </div>
   <div class='ocr_carea' id='block_1_3' title="bbox 2845 398 3482 476">
    <p class='ocr_par' dir='ltr' id='par_1_3' title="bbox 2845 398 3482 476">
     <span class='ocr_line' id='line_1_3' title="bbox 2845 398 3482 476; baseline 0.022 -27"><span class='ocrx_word' id='word_1_9' title='bbox 2845 398 2981 471; x_wconf 62' lang='lat' dir='ltr'><strong>[sum</strong></span> <span class='ocrx_word' id='word_1_10' title='bbox 3024 418 3303 459; x_wconf 63' lang='lat' dir='ltr'><strong>suunomc.</strong></span> <span class='ocrx_word' id='word_1_11' title='bbox 3345 408 3482 476; x_wconf 54' lang='lat' dir='ltr'><strong>tum]</strong></span> 
     </span>
    </p>
   </div>
   <div class='ocr_carea' id='block_1_4' title="bbox 3669 421 3758 483">
    <p class='ocr_par' dir='ltr' id='par_1_4' title="bbox 3669 421 3758 483">
     <span class='ocr_line' id='line_1_4' title="bbox 3669 421 3758 483; baseline 0.022 -3"><span class='ocrx_word' id='word_1_12' title='bbox 3669 421 3758 483; x_wconf 65' lang='lat'><strong>768</strong></span> 
     </span>
    </p>
   </div>
   <div class='ocr_carea' id='block_1_5' title="bbox 532 503 2110 600">
    <p class='ocr_par' dir='ltr' id='par_1_5' title="bbox 532 503 2110 577">
     <span class='ocr_line' id='line_1_5' title="bbox 532 503 2110 577; baseline 0.003 -20"><span class='ocrx_word' id='word_1_13' title='bbox 532 503 711 561; x_wconf 68' lang='lat' dir='ltr'><strong>(etatis</strong></span> <span class='ocrx_word' id='word_1_14' title='bbox 748 503 866 575; x_wconf 80' lang='lat' dir='ltr'><strong>ejus</strong></span> <span class='ocrx_word' id='word_1_15' title='bbox 894 504 962 559; x_wconf 90' lang='lat' dir='ltr'><strong>ad</strong></span> <span class='ocrx_word' id='word_1_16' title='bbox 995 519 1181 559; x_wconf 83' lang='lat' dir='ltr'><strong>annos</strong></span> <span class='ocrx_word' id='word_1_17' title='bbox 1215 506 1439 561; x_wconf 90' lang='lat' dir='ltr'><strong>circiter</strong></span> <span class='ocrx_word' id='word_1_18' title='bbox 1471 506 1833 576; x_wconf 79' lang='lat' dir='ltr'><strong>quadraginta</strong></span> <span class='ocrx_word' id='word_1_19' title='bbox 1868 509 2110 577; x_wconf 79' lang='lat' dir='ltr'><strong>quinque</strong></span> 
     </span>
    </p>
   </div>
   <div class='ocr_carea' id='block_1_6' title="bbox 2213 503 3761 600">
    <p class='ocr_par' dir='ltr' id='par_1_6' title="bbox 2216 514 3761 600">
     <span class='ocr_line' id='line_1_6' title="bbox 2216 514 3761 600; baseline 0.016 -36"><span class='ocrx_word' id='word_1_20' title='bbox 2216 514 2410 577; x_wconf 79' lang='grc' dir='ltr'>τεῖλαι,</span> <span class='ocrx_word' id='word_1_21' title='bbox 2457 517 2737 587; x_wconf 79' lang='grc' dir='ltr'><strong>ἐτεθνήκει</strong></span> <span class='ocrx_word' id='word_1_22' title='bbox 2782 521 2925 572; x_wconf 75' lang='grc' dir='ltr'>κοιτᾶ</span> <span class='ocrx_word' id='word_1_23' title='bbox 2974 524 3035 575; x_wconf 74' lang='grc' dir='ltr'>τὸ</span> <span class='ocrx_word' id='word_1_24' title='bbox 3066 526 3264 595; x_wconf 58' lang='grc' dir='ltr'>,ςωμίγ</span> <span class='ocrx_word' id='word_1_25' title='bbox 3291 528 3407 589; x_wconf 66' lang='grc' dir='ltr'>ἔτος</span> <span class='ocrx_word' id='word_1_26' title='bbox 3457 529 3584 595; x_wconf 70' lang='lat' dir='ltr'><strong>(Hi.</strong></span> <span class='ocrx_word' id='word_1_27' title='bbox 3623 533 3682 586; x_wconf 87' lang='lat'><strong>&#39;0</strong></span> <span class='ocrx_word' id='word_1_28' title='bbox 3706 552 3761 600; x_wconf 81' lang='grc' dir='ltr'><strong>γε</strong></span> 
     </span>
    </p>
   </div>
   <div class='ocr_carea' id='block_1_7' title="bbox 528 597 2113 670">
    <p class='ocr_par' dir='ltr' id='par_1_7' title="bbox 528 597 2113 670">
     <span class='ocr_line' id='line_1_7' title="bbox 528 597 2113 670; baseline 0.002 -17"><span class='ocrx_word' id='word_1_29' title='bbox 528 597 654 662; x_wconf 67' lang='lat' dir='ltr'><strong>fuit,</strong></span> <span class='ocrx_word' id='word_1_30' title='bbox 680 608 843 669; x_wconf 88' lang='lat' dir='ltr'><strong>atque</strong></span> <span class='ocrx_word' id='word_1_31' title='bbox 867 612 932 654; x_wconf 72' lang='lat' dir='ltr'><strong>ex</strong></span> <span class='ocrx_word' id='word_1_32' title='bbox 960 598 1028 653; x_wconf 89' lang='lat' dir='ltr'><strong>iis</strong></span> <span class='ocrx_word' id='word_1_33' title='bbox 1050 600 1212 655; x_wconf 82' lang='lat' dir='ltr'><strong>annis</strong></span> <span class='ocrx_word' id='word_1_34' title='bbox 1233 600 1478 670; x_wconf 82' lang='lat' dir='ltr'><strong>integros</strong></span> <span class='ocrx_word' id='word_1_35' title='bbox 1499 599 1790 655; x_wconf 83' lang='lat' dir='ltr'><strong>duodecim</strong></span> <span class='ocrx_word' id='word_1_36' title='bbox 1819 600 1872 654; x_wconf 91' lang='lat' dir='ltr'><strong>in</strong></span> <span class='ocrx_word' id='word_1_37' title='bbox 1886 617 2113 657; x_wconf 79' lang='lat' dir='ltr'><strong>summa</strong></span> 
     </span>
    </p>
   </div>
   <div class='ocr_carea' id='block_1_8' title="bbox 532 691 2112 763">
    <p class='ocr_par' dir='ltr' id='par_1_8' title="bbox 532 691 2112 763">
     <span class='ocr_line' id='line_1_8' title="bbox 532 691 2112 763; baseline 0.004 -22"><span class='ocrx_word' id='word_1_38' title='bbox 532 699 805 757; x_wconf 75' lang='lat' dir='ltr'><strong>potestate</strong></span> <span class='ocrx_word' id='word_1_39' title='bbox 830 691 1037 763; x_wconf 77' lang='lat' dir='ltr'><strong>exegit,</strong></span> <span class='ocrx_word' id='word_1_40' title='bbox 1071 707 1136 747; x_wconf 91' lang='lat' dir='ltr'><strong>ac</strong></span> <span class='ocrx_word' id='word_1_41' title='bbox 1167 701 1431 761; x_wconf 71' lang='lat' dir='ltr'><strong>praeterea</strong></span> <span class='ocrx_word' id='word_1_42' title='bbox 1463 692 1583 747; x_wconf 86' lang='lat' dir='ltr'><strong>dies</strong></span> <span class='ocrx_word' id='word_1_43' title='bbox 1616 692 1806 762; x_wconf 78' lang='lat' dir='ltr'><strong>viginti</strong></span> <span class='ocrx_word' id='word_1_44' title='bbox 1844 695 2004 757; x_wconf 89' lang='lat' dir='ltr'><strong>duos,</strong></span> <span class='ocrx_word' id='word_1_45' title='bbox 2047 709 2112 748; x_wconf 81' lang='lat' dir='ltr'><strong>ex</strong></span> 
     </span>
    </p>
   </div>
   <div class='ocr_carea' id='block_1_9' title="bbox 531 781 2115 857">
    <p class='ocr_par' dir='ltr' id='par_1_9' title="bbox 531 781 2115 857">
     <span class='ocr_line' id='line_1_9' title="bbox 531 781 2115 857; baseline 0.004 -23"><span class='ocrx_word' id='word_1_46' title='bbox 531 796 644 847; x_wconf 83' lang='lat' dir='ltr'><strong>quo</strong></span> <span class='ocrx_word' id='word_1_47' title='bbox 686 781 899 839; x_wconf 72' lang='lat' dir='ltr'><strong>scilicet</strong></span> <span class='ocrx_word' id='word_1_48' title='bbox 939 782 1137 838; x_wconf 83' lang='lat' dir='ltr'><strong>urbem</strong></span> <span class='ocrx_word' id='word_1_49' title='bbox 1186 783 1593 854; x_wconf 88' lang='lat' dir='ltr'><strong>imperatricem</strong></span> <span class='ocrx_word' id='word_1_50' title='bbox 1630 784 1758 839; x_wconf 90' lang='lat' dir='ltr'><strong>belli</strong></span> <span class='ocrx_word' id='word_1_51' title='bbox 1787 785 1913 857; x_wconf 81' lang='lat' dir='ltr'><strong>jure</strong></span> <span class='ocrx_word' id='word_1_52' title='bbox 1944 800 2115 842; x_wconf 83' lang='lat' dir='ltr'><strong>occu-</strong></span> 
     </span>
    </p>
   </div>
   <div class='ocr_carea' id='block_1_10' title="bbox 529 882 778 940">
    <p class='ocr_par' dir='ltr' id='par_1_10' title="bbox 529 882 778 940">
     <span class='ocr_line' id='line_1_10' title="bbox 529 882 778 940; baseline 0.016 -16"><span class='ocrx_word' id='word_1_53' title='bbox 529 882 778 940; x_wconf 83' lang='lat' dir='ltr'><strong>paverat.</strong></span> 
     </span>
    </p>
   </div>
   <div class='ocr_carea' id='block_1_11' title="bbox 599 1050 2114 1124">
    <p class='ocr_par' dir='ltr' id='par_1_11' title="bbox 599 1050 2114 1124">
     <span class='ocr_line' id='line_1_11' title="bbox 599 1050 2114 1124; baseline 0.005 -19"><span class='ocrx_word' id='word_1_54' title='bbox 599 1050 665 1105; x_wconf 93' lang='grc'><strong>11.</strong></span> <span class='ocrx_word' id='word_1_55' title='bbox 704 1050 894 1106; x_wconf 86' lang='lat' dir='ltr'><strong>Tertio</strong></span> <span class='ocrx_word' id='word_1_56' title='bbox 938 1063 1121 1107; x_wconf 89' lang='lat' dir='ltr'><strong>autem</strong></span> <span class='ocrx_word' id='word_1_57' title='bbox 1163 1053 1351 1110; x_wconf 86' lang='lat' dir='ltr'><strong>luctus</strong></span> <span class='ocrx_word' id='word_1_58' title='bbox 1392 1053 1507 1119; x_wconf 84' lang='lat' dir='ltr'><strong>die,</strong></span> <span class='ocrx_word' id='word_1_59' title='bbox 1556 1053 1906 1124; x_wconf 85' lang='lat' dir='ltr'><strong>imperatriee</strong></span> <span class='ocrx_word' id='word_1_60' title='bbox 1955 1055 2114 1113; x_wconf 82' lang='lat' dir='ltr'><strong>Anna</strong></span> 
     </span>
    </p>
   </div>
   <div class='ocr_carea' id='block_1_12' title="bbox 530 1128 2115 1218">
    <p class='ocr_par' dir='ltr' id='par_1_12' title="bbox 530 1128 2115 1218">
     <span class='ocr_line' id='line_1_12' title="bbox 530 1128 2115 1218; baseline 0.003 -21"><span class='ocrx_word' id='word_1_61' title='bbox 530 1143 661 1199; x_wconf 88' lang='lat' dir='ltr'><strong>inde</strong></span> <span class='ocrx_word' id='word_1_62' title='bbox 706 1145 760 1198; x_wconf 94' lang='lat' dir='ltr'><strong>in</strong></span> <span class='ocrx_word' id='word_1_63' title='bbox 793 1144 1055 1214; x_wconf 72' lang='lat' dir='ltr'><strong>palatium</strong></span> <span class='ocrx_word' id='word_1_64' title='bbox 1088 1128 1378 1209; x_wconf 84' lang='lat' dir='ltr'><strong>redeunte,</strong></span> <span class='ocrx_word' id='word_1_65' title='bbox 1423 1162 1551 1215; x_wconf 88' lang='lat' dir='ltr'><strong>pars</strong></span> <span class='ocrx_word' id='word_1_66' title='bbox 1581 1156 1637 1203; x_wconf 90' lang='lat' dir='ltr'><strong>et</strong></span> <span class='ocrx_word' id='word_1_67' title='bbox 1665 1162 1769 1218; x_wconf 77' lang='lat' dir='ltr'><strong>ego</strong></span> <span class='ocrx_word' id='word_1_68' title='bbox 1800 1148 2115 1218; x_wconf 73' lang='lat' dir='ltr'><strong>frequentis</strong></span> 
     </span>
    </p>
   </div>
   <div class='ocr_carea' id='block_1_13' title="bbox 528 1236 2108 1312">
    <p class='ocr_par' dir='ltr' id='par_1_13' title="bbox 528 1236 2108 1312">
     <span class='ocr_line' id='line_1_13' title="bbox 528 1236 2108 1312; baseline 0.003 -21"><span class='ocrx_word' id='word_1_69' title='bbox 528 1236 680 1292; x_wconf 89' lang='lat' dir='ltr'><strong>illius</strong></span> <span class='ocrx_word' id='word_1_70' title='bbox 707 1237 1012 1295; x_wconf 86' lang='lat' dir='ltr'><strong>.comitatus</strong></span> <span class='ocrx_word' id='word_1_71' title='bbox 1050 1238 1151 1299; x_wconf 81' lang='lat' dir='ltr'><strong>fui.</strong></span> <span class='ocrx_word' id='word_1_72' title='bbox 1204 1239 1293 1293; x_wconf 76' lang='lat' dir='ltr'><strong>vix</strong></span> <span class='ocrx_word' id='word_1_73' title='bbox 1340 1255 1372 1294; x_wconf 89' lang='lat' dir='ltr'><strong>a</strong></span> <span class='ocrx_word' id='word_1_74' title='bbox 1422 1240 1639 1306; x_wconf 90' lang='lat' dir='ltr'><strong>morbo,</strong></span> <span class='ocrx_word' id='word_1_75' title='bbox 1684 1257 1796 1310; x_wconf 87' lang='lat' dir='ltr'><strong>quo</strong></span> <span class='ocrx_word' id='word_1_76' title='bbox 1850 1243 2108 1312; x_wconf 77' lang='lat' dir='ltr'><strong>urgebar,</strong></span> 
     </span>
    </p>
   </div>
   <div class='ocr_carea' id='block_1_14' title="bbox 528 1329 2112 1402">
    <p class='ocr_par' dir='ltr' id='par_1_14' title="bbox 528 1329 2112 1402">
     <span class='ocr_line' id='line_1_14' title="bbox 528 1329 2112 1402; baseline 0.004 -18"><span class='ocrx_word' id='word_1_77' title='bbox 528 1329 784 1384; x_wconf 88' lang='lat' dir='ltr'><strong>nonnihil</strong></span> <span class='ocrx_word' id='word_1_78' title='bbox 831 1339 1135 1386; x_wconf 88' lang='lat' dir='ltr'><strong>recreatus.</strong></span> <span class='ocrx_word' id='word_1_79' title='bbox 1175 1331 1425 1401; x_wconf 86' lang='lat' dir='ltr'><strong>Cumque</strong></span> <span class='ocrx_word' id='word_1_80' title='bbox 1467 1347 1553 1386; x_wconf 90' lang='lat' dir='ltr'><strong>me</strong></span> <span class='ocrx_word' id='word_1_81' title='bbox 1595 1342 1652 1387; x_wconf 92' lang='lat' dir='ltr'><strong>et</strong></span> <span class='ocrx_word' id='word_1_82' title='bbox 1686 1335 2020 1402; x_wconf 70' lang='lat' dir='ltr'><strong>patriarcha,</strong></span> <span class='ocrx_word' id='word_1_83' title='bbox 2056 1342 2112 1390; x_wconf 88' lang='lat' dir='ltr'><strong>et</strong></span> 
     </span>
    </p>
   </div>
   <div class='ocr_carea' id='block_1_15' title="bbox 529 1424 2114 1497">
    <p class='ocr_par' dir='ltr' id='par_1_15' title="bbox 529 1424 2114 1497">
     <span class='ocr_line' id='line_1_15' title="bbox 529 1424 2114 1497; baseline 0.006 -22"><span class='ocrx_word' id='word_1_84' title='bbox 529 1431 802 1492; x_wconf 87' lang='lat' dir='ltr'><strong>quotquot</strong></span> <span class='ocrx_word' id='word_1_85' title='bbox 831 1424 1217 1491; x_wconf 81' lang='lat' dir='ltr'><strong>imperatorem</strong></span> <span class='ocrx_word' id='word_1_86' title='bbox 1258 1426 1523 1495; x_wconf 76' lang='lat' dir='ltr'><strong>sanguine</strong></span> <span class='ocrx_word' id='word_1_87' title='bbox 1568 1427 1935 1497; x_wconf 81' lang='lat' dir='ltr'><strong>attingebant.</strong></span> <span class='ocrx_word' id='word_1_88' title='bbox 1980 1429 2114 1484; x_wconf 92' lang='lat' dir='ltr'><strong>hor-</strong></span> 
     </span>
    </p>
   </div>
   <div class='ocr_carea' id='block_1_16' title="bbox 530 1502 2113 1590">
    <p class='ocr_par' dir='ltr' id='par_1_16' title="bbox 530 1502 2113 1590">
     <span class='ocr_line' id='line_1_16' title="bbox 530 1502 2113 1590; baseline 0.008 -23"><span class='ocrx_word' id='word_1_89' title='bbox 530 1527 801 1581; x_wconf 85' lang='lat' dir='ltr'><strong>tarentur,</strong></span> <span class='ocrx_word' id='word_1_90' title='bbox 848 1525 908 1572; x_wconf 92' lang='lat' dir='ltr'><strong>ut</strong></span> <span class='ocrx_word' id='word_1_91' title='bbox 936 1502 1377 1574; x_wconf 74' lang='lat' dir='ltr'><strong>accommodatas</strong></span> <span class='ocrx_word' id='word_1_92' title='bbox 1422 1521 1652 1590; x_wconf 88' lang='lat' dir='ltr'><strong>tempori</strong></span> <span class='ocrx_word' id='word_1_93' title='bbox 1688 1523 2113 1580; x_wconf 78' lang='lat' dir='ltr'><strong>lamentationes</strong></span> 
     </span>
    </p>
   </div>
   <div class='ocr_carea' id='block_1_17' title="bbox 530 1608 2113 1683">
    <p class='ocr_par' dir='ltr' id='par_1_17' title="bbox 530 1608 2113 1683">
     <span class='ocr_line' id='line_1_17' title="bbox 530 1608 2113 1683; baseline 0.008 -24"><span class='ocrx_word' id='word_1_94' title='bbox 530 1608 841 1671; x_wconf 84' lang='lat' dir='ltr'><strong>recitarem.</strong></span> <span class='ocrx_word' id='word_1_95' title='bbox 875 1608 928 1663; x_wconf 89' lang='lat' dir='ltr'><strong>in</strong></span> <span class='ocrx_word' id='word_1_96' title='bbox 973 1609 1213 1665; x_wconf 85' lang='lat' dir='ltr'><strong>medium</strong></span> <span class='ocrx_word' id='word_1_97' title='bbox 1256 1611 1439 1681; x_wconf 89' lang='lat' dir='ltr'><strong>prodii</strong></span> <span class='ocrx_word' id='word_1_98' title='bbox 1473 1620 1641 1681; x_wconf 87' lang='lat' dir='ltr'><strong>atque</strong></span> <span class='ocrx_word' id='word_1_99' title='bbox 1677 1613 1948 1683; x_wconf 71' lang='lat' dir='ltr'><strong>ejusmodi</strong></span> <span class='ocrx_word' id='word_1_100' title='bbox 1988 1630 2113 1671; x_wconf 85' lang='lat' dir='ltr'><strong>ora-</strong></span> 
     </span>
    </p>
   </div>
   <div class='ocr_carea' id='block_1_18' title="bbox 531 1697 1923 1781">
    <p class='ocr_par' dir='ltr' id='par_1_18' title="bbox 531 1697 1923 1781">
     <span class='ocr_line' id='line_1_18' title="bbox 531 1697 1923 1781; baseline 0.014 -29"><span class='ocrx_word' id='word_1_101' title='bbox 531 1697 733 1753; x_wconf 82' lang='lat' dir='ltr'><strong>tionem</strong></span> <span class='ocrx_word' id='word_1_102' title='bbox 765 1698 932 1755; x_wconf 86' lang='lat' dir='ltr'><strong>habui</strong></span> <span class='ocrx_word' id='word_1_103' title='bbox 960 1712 974 1754; x_wconf 73' lang='lat'><strong>:</strong></span> <span class='ocrx_word' id='word_1_104' title='bbox 1834 1766 1839 1771; x_wconf 91' lang='lat'><strong>.</strong></span> <span class='ocrx_word' id='word_1_105' title='bbox 1920 1776 1923 1781; x_wconf 89' lang='lat'><strong><em>_</em></strong></span> 
     </span>
    </p>
   </div>
   <div class='ocr_carea' id='block_1_19' title="bbox 590 1788 2107 1861">
    <p class='ocr_par' dir='ltr' id='par_1_19' title="bbox 590 1788 2107 1861">
     <span class='ocr_line' id='line_1_19' title="bbox 590 1788 2107 1861; baseline 0.006 -17"><span class='ocrx_word' id='word_1_106' title='bbox 590 1789 690 1861; x_wconf 77' lang='grc'><strong>111.</strong></span> <span class='ocrx_word' id='word_1_107' title='bbox 734 1809 754 1842; x_wconf 86' lang='grc' dir='ltr'><strong>ι</strong></span> <span class='ocrx_word' id='word_1_108' title='bbox 785 1788 895 1846; x_wconf 85' lang='lat' dir='ltr'><strong>Nos</strong></span> <span class='ocrx_word' id='word_1_109' title='bbox 932 1806 1065 1846; x_wconf 87' lang='lat' dir='ltr'><strong>vero</strong></span> <span class='ocrx_word' id='word_1_110' title='bbox 1110 1792 1373 1849; x_wconf 81' lang='lat' dir='ltr'><strong>victorias</strong></span> <span class='ocrx_word' id='word_1_111' title='bbox 1415 1804 1738 1850; x_wconf 79' lang='lat' dir='ltr'><strong>cantaturos</strong></span> <span class='ocrx_word' id='word_1_112' title='bbox 1779 1807 1833 1852; x_wconf 85' lang='lat' dir='ltr'><strong>et</strong></span> <span class='ocrx_word' id='word_1_113' title='bbox 1883 1797 2107 1853; x_wconf 85' lang='lat' dir='ltr'><strong>laudum</strong></span> 
     </span>
    </p>
   </div>
   <div class='ocr_carea' id='block_1_20' title="bbox 530 1885 2111 1962">
    <p class='ocr_par' dir='ltr' id='par_1_20' title="bbox 530 1885 2111 1962">
     <span class='ocr_line' id='line_1_20' title="bbox 530 1885 2111 1962; baseline 0.008 -26"><span class='ocrx_word' id='word_1_114' title='bbox 530 1885 841 1949; x_wconf 84' lang='lat' dir='ltr'><strong>spectacula</strong></span> <span class='ocrx_word' id='word_1_115' title='bbox 877 1886 1236 1942; x_wconf 81' lang='lat' dir='ltr'><strong>sacratissimi</strong></span> <span class='ocrx_word' id='word_1_116' title='bbox 1268 1887 1618 1957; x_wconf 80' lang='lat' dir='ltr'><strong>imperatoris</strong></span> <span class='ocrx_word' id='word_1_117' title='bbox 1652 1889 1959 1947; x_wconf 88' lang='lat' dir='ltr'><strong>indicturos</strong></span> <span class='ocrx_word' id='word_1_118' title='bbox 1983 1908 2111 1962; x_wconf 85' lang='lat' dir='ltr'><strong>spe-</strong></span> 
     </span>
    </p>
   </div>
   <div class='ocr_carea' id='block_1_21' title="bbox 530 1976 2114 2051">
    <p class='ocr_par' dir='ltr' id='par_1_21' title="bbox 530 1976 2114 2051">
     <span class='ocr_line' id='line_1_21' title="bbox 530 1976 2114 2051; baseline 0.008 -23"><span class='ocrx_word' id='word_1_119' title='bbox 530 1976 809 2041; x_wconf 83' lang='lat' dir='ltr'><strong>rabamus,</strong></span> <span class='ocrx_word' id='word_1_120' title='bbox 835 1985 891 2032; x_wconf 90' lang='lat' dir='ltr'><strong>et</strong></span> <span class='ocrx_word' id='word_1_121' title='bbox 920 1978 1188 2034; x_wconf 85' lang='lat' dir='ltr'><strong>orationis</strong></span> <span class='ocrx_word' id='word_1_122' title='bbox 1219 1981 1457 2037; x_wconf 87' lang='lat' dir='ltr'><strong>corollas</strong></span> <span class='ocrx_word' id='word_1_123' title='bbox 1493 1981 1640 2037; x_wconf 90' lang='lat' dir='ltr'><strong>illius</strong></span> <span class='ocrx_word' id='word_1_124' title='bbox 1664 1984 1858 2040; x_wconf 80' lang='lat' dir='ltr'><strong>vertici</strong></span> <span class='ocrx_word' id='word_1_125' title='bbox 1888 1984 2114 2051; x_wconf 86' lang='lat' dir='ltr'><strong>imposi-</strong></span> 
     </span>
    </p>
   </div>
   <div class='ocr_carea' id='block_1_22' title="bbox 530 2069 2115 2143">
    <p class='ocr_par' dir='ltr' id='par_1_22' title="bbox 530 2069 2115 2143">
     <span class='ocr_line' id='line_1_22' title="bbox 530 2069 2115 2143; baseline 0.007 -24"><span class='ocrx_word' id='word_1_126' title='bbox 530 2075 706 2131; x_wconf 83' lang='lat' dir='ltr'><strong>turos,</strong></span> <span class='ocrx_word' id='word_1_127' title='bbox 730 2082 897 2136; x_wconf 87' lang='lat' dir='ltr'><strong>parva</strong></span> <span class='ocrx_word' id='word_1_128' title='bbox 928 2069 1178 2138; x_wconf 56' lang='lat' dir='ltr'><strong>quaedam</strong></span> <span class='ocrx_word' id='word_1_129' title='bbox 1204 2073 1427 2140; x_wconf 68' lang='lat' dir='ltr'><strong>praemia</strong></span> <span class='ocrx_word' id='word_1_130' title='bbox 1459 2087 1784 2143; x_wconf 67' lang='lat' dir='ltr'><strong>magnorum</strong></span> <span class='ocrx_word' id='word_1_131' title='bbox 1811 2083 1867 2129; x_wconf 90' lang='lat' dir='ltr'><strong>et</strong></span> <span class='ocrx_word' id='word_1_132' title='bbox 1894 2075 2115 2130; x_wconf 86' lang='lat' dir='ltr'><strong>diutur-</strong></span> 
     </span>
    </p>
   </div>
   <div class='ocr_carea' id='block_1_23' title="bbox 529 2161 2110 2236">
    <p class='ocr_par' dir='ltr' id='par_1_23' title="bbox 529 2161 2110 2236">
     <span class='ocr_line' id='line_1_23' title="bbox 529 2161 2110 2236; baseline 0.006 -23"><span class='ocrx_word' id='word_1_133' title='bbox 529 2176 725 2215; x_wconf 89' lang='lat' dir='ltr'><strong>norum</strong></span> <span class='ocrx_word' id='word_1_134' title='bbox 753 2161 1044 2227; x_wconf 90' lang='lat' dir='ltr'><strong>sudorum,</strong></span> <span class='ocrx_word' id='word_1_135' title='bbox 1067 2171 1124 2218; x_wconf 91' lang='lat' dir='ltr'><strong>et</strong></span> <span class='ocrx_word' id='word_1_136' title='bbox 1152 2179 1291 2233; x_wconf 90' lang='lat' dir='ltr'><strong>quos</strong></span> <span class='ocrx_word' id='word_1_137' title='bbox 1319 2180 1559 2236; x_wconf 58' lang='lat' dir='ltr'><strong>peregre</strong></span> <span class='ocrx_word' id='word_1_138' title='bbox 1587 2167 1839 2222; x_wconf 73' lang='lat' dir='ltr'><strong>toleravit</strong></span> <span class='ocrx_word' id='word_1_139' title='bbox 1862 2167 2110 2223; x_wconf 86' lang='lat' dir='ltr'><strong>laborum</strong></span> 
     </span>
    </p>
   </div>
   <div class='ocr_carea' id='block_1_24' title="bbox 527 2256 2117 2326">
    <p class='ocr_par' dir='ltr' id='par_1_24' title="bbox 527 2256 2117 2326">
     <span class='ocr_line' id='line_1_24' title="bbox 527 2256 2117 2326; baseline 0.006 -19"><span class='ocrx_word' id='word_1_140' title='bbox 527 2261 585 2307; x_wconf 87' lang='lat' dir='ltr'><strong>et</strong></span> <span class='ocrx_word' id='word_1_141' title='bbox 607 2270 976 2310; x_wconf 68' lang='lat' dir='ltr'><strong>aerumnarum</strong></span> <span class='ocrx_word' id='word_1_142' title='bbox 1005 2256 1259 2326; x_wconf 78' lang='lat' dir='ltr'><strong>exiguam</strong></span> <span class='ocrx_word' id='word_1_143' title='bbox 1288 2267 1488 2313; x_wconf 71' lang='lat' dir='ltr'><strong>nostra:</strong></span> <span class='ocrx_word' id='word_1_144' title='bbox 1511 2259 1910 2316; x_wconf 71' lang='lat' dir='ltr'><strong>benevolentia:</strong></span> <span class='ocrx_word' id='word_1_145' title='bbox 1931 2270 2117 2317; x_wconf 86' lang='lat' dir='ltr'><strong>remu-</strong></span> 
     </span>
    </p>
   </div>
   <div class='ocr_carea' id='block_1_25' title="bbox 528 2349 2113 2424">
    <p class='ocr_par' dir='ltr' id='par_1_25' title="bbox 528 2349 2113 2424">
     <span class='ocr_line' id='line_1_25' title="bbox 528 2349 2113 2424; baseline 0.005 -20"><span class='ocrx_word' id='word_1_146' title='bbox 528 2349 892 2409; x_wconf 87' lang='lat' dir='ltr'><strong>nerationem.</strong></span> <span class='ocrx_word' id='word_1_147' title='bbox 937 2349 1043 2408; x_wconf 85' lang='lat' dir='ltr'><strong>Sed</strong></span> <span class='ocrx_word' id='word_1_148' title='bbox 1080 2354 1264 2415; x_wconf 88' lang='lat' dir='ltr'><strong>aliam,</strong></span> <span class='ocrx_word' id='word_1_149' title='bbox 1298 2352 1433 2424; x_wconf 89' lang='lat' dir='ltr'><strong>proh</strong></span> <span class='ocrx_word' id='word_1_150' title='bbox 1470 2354 1664 2408; x_wconf 87' lang='lat' dir='ltr'><strong>dolori</strong></span> <span class='ocrx_word' id='word_1_151' title='bbox 1698 2364 1912 2424; x_wconf 85' lang='lat' dir='ltr'><strong>tempus</strong></span> <span class='ocrx_word' id='word_1_152' title='bbox 1952 2356 2113 2412; x_wconf 88' lang='lat' dir='ltr'><strong>nobis</strong></span> 
     </span>
    </p>
   </div>
   <div class='ocr_carea' id='block_1_26' title="bbox 527 2442 2114 2515">
    <p class='ocr_par' dir='ltr' id='par_1_26' title="bbox 527 2442 2114 2515">
     <span class='ocr_line' id='line_1_26' title="bbox 527 2442 2114 2515; baseline 0.005 -19"><span class='ocrx_word' id='word_1_153' title='bbox 527 2442 693 2498; x_wconf 85' lang='lat' dir='ltr'><strong>hodie</strong></span> <span class='ocrx_word' id='word_1_154' title='bbox 723 2443 909 2499; x_wconf 87' lang='lat' dir='ltr'><strong>subito</strong></span> <span class='ocrx_word' id='word_1_155' title='bbox 939 2444 1308 2502; x_wconf 83' lang='lat' dir='ltr'><strong>calamitatem</strong></span> <span class='ocrx_word' id='word_1_156' title='bbox 1343 2446 1568 2515; x_wconf 74' lang='lat' dir='ltr'><strong>obiecit,</strong></span> <span class='ocrx_word' id='word_1_157' title='bbox 1604 2456 1665 2502; x_wconf 87' lang='lat' dir='ltr'><strong>ut</strong></span> <span class='ocrx_word' id='word_1_158' title='bbox 1689 2448 1898 2503; x_wconf 70' lang='lat' dir='ltr'><strong>naenias</strong></span> <span class='ocrx_word' id='word_1_159' title='bbox 1922 2449 2114 2504; x_wconf 89' lang='lat' dir='ltr'><strong>lauda-</strong></span> 
     </span>
    </p>
   </div>
   <div class='ocr_carea' id='block_1_27' title="bbox 526 2534 2113 2608">
    <p class='ocr_par' dir='ltr' id='par_1_27' title="bbox 526 2534 2113 2608">
     <span class='ocr_line' id='line_1_27' title="bbox 526 2534 2113 2608; baseline 0.006 -23"><span class='ocrx_word' id='word_1_160' title='bbox 526 2534 740 2587; x_wconf 89' lang='lat' dir='ltr'><strong>tionum</strong></span> <span class='ocrx_word' id='word_1_161' title='bbox 766 2534 888 2590; x_wconf 83' lang='lat' dir='ltr'><strong>vice</strong></span> <span class='ocrx_word' id='word_1_162' title='bbox 918 2549 1119 2589; x_wconf 87' lang='lat' dir='ltr'><strong>canere</strong></span> <span class='ocrx_word' id='word_1_163' title='bbox 1147 2549 1412 2605; x_wconf 76' lang='lat' dir='ltr'><strong>cogamur</strong></span> <span class='ocrx_word' id='word_1_164' title='bbox 1439 2547 1494 2592; x_wconf 90' lang='lat' dir='ltr'><strong>et</strong></span> <span class='ocrx_word' id='word_1_165' title='bbox 1530 2554 1630 2607; x_wconf 84' lang='lat' dir='ltr'><strong>pro</strong></span> <span class='ocrx_word' id='word_1_166' title='bbox 1662 2553 1759 2608; x_wconf 86' lang='lat' dir='ltr'><strong>spe</strong></span> <span class='ocrx_word' id='word_1_167' title='bbox 1799 2538 1940 2594; x_wconf 88' lang='lat' dir='ltr'><strong>bona</strong></span> <span class='ocrx_word' id='word_1_168' title='bbox 1973 2540 2113 2595; x_wconf 78' lang='lat' dir='ltr'><strong>dim-</strong></span> 
     </span>
    </p>
   </div>
   <div class='ocr_carea' id='block_1_28' title="bbox 525 2624 2112 2707">
    <p class='ocr_par' dir='ltr' id='par_1_28' title="bbox 525 2624 2112 2707">
     <span class='ocr_line' id='line_1_28' title="bbox 525 2624 2112 2707; baseline 0.006 -28"><span class='ocrx_word' id='word_1_169' title='bbox 525 2624 732 2679; x_wconf 90' lang='lat' dir='ltr'><strong>cillima</strong></span> <span class='ocrx_word' id='word_1_170' title='bbox 774 2641 1006 2697; x_wconf 68' lang='lat' dir='ltr'><strong>quaeque</strong></span> <span class='ocrx_word' id='word_1_171' title='bbox 1064 2628 1330 2696; x_wconf 80' lang='lat' dir='ltr'><strong>cogitare.</strong></span> <span class='ocrx_word' id='word_1_172' title='bbox 1390 2626 1485 2683; x_wconf 84' lang='lat' dir='ltr'><strong>Hei</strong></span> <span class='ocrx_word' id='word_1_173' title='bbox 1536 2630 1739 2685; x_wconf 91' lang='lat' dir='ltr'><strong>misero</strong></span> <span class='ocrx_word' id='word_1_174' title='bbox 1784 2632 1917 2686; x_wconf 92' lang='lat' dir='ltr'><strong>mihi</strong></span> <span class='ocrx_word' id='word_1_175' title='bbox 1945 2636 1958 2686; x_wconf 85' lang='lat' dir='ltr'><strong>t</strong></span> <span class='ocrx_word' id='word_1_176' title='bbox 1988 2633 2112 2707; x_wconf 84' lang='lat' dir='ltr'><strong>quis</strong></span> 
     </span>
    </p>
   </div>
   <div class='ocr_carea' id='block_1_29' title="bbox 524 2716 2112 2793">
    <p class='ocr_par' dir='ltr' id='par_1_29' title="bbox 524 2716 2112 2793">
     <span class='ocr_line' id='line_1_29' title="bbox 524 2716 2112 2793; baseline 0.005 -22"><span class='ocrx_word' id='word_1_177' title='bbox 524 2716 805 2787; x_wconf 85' lang='lat' dir='ltr'><strong>Orpheus,</strong></span> <span class='ocrx_word' id='word_1_178' title='bbox 837 2718 962 2787; x_wconf 88' lang='lat' dir='ltr'><strong>quis</strong></span> <span class='ocrx_word' id='word_1_179' title='bbox 991 2718 1147 2790; x_wconf 75' lang='lat'><strong>561</strong></span> <span class='ocrx_word' id='word_1_180' title='bbox 1180 2720 1451 2776; x_wconf 86' lang='lat' dir='ltr'><strong>Homerus</strong></span> <span class='ocrx_word' id='word_1_181' title='bbox 1485 2722 1712 2793; x_wconf 81' lang='lat' dir='ltr'><strong>dignum</strong></span> <span class='ocrx_word' id='word_1_182' title='bbox 1759 2724 2005 2779; x_wconf 88' lang='lat' dir='ltr'><strong>dolorem</strong></span> <span class='ocrx_word' id='word_1_183' title='bbox 2054 2735 2112 2780; x_wconf 92' lang='lat' dir='ltr'><strong>et</strong></span> 
     </span>
    </p>
   </div>
   <div class='ocr_carea' id='block_1_30' title="bbox 524 2812 2113 2882">
    <p class='ocr_par' dir='ltr' id='par_1_30' title="bbox 524 2812 2113 2882">
     <span class='ocr_line' id='line_1_30' title="bbox 524 2812 2113 2882; baseline 0.006 -18"><span class='ocrx_word' id='word_1_184' title='bbox 524 2812 740 2865; x_wconf 90' lang='lat' dir='ltr'><strong>luctum</strong></span> <span class='ocrx_word' id='word_1_185' title='bbox 767 2825 977 2881; x_wconf 67' lang='lat' dir='ltr'><strong>magnae</strong></span> <span class='ocrx_word' id='word_1_186' title='bbox 1007 2812 1136 2867; x_wconf 85' lang='lat' dir='ltr'><strong>huic</strong></span> <span class='ocrx_word' id='word_1_187' title='bbox 1160 2824 1216 2867; x_wconf 88' lang='lat' dir='ltr'><strong>et</strong></span> <span class='ocrx_word' id='word_1_188' title='bbox 1242 2813 1450 2882; x_wconf 73' lang='lat' dir='ltr'><strong>ingenti</strong></span> <span class='ocrx_word' id='word_1_189' title='bbox 1476 2814 1775 2870; x_wconf 88' lang='lat' dir='ltr'><strong>calamitati</strong></span> <span class='ocrx_word' id='word_1_190' title='bbox 1800 2831 2113 2881; x_wconf 86' lang='lat' dir='ltr'><strong>accommo-</strong></span> 
     </span>
    </p>
   </div>
   <div class='ocr_carea' id='block_1_31' title="bbox 526 2892 2110 2975">
    <p class='ocr_par' dir='ltr' id='par_1_31' title="bbox 526 2892 2110 2975">
     <span class='ocr_line' id='line_1_31' title="bbox 526 2892 2110 2975; baseline 0.006 -19"><span class='ocrx_word' id='word_1_191' title='bbox 526 2902 717 2958; x_wconf 81' lang='lat' dir='ltr'><strong>dabit?</strong></span> <span class='ocrx_word' id='word_1_192' title='bbox 764 2902 1080 2959; x_wconf 90' lang='lat' dir='ltr'><strong>Fluminum</strong></span> <span class='ocrx_word' id='word_1_193' title='bbox 1133 2904 1349 2971; x_wconf 81' lang='lat' dir='ltr'><strong>fontes,</strong></span> <span class='ocrx_word' id='word_1_194' title='bbox 1403 2892 1559 2962; x_wconf 89' lang='lat' dir='ltr'><strong>lacus</strong></span> <span class='ocrx_word' id='word_1_195' title='bbox 1607 2922 1832 2975; x_wconf 89' lang='lat' dir='ltr'><strong>omnes,</strong></span> <span class='ocrx_word' id='word_1_196' title='bbox 1887 2917 1943 2963; x_wconf 90' lang='lat' dir='ltr'><strong>et</strong></span> <span class='ocrx_word' id='word_1_197' title='bbox 1999 2918 2110 2966; x_wconf 83' lang='lat' dir='ltr'><strong>tota</strong></span> 
     </span>
    </p>
   </div>
   <div class='ocr_carea' id='block_1_32' title="bbox 528 2998 2107 3072">
    <p class='ocr_par' dir='ltr' id='par_1_32' title="bbox 528 2998 2107 3072">
     <span class='ocr_line' id='line_1_32' title="bbox 528 2998 2107 3072; baseline 0.003 -18"><span class='ocrx_word' id='word_1_198' title='bbox 528 3000 704 3054; x_wconf 86' lang='lat' dir='ltr'><strong>maria</strong></span> <span class='ocrx_word' id='word_1_199' title='bbox 733 3000 1125 3055; x_wconf 75' lang='lat' dir='ltr'><strong>convertimini</strong></span> <span class='ocrx_word' id='word_1_200' title='bbox 1157 3000 1212 3054; x_wconf 91' lang='lat' dir='ltr'><strong>in</strong></span> <span class='ocrx_word' id='word_1_201' title='bbox 1237 2998 1530 3072; x_wconf 81' lang='lat' dir='ltr'><strong>lacrymas,</strong></span> <span class='ocrx_word' id='word_1_202' title='bbox 1550 3010 1611 3056; x_wconf 89' lang='lat' dir='ltr'><strong>ut</strong></span> <span class='ocrx_word' id='word_1_203' title='bbox 1637 3001 1809 3056; x_wconf 89' lang='lat' dir='ltr'><strong>solem</strong></span> <span class='ocrx_word' id='word_1_204' title='bbox 1836 3011 1891 3057; x_wconf 89' lang='lat' dir='ltr'><strong>et</strong></span> <span class='ocrx_word' id='word_1_205' title='bbox 1920 3003 2107 3058; x_wconf 89' lang='lat' dir='ltr'><strong>lunam</strong></span> 
     </span>
    </p>
   </div>
   <div class='ocr_carea' id='block_1_33' title="bbox 525 3092 2111 3164">
    <p class='ocr_par' dir='ltr' id='par_1_33' title="bbox 525 3092 2111 3164">
     <span class='ocr_line' id='line_1_33' title="bbox 525 3092 2111 3164; baseline 0.003 -18"><span class='ocrx_word' id='word_1_206' title='bbox 525 3102 583 3146; x_wconf 83' lang='lat' dir='ltr'><strong>et</strong></span> <span class='ocrx_word' id='word_1_207' title='bbox 614 3103 764 3148; x_wconf 88' lang='lat' dir='ltr'><strong>astra</strong></span> <span class='ocrx_word' id='word_1_208' title='bbox 797 3092 1056 3164; x_wconf 83' lang='lat' dir='ltr'><strong>laerymis</strong></span> <span class='ocrx_word' id='word_1_209' title='bbox 1087 3092 1268 3148; x_wconf 89' lang='lat' dir='ltr'><strong>alatis.</strong></span> <span class='ocrx_word' id='word_1_210' title='bbox 1320 3092 1436 3149; x_wconf 87' lang='lat' dir='ltr'><strong>lleu</strong></span> <span class='ocrx_word' id='word_1_211' title='bbox 1482 3097 1607 3162; x_wconf 84' lang='lat' dir='ltr'><strong>quis</strong></span> <span class='ocrx_word' id='word_1_212' title='bbox 1650 3110 1681 3150; x_wconf 88' lang='lat' dir='ltr'><strong>e</strong></span> <span class='ocrx_word' id='word_1_213' title='bbox 1716 3095 1897 3150; x_wconf 87' lang='lat' dir='ltr'><strong>medio</strong></span> <span class='ocrx_word' id='word_1_214' title='bbox 1932 3106 2111 3151; x_wconf 85' lang='lat' dir='ltr'><strong>terra-</strong></span> 
     </span>
    </p>
   </div>
   <div class='ocr_carea' id='block_1_34' title="bbox 2220 607 3763 687">
    <p class='ocr_par' dir='ltr' id='par_1_34' title="bbox 2220 607 3763 687">
     <span class='ocr_line' id='line_1_34' title="bbox 2220 607 3763 687; baseline 0.016 -31"><span class='ocrx_word' id='word_1_215' title='bbox 2220 608 2328 676; x_wconf 75' lang='grc' dir='ltr'><strong>μὴν</strong></span> <span class='ocrx_word' id='word_1_216' title='bbox 2368 607 2514 672; x_wconf 76' lang='grc' dir='ltr'>ἄπας</span> <span class='ocrx_word' id='word_1_217' title='bbox 2542 609 2643 677; x_wconf 80' lang='grc' dir='ltr'>τῆς</span> <span class='ocrx_word' id='word_1_218' title='bbox 2668 613 2832 664; x_wconf 75' lang='grc' dir='ltr'>αὐτοῦ</span> <span class='ocrx_word' id='word_1_219' title='bbox 2855 613 3003 682; x_wconf 76' lang='grc' dir='ltr'>ζωῆς</span> <span class='ocrx_word' id='word_1_220' title='bbox 3026 616 3217 683; x_wconf 85' lang='grc' dir='ltr'>χρόνος</span> <span class='ocrx_word' id='word_1_221' title='bbox 3242 619 3370 687; x_wconf 84' lang='grc' dir='ltr'>περί</span> <span class='ocrx_word' id='word_1_222' title='bbox 3401 637 3502 673; x_wconf 86' lang='grc' dir='ltr'><strong>που</strong></span> <span class='ocrx_word' id='word_1_223' title='bbox 3534 624 3596 676; x_wconf 87' lang='grc' dir='ltr'>τὰ</span> <span class='ocrx_word' id='word_1_224' title='bbox 3621 626 3682 679; x_wconf 81' lang='grc' dir='ltr'><strong>πέ</strong></span> <span class='ocrx_word' id='word_1_225' title='bbox 3701 645 3763 680; x_wconf 67' lang='grc' dir='ltr'><strong>ιτε</strong></span> 
     </span>
    </p>
   </div>
   <div class='ocr_carea' id='block_1_35' title="bbox 2217 700 3764 784">
    <p class='ocr_par' dir='ltr' id='par_1_35' title="bbox 2217 700 3764 784">
     <span class='ocr_line' id='line_1_35' title="bbox 2217 700 3764 784; baseline 0.012 -32"><span class='ocrx_word' id='word_1_226' title='bbox 2217 700 2313 753; x_wconf 76' lang='grc' dir='ltr'>καὶ</span> <span class='ocrx_word' id='word_1_227' title='bbox 2350 704 2757 773; x_wconf 88' lang='grc' dir='ltr'>τεσσαράκοντα</span> <span class='ocrx_word' id='word_1_228' title='bbox 2794 705 2915 775; x_wconf 68' lang='grc' dir='ltr'>ἐτη“</span> <span class='ocrx_word' id='word_1_229' title='bbox 2929 708 3224 776; x_wconf 70' lang='grc' dir='ltr'><strong>ἐτύγχανεν</strong></span> <span class='ocrx_word' id='word_1_230' title='bbox 3253 710 3328 763; x_wconf 82' lang='grc' dir='ltr'>ὧν</span> <span class='ocrx_word' id='word_1_231' title='bbox 3352 729 3368 744; x_wconf 78' lang='grc' dir='ltr'><strong><em>ο</em></strong></span> <span class='ocrx_word' id='word_1_232' title='bbox 3400 705 3566 778; x_wconf 57' lang='grc' dir='ltr'><strong>ὲῖὦν</strong></span> <span class='ocrx_word' id='word_1_233' title='bbox 3591 718 3653 769; x_wconf 69' lang='grc' dir='ltr'><strong>τὰ</strong></span> <span class='ocrx_word' id='word_1_234' title='bbox 3678 722 3764 784; x_wconf 78' lang='grc' dir='ltr'>τῆς</span> 
     </span>
    </p>
   </div>
   <div class='ocr_carea' id='block_1_36' title="bbox 2216 790 3767 876">
    <p class='ocr_par' dir='ltr' id='par_1_36' title="bbox 2216 790 3767 876">
     <span class='ocr_line' id='line_1_36' title="bbox 2216 790 3767 876; baseline 0.012 -32"><span class='ocrx_word' id='word_1_235' title='bbox 2216 790 2651 863; x_wconf 74' lang='grc' dir='ltr'><strong>αὐτοκρατορίας</strong></span> <span class='ocrx_word' id='word_1_236' title='bbox 2706 797 2799 867; x_wconf 83' lang='grc' dir='ltr'>ἔτη</span> <span class='ocrx_word' id='word_1_237' title='bbox 2853 798 2965 866; x_wconf 70' lang='grc'><strong>(45)</strong></span> <span class='ocrx_word' id='word_1_238' title='bbox 3017 801 3338 855; x_wconf 78' lang='grc' dir='ltr'>δυοκαίδεκα</span> <span class='ocrx_word' id='word_1_239' title='bbox 3390 798 3458 873; x_wconf 81' lang='grc' dir='ltr'>ἦν</span> <span class='ocrx_word' id='word_1_240' title='bbox 3505 805 3635 876; x_wconf 67' lang='grc'>(46),</span> <span class='ocrx_word' id='word_1_241' title='bbox 3685 811 3767 863; x_wconf 73' lang='grc' dir='ltr'>καὶ</span> 
     </span>
    </p>
   </div>
   <div class='ocr_carea' id='block_1_37' title="bbox 2216 884 3839 972">
    <p class='ocr_par' dir='ltr' id='par_1_37' title="bbox 2216 884 3839 972">
     <span class='ocr_line' id='line_1_37' title="bbox 2216 884 3839 972; baseline 0.014 -39"><span class='ocrx_word' id='word_1_242' title='bbox 2216 884 2422 951; x_wconf 73' lang='grc' dir='ltr'>ἡμέραι</span> <span class='ocrx_word' id='word_1_243' title='bbox 2452 886 2546 939; x_wconf 84' lang='grc' dir='ltr'><strong>δύο</strong></span> <span class='ocrx_word' id='word_1_244' title='bbox 2579 890 2674 943; x_wconf 75' lang='grc' dir='ltr'>καὶ</span> <span class='ocrx_word' id='word_1_245' title='bbox 2700 892 2926 947; x_wconf 80' lang='grc' dir='ltr'>εῖκοσιν.</span> <span class='ocrx_word' id='word_1_246' title='bbox 2961 892 3020 957; x_wconf 79' lang='grc' dir='ltr'>ἐξ</span> <span class='ocrx_word' id='word_1_247' title='bbox 3047 894 3282 963; x_wconf 80' lang='grc' dir='ltr'><strong>ὅτουπερ</strong></span> <span class='ocrx_word' id='word_1_248' title='bbox 3324 890 3433 949; x_wconf 70' lang='grc' dir='ltr'>εἷλε</span> <span class='ocrx_word' id='word_1_249' title='bbox 3458 897 3649 972; x_wconf 73' lang='grc' dir='ltr'>δηλαδὴ</span> <span class='ocrx_word' id='word_1_250' title='bbox 3679 920 3769 955; x_wconf 91' lang='grc' dir='ltr'>πο-</span> <span class='ocrx_word' id='word_1_251' title='bbox 3836 914 3839 917; x_wconf 86' lang='grc'><em>’</em></span> 
     </span>
    </p>
   </div>
   <div class='ocr_carea' id='block_1_38' title="bbox 2215 973 3519 1051">
    <p class='ocr_par' dir='ltr' id='par_1_38' title="bbox 2215 973 3519 1051">
     <span class='ocr_line' id='line_1_38' title="bbox 2215 973 3519 1051; baseline 0.012 -26"><span class='ocrx_word' id='word_1_252' title='bbox 2215 973 2384 1042; x_wconf 84' lang='grc' dir='ltr'>λέμου</span> <span class='ocrx_word' id='word_1_253' title='bbox 2409 977 2557 1047; x_wconf 83' lang='grc' dir='ltr'>νόμῳ</span> <span class='ocrx_word' id='word_1_254' title='bbox 2581 978 2680 1039; x_wconf 89' lang='grc' dir='ltr'>τὴν</span> <span class='ocrx_word' id='word_1_255' title='bbox 2712 979 2823 1032; x_wconf 83' lang='grc' dir='ltr'><strong>τῶν</strong></span> <span class='ocrx_word' id='word_1_256' title='bbox 2861 981 3070 1035; x_wconf 89' lang='grc' dir='ltr'>πόλεων</span> <span class='ocrx_word' id='word_1_257' title='bbox 3111 982 3519 1051; x_wconf 76' lang='grc' dir='ltr'><strong>βασιλεύουσαν.</strong></span> 
     </span>
    </p>
   </div>
   <div class='ocr_carea' id='block_1_39' title="bbox 2288 1067 3770 1153">
    <p class='ocr_par' dir='ltr' id='par_1_39' title="bbox 2288 1067 3770 1153">
     <span class='ocr_line' id='line_1_39' title="bbox 2288 1067 3770 1153; baseline 0.013 -34"><span class='ocrx_word' id='word_1_258' title='bbox 2288 1067 2363 1120; x_wconf 87' lang='lat' dir='ltr'><strong>B’.</strong></span> <span class='ocrx_word' id='word_1_259' title='bbox 2398 1069 2475 1136; x_wconf 83' lang='grc' dir='ltr'><strong>Τῇ</strong></span> <span class='ocrx_word' id='word_1_260' title='bbox 2523 1070 2579 1122; x_wconf 72' lang='grc' dir='ltr'>δὲ</span> <span class='ocrx_word' id='word_1_261' title='bbox 2634 1072 2794 1145; x_wconf 84' lang='grc' dir='ltr'>τρίτῃ</span> <span class='ocrx_word' id='word_1_262' title='bbox 2855 1072 2950 1127; x_wconf 79' lang='grc' dir='ltr'><strong>τοῦ</strong></span> <span class='ocrx_word' id='word_1_263' title='bbox 3013 1075 3243 1138; x_wconf 78' lang='grc' dir='ltr'><strong>πένθους</strong></span> <span class='ocrx_word' id='word_1_264' title='bbox 3270 1076 3386 1148; x_wconf 70' lang='grc'><strong>(67)</strong></span> <span class='ocrx_word' id='word_1_265' title='bbox 3435 1080 3630 1150; x_wconf 78' lang='grc' dir='ltr'>ἡμέρᾳ,</span> <span class='ocrx_word' id='word_1_266' title='bbox 3682 1084 3770 1153; x_wconf 80' lang='grc' dir='ltr'>τῆς</span> 
     </span>
    </p>
   </div>
   <div class='ocr_carea' id='block_1_40' title="bbox 2217 1158 3767 1242">
    <p class='ocr_par' dir='ltr' id='par_1_40' title="bbox 2217 1158 3767 1242">
     <span class='ocr_line' id='line_1_40' title="bbox 2217 1158 3767 1242; baseline 0.012 -32"><span class='ocrx_word' id='word_1_267' title='bbox 2217 1158 2489 1229; x_wconf 71' lang='grc' dir='ltr'>βασιλίδος</span> <span class='ocrx_word' id='word_1_268' title='bbox 2520 1163 2720 1231; x_wconf 73' lang='lat' dir='ltr'><strong>&quot;Avqu</strong></span> <span class='ocrx_word' id='word_1_269' title='bbox 2746 1166 2958 1219; x_wconf 72' lang='grc' dir='ltr'>ἐκεῖθεν</span> <span class='ocrx_word' id='word_1_270' title='bbox 2987 1168 3317 1239; x_wconf 78' lang='grc' dir='ltr'>ἐπανιούσης</span> <span class='ocrx_word' id='word_1_271' title='bbox 3340 1172 3399 1231; x_wconf 73' lang='grc' dir='ltr'>ἐς</span> <span class='ocrx_word' id='word_1_272' title='bbox 3426 1172 3494 1225; x_wconf 80' lang='grc' dir='ltr'>τὰ</span> <span class='ocrx_word' id='word_1_273' title='bbox 3522 1173 3767 1242; x_wconf 82' lang='grc' dir='ltr'>βασίλεια,</span> 
     </span>
    </p>
   </div>
   <div class='ocr_carea' id='block_1_41' title="bbox 2218 1251 3769 1334">
    <p class='ocr_par' dir='ltr' id='par_1_41' title="bbox 2218 1251 3769 1334">
     <span class='ocr_line' id='line_1_41' title="bbox 2218 1251 3769 1334; baseline 0.009 -31"><span class='ocrx_word' id='word_1_274' title='bbox 2218 1251 2385 1322; x_wconf 82' lang='grc' dir='ltr'>μέρος</span> <span class='ocrx_word' id='word_1_275' title='bbox 2415 1255 2514 1324; x_wconf 76' lang='grc' dir='ltr'><strong>ήδη</strong></span> <span class='ocrx_word' id='word_1_276' title='bbox 2545 1255 2653 1312; x_wconf 83' lang='grc' dir='ltr'>τῶν</span> <span class='ocrx_word' id='word_1_277' title='bbox 2686 1259 2802 1310; x_wconf 76' lang='grc' dir='ltr'>ἐκεῖ</span> <span class='ocrx_word' id='word_1_278' title='bbox 2828 1261 3265 1327; x_wconf 81' lang='grc' dir='ltr'>συνειλεγμένων</span> <span class='ocrx_word' id='word_1_279' title='bbox 3295 1262 3591 1334; x_wconf 74' lang='grc' dir='ltr'>δγιγνόμην</span> <span class='ocrx_word' id='word_1_280' title='bbox 3611 1266 3769 1330; x_wconf 83' lang='grc' dir='ltr'>κάγὼ,</span> 
     </span>
    </p>
   </div>
   <div class='ocr_carea' id='block_1_42' title="bbox 2217 1346 3772 1425">
    <p class='ocr_par' dir='ltr' id='par_1_42' title="bbox 2217 1346 3772 1425">
     <span class='ocr_line' id='line_1_42' title="bbox 2217 1346 3772 1425; baseline 0.006 -27"><span class='ocrx_word' id='word_1_281' title='bbox 2217 1346 2373 1419; x_wconf 80' lang='grc' dir='ltr'>μόλις</span> <span class='ocrx_word' id='word_1_282' title='bbox 2397 1347 2496 1416; x_wconf 83' lang='grc' dir='ltr'>τῆς</span> <span class='ocrx_word' id='word_1_283' title='bbox 2540 1349 2878 1418; x_wconf 81' lang='grc' dir='ltr'>κατεχούσης</span> <span class='ocrx_word' id='word_1_284' title='bbox 2931 1369 2998 1419; x_wconf 87' lang='grc' dir='ltr'><strong>με</strong></span> <span class='ocrx_word' id='word_1_285' title='bbox 3042 1353 3199 1406; x_wconf 82' lang='grc' dir='ltr'>νόσου</span> <span class='ocrx_word' id='word_1_286' title='bbox 3230 1353 3450 1425; x_wconf 74' lang='grc' dir='ltr'>ῥαΐσας.</span> <span class='ocrx_word' id='word_1_287' title='bbox 3495 1356 3604 1409; x_wconf 75' lang='grc' dir='ltr'><strong>Καὶ</strong></span> <span class='ocrx_word' id='word_1_288' title='bbox 3627 1356 3772 1418; x_wconf 73' lang='grc' dir='ltr'>εὐθὺς</span> 
     </span>
    </p>
   </div>
   <div class='ocr_carea' id='block_1_43' title="bbox 2214 1440 3771 1516">
    <p class='ocr_par' dir='ltr' id='par_1_43' title="bbox 2214 1440 3771 1516">
     <span class='ocr_line' id='line_1_43' title="bbox 2214 1440 3771 1516; baseline 0.005 -25"><span class='ocrx_word' id='word_1_289' title='bbox 2214 1441 2555 1508; x_wconf 75' lang='grc' dir='ltr'>προτραπεὶς</span> <span class='ocrx_word' id='word_1_290' title='bbox 2598 1443 2702 1495; x_wconf 85' lang='grc' dir='ltr'>ὑπό</span> <span class='ocrx_word' id='word_1_291' title='bbox 2757 1461 2817 1496; x_wconf 89' lang='grc' dir='ltr'><strong>τε</strong></span> <span class='ocrx_word' id='word_1_292' title='bbox 2863 1443 2960 1496; x_wconf 83' lang='grc' dir='ltr'>τοῦ</span> <span class='ocrx_word' id='word_1_293' title='bbox 3002 1446 3343 1516; x_wconf 78' lang='grc' dir='ltr'>πατριάρχου</span> <span class='ocrx_word' id='word_1_294' title='bbox 3394 1440 3486 1501; x_wconf 78' lang='grc' dir='ltr'>καὶ</span> <span class='ocrx_word' id='word_1_295' title='bbox 3522 1449 3628 1501; x_wconf 82' lang='grc' dir='ltr'><strong>τῶν</strong></span> <span class='ocrx_word' id='word_1_296' title='bbox 3661 1449 3771 1501; x_wconf 84' lang='grc' dir='ltr'>καθ’</span> 
     </span>
    </p>
   </div>
   <div class='ocr_carea' id='block_1_44' title="bbox 2211 1526 3773 1608">
    <p class='ocr_par' dir='ltr' id='par_1_44' title="bbox 2211 1526 3773 1608">
     <span class='ocr_line' id='line_1_44' title="bbox 2211 1526 3773 1608; baseline 0.008 -29"><span class='ocrx_word' id='word_1_297' title='bbox 2211 1526 2352 1597; x_wconf 76' lang='grc' dir='ltr'>αἷμα</span> <span class='ocrx_word' id='word_1_298' title='bbox 2364 1531 2442 1601; x_wconf 80' lang='grc' dir='ltr'>τῷ</span> <span class='ocrx_word' id='word_1_299' title='bbox 2465 1531 2676 1602; x_wconf 81' lang='grc' dir='ltr'>βασιλεῖ</span> <span class='ocrx_word' id='word_1_300' title='bbox 2701 1534 3086 1603; x_wconf 76' lang='grc' dir='ltr'>προτηκόντων</span> <span class='ocrx_word' id='word_1_301' title='bbox 3106 1536 3364 1590; x_wconf 85' lang='grc' dir='ltr'>ἁπάντων</span> <span class='ocrx_word' id='word_1_302' title='bbox 3375 1538 3500 1602; x_wconf 80' lang='grc' dir='ltr'>τοὺς</span> <span class='ocrx_word' id='word_1_303' title='bbox 3516 1537 3591 1607; x_wconf 85' lang='grc' dir='ltr'>τῷ</span> <span class='ocrx_word' id='word_1_304' title='bbox 3614 1537 3773 1608; x_wconf 87' lang='grc' dir='ltr'>καιρῷ</span> 
     </span>
    </p>
   </div>
   <div class='ocr_carea' id='block_1_45' title="bbox 2214 1626 3774 1701">
    <p class='ocr_par' dir='ltr' id='par_1_45' title="bbox 2214 1626 3774 1701">
     <span class='ocr_line' id='line_1_45' title="bbox 2214 1626 3774 1701; baseline 0.003 -23"><span class='ocrx_word' id='word_1_305' title='bbox 2214 1629 2593 1693; x_wconf 82' lang='grc' dir='ltr'>προσήκοντας</span> <span class='ocrx_word' id='word_1_306' title='bbox 2630 1626 2861 1696; x_wconf 83' lang='grc' dir='ltr'>θρήνους</span> <span class='ocrx_word' id='word_1_307' title='bbox 2883 1630 2950 1699; x_wconf 82' lang='grc' dir='ltr'><strong>τῇ</strong></span> <span class='ocrx_word' id='word_1_308' title='bbox 2991 1628 3205 1701; x_wconf 82' lang='grc' dir='ltr'>γλώττῃ</span> <span class='ocrx_word' id='word_1_309' title='bbox 3226 1628 3535 1694; x_wconf 80' lang='grc' dir='ltr'><strong>διεξελθεῖν,</strong></span> <span class='ocrx_word' id='word_1_310' title='bbox 3589 1630 3774 1700; x_wconf 77' lang='grc' dir='ltr'>παρελρ</span> 
     </span>
    </p>
   </div>
   <div class='ocr_carea' id='block_1_46' title="bbox 2214 1704 2741 1787">
    <p class='ocr_par' dir='ltr' id='par_1_46' title="bbox 2214 1704 2741 1787">
     <span class='ocr_line' id='line_1_46' title="bbox 2214 1704 2741 1787; baseline 0.009 -15"><span class='ocrx_word' id='word_1_311' title='bbox 2214 1719 2325 1773; x_wconf 87' lang='grc' dir='ltr'>θὼν</span> <span class='ocrx_word' id='word_1_312' title='bbox 2358 1704 2741 1787; x_wconf 75' lang='grc' dir='ltr'>ιλεξα’τοιάδε·</span> 
     </span>
    </p>
   </div>
   <div class='ocr_carea' id='block_1_47' title="bbox 2144 1815 3773 1904">
    <p class='ocr_par' dir='ltr' id='par_1_47' title="bbox 2144 1815 3773 1904">
     <span class='ocr_line' id='line_1_47' title="bbox 2144 1815 3773 1904; baseline 0.001 -35"><span class='ocrx_word' id='word_1_313' title='bbox 2144 1844 2186 1904; x_wconf 73' lang='grc' dir='ltr'><strong>Β</strong></span> <span class='ocrx_word' id='word_1_314' title='bbox 2285 1816 2359 1870; x_wconf 86' lang='grc' dir='ltr'><strong>Γ’.</strong></span> <span class='ocrx_word' id='word_1_315' title='bbox 2396 1835 2415 1868; x_wconf 77' lang='grc' dir='ltr'><strong>ι</strong></span> <span class='ocrx_word' id='word_1_316' title='bbox 2455 1815 2651 1886; x_wconf 80' lang='grc' dir='ltr'>Ἡμεῖς</span> <span class='ocrx_word' id='word_1_317' title='bbox 2682 1818 2760 1880; x_wconf 80' lang='grc' dir='ltr'>δὲ,</span> <span class='ocrx_word' id='word_1_318' title='bbox 2788 1833 2834 1870; x_wconf 89' lang='grc' dir='ltr'><strong>ω</strong></span> <span class='ocrx_word' id='word_1_319' title='bbox 2872 1816 3164 1888; x_wconf 84' lang='grc' dir='ltr'>παρόντες,</span> <span class='ocrx_word' id='word_1_320' title='bbox 3189 1816 3497 1880; x_wconf 74' lang='grc' dir='ltr'>ἐπινικίους</span> <span class='ocrx_word' id='word_1_321' title='bbox 3516 1818 3654 1889; x_wconf 79' lang='grc' dir='ltr'>ᾄδειν</span> <span class='ocrx_word' id='word_1_322' title='bbox 3687 1820 3773 1872; x_wconf 76' lang='grc' dir='ltr'>καὶ</span> 
     </span>
    </p>
   </div>
   <div class='ocr_carea' id='block_1_48' title="bbox 2218 1909 3773 1982">
    <p class='ocr_par' dir='ltr' id='par_1_48' title="bbox 2218 1909 3773 1982">
     <span class='ocr_line' id='line_1_48' title="bbox 2218 1909 3773 1982; baseline 0.004 -20"><span class='ocrx_word' id='word_1_323' title='bbox 2218 1909 2422 1978; x_wconf 86' lang='grc' dir='ltr'>θέατρα</span> <span class='ocrx_word' id='word_1_324' title='bbox 2469 1912 2791 1978; x_wconf 78' lang='grc' dir='ltr'>συγκροτεῖν</span> <span class='ocrx_word' id='word_1_325' title='bbox 2834 1912 3127 1980; x_wconf 71' lang='grc' dir='ltr'>ἐγκωμίων</span> <span class='ocrx_word' id='word_1_326' title='bbox 3160 1910 3254 1964; x_wconf 75' lang='grc' dir='ltr'><strong>τοῦ</strong></span> <span class='ocrx_word' id='word_1_327' title='bbox 3307 1911 3583 1964; x_wconf 85' lang='grc' dir='ltr'>θειοτάτου</span> <span class='ocrx_word' id='word_1_328' title='bbox 3635 1912 3773 1982; x_wconf 75' lang='grc' dir='ltr'>βασι-</span> 
     </span>
    </p>
   </div>
   <div class='ocr_carea' id='block_1_49' title="bbox 2215 2001 3772 2074">
    <p class='ocr_par' dir='ltr' id='par_1_49' title="bbox 2215 2001 3772 2074">
     <span class='ocr_line' id='line_1_49' title="bbox 2215 2001 3772 2074; baseline 0.003 -20"><span class='ocrx_word' id='word_1_329' title='bbox 2215 2001 2353 2064; x_wconf 86' lang='grc' dir='ltr'>λέως</span> <span class='ocrx_word' id='word_1_330' title='bbox 2374 2001 2677 2071; x_wconf 76' lang='grc' dir='ltr'>ἠλπίζομεν</span> <span class='ocrx_word' id='word_1_331' title='bbox 2720 2004 2817 2057; x_wconf 77' lang='grc' dir='ltr'>καὶ</span> <span class='ocrx_word' id='word_1_332' title='bbox 2859 2003 3115 2073; x_wconf 80' lang='grc' dir='ltr'>λογικοὺς</span> <span class='ocrx_word' id='word_1_333' title='bbox 3159 2005 3462 2074; x_wconf 80' lang='grc' dir='ltr'>στεφάνους</span> <span class='ocrx_word' id='word_1_334' title='bbox 3486 2006 3772 2061; x_wconf 74' lang='grc' dir='ltr'>ἀνατιθέναι</span> 
     </span>
    </p>
   </div>
   <div class='ocr_carea' id='block_1_50' title="bbox 2215 2092 3772 2164">
    <p class='ocr_par' dir='ltr' id='par_1_50' title="bbox 2215 2092 3772 2164">
     <span class='ocr_line' id='line_1_50' title="bbox 2215 2092 3772 2164; baseline 0.001 -21"><span class='ocrx_word' id='word_1_335' title='bbox 2215 2094 2281 2161; x_wconf 80' lang='grc' dir='ltr'><strong>τῇ</strong></span> <span class='ocrx_word' id='word_1_336' title='bbox 2321 2092 2528 2145; x_wconf 76' lang='grc' dir='ltr'>ἐκείνου</span> <span class='ocrx_word' id='word_1_337' title='bbox 2567 2092 2822 2163; x_wconf 78' lang='grc' dir='ltr'>βασιλικῇ</span> <span class='ocrx_word' id='word_1_338' title='bbox 2859 2096 3097 2164; x_wconf 76' lang='grc' dir='ltr'>κορυφῇ,</span> <span class='ocrx_word' id='word_1_339' title='bbox 3144 2096 3350 2163; x_wconf 73' lang='grc' dir='ltr'>μικράς</span> <span class='ocrx_word' id='word_1_340' title='bbox 3384 2111 3535 2157; x_wconf 86' lang='grc' dir='ltr'>τινας</span> <span class='ocrx_word' id='word_1_341' title='bbox 3561 2093 3772 2164; x_wconf 74' lang='grc' dir='ltr'>ἀμοιϐὰς</span> 
     </span>
    </p>
   </div>
   <div class='ocr_carea' id='block_1_51' title="bbox 2218 2184 3775 2258">
    <p class='ocr_par' dir='ltr' id='par_1_51' title="bbox 2218 2184 3775 2258">
     <span class='ocr_line' id='line_1_51' title="bbox 2218 2184 3775 2258; baseline -0.003 -19"><span class='ocrx_word' id='word_1_342' title='bbox 2218 2185 2298 2258; x_wconf 85' lang='grc' dir='ltr'><strong>[Ρ.</strong></span> <span class='ocrx_word' id='word_1_343' title='bbox 2336 2184 2465 2257; x_wconf 70' lang='grc'><strong>517]</strong></span> <span class='ocrx_word' id='word_1_344' title='bbox 2505 2186 2757 2255; x_wconf 79' lang='grc' dir='ltr'>μεγάλων</span> <span class='ocrx_word' id='word_1_345' title='bbox 2792 2185 3033 2254; x_wconf 75' lang='grc' dir='ltr'>ἱδρώτων</span> <span class='ocrx_word' id='word_1_346' title='bbox 3064 2187 3159 2238; x_wconf 69' lang='grc' dir='ltr'><strong>καλ⁵</strong></span> <span class='ocrx_word' id='word_1_347' title='bbox 3202 2184 3431 2255; x_wconf 85' lang='grc' dir='ltr'>μακρῶν</span> <span class='ocrx_word' id='word_1_348' title='bbox 3459 2187 3554 2239; x_wconf 71' lang='grc' dir='ltr'>καὶ</span> <span class='ocrx_word' id='word_1_349' title='bbox 3599 2187 3775 2252; x_wconf 74' lang='grc' dir='ltr'>ὕπεροο</span> 
     </span>
    </p>
   </div>
   <div class='ocr_carea' id='block_1_52' title="bbox 2218 2279 3772 2351">
    <p class='ocr_par' dir='ltr' id='par_1_52' title="bbox 2218 2279 3772 2351">
     <span class='ocr_line' id='line_1_52' title="bbox 2218 2279 3772 2351; baseline -0.001 -19"><span class='ocrx_word' id='word_1_350' title='bbox 2218 2281 2351 2350; x_wconf 85' lang='grc' dir='ltr'>ρίων</span> <span class='ocrx_word' id='word_1_351' title='bbox 2393 2282 2655 2347; x_wconf 83' lang='grc' dir='ltr'>καμάτων</span> <span class='ocrx_word' id='word_1_352' title='bbox 2699 2281 2796 2333; x_wconf 71' lang='grc' dir='ltr'>καὶ</span> <span class='ocrx_word' id='word_1_353' title='bbox 2825 2279 3043 2349; x_wconf 85' lang='grc' dir='ltr'>μόχθων</span> <span class='ocrx_word' id='word_1_354' title='bbox 3079 2280 3343 2349; x_wconf 79' lang='grc' dir='ltr'>βραχεῖαν</span> <span class='ocrx_word' id='word_1_355' title='bbox 3374 2281 3475 2351; x_wconf 85' lang='grc' dir='ltr'>τῆς</span> <span class='ocrx_word' id='word_1_356' title='bbox 3521 2282 3772 2349; x_wconf 81' lang='grc' dir='ltr'>ἡμετέρας</span> 
     </span>
    </p>
   </div>
   <div class='ocr_carea' id='block_1_53' title="bbox 2214 2368 3772 2439">
    <p class='ocr_par' dir='ltr' id='par_1_53' title="bbox 2214 2368 3772 2439">
     <span class='ocr_line' id='line_1_53' title="bbox 2214 2368 3772 2439; baseline 0 -17"><span class='ocrx_word' id='word_1_357' title='bbox 2214 2369 2427 2431; x_wconf 76' lang='grc' dir='ltr'>εὐνοίας</span> <span class='ocrx_word' id='word_1_358' title='bbox 2458 2369 2746 2424; x_wconf 80' lang='grc' dir='ltr'>ἀντίδοσιν.</span> <span class='ocrx_word' id='word_1_359' title='bbox 2793 2368 2975 2423; x_wconf 79' lang='grc' dir='ltr'>Ἀλλά⁶</span> <span class='ocrx_word' id='word_1_360' title='bbox 3005 2370 3116 2437; x_wconf 78' lang='grc' dir='ltr'>φεῦ.</span> <span class='ocrx_word' id='word_1_361' title='bbox 3136 2370 3231 2421; x_wconf 85' lang='grc' dir='ltr'>τοῦ</span> <span class='ocrx_word' id='word_1_362' title='bbox 3287 2371 3520 2432; x_wconf 83' lang='grc' dir='ltr'>πάθους·</span> <span class='ocrx_word' id='word_1_363' title='bbox 3551 2372 3772 2439; x_wconf 76' lang='grc' dir='ltr'>ἑτέρανό</span> 
     </span>
    </p>
   </div>
   <div class='ocr_carea' id='block_1_54' title="bbox 2213 2461 3832 2534">
    <p class='ocr_par' dir='ltr' id='par_1_54' title="bbox 2213 2461 3832 2534">
     <span class='ocr_line' id='line_1_54' title="bbox 2213 2461 3832 2534; baseline -0.003 -1"><span class='ocrx_word' id='word_1_364' title='bbox 2213 2463 2404 2534; x_wconf 69' lang='grc' dir='ltr'>χρόνος</span> <span class='ocrx_word' id='word_1_365' title='bbox 2432 2465 2566 2531; x_wconf 79' lang='grc' dir='ltr'>ἡμῖν</span> <span class='ocrx_word' id='word_1_366' title='bbox 2607 2462 2886 2531; x_wconf 67' lang='grc' dir='ltr'>ἐσχεδίασε</span> <span class='ocrx_word' id='word_1_367' title='bbox 2935 2463 3175 2531; x_wconf 68' lang='grc' dir='ltr'>σήμερθν</span> <span class='ocrx_word' id='word_1_368' title='bbox 3219 2465 3510 2532; x_wconf 62' lang='grc' dir='ltr'>συμφορὶν</span> <span class='ocrx_word' id='word_1_369' title='bbox 3537 2464 3627 2525; x_wconf 65' lang='grc' dir='ltr'>καὶ</span> <span class='ocrx_word' id='word_1_370' title='bbox 3655 2461 3770 2529; x_wconf 77' lang='grc' dir='ltr'>θρή-</span> <span class='ocrx_word' id='word_1_371' title='bbox 3823 2475 3832 2485; x_wconf 91' lang='grc'><strong>·</strong></span> 
     </span>
    </p>
   </div>
   <div class='ocr_carea' id='block_1_55' title="bbox 2215 2554 3767 2625">
    <p class='ocr_par' dir='ltr' id='par_1_55' title="bbox 2215 2554 3767 2625">
     <span class='ocr_line' id='line_1_55' title="bbox 2215 2554 3767 2625; baseline -0.005 -15"><span class='ocrx_word' id='word_1_372' title='bbox 2215 2573 2340 2621; x_wconf 89' lang='grc' dir='ltr'>νους</span> <span class='ocrx_word' id='word_1_373' title='bbox 2383 2556 2567 2609; x_wconf 79' lang='grc' dir='ltr'>λοιπὸν</span> <span class='ocrx_word' id='word_1_374' title='bbox 2615 2556 2731 2610; x_wconf 66' lang='grc' dir='ltr'>ἀιτ⁹</span> <span class='ocrx_word' id='word_1_375' title='bbox 2759 2554 3052 2624; x_wconf 70' lang='grc' dir='ltr'>ἐγκωμίων</span> <span class='ocrx_word' id='word_1_376' title='bbox 3086 2555 3515 2625; x_wconf 77' lang='grc' dir='ltr'>ἀναγκαζόμεθα</span> <span class='ocrx_word' id='word_1_377' title='bbox 3564 2554 3767 2608; x_wconf 78' lang='grc' dir='ltr'>πλέκειν</span> 
     </span>
    </p>
   </div>
   <div class='ocr_carea' id='block_1_56' title="bbox 2214 2644 3772 2718">
    <p class='ocr_par' dir='ltr' id='par_1_56' title="bbox 2214 2644 3772 2718">
     <span class='ocr_line' id='line_1_56' title="bbox 2214 2644 3772 2718; baseline -0.004 -15"><span class='ocrx_word' id='word_1_378' title='bbox 2214 2650 2310 2703; x_wconf 76' lang='grc' dir='ltr'><strong>καὶ</strong></span> <span class='ocrx_word' id='word_1_379' title='bbox 2340 2650 2462 2703; x_wconf 81' lang='grc' dir='ltr'>ἀντὶ</span> <span class='ocrx_word' id='word_1_380' title='bbox 2489 2648 2597 2700; x_wconf 75' lang='grc' dir='ltr'>τῶν</span> <span class='ocrx_word' id='word_1_381' title='bbox 2631 2646 2842 2701; x_wconf 74' lang='grc' dir='ltr'>ἐκείνου</span> <span class='ocrx_word' id='word_1_382' title='bbox 2865 2646 3142 2715; x_wconf 85' lang='grc' dir='ltr'>τροπαίων</span> <span class='ocrx_word' id='word_1_383' title='bbox 3170 2649 3297 2709; x_wconf 80' lang='grc' dir='ltr'>τοὺς</span> <span class='ocrx_word' id='word_1_384' title='bbox 3333 2648 3492 2718; x_wconf 78' lang='grc' dir='ltr'>ἡμῶν</span> <span class='ocrx_word' id='word_1_385' title='bbox 3539 2644 3772 2714; x_wconf 81' lang='grc' dir='ltr'>ἀριθμεῖν</span> 
     </span>
    </p>
   </div>
   <div class='ocr_carea' id='block_1_57' title="bbox 2206 2734 3770 2810">
    <p class='ocr_par' dir='ltr' id='par_1_57' title="bbox 2206 2734 3770 2810">
     <span class='ocr_line' id='line_1_57' title="bbox 2206 2734 3770 2810; baseline -0.004 -17"><span class='ocrx_word' id='word_1_386' title='bbox 2206 2739 2483 2810; x_wconf 76' lang='grc' dir='ltr'>,ὀδυρμοὺς</span> <span class='ocrx_word' id='word_1_387' title='bbox 2531 2739 2625 2791; x_wconf 72' lang='grc' dir='ltr'>καὶ</span> <span class='ocrx_word' id='word_1_388' title='bbox 2669 2736 2791 2791; x_wconf 71' lang='grc' dir='ltr'>ἀντὶ</span> <span class='ocrx_word' id='word_1_389' title='bbox 2824 2737 2932 2789; x_wconf 84' lang='grc' dir='ltr'>τῶν</span> <span class='ocrx_word' id='word_1_390' title='bbox 2989 2737 3243 2807; x_wconf 78' lang='grc' dir='ltr'>χρηστῶν</span> <span class='ocrx_word' id='word_1_391' title='bbox 3290 2737 3524 2791; x_wconf 72' lang='grc' dir='ltr'>ἐλπίδων</span> <span class='ocrx_word' id='word_1_392' title='bbox 3575 2736 3666 2790; x_wconf 87' lang='grc' dir='ltr'>ὅλα</span> <span class='ocrx_word' id='word_1_393' title='bbox 3710 2734 3770 2786; x_wconf 71' lang='grc' dir='ltr'><strong>τά</strong></span> 
     </span>
    </p>
   </div>
   <div class='ocr_carea' id='block_1_58' title="bbox 2212 2828 3768 2902">
    <p class='ocr_par' dir='ltr' id='par_1_58' title="bbox 2212 2828 3768 2902">
     <span class='ocr_line' id='line_1_58' title="bbox 2212 2828 3768 2902; baseline -0.003 -19"><span class='ocrx_word' id='word_1_394' title='bbox 2212 2831 2382 2902; x_wconf 82' lang='grc' dir='ltr'>χείρω</span> <span class='ocrx_word' id='word_1_395' title='bbox 2414 2829 2802 2899; x_wconf 85' lang='grc' dir='ltr'>μαντεύεσθαι.</span> <span class='ocrx_word' id='word_1_396' title='bbox 2842 2831 2978 2883; x_wconf 84' lang='grc' dir='ltr'>Ἀλλ’</span> <span class='ocrx_word' id='word_1_397' title='bbox 3027 2830 3174 2900; x_wconf 78' lang='grc' dir='ltr'>οἴμοι</span> <span class='ocrx_word' id='word_1_398' title='bbox 3203 2829 3305 2899; x_wconf 83' lang='grc' dir='ltr'>τῆς</span> <span class='ocrx_word' id='word_1_399' title='bbox 3360 2830 3673 2900; x_wconf 74' lang='grc' dir='ltr'>συμφορᾶς’</span> <span class='ocrx_word' id='word_1_400' title='bbox 3696 2828 3768 2888; x_wconf 90' lang='grc' dir='ltr'><strong>τίς</strong></span> 
     </span>
    </p>
   </div>
   <div class='ocr_carea' id='block_1_59' title="bbox 2227 2917 3873 2993">
    <p class='ocr_par' dir='ltr' id='par_1_59' title="bbox 2227 2917 3873 2993">
     <span class='ocr_line' id='line_1_59' title="bbox 2227 2917 3873 2993; baseline -0.005 -17"><span class='ocrx_word' id='word_1_401' title='bbox 2227 2924 2485 2993; x_wconf 78' lang='grc' dir='ltr'>Ὀρφεὺς,</span> <span class='ocrx_word' id='word_1_402' title='bbox 2531 2921 2616 2985; x_wconf 88' lang='grc' dir='ltr'><strong>τίς</strong></span> <span class='ocrx_word' id='word_1_403' title='bbox 2650 2923 2894 2993; x_wconf 84' lang='grc' dir='ltr'>Ὄμηρος</span> <span class='ocrx_word' id='word_1_404' title='bbox 2925 2921 3082 2989; x_wconf 82' lang='grc' dir='ltr'>ἀξίας</span> <span class='ocrx_word' id='word_1_405' title='bbox 3107 2921 3250 2992; x_wconf 80' lang='grc' dir='ltr'>ᾠδὰς</span> <span class='ocrx_word' id='word_1_406' title='bbox 3301 2922 3401 2975; x_wconf 83' lang='grc' dir='ltr'>καὶ</span> <span class='ocrx_word' id='word_1_407' title='bbox 3444 2922 3668 2992; x_wconf 84' lang='grc' dir='ltr'>θρήνους</span> <span class='ocrx_word' id='word_1_408' title='bbox 3705 2917 3771 2986; x_wconf 83' lang='grc' dir='ltr'>τῷ</span> <span class='ocrx_word' id='word_1_409' title='bbox 3864 2930 3873 2940; x_wconf 83' lang='lat'>&#39;</span> 
     </span>
    </p>
   </div>
   <div class='ocr_carea' id='block_1_60' title="bbox 2217 3009 3772 3084">
    <p class='ocr_par' dir='ltr' id='par_1_60' title="bbox 2217 3009 3772 3084">
     <span class='ocr_line' id='line_1_60' title="bbox 2217 3009 3772 3084; baseline -0.005 -16"><span class='ocrx_word' id='word_1_410' title='bbox 2217 3015 2438 3084; x_wconf 85' lang='grc' dir='ltr'>μεγάλῳ</span> <span class='ocrx_word' id='word_1_411' title='bbox 2475 3014 2651 3084; x_wconf 83' lang='grc' dir='ltr'>τούτῳ</span> <span class='ocrx_word' id='word_1_412' title='bbox 2686 3015 2801 3081; x_wconf 71' lang='grc' dir='ltr'>καὶ,</span> <span class='ocrx_word' id='word_1_413' title='bbox 2846 3009 2958 3066; x_wconf 77' lang='grc' dir='ltr'>οἷον</span> <span class='ocrx_word' id='word_1_414' title='bbox 3004 3015 3204 3077; x_wconf 85' lang='grc' dir='ltr'>είπεῖν,</span> <span class='ocrx_word' id='word_1_415' title='bbox 3246 3012 3577 3082; x_wconf 85' lang='grc' dir='ltr'>παγκοσμίῳ</span> <span class='ocrx_word' id='word_1_416' title='bbox 3629 3009 3772 3062; x_wconf 83' lang='grc' dir='ltr'>πάθει</span> 
     </span>
    </p>
   </div>
   <div class='ocr_carea' id='block_1_61' title="bbox 2219 3101 3771 3176">
    <p class='ocr_par' dir='ltr' id='par_1_61' title="bbox 2219 3101 3771 3176">
     <span class='ocr_line' id='line_1_61' title="bbox 2219 3101 3771 3176; baseline -0.006 -16"><span class='ocrx_word' id='word_1_417' title='bbox 2219 3107 2557 3175; x_wconf 74' lang='grc' dir='ltr'>συμπλέξει;</span> <span class='ocrx_word' id='word_1_418' title='bbox 2592 3107 2775 3176; x_wconf 75' lang='grc' dir='ltr'>Ιῐηγαὶ</span> <span class='ocrx_word' id='word_1_419' title='bbox 2809 3107 3071 3171; x_wconf 80' lang='grc' dir='ltr'>ποταμῶν</span> <span class='ocrx_word' id='word_1_420' title='bbox 3116 3105 3313 3172; x_wconf 89' lang='grc' dir='ltr'>λίμνας</span> <span class='ocrx_word' id='word_1_421' title='bbox 3346 3106 3525 3167; x_wconf 85' lang='grc' dir='ltr'>πάσας</span> <span class='ocrx_word' id='word_1_422' title='bbox 3555 3103 3645 3157; x_wconf 76' lang='grc' dir='ltr'>καὶ</span> <span class='ocrx_word' id='word_1_423' title='bbox 3687 3101 3771 3153; x_wconf 79' lang='grc' dir='ltr'>θα-</span> 
     </span>
    </p>
   </div>
   <div class='ocr_carea' id='block_1_62' title="bbox 522 3180 2110 3269">
    <p class='ocr_par' dir='ltr' id='par_1_62' title="bbox 522 3187 2107 3261">
     <span class='ocr_line' id='line_1_62' title="bbox 522 3187 2107 3261; baseline 0.003 -21"><span class='ocrx_word' id='word_1_424' title='bbox 522 3203 650 3241; x_wconf 88' lang='lat' dir='ltr'><strong>rum</strong></span> <span class='ocrx_word' id='word_1_425' title='bbox 690 3187 826 3242; x_wconf 88' lang='lat' dir='ltr'><strong>orbe</strong></span> <span class='ocrx_word' id='word_1_426' title='bbox 872 3187 1156 3242; x_wconf 89' lang='lat' dir='ltr'><strong>heroicum</strong></span> <span class='ocrx_word' id='word_1_427' title='bbox 1192 3187 1344 3241; x_wconf 90' lang='lat' dir='ltr'><strong>illum</strong></span> <span class='ocrx_word' id='word_1_428' title='bbox 1390 3187 1623 3243; x_wconf 90' lang='lat' dir='ltr'><strong>militem</strong></span> <span class='ocrx_word' id='word_1_429' title='bbox 1676 3189 1918 3259; x_wconf 84' lang='lat' dir='ltr'><strong>eripuit?</strong></span> <span class='ocrx_word' id='word_1_430' title='bbox 1962 3191 2107 3261; x_wconf 89' lang='lat' dir='ltr'><strong>quod</strong></span> 
     </span>
    </p>
   </div>
   <div class='ocr_carea' id='block_1_63' title="bbox 2213 3180 3772 3269">
    <p class='ocr_par' dir='ltr' id='par_1_63' title="bbox 2213 3192 3772 3269">
     <span class='ocr_line' id='line_1_63' title="bbox 2213 3192 3772 3269; baseline -0.004 -17"><span class='ocrx_word' id='word_1_431' title='bbox 2213 3199 2419 3263; x_wconf 78' lang='grc' dir='ltr'>λάσσας</span> <span class='ocrx_word' id='word_1_432' title='bbox 2445 3201 2597 3262; x_wconf 81' lang='grc' dir='ltr'>ὅλας,</span> <span class='ocrx_word' id='word_1_433' title='bbox 2616 3200 2705 3251; x_wconf 83' lang='grc' dir='ltr'>ἵνα</span> <span class='ocrx_word' id='word_1_434' title='bbox 2730 3199 2868 3269; x_wconf 80' lang='grc' dir='ltr'>ἡλίῳ</span> <span class='ocrx_word' id='word_1_435' title='bbox 2895 3199 2990 3251; x_wconf 74' lang='grc' dir='ltr'>καὶ</span> <span class='ocrx_word' id='word_1_436' title='bbox 3015 3197 3212 3269; x_wconf 81' lang='grc' dir='ltr'>σελήνῃ</span> <span class='ocrx_word' id='word_1_437' title='bbox 3240 3199 3335 3250; x_wconf 76' lang='grc' dir='ltr'><strong>καὶ</strong></span> <span class='ocrx_word' id='word_1_438' title='bbox 3361 3196 3588 3264; x_wconf 79' lang='grc' dir='ltr'>ἀστράσι</span> <span class='ocrx_word' id='word_1_439' title='bbox 3616 3192 3772 3264; x_wconf 77' lang='grc' dir='ltr'>τροφή</span> 
     </span>
    </p>
   </div>
   <div class='ocr_carea' id='block_1_64' title="bbox 524 3281 2111 3351">
    <p class='ocr_par' dir='ltr' id='par_1_64' title="bbox 524 3281 2111 3351">
     <span class='ocr_line' id='line_1_64' title="bbox 524 3281 2111 3351; baseline -0.001 -13"><span class='ocrx_word' id='word_1_440' title='bbox 524 3281 863 3351; x_wconf 85' lang='lat' dir='ltr'><strong>sepulcrum,</strong></span> <span class='ocrx_word' id='word_1_441' title='bbox 910 3294 1033 3349; x_wconf 61' lang='lat' dir='ltr'><strong>qua</strong></span> <span class='ocrx_word' id='word_1_442' title='bbox 1072 3289 1241 3342; x_wconf 84' lang='lat' dir='ltr'><strong>terra,</strong></span> <span class='ocrx_word' id='word_1_443' title='bbox 1266 3295 1389 3348; x_wconf 68' lang='lat' dir='ltr'><strong>qua:</strong></span> <span class='ocrx_word' id='word_1_444' title='bbox 1421 3295 1585 3350; x_wconf 79' lang='lat' dir='ltr'><strong>rupes</strong></span> <span class='ocrx_word' id='word_1_445' title='bbox 1627 3292 1877 3336; x_wconf 89' lang='lat' dir='ltr'><strong>nostrum</strong></span> <span class='ocrx_word' id='word_1_446' title='bbox 1928 3283 2111 3338; x_wconf 91' lang='lat' dir='ltr'><strong>obruit</strong></span> 
     </span>
    </p>
   </div>
   <div class='ocr_carea' id='block_1_65' title="bbox 527 3372 2109 3444">
    <p class='ocr_par' dir='ltr' id='par_1_65' title="bbox 527 3372 2109 3444">
     <span class='ocr_line' id='line_1_65' title="bbox 527 3372 2109 3444; baseline 0.001 -14"><span class='ocrx_word' id='word_1_447' title='bbox 527 3374 884 3431; x_wconf 86' lang='lat' dir='ltr'><strong>thesaurum?</strong></span> <span class='ocrx_word' id='word_1_448' title='bbox 920 3372 965 3430; x_wconf 92' lang='grc' dir='ltr'><strong>Ο</strong></span> <span class='ocrx_word' id='word_1_449' title='bbox 1007 3388 1201 3444; x_wconf 83' lang='lat' dir='ltr'><strong>magna</strong></span> <span class='ocrx_word' id='word_1_450' title='bbox 1245 3372 1394 3427; x_wconf 90' lang='lat' dir='ltr'><strong>aeris</strong></span> <span class='ocrx_word' id='word_1_451' title='bbox 1435 3373 1761 3443; x_wconf 85' lang='lat' dir='ltr'><strong>amplitudo,</strong></span> <span class='ocrx_word' id='word_1_452' title='bbox 1809 3391 1958 3432; x_wconf 91' lang='lat' dir='ltr'><strong>nunc</strong></span> <span class='ocrx_word' id='word_1_453' title='bbox 1987 3386 2109 3431; x_wconf 87' lang='lat' dir='ltr'><strong>tuas</strong></span> 
     </span>
    </p>
   </div>
   <div class='ocr_carea' id='block_1_66' title="bbox 528 3468 2109 3541">
    <p class='ocr_par' dir='ltr' id='par_1_66' title="bbox 528 3468 2109 3541">
     <span class='ocr_line' id='line_1_66' title="bbox 528 3468 2109 3541; baseline 0 -15"><span class='ocrx_word' id='word_1_454' title='bbox 528 3472 690 3526; x_wconf 90' lang='lat' dir='ltr'><strong>ulnas</strong></span> <span class='ocrx_word' id='word_1_455' title='bbox 740 3469 977 3540; x_wconf 87' lang='lat' dir='ltr'><strong>aperite,</strong></span> <span class='ocrx_word' id='word_1_456' title='bbox 1021 3477 1079 3523; x_wconf 90' lang='lat' dir='ltr'><strong>et</strong></span> <span class='ocrx_word' id='word_1_457' title='bbox 1130 3468 1247 3523; x_wconf 77' lang='lat' dir='ltr'><strong>haec</strong></span> <span class='ocrx_word' id='word_1_458' title='bbox 1280 3468 1516 3537; x_wconf 85' lang='lat' dir='ltr'><strong>suspiria</strong></span> <span class='ocrx_word' id='word_1_459' title='bbox 1565 3470 1805 3538; x_wconf 69' lang='lat' dir='ltr'><strong>suscipe,</strong></span> <span class='ocrx_word' id='word_1_460' title='bbox 1837 3480 1894 3526; x_wconf 91' lang='lat' dir='ltr'><strong>et</strong></span> <span class='ocrx_word' id='word_1_461' title='bbox 1932 3472 2109 3541; x_wconf 86' lang='lat' dir='ltr'><strong>justos</strong></span> 
     </span>
    </p>
   </div>
   <div class='ocr_carea' id='block_1_67' title="bbox 525 3559 2106 3635">
    <p class='ocr_par' dir='ltr' id='par_1_67' title="bbox 525 3559 2106 3635">
     <span class='ocr_line' id='line_1_67' title="bbox 525 3559 2106 3635; baseline -0.003 -15"><span class='ocrx_word' id='word_1_462' title='bbox 525 3565 894 3635; x_wconf 84' lang='lat' dir='ltr'><strong>lacrymarum</strong></span> <span class='ocrx_word' id='word_1_463' title='bbox 927 3561 1132 3615; x_wconf 84' lang='lat' dir='ltr'><strong>imbres</strong></span> <span class='ocrx_word' id='word_1_464' title='bbox 1166 3559 1407 3629; x_wconf 82' lang='lat' dir='ltr'><strong>desuper</strong></span> <span class='ocrx_word' id='word_1_465' title='bbox 1442 3560 1690 3615; x_wconf 86' lang='lat' dir='ltr'><strong>inlunde.</strong></span> <span class='ocrx_word' id='word_1_466' title='bbox 1724 3560 1818 3616; x_wconf 89' lang='lat' dir='ltr'><strong>Ille</strong></span> <span class='ocrx_word' id='word_1_467' title='bbox 1860 3561 1981 3628; x_wconf 78' lang='lat' dir='ltr'><strong>fuit,</strong></span> <span class='ocrx_word' id='word_1_468' title='bbox 2012 3564 2106 3632; x_wconf 88' lang='lat' dir='ltr'><strong>qui</strong></span> 
     </span>
    </p>
   </div>
   <div class='ocr_carea' id='block_1_68' title="bbox 528 3651 2106 3709">
    <p class='ocr_par' dir='ltr' id='par_1_68' title="bbox 528 3651 2106 3709">
     <span class='ocr_line' id='line_1_68' title="bbox 528 3651 2106 3709; baseline -0.001 0"><span class='ocrx_word' id='word_1_469' title='bbox 528 3671 632 3709; x_wconf 80' lang='lat' dir='ltr'><strong>nec</strong></span> <span class='ocrx_word' id='word_1_470' title='bbox 684 3662 1012 3708; x_wconf 88' lang='lat' dir='ltr'><strong>autumnum</strong></span> <span class='ocrx_word' id='word_1_471' title='bbox 1065 3666 1170 3706; x_wconf 88' lang='lat' dir='ltr'><strong>nec</strong></span> <span class='ocrx_word' id='word_1_472' title='bbox 1197 3660 1441 3708; x_wconf 62' lang='lat' dir='ltr'><strong>a‘statem</strong></span> <span class='ocrx_word' id='word_1_473' title='bbox 1490 3651 1558 3705; x_wconf 86' lang='lat' dir='ltr'><strong>ad</strong></span> <span class='ocrx_word' id='word_1_474' title='bbox 1609 3667 1769 3706; x_wconf 90' lang='lat' dir='ltr'><strong>usum</strong></span> <span class='ocrx_word' id='word_1_475' title='bbox 1825 3668 2106 3708; x_wconf 89' lang='lat' dir='ltr'><strong>armorum</strong></span> 
     </span>
    </p>
   </div>
   <div class='ocr_carea' id='block_1_69' title="bbox 526 3746 2107 3825">
    <p class='ocr_par' dir='ltr' id='par_1_69' title="bbox 526 3746 2107 3825">
     <span class='ocr_line' id='line_1_69' title="bbox 526 3746 2107 3825; baseline 0 -23"><span class='ocrx_word' id='word_1_476' title='bbox 526 3748 895 3817; x_wconf 74' lang='lat' dir='ltr'><strong>exspectaret,</strong></span> <span class='ocrx_word' id='word_1_477' title='bbox 935 3746 1029 3802; x_wconf 85' lang='lat' dir='ltr'><strong>sed</strong></span> <span class='ocrx_word' id='word_1_478' title='bbox 1066 3756 1292 3801; x_wconf 87' lang='lat' dir='ltr'><strong>naturas</strong></span> <span class='ocrx_word' id='word_1_479' title='bbox 1344 3756 1667 3825; x_wconf 82' lang='lat' dir='ltr'><strong>temporum</strong></span> <span class='ocrx_word' id='word_1_480' title='bbox 1692 3755 1751 3801; x_wconf 89' lang='lat' dir='ltr'><strong>et</strong></span> <span class='ocrx_word' id='word_1_481' title='bbox 1799 3746 2107 3802; x_wconf 86' lang='lat' dir='ltr'><strong>elemento-</strong></span> 
     </span>
    </p>
   </div>
   <div class='ocr_carea' id='block_1_70' title="bbox 530 3838 2122 3909">
    <p class='ocr_par' dir='ltr' id='par_1_70' title="bbox 530 3838 2122 3909">
     <span class='ocr_line' id='line_1_70' title="bbox 530 3838 2122 3909; baseline -0.002 -14"><span class='ocrx_word' id='word_1_482' title='bbox 530 3856 654 3896; x_wconf 86' lang='lat' dir='ltr'><strong>rum</strong></span> <span class='ocrx_word' id='word_1_483' title='bbox 693 3841 1007 3904; x_wconf 89' lang='lat' dir='ltr'><strong>innovaret;</strong></span> <span class='ocrx_word' id='word_1_484' title='bbox 1039 3838 1134 3909; x_wconf 84' lang='lat' dir='ltr'><strong>qui</strong></span> <span class='ocrx_word' id='word_1_485' title='bbox 1169 3838 1379 3891; x_wconf 73' lang='lat' dir='ltr'><strong>brumae</strong></span> <span class='ocrx_word' id='word_1_486' title='bbox 1401 3838 1526 3906; x_wconf 81' lang='lat' dir='ltr'><strong>gelu</strong></span> <span class='ocrx_word' id='word_1_487' title='bbox 1558 3845 1829 3901; x_wconf 80' lang='lat' dir='ltr'><strong>:estatem,</strong></span> <span class='ocrx_word' id='word_1_488' title='bbox 1867 3838 2122 3892; x_wconf 89' lang='lat' dir='ltr'><strong>inediam.</strong></span> 
     </span>
    </p>
   </div>
   <div class='ocr_carea' id='block_1_71' title="bbox 530 3929 2111 4001">
    <p class='ocr_par' dir='ltr' id='par_1_71' title="bbox 530 3929 2111 4001">
     <span class='ocr_line' id='line_1_71' title="bbox 530 3929 2111 4001; baseline -0.002 -12"><span class='ocrx_word' id='word_1_489' title='bbox 530 3933 783 3996; x_wconf 87' lang='lat' dir='ltr'><strong>delicias,</strong></span> <span class='ocrx_word' id='word_1_490' title='bbox 814 3940 870 3986; x_wconf 87' lang='lat' dir='ltr'><strong>et</strong></span> <span class='ocrx_word' id='word_1_491' title='bbox 892 3931 1108 4001; x_wconf 79' lang='lat' dir='ltr'><strong>vigilias</strong></span> <span class='ocrx_word' id='word_1_492' title='bbox 1136 3945 1391 3984; x_wconf 87' lang='lat' dir='ltr'><strong>somnum</strong></span> <span class='ocrx_word' id='word_1_493' title='bbox 1423 3929 1688 3995; x_wconf 87' lang='lat' dir='ltr'><strong>duceret;</strong></span> <span class='ocrx_word' id='word_1_494' title='bbox 1723 3930 2111 3999; x_wconf 88' lang='lat' dir='ltr'><strong>imperatorias</strong></span> 
     </span>
    </p>
   </div>
   <div class='ocr_carea' id='block_1_72' title="bbox 526 4022 2108 4103">
    <p class='ocr_par' dir='ltr' id='par_1_72' title="bbox 526 4022 2108 4103">
     <span class='ocr_line' id='line_1_72' title="bbox 526 4022 2108 4103; baseline -0.001 -24"><span class='ocrx_word' id='word_1_495' title='bbox 526 4041 662 4081; x_wconf 86' lang='lat' dir='ltr'><strong>vero</strong></span> <span class='ocrx_word' id='word_1_496' title='bbox 684 4025 1106 4103; x_wconf 67' lang='lat' dir='ltr'><strong>oblectationes,</strong></span> <span class='ocrx_word' id='word_1_497' title='bbox 1127 4024 1347 4078; x_wconf 86' lang='lat' dir='ltr'><strong>labores</strong></span> <span class='ocrx_word' id='word_1_498' title='bbox 1378 4022 1684 4087; x_wconf 87' lang='lat' dir='ltr'><strong>laboribus,</strong></span> <span class='ocrx_word' id='word_1_499' title='bbox 1709 4023 2108 4077; x_wconf 75' lang='lat' dir='ltr'><strong>certaminibus</strong></span> 
     </span>
    </p>
   </div>
   <div class='ocr_carea' id='block_1_73' title="bbox 526 4114 2109 4187">
    <p class='ocr_par' dir='ltr' id='par_1_73' title="bbox 526 4114 2109 4187">
     <span class='ocr_line' id='line_1_73' title="bbox 526 4114 2109 4187; baseline -0.003 -13"><span class='ocrx_word' id='word_1_500' title='bbox 526 4121 633 4175; x_wconf 89' lang='lat' dir='ltr'><strong>alia</strong></span> <span class='ocrx_word' id='word_1_501' title='bbox 669 4116 986 4186; x_wconf 73' lang='lat' dir='ltr'><strong>certamina</strong></span> <span class='ocrx_word' id='word_1_502' title='bbox 1038 4133 1134 4187; x_wconf 84' lang='lat' dir='ltr'><strong>per</strong></span> <span class='ocrx_word' id='word_1_503' title='bbox 1187 4118 1335 4171; x_wconf 91' lang='lat' dir='ltr'><strong>vices</strong></span> <span class='ocrx_word' id='word_1_504' title='bbox 1384 4116 1662 4169; x_wconf 88' lang='lat' dir='ltr'><strong>cumulata</strong></span> <span class='ocrx_word' id='word_1_505' title='bbox 1709 4114 2011 4184; x_wconf 86' lang='lat' dir='ltr'><strong>jndicaret,</strong></span> <span class='ocrx_word' id='word_1_506' title='bbox 2048 4123 2109 4169; x_wconf 93' lang='lat' dir='ltr'><strong>ut</strong></span> 
     </span>
    </p>
   </div>
   <div class='ocr_carea' id='block_1_74' title="bbox 528 4206 2112 4280">
    <p class='ocr_par' dir='ltr' id='par_1_74' title="bbox 528 4206 2112 4280">
     <span class='ocr_line' id='line_1_74' title="bbox 528 4206 2112 4280; baseline -0.001 -18"><span class='ocrx_word' id='word_1_507' title='bbox 528 4210 714 4280; x_wconf 66' lang='lat' dir='ltr'><strong>prmlia</strong></span> <span class='ocrx_word' id='word_1_508' title='bbox 756 4209 969 4263; x_wconf 86' lang='lat' dir='ltr'><strong>marina</strong></span> <span class='ocrx_word' id='word_1_509' title='bbox 1000 4207 1379 4270; x_wconf 85' lang='lat' dir='ltr'><strong>terrestribus,</strong></span> <span class='ocrx_word' id='word_1_510' title='bbox 1415 4209 1695 4273; x_wconf 71' lang='lat' dir='ltr'><strong>terrestria</strong></span> <span class='ocrx_word' id='word_1_511' title='bbox 1729 4206 1955 4261; x_wconf 86' lang='lat' dir='ltr'><strong>marinis</strong></span> <span class='ocrx_word' id='word_1_512' title='bbox 1986 4221 2112 4261; x_wconf 89' lang='lat' dir='ltr'><strong>suc-</strong></span> 
     </span>
    </p>
   </div>
   <div class='ocr_carea' id='block_1_75' title="bbox 527 4297 2111 4366">
    <p class='ocr_par' dir='ltr' id='par_1_75' title="bbox 527 4297 2111 4366">
     <span class='ocr_line' id='line_1_75' title="bbox 527 4297 2111 4366; baseline -0.003 -9"><span class='ocrx_word' id='word_1_513' title='bbox 527 4306 806 4357; x_wconf 81' lang='lat' dir='ltr'><strong>cederent.</strong></span> <span class='ocrx_word' id='word_1_514' title='bbox 850 4299 1008 4355; x_wconf 86' lang='lat' dir='ltr'><strong>Nunc</strong></span> <span class='ocrx_word' id='word_1_515' title='bbox 1057 4315 1187 4353; x_wconf 75' lang='lat' dir='ltr'><strong>vero</strong></span> <span class='ocrx_word' id='word_1_516' title='bbox 1222 4300 1421 4364; x_wconf 79' lang='lat' dir='ltr'><strong>illum,</strong></span> <span class='ocrx_word' id='word_1_517' title='bbox 1454 4299 1587 4366; x_wconf 80' lang='lat' dir='ltr'><strong>proh</strong></span> <span class='ocrx_word' id='word_1_518' title='bbox 1656 4297 1849 4351; x_wconf 83' lang='lat' dir='ltr'><strong>dolor!</strong></span> <span class='ocrx_word' id='word_1_519' title='bbox 1880 4300 2111 4365; x_wconf 78' lang='lat' dir='ltr'><strong>exiguus</strong></span> 
     </span>
    </p>
   </div>
   <div class='ocr_carea' id='block_1_76' title="bbox 528 4388 2112 4466">
    <p class='ocr_par' dir='ltr' id='par_1_76' title="bbox 528 4388 2112 4466">
     <span class='ocr_line' id='line_1_76' title="bbox 528 4388 2112 4466; baseline -0.002 -18"><span class='ocrx_word' id='word_1_520' title='bbox 528 4394 708 4466; x_wconf 85' lang='lat' dir='ltr'><strong>pulvis</strong></span> <span class='ocrx_word' id='word_1_521' title='bbox 761 4394 916 4463; x_wconf 72' lang='lat' dir='ltr'><strong>tegit.</strong></span> <span class='ocrx_word' id='word_1_522' title='bbox 950 4391 996 4448; x_wconf 91' lang='grc' dir='ltr'><strong>Ο</strong></span> <span class='ocrx_word' id='word_1_523' title='bbox 1024 4408 1145 4458; x_wconf 79' lang='lat' dir='ltr'><strong>quae</strong></span> <span class='ocrx_word' id='word_1_524' title='bbox 1175 4388 1327 4463; x_wconf 88' lang='lat' dir='ltr'><strong>justa</strong></span> <span class='ocrx_word' id='word_1_525' title='bbox 1381 4405 1484 4444; x_wconf 82' lang='lat' dir='ltr'><strong>vox</strong></span> <span class='ocrx_word' id='word_1_526' title='bbox 1537 4391 1723 4445; x_wconf 89' lang='lat' dir='ltr'><strong>telluri</strong></span> <span class='ocrx_word' id='word_1_527' title='bbox 1776 4398 1832 4443; x_wconf 88' lang='lat' dir='ltr'><strong>et</strong></span> <span class='ocrx_word' id='word_1_528' title='bbox 1878 4390 2020 4445; x_wconf 66' lang='lat' dir='ltr'><strong>coelo</strong></span> <span class='ocrx_word' id='word_1_529' title='bbox 2055 4401 2112 4445; x_wconf 90' lang='lat' dir='ltr'><strong>et</strong></span> 
     </span>
    </p>
   </div>
   <div class='ocr_carea' id='block_1_77' title="bbox 528 4480 2108 4542">
    <p class='ocr_par' dir='ltr' id='par_1_77' title="bbox 528 4480 2108 4542">
     <span class='ocr_line' id='line_1_77' title="bbox 528 4480 2108 4542; baseline -0.006 0"><span class='ocrx_word' id='word_1_530' title='bbox 528 4485 706 4542; x_wconf 85' lang='lat' dir='ltr'><strong>stellis</strong></span> <span class='ocrx_word' id='word_1_531' title='bbox 738 4485 946 4539; x_wconf 90' lang='lat' dir='ltr'><strong>luctum</strong></span> <span class='ocrx_word' id='word_1_532' title='bbox 976 4482 1125 4538; x_wconf 89' lang='lat' dir='ltr'><strong>hunc</strong></span> <span class='ocrx_word' id='word_1_533' title='bbox 1163 4480 1543 4542; x_wconf 87' lang='lat' dir='ltr'><strong>anmmtiahit,</strong></span> <span class='ocrx_word' id='word_1_534' title='bbox 1575 4489 1631 4535; x_wconf 91' lang='lat' dir='ltr'><strong>et</strong></span> <span class='ocrx_word' id='word_1_535' title='bbox 1656 4497 1717 4534; x_wconf 87' lang='lat' dir='ltr'><strong>ea</strong></span> <span class='ocrx_word' id='word_1_536' title='bbox 1749 4481 1932 4535; x_wconf 85' lang='lat' dir='ltr'><strong>omnia</strong></span> <span class='ocrx_word' id='word_1_537' title='bbox 1968 4495 2108 4536; x_wconf 72' lang='lat' dir='ltr'><strong>mce-</strong></span> 
     </span>
    </p>
   </div>
   <div class='ocr_carea' id='block_1_78' title="bbox 2212 3287 3829 3362">
    <p class='ocr_par' dir='ltr' id='par_1_78' title="bbox 2212 3287 3829 3362">
     <span class='ocr_line' id='line_1_78' title="bbox 2212 3287 3829 3362; baseline -0.006 -16"><span class='ocrx_word' id='word_1_538' title='bbox 2212 3295 2440 3362; x_wconf 82' lang='grc' dir='ltr'>γένηται</span> <span class='ocrx_word' id='word_1_539' title='bbox 2501 3292 2733 3361; x_wconf 80' lang='grc' dir='ltr'>δάκρυα.</span> <span class='ocrx_word' id='word_1_540' title='bbox 2765 3292 2831 3343; x_wconf 82' lang='grc' dir='ltr'><strong>Ὢ</strong></span> <span class='ocrx_word' id='word_1_541' title='bbox 2862 3291 2943 3353; x_wconf 87' lang='grc' dir='ltr'><strong>τίς</strong></span> <span class='ocrx_word' id='word_1_542' title='bbox 2979 3291 3043 3343; x_wconf 81' lang='grc' dir='ltr'>ὲκ</span> <span class='ocrx_word' id='word_1_543' title='bbox 3100 3291 3269 3358; x_wconf 82' lang='grc' dir='ltr'>μέσης</span> <span class='ocrx_word' id='word_1_544' title='bbox 3316 3292 3420 3357; x_wconf 75' lang='grc' dir='ltr'>τῆς</span> <span class='ocrx_word' id='word_1_545' title='bbox 3471 3287 3773 3354; x_wconf 75' lang='grc' dir='ltr'>οἰκουμένης</span> <span class='ocrx_word' id='word_1_546' title='bbox 3824 3316 3829 3319; x_wconf 91' lang='grc'><strong>-</strong></span> 
     </span>
    </p>
   </div>
   <div class='ocr_carea' id='block_1_79' title="bbox 2209 3379 3771 3455">
    <p class='ocr_par' dir='ltr' id='par_1_79' title="bbox 2209 3379 3771 3455">
     <span class='ocr_line' id='line_1_79' title="bbox 2209 3379 3771 3455; baseline -0.004 -17"><span class='ocrx_word' id='word_1_547' title='bbox 2209 3387 2302 3439; x_wconf 77' lang='grc' dir='ltr'>τὸν</span> <span class='ocrx_word' id='word_1_548' title='bbox 2334 3385 2572 3455; x_wconf 76' lang='grc' dir='ltr'>ἡρωϊκὸν</span> <span class='ocrx_word' id='word_1_549' title='bbox 2608 3386 2816 3438; x_wconf 77' lang='grc' dir='ltr'>ἐκεῖνον</span> <span class='ocrx_word' id='word_1_550' title='bbox 2840 3384 3065 3450; x_wconf 82' lang='grc' dir='ltr'>ὁπλίτην</span> <span class='ocrx_word' id='word_1_551' title='bbox 3090 3382 3371 3450; x_wconf 66' lang='grc' dir='ltr'>ἐξήρπασε</span> <span class='ocrx_word' id='word_1_552' title='bbox 3401 3399 3417 3449; x_wconf 79' lang='grc' dir='ltr'><strong>ς</strong></span> <span class='ocrx_word' id='word_1_553' title='bbox 3457 3382 3551 3442; x_wconf 89' lang='grc' dir='ltr'>Τίς</span> <span class='ocrx_word' id='word_1_554' title='bbox 3599 3379 3771 3446; x_wconf 78' lang='grc' dir='ltr'>τάφος,</span> 
     </span>
    </p>
   </div>
   <div class='ocr_carea' id='block_1_80' title="bbox 2212 3472 3771 3548">
    <p class='ocr_par' dir='ltr' id='par_1_80' title="bbox 2212 3472 3771 3548">
     <span class='ocr_line' id='line_1_80' title="bbox 2212 3472 3771 3548; baseline -0.004 -18"><span class='ocrx_word' id='word_1_555' title='bbox 2212 3478 2296 3541; x_wconf 86' lang='grc' dir='ltr'><strong>τίς</strong></span> <span class='ocrx_word' id='word_1_556' title='bbox 2330 3479 2425 3547; x_wconf 86' lang='grc' dir='ltr'>γῆ,</span> <span class='ocrx_word' id='word_1_557' title='bbox 2457 3479 2542 3539; x_wconf 85' lang='grc' dir='ltr'><strong>τίς</strong></span> <span class='ocrx_word' id='word_1_558' title='bbox 2596 3477 2775 3548; x_wconf 86' lang='grc' dir='ltr'>πέτρα</span> <span class='ocrx_word' id='word_1_559' title='bbox 2812 3476 2908 3530; x_wconf 75' lang='grc' dir='ltr'><strong>τὸν</strong></span> <span class='ocrx_word' id='word_1_560' title='bbox 2950 3475 3110 3546; x_wconf 82' lang='grc' dir='ltr'>ἡμῶν</span> <span class='ocrx_word' id='word_1_561' title='bbox 3146 3476 3430 3542; x_wconf 71' lang='grc' dir='ltr'>κατέχωσε</span> <span class='ocrx_word' id='word_1_562' title='bbox 3481 3472 3771 3540; x_wconf 72' lang='grc' dir='ltr'>θησαυρόνς</span> 
     </span>
    </p>
   </div>
   <div class='ocr_carea' id='block_1_81' title="bbox 2209 3562 3775 3638">
    <p class='ocr_par' dir='ltr' id='par_1_81' title="bbox 2209 3562 3775 3638">
     <span class='ocr_line' id='line_1_81' title="bbox 2209 3562 3775 3638; baseline -0.006 -17"><span class='ocrx_word' id='word_1_563' title='bbox 2209 3563 2281 3620; x_wconf 69' lang='grc' dir='ltr'><strong>*Ω</strong></span> <span class='ocrx_word' id='word_1_564' title='bbox 2314 3569 2455 3638; x_wconf 78' lang='grc' dir='ltr'>μέγα</span> <span class='ocrx_word' id='word_1_565' title='bbox 2485 3567 2689 3630; x_wconf 74' lang='grc' dir='ltr'>πλάτος</span> <span class='ocrx_word' id='word_1_566' title='bbox 2734 3565 2917 3634; x_wconf 84' lang='grc' dir='ltr'>ἀέρος.</span> <span class='ocrx_word' id='word_1_567' title='bbox 2950 3564 3045 3618; x_wconf 81' lang='grc' dir='ltr'>νῦν</span> <span class='ocrx_word' id='word_1_568' title='bbox 3090 3565 3185 3626; x_wconf 75' lang='grc' dir='ltr'><strong>τὰς</strong></span> <span class='ocrx_word' id='word_1_569' title='bbox 3219 3564 3319 3626; x_wconf 83' lang='grc' dir='ltr'><strong>σὰς</strong></span> <span class='ocrx_word' id='word_1_570' title='bbox 3368 3563 3609 3632; x_wconf 83' lang='grc' dir='ltr'>ἀγκάλας</span> <span class='ocrx_word' id='word_1_571' title='bbox 3644 3562 3775 3615; x_wconf 69' lang='grc' dir='ltr'>ἀνοιν</span> 
     </span>
    </p>
   </div>
   <div class='ocr_carea' id='block_1_82' title="bbox 2213 3652 3774 3730">
    <p class='ocr_par' dir='ltr' id='par_1_82' title="bbox 2213 3652 3774 3730">
     <span class='ocr_line' id='line_1_82' title="bbox 2213 3652 3774 3730; baseline -0.008 -15"><span class='ocrx_word' id='word_1_572' title='bbox 2213 3663 2325 3729; x_wconf 75' lang='grc' dir='ltr'>εον,</span> <span class='ocrx_word' id='word_1_573' title='bbox 2369 3661 2466 3714; x_wconf 75' lang='grc' dir='ltr'>καὶ</span> <span class='ocrx_word' id='word_1_574' title='bbox 2493 3662 2621 3723; x_wconf 79' lang='grc' dir='ltr'>τοὺς</span> <span class='ocrx_word' id='word_1_575' title='bbox 2647 3661 2923 3730; x_wconf 77' lang='grc' dir='ltr'>παρόντας</span> <span class='ocrx_word' id='word_1_576' title='bbox 2946 3656 3097 3722; x_wconf 81' lang='grc' dir='ltr'>δέξαι</span> <span class='ocrx_word' id='word_1_577' title='bbox 3128 3657 3488 3726; x_wconf 81' lang='grc' dir='ltr'>στεναγμοὺς,</span> <span class='ocrx_word' id='word_1_578' title='bbox 3519 3657 3606 3707; x_wconf 72' lang='grc' dir='ltr'>καὶ</span> <span class='ocrx_word' id='word_1_579' title='bbox 3631 3652 3774 3723; x_wconf 64' lang='grc' dir='ltr'>ῥῆξον</span> 
     </span>
    </p>
   </div>
   <div class='ocr_carea' id='block_1_83' title="bbox 2210 3740 3774 3817">
    <p class='ocr_par' dir='ltr' id='par_1_83' title="bbox 2210 3740 3774 3817">
     <span class='ocr_line' id='line_1_83' title="bbox 2210 3740 3774 3817; baseline -0.008 -11"><span class='ocrx_word' id='word_1_580' title='bbox 2210 3753 2246 3806; x_wconf 81' lang='grc' dir='ltr'>ἄ</span> <span class='ocrx_word' id='word_1_581' title='bbox 2278 3751 2417 3803; x_wconf 86' lang='grc' dir='ltr'>ωθεν</span> <span class='ocrx_word' id='word_1_582' title='bbox 2450 3751 2634 3816; x_wconf 79' lang='grc' dir='ltr'>ἀξίους</span> <span class='ocrx_word' id='word_1_583' title='bbox 2692 3750 2881 3812; x_wconf 77' lang='grc' dir='ltr'>ὑετοὺς</span> <span class='ocrx_word' id='word_1_584' title='bbox 2908 3746 3182 3817; x_wconf 85' lang='grc' dir='ltr'>δακρύων.</span> <span class='ocrx_word' id='word_1_585' title='bbox 3236 3746 3474 3809; x_wconf 84' lang='grc' dir='ltr'>Ἐκεῖνος</span> <span class='ocrx_word' id='word_1_586' title='bbox 3513 3740 3579 3814; x_wconf 81' lang='grc' dir='ltr'>ἦν</span> <span class='ocrx_word' id='word_1_587' title='bbox 3602 3745 3628 3796; x_wconf 87' lang='grc' dir='ltr'><strong>ό</strong></span> <span class='ocrx_word' id='word_1_588' title='bbox 3654 3742 3774 3813; x_wconf 80' lang='grc' dir='ltr'>μήτε</span> 
     </span>
    </p>
   </div>
   <div class='ocr_carea' id='block_1_84' title="bbox 2212 3830 3773 3913">
    <p class='ocr_par' dir='ltr' id='par_1_84' title="bbox 2212 3830 3773 3913">
     <span class='ocr_line' id='line_1_84' title="bbox 2212 3830 3773 3913; baseline -0.008 -19"><span class='ocrx_word' id='word_1_589' title='bbox 2212 3841 2555 3913; x_wconf 74' lang='grc' dir='ltr'>φθινόπωρον</span> <span class='ocrx_word' id='word_1_590' title='bbox 2585 3830 2720 3910; x_wconf 82' lang='grc' dir='ltr'>μήτε</span> <span class='ocrx_word' id='word_1_591' title='bbox 2740 3838 2896 3909; x_wconf 87' lang='grc' dir='ltr'>θέρος</span> <span class='ocrx_word' id='word_1_592' title='bbox 2927 3840 3006 3900; x_wconf 86' lang='grc' dir='ltr'><strong>είς</strong></span> <span class='ocrx_word' id='word_1_593' title='bbox 3031 3837 3212 3910; x_wconf 81' lang='grc' dir='ltr'>ὃπλων</span> <span class='ocrx_word' id='word_1_594' title='bbox 3231 3837 3543 3907; x_wconf 85' lang='grc' dir='ltr'>περιμένων</span> <span class='ocrx_word' id='word_1_595' title='bbox 3569 3832 3741 3905; x_wconf 80' lang='grc' dir='ltr'>χρείαν</span> <span class='ocrx_word' id='word_1_596' title='bbox 3759 3845 3773 3858; x_wconf 89' lang='grc'>·</span> 
     </span>
    </p>
   </div>
   <div class='ocr_carea' id='block_1_85' title="bbox 2211 3920 3775 4002">
    <p class='ocr_par' dir='ltr' id='par_1_85' title="bbox 2211 3920 3775 4002">
     <span class='ocr_line' id='line_1_85' title="bbox 2211 3920 3775 4002; baseline -0.008 -17"><span class='ocrx_word' id='word_1_597' title='bbox 2211 3933 2346 3987; x_wconf 79' lang='grc' dir='ltr'>ἀλλὰ</span> <span class='ocrx_word' id='word_1_598' title='bbox 2381 3931 2573 4000; x_wconf 82' lang='grc' dir='ltr'>φύσεις</span> <span class='ocrx_word' id='word_1_599' title='bbox 2619 3931 2778 4002; x_wconf 85' lang='grc' dir='ltr'>ώρῶν</span> <span class='ocrx_word' id='word_1_600' title='bbox 2819 3931 2911 3984; x_wconf 73' lang='grc' dir='ltr'>καὶ</span> <span class='ocrx_word' id='word_1_601' title='bbox 2967 3930 3250 3998; x_wconf 82' lang='grc' dir='ltr'>στοιχείων</span> <span class='ocrx_word' id='word_1_602' title='bbox 3305 3925 3642 3995; x_wconf 87' lang='grc' dir='ltr'>καινοτομῶν</span> <span class='ocrx_word' id='word_1_603' title='bbox 3692 3920 3775 3973; x_wconf 71' lang='grc' dir='ltr'><strong>καὶ</strong></span> 
     </span>
    </p>
   </div>
   <div class='ocr_carea' id='block_1_86' title="bbox 2212 4015 3771 4098">
    <p class='ocr_par' dir='ltr' id='par_1_86' title="bbox 2212 4015 3771 4098">
     <span class='ocr_line' id='line_1_86' title="bbox 2212 4015 3771 4098; baseline -0.01 -16"><span class='ocrx_word' id='word_1_604' title='bbox 2212 4028 2367 4098; x_wconf 82' lang='grc' dir='ltr'>θέρος</span> <span class='ocrx_word' id='word_1_605' title='bbox 2402 4026 2501 4095; x_wconf 82' lang='grc' dir='ltr'>μὲν</span> <span class='ocrx_word' id='word_1_606' title='bbox 2541 4025 2844 4095; x_wconf 79' lang='grc' dir='ltr'>ἡγούμενος</span> <span class='ocrx_word' id='word_1_607' title='bbox 2873 4023 2973 4093; x_wconf 85' lang='grc' dir='ltr'>τὴν</span> <span class='ocrx_word' id='word_1_608' title='bbox 3003 4021 3111 4074; x_wconf 85' lang='grc' dir='ltr'>τῶν</span> <span class='ocrx_word' id='word_1_609' title='bbox 3137 4019 3431 4089; x_wconf 85' lang='grc' dir='ltr'>χειμώνων</span> <span class='ocrx_word' id='word_1_610' title='bbox 3463 4015 3771 4086; x_wconf 80' lang='grc' dir='ltr'>δριμύτητα,</span> 
     </span>
    </p>
   </div>
   <div class='ocr_carea' id='block_1_87' title="bbox 2209 4107 3775 4188">
    <p class='ocr_par' dir='ltr' id='par_1_87' title="bbox 2209 4107 3775 4188">
     <span class='ocr_line' id='line_1_87' title="bbox 2209 4107 3775 4188; baseline -0.012 -17"><span class='ocrx_word' id='word_1_611' title='bbox 2209 4119 2422 4188; x_wconf 82' lang='grc' dir='ltr'>τρυφὴν</span> <span class='ocrx_word' id='word_1_612' title='bbox 2461 4117 2518 4168; x_wconf 83' lang='grc' dir='ltr'>δὲ</span> <span class='ocrx_word' id='word_1_613' title='bbox 2555 4116 2655 4186; x_wconf 79' lang='grc' dir='ltr'>τὴν</span> <span class='ocrx_word' id='word_1_614' title='bbox 2701 4114 2937 4178; x_wconf 81' lang='grc' dir='ltr'>ἀσιτίαν,</span> <span class='ocrx_word' id='word_1_615' title='bbox 2986 4112 3081 4165; x_wconf 73' lang='grc' dir='ltr'><strong>καὶ</strong></span> <span class='ocrx_word' id='word_1_616' title='bbox 3131 4110 3298 4165; x_wconf 75' lang='grc' dir='ltr'>ὕπνον</span> <span class='ocrx_word' id='word_1_617' title='bbox 3340 4112 3440 4180; x_wconf 77' lang='grc' dir='ltr'>μὲν</span> <span class='ocrx_word' id='word_1_618' title='bbox 3492 4108 3588 4178; x_wconf 76' lang='grc' dir='ltr'>τὴν</span> <span class='ocrx_word' id='word_1_619' title='bbox 3622 4107 3775 4172; x_wconf 82' lang='grc' dir='ltr'>ἀγρυ-</span> 
     </span>
    </p>
   </div>
   <div class='ocr_carea' id='block_1_88' title="bbox 2213 4198 3774 4275">
    <p class='ocr_par' dir='ltr' id='par_1_88' title="bbox 2213 4198 3774 4275">
     <span class='ocr_line' id='line_1_88' title="bbox 2213 4198 3774 4275; baseline -0.013 -11"><span class='ocrx_word' id='word_1_620' title='bbox 2213 4211 2399 4274; x_wconf 86' lang='grc' dir='ltr'>πνίαν,</span> <span class='ocrx_word' id='word_1_621' title='bbox 2457 4207 2796 4270; x_wconf 85' lang='grc' dir='ltr'>ἀναπαύσεις</span> <span class='ocrx_word' id='word_1_622' title='bbox 2828 4206 2886 4259; x_wconf 78' lang='grc' dir='ltr'>δὲ</span> <span class='ocrx_word' id='word_1_623' title='bbox 2936 4205 3222 4275; x_wconf 80' lang='grc' dir='ltr'>βασιλικὰς</span> <span class='ocrx_word' id='word_1_624' title='bbox 3255 4204 3315 4256; x_wconf 84' lang='grc' dir='ltr'>τὸ</span> <span class='ocrx_word' id='word_1_625' title='bbox 3365 4202 3552 4263; x_wconf 82' lang='grc' dir='ltr'>πόνοις</span> <span class='ocrx_word' id='word_1_626' title='bbox 3598 4198 3774 4253; x_wconf 84' lang='grc' dir='ltr'>πόνους</span> 
     </span>
    </p>
   </div>
   <div class='ocr_carea' id='block_1_89' title="bbox 2212 4283 3772 4375">
    <p class='ocr_par' dir='ltr' id='par_1_89' title="bbox 2212 4283 3772 4375">
     <span class='ocr_line' id='line_1_89' title="bbox 2212 4283 3772 4375; baseline -0.009 -23"><span class='ocrx_word' id='word_1_627' title='bbox 2212 4301 2495 4372; x_wconf 78' lang='grc' dir='ltr'>ἐπιφέρειν</span> <span class='ocrx_word' id='word_1_628' title='bbox 2526 4299 2621 4353; x_wconf 70' lang='grc' dir='ltr'>καὶ</span> <span class='ocrx_word' id='word_1_629' title='bbox 2648 4298 2925 4375; x_wconf 73' lang='grc' dir='ltr'>διαδόχους</span> <span class='ocrx_word' id='word_1_630' title='bbox 2963 4295 3157 4358; x_wconf 80' lang='grc' dir='ltr'>ἄλλους</span> <span class='ocrx_word' id='word_1_631' title='bbox 3185 4295 3361 4349; x_wconf 75' lang='grc' dir='ltr'>ἄλλων</span> <span class='ocrx_word' id='word_1_632' title='bbox 3399 4294 3609 4362; x_wconf 79' lang='grc' dir='ltr'>ἀγῶνας</span> <span class='ocrx_word' id='word_1_633' title='bbox 3643 4283 3772 4353; x_wconf 79' lang='grc' dir='ltr'>ἀγώ-</span> 
     </span>
    </p>
   </div>
   <div class='ocr_carea' id='block_1_90' title="bbox 2211 4379 3775 4458">
    <p class='ocr_par' dir='ltr' id='par_1_90' title="bbox 2211 4379 3775 4458">
     <span class='ocr_line' id='line_1_90' title="bbox 2211 4379 3775 4458; baseline -0.011 -14"><span class='ocrx_word' id='word_1_634' title='bbox 2211 4406 2318 4444; x_wconf 88' lang='grc' dir='ltr'><strong>νων</strong></span> <span class='ocrx_word' id='word_1_635' title='bbox 2347 4390 2639 4456; x_wconf 79' lang='grc' dir='ltr'>ποιεῖσθαι,</span> <span class='ocrx_word' id='word_1_636' title='bbox 2665 4388 2974 4443; x_wconf 85' lang='grc' dir='ltr'>θαλασσίων</span> <span class='ocrx_word' id='word_1_637' title='bbox 3008 4387 3106 4458; x_wconf 85' lang='grc' dir='ltr'>μὲν</span> <span class='ocrx_word' id='word_1_638' title='bbox 3138 4387 3560 4457; x_wconf 74' lang='grc' dir='ltr'>ἠπειρωτικοὺς,</span> <span class='ocrx_word' id='word_1_639' title='bbox 3597 4379 3775 4434; x_wconf 84' lang='grc' dir='ltr'>θαλασ-</span> 
     </span>
    </p>
   </div>
   <div class='ocr_carea' id='block_1_91' title="bbox 2215 4470 3774 4550">
    <p class='ocr_par' dir='ltr' id='par_1_91' title="bbox 2215 4470 3774 4550">
     <span class='ocr_line' id='line_1_91' title="bbox 2215 4470 3774 4550; baseline -0.008 -15"><span class='ocrx_word' id='word_1_640' title='bbox 2215 4484 2363 4544; x_wconf 79' lang='grc' dir='ltr'>σίους</span> <span class='ocrx_word' id='word_1_641' title='bbox 2390 4484 2435 4536; x_wconf 75' lang='grc' dir='ltr'>δ’</span> <span class='ocrx_word' id='word_1_642' title='bbox 2484 4480 2551 4535; x_wconf 79' lang='grc' dir='ltr'>αὖ</span> <span class='ocrx_word' id='word_1_643' title='bbox 2608 4480 3010 4550; x_wconf 78' lang='grc' dir='ltr'>ἠπειρωτικῶν.</span> <span class='ocrx_word' id='word_1_644' title='bbox 3052 4479 3212 4533; x_wconf 82' lang='grc' dir='ltr'>Ἀλλά</span> <span class='ocrx_word' id='word_1_645' title='bbox 3250 4478 3345 4531; x_wconf 80' lang='grc' dir='ltr'>νῦν</span> <span class='ocrx_word' id='word_1_646' title='bbox 3391 4478 3574 4532; x_wconf 72' lang='grc' dir='ltr'>αὐτόν</span> <span class='ocrx_word' id='word_1_647' title='bbox 3626 4470 3774 4541; x_wconf 74' lang='grc' dir='ltr'>βαϐαὶ</span> 
     </span>
    </p>
   </div>
   <div class='ocr_carea' id='block_1_92' title="bbox 530 4546 2110 4646">
    <p class='ocr_par' dir='ltr' id='par_1_92' title="bbox 530 4572 2108 4646">
     <span class='ocr_line' id='line_1_92' title="bbox 530 4572 2108 4646; baseline -0.003 -15"><span class='ocrx_word' id='word_1_648' title='bbox 530 4593 657 4632; x_wconf 90' lang='lat' dir='ltr'><strong>rore</strong></span> <span class='ocrx_word' id='word_1_649' title='bbox 684 4576 921 4646; x_wconf 88' lang='lat' dir='ltr'><strong>implens</strong></span> <span class='ocrx_word' id='word_1_650' title='bbox 951 4573 1019 4628; x_wconf 89' lang='lat' dir='ltr'><strong>ad</strong></span> <span class='ocrx_word' id='word_1_651' title='bbox 1053 4572 1511 4628; x_wconf 86' lang='lat' dir='ltr'><strong>lamentationum</strong></span> <span class='ocrx_word' id='word_1_652' title='bbox 1550 4573 1870 4626; x_wconf 79' lang='lat' dir='ltr'><strong>societatem</strong></span> <span class='ocrx_word' id='word_1_653' title='bbox 1900 4587 2108 4628; x_wconf 87' lang='lat' dir='ltr'><strong>convo-</strong></span> 
     </span>
    </p>
   </div>
   <div class='ocr_carea' id='block_1_93' title="bbox 2213 4546 3773 4646">
    <p class='ocr_par' dir='ltr' id='par_1_93' title="bbox 2213 4546 3773 4644">
     <span class='ocr_line' id='line_1_93' title="bbox 2213 4546 3773 4644; baseline -0.003 -16"><span class='ocrx_word' id='word_1_654' title='bbox 2213 4574 2305 4628; x_wconf 82' lang='grc' dir='ltr'>τοῦ</span> <span class='ocrx_word' id='word_1_655' title='bbox 2338 4575 2568 4636; x_wconf 80' lang='grc' dir='ltr'>πάθουςο</span> <span class='ocrx_word' id='word_1_656' title='bbox 2613 4546 2843 4644; x_wconf 66' lang='grc' dir='ltr'>βραχεῖα</span> <span class='ocrx_word' id='word_1_657' title='bbox 2879 4568 3187 4640; x_wconf 75' lang='grc' dir='ltr'>συνέκρυψε</span> <span class='ocrx_word' id='word_1_658' title='bbox 3234 4571 3401 4631; x_wconf 86' lang='grc' dir='ltr'>κόνις.</span> <span class='ocrx_word' id='word_1_659' title='bbox 3433 4570 3495 4620; x_wconf 73' lang='lat' dir='ltr'><strong>&quot;tl</strong></span> <span class='ocrx_word' id='word_1_660' title='bbox 3535 4567 3615 4627; x_wconf 86' lang='grc' dir='ltr'><strong>τίς</strong></span> <span class='ocrx_word' id='word_1_661' title='bbox 3664 4559 3773 4623; x_wconf 75' lang='grc' dir='ltr'>ἀξία</span> 
     </span>
    </p>
   </div>
   <div class='ocr_carea' id='block_1_94' title="bbox 528 4665 2107 4735">
    <p class='ocr_par' dir='ltr' id='par_1_94' title="bbox 528 4665 2107 4735">
     <span class='ocr_line' id='line_1_94' title="bbox 528 4665 2107 4735; baseline -0.003 -10"><span class='ocrx_word' id='word_1_662' title='bbox 528 4670 711 4726; x_wconf 83' lang='lat' dir='ltr'><strong>cabit?</strong></span> <span class='ocrx_word' id='word_1_663' title='bbox 737 4668 832 4724; x_wconf 86' lang='lat' dir='ltr'><strong>Ille</strong></span> <span class='ocrx_word' id='word_1_664' title='bbox 860 4667 985 4730; x_wconf 75' lang='lat' dir='ltr'><strong>fuit,</strong></span> <span class='ocrx_word' id='word_1_665' title='bbox 1032 4666 1127 4735; x_wconf 89' lang='lat' dir='ltr'><strong>qui</strong></span> <span class='ocrx_word' id='word_1_666' title='bbox 1180 4672 1382 4734; x_wconf 80' lang='lat' dir='ltr'><strong>praeter</strong></span> <span class='ocrx_word' id='word_1_667' title='bbox 1424 4673 1621 4718; x_wconf 65' lang='lat' dir='ltr'><strong>etetcra</strong></span> <span class='ocrx_word' id='word_1_668' title='bbox 1658 4678 1915 4731; x_wconf 79' lang='lat' dir='ltr'><strong>magnum</strong></span> <span class='ocrx_word' id='word_1_669' title='bbox 1954 4665 2107 4721; x_wconf 87' lang='lat' dir='ltr'><strong>illum</strong></span> 
     </span>
    </p>
   </div>
   <div class='ocr_carea' id='block_1_95' title="bbox 530 4757 2109 4832">
    <p class='ocr_par' dir='ltr' id='par_1_95' title="bbox 530 4757 2109 4832">
     <span class='ocr_line' id='line_1_95' title="bbox 530 4757 2109 4832; baseline -0.004 -13"><span class='ocrx_word' id='word_1_670' title='bbox 530 4762 899 4832; x_wconf 89' lang='lat' dir='ltr'><strong>triumphum,</strong></span> <span class='ocrx_word' id='word_1_671' title='bbox 931 4759 989 4813; x_wconf 89' lang='lat' dir='ltr'><strong>in</strong></span> <span class='ocrx_word' id='word_1_672' title='bbox 1031 4762 1231 4812; x_wconf 84' lang='lat' dir='ltr'><strong>terram</strong></span> <span class='ocrx_word' id='word_1_673' title='bbox 1272 4766 1332 4812; x_wconf 90' lang='lat' dir='ltr'><strong>et</strong></span> <span class='ocrx_word' id='word_1_674' title='bbox 1376 4773 1529 4813; x_wconf 89' lang='lat' dir='ltr'><strong>mare</strong></span> <span class='ocrx_word' id='word_1_675' title='bbox 1564 4757 1948 4821; x_wconf 88' lang='lat' dir='ltr'><strong>distributum,</strong></span> <span class='ocrx_word' id='word_1_676' title='bbox 1983 4759 2109 4829; x_wconf 90' lang='lat' dir='ltr'><strong>qui-</strong></span> 
     </span>
    </p>
   </div>
   <div class='ocr_carea' id='block_1_96' title="bbox 530 4849 2109 4926">
    <p class='ocr_par' dir='ltr' id='par_1_96' title="bbox 530 4849 2109 4926">
     <span class='ocr_line' id='line_1_96' title="bbox 530 4849 2109 4926; baseline -0.003 -16"><span class='ocrx_word' id='word_1_677' title='bbox 530 4870 639 4926; x_wconf 91' lang='lat' dir='ltr'><strong>que</strong></span> <span class='ocrx_word' id='word_1_678' title='bbox 687 4862 986 4921; x_wconf 90' lang='lat' dir='ltr'><strong>utrumque</strong></span> <span class='ocrx_word' id='word_1_679' title='bbox 1016 4849 1352 4904; x_wconf 88' lang='lat' dir='ltr'><strong>elementum</strong></span> <span class='ocrx_word' id='word_1_680' title='bbox 1404 4849 1670 4905; x_wconf 86' lang='lat' dir='ltr'><strong>miraculo</strong></span> <span class='ocrx_word' id='word_1_681' title='bbox 1708 4849 1982 4920; x_wconf 84' lang='lat' dir='ltr'><strong>implevit,</strong></span> <span class='ocrx_word' id='word_1_682' title='bbox 2016 4864 2109 4921; x_wconf 82' lang='lat' dir='ltr'><strong>pe-</strong></span> 
     </span>
    </p>
   </div>
   <div class='ocr_carea' id='block_1_97' title="bbox 529 4940 2109 5016">
    <p class='ocr_par' dir='ltr' id='par_1_97' title="bbox 529 4940 2109 5016">
     <span class='ocr_line' id='line_1_97' title="bbox 529 4940 2109 5016; baseline -0.001 -16"><span class='ocrx_word' id='word_1_683' title='bbox 529 4945 777 5016; x_wconf 87' lang='lat' dir='ltr'><strong>pererit:</strong></span> <span class='ocrx_word' id='word_1_684' title='bbox 813 4940 1063 4997; x_wconf 75' lang='lat' dir='ltr'><strong>Persicas</strong></span> <span class='ocrx_word' id='word_1_685' title='bbox 1089 4940 1209 4997; x_wconf 89' lang='lat' dir='ltr'><strong>illas</strong></span> <span class='ocrx_word' id='word_1_686' title='bbox 1235 4941 1361 4997; x_wconf 87' lang='lat' dir='ltr'><strong>dico</strong></span> <span class='ocrx_word' id='word_1_687' title='bbox 1385 4952 1442 4997; x_wconf 88' lang='lat' dir='ltr'><strong>ct</strong></span> <span class='ocrx_word' id='word_1_688' title='bbox 1482 4942 1713 4997; x_wconf 80' lang='lat' dir='ltr'><strong>invictas</strong></span> <span class='ocrx_word' id='word_1_689' title='bbox 1745 4942 1955 5011; x_wconf 89' lang='lat' dir='ltr'><strong>c0pias,</strong></span> <span class='ocrx_word' id='word_1_690' title='bbox 1986 4957 2109 5012; x_wconf 66' lang='lat' dir='ltr'><strong>quae</strong></span> 
     </span>
    </p>
   </div>
   <div class='ocr_carea' id='block_1_98' title="bbox 531 5033 2109 5105">
    <p class='ocr_par' dir='ltr' id='par_1_98' title="bbox 531 5033 2109 5105">
     <span class='ocr_line' id='line_1_98' title="bbox 531 5033 2109 5105; baseline -0.002 -12"><span class='ocrx_word' id='word_1_691' title='bbox 531 5054 600 5094; x_wconf 77' lang='lat' dir='ltr'><strong>ex</strong></span> <span class='ocrx_word' id='word_1_692' title='bbox 639 5035 771 5092; x_wconf 80' lang='lat' dir='ltr'><strong>Asia</strong></span> <span class='ocrx_word' id='word_1_693' title='bbox 800 5034 1157 5104; x_wconf 70' lang='lat' dir='ltr'><strong>traiecerunt,</strong></span> <span class='ocrx_word' id='word_1_694' title='bbox 1185 5049 1326 5104; x_wconf 83' lang='lat' dir='ltr'><strong>quas</strong></span> <span class='ocrx_word' id='word_1_695' title='bbox 1352 5033 1548 5089; x_wconf 86' lang='lat' dir='ltr'><strong>eodem</strong></span> <span class='ocrx_word' id='word_1_696' title='bbox 1586 5035 1677 5090; x_wconf 91' lang='lat' dir='ltr'><strong>die</strong></span> <span class='ocrx_word' id='word_1_697' title='bbox 1722 5034 2109 5105; x_wconf 85' lang='lat' dir='ltr'><strong>potentissime</strong></span> 
     </span>
    </p>
   </div>
   <div class='ocr_carea' id='block_1_99' title="bbox 2214 4655 3773 4737">
    <p class='ocr_par' dir='ltr' id='par_1_99' title="bbox 2214 4655 3773 4737">
     <span class='ocr_line' id='line_1_99' title="bbox 2214 4655 3773 4737; baseline -0.012 -18"><span class='ocrx_word' id='word_1_698' title='bbox 2214 4666 2365 4737; x_wconf 83' lang='grc' dir='ltr'>φωνὴ</span> <span class='ocrx_word' id='word_1_699' title='bbox 2396 4668 2465 4736; x_wconf 82' lang='grc' dir='ltr'>γῇ</span> <span class='ocrx_word' id='word_1_700' title='bbox 2500 4682 2559 4717; x_wconf 87' lang='grc' dir='ltr'><strong>τε</strong></span> <span class='ocrx_word' id='word_1_701' title='bbox 2592 4665 2684 4717; x_wconf 78' lang='grc' dir='ltr'>καὶ</span> <span class='ocrx_word' id='word_1_702' title='bbox 2708 4661 2922 4733; x_wconf 85' lang='grc' dir='ltr'>οὐρανῷ</span> <span class='ocrx_word' id='word_1_703' title='bbox 2952 4662 3046 4715; x_wconf 85' lang='grc' dir='ltr'>καὶ</span> <span class='ocrx_word' id='word_1_704' title='bbox 3078 4660 3314 4729; x_wconf 81' lang='grc' dir='ltr'>ἀστράσι</span> <span class='ocrx_word' id='word_1_705' title='bbox 3336 4661 3398 4711; x_wconf 85' lang='grc' dir='ltr'>τὸ</span> <span class='ocrx_word' id='word_1_706' title='bbox 3425 4656 3590 4718; x_wconf 71' lang='grc' dir='ltr'>πάθος</span> <span class='ocrx_word' id='word_1_707' title='bbox 3613 4655 3773 4715; x_wconf 75' lang='grc' dir='ltr'>ἀπαγο</span> 
     </span>
    </p>
   </div>
   <div class='ocr_carea' id='block_1_100' title="bbox 2214 4750 3772 4828">
    <p class='ocr_par' dir='ltr' id='par_1_100' title="bbox 2214 4750 3772 4828">
     <span class='ocr_line' id='line_1_100' title="bbox 2214 4750 3772 4828; baseline -0.011 -16"><span class='ocrx_word' id='word_1_708' title='bbox 2214 4759 2466 4828; x_wconf 84' lang='grc' dir='ltr'>γείλασα,</span> <span class='ocrx_word' id='word_1_709' title='bbox 2505 4758 2598 4808; x_wconf 67' lang='grc' dir='ltr'>καὶ</span> <span class='ocrx_word' id='word_1_710' title='bbox 2628 4755 2811 4809; x_wconf 74' lang='grc' dir='ltr'>οἴκτου</span> <span class='ocrx_word' id='word_1_711' title='bbox 2851 4752 3027 4807; x_wconf 79' lang='grc' dir='ltr'>ταῦτα</span> <span class='ocrx_word' id='word_1_712' title='bbox 3064 4751 3291 4817; x_wconf 77' lang='grc' dir='ltr'>δείξασα</span> <span class='ocrx_word' id='word_1_713' title='bbox 3341 4750 3536 4821; x_wconf 83' lang='grc' dir='ltr'>μεστὰ,</span> <span class='ocrx_word' id='word_1_714' title='bbox 3582 4757 3772 4811; x_wconf 80' lang='grc' dir='ltr'>συγκα-</span> 
     </span>
    </p>
   </div>
   <div class='ocr_carea' id='block_1_101' title="bbox 2214 4838 3769 4914">
    <p class='ocr_par' dir='ltr' id='par_1_101' title="bbox 2214 4838 3769 4914">
     <span class='ocr_line' id='line_1_101' title="bbox 2214 4838 3769 4914; baseline -0.005 -13"><span class='ocrx_word' id='word_1_715' title='bbox 2214 4849 2362 4903; x_wconf 86' lang='grc' dir='ltr'>λέσει</span> <span class='ocrx_word' id='word_1_716' title='bbox 2394 4842 2571 4899; x_wconf 80' lang='grc' dir='ltr'>πάντα</span> <span class='ocrx_word' id='word_1_717' title='bbox 2603 4846 2739 4914; x_wconf 83' lang='grc' dir='ltr'>πρὸς</span> <span class='ocrx_word' id='word_1_718' title='bbox 2770 4844 3093 4914; x_wconf 84' lang='grc' dir='ltr'>συμμαχίαν</span> <span class='ocrx_word' id='word_1_719' title='bbox 3137 4841 3378 4896; x_wconf 75' lang='grc' dir='ltr'>ἐνταῦθα</span> <span class='ocrx_word' id='word_1_720' title='bbox 3404 4840 3513 4893; x_wconf 84' lang='grc' dir='ltr'><strong>τῶν</strong></span> <span class='ocrx_word' id='word_1_721' title='bbox 3543 4838 3769 4907; x_wconf 75' lang='grc' dir='ltr'>θρήνωνς</span> 
     </span>
    </p>
   </div>
   <div class='ocr_carea' id='block_1_102' title="bbox 2226 4923 3772 5015">
    <p class='ocr_par' dir='ltr' id='par_1_102' title="bbox 2226 4923 3772 5015">
     <span class='ocr_line' id='line_1_102' title="bbox 2226 4923 3772 5015; baseline -0.006 -21"><span class='ocrx_word' id='word_1_722' title='bbox 2226 4941 2466 5003; x_wconf 84' lang='grc' dir='ltr'>Ἐκεῖνος</span> <span class='ocrx_word' id='word_1_723' title='bbox 2494 4935 2563 5015; x_wconf 77' lang='grc' dir='ltr'>ἦν</span> <span class='ocrx_word' id='word_1_724' title='bbox 2606 4938 2635 4991; x_wconf 85' lang='grc' dir='ltr'><strong>ό</strong></span> <span class='ocrx_word' id='word_1_725' title='bbox 2666 4937 2800 5008; x_wconf 88' lang='grc' dir='ltr'>πρός</span> <span class='ocrx_word' id='word_1_726' title='bbox 2836 4953 2901 5004; x_wconf 81' lang='grc' dir='ltr'><strong>γε</strong></span> <span class='ocrx_word' id='word_1_727' title='bbox 2934 4937 3047 4998; x_wconf 82' lang='grc' dir='ltr'>τοῖς</span> <span class='ocrx_word' id='word_1_728' title='bbox 3077 4933 3258 4998; x_wconf 85' lang='grc' dir='ltr'>ἀλλοις</span> <span class='ocrx_word' id='word_1_729' title='bbox 3300 4934 3518 4989; x_wconf 88' lang='grc' dir='ltr'>κάκεῖνο</span> <span class='ocrx_word' id='word_1_730' title='bbox 3542 4932 3601 4982; x_wconf 73' lang='grc' dir='ltr'>τὸ</span> <span class='ocrx_word' id='word_1_731' title='bbox 3645 4923 3772 5015; x_wconf 64' lang='grc' dir='ltr'>μέγέ</span> 
     </span>
    </p>
   </div>
   <div class='ocr_carea' id='block_1_103' title="bbox 2217 5013 3773 5100">
    <p class='ocr_par' dir='ltr' id='par_1_103' title="bbox 2217 5013 3773 5100">
     <span class='ocr_line' id='line_1_103' title="bbox 2217 5013 3773 5100; baseline -0.013 -15"><span class='ocrx_word' id='word_1_732' title='bbox 2217 5031 2313 5086; x_wconf 78' lang='grc' dir='ltr'>καὶ</span> <span class='ocrx_word' id='word_1_733' title='bbox 2343 5013 2667 5100; x_wconf 77' lang='grc' dir='ltr'>περιϐόητον</span> <span class='ocrx_word' id='word_1_734' title='bbox 2693 5026 3072 5096; x_wconf 72' lang='grc' dir='ltr'>ἐργασάμενος</span> <span class='ocrx_word' id='word_1_735' title='bbox 3106 5025 3390 5095; x_wconf 85' lang='grc' dir='ltr'>τρόπαιον,</span> <span class='ocrx_word' id='word_1_736' title='bbox 3420 5025 3481 5077; x_wconf 82' lang='grc' dir='ltr'><strong>τδ</strong></span> <span class='ocrx_word' id='word_1_737' title='bbox 3514 5024 3581 5093; x_wconf 70' lang='grc' dir='ltr'>γῇ</span> <span class='ocrx_word' id='word_1_738' title='bbox 3610 5036 3665 5071; x_wconf 87' lang='grc' dir='ltr'><strong>τε</strong></span> <span class='ocrx_word' id='word_1_739' title='bbox 3690 5013 3773 5068; x_wconf 77' lang='grc' dir='ltr'>καὶ</span> 
     </span>
    </p>
   </div>
   <div class='ocr_carea' id='block_1_104' title="bbox 1880 5192 2455 5256">
    <p class='ocr_par' dir='ltr' id='par_1_104' title="bbox 1880 5192 2455 5256">
     <span class='ocr_line' id='line_1_104' title="bbox 1880 5192 2455 5256; baseline 0.002 -2"><span class='ocrx_word' id='word_1_740' title='bbox 1880 5192 2224 5256; x_wconf 81' lang='lat' dir='ltr'><strong>Variorum</strong></span> <span class='ocrx_word' id='word_1_741' title='bbox 2271 5198 2455 5255; x_wconf 69' lang='lat' dir='ltr'><strong>natea.</strong></span> 
     </span>
    </p>
   </div>
   <div class='ocr_carea' id='block_1_105' title="bbox 602 5341 1427 5417">
    <p class='ocr_par' dir='ltr' id='par_1_105' title="bbox 602 5341 1427 5417">
     <span class='ocr_line' id='line_1_105' title="bbox 602 5341 1427 5417; baseline -0.008 -15"><span class='ocrx_word' id='word_1_742' title='bbox 602 5347 715 5417; x_wconf 68' lang='grc'><strong>(14)</strong></span> <span class='ocrx_word' id='word_1_743' title='bbox 747 5343 955 5417; x_wconf 66' lang='lat' dir='ltr'><strong>Qhristi</strong></span> <span class='ocrx_word' id='word_1_744' title='bbox 997 5341 1155 5400; x_wconf 70' lang='grc'><strong>1541.</strong></span> <span class='ocrx_word' id='word_1_745' title='bbox 1186 5341 1427 5417; x_wconf 62' lang='lat' dir='ltr'><strong>Ductus.</strong></span> 
     </span>
    </p>
   </div>
   <div class='ocr_carea' id='block_1_106' title="bbox 601 5409 2104 5492">
    <p class='ocr_par' dir='ltr' id='par_1_106' title="bbox 601 5409 2104 5492">
     <span class='ocr_line' id='line_1_106' title="bbox 601 5409 2104 5492; baseline -0.006 -21"><span class='ocrx_word' id='word_1_746' title='bbox 601 5409 715 5487; x_wconf 68' lang='lat' dir='ltr'><strong>(t5)</strong></span> <span class='ocrx_word' id='word_1_747' title='bbox 745 5415 892 5492; x_wconf 61' lang='lat' dir='ltr'><strong>Haec,</strong></span> <span class='ocrx_word' id='word_1_748' title='bbox 918 5418 1040 5492; x_wconf 65' lang='lat' dir='ltr'><strong>quae</strong></span> <span class='ocrx_word' id='word_1_749' title='bbox 1061 5412 1323 5492; x_wconf 85' lang='lat' dir='ltr'><strong>can_cellis</strong></span> <span class='ocrx_word' id='word_1_750' title='bbox 1352 5409 1561 5492; x_wconf 63' lang='lat' dir='ltr'><strong>inclusa</strong></span> <span class='ocrx_word' id='word_1_751' title='bbox 1590 5419 1741 5472; x_wconf 89' lang='lat' dir='ltr'><strong>sunt,</strong></span> <span class='ocrx_word' id='word_1_752' title='bbox 1780 5424 1904 5492; x_wconf 73' lang='lat' dir='ltr'><strong>eum</strong></span> <span class='ocrx_word' id='word_1_753' title='bbox 1951 5410 2104 5492; x_wconf 51' lang='lat' dir='ltr'><strong>Wol:</strong></span> 
     </span>
    </p>
   </div>
   <div class='ocr_carea' id='block_1_107' title="bbox 530 5481 2101 5561">
    <p class='ocr_par' dir='ltr' id='par_1_107' title="bbox 530 5481 2101 5561">
     <span class='ocr_line' id='line_1_107' title="bbox 530 5481 2101 5561; baseline -0.006 -18"><span class='ocrx_word' id='word_1_754' title='bbox 530 5481 636 5544; x_wconf 68' lang='lat' dir='ltr'><strong>{ius</strong></span> <span class='ocrx_word' id='word_1_755' title='bbox 662 5481 772 5542; x_wconf 78' lang='lat' dir='ltr'><strong>non</strong></span> <span class='ocrx_word' id='word_1_756' title='bbox 805 5481 1354 5561; x_wconf 35' lang='lat' dir='ltr'><strong>invenissetAinsuo</strong></span> <span class='ocrx_word' id='word_1_757' title='bbox 1411 5481 1621 5561; x_wconf 78' lang='lat' dir='ltr'><strong>codice,</strong></span> <span class='ocrx_word' id='word_1_758' title='bbox 1671 5496 1850 5561; x_wconf 72' lang='lat' dir='ltr'><strong>annos</strong></span> <span class='ocrx_word' id='word_1_759' title='bbox 1883 5481 2101 5561; x_wconf 77' lang='lat' dir='ltr'><strong>imperii</strong></span> 
     </span>
    </p>
   </div>
   <div class='ocr_carea' id='block_1_108' title="bbox 528 5551 2098 5676">
    <p class='ocr_par' dir='ltr' id='par_1_108' title="bbox 528 5551 2098 5676">
     <span class='ocr_line' id='line_1_108' title="bbox 528 5551 2090 5632; baseline -0.003 -22"><span class='ocrx_word' id='word_1_760' title='bbox 528 5558 727 5628; x_wconf 80' lang='lat' dir='ltr'><strong>viginti</strong></span> <span class='ocrx_word' id='word_1_761' title='bbox 783 5556 1081 5626; x_wconf 74' lang='lat' dir='ltr'><strong>assignavit</strong></span> <span class='ocrx_word' id='word_1_762' title='bbox 1111 5552 1430 5608; x_wconf 82' lang='lat' dir='ltr'><strong>Andronico</strong></span> <span class='ocrx_word' id='word_1_763' title='bbox 1476 5551 1705 5619; x_wconf 86' lang='lat' dir='ltr'><strong>juniori.</strong></span> <span class='ocrx_word' id='word_1_764' title='bbox 1750 5552 1927 5631; x_wconf 80' lang='lat' dir='ltr'><strong>Atque</strong></span> <span class='ocrx_word' id='word_1_765' title='bbox 1961 5551 2090 5632; x_wconf 73' lang='lat' dir='ltr'><strong>hinc</strong></span> 
     </span>
     <span class='ocr_line' id='line_1_109' title="bbox 528 5619 2098 5676; baseline -0.002 0"><span class='ocrx_word' id='word_1_766' title='bbox 528 5628 735 5676; x_wconf 82' lang='lat' dir='ltr'><strong>factum</strong></span> <span class='ocrx_word' id='word_1_767' title='bbox 769 5636 925 5676; x_wconf 82' lang='lat' dir='ltr'><strong>nuto.</strong></span> <span class='ocrx_word' id='word_1_768' title='bbox 975 5634 1036 5676; x_wconf 90' lang='lat' dir='ltr'><strong>ut</strong></span> <span class='ocrx_word' id='word_1_769' title='bbox 1069 5625 1125 5676; x_wconf 92' lang='lat' dir='ltr'><strong>in</strong></span> <span class='ocrx_word' id='word_1_770' title='bbox 1157 5622 1272 5676; x_wconf 85' lang='lat' dir='ltr'><strong>insa</strong></span> <span class='ocrx_word' id='word_1_771' title='bbox 1307 5622 1536 5676; x_wconf 87' lang='lat' dir='ltr'><strong>huiusce</strong></span> <span class='ocrx_word' id='word_1_772' title='bbox 1586 5619 1838 5674; x_wconf 67' lang='lat' dir='ltr'><strong>Historias</strong></span> <span class='ocrx_word' id='word_1_773' title='bbox 1898 5634 2098 5674; x_wconf 76' lang='lat' dir='ltr'><strong>inscrt-</strong></span> 
     </span>
    </p>
   </div>
   <div class='ocr_carea' id='block_1_109' title="bbox 527 5628 2110 5767">
    <p class='ocr_par' dir='ltr' id='par_1_109' title="bbox 527 5628 2110 5767">
     <span class='ocr_line' id='line_1_110' title="bbox 527 5628 2098 5709; baseline -0.005 -28"><span class='ocrx_word' id='word_1_774' title='bbox 527 5628 735 5682; x_wconf 82' lang='lat' dir='ltr'><strong>factum</strong></span> <span class='ocrx_word' id='word_1_775' title='bbox 769 5636 926 5709; x_wconf 81' lang='lat' dir='ltr'><strong>puto,</strong></span> <span class='ocrx_word' id='word_1_776' title='bbox 975 5634 1036 5679; x_wconf 90' lang='lat' dir='ltr'><strong>ut</strong></span> <span class='ocrx_word' id='word_1_777' title='bbox 1069 5628 1125 5678; x_wconf 89' lang='lat' dir='ltr'><strong>in</strong></span> <span class='ocrx_word' id='word_1_778' title='bbox 1157 5628 1272 5692; x_wconf 87' lang='lat' dir='ltr'><strong>ipsa</strong></span> <span class='ocrx_word' id='word_1_779' title='bbox 1307 5628 1536 5690; x_wconf 85' lang='lat' dir='ltr'><strong>hujusce</strong></span> <span class='ocrx_word' id='word_1_780' title='bbox 1586 5628 1838 5674; x_wconf 68' lang='lat' dir='ltr'><strong>Historiae</strong></span> <span class='ocrx_word' id='word_1_781' title='bbox 1898 5628 2098 5701; x_wconf 71' lang='lat' dir='ltr'><strong>inscri-</strong></span> 
     </span>
     <span class='ocr_line' id='line_1_111' title="bbox 528 5691 2110 5767; baseline -0.004 -18"><span class='ocrx_word' id='word_1_782' title='bbox 528 5697 719 5767; x_wconf 81' lang='lat' dir='ltr'><strong>ptione</strong></span> <span class='ocrx_word' id='word_1_783' title='bbox 778 5696 922 5751; x_wconf 77' lang='lat' dir='ltr'><strong>idem</strong></span> <span class='ocrx_word' id='word_1_784' title='bbox 960 5692 1194 5767; x_wconf 84' lang='lat' dir='ltr'><strong>Wolﬁus</strong></span> <span class='ocrx_word' id='word_1_785' title='bbox 1244 5705 1833 5767; x_wconf 72' lang='lat' dir='ltr'><strong>summa_m__annort_n_n</strong></span> <span class='ocrx_word' id='word_1_786' title='bbox 1876 5691 2110 5760; x_wconf 78' lang='lat' dir='ltr'><strong>amplia-</strong></span> 
     </span>
    </p>
   </div>
   <div class='ocr_carea' id='block_1_110' title="bbox 529 5761 2103 5831">
    <p class='ocr_par' dir='ltr' id='par_1_110' title="bbox 529 5761 2103 5831">
     <span class='ocr_line' id='line_1_112' title="bbox 529 5761 2103 5831; baseline -0.001 -14"><span class='ocrx_word' id='word_1_787' title='bbox 529 5761 695 5828; x_wconf 72' lang='lat' dir='ltr'><strong>verit,</strong></span> <span class='ocrx_word' id='word_1_788' title='bbox 731 5765 1212 5831; x_wconf 86' lang='lat' dir='ltr'><strong>numeraveritqne</strong></span> <span class='ocrx_word' id='word_1_789' title='bbox 1232 5777 1408 5818; x_wconf 84' lang='lat' dir='ltr'><strong>annos</strong></span> <span class='ocrx_word' id='word_1_790' title='bbox 1448 5762 1551 5816; x_wconf 75' lang='grc'><strong>145</strong></span> <span class='ocrx_word' id='word_1_791' title='bbox 1588 5777 1688 5830; x_wconf 88' lang='lat' dir='ltr'><strong>pro</strong></span> <span class='ocrx_word' id='word_1_792' title='bbox 1714 5761 1836 5828; x_wconf 74' lang='grc'><strong>157,</strong></span> <span class='ocrx_word' id='word_1_793' title='bbox 1858 5771 2103 5831; x_wconf 75' lang='lat' dir='ltr'><strong>ntaupra</strong></span> 
     </span>
    </p>
   </div>
   <div class='ocr_carea' id='block_1_111' title="bbox 528 5832 1794 5920">
    <p class='ocr_par' dir='ltr' id='par_1_111' title="bbox 528 5832 1794 5920">
     <span class='ocr_line' id='line_1_113' title="bbox 528 5832 1794 5920; baseline -0.002 -32"><span class='ocrx_word' id='word_1_794' title='bbox 528 5835 916 5890; x_wconf 84' lang='lat' dir='ltr'><strong>adnotavimus</strong></span> <span class='ocrx_word' id='word_1_795' title='bbox 945 5834 1012 5889; x_wconf 85' lang='lat' dir='ltr'><strong>ad</strong></span> <span class='ocrx_word' id='word_1_796' title='bbox 1051 5834 1191 5890; x_wconf 86' lang='lat' dir='ltr'><strong>titul.</strong></span> <span class='ocrx_word' id='word_1_797' title='bbox 1216 5833 1343 5920; x_wconf 84' lang='lat' dir='ltr'><strong>libri</strong></span> <span class='ocrx_word' id='word_1_798' title='bbox 1367 5834 1552 5904; x_wconf 89' lang='lat' dir='ltr'><strong>primi.</strong></span> <span class='ocrx_word' id='word_1_799' title='bbox 1585 5832 1794 5888; x_wconf 76' lang='lat' dir='ltr'><strong>BOIV&#39;N.</strong></span> 
     </span>
    </p>
   </div>
   <div class='ocr_carea' id='block_1_112' title="bbox 2260 5318 3791 5407">
    <p class='ocr_par' dir='ltr' id='par_1_112' title="bbox 2260 5318 3791 5407">
     <span class='ocr_line' id='line_1_114' title="bbox 2260 5318 3791 5407; baseline -0.015 -12"><span class='ocrx_word' id='word_1_800' title='bbox 2260 5338 2379 5407; x_wconf 71' lang='lat'><strong>(46)</strong></span> <span class='ocrx_word' id='word_1_801' title='bbox 2406 5339 2521 5404; x_wconf 54' lang='lat' dir='ltr'><strong>[lno</strong></span> <span class='ocrx_word' id='word_1_802' title='bbox 2553 5337 2684 5390; x_wconf 86' lang='lat' dir='ltr'><strong>anni</strong></span> <span class='ocrx_word' id='word_1_803' title='bbox 2746 5334 3021 5407; x_wconf 73' lang='lat' dir='ltr'><strong>tredecim,</strong></span> <span class='ocrx_word' id='word_1_804' title='bbox 3072 5338 3123 5407; x_wconf 63' lang='lat' dir='ltr'><strong>et</strong></span> <span class='ocrx_word' id='word_1_805' title='bbox 3153 5330 3265 5384; x_wconf 80' lang='lat' dir='ltr'><strong>dies</strong></span> <span class='ocrx_word' id='word_1_806' title='bbox 3297 5326 3480 5395; x_wconf 74' lang='lat' dir='ltr'><strong>viginti</strong></span> <span class='ocrx_word' id='word_1_807' title='bbox 3502 5318 3791 5407; x_wconf 35' lang='lat' dir='ltr'><strong>dualiatnz.</strong></span> 
     </span>
    </p>
   </div>
   <div class='ocr_carea' id='block_1_113' title="bbox 2201 5387 3768 5477">
    <p class='ocr_par' dir='ltr' id='par_1_113' title="bbox 2201 5387 3768 5477">
     <span class='ocr_line' id='line_1_115' title="bbox 2201 5387 3768 5477; baseline -0.01 -13"><span class='ocrx_word' id='word_1_808' title='bbox 2201 5387 2944 5477; x_wconf 19' lang='lat' dir='ltr'><strong>Androliieusviunior;urbis</strong></span> <span class='ocrx_word' id='word_1_809' title='bbox 3003 5387 3212 5472; x_wconf 77' lang='lat' dir='ltr'><strong>potitus</strong></span> <span class='ocrx_word' id='word_1_810' title='bbox 3271 5387 3768 5477; x_wconf 28' lang='lat' dir='ltr'><strong>est:annontngttl‘lfii</strong></span> 
     </span>
    </p>
   </div>
   <div class='ocr_carea' id='block_1_114' title="bbox 2201 5466 3771 5547">
    <p class='ocr_par' dir='ltr' id='par_1_114' title="bbox 2201 5466 3771 5547">
     <span class='ocr_line' id='line_1_116' title="bbox 2201 5466 3771 5547; baseline -0.018 -13"><span class='ocrx_word' id='word_1_811' title='bbox 2201 5479 2364 5543; x_wconf 75' lang='lat'><strong>6856,</strong></span> <span class='ocrx_word' id='word_1_812' title='bbox 2388 5466 2599 5534; x_wconf 69' lang='lat' dir='ltr'><strong>Christi</strong></span> <span class='ocrx_word' id='word_1_813' title='bbox 2643 5474 2809 5547; x_wconf 70' lang='grc'><strong>1528,</strong></span> <span class='ocrx_word' id='word_1_814' title='bbox 2841 5490 2904 5529; x_wconf 90' lang='lat' dir='ltr'><strong>ea</strong></span> <span class='ocrx_word' id='word_1_815' title='bbox 2937 5466 3100 5547; x_wconf 70' lang='lat' dir='ltr'><strong>nocte</strong></span> <span class='ocrx_word' id='word_1_816' title='bbox 3131 5486 3253 5539; x_wconf 64' lang='lat' dir='ltr'><strong>quae</strong></span> <span class='ocrx_word' id='word_1_817' title='bbox 3288 5466 3771 5547; x_wconf 54' lang='lat' dir='ltr'><strong>intercessitinte:</strong></span> 
     </span>
    </p>
   </div>
   <div class='ocr_carea' id='block_1_115' title="bbox 2202 5521 3765 5613">
    <p class='ocr_par' dir='ltr' id='par_1_115' title="bbox 2202 5521 3765 5613">
     <span class='ocr_line' id='line_1_117' title="bbox 2202 5521 3765 5613; baseline -0.015 -8"><span class='ocrx_word' id='word_1_818' title='bbox 2833 5521 2904 5598; x_wconf 64' lang='lat' dir='ltr'><strong>ut</strong></span> <span class='ocrx_word' id='word_1_819' title='bbox 2917 5521 3324 5613; x_wconf 54' lang='grc' dir='ltr'><strong>«ίίἐῐιῇῃξίέρέιι</strong></span> <span class='ocrx_word' id='word_1_820' title='bbox 3359 5537 3454 5613; x_wconf 80' lang='lat' dir='ltr'><strong>li_b.</strong></span> <span class='ocrx_word' id='word_1_821' title='bbox 3489 5550 3569 5613; x_wconf 56' lang='lat' dir='ltr'><strong>rx.</strong></span> <span class='ocrx_word' id='word_1_822' title='bbox 3595 5521 3765 5613; x_wconf 47' lang='lat' dir='ltr'><strong>calvhﬁ</strong></span> 
     </span>
    </p>
   </div>
   <div class='ocr_carea' id='block_1_116' title="bbox 2203 5592 3767 5674">
    <p class='ocr_par' dir='ltr' id='par_1_116' title="bbox 2203 5592 3767 5674">
     <span class='ocr_line' id='line_1_118' title="bbox 2203 5592 3767 5674; baseline -0.019 -1"><span class='ocrx_word' id='word_1_823' title='bbox 2203 5592 2333 5673; x_wconf 62' lang='grc' dir='ltr'>ζεῖ-Ξῖ</span> <span class='ocrx_word' id='word_1_824' title='bbox 2360 5592 2511 5673; x_wconf 71' lang='grc' dir='ltr'><strong>ὅιῖἱξί</strong></span> <span class='ocrx_word' id='word_1_825' title='bbox 2536 5592 2890 5671; x_wconf 47' lang='lat' dir='ltr'><strong>{litigii—£6.13</strong></span> <span class='ocrx_word' id='word_1_826' title='bbox 2914 5592 3127 5667; x_wconf 64' lang='grc' dir='ltr'>ιῖίιίίιὶιῖ</span> <span class='ocrx_word' id='word_1_827' title='bbox 3157 5592 3321 5674; x_wconf 59' lang='lat'><strong>6819,</strong></span> <span class='ocrx_word' id='word_1_828' title='bbox 3371 5602 3572 5660; x_wconf 87' lang='lat' dir='ltr'><strong>Christi</strong></span> <span class='ocrx_word' id='word_1_829' title='bbox 3622 5592 3767 5657; x_wconf 73' lang='lat' dir='ltr'><strong>ml,</strong></span> 
     </span>
    </p>
   </div>
   <div class='ocr_carea' id='block_1_117' title="bbox 2204 5687 3482 5758">
    <p class='ocr_par' dir='ltr' id='par_1_117' title="bbox 2204 5687 3482 5758">
     <span class='ocr_line' id='line_1_119' title="bbox 2204 5687 3482 5758; baseline 0.01 -13"><span class='ocrx_word' id='word_1_830' title='bbox 2204 5688 2352 5745; x_wconf 75' lang='lat' dir='ltr'><strong>Junii</strong></span> <span class='ocrx_word' id='word_1_831' title='bbox 2389 5689 2481 5758; x_wconf 66' lang='lat' dir='ltr'><strong>die</strong></span> <span class='ocrx_word' id='word_1_832' title='bbox 2520 5689 2610 5743; x_wconf 81' lang='grc'><strong>15.</strong></span> <span class='ocrx_word' id='word_1_833' title='bbox 2635 5687 2848 5742; x_wconf 80' lang='lat' dir='ltr'><strong>Bowm.</strong></span> <span class='ocrx_word' id='word_1_834' title='bbox 3052 5751 3086 5758; x_wconf 89' lang='lat'>__</span> <span class='ocrx_word' id='word_1_835' title='bbox 3127 5751 3161 5758; x_wconf 86' lang='lat'><strong>__</strong></span> <span class='ocrx_word' id='word_1_836' title='bbox 3270 5751 3305 5758; x_wconf 65' lang='lat'><strong>_,</strong></span> <span class='ocrx_word' id='word_1_837' title='bbox 3423 5746 3482 5758; x_wconf 89' lang='lat'><strong>-..</strong></span> 
     </span>
    </p>
   </div>
   <div class='ocr_carea' id='block_1_118' title="bbox 2278 5744 3766 5829">
    <p class='ocr_par' dir='ltr' id='par_1_118' title="bbox 2278 5744 3766 5829">
     <span class='ocr_line' id='line_1_120' title="bbox 2278 5744 3766 5829; baseline -0.005 -17"><span class='ocrx_word' id='word_1_838' title='bbox 2278 5758 2391 5829; x_wconf 74' lang='lat' dir='ltr'><strong>(t7)</strong></span> <span class='ocrx_word' id='word_1_839' title='bbox 2422 5756 2613 5829; x_wconf 80' lang='lat' dir='ltr'><strong>Tertio</strong></span> <span class='ocrx_word' id='word_1_840' title='bbox 2668 5766 2795 5825; x_wconf 88' lang='lat' dir='ltr'><strong>post</strong></span> <span class='ocrx_word' id='word_1_841' title='bbox 2852 5751 3198 5829; x_wconf 73' lang='lat' dir='ltr'><strong>novendialia</strong></span> <span class='ocrx_word' id='word_1_842' title='bbox 3254 5751 3362 5807; x_wconf 87' lang='lat' dir='ltr'><strong>die.</strong></span> <span class='ocrx_word' id='word_1_843' title='bbox 3423 5744 3556 5803; x_wconf 78' lang='lat' dir='ltr'><strong>Vide</strong></span> <span class='ocrx_word' id='word_1_844' title='bbox 3613 5745 3766 5804; x_wconf 60' lang='lat' dir='ltr'><strong>Sull“</strong></span> 
     </span>
    </p>
   </div>
   <div class='ocr_carea' id='block_1_119' title="bbox 2209 5825 3238 5896">
    <p class='ocr_par' dir='ltr' id='par_1_119' title="bbox 2209 5825 3238 5896">
     <span class='ocr_line' id='line_1_121' title="bbox 2209 5825 3238 5896; baseline -0.007 -12"><span class='ocrx_word' id='word_1_845' title='bbox 2209 5825 2394 5884; x_wconf 77' lang='lat' dir='ltr'><strong>notata</strong></span> <span class='ocrx_word' id='word_1_846' title='bbox 2429 5828 2495 5883; x_wconf 85' lang='lat' dir='ltr'><strong>ad</strong></span> <span class='ocrx_word' id='word_1_847' title='bbox 2533 5828 2630 5883; x_wconf 90' lang='lat' dir='ltr'><strong>lib.</strong></span> <span class='ocrx_word' id='word_1_848' title='bbox 2671 5843 2703 5881; x_wconf 83' lang='lat' dir='ltr'><strong>x</strong></span> <span class='ocrx_word' id='word_1_849' title='bbox 2733 5842 2856 5896; x_wconf 87' lang='lat' dir='ltr'><strong>cap.</strong></span> <span class='ocrx_word' id='word_1_850' title='bbox 2911 5827 2960 5880; x_wconf 88' lang='grc'><strong>1.</strong></span> <span class='ocrx_word' id='word_1_851' title='bbox 3000 5825 3238 5878; x_wconf 54' lang='lat' dir='ltr'><strong>Ducena.</strong></span> 
     </span>
    </p>
   </div>
  </div>
