4070 6430
317 323 426 390 76)

568 318 648 393 [ιο
689 333 743 376 c-
785 316 924 375 1⁵28
964 333 1033 372 AD
1074 315 1238 388 1541]
1312 317 1769 384 ΒΥΖΛΝΤΙΝΑΞ
1807 316 1908 380 HI:

2008 318 2212 379 ORl/E
2250 318 2396 380 LIB.
2439 315 2551 382 Χῐ.

2666 310 2800 388 [ευρ.
2845 329 3126 370 ΑΝυιιοΜο.
3167 313 3311 389 ποις]

3495 319 3604 384 7'70

316 434 567 514 θαλάσσῃ
599 439 861 512 μερισθὲν
889 438 988 492 καὶ
1032 438 1202 508 ἄμφω
1230 436 1302 491 τὰ
1335 439 1576 507 στοιχεῖα
1619 436 1907 506 ἐμπλήσειν

2012 434 2345 505 proﬂigavit.
2374 433 2534 488 Nunc
2575 448 2705 488 vero
2734 434 2934 504 ipsum,
2961 435 3066 490 heu
3097 437 3111 489 ί
3144 450 3291 491 mors
3313 439 3603 507 repentina

314 535 407 588 τοῦ
470 534 789 603 θαύματοςο
841 532 988 599 λέγω
1039 532 1096 586 δὲ
1157 533 1258 599 τὴν
1301 529 1565 585 διαϐᾶσαν
1620 526 1682 594 ἐξ
1725 528 1909 591 Ἀσίας

318 626 596 697 Περσικὴν
619 626 838 693 ἐκείνην
867 625 961 679 καὶ
983 622 1264 694 δύσμαχον
1291 621 1544 693 δύναμιν,
1573 622 1644 692 ἢν
1667 621 1912 691 αὐθημε-

319 720 412 790 ρὸν
449 718 866 787 κατηγωνίσατο
898 710 1189 788 κράτιστα.
1226 713 1388 768 Ἀλλὰ
1435 713 1532 768 νῦν
1557 713 1740 779 αὐτὸν,
1782 710 1908 782 φεῦ,

315 809 573 881 ὀξύτερον
605 808 953 863 ἐπεισπεσὼν
987 812 1015 863 6
1045 809 1273 872 θάνατος
1309 807 1755 878 κατηγωνίσατο.
1791 805 1912 860 Σεί-

319 904 474 972 σθητι
509 903 578 972 γῆ
637 902 773 973 πρὸς
809 902 871 954 τὺ
911 900 1006 953 νῦν
1037 900 1232 968 πάθος,
1283 901 1370 954 ἵνα
1423 901 1580 970 γένος
1615 900 1763 954 ἅπαν
1814 899 1909 954 καὶ

318 996 508 1066 ἡλικία
543 996 697 1049 πᾶσα
727 995 836 1048 τῶν
883 992 1192 1063 ἀνθρώπων
1221 993 1479 1064 αἴσθησιν
1509 991 1602 1046 τοῦ
1648 995 1908 1046 τοσούτου

317 1088 572 1149 λαϐόντες
606 1087 818 1149 πάθους
849 1086 1070 1149 πλείους
1107 1087 1359 1139 κοινωνοὶ
1387 1083 1486 1138 καὶ
1533 1083 1910 1156 συλλήπτορας

314 1181 425 1236 τῶν
471 1181 694 1251 θερμῶν
732 1181 865 1249 ἡμῖν
901 1179 1145 1247 γένοιντο
1194 1177 1536 1245 στεναγμῶν.
1569 1172 1738 1241 Οὗτος
1783 1173 1851 1250 ἦν
1881 1179 1910 1232 ό

319 1277 448 1344 πρὶν
493 1271 1172 1342 ἀκουσθῆναι,φαινόμενος
1203 1271 1281 1340 τῷ
1329 1267 1422 1323 τοῦ
1475 1270 1679 1341 δρόμου
1723 1270 1906 1340 τάχει,

316 1368 411 1420 καὶ
444 1365 577 1435 πρὶν
623 1365 861 1434 φανῆναι
918 1362 1134 1418 διώκων
1182 1365 1307 1425 τοὺς
1347 1363 1644 1434 πολεμίους
1674 1361 1752 1432 τῷ
1800 1362 1910 1415 δέει

316 1459 414 1525 τῆς
448 1457 638 1527 φήμης
656 1474 671 1488 ·
699 1457 814 1511 ἀλλ’
839 1458 1006 1526 οἴμοι,
1031 1457 1126 1510 νῦν
1151 1455 1318 1509 αὑτοῦ
1345 1455 1524 1526 πολλῷ
1551 1459 1738 1525 φανεὶς
1764 1455 1911 1508 ὠκύ·

315 1569 474 1620 τερος
507 1553 535 1604 ό
566 1551 793 1612 Θάνατος
824 1551 951 1612 τοὺς
981 1547 1264 1610 τοιούτους
1305 1547 1519 1616 φθάσας
1547 1547 1764 1616 διέκοψε
1788 1547 1912 1618 δρό-

320 1660 478 1712 μους.
513 1640 673 1710 Πηγὴ
714 1642 883 1709 πυρὸς
912 1638 1181 1706 αἰθερίου,
1218 1639 1363 1692 δυοῖν
1396 1637 1623 1708 θάτερον
1656 1638 1908 1691 καινοτό-

239 1783 242 1786 .
320 1749 493 1804 μησον
515 1749 531 1764 ο
566 1732 598 1803 ῆ
632 1732 838 1784 παῦσαι
888 1730 987 1792 τὰς
1019 1731 1327 1798 ζωογόνους
1379 1732 1624 1796 σπείρων
1659 1730 1751 1782 ὲπὶ
1803 1729 1908 1800 γῆς

315 1829 542 1887 ἀκτῖνας
570 1843 580 1852 ·
609 1826 642 1895 ἢ
676 1825 802 1886 τοὺς
831 1823 1120 1892 κρατῆρας
1141 1824 1265 1876 ὅλου
1293 1822 1386 1876 τοῦ
1414 1822 1506 1876 σοῦ
1530 1823 1702 1893 πυρὸς
1727 1823 1910 1894 ἀθροί-
1942 1791 1980 1847 Β

318 1936 440 1986 σας,
471 1917 624 1986 ῥῖψον
656 1917 779 1970 κατ’
817 1917 1013 1985 αὐτῆς,
1067 1916 1155 1970 ἵνα
1186 1916 1251 1986 δὴ
1284 1915 1381 1978 τὰς
1413 1916 1589 1986 κόμας
1631 1916 1764 1988 ῥίψῃ
1791 1917 1910 1969 δέν-ν

317 2009 444 2079 δρον
489 2008 636 2062 ἆπαν
690 2010 786 2063 καὶ
839 2007 1092 2078 μαρανθῇ
1135 2009 1203 2060 τά
1250 2010 1417 2078 κρῖνα
1460 2006 1555 2059 τοῦ
1586 2007 1758 2077 ἀγροῦ
1815 2009 1912 2062 καὶ

316 2101 456 2172 λάϐῃ
489 2101 643 2168 γένος
672 2101 830 2171 χλόης
862 2101 1008 2154 ἆπαν
1041 2101 1298 2170 αἴσῗησιν
1330 2100 1425 2152 καὶ
1454 2100 1658 2167 γνῶσιν
1697 2099 1791 2154 τοῦ
1820 2117 1911 2152 τοο

317 2195 508 2248 σούτου
553 2195 784 2257 πάθους.
829 2194 1072 2256 Ἐκεῖνος
1101 2189 1170 2264 ἦν
1217 2196 1245 2248 6
1285 2195 1408 2255 τοὺς
1457 2190 1774 2264 Τριὸαλλὼν
1813 2193 1911 2247 καὶ

257 2288 261 2291 ’
317 2287 522 2342 Μυσῶν
556 2287 834 2358 ἡγεμόνας
868 2284 954 2358 [Ρ.
983 2284 1113 2358 348]
1148 2285 1452 2355 ἐκπλήξας,
1481 2281 1568 2340 οἷα
1610 2287 1909 2341 καθεύδου-

316 2397 347 2432 σ
372 2397 402 2434 ν
431 2380 663 2442 ἐπιστὰς
698 2377 960 2435 πολλάκις
1001 2377 1292 2444 αἰφνίδιον,
1337 2376 1592 2448 καθάπερ
1643 2396 1727 2440 τις
1757 2378 1908 2432 αἰθέ-

319 2473 431 2544 ριος
484 2472 773 2544 κεραυνός.
815 2471 979 2535 Ἀλλ’,
1039 2469 1210 2542 οἴμοι,
1257 2469 1350 2523 νῦν
1391 2469 1554 2523 αὑτὸν
1609 2471 1778 2542 ἀργὸν
1814 2471 1908 2525 καὶ

315 2567 569 2636 κείμενον
596 2564 854 2629 καθάπαξ
895 2563 1096 2628 ἔδειξεν
1122 2565 1149 2615 ὁ
1193 2563 1386 2630 τάφος.
1415 2564 1644 2633 Οὖρανὲ,
1671 2565 1770 2627 τὰς
1807 2565 1908 2626 σὰς

320 2659 498 2720 πύλας
552 2656 903 2719 ἀναπετάσας
957 2655 1286 2726 πρόπεμψον
1328 2655 1558 2726 βροντήν
1606 2655 1762 2720 ἀξίαν
1810 2656 1906 2709 τοῦ

325 2753 562 2820 μεγάλου
607 2749 799 2803 τούτου
839 2749 1048 2812 πάθους
1094 2749 1189 2801 καὶ
1238 2747 1543 2818 θορύὸησον
1595 2735 1694 2819 τὴν
1729 2750 1908 2803 κτίσιν

318 2842 524 2906 πᾶσαν,
563 2841 648 2896 ἵνα
678 2840 910 2894 καὶτῶν
949 2839 1232 2910 ἀψύχωνή
1279 2839 1441 2908 φύσις
1485 2840 1740 2912 αἴσθησιν
1765 2842 1904 2914 λάϐῃ

316 2935 411 2987 καὶ
443 2932 760 2990 συλλάϐοιτο
794 2931 904 2986 τῶν
928 2931 1146 3004 θρήνων
1173 2931 1362 2988 ἅπασα
1393 2933 1558 3002 φύσις
1586 2936 1905 3004 κτισμάτων

316 3028 469 3096 ἡμῖν.
509 3026 574 3077 Ὢ
607 3024 720 3089 πῶς
751 3027 786 3097 ὴ
819 3025 1096 3095 ταχυτάτη
1133 3025 1228 3078 καὶ
1258 3024 1584 3097 ὠκύπτερος
1614 3026 1778 3094 φύσις
1809 3027 1906 3082 νῦν

2012 541 2340 596 Oppressum
2373 525 2695 594 prostravit.
2721 525 3086 583 Commovere
3115 537 3258 584 terra
3281 529 3442 600 562
3471 547 3604 601 pro-

2011 627 2136 688 pter
2185 618 2335 673 hunc
2382 632 2598 684 casum,
2647 629 2710 673 ut
2765 634 2930 674 omne
2985 637 3183 690 genus,
3234 624 3415 677 omnis
3467 633 3602 679 aetas

2011 713 2300 768 hominum
2351 722 2560 767 tantam
2596 711 2809 768 cladem
2863 714 3089 779 sentiat,
3125 723 3180 769 et
3221 715 3406 784 plures
3435 716 3600 772 nobis

2011 805 2146 860 socii
2177 814 2234 861 et
2264 804 2551 876 adjutores
2577 804 2998 860 vehementium
3048 806 3160 860 sint
3208 807 3596 875 suspiriorum.

2012 898 2112 954 Hic
2138 897 2262 964 fuit,
2296 898 2392 967 qui
2422 897 2709 954 celeritate
2737 913 2936 953 cursus
2977 898 3250 954 adventus
3279 900 3363 954 sui
3395 899 3596 955 famam

2010 998 2408 1054 anteverteret,
2449 998 2505 1043 et
2546 987 2868 1058 priusquam
2910 989 3352 1058 conspiceretur,
3387 999 3598 1046 terrore

2011 1082 2096 1140 sui
2146 1082 2396 1138 nominis
2449 1081 2667 1152 fugaret
2707 1080 2917 1135 hostes.
2953 1079 3084 1145 Sed,
3121 1080 3209 1136 hei
3241 1081 3370 1136 inihi
3401 1083 3414 1136 ι
3449 1097 3600 1138 nunc

2013 1191 2162 1233 mors
2185 1177 2348 1246 longe
2381 1176 2477 1231 illo
2511 1174 2750 1230 celerior
2783 1174 3017 1236 exstitit,
3043 1183 3100 1228 et
3136 1175 3445 1230 istiusmodi
3474 1191 3600 1231 eur-

2012 1285 2106 1326 sus
2129 1269 2429 1324 antevertit
2450 1277 2505 1323 et
2530 1268 2773 1337 abrupit.
2800 1266 3008 1322 Adesto
3035 1267 3156 1322 fons
3183 1266 3323 1336 ignis
3346 1269 3596 1334 :etherei,

2011 1373 2177 1433 atque
2223 1362 2552 1416 alterutrum
2607 1359 2861 1429 perficito
2906 1377 2920 1414 :
2966 1369 3065 1414 aut
3108 1360 3301 1416 vitales
3350 1360 3404 1414 in
3453 1357 3599 1417 terra

2011 1469 2273 1526 spargere
2299 1453 2541 1508 desinite
2583 1452 2788 1516 radios,
2817 1460 2912 1506 aut
2938 1452 3106 1506 totius
3140 1452 3283 1522 ignis
3303 1453 3390 1506 'tui
3415 1462 3599 1508 crate-

2012 1563 2100 1601 ras
2129 1548 2184 1601 in
2217 1562 2338 1602 eam
2373 1560 2569 1600 omnes
2594 1544 2886 1608 effundite,
2916 1553 2976 1599 ut
3010 1559 3197 1599 comas
3230 1546 3412 1601 omnis
3435 1547 3602 1602 arbor

2011 1639 2254 1707 amittat,
2278 1647 2335 1694 et
2359 1639 2472 1693 lilia
2500 1640 2613 1708 agri
2645 1649 3009 1700 marcescant,
3033 1647 3088 1692 et
3114 1638 3409 1693 herbarum
3434 1654 3599 1696 omne

2012 1747 2185 1800 genus
2219 1739 2424 1784 tantam
2472 1729 2687 1782 cladem
2729 1729 2935 1783 sentiat
2983 1737 3148 1799 atque
3181 1729 3455 1794 intelligat
3506 1732 3601 1788 Ille

2017 1823 2142 1888 fuit,
2177 1824 2270 1892 qui
2307 1821 2680 1875 'l‘riballoruin
2725 1831 2779 1874 et
2810 1821 3085 1891 Mysorum
3115 1821 3286 1876 duces
3326 1835 3603 1892 perterre—

2014 1916 2243 1980 faceret,
2281 1931 2419 1985 quos
2461 1930 2605 1984 saepe
2637 1914 2790 1968 velut
2834 1913 3176 1970 dormientes
3209 1916 3396 1970 subito
3429 1917 3603 1972 instar

2011 2008 2239 2062 tetherei
2295 2006 2543 2060 fulminis
2593 2005 2888 2074 oppressit.
2953 2007 3043 2070 At,
3099 2007 3187 2061 hei
3241 2008 3414 2061 mihi!
3454 2023 3602 2064 nunc

2014 2101 2167 2155 illum
2203 2102 2459 2171 ignavum
2495 2107 2551 2152 et
2579 2099 2858 2170 jacentem
2889 2114 3119 2168 prorsus
3145 2102 3387 2157 ostendit
3419 2111 3603 2156 tumu~

2011 2195 2121 2248 lus.
2180 2192 2224 2248 Ο
2277 2192 2504 2258 cwlum,
2549 2191 2724 2260 portis
2759 2190 2868 2244 tuis
2921 2190 3130 2260 apertis
3185 2191 3393 2246 tonitru
3448 2200 3598 2246 tanta

2011 2285 2322 2339 calamitate
2351 2282 2577 2350 dignum
2609 2296 2838 2351 erumpe
2862 2293 2916 2336 et
2943 2291 3108 2336 totam
3136 2297 3319 2336 rerum
3346 2291 3596 2336 naturam

2012 2377 2370 2450 perterrefac,
2403 2387 2462 2431 ut
2493 2387 2548 2430 et
2579 2376 3010 2431 inanimatorum
3053 2385 3248 2431 natura
3282 2377 3505 2441 sentiat,
3542 2385 3600 2431 et

2010 2489 2098 2528 res
2132 2474 2314 2528 omnis
2347 2472 2565 2543 generis
2607 2489 2637 2527 a
2671 2471 2782 2526 Deo
2816 2471 3053 2526 condite
3100 2471 3312 2524 luctum
3347 2480 3597 2524 nostrum

2008 2567 2295 2637 adjuvent.
2321 2565 2435 2619 llcu
2465 2567 2477 2618 !
2508 2580 2608 2619 cur
2641 2574 2731 2618 tua
2761 2563 3048 2618 celerrima
3079 2571 3134 2617 et
3156 2561 3325 2618 veluti
3353 2562 3597 2617 volueris
3666 2555 3676 2575 ‘

2010 2667 2206 2713 natura
2257 2673 2404 2712 nunc
2451 2659 2679 2712 immota
2709 2655 2982 2725 quiescit?
3034 2654 3193 2710 Heu!
3232 2671 3332 2710 cur
3382 2667 3462 2719 tu,
3499 2655 3596 2724 qui

2012 2752 2176 2806 toties
2204 2751 2365 2804 nobis
2391 2765 2458 2803 ex
2491 2749 2711 2804 bellicis
2741 2747 3036 2817 triumphis
3064 2747 3309 2801 lmtitiani
3336 2748 3595 2810 attulisti,

1974 2845 2174 2922 rhodie
2206 2845 2260 2898 in
2285 2844 2629 2899 contrarium
2656 2842 2868 2897 vertisti
2903 2842 3111 2904 omnia,
3134 2856 3262 2895 vere
3289 2843 3342 2895 in
3377 2841 3597 2896 hiemen

2009 2946 2374 3000 commutato,
2413 2935 2832 3008 pulchritudine
2865 2934 3000 2988 solis
3033 2934 3088 2987 in
3131 2935 3400 2988 obscuras
3445 2943 3598 2987 tene-

2010 3029 2158 3091 bras,
2183 3028 2390 3099 pullata
2414 3027 2562 3082 omni
2590 3034 2774 3090 aitate,
2795 3034 2851 3079 et
2871 3023 3219 3095 splendorem
3245 3023 3404 3094 563
3429 3023 3600 3078 tethy-

314 3119 514 3189 ἠρεμεῖ
541 3117 616 3188 μὴ
645 3116 1001 3187 κινούμενος;
1039 3117 1105 3169 Ὦ
1129 3115 1246 3181 πῶς
1270 3117 1533 3180 πολλάκις
1567 3117 1700 3186 ἡμῖν
1746 3118 1904 3188 κομίο

2010 3123 2106 3177 rite
2134 3121 2269 3175 facis
2299 3119 2432 3175 solis
2460 3118 2612 3172 velut
2640 3116 2999 3172 occultante?
3038 3115 3176 3177 Heu,
3215 3115 3490 3185 quomodo
3530 3131 3594 3178 ~s,

315 3227 416 3274 σας
439 3211 616 3280 χαρὰν
637 3211 701 3262 ἐκ
719 3210 829 3264 τῶν
856 3208 1170 3279 πολεμικῶν
1199 3209 1480 3281 τροπαίων
1508 3211 1566 3273 ὲς
1592 3210 1901 3265 τούναντίον

265 3331 278 3340 -
317 3302 610 3373 ἀνέτρεψεν
636 3302 856 3357 ἅπαντα
889 3302 1154 3372 σήμερον,
1183 3303 1278 3355 καὶ
1307 3301 1556 3373 χειμῶνα
1590 3303 1689 3368 μὲν
1720 3303 1778 3355 τὸ
1805 3303 1902 3372 ἔαρ

317 3394 612 3464 ποποίηκε,
655 3397 844 3456 σκότος
873 3395 930 3447 δὲ
964 3393 1100 3463 βαθὺ
1127 3393 1191 3447 τὸ
1233 3395 1328 3446 τοῦ
1361 3393 1518 3464 ἡλίου
1550 3394 1767 3458 κάλλος,
1806 3411 1902 3464 με·

315 3484 736 3556 λανειμονούσης
760 3485 981 3555 ἡλικίας
1011 3486 1232 3556 ἁπάσης
1259 3489 1358 3542 καὶ
1383 3481 1494 3538 οἷον
1520 3485 1906 3557 ἀποκρυπτού-

315 3594 416 3650 σης
465 3579 566 3650 τὴν
592 3579 768 3648 αὐγὴν
805 3579 904 3648 τῆς
943 3578 1189 3648 αἰθερίας
1237 3579 1330 3633 τοῦ
1377 3580 1532 3649 ἡλίου
1582 3581 1901 3650 λαμπάδος;

320 3673 386 3725 Ὢ
414 3673 529 3737 πῶς
552 3675 580 3726 6
610 3672 838 3736 πολλοὺς
873 3674 937 3725 ἐκ
967 3672 1075 3725 τῶν
1107 3672 1395 3744 βλεφάρων
1417 3673 1905 3742 ἁποκρουσάμενος

319 3765 519 3829 ὕπνους
551 3765 690 3835 ὑπὲρ
719 3765 830 3817 τῶν
865 3767 1127 3835 ὑπηκόων
1159 3765 1256 3818 νῦν
1295 3768 1352 3818 ἐν
1379 3767 1534 3836 τάφῳ
1564 3765 1656 3818 τὸν
1691 3767 1904 3836 μακρὸν

316 3858 484 3911 ὕπνον
515 3857 812 3924 καθεύδει;
848 3858 914 3911 Ὠ
955 3857 1072 3922 πῶς
1124 3858 1217 3912 τὸν
1248 3857 1448 3912 λίθινον
1491 3856 1652 3922 αὐτὸς
1699 3857 1904 3921 ὑποδὺς

315 3954 521 4024 χιτῶνα
554 3954 612 4006 ἐν
649 3952 845 4024 βραχεί
883 3937 1167 4023 δυστυχῶν
1195 3953 1344 4022 ἡμᾶς
1377 3951 1752 4005 ἀποδύσασθαι
1785 3951 1900 4022 (48)

315 4052 636 4119 πεπραχεν;
671 4047 736 4098 Ὢ
780 4047 896 4110 πῶς
926 4048 1195 4117 πρότερον
1228 4048 1331 4116 μὲν
1373 4047 1444 4100 τὰ
1483 4046 1592 4099 τῶν
1627 4044 1904 4115 πολεμίων

313 4141 533 4194 κόπτων
564 4140 662 4194 καὶ⁹
715 4139 1076 4193 καταϐάλλων
1109 4141 1341 4209 σώματα
1382 4138 1480 4197 νῦν
1511 4139 1575 4192 ἐκ
1607 4139 1779 4207 τάφου
1804 4137 1904 4200 τὰς

315 4235 424 4288 τῶν
458 4235 718 4305 ὑπηκόων
753 4235 966 4301 τοξεύει
1009 4234 1191 4304 ψυχὰς
1226 4233 1492 4303 ἀφειδῶς
1523 4232 1595 4285 Σὺ
1633 4231 1680 4285 δ’
1710 4225 1756 4285 ὦ
1787 4231 1905 4285 θεία

319 4326 554 4398 βασιλὶς,
590 4325 693 4379 ποῦ
722 4327 783 4380 τὸ
816 4327 907 4379 σὺν
935 4325 1335 4389 καταλέλοιπας
1361 4324 1550 4391 κλέοςς
1581 4325 1703 4388 Πῶς
1737 4325 1908 4378 καθά-

2007 3217 2099 3286 qui
2149 3224 2379 3284 propter
2431 3212 2688 3267 subditos
2736 3224 3169 3266 suossomnum
3221 3207 3397 3263 oculis
3450 3223 3598 3277 saepe

2006 3307 2244 3378 negavit,
2280 3321 2432 3360 nunc
2480 3304 2536 3358 in
2591 3302 2850 3373 sepulcro
2897 3302 3120 3370 longum
3155 3299 3309 3353 illum
3339 3314 3626 3353 somnum-

2005 3400 2249 3455 dorniit?
2281 3399 2416 3460 Heu,
2460 3395 2739 3467 quomodo
2785 3395 2898 3458 ille,
2937 3408 3100 3449 saxea
3152 3393 3333 3446 tunica
3379 3390 3595 3458 induta,

2008 3495 2158 3550 brevi
2191 3493 2401 3556 effecit,
2433 3501 2492 3546 ut
2523 3506 2624 3546 nos
2651 3490 2853 3544 misere
2884 3484 3256 3543 exu‘eremur?
3291 3485 3432 3549 lleu,
3461 3500 3598 3554 quo-

2007 3588 2170 3643 modo
2209 3585 2305 3657 qui
2338 3595 2499 3641 antea
2536 3584 2779 3638 hostium
2805 3594 3040 3650 corpora
3073 3576 3323 3633 medebat
3364 3584 3421 3631 et
3449 3586 3595 3630 ster—

2006 3680 2192 3744 nebat,
2231 3693 2381 3732 nunc
2411 3692 2440 3730 e
2485 3674 2741 3744 sepulcro
2775 3672 3123 3727 subditorum
3155 3667 3370 3722 animos
3425 3665 3594 3735 Sagit-

2008 3773 2078 3826 tis
2126 3770 2489 3840 pertinaciter
2529 3765 2784 3835 impetit?
2821 3761 2902 3819 Tu
2947 3779 3099 3828 vero,
3131 3777 3164 3815 ο
3203 3760 3390 3815 divina
3422 3760 3597 3827 impe-

2008 3864 2200 3928 ratrix,
2242 3861 2468 3917 ubinam
2501 3859 2672 3914 decus
2705 3866 2859 3911 tuum
2895 3853 3212 3924 reliquisti?
3261 3852 3385 3907 Heri
3419 3851 3595 3921 plen-re

2005 3952 2150 4007 lunae
2178 3953 2354 4007 instar
2390 3964 2612 4019 egressa
2644 3947 2872 4017 palatio,
2907 3945 3069 3999 hodie
3096 3959 3208 4013 quo
3243 3952 3402 4012 pacto
3432 3941 3594 3994 dimi—

2007 4045 2157 4099 diata
2198 4041 2530 4110 reverteris?
2558 4039 2870 4113 Quomodo,
2919 4051 3044 4091 cum
3088 4037 3264 4089 instar
3302 4033 3596 4087 frondinus

2005 4139 2201 4193 obsita:
2245 4136 2465 4191 arboris
2510 4133 2757 4196 ﬂoreres,
2809 4131 2973 4186 hodie
3009 4139 3069 4184 ut
3098 4128 3308 4183 frenum
3346 4127 3461 4196 agri
3493 4126 3594 4178 de-

2006 4229 2245 4286 floruisti
2273 4239 2330 4284 et
2363 4244 2485 4283 rosa
2512 4227 2564 4281 in
2591 4225 2787 4297 prato?
2825 4224 2946 4290 Quo
2977 4231 3138 4292 pacto
3166 4219 3285 4276 heri
3325 4234 3392 4274 ex
3424 4221 3597 4287 impc-

2009 4327 2212 4380 ratoris
2264 4321 2520 4378 thalamis
2561 4319 2908 4390 splendentis
2951 4326 3007 4371 et
3037 4313 3266 4369 illustris
3303 4309 3594 4384 plenilunii

315 4439 424 4494 περ
446 4420 708 4484 εθκυκλος
741 4421 942 4493 σελήνη
985 4420 1095 4473 τῶν
1134 4419 1424 4491 βασιλείων
1453 4420 1582 4491 χθὲς
1611 4419 1904 4485 ἐξελθοῦσα

2012 4417 2186 4473 instar
2214 4422 2411 4472 exorta
2437 4427 2588 4468 nunc
2620 4412 2810 4467 multis
2836 4419 2893 4465 et
2916 4409 3104 4463 densis
3134 4406 3376 4461 nubibus
3405 4405 3596 4459 occul-

318 4485 559 4585 σήμερον
584 4485 886 4584 ἐπανῆλθες
929 4485 1282 4584 ήμίκωίλοη
1328 4485 1747 4585 Πῶςηκαθάπερ
1789 4513 1904 4566 δέν-

2012 4511 2185 4566 taris?
2214 4513 2340 4580 quis
2397 4519 2506 4563 tam
2551 4508 2704 4562 brevi
2747 4513 3029 4560 momento
3080 4511 3229 4557 tuam
3285 4500 3597 4572 pulchritu-

314 4611 440 4679 δρον
480 4610 873 4678 εὺσκιόφυλλον
902 4609 1140 4664 ἀνθοῦσα
1175 4613 1417 4681 σήμερον
1447 4610 1708 4680 ἐξαίφνης
1733 4611 1909 4681 ἀπήν-

317 4699 488 4770 θησας
527 4699 604 4763 ὡς
664 4701 854 4772 χόρτος
894 4701 955 4752 ὲν
997 4699 1153 4770 ἁγρῷ
1186 4705 1280 4753 καὶ
1330 4699 1484 4771 ῥόδον
1534 4701 1594 4753 ἐν
1640 4697 1906 4767 λειμῶνι;

321 4794 446 4856 Πῶς
495 4795 558 4846 ἐκ
595 4792 704 4845 τῶν
755 4793 1052 4864 βασιλικῶν
1079 4793 1344 4862 θαλάμων
1391 4790 1518 4862 χθὲς
1551 4785 1641 4844 οἷα
1678 4791 1912 4861 λαμπρὰ

318 4889 416 4940 καὶ
448 4887 764 4958 πλησιφαὴς
797 4886 1136 4954 πανσέληνος
1167 4885 1500 4940 ἀνατείλασα
1538 4883 1635 4938 νῦν
1684 4887 1742 4936 ὲν
1776 4883 1910 4938 πολ-

317 4980 433 5042 λοῖς
459 4980 556 5032 καὶ
585 4980 806 5050 βαθέσιν
836 4977 1077 5047 ὲκρύύης
1105 4979 1216 5040 τοῖς
1243 4981 1462 5046 νὲφεσι;
1497 4977 1592 5040 Τίς
1622 4979 1682 5031 ἐν
1713 4977 1910 5049 βραχεῖ

317 5075 381 5125 τὸ
423 5074 514 5125 σὺν
547 5071 930 5143 ἁπημαύρωσε
966 5071 1202 5136 κάλλος;
1250 5069 1361 5123 Πυῦ
1398 5071 1500 5142 τὴν
1530 5073 1911 5141 συγκαταρεύ-

323 5181 500 5220 σασαν
530 5166 748 5236 ἀφῆκας
775 5166 977 5235 χλόην;
1009 5165 1104 5228 Τίς
1135 5165 1226 5230 τὸν
1264 5164 1355 5217 σὺν
1385 5163 1778 5217 εὐανθέστατον
1812 5165 1913 5235 κῆ-

324 5274 428 5310 πον
459 5255 700 5327 ἐξώρυξε
726 5273 742 5325 ;
776 5257 859 5319 τίς
889 5256 1150 5325 κλέπτης,
1183 5255 1263 5318 τίς
1286 5255 1510 5325 λῃστὴς,
1537 5255 1622 5317 τίς
1650 5254 1907 5325 πρηστὴρ

320 5349 413 5402 καὶ
446 5351 714 5418 κεραυνὸς
740 5348 798 5414 ἐξ
820 5347 1052 5419 ούρανοῦ
1083 5365 1097 5412 ;
1136 5346 1258 5408 Πῶς
1290 5345 1418 5416 χθὲς
1456 5346 1531 5408 ὡς
1580 5346 1644 5398 ὲκ
1687 5345 1910 5415 λιμένος

319 5443 409 5496 τὸν
441 5441 679 5494 ἔκπλουν
714 5441 1064 5512 ποιησαμένη
1103 5438 1358 5508 λαμπρὸν
1409 5437 1652 5508 σήμερον
1695 5440 1909 5508 ἐπανῆ-

2007 4608 2193 4663 dinem
2225 4604 2578 4660 obscuravit?
2610 4603 2712 4659 Ubi
2747 4601 2938 4656 ﬂorem
2975 4609 3127 4653 tuum
3175 4598 3472 4653 deeiduum
3506 4612 3597 4648 re-

2005 4699 2261 4772 liquisti?
2305 4699 2430 4769 quis
2463 4707 2793 4753 vernantem
2847 4706 3001 4748 tuum
3055 4692 3280 4746 hortum
3321 4689 3597 4759 perfodit?

2007 4795 2099 4864 qui
2134 4792 2258 4847 fur?
2307 4793 2401 4863 qui
2449 4789 2630 4844 latro?
2681 4803 2805 4858 quae
2858 4786 3132 4857 fulgetra?
3177 4783 3326 4854 quod
3373 4784 3601 4836 ctelesae

2007 4883 2250 4939 fulmen?
2283 4883 2403 4949 Quo
2434 4889 2595 4952 pacto
2634 4895 2756 4950 quae
2791 4879 2914 4932 heri
2960 4877 3113 4931 velut
3139 4890 3169 4930 e
3200 4884 3364 4944 portu
3415 4875 3602 4942 splen-

2010 4979 2138 5032 dide
2172 4977 2410 5039 solvisti,
2444 4973 2616 5028 hodie
2645 4981 2904 5040 tanquam
2949 4987 2981 5023 θ
3010 4968 3302 5039 naufragio
3329 4977 3388 5022 et
3428 4967 3600 5020 fluctu

2006 5086 2068 5126 es
2105 5085 2350 5135 reversa,
2383 5067 2644 5122 omnibus
2680 5067 2748 5120 iis
2782 5081 2920 5134 quas
2961 5064 3230 5128 vehebas,
3266 5061 3603 5130 pretiosissi-

2007 5165 2113 5219 mis
2154 5163 2438 5218 mereibus
2467 5159 2737 5230 spoliata?
2765 5160 2900 5224 Quis
2932 5168 3081 5210 tuam
3125 5170 3350 5210 auream
3381 5167 3596 5207 Cumani

2005 5254 2299 5312 detondit?
2327 5252 2464 5319 Quis
2499 5251 2598 5305 tibi
2647 5265 2908 5320 purpurae
2960 5249 3312 5319 splendorem
3358 5241 3601 5298 adeum?

2007 5351 2135 5420 quis
2174 5358 2324 5402 tuam
2379 5348 2665 5400 lucernam
2715 5342 2998 5413 abripuit?
3043 5343 3169 5411 quis
3223 5349 3375 5392 tuum
3425 5339 3597 5390 solem

2017 5439 2315 5494 exstinxit?
2349 5438 2476 5508 quis
2523 5437 2622 5492 tibi
2654 5423 2855 5490 nevain
2891 5437 3051 5489 istam
3086 5432 3318 5501 eclipsin
3355 5426 3601 5482 invexit?

1688 5553 2033 5617 Variorum
2075 5563 2268 5618 notae.

286 5681 288 5683 ’
387 5676 503 5751 (48)
541 5674 859 5751 Haptl_scio
916 5691 984 5751 an
1039 5673 1183 5751 desit
1235 5673 1480 5751 aliquid,
1511 5673 1578 5729 de
1608 5675 1903 5746 splendore

317 5745 578 5805 vestium.
617 5745 727 5802 Sed
759 5751 804 5800 si
851 5748 989 5801 nihil
1021 5746 1198 5814 deest,
1247 5747 1606 5802 mutationem
1635 5757 1784 5804 certe
1811 5765 1904 5805 ve-

2019 5679 2184 5734 stitus
2217 5678 2494 5750 significat
2526 5679 2587 5732 τὸ
2615 5678 3016 5746 ἀποδύσασθαι,
3050 5677 3207 5750 quasi
3239 5687 3381 5732 esset
3414 5690 3612 5745 μετεν-

2015 5748 2304 5806 δύσασθαί.
2331 5748 2610 5808 WOLFIUS.
