4070 6452
534 330 635 397 77f
787 335 866 408 [ι.
909 345 966 387 ιι.
1008 328 1147 385 6853
1186 346 1253 383 Αο
1295 304 1460 400 esse}

1740 324 2166 391 NICEPHORI
2206 326 2596 392 GREGORIE

2898 324 3035 398 [tum
3079 335 3359 382 Αιιυῐιοειια.
3396 327 3534 401 tum]

3666 335 3763 398 772

525 453 652 521 quis
692 449 908 504 illustre
959 456 1114 503 tuum
1159 450 1478 518 coniugium
1511 446 1768 501 diremit?
1810 444 1944 512 Quae
1987 443 2102 499 fera

2213 462 2326 510 κεί,
2355 445 2429 508 ὡς
2458 449 2524 500 ἐκ
2556 455 2818 515 ναυαγίου
2852 447 2948 500 καὶ
2990 446 3260 508 κλύδωνος
3295 448 3414 501 ὅλον
3444 448 3765 520 ζημιωθεῖσὰ

529 553 826 611 tempestas
842 556 1076 600 vernam
1106 549 1252 594 tuam
1281 540 1605 609 temperiem
1637 539 1920 607 corrupit?
1946 537 2109 606 Agim

529 650 681 699 vero,
706 636 884 689 omnis
906 633 1151 689 Romane
1181 632 1342 704 564
1373 631 1593 701 popule,
1613 631 1869 701 adjuvate
1890 632 2101 685 luctum

529 742 734 789 meum,
782 726 1155 780 communiter
1180 725 1478 794 ejulemus,
1521 736 1630 776 non
1664 723 1815 776 illum
1853 720 2109 789 deplora-

529 818 660 882 turi,
690 817 784 871 sed
818 826 1038 871 nosmet
1066 817 1232 885 ipsos,
1265 815 1360 885 qui
1391 816 1459 869 ab
1491 814 1589 868 illo
1612 813 1861 870 destituti
1885 826 2102 867 sumus.

527 908 629 973 Qui
683 916 974 962 stemmate
1034 907 1391 977 imperatorio
1444 908 1581 960 estis
1632 906 1762 969 orti.
1817 906 2109 973 deplorata

525 1000 935 1068 imperatorem,
990 1009 1051 1052 ut
1098 1009 1157 1053 et
1198 1006 1490 1068 cognatum
1533 1006 1590 1053 et
1636 997 1860 1051 familiae
1906 1006 2107 1051 vestra

476 1102 485 1111 ‘
526 1100 939 1145 ornamentum.
964 1091 1070 1155 Qui
1104 1090 1294 1159 palatii
1323 1089 1512 1143 limina
1546 1087 1932 1157 frequentatis,
1954 1102 2106 1156 qua-

524 1183 632 1236 rite
659 1183 844 1251 palatii
888 1181 1259 1251 splendorem.
1290 1181 1421 1245 Vos,
1473 1179 1696 1244 milites,
1727 1179 1908 1248 lugete
1934 1179 2111 1234 soler-
2144 1214 2159 1225 κ

525 1285 636 1328 tem
691 1276 886 1329 ducem
931 1292 945 1329 :
1001 1286 1100 1329 vos
1177 1272 1401 1339 famuli,
1449 1274 1748 1328 humanum
1812 1271 2102 1326 dominum

527 1361 865 1431 deplorate:
921 1364 1017 1432 qui
1074 1363 1319 1417 dormire
1370 1372 1427 1417 et
1473 1363 1762 1432 quiescere
1815 1363 2102 1428 solebatis,

524 1452 846 1521 pervigilem
880 1451 1281 1506 excubitorem.
1319 1450 1426 1506 Vos
1454 1450 1689 1516 iudices,
1724 1448 2101 1503 lamentamini

523 1558 676 1605 eum,
698 1559 728 1597 a
758 1558 868 1613 quo
893 1546 1073 1612 legum
1103 1544 1187 1597 vis
1216 1543 1508 1612 pendebat.
1536 1540 1646 1596 Vos
1673 1541 1930 1596 Ecclesia:
1960 1541 2103 1595 sacri

523 1647 807 1701 proceres,
836 1632 1148 1687 desiderate
1178 1632 1507 1685 acerrimum
1537 1640 1838 1685 amatorem
1864 1640 1920 1685 et
1946 1631 2102 1700 adju-

522 1731 696 1778 torem
743 1724 1057 1791 degmatum
1092 1742 1107 1791 ;
1141 1727 1236 1795 qui
1287 1726 1343 1779 in
1393 1724 1673 1778 montibus
1720 1732 1777 1779 et
1822 1722 2106 1793 speluncis

526 1814 745 1883 degitis.
771 1817 1085 1884 praesidium
1104 1826 1161 1873 et
1181 1815 1654 1887 propugnaculum
1678 1814 2107 1869 existimationis

522 1917 578 1960 et
621 1909 808 1976 gloriae
860 1918 1099 1973 vestrae;
1152 1923 1272 1974 vos,
1310 1921 1590 1962 sacrorum
1648 1905 2109 1977 monasteriorum

525 2008 792 2061 rectores,
816 2008 1012 2054 vestrm
1034 1999 1297 2069 potentiae
1327 2013 1531 2053 arcem.
1562 1997 1828 2064 Reputate
1858 2006 2105 2050 extrema

523 2090 673 2146 illius
714 2093 1018 2147 certamina
1067 2107 1168 2161 pro
1211 2091 1379 2147 vobis
1410 2097 1692 2158 suscepta.
1742 2088 1999 2153 COgitnle
2048 2095 2109 2142 ut

523 2197 759 2252 corpore
814 2193 929 2238 tum
977 2182 1277 2238 hostilibus
1322 2180 1672 2242 vulneribus,
1717 2189 1829 2233 tum
1876 2177 2108 2233 medicis

526 2275 842 2329 ustionibus
886 2288 1118 2344 prorsus
1152 2274 1443 2333 exhausto.
1477 2280 1534 2324 et
1578 2270 1645 2323 ad
1690 2279 1927 2340 mortem
1974 2284 2105 2338 pro-

522 2372 771 2433 peraute,
801 2373 856 2419 et
888 2379 1092 2432 corpus
1119 2378 1279 2417 suum
1310 2359 1725 2429 contempserit,
1755 2367 1811 2413 et
1839 2360 1962 2413 vitae
1992 2374 2109 2414 sua:

521 2469 631 2509 non
672 2453 1004 2524 pepercerit,
1043 2452 1138 2508 sed
1174 2452 1434 2505 alacriter
1469 2438 1541 2505 ad
1567 2459 1883 2519 suggestum
1921 2460 1974 2503 et
2017 2465 2108 2504 sa-

521 2561 745 2602 crorum
794 2546 1070 2601 antistites
1118 2546 1369 2598 venerit:
1403 2558 1505 2598 nec
1536 2542 1692 2617 prius
1729 2541 1854 2596 inde
1900 2541 2110 2597 disces-

520 2640 693 2702 serit,
735 2654 898 2706 quam
957 2653 1109 2705 spem
1163 2636 1418 2701 fecisset,
1473 2636 1836 2690 insectatores
1892 2646 2107 2688 vestros

518 2737 888 2798 Corruptaque
928 2728 1148 2782 illorum
1182 2729 1453 2796 dogmata,
1499 2728 1644 2796 quod
1691 2726 1745 2780 in
1792 2741 1852 2781 se
1882 2724 2108 2795 quidem

522 2827 692 2883 esset,
739 2816 1087 2883 contereudi,
1122 2832 1186 2872 ac
1229 2831 1460 2887 prorsus
1507 2816 1783 2871 abolendi.
1829 2814 2108 2871 Recorda-

522 2907 682 2971 mini,
726 2922 849 2975 quae
880 2919 936 2963 et
978 2915 1187 2976 quanto
1233 2922 1359 2960 cum
1412 2906 1531 2962 zelo
1575 2910 1749 2964 sacris
1797 2909 1906 2963 illis
1949 2909 2137 2964 labiis"

528 2998 693 3051 verba
755 2998 1049 3067 protulerit
1099 3014 1199 3069 pro
1234 2998 1396 3070 565
1442 2999 1769 3056 defensione
1818 3015 2105 3058 sacrarum

2214 537 2306 591 τὸν
2354 539 2718 607 πολυτίμητον
2767 540 3000 610 φόρτον;
3042 538 3138 602 Τίς
3193 539 3521 607 ἀφεῦ.έ’σου
3571 544 3631 597 τὸ
3679 547 3768 613 τῆς

2214 628 2503 700 πορφύρας
2561 631 2854 698 κράτιστον
2884 647 2914 691 ς,
2962 628 3057 693 Τίς
3102 646 3197 681 σου
3244 629 3333 683 τὸν
3370 630 3603 698 χρυσοῦν
3640 634 3767 689 ἀπί-

2218 736 2370 791 κειρε
2426 720 2756 791 βόστρυχονς
2786 719 2883 783 Τίς
2923 720 3137 797 τὸνγσδν
3178 721 3394 791 ἥρπασε
3446 722 3665 793 luxum;
3694 727 3769 789 τίς

2216 812 2307 866 τὸν
2341 813 2431 865 σὺν
2462 812 2688 867 ἔσϐεσεν
2715 812 2899 884 ﬁlim;
2935 813 3018 876 τίς
3063 829 3147 865 σοι
3185 813 3285 883 τὴν
3313 815 3627 881 καινοτέραν
3650 817 3769 868 ταύ·

2217 918 2318 971 την
2351 901 2585 973 ἡλιακὴν
2627 900 2870 971 ἔκλειψιν
2903 900 3227 970 εἴργασταις
3262 901 3344 964 τίς
3389 916 3486 954 σου
3514 900 3611 971 τὴν
3645 901 3771 969 λαμ-

2219 996 2366 1064 πρὰν
2391 993 2658 1063 συζυγίαν
2695 993 2940 1060 διέλυσε;
2972 994 3068 1055 Τίς
3099 990 3287 1062 ἄγριος
3321 991 3530 1062 χειμὼν
3559 990 3653 1061 τήν
3683 995 3773 1061 σήν

2219 1086 2443 1157 ἐαρινὴν
2482 1086 2756 1157 ¹ἁρμονίαν
2802 1085 3126 1156 διέρρηξενς
3163 1085 3325 1161 Ἀλλὰ
3357 1085 3657 1154 συνάρασθέ
3692 1102 3774 1154 μοι

2216 1179 2314 1234 τοῦ
2350 1180 2582 1242 πένθους
2612 1179 2759 1243 ἅπας
2783 1180 2811 1232 ὁ
2835 1178 2941 1232 τῶν
2984 1176 3274 1245 Ῥωμαίων
3297 1177 3490 1245 δῆμος,
3514 1175 3608 1228 καὶ
3629 1176 3774 1244 δεῦρο

2218 1274 2374 1341 κοινῇ
2404 1272 2498 1325 τὸν
2526 1272 2724 1343 θρῆνον
2747 1271 3071 1341 ἐγείρωμεν,
3121 1268 3401 1331 κλαίοντες
3428 1268 3528 1321 οὐκ
3560 1268 3772 1330 ἐκεῖνον,

2215 1363 2331 1420 ἀλλ’
2368 1363 2515 1432 ἡμᾶς
2560 1364 2756 1429 αὑτυίις
2802 1363 2859 1416 ἐν
2890 1362 3098 1433 ἐρημίᾳ
3142 1360 3527 1421 καταστάντας
3555 1359 3772 1415 ἐκείνου.

2219 1454 2287 1509 Oi
2309 1456 2410 1518 τὰς
2452 1454 2547 1509 τοῦ
2580 1455 2769 1521 γένους
2815 1452 3415 1533 φλέδαςοέλκοντεςκέκ
3444 1451 3552 1504 τῶν
3582 1451 3775 1521 βασιλι-

2219 1548 2332 1601 κῶν
2366 1546 2579 1617 πηγῶν,
2607 1543 2919 1615 δακρύσατε
2950 1544 3048 1598 καὶ
3074 1544 3148 1607 ὡς
3180 1542 3422 1613 συγγενῆ
3448 1542 3538 1595 τὸν
3566 1542 3777 1611 βασιλέα

2218 1642 2315 1694 καὶ
2350 1639 2426 1703 ὼς
2454 1637 2551 1691 τοῦ
2581 1640 2775 1711 γένους
2802 1636 3087 1707 καύχημα.
3122 1637 3187 1691 Of.
3222 1636 3321 1698 τὰς
3357 1634 3655 1703 βασιλείους
3679 1651 3775 1686 πα-

2216 1734 2436 1795 τοῦντες
2484 1732 2679 1794 αὐλὰς,
2714 1731 2991 1801 ζητήσατε
3032 1729 3131 1799 τὴν
3169 1730 3275 1783 τῶν
3322 1727 3614 1798 βασιλείων
3644 1726 3772 1794 λαμ-

2212 1825 2483 1895 πρότητα.
2510 1826 2576 1877 Oi
2605 1823 2961 1892 στρατιῶται,
2989 1822 3300 1892 πενθήσατε
3319 1820 3413 1875 τὸν
3438 1819 3609 1884 δεξιὸν
3632 1836 3777 1888 στραι

2208 1915 2379 1982 τηγόν
2568 1912 2696 1984 549]
2736 1913 2787 1965 οἱ
2818 1912 3020 1976 δοῦλοι,
3062 1910 3337 1966 κλαύσατε
3363 1912 3455 1962 τὸν
3487 1908 3774 1978 φιλάνθρω-

2213 2026 2314 2062 πον
2343 2007 2615 2076 δεσπότην
2635 2023 2651 2039 ο
2690 2007 2739 2059 οἱ
2773 2005 3057 2059 καθεύδειν
3103 2006 3201 2057 καὶ
3231 2003 3465 2073 ἠρεμεῖν
3516 2002 3770 2065 εἰωθότες.

2211 2098 2303 2152 τὸν
2350 2098 2627 2166 ἄγρυπνον
2675 2097 2890 2163 φύλακα
2911 2114 2926 2128 ·
2962 2098 3011 2150 οἱ
3042 2095 3312 2159 δικασταὶ,
3347 2095 3652 2165 θρηνήσατε
3696 2092 3775 2145 τὸν

2210 2190 2447 2259 χορηγὸν
2478 2188 2578 2258 τῆς
2607 2187 2716 2242 τῶν
2760 2188 2939 2258 νόμων
2981 2186 3196 2258 ἱσχύος³
3229 2186 3278 2240 oi
3328 2187 3432 2255 τῆς
3474 2184 3775 2254 Ἐκκλησίας

2217 2283 2355 2350 ίεροὶ
2383 2281 2684 2353 προστάται
2715 2280 2855 2350 (49),
2883 2279 3155 2350 ζητήσατε
3206 2278 3300 2332 τὸν
3340 2278 3602 2349 διάπυρον
3629 2295 3777 2331 σπου-

2210 2372 2415 2443 δαστὴν
2449 2373 2542 2425 καὶ
2577 2372 2925 2442 συλλήπτορα
2950 2370 3060 2424 τῶν
3099 2370 3394 2441 δογμάτων
3416 2387 3431 2403 ο
3467 2368 3517 2423 oi
3555 2375 3609 2421 ἐν
3640 2368 3776 2437 ἤρεσι

2210 2465 2308 2519 καὶ
2343 2464 2649 2534 σπηλαίοις,
2696 2463 2787 2515 τὸν
2834 2462 3096 2533 πρόὸολον
3123 2464 3216 2515 καὶ
3265 2460 3646 2531 προασπιστὴν
3692 2459 3776 2527 τῆς

2213 2557 2485 2628 ὑμετέρας
2531 2557 2778 2620 εὐκλείας
2812 2556 2906 2610 καὶ
2959 2556 3119 2625 δόξης
3144 2572 3160 2588 ο
3208 2558 3256 2609 oi
3288 2555 3404 2610 τῶν
3436 2554 3592 2609 θείων
3621 2554 3775 2620 ἀσκη-

2210 2647 2417 2718 τηρίων
2442 2647 2806 2717 κοσμήτορες,
2835 2645 2935 2716 τὴν
2962 2645 3063 2714 τῆς
3091 2642 3368 2714 ὑμετέρας
3392 2640 3598 2713 ,ἰσχύος
3622 2637 3774 2708 ἀκρὸο

2211 2741 2389 2797 πολιν.
2417 2724 2726 2807 ΔοῨίσασθε
2772 2738 2896 2800 τοὺς
2926 2736 3066 2807 ὑπὲρ
3095 2735 3248 2806 ὑμῶν
3279 2735 3623 2797 τελευταίους
3643 2730 3775 2798 ἀγῶ-

2212 2849 2309 2897 νας
2359 2829 2550 2896 αὐτοῦ,
2607 2830 2723 2893 πῶς
2792 2828 3161 2898 πεπονηκότος
3226 2824 3326 2894 ήδη
3394 2824 3641 2890 καθάπαξ
3695 2820 3775 2875 τοῦ

2215 2925 2468 2994 σώματος
2495 2924 2557 2975 ἐκ
2583 2940 2644 2976 τε
2668 2921 2779 2975 τῶν
2808 2919 3122 2989 πολεμικῶν
3150 2918 3490 2989 τραυμάτων
3515 2916 3576 2970 ἐκ
3603 2932 3658 2969 τε
3683 2913 3776 2966 τῶν

2218 3016 2482 3086 ἰατρικῶν
2521 3014 2813 3084 καυτήρων
2834 3010 2930 3065 καὶ
2961 3011 3097 3081 πρὸς
3120 3008 3347 3063 θάνατον
3378 3005 3780 3062 ἐντεῦθενσὲλαυο

520 3088 871 3163 sam-tinuum
914 3099 972 3143 et
1018 3090 1194 3159 ipsius
1237 3091 1505 3145 veritatis.
1558 3093 1946 3148 Recordamini
1985 3110 2107 3164 qua:

2213 3107 2435 3177 νόμενος
2465 3101 2841 3173 κατεφρόνησε
2868 3118 2928 3154 τε
2962 3100 3055 3154 τοῦ
3106 3099 3389 3168 σώματος,
3423 3100 3516 3153 καὶ
3546 3096 3642 3166 τῆς
3668 3096 3801 3149 ἑαυρ·

520 3181 757 3241 dixerit.
806 3183 1127 3250 priusquam
1174 3181 1242 3236 ad
1301 3190 1613 3252 suggestum
1658 3185 2005 3253 pervenisset
2045 3194 2102 3240 et

521 3269 589 3323 ad
625 3284 843 3323 sacrum
876 3271 1168 3325 concilium
1201 3289 1214 3326 :
1258 3287 1380 3341 quae
1419 3273 1550 3327 item
1577 3289 1700 3329 cum
1745 3274 1983 3330 venisset
2016 3292 2104 3332 rc-

518 3363 730 3433 eitarit,
759 3362 998 3416 maximo
1028 3378 1152 3425 cum
1202 3364 1421 3434 ingenio
1447 3375 1500 3420 et
1532 3376 1779 3421 veterum
1826 3368 2106 3437 theologo-

519 3469 642 3517 rum
688 3453 1018 3517 imitatione,
1055 3469 1179 3509 cum
1230 3456 1420 3512 divino
1466 3456 1650 3511 amatu
1698 3457 1848 3547 p.leni
1883 3458 2105 3530 linguas

519 3544 801 3599 resonanti
831 3546 886 3598 in
930 3544 1061 3615 ipsis
1091 3554 1147 3601 et
1177 3548 1482 3617 impellenti
1530 3544 1753 3618 spiritui
1787 3565 2104 3604 accommo-

518 3635 763 3690 dabant:
798 3646 853 3691 et
881 3639 1135 3708 quamvis
1168 3654 1315 3693 mors
1348 3639 1515 3709 capiti
1557 3641 1889 3706 immineret,
1921 3652 2102 3698 tamen

519 3744 633 3782 non
666 3730 916 3795 cesserit,
944 3731 1037 3785 sed
1069 3731 1324 3787 alacriter
1350 3733 1647 3787 admodum
1678 3747 1743 3787 ea
1772 3750 1893 3803 qua:
1923 3740 2108 3806 requi-

520 3820 791 3877 rebantur
834 3825 1112 3894 peregerit
1151 3840 1167 3879 :
1202 3825 1341 3889 Deo,
1388 3825 1468 3879 uti
1519 3835 1951 3881 consentaneum
2000 3838 2104 3895 est,

519 3927 778 3982 magnum
810 3914 958 3971 hunc
995 3916 1267 3971 fervorem
1299 3917 1487 3973 animo
1521 3919 1641 3987 ejus
1667 3918 1888 3988 largito,
1926 3930 1985 3974 ut
2008 3935 2103 3974 co-

523 4007 777 4061 ronidem
805 4007 1099 4077 quamdam
1129 4011 1346 4066 caeteris
1384 4011 1505 4081 ejus
1538 4012 1816 4080 praeclaris
1844 4016 2104 4069 certami-

521 4100 687 4154 nibus
714 4108 771 4154 ει
802 4102 970 4156 veluti
997 4101 1237 4172 sigillum
1270 4102 1786 4174 praestantissimum
1816 4106 2103 4175 imprime-

521 4199 627 4251 ret,
671 4190 915 4261 linguam
963 4192 1082 4263 ejus
1127 4193 1446 4265 hujusmodi
1488 4196 1841 4250 sermonibus
1874 4213 2106 4268 perpur-

521 4281 733 4353 gaudo;
771 4293 831 4337 ut
882 4285 1082 4341 talibus
1121 4284 1335 4356 legibus
1381 4294 1437 4342 et
1475 4286 1714 4343 decretis
1746 4291 2107 4359 promulgatis

518 4411 555 4451 e
590 4398 698 4457 vita
723 4366 1053 4452 discederet.
1089 4415 1109 4451 ι

2210 3196 2303 3254 τοῦ
2332 3198 2476 3267 ζωῆς
2510 3195 2811 3266 ἀφειδήσας
2839 3191 3133 3264 προθύμως
3161 3192 3254 3245 ἐπὶ
3278 3191 3337 3245 τὸ
3366 3191 3524 3262 βῆμα
3548 3191 3636 3244 καὶ
3662 3190 3776 3249 τοὺς

2212 3293 2603 3363 ίεροφάντορας
2634 3284 2888 3363 ἦκελκαὶ
2935 3288 2995 3340 οὑ
3040 3287 3313 3358 πρότερον
3362 3287 3581 3341 ἐκεῖθεν
3622 3284 3780 3354 ἀπή).-

2210 3386 2360 3450 λαξε,
2388 3387 2522 3455 πρὶν
2564 3385 2785 3446 ἐλπίδας
2828 3383 3030 3445 δοῦναι,
3061 3381 3137 3446 ὡς
3169 3378 3295 3444 τοὺς
3333 3381 3496 3452 ὑμῶν
3542 3378 3782 3447 ὑϐριστὰς

2210 3478 2307 3531 καὶ
2341 3477 2411 3530 τὰ
2448 3476 2672 3530 ἐκείνων
2704 3473 3031 3545 διεφθορότα
3058 3474 3325 3542 δόγματα.
3357 3474 3427 3527 τό
3458 3489 3521 3542 γε
3551 3473 3628 3535 εις
3656 3471 3781 3524 ἐκεῖ·

2212 3586 2301 3621 νον
2340 3563 2497 3639 ἧκον,
2542 3566 2823 3637 συντρίψει
2853 3584 2912 3619 τε
2946 3567 3041 3620 καὶ
3088 3567 3230 3630 ὅλοις
3257 3565 3422 3620 δώσει
3462 3557 3661 3636 φθοράς
3696 3562 3779 3617 καὶ

2213 3660 2488 3723 ἀπωλείας
2542 3658 2724 3730 βυθοίς
2773 3676 2831 3713 τε
2880 3660 2975 3713 καὶ
3027 3658 3288 3727 κύμασιν.
3357 3656 3771 3730 Ἀναμνήσθητε,

2213 3754 2356 3817 οἵους
2391 3756 2481 3806 καί
2506 3753 2633 3806 ὅσου
2661 3751 2753 3805 τοῦ
2788 3750 2954 3820 ζήλου
2988 3752 3217 3820 μεστοὺς
3243 3752 3355 3803 τῶν
3390 3752 3555 3822 ἱερῶν
3576 3749 3779 3803 ἐκείνων

2214 3845 2440 3917 χειλέων
2470 3846 2595 3908 τοὺς
2627 3844 2818 3911 λόγους
2855 3847 3193 3912 προήνεγκεν
3238 3842 3382 3912 ὑπέρ
3415 3859 3477 3894 τε
3502 3843 3605 3896 τῶν
3635 3840 3778 3893 θείων

2216 3938 2432 4009 θεσμῶν
2466 3937 2559 3990 καὶ
2590 3938 2688 4007 τῆς
2738 3935 2995 4005 ἀληθείας
3030 3935 3221 4006 αὐτῆς.
3259 3934 3667 4007 Ἀναμνήσθητε
3709 3924 3775 3985 ὧν

2215 4028 2516 4099 ἐφθέγξατο
2568 4029 2698 4099 πρὶν
2724 4028 2879 4098 ἥκειν
2929 4025 3023 4078 ἐπὶ
3068 4027 3129 4079 τὸ
3179 4027 3334 4104 βῆμα
3367 4030 3463 4082 καὶ
3511 4029 3601 4081 τὸν
3647 4026 3776 4095 ἱερὸν

2218 4123 2474 4190 σύλλογον
2497 4137 2513 4153 ⁶
2548 4115 2623 4175 ὧν
2654 4138 2714 4173 τε
2742 4119 2898 4183 αὖθις
2945 4120 3115 4174 ἐλθὼν
3143 4119 3344 4190 διεξῄει
3385 4120 3524 4175 πάνυ
3569 4136 3647 4173 τοι
3694 4134 3778 4188 με’

2215 4214 2524 4285 γαὶοφυῶς,
2558 4214 2652 4267 καὶ
2681 4212 2868 4283 ὥσπερ
2895 4213 2943 4265 oi
2974 4212 3140 4267 πάλαι
3170 4212 3279 4265 τῶν
3309 4212 3599 4280 Θεολόγων,
3631 4209 3776 4265 ὁπότε

2216 4306 2364 4370 θείας
2397 4305 2683 4367 ἐπιπνοίας
2722 4302 3124 4374 ἐμφορηθέντες
3162 4301 3262 4374 τὴν
3294 4303 3543 4371 γλῶτταν
3590 4301 3775 4355 ἐδίδουν

2216 4397 2293 4466 τῷ
2323 4394 2605 4465 ἐνηχοῦντι
2656 4394 2751 4447 καὶ
2782 4396 3001 4463 φέροντι
3046 4393 3317 4465 πνεύματι
3343 4412 3359 4426 ο
3390 4397 3485 4449 καὶ
3510 4397 3651 4458 ὅπως
3689 4399 3775 4453 τοῦ

523 4488 830 4558 νοσήματος
887 4490 1031 4563 ὑπὲρ
1084 4489 1329 4559 κεφαλῆς
1375 4490 1707 4562 αἱωροῦντος
1753 4491 1847 4544 τοῦ
1895 4490 2013 4562 βίου
2068 4498 2129 4550 τὸ
2167 4495 2362 4565 πέρας.
2400 4492 2429 4542 ὁ
2471 4488 2528 4541 δὲ
2560 4487 2661 4540 οὐκ
2707 4485 2992 4552 ἐνέδωκεν,
3049 4486 3168 4539 ἀλλ’
3206 4487 3465 4556 ἐπέραινε
3504 4488 3570 4541 τὰ
3602 4488 3778 4557 βελτίω

522 4579 671 4644 μάλα
704 4579 997 4649 προθύμως
1021 4595 1036 4610 ⁸
1077 4575 1231 4651 οἶμαι
1265 4579 1360 4633 τοῦ
1389 4579 1525 4633 Θεοῦ
1572 4579 1816 4653 μεγάλην
1850 4582 2053 4653 ταύτην
2097 4584 2195 4655 τὴν
2225 4583 2376 4648 ζέσιν
2411 4584 2481 4649 τῇ
2513 4576 2704 4630 τούτου
2764 4576 3132 4647 χαρισαμένου
3166 4576 3334 4646 ψυχῇ,
3405 4578 3491 4629 ἵνα
3536 4573 3779 4646 κορωνίδα

519 4671 641 4723 τινᾶ
688 4672 801 4734 τοῖς
869 4670 1055 4735 ἄλλοις
1129 4671 1341 4724 ἐκείνου
1392 4674 1649 4742 χρηστοῖς
1697 4673 1876 4739 ἀγῶσι
1947 4676 2043 4728 καὶ
2118 4671 2230 4730 οἷον
2289 4673 2684 4744 ἐκσφράγισμα
2730 4669 3023 4739 κράτιστον
3107 4670 3347 4738 ἐπιθείη,
3400 4670 3461 4723 τὺ
3536 4666 3776 4741 τριούτοις

515 4758 699 4832 λόγοις
725 4763 1043 4834 άγνισθῆναι
1068 4763 1167 4834 τὴν
1192 4763 1446 4832 γλῶσσαν
1484 4764 1579 4818 καὶ
1613 4765 1873 4829 τοιούτοις
1899 4767 2085 4838 νόμοις
2119 4769 2215 4823 καὶ
2247 4768 2484 4836 δόγμασι
2516 4759 2874 4817 συναπελθεῖν
2903 4760 3066 4828 αὑτὸν
3102 4762 3166 4821 ἐκ
3191 4760 3287 4815 τοῦ
3319 4761 3460 4830 βίον.
3500 4780 3517 4813 ι

588 4875 682 4929 ιν.
717 4873 840 4929 Fuit
872 4874 963 4930 hic
990 4874 1297 4957 imperator
1332 4874 1580 4946 jucunda
1631 4885 1687 4931 et
1716 4877 1940 4933 amabili
1971 4893 2102 4949 spe-

2280 4877 2353 4932 A’.
2385 4874 2498 4930 Ἧν
2530 4893 2591 4944 γε
2649 4875 2757 4946 μὴν
2803 4876 2832 4927 ὁ
2869 4873 3131 4957 βασιλεὺς
3177 4874 3303 4944 ἡδὺς
3351 4874 3447 4927 καὶ
3498 4871 3695 4943 χαρίεις
3724 4866 3777 4921 τὸ

517 4966 628 5030 cie,
654 4967 844 5023 hilaris
868 4977 925 5022 et
966 4952 1193 5022 accessu
1230 4967 1427 5034 facilis,
1455 4970 1734 5026 humanus
1765 4980 1817 5024 et
1856 4972 2108 5029 clemen-

485 5053 788 5115 'tissimus.
823 5058 1096 5115 Caeterum
1144 5061 1382 5117 neminis
1433 5063 1607 5117 ullum
1662 5064 1957 5118 consilium
2007 5062 2107 5116 ad-

522 5152 802 5217 mittebat,
825 5150 912 5205 sui
942 5151 1106 5205 unius
1134 5153 1419 5208 sententiae
1448 5162 1504 5209 et
1537 5155 1784 5209 scientiae
1820 5156 2107 5209 insistens.

2208 4969 2349 5033 εἶδος
2386 4968 2523 5039 (50),
2553 4969 2612 5021 τὸ
2646 4964 2778 5038 ἦθος
2808 4967 2992 5038 ἱλαρὸς
3033 4969 3126 5021 καὶ
3161 4968 3504 5037 εὐπρόσιτος,
3533 4968 3625 5035 τήν
3653 4957 3777 5029 γνώ-

2213 5083 2321 5134 μην
2346 5062 2726 5130 φιλάνθρωπος
2763 5061 2861 5114 καὶ
2897 5062 3038 5114 πάνυ
3069 5078 3152 5113 τοι
3184 5060 3499 5132 συμπαθής.
3550 5056 3776 5126 Συμόου·

2205 5154 2309 5223 λήν
2334 5170 2412 5245 ys,
2430 5152 2537 5222 μὴν
2569 5151 2679 5204 τῶν
2707 5151 2925 5205 πάντων
2970 5151 3182 5214 οὐδενὸς
3236 5152 3665 5224 προσδεχόμειος
3690 5143 3773 5198 οὐ·

524 5243 717 5315 Ιιαρμιε
793 5245 1059 5313 pleraque
1125 5245 1549 5312 dissimulabat,
1622 5249 1857 5303 consilio
1914 5248 2107 5318 plenus

2213 5238 2425 5318 δεμίαν,
2458 5247 2597 5319 μόνῃ
2640 5248 2707 5316 τῇ
2750 5245 2947 5300 ἐαυτοῦ
2977 5246 3206 5301 διετέλει
3250 5245 3566 5315 πειθόμενος
3598 5238 3771 5310 γνώμη

1875 5446 2213 5508 Variorum
2251 5455 2438 5507 notas.

490 5603 495 5607 η
596 5582 707 5651 (49)
736 5583 863 5658 [Lee
903 5586 1066 5641 verba
1100 5602 1164 5641 ex
1208 5586 1466 5658 Gregorae
1498 5589 1673 5643 naenia
1703 5588 1865 5643 affert
1894 5589 2101 5645 Canta-

523 5667 718 5730 euzen.
757 5655 854 5709 lib.
908 5672 980 5730 Iv,
1014 5672 1134 5730 cap.
1171 5658 1263 5723 24,
1294 5655 1460 5730 atque
1492 5676 1561 5716 ex
1592 5661 1659 5715 iis
1690 5661 1885 5716 malam
1938 5661 2101 5715 fidem

527 5720 786 5791 θερίζω-ω
822 5728 1018 5797 carpit.
1051 5720 1291 5783 ϋυιιΑΝο.

2281 5590 2392 5667 (50)
2424 5589 2798 5667 Canta_cuzen.
2828 5590 2927 5667 lib.
2963 5608 3026 5659 ιι,
3057 5609 3178 5663 cap.
3207 5596 3268 5650 21
3308 5602 3449 5651 extr.
3482 5589 3777 5667 deandrof'

2212 5662 2340 5737 nico
2363 5662 2511 5733 jun.,
2536 5663 2672 5737 fugitat
2702 5661 2810 5737 γᾴρ
2842 5663 2943 5737 ορκ
2976 5661 3278 5737 ἐπέραστος
3311 5671 3494 5737 μόνον,
3524 5661 3655 5718 ἀλλὰ
3683 5661 3765 5712 καὶ

2216 5725 2496 5801 θαύματος
2528 5732 2655 5799 ἀξία
2686 5725 2827 5802 ﬁgi;
2858 5725 2948 5801 ἦν.
2983 5725 3219 5789 υυιξλιίο.
