4070 6446
246 365 355 427 773

515 359 591 433 [Α.
632 374 687 419 c.
735 359 870 417 1523
905 348 980 417 to‘
1016 358 1185 433 isti}
1289 360 1743 424 BYZANTINIE
1782 359 1862 419 HI

1962 357 2171 419 ORI/E
2203 357 2350 421 LIB.
2390 359 2501 422 Xl-

2604 351 2738 426 [ων.
2778 364 3065 407 Απυιιοιιιο.
3094 340 3251 424 sum]
3430 350 3541 416 77L

249 494 343 535 και
377 479 597 549 γνώσει.
631 478 725 532 Διὸ
764 480 859 534 καὶ
887 483 1184 549 κρυψινους
1226 472 1296 548 ἦν
1322 476 1396 538 ὡς
1425 475 1497 531 τὰ
1543 475 1717 529 πολλὰ
1747 448 1858 527 καὶ⁸

1962 473 2038 529 lle
2076 475 2340 542 quidem;
2377 466 2499 531 sed
2525 489 2558 530 a
2610 474 2903 546 colloquiis
2941 482 2999 530 et
3049 482 3200 530 etetu
3249 440 3540 529 hominum

251 572 475 645 βαθεῖαν
507 571 605 643 μὲν
629 572 720 626 διὰ
767 571 965 643 φρενὸς
996 568 1383 641 καρπούμενος
1426 552 1646 624 αὔλακα
1667 581 1683 598 ο
1717 568 1845 621 avo-

254 666 485 737 μίλητος
507 666 551 718 δ’
574 665 668 720 οὖν
698 666 794 720 καὶ⁵
822 663 999 735 μισῶν
1026 662 1160 733 περὶ
1187 663 1379 718 ἑαυτὸν
1401 660 1609 732 πλῆθος
1636 658 1848 731 ἀνθρὼ-

252 777 369 813 πων
401 759 559 829 ὁρᾷν.

323 850 402 906 Ε’.
436 851 603 907 Ὅθεν
631 851 729 907 καὶ
772 853 895 907 οὔτε
933 854 1241 926 βασιλικαῖς
1276 855 1557 925 ἐνέχεσθαι
1597 852 1844 925 φροντίσι

220 942 350 1010 ,καὶ
383 942 661 1012 ἀσχολίαις
697 945 964 1016 ἠνείχετο,
1002 945 1128 1001 οὔτε
1166 947 1274 1019 μὴν
1306 949 1365 1002 ὲν
1400 949 1521 1012 ταῖς
1557 946 1848 1016 μεγίσταις

254 1034 364 1088 τῶν
414 1034 618 1105 ἑορτῶν
666 1037 737 1089 τά
787 1037 887 1105 τῆς
942 1037 1226 1108 βασιλείας
1258 1040 1432 1093 ἐτέλει
1482 1040 1709 1109 νόμιμα.
1748 1037 1847 1103 τὰς

254 1126 546 1197 θεατρικάς
574 1145 719 1201 φημι
764 1131 860 1184 καὶ¹
901 1130 1218 1201 δημοτελεῖς
1265 1133 1516 1202 πομπὰς,
1559 1132 1655 1185 καὶ
1693 1129 1843 1200 φιλο·

256 1218 535 1290 φροσύνας
582 1221 676 1273 καὶ
721 1223 823 1290 τὰς
860 1223 1274 1294 μεγαλοψύχους
1307 1224 1630 1295 εὐεργεσίας
1662 1240 1724 1276 τε
1754 1224 1849 1276 καὶ

255 1309 519 1379 διανομὰς
577 1311 688 1364 τῶν
726 1312 796 1363 Δ’ιέ
866 1315 1169 1384 χρημάτων
1227 1313 1367 1384 ὁμοῦ
1438 1314 1533 1367 καὶ
1597 1311 1846 1382 ἀξιωμά-

257 1413 388 1451 των.
432 1398 519 1463 Ὠς
555 1398 892 1455 κινδυνεύειν
925 1403 1179 1457 ἐντεῦθεν
1212 1403 1384 1472 λήθης
1417 1401 1716 1456 καταδῦναι
1749 1401 1851 1472 βυ-

262 1488 374 1551 θοῖς
409 1489 480 1543 τά
510 1492 611 1561 τῆς
661 1490 946 1562 βασιλικῆς
974 1492 1231 1560 εὐταξίας
1278 1492 1466 1565 ἔθιμα,
1499 1491 1586 1566 [Ρ.
1618 1491 1751 1565 550]
1775 1485 1851 1545 ῶν

259 1581 362 1650 τὴν
392 1583 613 1652 μνήμην
642 1582 787 1637 κατὰ
815 1583 1069 1655 διαδοχὴν
1092 1585 1143 1639 οί
1171 1584 1413 1655 βασιλεῖς
1439 1567 1552 1650 τοῖς
1576 1586 1852 1655 ὸψιγόνοις

263 1674 647 1745 παρέπεμπον.
668 1676 886 1729 Πολλοῦ
914 1678 1024 1748 γὰρ
1045 1678 1473 1750 ’παραρῤυέντος
1502 1679 1724 1750 χρόνου,
1750 1679 1851 1732 καὶ

260 1764 369 1817 τῶν
404 1765 622 1819 εἰδότων
655 1764 949 1835 θανόντων,
984 1770 1249 1841 δυσχερὲς
1296 1770 1365 1824 ἂν
1394 1772 1608 1838 γένοιτο
1645 1770 1852 1840 γνῶναι

1950 566 2208 623 alienior.

2020 846 2087 902 ν.
2130 844 2210 901 Eo
2247 844 2434 911 ﬁebat,
2461 852 2522 898 ut
2571 842 2959 913 imperatorias
2993 857 3160 899 curas
3191 851 3248 897 et
3293 858 3536 913 occupa-

1954 937 2134 993 tiones
2167 945 2540 1001 aversaretur,
2560 952 2625 991 ac
2650 951 2718 991 ne
2758 936 2813 989 in
2846 935 3101 990 maximis
3130 936 3354 1005 quidem
3387 935 3543 992 testia

1898 1024 1920 1053 ”’
1952 1031 2217 1087 vitalibus
2267 1031 2532 1086 solemnia
2596 1028 2816 1100 imperii
2856 1029 3061 1093 obiret,
3112 1029 3204 1084 illa
3253 1030 3546 1095 nimirum,

1953 1137 2076 1191 qua:
2106 1120 2173 1175 ad
2229 1121 2543 1191 spectacula
2579 1127 2637 1175 et
2669 1118 2921 1187 publicas
2962 1135 3196 1189 pompas
3225 1129 3281 1175 et
3333 1121 3547 1175 saluta-

1955 1213 2138 1270 tiones
2166 1222 2223 1269 et
2254 1214 2692 1268 munificentiam
2727 1212 3140 1281 imperatoriam
3169 1222 3224 1266 et
3270 1211 3544 1268 distribu-

1954 1307 2162 1361 tionem
2207 1306 2573 1376 pecuniarum
2604 1315 2680 1361 'et
2735 1306 3012 1359 honorum
3064 1306 3430 1375 pertinerent.
3481 1306 3548 1363 Ut

1946 1400 2059 1472 jam
2096 1400 2401 1470 periculum
2443 1400 2537 1464 sit,
2572 1415 2641 1455 ne
2689 1397 3060 1470 imperatoriae
3107 1397 3412 1466 disciplinae
3460 1400 3547 1453 in-

1953 1493 2169 1556 stituta,
2202 1504 2440 1563 quorum
2486 1493 2810 1547 memoriam
2858 1492 3061 1562 singuli
3097 1491 3345 1546 vicissim
3385 1491 3551 1564 566

1955 1587 2323 1656 imperatores
2371 1585 2440 1641 ad
2505 1595 2756 1656 posteros
2805 1584 3214 1656 propagabant,
3268 1584 3549 1640 oblivione

1951 1690 2181 1746 prorsus
2235 1676 2562 1730 obruantur.
2617 1672 2751 1728 Nam
2814 1690 2941 1729 cum
3002 1673 3238 1728 multum
3284 1671 3548 1740 temporis

1955 1767 2350 1829 internuxerit.
2375 1774 2428 1821 et
2480 1767 2574 1836 qui
2615 1765 2707 1821 illa
2751 1765 3014 1821 tenebant
3046 1762 3413 1828 decesserint,
3445 1776 3548 1832 po-

260 1856 388 1918 τοὺς
416 1857 672 1920 ἐπιόντας
704 1858 772 1912 τά
804 1858 994 1913 δέοντα
1018 1874 1035 1891 ο
1077 1862 1193 1914 ἀλλ’
1221 1861 1297 1923 ὡς
1334 1859 1536 1929 ἔοικεν,
1566 1865 1599 1933 η
1621 1863 1757 1934 πρὸς
1784 1862 1854 1917 τὰ

1962 1861 2120 1917 steris
2165 1860 2299 1930 quid
2345 1859 2509 1915 omcli
2555 1858 2628 1915 sit
2669 1859 2812 1914 scire
2842 1854 3065 1912 difﬁcile
3099 1857 3229 1912 erit.
3272 1855 3547 1911 Nimirum

262 1946 441 2015 φαῦλα
477 1950 678 2018 σπουδὴ
712 1949 1100 2023 ῥᾳθυμοτέραν
1139 1956 1286 2007 ποιεῖ
1336 1953 1438 2022 τὴν
1465 1955 1523 2018 ἐς
1549 1954 1619 2009 τά
1658 1954 1852 2009 δέοντα

265 2041 602 2112 φιλοτιμίαν.
635 2041 872 2113 Ἐτρεφε
924 2045 1037 2121 γὰρ
1083 2044 1253 2109 κύνας
1283 2046 1398 2115 (5i)
1430 2046 1526 2100 καὶ
1551 2045 1715 2117 ὄρνεα
1759 2064 1858 2100 κυ-

263 2135 530 2206 νηγετικὰ
563 2135 872 2207 παμπληθῆ
917 2138 1015 2190 καὶ
1047 2136 1305 2193 τοσοῦτον
1335 2142 1392 2202 ἐς
1422 2138 1595 2193 ταῦτα
1624 2138 1851 2210 ἥττητο,

262 2225 405 2281 ὥστε
453 2229 552 2282 καὶ
597 2227 651 2282 εί
678 2244 763 2290 τις
802 2227 954 2299 αὐτῷ
987 2229 1237 2299 ἐντυχεῖν
1282 2230 1558 2293 ἐϐούλετο,
1606 2231 1853 2302 ὅρνεονῆ

266 2318 406 2374 κύνα
456 2319 697 2390 κομίζων
726 2319 991 2390 ἐτύγχανε
1027 2323 1202 2393 ῥᾷστα
1236 2323 1333 2377 τοῦ
1383 2324 1747 2394 ποθουμένου.
1788 2326 1855 2379 ’Δ

265 2413 446 2467 πάντα
472 2413 619 2484 μετὰ
658 2414 760 2484 τὴν
802 2413 1015 2468 ἐκείνου
1043 2416 1306 2487 τελευτὴν
1344 2419 1369 2469 ὁ
1400 2416 1857 2489 Καντακουξηνὺς

263 2509 379 2570 τοῖς
448 2504 713 2578 χρῄζουσι
772 2508 1102 2580 διεμὲρισεν,
1166 2508 1637 2579 ἀναλογισάμενος
1682 2510 1746 2564 τό
1796 2527 1859 2563 τε

268 2597 595 2670 παμπληθὲς
629 2599 729 2669 τῆς
778 2599 1024 2670 δαπάνης
1073 2600 1260 2655 καὶτὸ
1303 2601 1509 2655 τούτων
1540 2604 1600 2666 ἐς
1654 2602 1725 2656 τὰ
1756 2602 1861 2665 τῆς

271 2691 548 2761 βασιλείας
582 2693 887 2764 πράγματα
922 2694 1103 2765 πάντῃ
1137 2692 1236 2764 μὲν
1271 2693 1555 2763 ἀνόνητον,
1599 2695 1782 2765 πάντῃ
1810 2692 1857 2747 δ’

269 2786 593 2855 ἐπισφαλές.
635 2787 807 2841 Πέντε
852 2770 963 2857 γὰρ
1016 2788 1112 2841 καὶ
1146 2784 1277 2841 δέκα
1333 2787 1578 2857 χιλιάδας
1612 2786 1777 2856 φασὶν
1807 2787 1858 2839 οί

270 2879 363 2932 τοῦ
398 2878 685 2950 βασιλικοῦ
716 2880 1046 2950 πρυτανείου
1089 2881 1364 2950 διοικηταὶ
1405 2882 1537 2950 περὶ
1563 2880 1661 2954 τὴν
1707 2880 1861 2951 σφῶν

270 2971 521 3042 δαπάνην
560 2973 1026 3043 καινοτομεῖσθαι.

306 3129 315 3133 _
344 3068 435 3134 (ζ’.
466 3066 622 3121 Οὕτω
651 3083 714 3136 γε
760 3066 865 3138 μὴν
896 3062 1226 3139 πολλὴνκαὶ
1267 3068 1494 3140 βεϐαίαν
1544 3069 1683 3139 πρὸς
1728 3068 1863 3124 Θεὸν

1958 1969 2022 2009 ea
2051 1967 2176 2023 quae
2226 1953 2279 2007 in
2322 1955 2488 2009 rebus
2539 1949 2752 2007 frivolis
2787 1966 2951 2021 opera
2999 1950 3194 2010 sedulo
3227 1950 3548 2018 insumitur,

1958 2046 2027 2101 ad
2056 2061 2123 2100 ea
2156 2058 2279 2114 qua:
2304 2042 2469 2099 oﬂicii
2507 2052 2660 2108 sunt,
2696 2041 3054 2112 exsequenda
3082 2038 3371 2114 segniores
3399 2039 3548 2097 facit.

1957 2137 2137 2193 Canes
2163 2136 2312 2193 enim
2361 2146 2421 2192 et
2473 2148 2604 2191 aves
2633 2135 2917 2191 venaticas
2960 2148 3162 2202 magno
3212 2132 3396 2189 alebat
3446 2148 3554 2188 nu-

1959 2234 2159 2286 mero:
2201 2228 2408 2301 quibus
2462 2230 2537 2285 ita
2588 2237 2711 2284 erat
2766 2227 3011 2291 deditus,
3045 2235 3107 2282 ut
3159 2224 3205 2282 si
3251 2226 3378 2296 quis
3420 2241 3549 2281 eum

1960 2324 2116 2380 adire
2163 2322 2397 2394 cupiens
2444 2332 2636 2378 canem
2680 2330 2776 2378 aut
2816 2336 2976 2378 avem
3013 2322 3258 2389 offerret,
3290 2322 3552 2378 facillime

1962 2431 2188 2487 compos
2218 2415 2328 2471 voti
2366 2412 2714 2470 redderetur.
2746 2415 2878 2483 Quae.
2911 2416 3098 2471 omnia
3128 2416 3552 2474 Cantacuzenus

1963 2522 2088 2584 post
2117 2513 2239 2582 ejus
2269 2509 2482 2565 obitum
2536 2509 2603 2564 iis
2648 2511 2743 2579 qui
2782 2509 3047 2580 petebant
3092 2510 3400 2574 distribuit,
3425 2522 3553 2565 eum

1963 2607 2397 2679 magnitudinem
2439 2590 2763 2677 sumptuum
2799 2615 3084 2674 reputaret
3134 2613 3191 2660 et
3226 2620 3342 2658 rem
3376 2603 3553 2675 ipsam

1963 2700 2200 2769 imperio
2226 2716 2334 2755 non
2356 2688 2534 2753 modo
2560 2698 2833 2760 inutilem,
2855 2696 2949 2751 sed
2976 2697 3140 2751 etiam
3177 2696 3552 2767 perniciosam

1958 2792 2253 2867 iudicaret.
2287 2786 2424 2846 Nam
2471 2789 2788 2859 quindecim
2836 2803 3193 2843 nummorum
3230 2788 3399 2844 millia
3438 2776 3556 2842 im-

1964 2886 2227 2958 peratorii
2277 2884 2390 2940 ﬁsci
2441 2894 2833 2956 procuratores
2872 2884 3016 2938 ultra
3058 2891 3311 2969 ‘veterem
3342 2897 3556 2939 morem

1965 2983 2019 3035 in
2055 2994 2151 3035 eas
2180 2994 2269 3034 res
2303 2992 2545 3043 expensa
2578 2978 2916 3033 retulerunt.

2036 3069 2126 3127 Ἦ.
2157 3069 2341 3140 Usque
2374 3069 2513 3123 adeo
2544 3067 2876 3133 autemDeo
2900 3065 3078 3123 fretus
3111 3075 3233 3122 erat
3264 3077 3321 3122 et
3353 3065 3557 3124 ﬁducia

273 3161 539 3231 ἐκέκτητο
562 3162 768 3229 πίστιν,
801 3161 941 3216 ὥστε
968 3163 1063 3217 καὶ
1093 3163 1409 3231 ἀφύλακτος
1439 3164 1595 3235 διῆγε
1621 3163 1684 3217 τὸ
1713 3165 1862 3218 πλεῖ⁴

1968 3164 2188 3234 plenus,
2223 3173 2284 3217 ut
2314 3163 2642 3233 plerumque
2674 3162 2793 3217 sine
2825 3156 3081 3215 custodia
3126 3170 3313 3232 ageret
3355 3171 3412 3215 et
3437 3163 3559 3215 sine
3623 3190 3632 3207 ι

273 3270 398 3307 στον
433 3255 527 3309 καὶ
568 3254 748 3308 αὐτῶν
778 3255 911 3311 ἄνευ
942 3256 1053 3310 τῶν
1101 3256 1401 3326 βασιλικῶν
1448 3258 1858 3328 πελεκυφόρων.

274 3347 541 3412 Πολλάκις
598 3348 655 3402 δὲ
699 3350 794 3402 καὶ
845 3348 938 3413 οὓς
984 3350 1101 3421 ᾔδει
1161 3354 1285 3404 κατ’
1329 3350 1498 3404 αὐτοῦ
1530 3349 1725 3405 δίκτυα
1770 3352 1865 3405 καὶ

273 3444 513 3514 ἀγχόναις
551 3443 859 3514 ἀρτύοντας
889 3445 1228 3513 ὀμοστέγους
1255 3462 1316 3498 τε
1347 3445 1588 3498 ἐποιεῖτο
1617 3446 1711 3499 καὶ
1735 3445 1864 3498 τού·
1908 3428 1915 3433 ’

271 3554 385 3599 τοις
419 3535 873 3608 συνδιαιτώμενος
906 3532 998 3608 ἦν.
1027 3537 1225 3607 Ἔλεγε
1273 3540 1407 3608 γάρ,
1451 3540 1528 3603 ὡς
1569 3538 1863 3611 ἀνθρώπου

274 3630 390 3697 ζωὴ
428 3632 494 3701 τῇ
539 3632 686 3700 χειρὶ
720 3628 817 3683 τοῦ
860 3629 1000 3684 Θεοῦ
1034 3634 1301 3695 συνοικεῖ,
1350 3633 1449 3687 καὶ
1479 3632 1611 3687 ὅταν
1648 3635 1864 3686 ἐκεῖθεν

274 3720 607 3792 συγχωρηθῇ
638 3718 706 3773 τὰ
744 3719 843 3790 τῆς
874 3719 1106 3784 λύσεως,
1140 3721 1262 3775 τότε
1295 3723 1391 3775 καὶ
1426 3722 1561 3775 πᾶσι
1595 3722 1864 3786 κινδύνοις

274 3814 482 3880 ἀνέῳγε
512 3812 675 3883 θύρα.
776 3812 783 3815 “

346 3904 421 3959 Z'.
447 3906 519 3959 Οὐ
550 3906 712 3976 μόνον
741 3905 821 3973 δέ,
855 3905 992 3960 ἀλλὰ
1037 3909 1134 3961 καὶ
1162 3906 1380 3972 φύσεώς
1424 3923 1509 3969 τις
1562 3906 1866 3979 ίδιοτροπία
1898 3952 1917 3979 ._

278 3997 448 4065 συνῆν
486 4015 549 4067 γε
574 3998 749 4070 αὐτῷ,
783 3999 857 4071 μὴ
887 3999 1293 4069 φιλοτιμεῖσθαι
1347 4001 1579 4071 μηδαμῆ
1612 4015 1680 4052 πε
1691 4000 1746 4071 pl.
1774 4000 1866 4052 τὸν

277 4088 373 4144 τοῦ
400 4072 686 4162 βασιλικοῦ
741 4091 1010 4162 μεγέθους
1052 4090 1218 4160 ὄγκον
1244 4104 1258 4119 ·
1295 4092 1432 4148 ἀλλὰ
1478 4094 1866 4164 ταπεινότερον

226 4254 237 4265 ι
278 4184 376 4239 καὶ
402 4183 581 4238 αὐτῶν
610 4198 673 4254 γε
700 4184 810 4237 τῶν
842 4184 1101 4256 ὑπηκόων
1127 4182 1357 4257 ὁρᾶσθαι
1386 4184 1672 4249 πολλάκις.
1702 4182 1868 4241 Τουτὶ

280 4278 325 4329 δ’
363 4275 423 4345 ἐξ
455 4277 573 4341 ἐνὸς
622 4277 732 4332 τῶν
763 4277 977 4331 πολλῶν
1020 4277 1379 4350 παραστῆσαι
1411 4295 1496 4344 τις
1546 4280 1613 4334 ἂν
1641 4280 1699 4333 ἐν
1732 4279 1868 4351 βρα-

280 4371 386 4439 χεῖ.
415 4370 587 4441 Δῆλον
616 4370 725 4443 γάρ
770 4368 889 4424 ἐστι
917 4374 1031 4437 τοῖς
1064 4370 1290 4435 ἅπασιν,
1321 4372 1397 4437 ὡς
1433 4372 1491 4427 αί
1540 4370 1635 4426 τοῦ
1674 4372 1870 4427 ἐπιπέ-

281 4465 372 4517 δου
404 4463 516 4538 (52)
550 4465 615 4518 ἐκ
640 4444 936 4536 διαμέτρου
959 4466 1266 4536 ἀκρότητες
1293 4466 1405 4520 τῶν
1430 4466 1727 4535 βασιλικῶν
1752 4483 1871 4537 τρι-

1968 3256 2338 3325 imperatoriis
2394 3254 2774 3311 satellitibus:
2810 3254 2944 3325 quin
2999 3262 3056 3310 et
3082 3269 3226 3324 saepe
3272 3269 3369 3308 eos
3418 3269 3561 3324 quos

1966 3348 2105 3403 retia
2135 3356 2193 3402 et
2223 3347 2451 3417 laqueos
2483 3354 2677 3401 contra
2720 3361 2781 3401 se
2817 3348 3099 3403 instruere
3139 3346 3330 3411 sciret,
3360 3355 3562 3402 contu-

1966 3438 2222 3494 bernales
2281 3439 2386 3495 sibi
2447 3438 2659 3494 faceret
2717 3449 2884 3509 atque
2943 3440 3111 3495 etiam
3187 3440 3558 3495 convictores.
3660 3454 3664 3461 ‘

1966 3531 2194 3586 Dicebat
2232 3533 2404 3596 enim,
2442 3532 2611 3586 vitam
2657 3530 2902 3587 hominis
2950 3531 3007 3587 in
3065 3548 3231 3588 manu
3280 3533 3379 3589 Dei
3436 3548 3560 3591 esse

1966 3626 2222 3695 positam,
2254 3639 2285 3678 a
2345 3638 2456 3694 quo
2510 3623 2606 3678 ubi
2652 3624 2774 3695 ejus
2825 3624 3133 3682 destructio
3180 3629 3567 3698 permittatur,

1968 3725 2100 3772 tunc
2125 3714 2383 3771 omnibus
2408 3715 2673 3787 periculis
2708 3722 2900 3787 patere
2931 3716 3103 3775 fores.

2044 3899 2158 3956 Vll.
2216 3901 2350 3957 Erat
2402 3910 2670 3973 praeterea
2734 3903 3032 3975 singularis
3079 3907 3334 3976 quaedam
3390 3908 3445 3963 in
3492 3922 3567 3965 eo

1970 4005 2187 4061 natura,
2216 4011 2288 4051 ne
2330 4011 2560 4065 usquam
2594 3996 2972 4066 imperatoriae
2998 3999 3305 4068 majestatis
3342 3999 3561 4069 magni-

1969 4087 2204 4143 ﬁcentia;
2234 4096 2290 4143 et
2314 4088 2666 4159 amplitudini
2694 4087 2948 4145 studeret
2972 4107 2987 4144 :
3010 4090 3109 4146 sed
3140 4102 3286 4162 saepe
3318 4092 3563 4151 subditis

1972 4179 2237 4235 humilius
2270 4195 2329 4235 se
2358 4192 2597 4251 gereret.
2632 4181 2805 4253 idque
2837 4197 2947 4237 uno
2980 4181 3049 4239 de
3084 4185 3276 4242 multis
3306 4189 3563 4258 exemplo

1973 4270 2220 4326 breviter
2277 4266 2546 4327 declarari
2608 4280 2811 4342 potest.
2877 4273 3082 4331 Notum
3118 4285 3221 4331 .est
3276 4277 3561 4346 omnibus,

1972 4360 2136 4436 567
2167 4366 2650 4432 imper’atoriorum
2687 4366 3053 4423 tricliniorum
3086 4370 3385 4440 pavimenti
3416 4384 3567 4427 sum-

1975 4460 2195 4512 mitates
2223 4457 2412 4513 ambas
2446 4457 2591 4514 inter
2616 4473 2753 4515 sese
2794 4461 3084 4531 oppositas
3118 4464 3371 4520 eminere
3395 4480 3568 4537 supra

283 4554 480 4610 κλίνων
537 4557 851 4628 ἀμφότεραι
920 4558 1278 4627 ὑπέρκεινται
1338 4576 1442 4613 που
1507 4559 1601 4613 τοῦ
1663 4556 1862 4631 μεταξὺ

1978 4549 2326 4622 interiectum
2362 4552 2540 4607 solum
2586 4568 2760 4626 usque
2798 4554 2866 4611 ad
2907 4556 3073 4626 palmi
3126 4559 3409 4627 trientem,
3440 4561 3572 4619 illae

283 4648 542 4704 ἐπιπέδου
572 4651 700 4722 ἄχρι
726 4653 821 4706 καὶ
849 4655 907 4716 ἐς
937 4656 1125 4722 τρίτον
1156 4653 1474 4725 σπιθαμῆς,
1502 4658 1599 4712 καὶ
1627 4655 1866 4726 μάλιστα

281 4741 389 4811 ὅπη
420 4745 515 4809 καὶ
538 4743 567 4795 ὁ
595 4741 871 4813 βασιλικξς
908 4743 1113 4815 ἕστηκε
1166 4741 1355 4815 θρόνος
1377 4761 1391 4774 ο
1427 4744 1496 4799 ἵν’
1525 4746 1658 4808 ἴσως
1692 4744 1792 4817 ἔχῃ
1816 4761 1869 4798 τι

285 4834 387 4887 κάν
415 4830 594 4905 τούτῳ
632 4833 794 4888 πλέον
844 4835 954 4888 τῶν
988 4822 1169 4890 ἄλλων
1203 4835 1233 4886 ὁ
1285 4834 1542 4906 βασιλεὺς
1578 4836 1869 4906 ἱστάμενος

284 4927 341 4978 ἐν
366 4943 428 4981 τε
457 4930 578 4990 ταῖς
604 4929 776 4999 ἱεραῖς
807 4927 1131 4999 ὑμνῳδίαις,
1174 4929 1267 4983 καὶ
1293 4929 1383 4983 ὅτε
1415 4928 1738 4997 διαλέγοιτο,
1775 4926 1869 4981 νῦν

289 5019 390 5086 μὲν
414 5020 527 5084 τοῖς
560 5022 846 5093 ὑπηκόοις,
875 5021 973 5075 νῦν
1024 5021 1081 5075 δὲ
1107 5024 1223 5084 τοῖς
1252 5019 1313 5087 ἐξ
1348 5021 1518 5077 ἐθνῶν
1550 5022 1869 5091 πρέσϐεσιν.

224 5144 239 5151 -
297 5110 529 5177 Ἐξείναί
558 5131 620 5183 γε
658 5114 766 5186 μὴν
799 5114 887 5166 ἐπ’
913 5113 1131 5183 ἐκείνης
1156 5115 1254 5179 τῆς
1284 5116 1526 5180 στάσεως
1556 5112 1741 5167 οὐδενὶ
1762 5113 1874 5166 τῶν

285 5203 541 5259 ἁπάντων
568 5204 648 5275 τῷ
688 5206 902 5276 βασιλεῖ
929 5204 1308 5268 συνίστασθαι,
1329 5203 1474 5273 πλὴν
1501 5206 1604 5276 τῆς
1634 5204 1873 5273 συζύγου

285 5299 385 5361 καὶ
412 5296 520 5351 τῶν
559 5298 724 5357 υίέων
767 5300 861 5352 καὶ
914 5297 1161 5368 ἀδελφῶν
1185 5313 1202 5331 ⁸
1246 5296 1553 5370 προσθείην
1580 5296 1627 5351 δ’
1669 5297 1737 5351 ἂν
1780 5297 1875 5351 καὶ

283 5389 394 5444 τῶν
432 5391 849 5460 πατραδέλφων.
892 5389 1055 5445 Ἀλλὰ
1093 5388 1290 5445 τούτου
1330 5406 1396 5460 γε
1445 5389 1739 5461 ἱσταμένου
1776 5392 1872 5443 καὶ

280 5481 596 5554 ὁμιλοῦντος
642 5483 855 5538 ἐκεῖθεν
906 5479 990 5549 οἷς
1046 5483 1217 5555 ἐχρῆν
1276 5480 1519 5554 ἀνῄεσαν
1568 5481 1664 5536 καὶ
1738 5499 1869 5535 συν-

1969 4647 2207 4701 maxime
2233 4646 2327 4702 ubi
2355 4646 2779 4717 imperatorium
2815 4650 3021 4705 solium
3047 4661 3135 4707 est
3158 4654 3563 4721 constitutUm;

1969 4737 2233 4792 nimirum
2271 4748 2332 4793 ut
2361 4748 2418 4793 et
2439 4740 2498 4795 in
2524 4755 2594 4799 eo
2630 4741 2936 4813 imperator
2960 4744 3168 4815 aliquid
3206 4763 3320 4817 prae
3347 4750 3572 4813 caeteris

1969 4829 2231 4885 eximium
2286 4832 2507 4901 habeat,
2542 4836 2658 4891 sive
2701 4837 2757 4890 in
2804 4839 2980 4896 sacris
3028 4840 3345 4911 liymnodiis
3389 4853 3567 4906 stans,

1972 4921 2089 4978 sive
2149 4940 2300 4981 nunc
2359 4925 2622 4995 subditis,
2678 4945 2830 4987 nunc
2888 4939 3209 4987 exterarum
3275 4935 3567 5002 nationum

1972 5016 2170 5087 legatis
2199 5019 2545 5088 respondens
2573 5038 2589 5075 :
2617 5037 2722 5078 nec
2750 5022 2809 5077 in
2838 5024 2933 5079 illo
2963 5026 3087 5082 loco
3114 5028 3375 5098 cuiquam
3420 5018 3571 5086 moro

1977 5111 2166 5165 talium
2192 5112 2365 5167 licere
2404 5114 2481 5169 illi
2521 5126 2725 5184 astare,
2754 5099 3126 5190 praeterquam
3166 5121 3350 5188 uxori,
3379 5124 3571 5178 liberis

1973 5214 2030 5260 et
2082 5204 2387 5275 fratribus;
2438 5210 2641 5279 quibus
2687 5219 2741 5265 et
2802 5214 3012 5281 patrui,
3058 5222 3120 5270 ut
3168 5216 3389 5286 opinor,
3440 5216 3571 5270 aridi

1974 5309 2226 5368 possunt.
2252 5299 2454 5356 Verum
2483 5302 2577 5357 illo
2620 5302 2695 5359 ibi
2743 5313 2923 5361 stante
2951 5315 3009 5362 et
3038 5322 3165 5362 cum
3194 5308 3400 5379 quibus
3428 5322 3574 5376 opus

1974 5400 2097 5445 erat
2153 5392 2545 5463 colloquente,
2613 5411 2725 5451 non
2788 5397 2955 5453 modo
3009 5399 3193 5455 omnis
3262 5399 3574 5457 nobilitatis

1980 5483 2352 5542 adolescentia
2383 5490 2580 5546 eodem
2627 5490 2966 5549 ascendebat
3006 5502 3062 5550 et
3091 5493 3171 5551 illi
3204 5493 3442 5558 astabat,
3474 5491 3571 5548 sed

1631 5622 1977 5690 Variorum
2006 5639 2209 5693 notua.

366 5780 473 5851 (5i)
504 5780 874 5837 Cantacuzcn.
907 5782 1007 5837 lib.
1038 5799 1079 5848 ι,
1113 5797 1237 5852 cap.
1268 5782 1319 5838 5.
1362 5782 1603 5841 Ducum.

368 5852 473 5925 (32)
512 5853 646 5908 Vide
710 5852 881 5910 Gloss.
939 5857 1079 5913 med.
1111 5853 1329 5913 (ἐνίει-ξι.
1377 5854 1521 5913 inv.
1565 5854 1862 5927 Πρόκυψις⁴

1963 5870 2155 5909 UCANG.
2202 5888 2223 5901 κ
