4070 6448
547 249 656 313 τη)
787 245 860 318 ,[ιι
926 259 962 298 ι
1026 242 1166 298 6849
1209 239 1412 314 IXD.9]

1725 242 2150 305 'NiCEPiiilRi
2173 268 2177 272 ν
2197 240 2582 303 (ἶῐὶῐῖῧοῐῖιΕ
2618 309 2625 314 ,

2933 232 3066 308 [παρ.
3109 251 3150 290 ι.
3195 250 3428 293 ramos.
3459 238 3513 310 ιι
3671 244 3760 310 780

551 366 681 417 tiam
722 363 858 417 alias
893 359 1015 414 aliis
1059 357 1344 411 hominum
1398 354 1596 407 animis
1627 369 1689 408 ac
1721 354 2122 420 voluntatibus,

2235 352 2369 422 μοὺς
2403 351 2697 422 διαφεῦγον
2733 350 2882 421 εῦςοι
2917 353 3014 420 τῆς
3055 351 3227 419 δίκης.
3273 354 3499 421 Μακράν
3532 357 3630 426 γάρ
3655 374 3763 414 τιια

546 453 817 526 quidquid
846 453 881 506 ii
910 435 1228 514 tnoliantur,
1255 448 1524 520 indulget.
1553 447 1759 502 Eadem
1795 462 1894 517 per
1929 446 2120 500 imma-

546 548 634 602 nis
681 544 1005 616 ignorantiae
1061 539 1396 612 profundum
1445 554 1536 594 res
1579 553 1773 593 eorum
1802 538 2072 609 gubernat
2109 554 2123 591 :

545 639 782 695 trutinae.
798 635 998 690 deinde
1023 649 1090 688 ac
1122 631 1374 687 lancibus
1405 626 1610 684 severis
1630 643 1815 682 rerum
1849 635 2123 694 gestarum

545 731 726 786 exitus
766 727 952 789 tradit,
983 737 1044 780 ut
1077 739 1271 780 eorum
1314 723 1407 792 qui
1451 721 1581 776 olim
1611 719 1851 774 vixerint
1879 717 2123 787 praemia,

546 823 784 894 posteris
844 819 1165 890 proposita,
1219 815 1357 888 legis
1407 813 1693 884 cuiusdam
1749 812 1948 866 nativae
2013 809 2127 864 vim

541 915 853 969 obtineant.
891 912 1004 966 Nec
1055 910 1225 975 enim,
1269 922 1507 978 quorum
1561 906 1777 960 animus
1831 919 1895 959 ac
1944 917 2127 957 mores

547 1004 678 1060 mali
706 1021 806 1074 per
829 1017 1052 1059 omnem
1090 1001 1257 1056 vitam
1300 999 1543 1063 fuerunt,
1570 997 1639 1052 iis
1669 996 1891 1051 sincero
1925 993 2127 1066 gaudio

547 1096 615 1150 ad
643 1104 952 1149 extremum
986 1091 1092 1145 frui
1125 1091 1448 1160 permittere
1487 1088 1703 1142 videtur
1741 1085 1928 1141 divina
1966 1084 2130 1155 justi-

549 1192 623 1243 tla
657 1205 670 1240 :
707 1201 831 1251 nec,
859 1185 1064 1255 quibus
1092 1183 1323 1236 adversa
1363 1179 1734 1250 contigerunt,
1765 1191 1956 1233 eorum
1994 1176 2128 1230 sinit

546 1280 759 1334 luctum
813 1275 998 1347 gaudii
1063 1282 1346 1342 expertem
1414 1284 1764 1342 permanere.
1826 1267 1974 1334 Sed,
2035 1266 2125 1319 ubi

548 1371 744 1426 messis
785 1385 849 1423 ac
902 1368 1114 1421 triturae
1161 1376 1377 1436 tempus
1420 1363 1663 1428 advenit,
1699 1361 1834 1415 tales
1877 1359 2129 1430 repen.lit

549 1462 798 1532 utrisque
844 1460 1081 1525 fructus,
1113 1459 1331 1528 qualem
1386 1456 1605 1524 utrique
1647 1461 1947 1508 sementem
1982 1451 2126 1506 fece-

542 1560 681 1614 rint.
715 1556 830 1625 Ego
881 1569 1012 1609 vero
1060 1551 1122 1606 in
1181 1563 1515 1618 unoquoque
1580 1554 1782 1601 eventu
1834 1542 2126 1598 veritatem

547 1664 674 1704 cum
731 1644 1045 1708 mendacio,
1087 1642 1360 1713 justitiam
1416 1653 1543 1692 eum
1589 1627 1884 1708 injustitia,
1933 1634 2128 1713 huma-

2228 446 2328 516 τὴν
2370 445 2702 514 αὐτονομίαν
2747 444 2842 498 καὶ
2890 443 2954 498 τδ
3000 444 3202 514 ἀφετὸν
3233 446 3297 498 ἐκ
3330 447 3617 517 προοιμίων
3642 450 3767 521 αῦτη

2227 537 2538 608 χορηγοῦσα
2582 539 2703 602 ταῖς
2737 537 2846 590 τῶν
2897 537 3031 607 δρᾷν
3063 535 3356 590 ἐθελόντων
3400 538 3571 592 ἄλλοτ’
3596 539 3766 608 ἄλλαις

2226 628 2472 699 αἱρέσεσί
2516 645 2576 681 τε
2633 629 2724 681 καὶ
2780 627 3050 698 γνώμαις,
3097 628 3194 682 καὶ
3229 629 3344 698 ἅμα
3391 631 3528 684 κατά
3568 633 3652 685 τὸν
3681 635 3772 705 τῆς

2228 719 2544 792 ὑπερφυοῦς
2566 720 2789 788 ἀγνοίας
2813 719 2974 790 βυθὸν
3003 720 3074 774 τὰ
3093 722 3340 792 ἡμέτερα
3367 722 3772 795 διακυϐερνῶσα,

2229 811 2496 881 σταθμοῖς
2531 811 2726 864 ἔπειτα
2775 811 2871 866 καὶ
2914 811 3244 880 πλάστιγξιν
3287 813 3538 883 ἀκριϐέσι
3581 818 3644 870 τὰ
3679 819 3773 871 τῶν

2225 903 2518 973 δρωμένων
2552 904 2734 958 δίδωσι
2768 903 2918 976 τέλη·
2957 904 3046 960 ἵνα
3071 906 3185 968 τοῖς
3231 904 3502 975 όψιγόνοις
3543 903 3648 964 οἷον
3688 912 3776 965 αὑ-

2226 997 2447 1062 τοφυεϊς
2495 997 2786 1066 νομοθέται
2824 997 2891 1051 τὰ
2937 998 3046 1049 τῶν
3091 997 3544 1068 παρεληλυθότων
3583 1002 3774 1056 έπαθλα

2227 1090 2485 1159 γίγνοιτο.
2511 1089 2648 1144 οὗτε
2678 1091 2784 1161 γὰρ
2806 1085 2888 1150 οἷς
2916 1090 3187 1162 μοχθηρίᾳ
3214 1091 3439 1162 γνώμης
3462 1094 3552 1146 καὶ
3582 1094 3777 1164 τρόπων

2226 1181 2546 1252 ἡλικιώταις
2573 1181 2888 1250 διαγέγονεν
2917 1182 3030 1252 (57)
3072 1179 3233 1245 εἶναι,
3267 1183 3333 1236 τὸ
3359 1186 3568 1255 χαίρειν
3594 1185 3777 1240 ἄκλαυ-

2230 1291 2356 1327 στον
2407 1273 2706 1327 ἀπολαύειν
2759 1274 2841 1338 είς
2874 1274 3027 1338 τέλος
3076 1276 3299 1343 ἀφιέναι
3350 1277 3531 1330 δοκεῖ’
3565 1279 3680 1331 οὔτε
3707 1275 3778 1344 οἷς

2233 1369 2614 1438 κακοπραγεῖν
2648 1365 2962 1434 ἐξεγένετο,
3000 1368 3304 1436 ἀγέλαστον
3348 1367 3412 1440 ἑᾷ
3461 1371 3779 1439 παραμένειν

2231 1459 2492 1524 καθάπαξ
2533 1460 2593 1514 τὸ
2637 1460 2856 1513 δάκνον.
2901 1459 3061 1513 Ἀλλά
3091 1459 3366 1522 τοιούτους
3411 1459 3587 1513 δίδωτι
3619 1478 3781 1530 γεωρ-

2232 1553 2400 1622 γῆσαι
2453 1551 2704 1620 καρποὺς
2758 1552 2816 1603 ὲν
2866 1550 3077 1618 ἀμήτου
3128 1549 3224 1602 καὶ
3279 1548 3484 1611 ἅλωνος
3511 1547 3644 1619 ὥρᾳ,
3678 1549 3782 1610 οἵας

2231 1644 2479 1714 ἑκατέρῳ
2514 1641 2716 1710 συνέϐη
2775 1641 2996 1710 σπεῖραι
3046 1639 3142 1701 τὰς
3184 1637 3449 1698 αὔλακας.
3501 1637 3782 1706 Βουλοίμην

545 1741 777 1794 nitatem
813 1752 937 1792 cum
977 1707 1236 1804 superbia
1269 1747 1329 1788 ac
1360 1730 1526 1796 fastu,
1555 1735 1935 1798 paupertatem
1965 1709 2126 1795 5'73

2231 1736 2274 1789 δ’
2296 1736 2370 1790 ἂν
2417 1739 2482 1790 ὲκ
2532 1735 2642 1788 τῶν
2673 1733 3032 1786 καθ”ἓκαστα
3085 1732 3313 1801 θεωρεῖν
3361 1730 3616 1800 ἀλήθειαν
3659 1730 3784 1799 np’);

545 1851 676 1889 cum
735 1831 966 1894 divitiis,
1025 1829 1272 1897 linguam
1341 1821 1690 1894 magniﬁcam
1761 1828 1819 1875 et
1877 1818 2132 1873 futilibus

547 1927 731 1984 verbis
757 1924 1164 1980 redundantem
1196 1934 1320 1975 cum
1351 1915 1665 1972 verecundo
1710 1911 1932 1969 silentio
1968 1911 2130 1965 velim

545 2021 822 2085 conferre,
873 2017 1118 2084 itemque
1165 2012 1310 2067 facta
1353 2007 1769 2080 comparatione
1819 2003 2131 2068 ostendere,

543 2114 706 2185 quale
762 2110 1028 2166 adhibeat
1077 2121 1311 2162 examen
1361 2102 1591 2174 pervigil
1657 2100 1859 2156 divinae
1904 2095 2136 2168 justitize

539 2207 763 2262 oculus.
798 2201 1082 2258 Facillime
1129 2199 1279 2255 enim
1314 2197 1371 2251 in
1419 2212 1488 2252 eo
1530 2192 1688 2265 quasi
1724 2191 1951 2246 virtutis
1981 2205 2137 2261 gym-

543 2299 704 2354 nasio
751 2306 804 2352 et
857 2303 1054 2348 natura
1084 2289 1332 2346 veritatis
1383 2287 1661 2342 declarata
1707 2281 2040 2343 stabilietur,
2079 2285 2136 2334 et

545 2390 722 2462 palam
750 2394 938 2442 notata
978 2382 1312 2452 improbitas
1335 2379 1648 2437 elevabitur
1675 2395 1688 2431 :
1720 2374 1887 2445 idque
1917 2389 1984 2428 eo
2015 2387 2134 2426 ma-

541 2481 650 2551 gis,
696 2479 846 2550 quod
881 2477 1033 2531 nulla
1065 2475 1138 2530 vlt
1153 2485 1242 2530 tus
1288 2489 1317 2528 a
1352 2473 1488 2529 vitio
1528 2469 1716 2540 aliquo
1744 2467 1944 2524 aemulo
1975 2464 2136 2534 longe

546 2574 724 2644 posita
760 2573 855 2628 sit.

2228 1828 2444 1899 ψεῦδος,
2477 1827 2573 1880 καὶ
2595 1823 2945 1894 δικαιοσύνην
2974 1823 3109 1894 πρὸς
3135 1823 3371 1888 ἀδικίαν,
3410 1825 3499 1876 κα¹ε
3526 1820 3785 1890 πραότητα

2233 1919 2372 1989 πρὸς
2440 1915 2825 1988 ὑπερηφανίαν
2877 1915 2973 1968 καὶ
3027 1915 3216 1982 τῦφον,
3278 1915 3375 1968 καὶ
3427 1913 3613 1966 πενίαν
3663 1911 3784 1981 πρὸς

2232 2011 2487 2076 πλοῦτον,
2538 2011 2631 2063 καὶ
2665 2009 2873 2080 σιωπὴν
2923 2009 3240 2079 εὐσχήμονα
3267 2007 3408 2076 πρὸς
3452 2005 3602 2076 χείλη
3629 2004 3784 2065 δόλια,

2233 2103 2328 2155 καὶ
2358 2101 2611 2169 γλῶτταν
2663 2097 3125 2171 μεγαλορῤἡμονά
3169 2114 3228 2149 τε
3281 2098 3378 2150 καὶ
3429 2096 3638 2166 μακράν
3681 2111 3787 2147 τινα

2235 2197 2466 2264 ῥέουσαν
2489 2193 2586 2262 τὴν
2624 2193 2904 2262 ἀσχήμονα
2935 2190 3206 2262 φλυαρίαν
3230 2207 3246 2222 ο
3282 2193 3380 2242 καὶ
3411 2190 3578 2255 δεῖξαι
3612 2189 3792 2260 παρεξ-

2235 2285 2457 2349 ετάσας,
2527 2284 2650 2338 οταν
2708 2284 2959 2354 ἐπιφέρει
3017 2282 3118 2354 τὴν
3167 2282 3419 2352 στάθμην
3464 2283 3560 2354 τῆς
3590 2282 3790 2352 δίκηςό

2233 2377 2535 2447 ἀκοίμητος
2561 2375 2862 2445 ὀφθαλμός.
2908 2375 3111 2446 Ῥᾷστα
3141 2377 3251 2444 γὰρ
3283 2375 3351 2429 ἂν
3379 2379 3437 2429 ὲν
3464 2375 3682 2444 τοιούτῳ
3707 2375 3791 2439 τῆς

2235 2467 2443 2538 ἀρετῆς
2493 2467 2783 2535 γυμνασίῳ
2835 2467 2952 2536 ἅμα
3004 2483 3064 2518 τε
3121 2470 3217 2537 τῆς
3275 2467 3537 2538 ἀληθείας
3579 2468 3610 2536 ἡ
3650 2464 3792 2533 φύσις

2238 2558 2640 2628 ἐναργεστέραν
2667 2556 2936 2628 λαμϐἀνοι
2983 2560 3082 2628 τὴν
3112 2559 3300 2627 πῆξιν,
3353 2561 3454 2612 καὶ
3500 2559 3614 2623 ἅμα
3653 2573 3791 2626 περι-

546 2667 734 2736 φανῶς
767 2666 801 2736 ἡ
834 2662 1007 2718 κακία
1056 2659 1408 2730 φαυλίζοιτο,
1449 2654 1538 2710 διὰ
1577 2654 1636 2709 τὸ
1667 2651 1795 2726 μηδ’
1841 2649 2129 2723 ἡντιναοῦν
2167 2648 2368 2720 ἀρετὴν
2419 2649 2496 2714 ὡς
2546 2649 2888 2722 πορρωτάτω
2933 2650 3136 2714 κακίας
3219 2649 3682 2719 ἀνανταγώνιστον
3741 2654 3793 2704 τὸ
3831 2657 3839 2672 ⁸

545 2762 810 2833 παράπαν
842 2755 995 2814 εἶναι’
1025 2757 1336 2812 διαϐιῶναι.

617 2831 704 2911 ιιι.
738 2853 946 2921 Nempe
998 2858 1060 2906 et
1111 2859 1272 2904 terra:
1321 2847 1426 2916 ipsi
1482 2861 1610 2902 cum
1663 2841 1914 2900 aetheriis
1967 2839 2127 2894 relms

2307 2833 2381 2888 Γθ.
2434 2831 2623 2904 Ἔχειν
2677 2833 2787 2902 γὰρ
2833 2832 2922 2913 ἀεὶ
2979 2833 3074 2888 καὶ
3137 2833 3238 2905 γῆν
3287 2836 3792 2907 ἀντιφιλοτιμεῖσθαι

545 2957 759 3004 certare
791 2951 1108 3015 promptum
1134 2952 1238 3005 est,
1272 2948 1332 2996 et
1369 2931 1687 3002 ostendere,
1717 2951 1826 2990 non
1857 2949 1978 2990 eam
2009 2945 2127 2987 esse

2236 2925 2376 2998 πρὸς
2401 2925 2468 2980 τὰ
2497 2925 2737 3015 αἰθέρια,
2774 2926 2867 2978 καὶ
2891 2944 2894 2946 ⁷
2919 2925 3210 2991 δεικνύειν,
3269 2928 3344 2999 μὴ
3385 2931 3567 2999 μόνοις
3612 2930 3794 2999 κλῆρον

542 3038 819 3094 οωιοτιιιιι
846 3013 1053 3090 sortem
1085 3031 1368 3103 propriam
1396 3044 1462 3085 ac
1485 3028 1842 3100 praecipuam,
1869 3035 1938 3079 ut
1968 3023 2127 3078 mutis

2231 3019 2514 3089 ἐξαίρετον
2569 3013 2713 3072 εἶναι
2769 3019 2882 3080 τοῖς
2933 3016 3189 3087 ούρανοτς
3248 3022 3462 3086 φωναῖς
3518 3018 3792 3089 ἀφθόγγοις

537 3130 779 3185 vocibus
811 3126 908 3182 Dei
939 3126 1172 3195 gloriam
1195 3130 1481 3188 euarrent,
1517 3119 1613 3176 sed
1643 3128 1701 3174 et
1746 3116 1990 3172 vicissim
2021 3113 2127 3168 sibi

2233 3110 2370 3165 Θεοῦ
2402 3107 2713 3180 διηγεῖσθαι
2750 3105 2911 3172 δόξαν
2941 3108 3052 3175 ἀεὶ,
3105 3107 3222 3162 ἀλλ’
3248 3107 3668 3182 ὲξθάντιρῤόπου
3713 3113 3794 3163 καὶ

544 3225 732 3278 datum
767 3234 912 3286 esse,
936 3193 998 3272 ut
1028 3215 1291 3287 praedicet
1325 3214 1427 3269 soli
1458 3223 1515 3268 et
1547 3209 1715 3266 astris
1744 3222 1944 3263 novam
1981 3221 2127 3260 sem-

2235 3205 2339 3273 γῆν
2364 3200 2503 3273 ἡλίῳ
2529 3200 2626 3255 καὶ
2653 3197 2918 3270 ἀστρασιν
2954 3202 3039 3255 ἀεὶ
3078 3203 3204 3255 νέαν
3257 3202 3470 3266 ἐξεῖναι
3510 3202 3794 3276 διηγεῖσθαι

528 3327 646 3384 per
697 3309 790 3365 Dei
839 3308 1091 3379 gloriam.
1136 3305 1216 3358 Ac
1275 3309 1438 3357 tanta:
1485 3298 1708 3369 quidem
1754 3294 1832 3350 rei
1874 3291 2127 3348 ministra

545 3398 786 3454 Historia
836 3408 890 3451 et
949 3394 1203 3464 largitrix
1272 3389 1597 3445 hominibus
1654 3386 1957 3442 constituta
2018 3391 2124 3438 est.

532 3492 716 3563 Cujus
767 3495 973 3560 quanta
1026 3493 1175 3541 esset
1230 3484 1288 3539 in
1333 3483 1440 3536 hac
1483 3481 1594 3535 vita
1643 3477 1872 3543 utilitas,
1896 3489 2018 3530 cum
2056 3473 2126 3526 ab

533 3579 789 3651 antiquis
840 3577 1118 3648 plerisque
1166 3573 1506 3628 declaratum
1553 3576 1660 3634 est,
1708 3577 1824 3621 tum
1884 3581 1914 3620 a
1964 3563 2129 3620 nobis

543 3673 682 3742 ipsis
719 3666 1127 3740 saepenumero;
1159 3678 1300 3734 quos
1331 3674 1613 3731 nunquam
1644 3658 1699 3714 id
1735 3658 1913 3728 ipsum
1950 3655 2128 3726 piguit

545 3765 662 3818 sive
708 3778 776 3816 ex
831 3771 1079 3829 tempore
1129 3754 1454 3826 praedicare,
1483 3752 1601 3806 sive
1655 3747 1880 3818 scriptis
1917 3744 2126 3801 nostris

539 3855 779 3930 sparsim
826 3860 1085 3930 testatum
1135 3847 1472 3916 relinquere.
1521 3841 1761 3898 Historia
1816 3839 1967 3896 enim
2014 3845 2124 3905 est,

543 3921 667 4020 qua:
704 3921 1104 4013 velutijibrum
1140 3938 1571 4012 pervolutandas
1602 3936 1812 4007 praebet
1847 3932 2127 3990 vicissitu-

536 4040 702 4094 dines
725 4048 783 4092 et
827 4033 1220 4090 conversiones
1257 4046 1441 4086 rerum
1493 4028 1644 4084 omni
1675 4042 1792 4082 aevo
1819 4037 2123 4096 gestarum.

542 4131 670 4186 llaec
697 4129 888 4193 efﬁcit,
923 4135 984 4182 ut
1032 4125 1287 4180 homines
1326 4121 1541 4194 pridem
1573 4119 1778 4175 mortui
1808 4125 1866 4174 et
1894 4117 2036 4171 vivis
2068 4123 2125 4170 et

544 4225 704 4278 novis
735 4220 984 4292 quotidie
1032 4216 1349 4273 hominibus
1395 4212 1677 4280 intersint,
1716 4210 1876 4282 quasi
1907 4223 2126 4278 semper

545 4322 866 4386 praesentes.
925 4311 1100 4380 Hujus
1157 4308 1343 4365 divina
1406 4307 1643 4378 quadam
1690 4305 1896 4358 virtute
1950 4316 2128 4356 unus-

543 4409 781 4481 quisque
811 4405 1091 4461 redivivus
1133 4411 1190 4459 et
1229 4417 1330 4457 sua
1359 4408 1554 4456 narrat
1580 4397 1852 4462 facinora,
1879 4404 1936 4450 et
1967 4395 2128 4465 quid-

542 4502 676 4572 quid
722 4500 830 4555 sibi
865 4499 994 4553 dum
1035 4497 1248 4552 viveret
1299 4493 1430 4548 boni
1458 4491 1543 4547 vel
1583 4489 1710 4544 mali
1740 4488 1964 4543 accidit.
1999 4491 2126 4542 Haec

544 4602 650 4657 est,
685 4605 808 4661 quae
853 4586 1120 4658 deprimit
1165 4599 1387 4653 semper
1413 4591 1471 4636 et
1493 4582 1762 4636 aeternum
1808 4579 1987 4648 arguit
2028 4577 2126 4632 im—

537 4682 898 4754 probitatem.
948 4676 1114 4748 5'75I
1179 4673 1305 4730 llaec
1370 4684 1488 4736 est,
1545 4686 1668 4743 qua:
1728 4670 2128 4726 immortalitati

545 4775 806 4829 virtutem
840 4771 1086 4834 ntandat,
1120 4781 1223 4822 nec
1253 4776 1315 4821 ut
1347 4781 1586 4836 corpora
1627 4765 1701 4820 ita
1733 4765 1882 4820 illam
1919 4779 1960 4818 a
2001 4780 2129 4819 ver-

547 4862 731 4916 mibus
774 4860 908 4914 sinit
944 4857 1180 4912 absumi.
1222 4854 1350 4910 Haec
1385 4854 1627 4926 denique
1668 4867 1775 4919 est,
1812 4869 1934 4923 quae
1965 4867 2127 4908 meta

546 4953 803 5009 homines
855 4948 1122 5018 quosdam
1178 4947 1399 5002 fortuna
1453 4946 1711 5016 fastuque
1760 4947 1909 4999 inani
1955 4948 2130 5001 elatos

545 5052 602 5096 et
636 5042 949 5095 furentibus
973 5039 1254 5107 proximos
1281 5036 1448 5092 eilicit
1476 5035 1898 5091 moderatiores.
1923 5036 2126 5090 Eorum

545 5132 718 5194 enim,
746 5133 840 5201 qui
872 5129 1279 5194 antefuerunt,
1311 5129 1654 5183 calamitates
1690 5127 1840 5182 velut
1881 5126 2124 5183 securim

547 5225 843 5296 quamdam
894 5227 1191 5288 intentans,
1223 5222 1427 5275 sensim
1497 5221 1552 5274 in
1613 5222 1830 5274 animos
1883 5221 2127 5289 obrepit,

545 5319 702 5388 quasi
729 5316 984 5386 magistra
1033 5315 1281 5383 quaedam
1314 5313 1512 5376 latens,
1545 5327 1718 5380 eaque
1759 5312 1992 5364 docendi
2035 5328 2128 5365 ra-

540 5411 697 5466 tione
743 5421 972 5462 naturas
1029 5405 1291 5474 paulatim
1344 5412 1545 5467 mutat,
1594 5418 1779 5458 mores
1838 5403 2122 5470 informat,

2156 4552 2288 4613 θέε

2234 3293 2394 3358 δόξαν
2423 3291 2582 3356 Θεοῦ,
2615 3293 2709 3344 καὶ
2733 3290 2829 3344 τιῦ
2858 3293 3114 3346 τοσούτου
3145 3295 3440 3366 χρήματος
3482 3297 3731 3368 ὑπηρέτις
3766 3295 3794 3364 η

2237 3381 2451 3452 ἱστορία
2489 3380 2816 3436 καθίσταται
2872 3383 3109 3454 χορηγὸς
3162 3388 3276 3450 τοῖς
3322 3388 3654 3459 ἀνθρώποις.
3699 3380 3793 3447 Ἦς

2234 3473 2433 3528 ὁπόσον
2467 3474 2619 3527 ἐστὶν
2653 3474 2712 3527 ιν
2745 3473 2846 3544 βίῳ
2872 3476 2932 3528 τὸ
2966 3478 3261 3548 χρήσιμον,
3310 3477 3398 3551 [Ρ.
3430 3480 3560 3553 555]
3603 3479 3792 3549 ἀνδρῶν

2236 3587 2295 3625 τε
2345 3569 2460 3624 τῶν
2514 3569 2684 3625 πάλαι
2715 3570 2830 3630 τοῖς
2864 3569 3140 3632 πλείστοις
3175 3572 3323 3624 ἐστὶν
3368 3573 3676 3642 εἰρημένον,
3710 3568 3793 3622 καὶ

2235 3661 2367 3731 ἡμῖν
2389 3677 2454 3730 γε
2482 3661 2750 3726 πολλάκις
2783 3662 2967 3724 αὐτοῖς
2987 3661 3044 3727 ἐξ
3067 3661 3424 3732 αὐτοσχεδὶου
3446 3663 3545 3734 τῆς
3564 3664 3791 3729 γλώττης

2235 3751 2475 3823 ὑμνῆσαι
2506 3751 2740 3807 καθόσον
2779 3751 2933 3822 ἐξῆν,
2968 3752 3064 3806 καὶ
3092 3753 3389 3824 γράμμασι
3425 3755 3660 3825 πολλαχῆ
3690 3755 3789 3815 τοῖς

2233 3845 2524 3916 ἡμετέροις
2575 3846 3031 3915 ἐγκατασπεῖραι,
3078 3845 3311 3916 κώλυμα
3360 3847 3562 3920 ἥκιστα
3592 3848 3790 3901 πάντων

2233 3935 2390 4001 δκνος
2413 3937 2591 4001 οὐδεὶς
2619 3937 2886 4006 ἐγεγόνει.
2942 3936 3093 4008 Αὕτη
3137 3942 3247 4010 γάρ
3278 3939 3673 4010 ἀναγινώσκειν
3715 3939 3791 3992 δι-

2233 4027 2424 4082 δάσκει
2455 4025 2708 4098 καθάπερ
2768 4026 2975 4098 βιϐλίον
3029 4027 3142 4082 τῶν
3191 4029 3430 4084 αἰωνίων
3472 4030 3647 4102 ἔργων
3679 4029 3792 4090 τοὺς

2233 4119 2494 4182 κύκλουςο
2527 4119 2619 4173 καὶ
2644 4120 2735 4174 διὰ
2763 4121 2970 4191 ταύτης
2995 4120 3046 4173 οι
3071 4121 3238 4176 πάλαι
3273 4122 3530 4187 θανόντες
3559 4120 3792 4194 ὁμιλοῦσι

2234 4213 2346 4276 τοῖς
2395 4209 2530 4275 ζῶσί
2559 4227 2618 4263 τε
2649 4211 2743 4264 καὶ
2780 4212 2869 4265 ἀεὶ
2897 4213 3266 4282 γιγνομένοις,
3295 4213 3372 4278 ὡς
3400 4215 3488 4268 ἀεὶ
3517 4215 3788 4284 παρόντες,

2221 4307 2330 4360 καὶ
2361 4303 2460 4368 τὰς
2507 4304 2721 4367 οἰκείας
2772 4305 2998 4359 ἕκαστοι
3047 4306 3366 4377 διηγοῦνται
3422 4309 3667 4379 πράξεις,
3708 4307 3793 4358 καὶ

2233 4393 2337 4448 εῐτι
2364 4395 2518 4464 παρὰ
2542 4394 2782 4465 τδνὶβίον
2807 4396 2917 4450 τῶν
2952 4397 3207 4468 χρηστῶν
3243 4399 3338 4452 καὶ
3375 4401 3453 4470 μὴ
3487 4399 3792 4454 πεπονθέναι

2229 4487 2424 4556 γέγονέ
2451 4503 2657 4556 σφισιν,
2690 4487 2992 4541 ἀναϐίωσιν
3030 4492 3355 4560 καινοτέραν
3379 4491 3670 4562 δαιμονίως
3690 4501 3793 4548 πως

2228 4583 2328 4651 τῆς
2349 4575 2609 4652 ’ἱστορίας
2643 4581 3108 4652 δημιουργούσης.
3147 4581 3298 4654 Αὕτη
3325 4585 3528 4638 κακίαν
3557 4584 3638 4636 ἀεὶ
3670 4597 3793 4650 φαυ-

2228 4673 2368 4737 λίξει
2421 4675 2492 4728 δι’
2532 4674 2737 4738 αἰῶνος
2776 4677 3102 4748 ἐλέγχουσα,
3139 4683 3234 4734 καὶ
3291 4679 3497 4751 ἀρετὴν
3550 4675 3790 4732 ἀθανατί-

2232 4767 2402 4831 ζουσα
2456 4767 2758 4837 σκωλήκων
2811 4769 2874 4823 οὐ
2932 4771 3115 4824 δίδωσι
3184 4773 3420 4841 στόμασι
3470 4769 3792 4840 διαφθείρειν

2227 4858 2432 4928 ὁμοίως
2469 4860 2583 4924 τοῖς
2625 4860 2898 4931 σώμασιν.
2926 4861 3076 4934 Αὕτη
3101 4845 3650 4934 μαινομένωνίδίκην
3695 4858 3790 4912 ὑπὸ

2229 4949 2395 5019 τύχης
2421 4951 2514 5002 καὶ
2539 4949 2711 5018 τύφου
2739 4953 2972 5021 ματαίου
3000 4957 3412 5025 γαυρουμένους
3438 4951 3792 5025 παρειληφυῖα

2228 5042 2336 5094 τῶν
2367 5041 2672 5113 ἀνθρώπων
2712 5046 2887 5108 ἐνίους
2915 5049 3315 5118 μετριωτέρους
3343 5048 3658 5117 ἐργάζεται.
3682 5042 3792 5095 Τῶν

2230 5134 2340 5205 γὰρ
2359 5134 2684 5203 φθασάντων
2707 5137 2776 5190 τὰ
2796 5137 2945 5209 πάθη
2963 5133 3076 5193 οἶόν
3093 5157 3216 5195 τινα
3241 5141 3475 5194 πέλεκυν
3495 5139 3790 5193 ἐπισείουσα

2229 5227 2484 5280 λανθάνει
2541 5228 2799 5300 καθάπερ
2853 5229 3176 5296 διδάσκαλος
3247 5233 3633 5303 παραδυομένη
3669 5230 3789 5296 πρὸς

2228 5320 2326 5392 τὴν
2368 5320 2568 5392 ψυχὴν,
2602 5325 2698 5376 καὶ
2730 5324 2913 5394 ἡρέμα
2940 5325 3040 5388 τάς
3070 5341 3130 5378 τε
3159 5325 3351 5394 φύσεις
3383 5325 3683 5396 ἀμείϐουσα
3712 5319 3791 5371 διὰ

2228 5415 2326 5480 τῆς
2357 5414 2611 5483 τοιαύτης
2641 5413 2889 5478 παιδείας
2923 5416 3019 5470 καὶ
3055 5417 3124 5471 τά
3167 5417 3272 5490 non
3305 5418 3662 5490 ρυθμίζουσα,
3702 5413 3785 5466 καὶ

1896 5546 2238 5608 'Variorum
2270 5558 2454 5612 noue.

599 5672 734 5740 (δῖ)
766 5671 1094 5740 Διαγέγονεν
1142 5683 1250 5722 em.
1280 5667 1564 5738 Boiv.-pro
1609 5668 1717 5738 ἰδίᾳ
1755 5673 1999 5738 γέγονεν.
2032 5671 2120 5725 Sic

2230 5691 2256 5726 ι.
2299 5690 2390 5740 χιιι,
2425 5692 2520 5745 cap
2583 5679 2668 5742 1'2,
2703 5691 2837 5734 sect.
2872 5681 2924 5751 8,
2957 5681 3235 5754 διαγέγονε
3269 5684 3590 5758 κεχρήιοαι.
