4070 6468
501 522 603 588 73.7
793 528 867 593 μ.
908 539 963 579 ιι.
1003 526 1144 582 θειο
1181 540 1291 584 ιη.
1332 528 1389 599 οι

1717 532 2140 597 NICEPIIORI
2181 536 2564 608 GREGOli/E

2878 544 3010 621 [ιιιρ.
3052 564 3094 602 ι.
3139 559 3374 603 pumex.
3417 545 3477 619 η·
3632 552 3728 616 788

493 648 785 710 potestatis
813 658 1030 720 tempus
1060 653 1172 725 jam
1206 654 1420 721 adesse,
1452 673 1646 715 omnes
1678 662 1757 717 ire
1784 664 1836 717 in
1869 659 2070 720 formas

2181 666 2483 735 περιθεῖναι
2535 670 2602 723 τὸ
2636 669 2910 742 βασίλειον
2945 672 3154 741 κράτος·
3186 669 3470 740 νομίσαντι
3515 670 3728 738 παντοίῳ

494 742 1000 802 machinationibus
1035 749 1226 812 variis,
1252 742 1399 806 sicut
1431 751 1663 811 Pharius
1695 756 1786 813 ille
1817 758 2071 824 Proteus,

490 836 800 890 constituit.
836 837 998 893 Modo
1030 840 1199 912 igitur
1239 843 1687 901 Cantaeuzenum
1734 849 1932 904 scdulo
1966 853 2074 906 eir-

487 927 734 982 ‹·ιιιιιίιιιιι
764 940 821 984 et
846 931 1203 997 adulabatur,
1236 936 1710 1008 eompellebatque
1739 940 1806 995 ad
1834 943 2075 998 induen-

428 1010 431 1011 ⁷
487 1018 619 1072 dum
679 1022 878 1077 rubros
935 1025 1172 1082 calceos.
1237 1027 1452 1098 Quippe
1518 1047 1633 1087 rem
1682 1033 1827 1088 haud
1875 1052 2071 1093 novam

487 1111 625 1174 fore,
660 1123 950 1182 postquam
1005 1119 1308 1187 imperator
1345 1123 1508 1177 toties
1539 1125 1921 1183 necessitatem
1965 1129 2072 1183 im-

491 1205 767 1267 posuisset
800 1206 977 1276 palam
1011 1209 1276 1266 induendi
1314 1228 1638 1282 purpuram,
1669 1225 1725 1270 et
1755 1232 1861 1273 una
1893 1218 2071 1289 impe-

487 1296 672 1364 randi,
706 1314 894 1354 secum
924 1302 1148 1371 quidem
1181 1303 1310 1361 dum
1359 1307 1611 1376 viveret;
1648 1311 1832 1367 statim
1883 1323 2073 1371 autem

491 1389 585 1443 ubi
612 1406 643 1442 e
677 1389 817 1444 vivis
862 1392 1207 1459 excessisset,
1250 1411 1375 1452 cum
1420 1397 1635 1456 Joanne
1685 1398 1799 1458 ﬁlio
1838 1418 1941 1459 suo
1975 1420 2069 1460 eo-

488 1480 727 1550 demque
773 1483 985 1553 juuiori
1034 1486 1410 1556 imperatore:
1445 1491 1762 1562 expediisse
1802 1496 2068 1553 nimirum

490 1569 624 1623 illud
683 1571 1002 1639 dupliciter,
1037 1591 1104 1630 ac
1157 1579 1329 1633 veteri
1378 1579 1730 1651 imperatoris
1780 1590 2072 1658 proposito

487 1666 965 1729 pernecessarium
999 1667 1208 1736 fuisse;
1239 1687 1350 1740 quo
1389 1673 1575 1740 simul,
1600 1691 1632 1727 ο
1661 1674 2065 1747 Cantaeuzeue,

485 1762 541 1807 ct
576 1754 651 1810 illi
686 1766 737 1809 te
771 1757 1034 1827 collegam
1096 1761 1149 1815 in
1206 1778 1393 1818 rerum
1434 1765 1915 1824 administratione
1967 1772 2068 1828 Ita-

487 1841 706 1914 bercnt,
751 1859 806 1904 et
853 1851 977 1906 vitae
1023 1868 1138 1908 sua:
1187 1857 1637 1928 potentissimum
1696 1861 2065 1920 defensorem.

482 1935 596 1995 Nec
645 1940 791 1994 enim
852 1942 1184 1999 exstiturum
1237 1945 1499 2018 deinceps
1558 1966 1920 2021 quemquam,
1970 1955 2065 2024 qui

483 2027 715 2097 imperio
742 2030 1056 2087 clanculum
1107 2033 1467 2093 iusidiaturus
1496 2050 1663 2106 esset,
1699 2042 1744 2096 si
1794 2042 1839 2098 is
1881 2046 2066 2099 statim

486 2137 547 2175 ac
594 2120 775 2190 palam
813 2108 1006 2179 socius
1041 2127 1423 2195 ascisceretur,
1468 2133 1564 2201 qui
1602 2149 1890 2194 successor
1920 2148 2070 2194 esset

485 2214 724 2269 futurus.

555 2303 644 2361 ιν.
686 2303 751 2361 Et
786 2308 950 2363 modo
981 2310 1206 2379 quidem
1251 2315 1389 2380 haec,
1418 2317 1584 2374 modo
1617 2318 1707 2377 illa
1746 2321 2065 2394 dictitat-at;

479 2407 538 2451 et
579 2398 776 2454 eodem
826 2418 1023 2459 rursus
1073 2406 1485 2478 revolvebatur,
1532 2422 1591 2469 et
1645 2429 1714 2471 ex
1768 2417 1879 2473 alio
1926 2420 2071 2477 alius

483 2491 812 2548 exsistebat.
849 2493 990 2550 Tum
1043 2497 1160 2567 ipse
1210 2498 1374 2556 simul
1427 2517 1553 2559 eum
1603 2505 1956 2576 imperatrice
2014 2512 2068 2568 in

480 2580 639 2637 illum
674 2599 773 2640 eos
802 2586 1093 2649 incitabat.
1118 2591 1211 2659 qui
1236 2607 1438 2663 genere
1482 2604 1538 2652 et
1586 2596 1823 2656 fortunae
1880 2603 2067 2672 splen-

481 2678 619 2733 dore
671 2679 1016 2743 eminebant.
1064 2681 1198 2739 illud
1247 2700 1504 2745 asserens
1544 2691 1650 2747 :in
1704 2707 1827 2749 eam
1875 2711 2066 2755 curam

477 2768 927 2827 Cantacuzenum
967 2772 1128 2829 enixe
1182 2774 1528 2845 incumbere,
1560 2790 1642 2846 ut,
1680 2784 1843 2840 nobis
1887 2788 2069 2843 omni-

479 2859 587 2917 bus
619 2864 857 2918 crastina
899 2862 991 2933 die
1026 2869 1451 2936 contrucidatis,
1481 2873 1874 2945 imperatorem
1910 2893 1970 2935 se
2013 2888 2070 2935 et

478 2968 667 3011 rerum
713 2957 1003 3013 dominum
1051 2962 1436 3022 constitueret.
1494 2967 1620 3025 Haec
1672 2985 1800 3027 cum
1854 2974 2070 3029 diceret

479 3047 910 3119 aﬂirmaretque,
952 3066 1048 3104 eos
1097 3055 1262 3110 etiam
1297 3059 1352 3112 in
1403 3059 1557 3115 illum
1590 3067 1911 3126 commovit.
1939 3068 2068 3137 qni-

479 3141 717 3195 buscum
760 3152 879 3198 erat
917 3143 993 3199 illi
1028 3149 1304 3216 cognatio.
1334 3150 1600 3225 Adeoque
1629 3156 1683 3210 id
1726 3158 2066 3228 imperatrici

482 3228 652 3302 5'79
690 3232 863 3290 Anna!
904 3250 1279 3307 persuaserat,
1325 3250 1385 3299 ut
1430 3244 1498 3299 ad
1558 3247 1741 3303 mariti
1790 3251 2067 3307 tumulum

2176 761 2289 813 τοῖς
2349 759 2752 833 ἐπιχειρήμασι
2812 764 2954 818 κατὰ
2999 763 3099 817 τὸν
3138 763 3381 833 ’Πρωτέα
3428 761 3515 815 τὸν
3551 761 3737 832 Φὰριον

2178 851 2338 923 ἐπῄει
2378 854 2648 922 γίνεσθαι.
2697 857 2807 910 Καὶ
2837 855 2932 908 νῦν
2968 856 3070 926 μὲν
3107 853 3341 925 περιιὼν
3375 856 3465 907 καὶ
3493 853 3731 908 θωπεύων

2175 943 2237 997 οὐ
2320 946 2465 1013 μάλα
2544 948 2738 1017 ἡμέλει
2809 948 3306 1016 Καντακουζηνδν,
3370 946 3619 1000 συνωθῶν
3671 947 3734 1001 τὲι

2175 1036 2384 1108 ἐρυθρὰ
2439 1038 2551 1111 ('65)
2607 1040 2985 1111 ὑποδήσασθαι
3048 1039 3414 1109 ὑποδήματα·
3462 1037 3591 1107 μηδὲ
3636 1038 3733 1108 γὰρ

2174 1125 2319 1183 εἶναι
2368 1132 2545 1201 λέγων
2592 1132 2655 1187 τὸ
2701 1134 2889 1203 χρῆμα
2943 1132 3152 1192 καινὸν.
3201 1131 3448 1205 ἀνάγκην
3494 1130 3736 1191 πολλάκις

2173 1223 2565 1291 ἐπενεγκόντος
2621 1226 2716 1280 τοῦ
2772 1228 3040 1298 βασιλέως
3096 1226 3248 1297 (66),
3306 1224 3408 1295 τὴν
3465 1221 3736 1293 πορφύραν

2173 1312 2445 1385 λαμπρῶς
2489 1316 2758 1372 ὑποδύντα
2815 1318 3258 1390 συμϐασιλεύειν,
3304 1315 3455 1384 αὐτῷ
3511 1316 3605 1384 μὲν
3652 1331 3739 1366 πε-

2175 1404 2342 1476 ριόντι
2399 1408 2478 1479 τῷ
2529 1409 2650 1481 βίῳ,
2705 1412 2919 1466 ἐκείνου
2980 1411 3028 1466 δ’
3083 1411 3246 1472 εὐθὺς
3313 1408 3734 1474 ἀπαλλάξαντοτ,

2185 1497 2406 1572 Ἰωάννῃ
2425 1500 2501 1571 τῷ
2530 1503 2630 1574 υίῷ
2668 1505 2764 1558 καὶ
2794 1503 2904 1575 νέῳ
2937 1502 3170 1574 βασιλεῖ.
3204 1495 3363 1556 Εἶναι
3395 1502 3506 1571 γὰρ
3534 1497 3741 1553 διπλοῦν

2172 1591 2267 1646 καὶ
2302 1590 2509 1665 σφόδρα
2557 1596 2858 1671 ἀναγκαῖον
2888 1596 2970 1668 τῷ
3009 1597 3105 1650 τοῦ
3151 1595 3421 1666 βασιλέως
3455 1595 3519 1646 ἐκ
3557 1589 3740 1646 πολλοῦ

2174 1684 2361 1754 σκοπῷ
2393 1685 2455 1739 τὸ
2494 1688 2660 1742 καλόν
2683 1703 2699 1719 ⁸
2729 1688 2796 1745 ἵν’
2821 1690 2941 1763 ἅμα
2987 1693 3095 1761 μὲν
3120 1690 3307 1754 αὐτοῖς
3336 1686 3650 1743 συνδιοικῶν
3673 1683 3738 1753 τὰ

2170 1773 2270 1843 τῆς
2319 1775 2597 1844 βασιλείας
2645 1781 2765 1852 εἴης
2807 1782 3133 1854 πράγματα,
3182 1783 3301 1852 ἅμα
3358 1781 3407 1834 δ’
3459 1782 3737 1847 ἐπίκουρος

2171 1868 2344 1934 γίνοιο
2386 1871 2678 1939 κράτιστος
2720 1874 2820 1942 τῆς
2862 1876 3069 1930 τούτων
3123 1876 3291 1947 ζωῆς.
3324 1873 3481 1943 Μηδὲ
3530 1872 3636 1941 γὰρ
3669 1867 3742 1922 ἔτι

2171 1958 2452 2013 λείπεσθαι
2502 1962 2594 2016 τὸν
2640 1964 2817 2036 λάθρα
2845 1969 2910 2038 τῇ
2949 1967 3198 2041 βασιλείᾳ
3242 1965 3624 2036 ἐφεδρεύοντα,
3651 1957 3740 2047 τοῦ

2171 2053 2552 2122 διαδεξομένου
2594 2058 3078 2130 πιρομαρτοῢντος
3113 2061 3169 2125 ἐς
3204 2053 3488 2133 προῦπτον
3529 2053 3739 2109 αύτίκα.

2243 2327 2313 2386 A'.
2347 2332 2462 2388 Καὶ
2503 2324 2572 2403 ἦν
2613 2329 2711 2386 νῦν
2747 2331 2848 2402 μὲν
2879 2328 3054 2386 ταῦτα
3082 2329 3279 2401 λέγων.
3319 2328 3421 2383 νῦν
3466 2330 3513 2383 δ’
3538 2328 3742 2382 ἐκεῖνα·

2171 2423 2267 2480 νῦν
2294 2424 2338 2478 δ’
2361 2424 2719 2495 ἀναστρέφων
2743 2425 2840 2478 καὶ
2863 2424 2960 2493 ἀφ’
2988 2424 3177 2495 ἐτέρου
3205 2423 3499 2493 γινόμενος
3529 2422 3738 2489 ἕτερος·

2171 2517 2265 2572 καὶ
2297 2516 2416 2589 ᾇμα
2435 2519 2502 2588 τῇ
2538 2516 2771 2588 βασιλίδι
2802 2515 2927 2579 τοὺς
2953 2517 3101 2586 γένει
3125 2516 3221 2571 καλ⁵
3248 2514 3380 2586 δόξῃ
3414 2513 3738 2587 προῦχοντας

2172 2608 2296 2662 κατ’
2345 2607 2511 2661 αὐτοῦ
2550 2608 2860 2677 διεγείρων,
2889 2608 2985 2663 καὶ
3038 2607 3457 2678 ἰσχυριζόμενος
3502 2608 3639 2660 εἶναι
3672 2604 3743 2675 τῷ

2171 2697 2616 2770 Καντακουξηνῷ
2649 2698 2739 2754 διὰ
2769 2700 3003 2771 μελέτης
3038 2699 3243 2770 σφόδρα
3266 2696 3741 2767 κατεσπουδασμέ-

2171 2809 2292 2863 νης,
2323 2791 2485 2862 ἔργον
2550 2792 2907 2863 ποιησαμένῳ
2956 2791 3147 2860 ξίφους
3195 2794 3252 2855 ἐς
3303 2791 3407 2863 τὴν
3465 2791 3745 2861 ὑστεραίαν

2172 2885 2385 2948 πάντας
2431 2885 2600 2955 ἡμᾶς,
2628 2885 2822 2938 ἑαυτὸν
2878 2884 3265 2955 αὐτοκράτορα
3311 2881 3743 2956 καταστήσασθαι

2173 2976 2415 3051 βασιλέα.
2451 2975 2639 3031 Ταῦτα
2670 2977 2846 3044 λέγων
2892 2977 2987 3032 καὶ
3028 2976 3587 3046 κατασκευαζόμενος
3634 2976 3737 3029 ἀνέ-

2173 3087 2321 3124 σεισε
2358 3070 2452 3124 καὶ
2481 3070 2679 3133 αὐτοὺς
2720 3068 2785 3140 δὴ
2830 3070 2956 3134 τοὺς
3004 3068 3131 3123 καθ’
3175 3063 3318 3138 αἷμα
3349 3072 3531 3141 τούτῳ
3562 3070 3724 3139 προσὴ

2171 3182 2367 3228 κοντας
2397 3162 2519 3217 κατ’
2549 3163 2718 3217 αὐτοῦ
2741 3180 2755 3193 ·
2787 3162 2865 3227 ὡς
2891 3163 2985 3217 καὶ
3013 3161 3186 3232 αὐτὴν
3210 3164 3417 3217 Ἄνναν
3441 3165 3744 3217 πεισθεῖσιν

2170 3253 2269 3325 τὴν
2305 3252 2553 3321 βασιλίδα
2581 3253 2718 3325 μηδὲ
2742 3252 2840 3317 τὰς
2869 3253 3026 3308 ἐννέα
3057 3240 3361 3323 πενθίμους
3395 3256 3612 3324 ἡμέρας
3638 3254 3741 3323 (67)

482 3324 708 3392 plorans
754 3329 1138 3386 novendialem
1184 3332 1398 3390 luctum
1434 3351 1543 3391 non
1603 3338 1931 3407 absolverit,
1970 3344 2065 3400 sed

2176 3324 2325 3416 παρὰ
2362 3346 2454 3404 τδν
2502 3347 2598 3401 τοῦ
2647 3346 2893 3416 συζύγου
2926 3347 3098 3417 τάφον
3142 3347 3342 3403 ἀνύσαι
3386 3350 3740 3419 δακρύουσαν,

480 3426 608 3486 post
631 3419 878 3477 triduum
907 3423 1093 3481 statim
1124 3425 1179 3481 in
1210 3428 1478 3499 palatium
1512 3444 1571 3486 se
1607 3429 1900 3504 receperit.

551 3601 616 3656 V.
647 3601 726 3659 lbi
751 3602 991 3660 Joannes
1036 3606 1374 3676 patriarcha,
1428 3610 1699 3668 suadente
1734 3614 2027 3684 Apoeauco

484 3697 719 3752 eductos
756 3698 882 3754 sinu
942 3701 1228 3757 codicillos
1270 3703 1542 3764 recitavit.
1576 3707 1779 3776 quibus
1814 3710 1865 3765 id
1897 3715 2072 3768 cami-

484 3788 745 3857 nebatur,
787 3792 935 3862 quod
979 3801 1036 3848 et
1093 3794 1422 3863 patriarchae
1477 3796 1578 3867 ipsi
1611 3808 1666 3855 et
1712 3807 2071 3864 consortibus

483 3881 762 3951 episcopis
795 3883 1116 3953 imperator,
1151 3880 1402 3958 conjugis
1435 3898 1491 3944 et
1538 3890 1840 3950 liberorum
1880 3914 2068 3968 mnisa,

478 3974 811 4044 jampridem
848 3978 1251 4045 mandaverat;
1286 3986 1399 4033 tum
1423 3981 1634 4040 scilicet
1661 4001 1784 4041 eum
1817 3989 1868 4043 in
1900 3990 2015 4046 The
2037 4015 2074 4045 :-

483 4067 679 4121 saliam
715 4068 1000 4137 prolectus
1031 4078 1139 4132 est,
1184 4078 1246 4126 ut
1301 4070 1659 4144 Syrgianuem
1703 4079 1848 4136 bello
1881 4100 2071 4153 perse-

482 4169 770 4226 queretur,
820 4158 917 4229 qui
963 4161 1206 4230 acceptis
1236 4177 1266 4217 a
1299 4161 1459 4220 Crale
1509 4170 1732 4226 auxiliis
1759 4172 2070 4233 Romanum

488 4254 790 4325 imperium
822 4254 1085 4311 invadere
1110 4258 1220 4327 jam
1253 4259 1586 4319 instituerat.
1615 4264 1714 4321 His
1739 4267 1832 4323 ille
1869 4272 2073 4326 recita-

486 4344 631 4399 tisin
668 4344 934 4400 tutoriam
977 4358 1164 4403 rerum
1195 4348 1731 4411 administrationem
1766 4362 2074 4418 conabatur

485 4454 545 4493 se
574 4438 881 4495 intrudere.
922 4438 1142 4499 Justum
1196 4444 1345 4500 enim
1380 4446 1563 4502 aiebat
1607 4464 1730 4505 esse
1762 4452 1967 4523 alioqui
2009 4472 2075 4511 ac

486 4546 747 4600 perquam
778 4533 1176 4599 necessarium,
1232 4535 1458 4604 perinde
1511 4536 1811 4594 Eeclesiam
1842 4542 2074 4614 imperio

483 4632 654 4690 atque
680 4621 918 4678 animam
955 4625 1173 4694 corpori
1203 4639 1324 4681 esse
1353 4628 1704 4699 eonjunetam
1729 4649 1742 4685 :
1768 4642 2066 4708 utrumque

2172 3442 2307 3496 ἀλλὰ
2363 3441 2511 3527 μετα
2574 3439 2772 3510 τρίτην
2827 3438 2992 3504 εὐθὺς
3056 3439 3267 3494 ἀνιέναι
3331 3442 3475 3513 πρὸς
3529 3441 3597 3495 τὰ
3657 3442 3746 3510 βει-

2175 3535 2367 3591 σίλεια.

2247 3626 2320 3679 Ε’.
2375 3624 2543 3680 Ἔνθα
2589 3627 2617 3680 ό
2672 3627 3021 3700 πατριάρχης
3072 3625 3187 3699 (68)
3258 3626 3540 3700 Ἰωάννης,
3598 3627 3747 3679 Ἀπο-

2174 3719 2366 3788 καύκῳ
2413 3718 2760 3787 πειθόμενος,
2793 3721 3004 3789 ἀνέγνω
3061 3719 3270 3790 βιϐλίον
3309 3722 3378 3774 ὲκ
3423 3722 3516 3775 τοῦ
3556 3721 3745 3776 κόλπου

2171 3811 2374 3877 λαϐὼν,
2404 3812 2681 3881 συνθήκας
2723 3813 3000 3884 περιέχον,
3028 3813 3097 3878 ἃς
3140 3814 3169 3867 ό
3215 3812 3480 3885 βασιλεὺς
3523 3812 3665 3883 αὐτῷ
3690 3829 3746 3866 τε

2177 3907 2492 3977 πατριάρχῃ
2522 3905 2615 3958 καὶ
2641 3907 2755 3969 τοῖς
2783 3908 2914 3976 περὶ
2948 3906 3115 3961 αὐτὴν
3149 3908 3214 3961 ὲκ
3243 3907 3449 3961 πολλοῦ
3485 3901 3744 3975 παρέθετο

2172 4000 2515 4065 ἐπισκόποις,
2555 3999 2684 4070 περί
2731 4016 2790 4054 τε
2849 3998 3088 4064 συζύγου
3149 3999 3247 4052 καὶ
3303 4000 3514 4054 παίδων
3561 3995 3739 4061 αὑτοῦ,

2172 4065 2412 4163 ὁπηνίκα
2460 4065 2849 4165 μαχησόμενος
2888 4091 3058 4163 ἀπῄει
3113 4091 3193 4161 τῷ
3252 4091 3565 4164 Συργιάννῃ
3620 4089 3744 4165 7:95;-

2173 4186 2494 4252 Θετταλίαν,
2524 4184 2794 4257 ἁρπάζειν
2825 4184 2928 4257 ἤδη
2957 4183 3099 4254 μετὰ
3128 4184 3230 4254 τῆς
3257 4184 3354 4238 τοῦ
3382 4184 3573 4256 Κράλη
3614 4198 3746 4250 συμ-

2177 4279 2374 4351 μαχίας
2447 4277 2817 4349 ἐπιχειροῦντι
2889 4277 2989 4347 τὴν
3051 4276 3351 4345 Ῥωμαίων
3437 4273 3744 4348 ἠγεμονίαν.

2174 4372 2363 4427 Ταῦτα
2394 4371 2572 4424 τοίνυν
2607 4368 2896 4437 διεξελθὼν
2929 4370 3012 4434 είς
3049 4368 3149 4439 τὴν
3193 4368 3304 4422 τῶν
3346 4369 3548 4427 κοινῶν
3582 4381 3745 4439 πραγ⁴

2178 4464 2366 4533 μάτων
2389 4461 2751 4534 ὲπιτροπικὴν
2777 4460 3050 4530 διοίκησιν
3097 4460 3342 4528 εἰσάγειν
3387 4458 3579 4513 ἑαυτὸν
3607 4460 3746 4510 ὲπει-

2178 4558 2329 4626 ρᾶτο.
2352 4554 2575 4610 Δίκαιον
2619 4554 2730 4626 γὰρ
2778 4553 3022 4623 ἔφασκεν
3076 4548 3222 4608 εἶναι
3270 4553 3366 4606 καὶ
3410 4551 3617 4622 σφόδρα
3649 4548 3747 4601 τῶν

2178 4646 2490 4716 ἀναγκαίων
2519 4643 2717 4709 ἄλλως,
2745 4642 3002 4715 καθάπερ
3032 4642 3249 4713 σώματι
3275 4642 3481 4714 ψυχὴν,
3506 4641 3646 4694 οὕτω
3682 4637 3745 4707 τῇ

485 4716 633 4771 enim
670 4715 778 4772 hoc
808 4731 921 4771 uno
956 4726 1103 4776 stare
1140 4727 1197 4773 et
1223 4718 1428 4790 vigere.
1465 4719 1647 4776 (Cum
1677 4739 1811 4781 vero
1832 4736 1890 4785 et
1919 4733 2067 4788 codi-

2173 4710 2424 4809 βασιλείᾳ
2463 4736 2562 4808 τὴν
2597 4734 2930 4803 Ἐκκλησίαν
2955 4710 3252 4805 συνῆφθαι.
3292 4710 3444 4787 Μίαν
3472 4730 3583 4803 γὰρ
3609 4725 3747 4783 εἶναι

483 4808 598 4863 cilli
629 4817 852 4865 exstent
888 4809 1243 4880 imperatoris
1266 4826 1431 4867 manu
1465 4813 1680 4885 scripti,
1712 4820 1805 4889 qui
1840 4832 1898 4878 et
1936 4838 2074 4880 eon-

480 4903 627 4973 jngis
677 4912 735 4960 et
765 4904 1068 4960 liberorum
1102 4904 1505 4960 salutemauihi
1541 4906 1687 4964 baud
1715 4910 1882 4969 dubie
1922 4931 2073 4971 eom-

484 4997 735 5062 mittunt,
764 4994 897 5065 quid
937 4996 1056 5067 (ait)
1096 4994 1344 5065 iniquius
1392 5012 1557 5068 quam
1603 5003 1854 5059 socordia
1884 5018 2074 5065 nostra

488 5092 742 5147 mandata
778 5078 872 5145 illa
929 5088 1153 5162 negligi,
1189 5106 1255 5147 ae
1307 5093 1625 5152 volentibus
1664 5099 2072 5169 quodammodo

485 5183 648 5240 nobis
683 5183 887 5238 ﬂuetus
911 5182 1173 5239 Romana;
1208 5184 1288 5240 rei
1320 5186 1677 5256 superinduei
1712 5191 2020 5261 inopinatos
2052 5237 2067 5261 ,
2096 5202 2099 5207 ’

482 5276 677 5344 quales
716 5283 880 5330 aetate
912 5276 1188 5346 superiori
1222 5279 1447 5335 excitati
1498 5292 1649 5346 sunt,
1698 5282 1939 5352 Arseuii,
1968 5289 2063 5358 qui

2175 4831 2436 4883 σύστασιν
2495 4829 2594 4883 καὶ
2642 4827 2790 4897 ζωὴν
2834 4826 3169 4897 ἀμφοτέρων
3218 4827 3397 4880 τουτί.
3430 4844 3450 4877 ι
3503 4823 3653 4879 Ἐπεὶ
3693 4820 3745 4872 δὲ

2172 4926 2267 4977 καὶ
2291 4925 2451 4977 ταυτὶ
2481 4922 2552 4976 τὰ
2580 4919 2676 4974 τοῦ
2707 4918 2976 4992 βασιλέως
3006 4918 3314 4989 γράμματα
3339 4919 3443 4989 τὴν
3470 4914 3743 4987 σωτηρίαν

2170 5012 2298 5083 ἐμοὶ
2321 5013 2421 5082 τῆς
2457 5028 2517 5066 τε
2546 5009 2786 5076 συζύγου
2833 5011 2929 5063 καὶ
2967 5009 3080 5062 τῶν
3118 5010 3281 5063 υίέων
3333 5007 3525 5077 σαφῶς
3565 5003 3745 5060 ιῖινειτί⁸

2169 5106 2322 5175 θησι,
2347 5103 2451 5157 ποῦ
2477 5105 2686 5160 δίκαιον
2741 5103 2953 5177 (φησιν)
3004 5105 3230 5159 ἐκείνων
3285 5106 3434 5174 ἡμᾶς
3476 5102 3745 5176 καταρῤᾳ-

2176 5183 2532 5267 θυμήσαντας
2549 5196 2822 5267 ἀμελῆσαι
2843 5197 2951 5250 τῶν
2975 5196 3283 5269 συνθηκῶν,
3301 5199 3392 5251 καὶ
3422 5196 3618 5251 οὑτωσί
3633 5209 3743 5254 πως

2177 5290 2401 5353 ἑκόντας
2430 5287 2515 5363 [Ρ.
2538 5288 2668 5363 559]
2707 5286 3090 5361 συγχωρῆσαι,
3135 5290 3414 5355 κλύδωνας
3471 5289 3742 5361 ἅτεκμάρ·

1840 5424 2177 5493 Variurum
2212 5441 2399 5497 notua.

555 5567 842 5651 (_6.‘illdem
877 5579 1065 5626 narrat
1095 5571 1394 5628 Cautacuz.
1424 5571 1521 5627 lib.
1556 5588 1618 5637 ιι,
1643 5588 1765 5641 cap.
1809 5575 1902 5641 40,
1944 5593 2069 5651 pag.

481 5642 607 5700 337.
646 5643 882 5696 Ducam.

557 5713 672 5783 (66)
724 5712 1025 5768 Cautaeuz.
1079 5710 1219 5766 (list.
1274 5712 1368 5768 lib.
1419 5730 1482 5781 ιι,
1510 5731 1631 5786 cap.
1670 5715 1700 5771 9
1739 5724 1795 5769 et
1827 5716 1912 5773 li.
1941 5719 2066 5774 Βοι-

485 5800 597 5839 ὶιέί.
756 5829 760 5834 .

556 5855 668 5912 ('37)
698 5854 1067 5908 Cantacuzm.
1100 5870 1110 5905 :
1154 5853 1306 5925 Μῖτὶι
1335 5854 1389 5905 δὲ
1442 5856 1536 5925 τὴν
1571 5857 1799 5920 ἐνιάτην
1830 5857 1937 5910 τῶν
1972 5861 2064 5913 ἐπὶ

483 5928 596 5985 τοῖς
629 5925 1039 5990 τετελευτηκόσι
1090 5924 1363 5996 συνήθως
1398 5924 1707 5993 γενομένων
1767 5926 2015 5996 ίλασμῶν
2045 5946 2058 5959 ’

487 5995 689 6063 quibus
725 5994 948 6062 quidem
1000 6008 1196 6049 novem
1258 5993 1456 6051 diebus
1499 6012 1567 6051 ex
1599 5993 1925 6068 coniugibus
1966 6015 2061 6054 su-

2171 5595 2385 5667 perstes
2419 5584 2567 5641 domi
2601 5599 2668 5667 ge
2698 5584 3042 5667 continebat,
3069 5593 3138 5667 ut
3162 5593 3247 5640 est
3276 5585 3418 5667 apud
3453 5584 3736 5667 godinnnt,

2169 5656 2246 5709 De
2272 5655 2416 5725 Offic.
2451 5671 2569 5723 cap.
2599 5656 2691 5720 2i,
2719 5673 2775 5710 n.
2816 5657 2872 5712 4.
2904 5655 3040 5711 Vide
3074 5655 3243 5711 Class.
3278 5656 3417 5711 med.
3453 5656 3656 5712 Gm'cit.
3686 5658 3736 5708 in
3781 5674 3792 5687 κ

2171 5728 2430 5805 ἘννίιιτιιιΣ
2475 5728 2708 5781 Duexxc.
3257 5796 3284 5805 Α
3392 5804 3395 5805 ν
3562 5795 3573 5805 θ

2216 5797 2349 5867 ·(68)
2391 5796 2779 5876 Ga_utacuz_en._
2821 5795 2920 5851 lib.
2975 5811 3054 5862 Ill,
3090 5811 3213 5876 cap.
3345 5804 3404 5848 ut
3440 5792 3733 5876 patriarcha

2163 5862 2348 5922 rerum
2404 5862 2952 5924 administrationem
2995 5862 3291 5921 anubiverit
3348 5866 3535 5921 multis
3580 5876 3731 5918 etiar-

2159 5945 2267 5993 rat.
2302 5937 2537 5993 Ducaue.
