4070 6430
258 481 363 545 797
654 479 730 553 [ι.
771 499 820 539 c.
866 483 1025 558 13H]

1270 495 1713 563 ΒΥΖΑΝΤΙΝίΕ
1751 504 2138 570 ΙΙΙΞΤΟΗΙᾺΕ
2180 510 2323 573 LIB’.
2365 511 2505 573 XII.

2615 505 2751 579 [ιιιιι.
2790 504 3118 565 π’νλιζεοι..
3161 508 3237 581 ηε

3334 548 3346 557 ·
3411 512 3538 581 798‘

258 610 355 647 σαν
388 593 507 663 τών,
531 598 761 663 πόλεων,
803 601 878 665 ὡς
912 603 1050 659 οῖκοι
1099 605 1331 671 καθίσας
1362 612 1390 662 ὁ
1435 611 1829 685 Καντακουζηο

1942 621 2138 678 tissimi
2168 623 2432 688 aderant,
2465 623 2757 681 sedentem
2785 623 2931 679 domi
2963 611 3403 681 Cantacqu-num
3448 625 3523 682 ab

253 687 343 750 v’-.;
367 687 586 742 πάντων
632 695 980 762 πραγμάτων
1015 694 1306 769 ἀπέσχετο,
1344 703 1514 759 πολὺς
1564 706 1836 777 άνήπτετο

255 777 483 846 θόρυϐος
517 782 663 835 κατά
685 797 744 835 τε
789 787 1131 857 πατριάρχου
1166 791 1262 844 καὶ
1313 791 1663 848 ’Δποκαύκου
1691 837 1707 860 ,
1741 796 1836 850 καὶ

255 868 469 959 sil-nvi;
492 888 595 926 που
621 873 729 928 τῶν
759 877 817 928 ἐν
841 879 983 933 τέλει
1017 882 1128 951 (78)
1161 882 1349 955 σφίσιν
1374 880 1486 941 εἶεν
1513 889 1833 959 ὁμόφρονες.

261 954 414 1012 Εἶναι
458 961 568 1029 γάρ
605 963 716 1019 τῶν
770 967 1076 1038 ἀμηχάνων
1137 954 1398 1042 ἔφασκον,
1449 954 1689 1045 ἀφέντας
1743 980 1837 1031 τὸν

258 1051 616 1125 πλουτοδότην
656 1058 750 1112 καὶ
789 1062 972 1116 κοινὸν
1006 1067 1217 1134 τροφέα
1240 1067 1717 1141 Καντακουζηνὸν.
1745 1074 1853 1139 καὶ,

262 1150 677 1221 συστρατιώτην
726 1155 929 1222 μᾶλλον
958 1155 990 1225 ἢ
1023 1160 1352 1228 στρατηγὸν,
1401 1162 1498 1217 καὶ
1544 1161 1838 1217 συνταλόη-

261 1241 467 1307 πωρεῖν
500 1241 679 1296 εἰδότα
702 1245 845 1300 κατά
875 1264 936 1300 τε
966 1249 1067 1312 τὰς
1097 1252 1402 1322 ὑπαίθρους
1427 1254 1523 1308 καὶ
1551 1257 1840 1326 χειμερίας

261 1334 688 1400 στρατοπεδείας
716 1338 930 1401 αὐτοῖς.
964 1340 1197 1398 ἕπεσθαι
1237 1349 1545 1417 μεμηνόσιν
1586 1349 1837 1420 ἀνδράσι,

261 1421 358 1514 καὶ
390 1422 496 1476 ὑπὸ
529 1423 731 1492 φθόνου
765 1430 861 1481 καὶ
890 1430 1191 1500 βασκανίας
1236 1437 1599 1509 διεφθορόσιν,
1631 1441 1666 1514 ἢ
1702 1443 1843 1511 μᾶ).-

257 1511 348 1565 λον
399 1514 638 1584 ἀμαθέσι
690 1521 894 1584 παντὸς
948 1523 1182 1590 άγαθοῦ,
1231 1526 1406 1580 όπόσα
1461 1511 1665 1592 πόλεις-
1695 1525 1839 1582 οἶδεν

152 1678 155 1683 ἱ
257 1604 510 1674 ὠφελεῖν,
538 1609 635 1663 καὶ
676 1609 864 1679 φοϐεῖν
893 1613 1147 1686 ἐχθροὺς,
1182 1617 1277 1671 καὶ
1323 1617 1626 1689 βασιλικοῖς
1654 1621 1838 1674 ἐπίδο-

130 1716 141 1737 r
258 1711 344 1748 σιν
383 1697 586 1752 διδόναι
613 1701 962 1773 πράγμασιν.
993 1705 1161 1759 ⁴’Ὠστε
1195 1708 1290 1763 καὶ
1320 1708 1416 1763 τοῦ
1463 1710 1610 1765 θείου
1642 1729 1837 1782 προτε⁶

259 1787 446 1852 θέντος
474 1791 810 1860 Εὐαγγελίου
859 1798 1003 1850 κατά
1044 1797 1106 1851 τὸ
1150 1799 1321 1853 πάλαι
1364 1803 1650 1872 κρατῆσαν
1696 1804 1837 1872 ἐθος,

192 1919 197 1923 .
259 1878 401 1948 ὑπὲρ
428 1881 729 1951 ἀσφαλείας
755 1886 850 1940 καὶ
880 1888 1120 1953 πίστεως
1145 1890 1368 1956 ὀμνύειν
1396 1893 1506 1946 τῶν
1545 1893 1837 1965 βασιλέων,

1937 735 2122 774 rerum
2147 717 2624 774 administratione
2651 732 2875 788 prorsus
2896 733 2957 772 se
2990 717 3290 782 abstinere,
3317 720 3523 774 tumul-

1937 820 2026 866 tus
2052 812 2247 883 ingens
2271 812 2537 866 adversus
2565 820 2622 866 et
2653 809 3022 880 patriarcbam
3049 821 3107 866 et
3129 812 3477 880 Apocaueum
3502 853 3520 878 ,

1937 905 2063 960 etsi
2104 906 2196 973 qui
2218 919 2287 960 ex
2312 903 2548 960 ducibus
2594 903 2842 958 consiliis
2866 918 3059 958 eorum
3091 902 3381 969 faverent,
3428 919 3523 960 ac-

1935 995 2214 1052 cenditur.
2240 986 2524 1065 Negabant
2557 993 2702 1049 enim
2738 993 2857 1048 ﬁeri
2888 1008 3069 1062 posse,
3102 1003 3162 1048 ut
3188 994 3523 1048 Cantacuze-

1936 1103 2070 1144 num
2098 1088 2319 1156 quidem
2353 1087 2836 1151 obliviscerentur,
2869 1086 3046 1140 virum
3085 1085 3524 1143 beneﬁcentissi-

1939 1193 2111 1241 mum,
2145 1193 2495 1234 communem
2536 1171 2766 1233 altorem
2814 1187 2874 1233 et
2920 1187 3226 1247 parentem,
3262 1194 3365 1234 nec
3412 1189 3517 1234 tam

1936 1269 2135 1325 ducem
2177 1284 2341 1339 quam
2382 1269 2816 1324 commilitonem
2848 1285 3033 1335 suum,
3063 1270 3159 1338 qui
3197 1285 3384 1326 secum
3417 1271 3521 1326 sub

1936 1359 2028 1416 dio
2051 1360 2343 1431 mediaque
2370 1360 2553 1416 hieme
2581 1361 2808 1418 bellicos
2851 1361 3075 1417 labores
3105 1362 3340 1418 tolerare
3381 1362 3521 1418 didi-

1938 1453 2127 1518 cisset,
2159 1454 2413 1509 homines
2438 1465 2624 1511 autem
2639 1464 3012 1526 sequerentur
3036 1455 3293 1518 furiosos,
3318 1455 3523 1511 invidia

1940 1555 1989 1599 et
2036 1545 2276 1600 obscuro
2318 1542 2445 1599 odio
2502 1546 2994 1611 contabeseentes;
3048 1545 3301 1601 homines
3343 1547 3524 1601 omnis

1938 1637 2070 1694 boni
2107 1638 2346 1707 ignaros,
2381 1637 2527 1704 quod
2550 1646 2648 1692 aut
2676 1636 2915 1692 urbibus
2931 1636 3193 1706 prodesse
3218 1678 3235 1703 ,
3293 1648 3388 1692 aut
3418 1637 3524 1692 ho-

1940 1740 2054 1784 stes
2080 1739 2288 1784 terrere
2311 1769 2327 1795 ,
2356 1739 2449 1784 aut
2491 1744 2580 1784 res
2620 1729 3000 1800 imperatorias
3028 1739 3213 1800 posset
3247 1731 3300 1785 in
3346 1730 3524 1800 majus

1940 1817 2267 1887 provehere.
2302 1818 2541 1872 Admeto
2574 1818 2782 1889 itaque,
2814 1819 2957 1875 sicut
2987 1821 3163 1875 veteri
3183 1835 3335 1875 more
3369 1836 3523 1876 rece-

1943 1915 2095 1975 ptum
2131 1914 2235 1970 est,
2267 1906 2456 1961 divino
2487 1906 2806 1977 Evangelio.
2841 1922 2940 1976 per
2975 1907 3120 1976 quod
3147 1907 3399 1978 iurarent
3429 1906 3526 1960 de-

257 1970 415 2023 αὐτοὶ
446 1973 653 2028 καὶτοῦ
678 1975 779 2046 τῆς
808 1976 1089 2049 βασιλείας
1119 1983 1418 2052 ἐπιτρόπου
1446 1986 1838 2065 Καντακουζηο

1944 1996 2199 2053 ΐτιιιεητοε
2214 2014 2273 2054 se
2301 1999 2693 2069 imperatorum
2713 1998 2882 2053 vitam
2914 2006 2970 2052 et
2995 1996 3159 2053 iidem
3178 2008 3520 2064 servaturos,

256 2065 349 2119 νοῦ
383 2069 783 2138 προσετίθεσαν
815 2072 1079 2147 τοῦνομαξ
1119 2076 1251 2133 ’Ότι
1290 2078 1355 2152 δὴ
1386 2083 1481 2134 καὶ
1531 2081 1838 2150 ἀντιλέγειν

256 2156 625 2228 ἐπιχειροῦντι
678 2160 768 2233 [Ρ.
822 2163 950 2237 564]
995 2167 1076 2237 τῷ
1136 2169 1467 2243 ’Δποκαύκῳ
1520 2174 1836 2245 ἐπεπήδησέ

257 2262 343 2309 ⁴τις
370 2247 631 2320 ἐξαπίνης
654 2250 910 2327 ξιφήρης.
941 2258 1122 2315 ἐκεῖνο
1145 2262 1207 2317 τὸ
1245 2263 1543 2335 Ὁμηρικὸν
1569 2266 1835 2329 ἐπειπὼν.

256 2336 403 2428 fida
427 2358 506 2396 τοι
532 2337 671 2415 αἷμα
701 2347 949 2406 κελαινὸν
980 2351 1094 2424 (79)
1128 2356 1365 2426 ἐρωήσει
1397 2357 1526 2428 περὶ
1548 2358 1612 2412 τὸ
1657 2358 1835 2428 ξίφος.

255 2421 327 2499 *ῼ
355 2430 419 2502 δὴ
443 2434 537 2486 καὶ
581 2435 769 2492 πολλοὶ
804 2440 913 2495 τῶν
945 2421 1303 2514 στρατιωτών
1348 2421 1837 2520 συμφρονήσαντες

258 2521 490 2592 θορύϐου
531 2526 729 2583 πολλοῦ
762 2531 857 2585 καὶ
905 2533 1037 2604 βοῆς
1080 2537 1389 2610 ἐνέπλησαν
1431 2541 1501 2594 τά
1531 2539 1785 2611 βασίλεια
1816 2558 1832 2573 ο

256 2612 331 2672 ὡς
360 2614 633 2682 περιδεεῖς
666 2622 995 2693 γενομένους
1042 2625 1286 2692 ἐκείνους
1317 2628 1455 2699 ὁμοῦ
1498 2632 1566 2701 τῇ
1599 2630 1836 2702 βασιλίδι

256 2705 512 2775 οἰκτροὺς
561 2709 746 2775 ίκέτας
787 2714 1044 2782 γενέσθαι
1102 2718 1584 2791 Καντακουζηνοῦ.
1622 2723 1721 2786 Ὃς
1769 2740 1835 2792 γε

259 2799 353 2850 καὶ
383 2799 548 2870 μηδὲν
586 2801 687 2873 τῆς
726 2804 878 2873 σφῶν
911 2806 1378 2880 ὑπολογισάμενος
1409 2815 1837 2882 κακογνωμοσ’-

257 2908 355 2962 νης
384 2894 464 2956 είς
486 2893 650 2965 μέσον
675 2891 813 2969 ἧκεν
840 2899 1024 2967 εὐθὺς,
1048 2903 1144 2957 καὶ
1169 2903 1305 2974 όμοῦ
1336 2903 1414 2974 τῷ
1441 2903 1676 2977 ὀφθῆναι
1698 2906 1834 2976 πρὸς

258 2985 503 3057 γαλήνην
526 2988 725 3060 ἐχώρει
754 2989 824 3044 τά
861 2992 956 3047 τοῦ
988 2993 1223 3067 θορύϐου
1275 2997 1370 3052 καὶ
1399 2998 1668 3063 κλύδωνος
1696 3001 1835 3053 ἐκεί-

261 3095 352 3131 νου
378 3076 618 3146 κύματα,
653 3081 747 3134 καὶ
785 3083 866 3147 είς
898 3083 1083 3140 εὐδίαν
1111 3087 1139 3140 ὁ
1164 3087 1259 3141 τοῦ
1315 3089 1586 3160 χειμῶνος
1624 3092 1833 3146 ἐκείνου

259 3170 462 3238 γνόφος
515 3175 923 3242 μετωχετεύετο
952 3190 967 3206 ο
1003 3177 1098 3228 καὶ
1147 3178 1369 3244 ἀνοίξας
1415 3179 1476 3233 τὸ
1524 3180 1702 3253 στόμα
1734 3182 1834 3235 αύ-

254 3260 348 3314 τοῦ
395 3262 575 3317 τοιάδε
617 3265 712 3319 ἐπὶ
758 3265 856 3337 τῆς
897 3265 1196 3339 βασιλίδος,
1232 3271 1331 3325 καὶ
1356 3272 1474 3325 ὅσοι
1527 3274 1786 3343 παρῆσαν
1814 3313 1829 3336 ,

253 3353 555 3429 ἐφθέγξατο
577 3371 593 3388 ⁶

324 3445 400 3502 Β’.
442 3467 461 3499 ι
500 3449 574 3503 Τὸ
602 3449 704 3519 μὲν
738 3449 1105 3523 ἀνθρωπίνοις
1146 3452 1575 3527 ἀπροσδοκήτως
1618 3453 1834 3526 ἀνθρώ-

255 3558 390 3605 πους
419 3541 576 3606 ὄντας
602 3545 914 3614 συμφοραῖς
943 3545 1322 3617 ἐντυγχάνειν,
1348 3547 1444 3600 καὶ
1483 3546 1617 3620 πρὶν
1645 3548 1678 3620 ἢ
1712 3547 1835 3619 βου-

254 3633 550 3689 λεύσασθαι
581 3638 677 3690 καὶ
721 3638 952 3709 πρᾶξαι,
1005 3640 1239 3709 πάσχειν
1290 3640 1482 3694 τιτῶν
1510 3641 1722 3707 δεινῶν,
1775 3638 1857 3694 οῦ”

120 3729 143 3743 ’
255 3729 498 3801 τοσούτῳ
545 3732 713 3801 φαίην
772 3731 841 3785 ἂν
893 3732 1004 3798 ἐγὼ
1031 3734 1141 3787 τῶν
1193 3734 1516 3804 πασχόντων
1563 3732 1674 3804 ὅσῳ
1727 3732 1838 3786 τῶν

256 3824 512 3893 δρώντων
539 3825 807 3897 ὑπάρχειν
857 3805 1206 3896 τοῦγιίλημα.
1262 3827 1336 3880 Τὸ
1386 3826 1435 3881 δ’
1457 3825 1641 3888 ἄλλοις
1670 3825 1835 3897 ὀρύσ-

258 3934 450 3980 σοντας
483 3918 675 3988 βόθρον
703 3920 899 3983 αὐτοὺς
924 3921 1006 3984 είς
1061 3920 1275 3975 ἐκεῖνον
1320 3918 1625 3990 προτέρους
1672 3917 1840 3988 ἐμπί-

264 4028 436 4077 πτειν,
479 4011 965 4084 ἀναμφισϐήτητόν
1002 4014 1120 4066 ἐστι
1151 4012 1260 4066 τῶν
1296 4011 1610 4067 πιπτόντων
1658 4011 1840 4082 ἀμάρ-

256 4121 429 4172 τημα.
477 4104 566 4165 Ὠς
594 4104 841 4171 γίνεσθαι
869 4105 983 4168 τοῖς
1024 4104 1126 4174 μὲν
1162 4105 1453 4176 προτέροις
1489 4103 1553 4156 τὸ
1579 4103 1749 4165 πάθος
1775 4104 1837 4156 ού

261 4196 409 4265 μάλα
444 4195 774 4265 συγγνώμης
807 4196 1023 4266 μακρᾶς
1051 4195 1370 4269 ὑπερόριον·
1401 4195 1515 4258 τοῖς
1536 4193 1595 4247 δέ
1628 4211 1691 4261 γε
1723 4194 1841 4247 δευ-

257 4288 439 4357 τέροις
489 4286 822 4358 συγγνώμης
857 4304 918 4343 τε
971 4289 1153 4359 πάσης
1200 4288 1284 4354 ώς
1326 4288 1669 4359 πορρωτάτω
1717 4287 1840 4340 λίαν

257 4362 519 4452 ἐρρίφθαι
550 4381 897 4451 συμϐαίνειν,
947 4386 1045 4436 καὶ
1074 4379 1193 4452 ἅμα
1220 4381 1320 4453 τὴν
1374 4382 1441 4434 ἐκ
1495 4380 1606 4435 τῶν
1637 4381 1841 4451 ,νόμων

256 4477 573 4545 περιφανῶς
608 4474 938 4544 ἐφέλκεσθαι
977 4475 1319 4547 ἐπιτίμησιν.
1361 4475 1553 4546 Ὅμως
1599 4474 1736 4528 Θεοῦ
1767 4476 1844 4526 δι-

255 4566 427 4629 καίως
455 4567 874 4629 ἐπιστατοῦντος
901 4569 1014 4631 τοῖς
1046 4569 1364 4639 πράγμασι,
1398 4568 1493 4623 καὶ
1527 4568 1843 4636 κατάλληλα

1944 2090 2206 2145 addidere
2249 2090 2302 2144 hi
2327 2100 2379 2146 et
2408 2089 2777 2146 Cantacuzeni
2807 2105 3047 2155 nomen,
3082 2089 3294 2160 imperii
3323 2106 3524 2160 procu-

1943 2182 2165 2238 ratoris.
2195 2181 2444 2254 Cumque
2495 2183 2562 2238 ad
2610 2182 3101 2239 contradicendum
3135 2183 3525 2254 aggrederetur

1942 2275 2289 2344 Apocaurus,
2317 2268 2370 2330 in
2399 2291 2526 2331 eum
2550 2275 2735 2331 statim
2766 2276 2991 2345 quidam
3009 2275 3171 2332 irruit
3192 2275 3386 2333 stricto
3410 2276 3524 2348 gla-

1943 2366 2058 2433 dio,
2089 2352 2140 2423 et
2161 2367 2294 2423 illud
2336 2367 2686 2423 Homericum
2712 2368 2915 2437 adjecit
2940 2405 2958 2431 ,
3028 2386 3033 2395 ·

2005 2446 2011 2454 ’
2121 2460 2338 2515 obscuro
2362 2460 2565 2530 ferrum
2603 2463 2701 2515 hoc
2719 2459 2844 2528 jam
2873 2460 3133 2530 sanguine
3159 2461 3347 2529 litiges.

1941 2549 2041 2607 Cui
2072 2551 2294 2620 quidem
2323 2551 2558 2606 militum
2604 2552 2766 2607 multi
2809 2552 3020 2609 assensi
3056 2566 3255 2622 magno
3286 2551 3522 2606 tumultu

1942 2652 1999 2699 et
2027 2643 2269 2700 clamore
2306 2643 2487 2699 aulam
2520 2644 2891 2715 impleverunt
2921 2660 2937 2697 :
2970 2643 3046 2701 ita
3099 2656 3159 2701 ut
3197 2644 3440 2716 Augusta
3468 2650 3526 2697 et

1942 2736 2019 2792 illi
2051 2737 2145 2806 qui
2171 2751 2297 2793 cum
2324 2752 2387 2792 ea
2405 2745 2586 2804 erant,
2616 2748 2763 2792 metu
2796 2736 3116 2803 exanimati,
3139 2738 3528 2793 Cantaruzeno

1942 2827 2107 2899 587
2137 2827 2533 2884 miserabiliter
2557 2829 2954 2899 supplicarent.
2987 2828 3057 2885 At
3090 2829 3159 2892 is,
3190 2827 3527 2883 malevolen-

1945 2922 2033 2976 tiae
2059 2919 2278 2976 illorum
2311 2919 2459 2975 nulla
2508 2919 2699 2975 habita
2738 2920 2973 2986 ratione,
3006 2920 3063 2975 in
3105 2918 3346 2976 medium
3375 2917 3525 2974 illico

1944 3011 2169 3077 prodiit.
2197 3010 2371 3082 Cujus
2400 3011 2589 3066 vultus
2633 3011 2798 3067 simul
2832 3021 2894 3068 ut
2933 3011 3161 3078 affulsit,
3186 3026 3255 3067 ex
3282 3010 3524 3066 tumultu

1944 3100 2393 3171 tempestatisque
2420 3101 2568 3156 illius
2606 3100 2868 3156 ﬂuctibus
2923 3101 3296 3172 tranquillitas
3337 3099 3523 3166 rediit,

1942 3199 1998 3245 et
2032 3190 2185 3245 illius
2214 3190 2460 3246 turbinis
2510 3191 2686 3262 caligo
2737 3191 2792 3246 in
2828 3193 3183 3249 serenitatem
3229 3206 3386 3247 versa
3418 3199 3524 3247 est.

1943 3280 2083 3335 Tum
2114 3281 2209 3337 ille
2252 3296 2317 3337 os
2365 3283 2618 3352 aperuit,
2647 3292 2812 3353 atque
2835 3283 2978 3353 apud
3011 3283 3441 3353 imperatricem,
3471 3292 3530 3337 et.

1938 3388 2035 3429 cos
2055 3374 2149 3441 qui
2181 3383 2297 3430 tum
2334 3376 2589 3440 aderant,
2623 3374 2768 3451 hanc
2793 3376 3097 3431 orationem
3131 3375 3335 3431 habuit.
3366 3389 3383 3428 :

2010 3468 2076 3523 ll.
2121 3485 2139 3518 ι
2191 3465 2348 3534 Quod
2376 3475 2573 3536 praeter
2598 3467 2912 3537 opinionem
2944 3466 3267 3522 humanitus
3307 3465 3523 3522 accidat

1906 3560 2143 3631 taliquid
2188 3559 2259 3616 iis
2302 3559 2396 3629 qui
2430 3557 2685 3615 homines
2714 3568 2863 3625 sunt,
2893 3567 2949 3613 et
2973 3559 3252 3629 patiantur
3286 3558 3325 3612 ii
3375 3558 3526 3628 inju-

1938 3653 2100 3713 riam,
2132 3653 2227 3724 qui
2261 3668 2365 3708 uec
2397 3651 2650 3708 meditati
2684 3658 2817 3707 sunt
2848 3651 3032 3721 primi,
3065 3665 3168 3707 nec
3190 3650 3523 3714 intulerunt,

1940 3743 1991 3798 id
2018 3742 2240 3814 quidem
2271 3757 2374 3813 ego
2411 3759 2522 3798 non
2574 3750 2682 3798 tam
2730 3742 2800 3796 iis
2848 3743 2942 3813 qui
2983 3740 3326 3805 afﬁciuntur,
3359 3756 3524 3812 quam
3600 3770 3607 3779 κ

1941 3836 2008 3891 iis
2021 3835 2115 3906 qui
2146 3833 2415 3901 afﬁciunt,
2428 3833 2647 3889 crimini
2673 3832 2916 3888 dandum
2944 3846 3068 3888 esse
3091 3831 3370 3886 existimo.
3391 3832 3527 3885 Cum

1942 3935 2128 3981 autem
2155 3925 2210 3981 in
2247 3924 2463 3981 foveam
2481 3924 2643 3995 primi
2668 3924 2952 3988 labuntur,
2980 3923 3075 3994 qui
3096 3923 3220 3978 aliis
3245 3921 3526 3983 foderunt,

1940 4034 2136 4073 eorum
2193 4016 2491 4072 manifesta
2540 4023 2627 4072 est
2659 4015 2818 4085 culpa
2871 4012 2967 4083 qui
3012 4013 3278 4067 labuntur
3311 4012 3435 4067 :ita
3470 4018 3531 4063 ut

1943 4111 2048 4165 illis
2073 4109 2298 4180 quidem
2345 4123 2481 4164 suus
2513 4122 2672 4163 casus
2716 4122 2831 4163 non
2879 4106 3041 4176 longe
3094 4105 3240 4160 absit
3268 4120 3300 4160 a
3330 4090 3525 4168 venia;

1943 4203 1998 4258 hi
2032 4218 2165 4258 vero
2216 4201 2288 4257 ab
2340 4201 2495 4257 omni
2545 4200 2706 4255 venia
2737 4214 2904 4270 quam
2949 4198 3272 4269 longissime
3306 4197 3530 4257 cadant.

1941 4305 1998 4352 et
2020 4295 2284 4367 legitimis
2316 4293 2497 4365 poenis
2526 4308 2584 4349 se
2612 4293 2763 4364 ipsos
2788 4290 3085 4345 manifesto
3113 4289 3383 4359 obligent.
3417 4288 3524 4344 Sed

1943 4405 2069 4444 runt
2106 4387 2294 4443 omnia
2327 4385 2472 4441 Deus
2517 4385 2665 4455 juste
2711 4384 3053 4447 moderetur,
3085 4391 3142 4436 et
3172 4385 3334 4454 aegris
3362 4380 3531 4437 rebus

1943 4479 2331 4535 convenientia
2388 4478 2653 4533 adhibeat
2706 4476 2994 4539 remedia,
3048 4482 3267 4545 oportet
3321 4482 3379 4530 et
3431 4490 3531 4528 nos

1944 4589 2186 4645 altoque,
2242 4572 2394 4628 illum
2449 4571 2717 4638 imitatos,
2766 4586 2877 4625 non
2916 4568 3106 4625 fovere
3163 4567 3350 4625 animo
3389 4569 3529 4624 iram

254 4660 369 4722 τοῖς
393 4662 664 4730 νοσήμασι
692 4660 803 4713 τῶν
831 4661 1174 4732 πραγμάτων
1203 4661 1271 4714 τὰ
1300 4661 1401 4731 τῆς
1427 4661 1666 4731 ἰατρείας
1700 4663 1838 4713 ἐπά-

1949 4667 2002 4719 in
2050 4680 2146 4720 eos
2179 4664 2274 4734 qui
2327 4662 2667 4732 deliquerint
2702 4660 3127 4731 sempiternam;
3157 4660 3253 4715 sed
3298 4660 3352 4714 in
3409 4660 3532 4714 vitm
3594 4730 3599 4735 μ

255 4768 448 4820 γοντος
479 4753 770 4823 φάρμακα,
803 4752 984 4824 χρεὼν
1013 4755 1109 4808 καὶ
1134 4753 1284 4822 ἡμᾶς
1314 4753 1497 4806 ἐκεῖσε
1529 4755 1631 4823 τὴν
1667 4760 1843 4824 μίμη-

259 4860 350 4896 σιν
380 4830 855 4916 παραπέμποντας
895 4845 998 4898 ούκ
1032 4834 1304 4899 ὀξθάνατον
1330 4845 1485 4909 ,κατὰ
1511 4846 1618 4899 τῶν
1658 4846 1841 4916 ἁμαρ-

258 4937 536 4990 τανόντων
565 4939 644 4991 ’τὸ
676 4940 777 5010 τῆς
827 4940 1058 5010 γνώμης
1098 4941 1384 5011 διατηρεῖν
1413 4940 1794 5011 ὀργιζόμενον
1823 4955 1837 4969 ·

253 5029 375 5083 ἀλλ’
415 5030 907 5100 ἀναλογιζομένους
958 5031 1019 5085 τὺ
1069 5033 1168 5104 τῆς
1217 5032 1570 5104 ἀνθρωπίνης
1623 5032 1841 5101 φύσεως

253 5122 453 5192 θνητὸν
480 5122 679 5194 θνητὴν
711 5125 988 5179 ποιεῖσθαι
1017 5124 1117 5179 καὶ
1162 5124 1263 5195 τήν
1291 5125 1434 5195 πρὸς
1488 5125 1686 5187 αὐτοὺς
1716 5129 1840 5178 ἐπι-

1942 4759 2195 4810 humanae
2226 4754 2514 4810 mortalem
2548 4750 2928 4807 conditionem
2976 4751 3284 4815 intuentes,
3340 4763 3532 4818 pcenas

1939 4851 2008 4903 ab
2059 4847 2377 4902 hominibus
2422 4854 2681 4916 expetere
2730 4843 2876 4899 haud
2912 4843 3276 4899 immortales.
3306 4841 3529 4912 Alioqui

1941 4943 1994 4996 in
2038 4940 2376 4996 submissum
2407 4938 2850 4994 animadvertere
2889 4937 2986 5008 qui
3021 4936 3177 4999 velit.
3226 4950 3338 4990 non
3371 4935 3525 4990 illum

1938 5028 2141 5085 alliciat
2185 5028 2413 5098 injuria,
2451 5026 2545 5082 sed
2591 5035 2765 5081 semet
2797 5026 3001 5095 ipsum,
3038 5023 3299 5078 humanae
3330 5020 3531 5076 videli-

1937 5129 2026 5176 cet
2063 5119 2336 5191 t'ragilitati
2378 5119 2555 5190 palam
2582 5117 2874 5174 insultans.
2921 5115 3002 5171 Ac
3045 5114 3348 5184 repentinae
3383 5113 3532 5166 exsi-

251 5214 504 5286 τίμησιν.
540 5214 748 5277 Ἀλλως
784 5232 844 5269 τε
871 5215 967 5269 καὶ
992 5215 1021 5269 ὁ
1059 5215 1152 5268 τὸν
1203 5214 1579 5268 ὑποπίπτοντα
1597 5213 1838 5277 κολάζειν

1943 5219 2097 5266 stunt
2126 5226 2313 5267 rerum
2363 5207 2795 5271 vicissitudines,
2847 5220 2970 5286 qua:
3002 5202 3171 5276 588
3208 5201 3527 5259 felicitatem

253 5305 466 5358 ἐθέλων
487 5306 589 5359 οὐκ
617 5307 848 5371 ἐκεῖνον,
883 5306 1000 5361 ἀλλ’
1047 5306 1241 5361 ἐαυτὸν
1268 5306 1468 5372 ἀδικεῖ,
1495 5306 1597 5377 τῆς
1622 5307 1719 5361 ἀνθ
1731 5323 1841 5374 ρω-

1941 5306 2010 5360 ab
2059 5305 2184 5359 aliis
2204 5303 2269 5359 ad
2299 5303 2438 5358 alios
2471 5301 2730 5356 facillime
2764 5282 3128 5361 transferunt,
3167 5293 3526 5360 timendaque

253 5397 422 5466 πίνης
452 5397 769 5467 περιφανῶς
794 5398 1081 5462 ἀσθενείας
1106 5401 1600 5469 κατεπαιρόμενος.
1641 5399 1838 5464 Ὀξεῖαι

1939 5397 2199 5451 omnibus
2230 5402 2317 5451 est
2356 5409 2499 5449 eznca
2528 5394 2794 5461 temporis
2841 5388 3178 5476 volubilitas.
3222 5384 3336 5453 Ego
3374 5390 3527 5435 certe

250 5487 298 5541 δ’
332 5491 474 5542 εἰσὶν
508 5491 602 5542 καὶ
626 5492 685 5544 αί
722 5496 821 5560 τῆς
866 5489 1042 5562 τύχης
1077 5491 1402 5562 μεταϐολαὶ,
1438 5491 1532 5544 καὶ
1580 5490 1754 5561 ῥᾷστα
1783 5490 1838 5542 τὸ

1939 5490 2014 5543 ita
2044 5504 2261 5558 semper
2302 5486 2437 5542 mihi
2490 5485 2594 5556 ipsi
2641 5470 2868 5548 consto,
2899 5495 2961 5537 ut
2989 5479 3226 5537 similem
3259 5491 3345 5531 me
3372 5490 3529 5528 raum

251 5580 520 5651 εζδιιμον
564 5580 625 5647 ἐξ
656 5582 834 5637 ἄλλων
880 5584 961 5647 είς
992 5585 1187 5649 ἄλλους
1235 5583 1554 5656 ἀμείϐουσι·
1587 5587 1681 5634 καὶ
1730 5583 1834 5652 χρὴ

1944 5595 2222 5646 censeam,
2270 5578 2364 5650 qui
2418 5577 2565 5633 lelici
2615 5577 2802 5632 indole
2860 5573 3100 5644 assurgit
3153 5579 3211 5626 et
3260 5578 3529 5639 procerus

1627 5722 1897 5783 Varioru
1912 5738 1965 5781 m
1995 5726 2188 5781 nota).

331 5867 447 5945 (73)
482 5868 653 5945 Y_crti.
702 5877 751 5924 et
797 5870 842 5925 si
878 5870 967 5940 qui
1016 5887 1081 5924 ea:
1128 5867 1365 5921 ducibus.
1396 5868 1577 5923 Malim
1610 5883 1671 5921 ms
1712 5865 2034 5945 proceribus,
2063 5866 2145 5922 vel
2178 5882 2240 5920 ea:
2272 5864 2687 5938 magistratibus.
2722 5863 2932 5919 Btm'tn.

333 5941 446 6008 (79,
489 5937 713 6001 llumcr.
747 5937 900 5997 Iliad.
939 5942 1129 6008 1,.20-3.
1164 5942 1373 5995 Butvm.
