4070 6434
565 284 678 347 s03
858 277 935 333 ιλ.
974 292 1024 331 ιι.
1070 271 1212 330 68w
1255 285 1360 327 mn.
1401 264 1458 339 οἰ

1781 273 2200 333 ΝΞΕΕΡΠΟΠΙ
2245 269 2628 331 (ῚῘὶΕΠΟιὶιἘ

2990 258 3102 331 [me
3170 277 3211 314 ι.
3251 274 3462 316 rursm.
3488 259 3589 328 3L]

3717 265 3804 328 iiii

568 414 622 452 ιιι
671 396 1016 466 provincias;
1063 409 1152 452 ne.
1198 404 1256 445 ut
1291 392 1511 460 opinor,
1545 399 1728 442 vetera
1765 390 1928 442 simul
1977 398 2033 441 et
2063 405 2143 441 re-
2180 436 2186 447 ,

2288 407 2343 440 αι
2385 387 2674 454 Ῥωμαίων
2711 385 2928 438 ἃπασαν
2959 383 3116 436 πόλιν
3161 385 3251 434 καὶ
3303 384 3509 452 χώραν,
3564 386 3649 434 καὶ
3697 390 3811 433 aut:

571 487 754 540 centia
784 486 964 555 gentis
994 484 1193 538 delicta
1236 482 1508 551 impunita
1538 492 1748 535 essent.
1799 481 1990 548 quue
2021 495 2150 549 per-

571 580 802 633 missum
822 589 906 632 est
925 575 1052 630 talia
1070 590 1166 644 per
1179 573 1359 628 scelus
1370 573 1640 640 obrepere
1660 572 1926 626 malorum
1949 573 2154 626 instru-

572 677 756 724 menta
793 677 847 723 et
895 656 1114 731 causas,
1161 665 1315 718 nullo
1345 663 1455 716 alio
1485 662 1612 733 jure
1639 679 1805 732 quam
1851 661 2156 716 ambitione

572 772 631 817 et
656 776 792 814 vana
828 759 1022 828 gloria.
1059 755 1167 812 Sed
1217 770 1318 825 age
1363 753 1494 808 illuc
1529 751 1845 816 redeamus,
1881 752 2027 806 unde
2056 767 2157 805 no-

575 861 690 908 stra
724 848 946 906 deﬂexit
974 847 1174 903 oratio.

649 1163 739 1218 Ill.
780 1163 942 1228 Cum,
973 1169 1036 1216 ut
1065 1159 1198 1227 dixi,
1222 1159 1641 1216 Cantacuzenus
1667 1156 2018 1227 intelligeret.
2051 1171 2163 1212 non

581 1259 840 1314 desinere
889 1257 1246 1326 Apoeaueum
1289 1252 1445 1305 dolos
1474 1259 1528 1305 et
1558 1251 1790 1305 insidias
1822 1259 2039 1324 struere
2065 1249 2164 1304 ad-

584 1364 780 1403 versus
810 1361 890 1411 se,
928 1353 986 1401 et
1017 1341 1450 1398 funestissimam
1499 1341 1940 1412 coniurationem
1973 1341 2030 1395 in
2075 1355 2167 1396 ca-

584 1447 684 1509 put
729 1451 886 1493 suum
917 1435 1208 1506 postpaulo
1239 1441 1562 1501 erupturam
1597 1431 1950 1503 praevideret,
1993 1434 2170 1503 impe-

585 1529 840 1583 ratrieem
866 1535 922 1581 et
949 1525 1316 1596 patriarcham
1350 1525 1608 1594 privatim
1637 1526 1924 1593 convenit,
1948 1535 2005 1580 et
2027 1526 2172 1580 hanc

584 1621 733 1690 ajiud
768 1636 864 1674 eos
894 1619 1204 1672 orationem
1241 1618 1434 1672 habuit
1463 1636 1477 1674 :

659 1711 747 1767 IV.
787 1730 806 1762 ι
851 1711 1215 1766 Profanorum
1241 1708 1702 1779 philosophorum
1731 1711 2173 1780 prastautissimi

2255 481 2355 548 τῆς
2387 479 2481 531 τοῦ
2509 475 2649 529 Θεοῦ
2679 476 3003 544 Ἐκκλησίας
3033 475 3367 544 συγχυθῆναι
3422 475 3488 527 τὰ
3527 476 3811 543 πράγματα.

2256 569 2326 621 δι’
2352 567 2559 621 ἔκτισιν
2592 560 2752 643 οἶμαι
2781 567 3157 635 παλαιοτέρων
3188 566 3302 633 ἅμα
3332 565 3421 618 καὶ
3450 566 3712 633 νεωτέρων
3733 563 3815 618 τιῦ

2258 662 2454 728 γένους
2498 657 2937 728 ἁμαρτημάτων.
2999 659 3109 710 Καὶ
3163 657 3252 710 διὰ
3277 654 3436 709 τοῦτο
3497 654 3814 724 συνεχωρήθη

2260 751 2490 806 τοιαῦτα
2533 749 3024 820 παρεισφθαρῆναι
3051 751 3246 812 κακίας
3277 749 3486 818 ὄργανα
3509 750 3599 801 καὶ
3625 749 3815 818 προφάο

2233 860 2400 910 »σεις,
2457 842 2599 914 πλὴν
2659 843 2952 915 φιλαρχίας
2999 843 3098 896 καὶ
3157 841 3317 911 δόξης
3391 841 3621 909 ματαίας
3689 835 3821 891 οὐὶἐν

2265 937 2498 1009 ἐχούσας
2528 939 2590 991 τὺ
2615 936 2860 1005 εὔλογον.
2897 936 3043 992 Ἀλλ’
3072 937 3130 999 ἐς
3156 935 3219 988 τὸ
3255 933 3522 1004 πρότερον
3585 931 3720 1000 ἴχνος
3743 929 3821 983 τοῦ

2262 1033 2426 1101 λόγου
2457 1033 2590 1102 φέρε
2617 1029 3056 1102 ἀνακάμψωμεν.

2357 1123 2432 1180 Γ.
2454 1123 2711 1194 Συνορῶν
2737 1124 2868 1194 γὰρ,
2899 1123 2977 1187 ὡς
3027 1123 3261 1194 ἔφημεν,
3306 1123 3335 1175 ὸ
3387 1117 3826 1188 Καντακουζηνδς,

2267 1219 2354 1274 ὃτι
2378 1216 2732 1281 συσκευάζων
2759 1216 2917 1280 αὖθις
2945 1215 3291 1278 Ἀπόκαυκος
3322 1214 3383 1267 ού
3417 1212 3644 1266 παύεται
3669 1211 3829 1272 δόλους

2272 1313 2369 1367 καὶ
2399 1311 2591 1382 ἔνεδςα
2620 1310 2742 1364 κατ’
2771 1309 2958 1375 αὐτοῦ,
2985 1311 3078 1361 καὶ
3103 1309 3204 1362 οὐκ
3224 1308 3304 1370 είς
3337 1301 3555 1377 μακρὰν
3575 1303 3831 1375 ὴρεμήσας

2274 1404 2573 1476 ἐπιϐουλὴν
2591 1405 2924 1476 ἐκραγεῖσαν
2959 1403 3151 1473 ὄψεται
3182 1401 3346 1470 φόνου
3375 1397 3578 1468 μεστὴν
3605 1393 3735 1450 κατά
3750 1393 3831 1461 τῆς

2275 1493 2478 1550 ἑαυτοῦ
2529 1494 2797 1564 κεφαλῆς,
2847 1495 2954 1566 ἰδίᾳ.
2983 1491 3322 1560 παραλαϐὼν
3363 1492 3481 1562 ἅμα
3509 1485 3726 1561 βασιλίδι
3755 1485 3832 1539 τὸν

2273 1592 2628 1663 πατριάρχην
2682 1592 2862 1644 τοιάδε
2918 1590 3098 1662 φησί·

2348 1686 2424 1742 Δ’.
2466 1705 2484 1737 ι
2522 1687 2644 1739 Τῶν
2673 1684 2780 1753 ἔξω
2829 1684 3009 1753 σοφῶν
3038 1671 3161 1754 (82)⁹
3183 1683 3233 1736 οἴ
3268 1681 3619 1752 χαριέστεροι
3668 1679 3835 1760 cavav-

659 1760 676 1765 _
701 1760 712 1767 .
734 1760 746 1764 -
795 1760 805 1762 ο
851 1760 873 1766 -
898 1760 910 1764 -
932 1760 1050 1764 ην--
1069 1760 1077 1762 ο
1097 1760 1108 1762 ο
1131 1760 1214 1763 ρ--
1241 1760 1421 1779 rm---
1619 1760 1701 1763 ____
1731 1760 2173 1780 ,-"--_-_-_--.--,_

590 1805 753 1876 592
790 1802 1068 1858 contraria
1095 1802 1288 1856 eodem
1343 1810 1594 1871 tempore
1623 1801 1805 1857 eidem
1840 1803 1921 1858 rei
1973 1814 2178 1874 negant

2288 1778 2370 1832 τία
2414 1778 2556 1833 κατά
2582 1776 2673 1831 τὸν
2731 1778 2896 1832 αὑτὸν
2951 1760 3145 1846 χρόνον
3191 1777 3250 1830 ἐν
3278 1775 3360 1846 τῷ
3425 1773 3574 1843 αὐτῷ
3613 1771 3833 1840 γενέσθαι

594 1899 772 1950 inesse
805 1910 985 1964 posse.
1018 1893 1174 1960 Quod
1207 1909 1331 1948 cum
1365 1894 1440 1948 ita
1474 1893 1568 1960 sit,
1595 1909 1703 1949 non
1734 1895 1898 1950 video
1924 1911 2175 1966 quamam

589 2007 621 2043 a
655 2004 740 2042 me
771 1990 945 2059 possit
975 1987 1229 2040 machina
1275 1986 1553 2050 adhiberi,
1601 2003 1710 2058 qua
1746 1988 1964 2043 duabus
2013 1989 2180 2043 rebus

590 2084 770 2152 iisque
804 2082 1037 2135 maxime
1067 2080 1365 2136 contrariis
1391 2080 1568 2134 divisa
1601 2081 1921 2136 cautissime
1966 2082 2178 2152 possim

2282 1873 2629 1943 ὑποκειμένῳ
2661 1872 2768 1926 τῶν
2795 1871 3097 1942 ἀμηχάνων
3121 1866 3264 1925 εἶναί
3294 1885 3456 1938 φασι.
3485 1867 3680 1922 Τούτου
3709 1863 3836 1921 δέοῦ-

2269 1985 2388 2030 ¹τως
2418 1965 2658 2035 ἔχοντος,
2693 1965 2794 2035 οὐχ
2830 1965 2941 2035 ὁρῶ
2981 1965 3066 2027 τίς
3095 1963 3162 2018 ἂν
3191 1964 3318 2033 ἐμοὶ
3343 1962 3553 2031 γένοιτο
3578 1959 3837 2032 μηχανὴ,ἠ

2287 2056 2623 2126 μεριζομένη
2650 2057 2786 2126 πρὸς
2819 2055 2913 2110 δύο
2947 2053 3364 2109 τάναντιώτατα
3391 2052 3677 2123 παρέχοιτο
3729 2050 3838 2120 δρᾷν

2284 2149 2542 2216 ἀσφαλῶς
2578 2147 2614 2203 ἀ
2653 2149 3138 2220 προκεχειρισμαι.
3170 2149 3244 2202 Τδ
3275 2149 3382 2217 μὲν
3409 2151 3519 2220 γὰρ
3542 2150 3646 2202 τῶν
3672 2145 3837 2199 κοινῶν

2287 2242 2993 2314 προνοεῖσθαι-πραγμάτων
3025 2243 3282 2297 ἁπάντων
3311 2242 3415 2296 ἕνα
3444 2259 3512 2313 με
3539 2241 3664 2296 ὄντα
3682 2239 3836 2298 αὐτὸν.

2288 2335 2384 2385 καὶ
2425 2335 2640 2386 πάντων
2666 2334 3048 2405 ἐπιμελεῖσθαι
3071 2335 3182 2388 τῶν
3231 2333 3578 2389 ὑπεικόντων
3604 2337 3666 2404 τῇ
3713 2333 3839 2403 βασι-

587 2173 819 2243 exsequi
846 2188 916 2228 ea
950 2189 1072 2243 quae
1102 2172 1354 2228 decrevi.
1401 2173 1537 2228 Nam
1577 2181 1635 2228 et
1672 2173 1770 2227 toti
1818 2175 2054 2244 publica:
2100 2176 2180 2230 rei

588 2281 764 2321 unum
822 2281 911 2320 me
963 2265 1300 2335 prospicere,
1351 2272 1410 2320 et
1460 2265 1529 2318 de
1581 2265 1862 2331 omnibus,
1909 2267 2002 2336 qui
2055 2269 2185 2323 huic

594 2360 831 2432 imperio
861 2359 1098 2430 subjecti
1137 2368 1286 2423 sunt,
1323 2359 1617 2414 sollicitum
1649 2375 1794 2426 esse,
1815 2376 1882 2416 ne
1910 2361 2056 2430 quid
2088 2363 2184 2416 de-

596 2453 846 2508 trimenti
883 2462 1093 2508 temere
1135 2453 1204 2507 ab
1235 2453 1488 2508 hostibus
1524 2453 1818 2523 accipiant,
1861 2454 1918 2510 id
1961 2458 2182 2526 quidem

593 2564 790 2602 omnes
820 2547 988 2601 trahit
1025 2545 1091 2599 ad
1145 2560 1204 2600 se
1238 2545 1408 2606 animi
1449 2561 1671 2608 nervos,
1721 2561 1914 2601 omnes
1947 2548 2128 2602 Vindic
2169 2557 2188 2601 ι

595 2642 958 2709 cogitationes
998 2629 1061 2693 et
1083 2655 1268 2693 curas.
1317 2642 1386 2692 At
1419 2655 1516 2693 eos
1550 2639 1699 2709 ipsos
1727 2641 1850 2694 vitae
1884 2657 2018 2695 meae
2054 2642 2189 2695 insi-

598 2733 758 2795 diari,
793 2732 996 2801 quibus
1042 2730 1294 2794 consulo,
1351 2729 1405 2784 id
1449 2745 1583 2785 vero
1633 2731 2022 2799 gravissimum
2059 2747 2187 2786 emn

599 2825 694 2888 sit,
745 2824 892 2894 cogit
927 2838 1012 2877 me
1043 2822 1192 2876 omni
1231 2823 1336 2876 alia
1369 2837 1504 2876 cura
1577 2823 1786 2893 abjeeta
1847 2824 1942 2878 uni
2000 2825 2188 2894 provi-

600 2917 733 2971 dere
781 2915 945 2970 saluti
985 2929 1141 2979 mem,
1192 2922 1250 2968 et
1305 2927 1532 2982 quoquo
1590 2913 1756 2968 modo
1804 2929 2000 2983 parare
2054 2915 2189 2969 mihi

602 3008 980 3062 securitatem.
1032 3005 1161 3077 Ejus
1197 3015 1379 3060 autem
1425 3005 1502 3058 rei
1526 3005 1970 3061 emendationem
2004 3007 2194 3061 ambo-

2287 2424 2408 2495 λείᾳ
2431 2425 2739 2494 ἀνθρώπων
2783 2427 2857 2497 μὴ
2890 2427 3092 2498 ῥαδίως
3127 2429 3233 2484 ὑπὸ
3261 2428 3378 2482 τῶν
3433 2428 3696 2499 πολεμίων
3739 2426 3840 2496 βλά-

2290 2519 2546 2584 πτεσθαι,
2573 2521 2756 2572 πᾶσαν
2776 2520 2928 2574 ἕλκει
2954 2526 3090 2593 πρὸς
3115 2524 3274 2578 ἑαυτὸ
3291 2525 3560 2587 διάνοιαν,
3579 2525 3669 2578 καὶ
3691 2522 3839 2576 πᾶσαν

2291 2610 2567 2681 λογισμῶν
2591 2611 2894 2666 ύποτάττει
2932 2615 3211 2683 φροντίδαο
3259 2617 3320 2669 τὸ
3353 2617 3397 2670 δ’
3417 2617 3598 2679 αὐτοῖς
3625 2613 3838 2672 ἐκείνοις.

2292 2703 2368 2760 ὧν
2409 2707 2808 2777 προνενόημαι,
2865 2707 3174 2771 ἐπιόούλοις
3229 2709 3541 2779 κεχρῆσθαι
3585 2706 3716 2760 κατά
3764 2705 3841 2772 τῆς

2294 2802 2536 2873 ἐμαυτοῦ
2567 2802 2738 2872 ζωῆς,
2793 2803 2952 2856 τοῦτο
2983 2802 3040 2855 δὲ
3089 2801 3454 2872 παγχάλεπον
3485 2801 3544 2854 ὃν
3587 2798 3842 2868 ἀναγκάζει

2298 2896 2517 2948 πάντων
2548 2895 2867 2950 ἀποστάντα
2910 2913 2979 2965 με
3010 2896 3118 2950 τῶν
3143 2894 3319 2951 ἄλλων
3355 2896 3646 2966 φροντίδων
3703 2893 3841 2962 μόνης

2295 2988 2392 3056 τῆς
2446 2988 2687 3058 ἐμαυτοῦ
2738 2987 2885 3057 ζωῆς
2939 2988 3308 3057 προνοεῖσθαι,
3383 2992 3480 3059 κα).
3534 2989 3630 3058 τὴν
3670 2984 3842 3038 οἰκείαν

604 3102 712 3156 bus
753 3099 910 3153 vobis
964 3098 1288 3152 incumbere
1333 3098 1650 3167 oportebat,
1699 3099 1746 3152 si
1798 3114 1922 3168 quae
1970 3097 2186 3168 aequum

2297 3080 2596 3188 dccpdlsifv
2622 3081 2889 3144 ἐκπαντὸς
2918 3081 3418 3152 πραγματεύεσθαι
3433 3084 3652 3151 τρόπον.
3678 3079 3843 3131 Τούτου

600 3203 726 3246 erat
754 3205 818 3246 ea
853 3191 1037 3245 facere
1071 3189 1418 3254 voluissetis;
1461 3191 1643 3256 vobis,
1682 3190 1932 3258 inquam,
1964 3190 2030 3244 ad
2056 3206 2194 3258 quos

602 3300 672 3340 ea
714 3283 898 3339 omnis
935 3297 1067 3338 cura
1120 3291 1352 3353 spectat.
1387 3296 1623 3352 quorum
1654 3295 1819 3335 omne
1859 3280 2104 3336 studium
2140 3283 2195 3336 in

609 3392 676 3428 eo
699 3376 826 3446 poni
846 3375 1025 3436 debet,
1057 3383 1113 3428 ut
1132 3374 1432 3429 advertatis
1451 3388 1516 3428 ac
1534 3373 1843 3442 praecidatis
1864 3373 2122 3442 quidquid
2144 3375 2195 3426 in

616 3469 918 3538 imperium
965 3467 1129 3522 simul
1160 3475 1219 3522 et
1247 3465 1548 3520 Ecelesiam
1581 3464 1918 3518 succreverit
1943 3465 2204 3534 germinis

610 3561 762 3626 mali,
796 3575 904 3630 quo
935 3561 988 3614 in
1025 3561 1144 3614 dies
1170 3565 1500 3629 augescente
1526 3557 1808 3626 corrumpi
1841 3557 2014 3626 possit
2037 3565 2200 3626 atque

610 3653 839 3708 oumino
865 3653 1038 3707 deleri
1079 3651 1371 3719 utriusque
1400 3649 1694 3718 petestatis
1743 3649 1934 3703 robur.
1983 3651 2052 3703 At
2083 3665 2200 3715 vos,

609 3763 736 3804 cum
794 3745 1070 3817 improbis
1131 3741 1452 3797 hominibus
1504 3741 1643 3796 clam
1695 3751 1752 3797 et
1807 3741 2004 3797 crebro
2035 3741 2202 3796 collo-

610 3848 866 3910 quentes,
927 3850 1239 3904 eorumque
1285 3834 1495 3889 insanis
1549 3833 1758 3888 inducti
1820 3832 2200 3896 suasionibus,

610 3935 680 3988 iis
708 3933 851 3987 ultro
887 3927 1293 3991 assimilamini,
1333 3926 1426 3996 qui
1464 3925 1688 3981 sinistra
1739 3942 1903 3981 manu
1949 3926 2195 3980 dextram

611 4034 904 4094 amputare
924 4018 1204 4076 studeant.
1235 4018 1352 4073 Jam
1389 4033 1540 4081 vero,
1572 4018 1618 4074 si
1645 4019 1882 4072 animam
1937 4018 2072 4072 mihi
2107 4018 2201 4073 uni

2300 3173 2356 3226 δὲ
2388 3174 2490 3245 τὴν
2517 3163 2807 3245 διόρθωσιν
2832 3175 3039 3244 ἀμφοῖν
3070 3174 3198 3244 ὑμῖν
3224 3176 3575 3246 ἀνηρτῆσθαι
3615 3172 3784 3244 ἐχρῆν,
3807 3169 3844 3222 εί

2297 3265 2367 3317 τὰ
2389 3264 2574 3318 δίκαια
2611 3263 2874 3335 πράττειν
2898 3264 3212 3330 ἐϐούλεσθε,
3243 3258 3325 3327 οἷς
3349 3267 3514 3337 χρέος
3563 3265 3701 3318 ἅπαν
3741 3263 3846 3329 ἀνῆ-

2299 3373 2434 3411 πται
2457 3357 2593 3410 πᾶσι
2622 3356 2846 3428 τρόποις
2893 3355 3213 3426 ἐπείγεσθαι
3257 3357 3591 3429 ἀποτρέπειν
3619 3357 3702 3410 καί
3735 3356 3848 3407 ἀπο-

2303 3451 2550 3516 κόπτειν,
2584 3451 2692 3502 εἴτι
2722 3467 2827 3502 που
2851 3450 2990 3503 κατά
3034 3466 3093 3500 τε
3124 3449 3232 3502 τῶν
3280 3448 3388 3521 τῆς
3426 3449 3711 3521 βασιλείας,
3736 3442 3845 3510 ὁμοῦ

2301 3544 2531 3613 καὶτῆς
2587 3543 2921 3613 Ἑκκλησίας
2979 3541 3278 3610 ύποφύοιτο
3337 3541 3540 3606 κακίας
3572 3541 3845 3612 βλάστημα,

2302 3635 2330 3688 ὃ
2367 3635 2693 3704 λυμανεῖται
2729 3635 3030 3704 προϐαῖνον
3057 3636 3138 3698 είς
3166 3633 3400 3706 αὔξησιν
3453 3638 3548 3690 καὶ
3592 3637 3726 3690 ἆπαν
3767 3632 3847 3699 ἄρα

2305 3726 2403 3796 δην
2432 3727 2657 3795 ἀφανιεῖ
2683 3725 2745 3777 τὸ
2775 3725 2977 3794 κράτος
3008 3725 3237 3797 ἀμφοῖν.
3278 3711 3472 3796 Ὑμεῖς
3503 3725 3558 3778 δὲ
3590 3721 3848 3794 μοχθηροῖς

2303 3816 2530 3887 ἀνδράσι
2567 3814 2743 3886 λάθρα
2776 3814 2871 3868 καὶ
2901 3814 3073 3884 συχνὰ
3115 3812 3607 3885 κοινολογούμενοι,
3648 3811 3732 3864 καὶ
3759 3807 3850 3860 τοῖς

2303 3908 2485 3963 αὐτῶν
2541 3906 2880 3978 παραλόγοις
2929 3905 3190 3976 ἑπόμενοι
3262 3905 3469 3972 λόγοις,
3535 3907 3600 3975 τῇ
3618 3896 3849 3974 ἀριστερᾷ

2307 4001 2451 4072 χειρὶ
2474 4000 2573 4070 τὴν
2611 3999 2795 4066 δεξιὰν
2852 3985 3191 4052 ἀποκόπτειν
3231 3998 3612 4069 ἐπειγομένοις
3655 3993 3849 4074 ’ἑκόντες

613 4075 680 4080 _-,
710 4075 732 4094 τ
852 4075 855 4076 ν
888 4075 891 4076 ν
936 4075 942 4076 ,
1527 4075 1536 4081 ,

611 4117 830 4186 eripere
860 4114 1065 4168 vellent
1103 4111 1452 4166 insidiatores
1487 4111 1620 4178 mei,
1665 4103 1771 4166 nec
1821 4126 2018 4166 eorum
2054 4111 2186 4166 inso

2309 4095 2555 4147 ἐοίκατε.
2592 4091 2828 4144 Ἔπειτα
2876 4093 2923 4143 εἰ
2967 4090 3066 4160 μὲν
3123 4089 3259 4159 ἐμοῦ
3318 4089 3419 4160 τὴν
3449 4075 3848 4160 ψυχὴν’ἐξάγειν

609 4213 948 4267 lentissimus
985 4207 1199 4278 gladius
1243 4223 1341 4276 per
1385 4207 1591 4262 amicos
1620 4222 1834 4269 omnes,
1855 4223 1955 4276 per
1983 4221 2202 4261 omnem

607 4303 838 4371 stirpem
868 4309 1016 4354 esset
1049 4311 1408 4368 pervasurus,
1454 4297 1733 4368 quiessem
1788 4310 1890 4364 ego
1947 4296 2203 4362 fortasse,

2307 4182 2404 4238 τοῦ
2451 4183 2705 4253 σώματος
2740 4183 2854 4244 τοῖς
2901 4180 3208 4245 ἐπιϐούλοις
3274 4175 3342 4251 ἦν
3397 4181 3530 4250 πρὸς
3581 4177 3852 4249 βουλήσεως

2315 4277 2502 4348 μόνου,
2524 4277 2620 4330 καὶ
2645 4274 2721 4346 μὴ
2742 4273 2882 4328 κατὰ
2911 4273 3112 4336 παντὸς
3134 4274 3355 4343 ἐχώρει,
3381 4274 3492 4328 τῶν
3511 4290 3568 4326 τε
3597 4271 3750 4339 φίλων
3777 4261 3853 4317 καὶ

608 4396 842 4448 fortasse
877 4389 1046 4445 etiam
1090 4405 1200 4444 non
1246 4390 1545 4458 quiessem.
1573 4385 1732 4456 593
1767 4385 1899 4440 Mihi
1927 4387 2073 4440 enim
2105 4404 2186 4442 ιιοι

2314 4371 2424 4424 τῶν
2451 4369 2711 4436 ἐκγόνων,
2739 4367 2799 4421 τὸ
2816 4368 2914 4436 τῆς
2940 4367 3091 4437 σφῶν
3121 4366 3397 4430 ἀναιδείας
3429 4366 3600 4436 ξίφος,
3623 4364 3742 4426 ἴσως
3775 4358 3854 4427 μὲν

608 4487 754 4540 istuc
782 4483 1002 4537 videtur
1047 4479 1274 4534 omnino
1333 4477 1690 4547 permissum,
1727 4485 1788 4528 ut
1814 4474 2057 4528 animam
2097 4492 2186 4529 no-

2305 4467 2507 4534 ἐσίγων
2531 4463 2598 4516 ἂν
2620 4461 2748 4526 ἴσως
2768 4461 2813 4514 δ’
2833 4461 2918 4514 ού.
2947 4461 3019 4513 Ού
3043 4458 3152 4528 γὰρ
3171 4458 3315 4512 πάνυ
3347 4476 3440 4528 μοι
3461 4457 3701 4527 φαίνεται
3727 4456 3856 4556 θεμι-

608 4589 800 4643 εινςιην,
855 4574 1014 4644 cujus
1049 4582 1137 4626 est
1184 4568 1444 4623 dominus
1493 4567 1654 4630 alter,
1709 4565 2028 4636 depositarii
2061 4583 2186 4622 vero

2296 4564 2389 4616 τδν
2407 4560 2529 4614 οὐδὲ
2553 4560 2733 4622 τοῦτο,
2761 4556 3068 4628 προδιδόναι
3091 4555 3188 4625 τὴν
3213 4551 3407 4607 ἑαυτοῦ
3448 4569 3532 4614 τις
3561 4548 3695 4603 ἑκών
3710 4561 3765 4614 γε
3795 4548 3856 4644 ei:

607 4683 710 4724 nos
757 4680 970 4724 sumus,
1006 4662 1303 4730 prodamus
1339 4660 1488 4713 ultro
1539 4665 1596 4711 et
1647 4661 1992 4721 deseramus.
2043 4672 2186 4716 ante-

2302 4673 2392 4710 ναι
2415 4650 2791 4726 ψυχὴν,ᾶλ).ου
2825 4649 3014 4719 κτῆμα
3044 4647 3139 4700 καὶ
3169 4645 3633 4717 παρακαταθήκην
3651 4639 3728 4730 [Ρι
3752 4628 3854 4730 i368]

607 4773 774 4831 quam
801 4726 1124 4812 liberaverit
1160 4753 1229 4816 is,
1263 4749 1358 4819 qui
1402 4749 1664 4805 dominus
1691 4760 1800 4805 est.
1843 4750 1941 4807 Sin
1978 4753 2083 4807 hoc
2135 4755 2186 4808 iis

2301 4744 2469 4802 οὖσαν
2509 4746 2643 4814 πρὶν
2692 4741 2830 4812 πρὸς
2869 4739 2963 4795 τοῦ
3007 4739 3271 4792 δεσπότου
3299 4735 3556 4800 γενέσθαι
3597 4733 3690 4802 τὴν
3711 4726 3854 4781 λύσιν.

607 4861 717 4916 eet,
753 4848 984 4918 prodeat
1017 4843 1218 4912 aliquis
1241 4842 1554 4910 doceatque
1580 4856 1688 4902 me,
1718 4857 1819 4895 cur
1869 4841 1998 4896 olim
2042 4843 2194 4911 judi-

606 4957 701 4997 ccs
737 4933 1133 5006 sapientissimi
1172 4932 1450 4988 voluerint
1479 4947 1578 4988 eos
1615 4934 1808 5005 projici
1865 4934 2195 5004 insepultos,

607 5033 700 5104 qui
733 5045 886 5086 suam
916 5029 970 5081 in
1002 5043 1060 5081 se
1087 5027 1240 5095 ipsos
1264 5025 1510 5080 dextram
1534 5019 1929 5079 'armavissent.
1957 5025 2196 5081 Perinde

609 5126 758 5178 enim
809 5118 947 5174 illud
993 5117 1213 5171 videtur
1257 5131 1381 5170 esse
1422 5117 1854 5186 quodammodo,
1887 5132 1952 5170 ae
1985 5117 2032 5172 si
2069 5119 2197 5185 quis

610 5214 904 5285 peregrino
935 5211 1054 5264 solo
1093 5225 1353 5280 egressus
1400 5211 1644 5263 alienum
1680 5208 2022 5278 mancipium
2069 5212 2196 5262 vin-

609 5307 751 5361 culis
794 5303 1072 5369 eduxerit,
1103 5315 1158 5358 et
1191 5303 1478 5373 fugitivum
1532 5301 1688 5356 abire
1734 5301 1983 5372 jusserit.
2039 5301 2196 5366 Quod

610 5399 656 5451 si
680 5398 748 5452 ad
785 5393 979 5451 otuties
1008 5398 1212 5466 pariter
1243 5397 1524 5465 pertinent
1559 5405 1615 5448 et
1643 5393 1856 5449 insidiae
1884 5393 2190 5448 scelerato-

614 5505 737 5544 rum
790 5489 1100 5554 hominum,
1131 5499 1186 5544 et
1222 5488 1524 5558 periculum
1569 5503 1775 5552 meum,
1811 5486 2040 5541 insania:
2081 5488 2192 5541 eri-

2303 4840 2368 4894 Εί
2393 4839 2438 4894 δ’
2468 4838 2584 4901 οὖν,
2616 4836 2888 4907 φρασάτω
2917 4850 3001 4896 τις
3038 4832 3162 4901 ἐμοὶ
3206 4828 3518 4900 παρελθὼν,
3572 4827 3691 4878 ὃτου
3720 4821 3852 4890 χάριν

2306 4933 2550 5001 ἀτάφους
2579 4930 2690 4985 τῶν
2719 4916 2891 4982 πάλαι
2925 4926 3204 4980 δικαστῶν
3233 4925 3283 4976 oi.
3323 4923 3623 4992 σοφώτεροι
3671 4907 3852 5001 ῥιπτεῖν

2301 4999 2437 5078 σθαι.
2481 5021 2976 5092 κατεψηφίσαντο,
3037 5011 3111 5072 ὧν
3169 5020 3228 5073 αἱ
3279 5018 3463 5088 χεῖρες
3522 5012 3643 5067 καθ’
3677 4999 3852 5096 saqu

2297 5113 2752 5188 ἐστρατεύσαντο.
2784 5111 3013 5182 Ὅμοιον
3040 5110 3149 5179 γὰρ
3164 5105 3304 5162 εἶναί
3327 5124 3444 5170 πως
3470 5100 3692 5158 δοκεῖτὸ
3715 5107 3857 5188 τοιου-

2295 5182 2410 5272 τονξ
2444 5207 2632 5274 ὥσπερ
2665 5206 2732 5260 ἂν
2771 5205 2934 5265 εἴτις
2981 5201 3040 5267 ἐξ
3094 5199 3400 5269 ἀλλοδαπῆς
3459 5198 3552 5251 ἰὼν
3603 5191 3753 5248 ἄλλον
3787 5182 3858 5233 δε·

2302 5301 2531 5373 σμώτην
2561 5301 2842 5370 δραπέτην
2898 5299 3220 5366 ἐργάσαιτο.
3253 5295 3317 5347 Ei
3362 5292 3417 5345 δὲ
3456 5290 3590 5360 πρὸς
3641 5283 3855 5373 amnti;

2298 5367 2693 5466 ἀρδηνδμοὶως
2719 5367 2988 5447 διαϐαίνοι
3041 5389 3113 5444 τά
3157 5405 3218 5441 τε
3282 5387 3382 5458 τῆς
3437 5379 3718 5445 ἐπιϐουλῆς
3766 5367 3855 5466 stin!

2304 5487 2598 5558 μοχθηρῶν
2628 5486 2722 5540 καὶ
2747 5482 2842 5538 τοῦ
2893 5499 2954 5552 γε
2992 5480 3243 5536 κινδύνου
3297 5473 3527 5545 τούμοῦ,
3571 5467 3752 5543 μανίας
3776 5457 3854 5514 οὐκ

1971 5628 2306 5691 \‘ariorum
2346 5637 2532 5689 notae.

690 5753 802 5824 (8'2)
840 5753 1136 5812 Cautaruz.
1181 5756 1277 5810 lib.
1316 5770 1393 5822 ιιι,
1428 5771 1554 5823 cap.
1594 5754 1644 5808 ὗ.
1677 5755 1916 5809 DUCANC.
