4070 6444
338 259 481 337 βεδε
737 259 814 335 [Α.
853 278 905 337 c,
950 263 1111 339 1361]

1369 275 1814 346 ΒΥΖ⁴ιΝΓΙΝ.·Ε
1856 286 2243 350 ΗΙΞΤΟΗΙΕ
2286 292 2426 356 LIB.
2475 296 2616 361 ΧΠ.

2771 296 2903 369 line.
2943 314 2991 354 ι.
3034 317 3269 359 ιιλιλεοι..
3320 307 3372 394 l]

3515 310 3626 378 806

357 382 428 434 ἀν
458 378 751 454 ἐλεύθερον
783 387 841 449 ές
873 385 1028 451 τέλος
1051 390 1139 458 εἴη
1163 389 1222 443 τὸ
1253 395 1433 465 σιγᾷν.
1467 397 1527 449 Ei
1578 398 1623 451 δ’
1645 400 1914 472 ἀκίϐδηλα

2043 422 2166 462 men
2199 410 2345 466 haud
2396 415 2709 487 ell‘ugerim,
2756 422 2801 475 si
2851 436 3118 494 perpetuo
3162 428 3376 484 sileam.
3403 432 3458 485 Si
3495 449 3624 489 vero

340 471 455 542 μὲν
485 473 643 544 ὑμῶν
692 476 724 546 ἡ
769 477 1029 547 πρόθεσις
1064 482 1189 552 ἐμοὶ
1226 488 1523 559 τετήρηται
1586 493 1752 564 μέχρι
1810 471 1931 563 νῦν,

352 563 706 635 ὑπισχνεῖσθε
734 568 780 622 δ’
805 568 888 624 ἔτι
921 573 1015 626 καὶ
1042 573 1142 658 τὴν
1168 576 1367 650 ἑφεξῆς
1394 563 1735 656 συντήρησιν
1762 587 1936 658 αὐτῆς

349 653 412 707 τὸ
449 657 715 728 παράπαν
741 660 1094 730 διαφυλάξειν
1123 654 1341 734 ’κακίας
1369 653 1561 744 πάσης.
1609 653 1933 745 ἀμέθεκτον,

331 744 445 798 ικαὶ
477 745 578 801 ὅσα
608 754 749 805 κατά
797 751 899 822 τῆς
944 754 1090 824 ἐμῆς
1151 759 1364 828 ὁμοίως
1422 744 1676 834 μαίνεται
1730 768 1933 837 ψυχῆς.

347 833 570 905 ἕτοιμος
599 835 760 903 αὖθις
793 840 904 910 ἐγὼ
927 844 1030 915 τήν
1057 863 1117 903 τε
1154 848 1434 923 ὑμετέραν
1470 854 1599 924 ἀρτι
1655 833 1935 928 περαίνειν

326 922 552 994 δέησιν,
602 929 698 983 καὶ
723 931 860 1002 ὁμοῦ
900 934 1001 999 τάς
1028 936 1126 991 τοῦ
1175 922 1485 1013 μακαρίτου
1509 922 1776 1015 βασιλέως
1807 950 1935 1019 περὶ

344 1014 451 1089 τῆς¹
504 1017 615 1072 τῶν
675 1024 873 1077 κοινῶν
937 1031 1284 1099 πραγμάτων
1331 1035 1645 1107 ἐπιτροπῆς
1713 1055 1773 1091 τε
1837 1041 1934 1094 καὶ

326 1105 667 1181 ¹διοικήσεως
703 1115 956 1183 ἐντολάς.
992 1122 1167 1176 Τοῦτο
1213 1123 1259 1178 δ’
1312 1125 1412 1180 οὐκ
1457 1105 1638 1194 ἄλλως
1687 1131 1931 1201 ἀναμφι-

332 1200 614 1273 σϐήτητον
636 1204 705 1261 ἂν
731 1209 946 1277 γένοιτο
974 1216 1140 1268 πᾶσιν
1175 1218 1334 1287 ἡμῖν,
1385 1220 1515 1290 πρὶν
1550 1222 1774 1292 ἔνορκον
1799 1200 1932 1294 ἡμῖν

340 1291 439 1363 τὴν
465 1292 767 1367 ὑπόσχεσιν
823 1305 1196 1376 καταστῆσαι,
1235 1310 1380 1364 κο,θά
1403 1291 1651 1384 πολλαχῆ
1678 1315 1771 1368 καὶ
1801 1291 1932 1370 πολ-

329 1380 501 1448 ολάκις
545 1386 607 1442 ἐν
648 1390 771 1454 ταῖς
817 1392 930 1446 τῶν
957 1395 1317 1467 ἀνθρωπίνων
1351 1380 1712 1472 ,πραγμάτων
1765 1406 1933 1476 ἀμφι-

326 1474 669 1546 ⁵σύητήσεσιν
699 1480 856 1536 εἴωθε
885 1485 1153 1551 γίνεσθαι.
1181 1486 1497 1569 Τοῦτο-γὰρ
1525 1496 1650 1567 ἐμοὶ
1684 1474 1932 1569 καταφύ-

338 1581 459 1633 γιον
504 1570 750 1638 ἀσφαλὲς
788 1574 847 1627 ὲν
883 1577 963 1647 τῷ
995 1581 1230 1650 παρόντι
1284 1583 1452 1651 δοκεῖ,
1528 1592 1929 1662 καταστορέσαι

320 1658 634 1731 -δυνάμενον
668 1665 852 1722 πᾶσαν
881 1669 1021 1740 ἐμῆς
1055 1671 1235 1744 ψυχῆς
1260 1675 1499 1747 ὑποψίαν
1523 1681 1619 1734 καὶ
1651 1658 1929 1753 λογισμῶν

334 1754 654 1824 ⁶ερικυμίαν.
688 1753 973 1833 Εῐναιγάρ
1002 1765 1097 1819 καὶ
1123 1765 1358 1839 βοτάνην
1373 1770 1769 1847 Ἀσκληπιάδαι
1793 1751 1926 1846 φασὶ
1960 1751 1998 1803 Β

318 1844 449 1907 ’τοῖς
481 1845 667 1912 λύκοις
703 1849 1032 1923 θανάσιμον,
1069 1857 1161 1927 ὑφ’
1191 1859 1259 1930 ἢν
1288 1861 1411 1926 ταῖς
1459 1862 1701 1931 ἀλώπεξι
1733 1844 1926 1938 προσι-

316 1933 528 1999 ὀύσαις
582 1937 805 2007 ἀφόϐως
867 1944 1151 2002 καθεύδειν
1217 1951 1520 2021 περίεστιν.
1596 1955 1662 2009 Ei
1693 1933 1792 2011 οὖν
1827 1961 1923 2013 καὶ

332 2028 446 2088 τοῖς
487 2028 707 2097 ἀλόγοις
730 2033 1044 2106 εὐμήχανόν
1080 2042 1253 2112 πωςή
1307 2043 1521 2116 ἀνάγκη
1569 2047 1707 2118 πρὸς
1748 2067 1925 2122 σωτη-

318 2148 321 2153 ς
332 2118 459 2194 ρίαν
502 2121 735 2189 γίνεται,
773 2127 997 2193 ἄμεινον
1033 2131 1207 2204 δήπου
1237 2138 1352 2200 τοῖς
1386 2137 1531 2210 λόγῳ
1553 2141 1647 2193 καὶ
1680 2140 1756 2212 νῷ
1782 2118 1923 2213 συμ-

330 2213 464 2279 τρυεῖ
497 2217 861 2286 κεχρημένοις
899 2223 1032 2292 ἡμῖν
1070 2226 1128 2279 ὲν
1165 2229 1279 2291 τοῖς
1318 2230 1690 2297 ἐπικινδύνοις
1739 2237 1922 2306 πράγ-

320 2319 499 2372 μασιν
528 2307 733 2376 ἐγγύας
765 2313 1040 2379 ἀπαιτεῖν,
1095 2318 1295 2374 ὁπόσαι
1332 2322 1471 2394 πρὸς
1506 2324 1605 2395 τὴν
1641 2326 1710 2380 δι’
1738 2328 1920 2399 ὅρκων

328 2396 743 2467 καταφεύγουσι
782 2401 1075 2465 πίστωσιν.
1127 2408 1504 2486 ’Δμειψαίμην
1531 2414 1577 2469 δ’
1609 2415 1676 2470 ἂν
1697 2396 1794 2472 καί
1829 2420 1921 2474 αύ-

320 2487 419 2550 τὺς
450 2489 596 2560 ὑμᾶς
618 2494 730 2557 τοῖς
753 2498 1183 2569 παραπλησίοις,
1212 2503 1261 2556 εί
1284 2504 1360 2576 μὴ
1381 2507 1543 2560 ίκανά
1568 2508 1704 2580 πρὸς
1731 2512 1912 2580 ἀσφά-

321 2577 480 2632 λειαν
532 2581 770 2649 πίστεως
810 2587 890 2657 τὸ,
933 2594 1377 2665 προῦπηργμένα
1409 2577 1624 2673 δοκοίη..
1657 2603 1747 2657 Ἐν
1804 2577 1915 2680 γὰρ

319 2669 552 2742 ἐξουσίᾳ
589 2677 888 2744 γενόμενος
910 2679 1006 2734 τοῦ
1069 2687 1170 2755 τῆς
1211 2669 1646 2765 αὐτοκρατορίας
1680 2669 1914 2767 περιδεί-

329 2762 524 2818 λέσθαι
559 2769 620 2820 τὸ
656 2769 864 2842 σχῆμα,
907 2773 1045 2843 πρὸς
1095 2777 1328 2848 ἐσχάτας
1370 2784 1470 2856 ἤδη
1527 2762 1622 2840 τοῦ
1649 2762 1916 2860 βασιλέως

316 2855 477 2923 ’ὄντος
511 2859 700 2927 πνοὰς,
732 2861 823 2916 ὅτε
860 2867 956 2918 καὶ
1000 2866 1100 2921 σὺν
1128 2872 1243 2935 τοῖς
1292 2855 1466 2928 δυσὶν
1496 2855 1671 2934 υἱέσιν
1703 2855 1912 2937 ἐκείνου

322 2949 435 3003 τῶν
495 2950 793 3022 βασιλείων
848 2955 1001 3011 ἔνδον
1064 2961 1229 3027 αὐτὸς
1283 2966 1579 3047 γενόμενος
1647 2978 1912 3044 φρουραῖς

318 3049 751 3115 στρατιωτικαῖς
803 3050 1202 3126 ἠσφαλισάμην
1257 3058 1418 3127 αὐτὰ,
1480 3064 1711 3135 μηδενὸς
1760 3069 1909 3123 ἀντι-

325 3137 686 3208 πράττοντος,
728 3139 868 3194 ἀλλὰ
897 3143 1120 3197 πάντων
1149 3146 1547 3221 ὑπεπτηχότων
1577 3155 1655 3229 τῷ
1689 3156 1821 3225 δέει,
1847 3162 1909 3214 οὑ

312 3225 521 3279 ’ταυτὸν
546 3228 792 3284 πέπονθα
816 3234 931 3298 τοῖς
953 3234 1086 3306 παρ’
1112 3236 1272 3302 ἀξίαν
1317 3242 1604 3315 ἐντυχοῦσι
1625 3225 1741 3304 ’τινι
1809 3252 1910 3323 θη-

317 3318 535 3389 σαυρῷ,
561 3320 657 3374 καὶ
676 3323 1022 3396 ἀμφοτέραις
1053 3328 1112 3381 τὸ
1141 3330 1241 3400 τῆς
1266 3331 1448 3406 ψυχῆς
1493 3318 1911 3412 ἀναπιμπλάναι

318 3408 417 3462 τοῦ
452 3410 655 3480 ἔρωτος
719 3415 946 3486 φίλτρον
974 3420 1383 3494 ἐπειγομένοιςο
1419 3428 1537 3483 ἀλλ’
1573 3408 1766 3502 ἔμεινα
1801 3439 1911 3492 τῶν

318 3501 422 3573 τῆς
449 3503 687 3577 ὲξαρχῆς
725 3509 1046 3580 προθέσεως
1084 3517 1229 3588 ὅρων
1279 3521 1452 3584 ἐντός.
1500 3525 1688 3600 Πολλῷ
1736 3529 1792 3583 δὲ
1818 3533 1913 3604 δή-

323 3609 434 3645 που
464 3595 799 3670 σαφέστερον
833 3601 1062 3668 ἐξουσία
1091 3610 1186 3663 καὶ
1216 3611 1448 3678 πλοῦτος
1478 3618 1571 3671 καὶ
1609 3595 1907 3694 αύτόνομος

314 3682 554 3757 δύναμις
602 3689 832 3762 γνώμην
882 3697 1177 3769 ἀνθρώπου
1211 3701 1486 3773 δηλοῦσιν,
1538 3709 1571 3780 ἢ
1609 3715 1768 3769 πενία
1808 3682 1912 3772 ’καί

320 3776 640 3846 ὐπεξούσιος
668 3782 880 3842 δίαιτα.
907 3787 998 3860 Τῷ
1018 3791 1129 3862 γὰρ
1159 3794 1398 3868 ἀκουσίῳ
1423 3776 1614 3868 βιαίως
1650 3806 1808 3860 ἐνίων
1842 3810 1911 3863 τά

326 3868 435 3941 ηθη
491 3876 906 3947 τυραννιύμενα
953 3879 1213 3939 λανθάνει
1268 3888 1356 3943 διά
1398 3893 1610 3964 μακροῦ
1671 3898 1769 3960 τὰς
1802 3899 1911 3954 τῶν

317 3960 517 4027 ἔξωθεν
568 3963 660 4039 [Ρ.
686 3967 812 4042 569]
844 3972 1054 4039 κρίσεις
1097 3977 1199 4048 τῆς
1257 3960 1529 4059 ἀληθείας-
1565 3989 1911 4059 καταψευδό-

319 4056 587 4133 μενατἛν
607 4059 706 4129 μὲν
725 4057 818 4116 οὖν
838 4064 1017 4119 ἐκεῖνο
1044 4071 1185 4138 μετά
1208 4069 1308 4143 τὴν
1326 4056 1418 4127 τοῦ
1442 4076 1707 4146 βασιλέως
1720 4056 1910 4136 τελευ-

315 4145 417 4217 τὴν
437 4147 537 4218 τῆς
557 4150 697 4222 ὲμῆς
714 4156 1089 4229 καθαρότητος
1110 4169 1542 4249 παραστατικὸν,
1566 4174 1660 4226 καὶ
1678 4173 1791 4244 ἅμα
1809 4177 1909 4249 τῆς

315 4238 473 4309 ὑμῶν
519 4240 721 4308 δειλίας
753 4248 1136 4321 ἀναιρετικὸν,
1174 4255 1257 4310 ὅτι
1283 4243 1459 4328 παρὸν
1491 4264 1553 4315 ἐκ
1584 4265 1679 4319 τοῦ
1703 4238 1906 4339 ῥᾴστου

315 4330 378 4382 τὸ
428 4332 705 4399 βασίλειον
735 4339 1149 4410 περιζώσασθαι
1183 4346 1417 4418 κράτος,
1462 4351 1590 4407 οὔτε
1639 4330 1903 4432 πέπραχα

311 4421 562 4478 τοιοῦτον
623 4427 818 4495 οὐδὲν,
873 4431 998 4486 οὔτε
1055 4435 1461 4511 βεϐούλευμαι,
1539 4447 1658 4501 ἀλλ’
1706 4449 1900 4520 ἔμεινα

312 4514 550 4585 πάμπαν
609 4520 718 4572 τῶν
762 4522 906 4592 ὅρων
956 4526 1059 4598 τῆς
1111 4529 1433 4606 είθισμένης
1482 4537 1689 4605 τάξεως
1726 4514 1899 4615 ἐνδον,

311 4607 592 4679 ἀκήρατον
641 4615 927 4686 συντηρῶν
986 4618 1048 4671 τὸ
1113 4624 1348 4692 φρονοῦν
1400 4631 1500 4700 τῆς
1556 4631 1759 4705 ψυχῆς.
1825 4607 1898 4692 Od

313 4696 425 4766 γὰρ
480 4698 738 4755 τοσοῦτον
809 4705 1124 4777 ἀνθρώποις
1176 4696 1898 4798 ἀρέσκειννέκρινανδείν,

308 4789 436 4843 ὅσον
464 4792 564 4859 ’τῷ
613 4794 724 4848 τῶν
784 4797 1001 4869 ἀδήλων
1059 4804 1273 4880 ἐπόπτῃ
1321 4808 1463 4881 Θεῷ.
1515 4789 1580 4868 Oi
1635 4818 1734 4887 μιν
1787 4789 1900 4894 γὰρ

308 4879 422 4931 τῶν
444 4880 741 4952 δρωμένων
771 4887 826 4971 ες
857 4889 1172 4960 τούμφανὲς
1217 4879 1577 4957 καθίστανται
1621 4879 1897 4987 μάρτυρες

311 4971 514 5041 μόνων,
556 4974 651 5038 οὓς
677 4981 775 5033 καὶ
807 4983 1284 5053 παραλογίσασθαι
1336 4992 1551 5059 ἔξεστιν
1593 4971 1820 5070 snio-rs:
1847 4971 1900 5059 ei!

303 5079 392 5126 τις
419 5065 545 5128 τοὺς
574 5067 677 5136 τῆς
715 5071 919 5137 κακίας
956 5078 1206 5148 καρποὺς
1231 5082 1348 5147 τοῖς
1379 5084 1478 5156 τῆς
1516 5088 1722 5163 ἀρετῆς
1759 5065 1896 5149 ύπο-

303 5156 492 5229 τίθησι
530 5162 775 5231 σχήμασί
805 5180 864 5218 τε
885 5167 982 5221 καὶ
1025 5170 1306 5242 χρώμασι.
1374 5177 1507 5245 Θεὸς
1545 5156 1594 5238 δ’
1621 5156 1688 5238 ἐν.
1708 5188 1895 5252 αὐτοῖς

304 5249 414 5318 πρὸ
444 5250 554 5303 τῶν
576 5253 756 5324 ἔργων
778 5260 891 5322 τοῖς
921 5257 1024 5329 τῆς
1051 5263 1284 5332 καρδίας
1338 5271 1642 5341 κινήμασιν
1692 5249 1892 5348 ἐρείδει

301 5341 376 5393 τά
404 5343 501 5413 τῆς
526 5343 827 5411 ἐξετάσεως
849 5350 995 5421 ῐχνη,
1040 5354 1137 5407 καὶ
1189 5355 1251 5410 τδ
1274 5355 1433 5430 βῆμα
1470 5364 1574 5433 τῆς
1624 5341 1778 5439 δίκης
1831 5374 1891 5425 ἐν

299 5430 496 5496 αὐταῖς
530 5442 829 5509 συγκροτεί
856 5440 966 5496 τῶν
999 5443 1279 5516 λογισμῶν
1336 5452 1457 5514 ταῖς
1492 5430 1889 5527 ἀνρχαῖςίένθα

297 5522 488 5594 χώραν
509 5527 608 5581 οὐκ
638 5528 753 5601 ἔχει
780 5533 967 5604 σχῆμα
1007 5538 1103 5591 καὶ
1133 5530 1330 5611 χρῶμα
1380 5522 1712 5616 καλύπτεινέ
1761 5556 1887 5608 εἴτι

286 5616 507 5683 κακίας
592 5621 711 5676 ἐκεῖ
770 5630 1216 5697 παραφαίνεσθαι
1284 5634 1531 5704 βούλοιτο
1570 5640 1882 5716 βλάστημα,

291 5706 564 5781 Δεύτερον
592 5711 671 5779 δὲ,
711 5714 774 5769 τὸ
814 5720 1012 5789 παρὸν,
1043 5720 1071 5775 δ
1102 5723 1195 5777 καὶ
1250 5726 1430 5801 πάσης
1479 5735 1745 5807 κῖκτηται
1782 5759 1882 5795 κα-

2039 500 2380 558 voluntatem
2404 521 2531 577 erga
2562 525 2647 564 me
2679 513 2950 568 sinceram
2982 518 3267 587 hucusque
3292 522 3623 590 retiuuistis,

2036 603 2274 660 eamque
2317 595 2649 663 pollicemini
2679 612 2958 659 servatum
2992 606 3056 660 iri
3096 623 3133 663 .a
3162 609 3320 665 vobis
3347 610 3402 666 in
3435 626 3624 682 poste-

2036 693 2160 733 rum
2211 694 2495 753 expertem
2545 691 2727 746 omnis
2769 695 3144 762 malignitatis,
3178 701 3524 774 alienamque
3554 707 3624 761 ab

2035 773 2186 827 omni
2225 777 2532 844 molitione,
2570 796 2693 850 quae
2721 786 2795 838 sit
2832 788 2994 842 saluti
3037 805 3171 847 mea;
3199 793 3415 862 infesta,
3438 773 3623 867 para-

2037 873 2128 919 tus
2157 866 2348 954 denuo
2373 885 2477 942 ego
2513 889 2633 929 sum
2666 887 2860 935 vestrae
2889 884 3172 951 petitionis
3217 866 3482 945 rationem
3505 892 3618 962 jam

2034 969 2183 1012 nunc
2230 948 2456 1027 habere,
2510 966 2787 1037 simulque
2840 948 3244 1044 mandatorum,
3293 995 3415 1050 qua:
3461 984 3622 1037 divus

2033 1046 2337 1118 imperator
2386 1055 2454 1109 de
2488 1057 2706 1127 imperii
2742 1060 2910 1133 hujus
2958 1067 3126 1122 tutela
3157 1078 3214 1125 et
3258 1046 3620 1132 administra-

2034 1139 2184 1195 tione
2216 1145 2457 1214 scripsit.
2497 1147 2556 1202 ld
2590 1160 2773 1207 autem
2810 1155 2972 1210 nobis
3017 1161 3277 1216 omnibus
3316 1180 3424 1220 non
3460 1168 3620 1225 aliter

2032 1229 2228 1287 stabile
2261 1244 2313 1289 et
2357 1244 2566 1293 certum
2617 1238 2810 1309 fuerit,
2868 1245 2975 1301 nisi
3024 1248 3389 1322 jurejurando
3438 1261 3618 1327 pactio

2031 1320 2246 1378 ﬁrmata
2300 1325 2393 1394 sit,
2446 1333 2908 1399 quemadmodum
2950 1320 3161 1406 passim
3191 1352 3248 1398 et
3295 1320 3452 1416 saepe
3498 1351 3615 1404 ﬁeri

2031 1413 2172 1469 solet
2199 1414 2252 1470 in
2281 1417 2777 1491 disceptationibus
2792 1443 2975 1485 rerum
2998 1413 3462 1502 quotidianarum.
3485 1440 3619 1495 Pcr-

2030 1504 2240 1577 fugium
2276 1510 2423 1566 enim
2455 1513 2590 1569 illud
2626 1526 2805 1572 tutum
2839 1522 2972 1577 mibi
3006 1524 3226 1580 videtur
3256 1527 3309 1583 in
3336 1532 3615 1600 praesenti,

2032 1597 2288 1670 idemque
2314 1618 2414 1672 par
2429 1607 2689 1663 omnibus
2711 1611 2881 1668 animi
2911 1616 3016 1669 mei
3041 1619 3470 1691 suspicionibus,
3494 1641 3615 1680 om-

2029 1691 2196 1747 nibus
2227 1709 2489 1751 curarum
2529 1697 2793 1758 ﬂuetibus
2828 1709 3277 1793 comprimendis.
3324 1715 3530 1786 Nempe
3555 1729 3613 1774 et
3722 1744 3730 1763 ι

2027 1782 2253 1841 herbam
2285 1796 2557 1846 testantur
2585 1794 2783 1850 medici
2813 1807 3032 1856 exstare
3069 1785 3218 1875 lupis
3242 1782 3606 1874 mortiferam,

2024 1877 2127 1932 sub
2173 1893 2281 1949 qua
2318 1883 2626 1950 vulpeculis
2688 1896 2807 1943 tuto
2856 1890 3016 1948 liceat
3071 1895 3500 1971 obdormiscere.
3548 1901 3606 1958 Si

2025 1967 2190 2039 igitur
2221 1980 2279 2026 et
2312 1973 2488 2031 brutis
2524 1978 2896 2037 animantibus
2935 1983 3103 2057 594
3143 1986 3259 2058 ipsa
3301 1970 3603 2051 necessitas

2023 2062 2287 2131 quasdam
2317 2065 2513 2123 salutis
2542 2071 2757 2127 tuendae
2789 2083 2938 2129 artes
2968 2080 3233 2149 suggerit,
3262 2095 3469 2153 quanto
3501 2103 3605 2144 nos

2024 2155 2217 2226 magis,
2240 2157 2333 2227 qui
2368 2159 2581 2216 ratione
2604 2161 2880 2236 insitaque
2921 2167 3281 2241 intelligentia
3316 2177 3606 2248 pollemus,

2019 2249 2302 2317 postulare
2327 2268 2547 2322 aequum
2580 2265 2701 2335 estﬂ
2723 2259 2893 2315 rebus
2923 2260 3110 2319 dubiis
3136 2278 3202 2320 ac
3242 2271 3514 2338 suspectis
3547 2279 3609 2326 ut
3717 2329 3720 2332 ,

2019 2338 2182 2395 nobis
2209 2354 2471 2400 caveatur
2494 2346 2562 2401 iis
2588 2349 2849 2406 omnibus
2872 2353 3250 2423 cautionibus,
3291 2374 3414 2431 qua
3440 2360 3606 2420 iidem

2013 2431 2377 2504 jurejurando
2405 2440 2684 2508 sanciunt.
2721 2443 2976 2501 Referam
3026 2460 3212 2504 autem
3262 2454 3420 2508 vobis
3448 2457 3606 2526 paria

2017 2534 2073 2581 et
2106 2527 2241 2596 ipse,
2292 2529 2340 2584 si
2380 2534 2674 2601 prmteritae
2713 2550 2804 2591 res
2832 2537 2899 2592 ad
2945 2537 3071 2596 ﬁdei
3121 2543 3602 2603 conﬁrmationem

2016 2635 2127 2675 non
2152 2622 2290 2678 satis
2314 2639 2438 2681 esse
2472 2627 2778 2693 videantur.
2810 2629 2976 2691 Certe
3003 2649 3126 2690 cum
3153 2652 3320 2707 penes
3348 2655 3434 2695 me
3453 2651 3606 2698 esset

2017 2710 2387 2782 imperatoria:
2418 2720 2707 2789 potestatis
2741 2722 2971 2779 induere
2998 2725 3256 2797 insignia,
3288 2740 3599 2787 extremum

2014 2804 2275 2873 Spll‘tlllm
2328 2808 2440 2878 jam
2480 2810 2771 2868 exhalante
2826 2815 3178 2886 imperatore,
3222 2830 3334 2874 tum
3393 2821 3607 2879 scilicet

2014 2910 2141 2950 cum
2185 2897 2470 2966 palatium,
2526 2901 2581 2956 in
2613 2919 2724 2973 quo
2757 2920 2882 2960 cum
2924 2907 3143 2964 duobus
3188 2898 3436 2969 defuncti
3474 2913 3605 2969 filiis

2013 2990 2302 3055 versabar,
2333 2994 2592 3064 praesidio
2629 2999 2942 3054 muniebant
2975 3002 3227 3070 militari,
3254 3005 3472 3061 nemine
3501 3005 3606 3061 ob-

1936 3090 1982 3150 c
2014 3081 2265 3145 sisteute,
2292 3084 2553 3145 omnibus
2585 3096 2731 3142 metu
2768 3092 3078 3159 prostratis,
3115 3109 3225 3148 non
3277 3095 3423 3151 idem
3466 3095 3604 3153 mihi

2012 3171 2217 3226 accidit
2247 3181 2415 3243 atque
2447 3176 2582 3242 illis.
2614 3178 2708 3249 qui
2743 3183 2798 3235 in
2841 3184 3163 3239 thesaurum
3214 3186 3458 3258 aliquem
3514 3189 3604 3244 in-

2011 3262 2206 3317 cidunt
2257 3266 2486 3323 minime
2517 3268 2692 3340 digni.
2743 3282 2800 3327 et
2851 3289 3019 3329 manu
3077 3285 3312 3349 utraque
3360 3280 3604 3348 gestiunt

2010 3355 2293 3412 ardentem
2330 3358 2498 3414 animi
2534 3361 2825 3419 libidinem
2856 3368 3125 3437 explere;
3180 3367 3290 3425 sed
3319 3385 3404 3425 me
3456 3371 3603 3427 intra

2011 3444 2228 3514 pristini
2284 3447 2520 3506 instituti
2572 3451 2781 3510 limites
2816 3458 3091 3514 continui.
3126 3460 3195 3514 At
3252 3461 3500 3532 potentia
3544 3471 3603 3518 et

2011 3553 2145 3608 opes
2183 3547 2239 3593 et
2271 3555 2395 3610 qua:
2422 3543 2507 3597 sui
2543 3544 2688 3614 juris
2721 3556 2808 3603 est
2836 3548 3088 3617 libertas,
3114 3567 3220 3622 qua
3253 3552 3379 3623 quis
3413 3564 3601 3611 mente

2011 3629 2084 3685 sit
2108 3630 2389 3688 declarant
2419 3636 2592 3691 multo
2625 3640 2852 3703 certius.
2901 3657 3064 3713 quam
3105 3644 3267 3715 inops
3297 3654 3354 3702 et
3383 3648 3599 3701 manci-

2010 3731 2134 3792 pata
2172 3724 2330 3779 alteri
2361 3727 2491 3784 vita.
2537 3727 2911 3795 Quorumdam
2939 3736 3088 3790 enim
3135 3751 3315 3793 mores
3358 3738 3600 3794 necessi-

2013 3822 2124 3868 tate
2150 3823 2409 3885 tanquam
2444 3819 2498 3873 vi
2534 3825 2817 3891 tyrannica
2852 3826 3101 3896 Oppressi
3145 3828 3379 3883 aliorqu
3417 3828 3598 3883 homi-

2012 3921 2143 3959 num
2177 3907 2495 3978 opinionem
2527 3914 2608 3968 sic
2641 3912 2862 3981 fallunt,
2900 3927 2959 3972 ut
2984 3918 3077 3973 diu
3124 3918 3471 3974 mendacium
3501 3936 3596 3975 ve-

2013 3997 2161 4053 ritati
2203 3988 2516 4070 praevaleat.
2543 4003 2662 4061 Una
2705 4007 2876 4084 igitur
2924 4024 3017 4065 res
3055 4010 3175 4089 iure
3207 4020 3329 4080 post
3360 4024 3592 4068 mortem

2012 4088 2363 4161 imperatoris
2382 4102 2439 4148 et
2454 4110 2642 4155 meam
2669 4098 3041 4170 integritatem
3063 4088 3196 4159 satis
3222 4106 3590 4173 commendat,

2010 4192 2067 4237 et
2092 4198 2190 4240 vos
2220 4184 2421 4241 liberat
2454 4196 2625 4255 metu,
2655 4191 2805 4261 quod
2855 4192 3003 4248 facili
3040 4194 3226 4251 labore
3260 4205 3588 4267 potestatem

2010 4275 2147 4330 mihi
2177 4276 2589 4349 imperatoriam
2615 4299 2876 4355 arrogare
2903 4302 3027 4342 cum
3062 4274 3302 4359 possem,
3333 4305 3434 4345 nec
3482 4294 3591 4350 tale

2010 4366 2208 4423 admisi
2249 4369 2551 4443 quidquam
2598 4390 2701 4430 nec
2749 4377 3009 4447 cogitavi,
3047 4378 3140 4434 sed
3183 4379 3407 4434 omnino
3442 4382 3588 4438 intra

1935 4501 1975 4554 ο
2010 4456 2172 4515 ofﬁcii
2218 4465 2482 4519 consueti
2522 4464 2721 4523 limites
2769 4468 3090 4542 interrupta
3135 4471 3299 4526 animi
3333 4474 3587 4529 modera-

2008 4552 2159 4608 tione
2214 4557 2365 4610 steti.
2403 4555 2738 4614 Placendum
2769 4563 2917 4617 enim
2963 4563 3150 4633 putavi
3193 4579 3301 4623 non
3348 4576 3456 4620 tam
3491 4568 3591 4620 lm-

2004 4644 2251 4702 minibus
2304 4662 2467 4718 quam
2530 4651 2681 4717 Deo,
2736 4653 2830 4723 qui
2888 4654 3105 4709 occulta
3156 4654 3442 4725 perspicit.
3502 4657 3587 4712 illi

2002 4736 2209 4808 quippe
2237 4746 2407 4797 testes
2437 4741 2599 4814 595
2641 4746 2920 4802 exsistunt
2944 4762 3134 4802 eorum
3166 4745 3433 4802 duntaxat
3465 4766 3588 4821 qua:

1999 4829 2181 4899 palam
2217 4836 2379 4901 fiunt,
2422 4845 2480 4891 et
2526 4836 2823 4907 aliquando
2867 4848 3095 4907 possunt
3128 4836 3330 4908 decipi,
3362 4839 3407 4897 si
3459 4842 3587 4912 quis

2000 4920 2130 4975 vitia
2162 4936 2260 4976 sua
2311 4922 2550 4995 imagine
2581 4937 2639 4981 et
2669 4928 2853 4981 colore
2898 4928 3115 4981 virtutis
3144 4927 3387 4984 obtexat.
3441 4931 3586 4991 Deus

1999 5026 2133 5065 vero
2170 5011 2305 5080 ipsis
2331 5013 2460 5073 illis.
2515 5016 2608 5086 qui
2657 5015 2902 5072 actiones
2931 5015 3287 5085 antecedunt,
3341 5024 3585 5079 motibus

1998 5102 2183 5158 cordis
2210 5106 2483 5162 examinis
2526 5110 2613 5163 sui
2646 5109 2873 5179 vestigia
2909 5107 3197 5179 imprimit,
3247 5121 3306 5168 et
3348 5115 3582 5184 justiiin:

1996 5195 2240 5250 tribunal
2272 5195 2325 5251 in
2361 5198 2495 5268 ipsis
2544 5199 2655 5270 ﬁgit
2707 5199 3098 5270 cogitationqu
3138 5202 3442 5271 radicibus,
3482 5208 3577 5264 ubi

1997 5288 2192 5344 umbra
2226 5298 2283 5345 et
2322 5276 2700 5361 specie‘cclari
2754 5307 2861 5346 non
2913 5301 3114 5361 pmest,
3174 5295 3220 5350 si
3277 5297 3404 5367 quis
3448 5301 3577 5355 inde

1993 5379 2212 5451 laboret
2244 5398 2365 5438 sese
2402 5382 2621 5437 trudere
2648 5382 3014 5453 improbitatis
3049 5384 3238 5442 fartus.
3263 5386 3450 5444 Altera
3487 5407 3576 5448 res

1991 5482 2076 5525 est
2118 5472 2170 5527 id
2202 5475 2347 5544 quod
2385 5460 2763 5530 nunc-accidit.
2784 5475 2875 5529 Est
2920 5485 3105 5532 autem
3160 5477 3293 5533 illud
3343 5497 3574 5540 suumne

1992 5560 2381 5632 improbitatis.
2408 5565 2513 5620 Vos
2541 5566 2683 5620 enim
2715 5581 2838 5620 cum
2865 5570 3168 5636 oporteret,
3201 5585 3376 5626 meam
3411 5588 3569 5630 reve-

1992 5656 2129 5709 ritus
2162 5637 2505 5712 clementiam
2537 5667 2594 5713 et
2635 5662 2973 5728 aequitatem,
3008 5661 3160 5715 omni
3213 5662 3402 5719 studio
3454 5681 3571 5721 ma-

1990 5762 2174 5817 nuque
2206 5758 2257 5803 et
2280 5750 2463 5822 lingua
2497 5764 2696 5806 navare
2740 5749 2875 5805 milri
2902 5766 3125 5821 operam
3165 5752 3408 5824 quietos,
3449 5773 3569 5813 om-
