4070 6438
761 341 833 413 [Α.
869 359 919 396 c.
962 341 1118 414 1541]

371 343 477 412 813
494 334 523 421 ,⁸

1386 342 1829 403 ΒΥΖΛΝΤΝΚΕ
1868 340 2249 400 HISTORle
2290 338 2433 398 LIB.
2477 338 2609 398 XII.

3523 334 3629 400 81$

2788 347 2892 387 tur.
2930 348 2973 387 ι.
3014 346 3252 389 Damon.
3295 330 3350 404 1]

284 485 290 491 -
375 457 575 530 ἱερεῦσι
606 459 952 530 προσήκοντα
980 459 1275 531 ὀμώμοκεν
1305 459 1470 528 ὅρκον
1492 458 1656 527 (90),l
1681 456 1817 509 ἀλλά
1860 455 1946 506 καὶ

2066 453 2223 519 dum,
2252 453 2347 508 sed
2373 461 2431 508 et
2460 451 2619 530 illud,
2641 449 2789 520 quod
2838 450 2998 506 laicis
3021 452 3250 507 solenne
3281 458 3386 515 est,
3424 452 3632 522 iuravit

378 549 436 611 ὃς
464 550 742 619 δημοσίοις
772 550 1025 622 ἀνδράσιν
1083 550 1340 604 είθισταιο
1391 549 1487 603 καὶ
1531 548 1669 619 ἀρὰς
1704 549 1798 600 ἐπὶ
1829 546 1955 599 τού-

371 657 485 703 τοις
552 640 836 711 προῦτεινε
898 642 1020 697 καθ’
1046 643 1242 696 ἑαυτοῦ
1297 643 1400 706 τὰς
1472 640 1739 712 μεγίστας
1811 639 1948 708 ὁμοῦ

372 730 470 783 καὶ
496 730 812 800 φρικώδεις,
841 732 890 786 εί
919 732 1248 801 ψευδόμενος
1279 731 1414 796 ὅλως
1451 731 1547 785 ἐπὶ
1574 731 1684 794 τοῖς
1722 728 1956 797 λεγομέ-

377 837 486 883 νοις
521 823 704 894 ἁλοίη.
1114 823 1120 828 ’

422 908 516 968 ⁴Γ¹.
551 913 674 967 Τῶν
701 913 764 985 δὴ
808 914 1064 970 τοιούτων
1090 917 1185 971 ἐπὶ
1212 916 1432 989 τοιαύτῃ
1465 915 1798 969 καταστάσει
1824 929 1954 966 συν-

370 1005 842 1078 ενεχθέντων,ιτὴν
872 1007 1132 1079 ταχίστην
1188 1008 1348 1068 αὖθις
1392 1009 1538 1079 ἐξῄει
1577 1006 1814 1083 611)τοῦ
1856 1006 1955 1060 ἄσ-

370 1114 493 1159 τεος
521 1099 548 1150 ὁ
575 1099 1050 1167 Καντακουξηνδς,
1087 1100 1184 1154 σὺν
1216 1100 1383 1171 πολλῇ
1413 1101 1522 1153 τῶν
1572 1099 1790 1153 οἴκοθεν
1818 1116 1955 1169 χρη·
1982 1089 1987 1094 ’

375 1190 560 1259 μάτων
605 1195 928 1262 παρασκευῇ
957 1194 1049 1247 καὶ
1087 1194 1188 1247 ὅσα
1213 1193 1351 1263 πρὸς
1398 1193 1607 1265 δωρεὰς
1634 1192 1955 1262 φιλοτίμους

346 1280 480 1333 ,τῶν
509 1283 791 1352 προσιέναι
826 1277 1127 1352 μελλόντων
1183 1286 1334 1355 αύτῴ
1373 1285 1734 1339 παντοδαπῶν
1780 1285 1954 1338 ἐθνῶν

370 1371 506 1440 ὁμοῦ
535 1372 630 1425 καὶ
686 1375 1041 1444 πρεσϐευτῶν
1075 1375 1159 1448 [Ρ.
1194 1376 1319 1450 κῖὖ]
1347 1379 1442 1430 καὶ
1501 1378 1708 1431 πόλεων
1780 1395 1953 1448 παρε-

373 1464 639 1519 σκεύαστο
665 1481 681 1497 ο
717 1465 924 1519 ἔπιπλά
989 1485 1132 1537 φημι
1162 1470 1255 1521 καὶ
1297 1469 1517 1539 χλαίνας
1576 1470 1843 1533 Ἰταλικάς
1896 1471 1956 1535 ἐξ
1988 1513 1998 1517 -

372 1555 540 1624 ἐρίου,
580 1557 673 1609 καὶ
703 1558 803 1610 ὅσα
859 1558 1022 1629 ἕτερα
1063 1562 1273 1631 μακρὸν
1326 1562 1387 1615 τὸ
1443 1562 1725 1632 φιλότιμον
1774 1562 1954 1634 ἔχουσι

352 1647 479 1699 ’τῶν
537 1648 796 1716 χαρίτων.
1897 1708 1901 1713 .

443 1735 519 1791 Δ’.
577 1739 702 1805 Ογε
743 1738 848 1808 μὴν
888 1722 1229 1805 ’Δπόκαοκος
1271 1728 1411 1805 ἐςτδ
1467 1743 1729 1815 φρούριον
1786 1743 1953 1797 αὑτοῦ

378 1829 776 1895 συγκλεισθεὶς,
794 1832 929 1884 ,ἀντὶ
956 1833 1052 1884 τοῦ
1087 1833 1287 1901 μᾶλλον
1321 1833 1672 1904 αἰσχύνεσθαι
1696 1835 1799 1888 καὶ
1822 1835 1951 1905 ἐρυ-

373 1917 529 1988 θριᾷν
557 1921 649 1972 ἐπὶ
678 1923 741 1990 τῇ
777 1922 944 1977 αὐτοῦ
973 1924 1219 1995 ἀνάνδρῳ
1242 1927 1338 1978 καὶ
1366 1927 1693 1992 γυναικώδει
1745 1928 1949 1999 διαίτῃ,

370 2011 399 2062 ὁ
440 2009 497 2062 δὲ
530 2011 844 2066 τούναντίον
897 2015 1205 2086 ἐτετύφωτῤ
1236 2035 1297 2072 τε
1356 2020 1450 2072 καὶ
1471 2019 1675 2090 ὀφρύος
1733 2019 1952 2089 ἀπάσης

375 2102 549 2170 μεστά
592 2103 794 2176 διεξῄει
863 2109 1103 2177 ῥήματα,
1140 2109 1233 2162 καὶ
1263 2111 1425 2164 αὑτοῦ
1490 2111 1948 2181 Καντακουζηνοῢ

369 2188 753 2264 κατεμέμφετο
780 2198 1054 2265 ἀϐουλίαν,
1087 2199 1169 2253 ὅτι
1216 2202 1290 2270 μὴ
1322 2203 1417 2255 καὶ
1446 2204 1606 2265 αὐτος
1643 2203 1742 2274 τὴν
1755 2204 1948 2272 ὁμοίαν

368 2285 714 2354 ἡτοιμάσατο
746 2289 1002 2359 πρόνοιαν
1031 2291 1229 2361 ἑαυτῷ,
1255 2292 1321 2345 ἶν’
1349 2295 1407 2345 ὲν
1447 2296 1658 2363 καιροῖς
1700 2295 1949 2365 ἀνάγκης

371 2376 468 2428 καὶ
495 2376 660 2444 φὸὅου
712 2378 954 2435 τοιοῦτον
1001 2382 1116 2453 ἔχοι
1152 2383 1292 2454 πρὸς
1329 2384 1636 2453 ἀσφάλειαν
1690 2386 1949 2458 φρούριον

372 2466 760 2537 καταφεύγειν.
1558 2488 1563 2493 ‘

443 2554 518 2613 E’.
576 2557 636 2612 '0
683 2560 730 2614 δ’
750 2562 986 2627 ἀκούων,
1036 2568 1132 2620 καὶ
1199 2566 1300 2638 τῆς
1349 2569 1562 2623 ἐκείνου
1634 2572 1948 2640 καταγελῶν

373 2648 653 2719 εἰηθείας,
682 2655 937 2718 τοιαύτας
975 2658 1250 2729 ἀντεπῆγε
1278 2659 1378 2723 τὰς
1399 2661 1740 2733 ἀποκρίσεις.
1809 2682 1829 2715 ι
1869 2664 1945 2717 UO

372 2739 624 2807 λίθοιςί,
654 2746 818 2814 φησὶ,
863 2766 882 2799 ι
911 2749 1005 2802 καὶ
1036 2749 1278 2815 πλίνθοις
1310 2752 1420 2819 ἐγὼ
1436 2754 1534 2823 τὴν
1586 2753 1725 2823 ἐμὴν
1780 2755 1947 2824 τειχί-

373 2830 490 2892 ζειν
518 2833 819 2910 ἀσφάλειαν
840 2838 1055 2907 ἔγνωκα
1108 2841 1238 2905 δεῖν,
1287 2843 1397 2896 οὐδ’
1421 2844 1503 2911 ἐφ’
1530 2843 1672 2897 οὕτω
1729 2848 1946 2917 μικροῖς

371 2921 467 2997 καί
506 2921 755 2991 ψευδέσιν
778 2929 901 2997 ἐμοὶ
925 2932 1317 3000 τερατεύεσθαι
1363 2935 1736 3007 καὶτοιαύτην
1764 2938 1945 3008 ῥημά-

369 3030 480 3066 των
509 3018 1173 3101 προφέρειν-κομψότηται
1213 3025 1443 3092 εἴθιστο,
1467 3027 1603 3081 ἀλλὰ
1653 3029 1732 3096 τῷ
1781 3031 1946 3101 ἡδρα-

374 3102 555 3173 σμένῳ
584 3095 873 3176 τοῦκήθους
899 3112 1326 3182 ἐγκαρτεροῦντι
1366 3115 1630 3186 διηνεκῶς
1687 3095 1946 3189 φρούριον

372 3191 517 3259 ἔχειν
557 3195 822 3251 ἀθάνατον
879 3203 973 3254 καὶ
1021 3202 1273 3273 ἄγκυραν
1306 3207 1536 3276 ἀσφαλῆ.
1570 3209 1791 3280 πρῶαον
1845 3212 1945 3281 μὲν

370 3284 469 3346 τὰς
500 3286 632 3354 πρὸς
659 3288 791 3343 Θεὸν
818 3292 1337 3367 ἀναμφισϐητήτως
1401 3298 1642 3364 ἐλπίδας,
1695 3304 1791 3356 καὶ
1846 3303 1945 3375 τὴν

370 3376 579 3430 ἐκεῖθεν
611 3380 892 3452 ἀκήρατον
909 3384 1158 3455 δύναμιν·
1186 3387 1315 3444 ἔνθα
1348 3391 1494 3462 μόνῳ
1517 3396 1943 3467 γεωργουμένης

371 3469 472 3538 τῆς
500 3468 726 3543 γνώμης
777 3476 856 3548 τῷ
879 3477 989 3529 τῶν
1032 3470 1247 3549 ἀδήλων
1305 3482 1521 3554 ἐπόπτῃ
1551 3483 1690 3554 Θεῷ,
1730 3472 1794 3538 τὸ
1843 3488 1943 3557 τῆς

372 3562 672 3647 ἀσφαλείας
702 3565 1017 3637 ἀμάραντον
1035 3570 1122 3622 ἀεὶ
1166 3571 1408 3639 διαμένει
1451 3574 1768 3642 βλαστάνον,
1813 3579 1941 3647 μήθ’

369 3645 543 3719 ἥλιονί
561 3644 987 3726 περιμένονωὲ)
1022 3658 1120 3728 τὴν
1155 3658 1249 3711 τοῦ
1313 3660 1622 3730 κρείττονος
1666 3644 1940 3733 ἑρμηνεύ-

374 3757 536 3794 σοντα
596 3747 800 3814 κρίσιν,
871 3750 1008 3817 μήτε
1078 3748 1362 3815 Πλάτωνος
1423 3753 1517 3807 καὶ
1567 3754 1940 3823 Δημοσθένους

369 3833 615 3900 γλῶτταν
641 3836 817 3917 ἁδρὰν
865 3840 957 3892 καὶ
1006 3841 1150 3908 μάλα
1201 3842 1467 3912 λαμπρῶς
1512 3844 1938 3911 Ἀττικίζουσαν·

370 3925 486 3978 ἀλλ’
514 3926 835 3997 αὐτομάτως
865 3929 954 3984 διὰ
974 3931 1073 4001 τῆς
1103 3934 1210 3984 τῶν
1250 3934 1594 4003 πραγμάτων
1619 3936 1941 4003 ἀκολουθίας

371 4016 462 4070 ἐπὶ
486 4019 658 4087 μέσης
689 4019 748 4072 τὸ
781 4021 968 4092 Θαῡμα
999 4024 1283 4094 μονονουχὶ
1331 4025 1599 4095 κηρύττον
1627 4028 1727 4097 τῆς
1758 4032 1935 4082 οἰκου-

372 4108 561 4178 μένης.
597 4109 688 4164 Ἑν
719 4111 817 4181 μὲν
857 4114 968 4182 γὰρ
985 4116 1105 4177 ταῖς
1136 4114 1242 4168 τῶν
1290 4116 1648 4188 προσκαίρων
1684 4120 1938 4189 φρουρῶν

346 4200 465 4256 ,καὶ
491 4206 876 4287 πυργωμάτων
911 4188 1147 4276 τρυδφαίς
1201 4209 1297 4264 καὶ
1346 4209 1624 4279 βλακείαις
1679 4216 1817 4285 ταχὺ
1875 4215 1938 4268 τὸ

365 4295 601 4365 τερπνὸν
625 4296 958 4366 ἀποθνήσκει
988 4300 1085 4369 τῆς
1131 4299 1283 4370 ὥρας
1336 4303 1617 4374 ἐφήμερον
1666 4305 1790 4376 ἔχον
1838 4305 1938 4375 τὴν

370 4382 554 4453 ῥίζαν.
597 4385 738 4454 Ἐγὼ
759 4387 816 4440 δὲ
845 4390 944 4452 τὰς
970 4390 1080 4443 τῶν
1127 4390 1431 4462 ἀνθρώπων
1485 4394 1663 4464 ψυχὰς
1714 4397 1938 4468 ἐμαυτῷ

369 4477 746 4532 κατεσκεύασα
773 4480 1012 4551 φρούρια
1046 4482 1140 4537 καὶ
1188 4483 1432 4555 πύργους
1478 4487 1829 4558 παμπληθεῖς
1880 4508 1938 4546 τε

368 4567 478 4655 καὶ
494 4568 780 4636 ἀσφαλεῖς.
812 4573 892 4636 είς
926 4571 1017 4636 οὓς
1040 4573 1361 4646 ἐμϐέϐληκα
1401 4578 1583 4647 φέρων
1618 4579 1786 4643 αὐτὸς
1837 4582 1939 4652 τὴν

368 4661 606 4730 ἐμαυτοῦ
626 4661 826 4734 ψυχήν.
863 4665 1018 4742 Ιςαὶὸ
1055 4666 1154 4737 μὲν
1185 4668 1409 4723 Πλάτων
1448 4671 1506 4723 ἐν
1534 4671 1802 4745 ἀλλοτρίῳ
1829 4673 1934 4727 σώ-

372 4766 502 4821 ματι
521 4749 630 4822 ζῇν
656 4753 754 4822 τὴν
783 4753 878 4807 τοῦ
909 4755 1145 4826 ἐρῶντος
1190 4757 1296 4827 ἔφη
1326 4757 1525 4829 ψυχήν·
1589 4762 1689 4832 τὴν
1722 4761 1768 4815 δ’
1798 4762 1938 4832 ἐμὴν

367 4841 545 4912 ψυχὴν
578 4843 677 4895 οὐκ
723 4845 779 4896 ὲν
837 4844 1139 4914 ἀλλοτρίοις
1201 4846 1469 4916 σώμασιν,
1526 4850 1642 4903 ἀλλ’
1668 4853 1724 4903 ἐν
1779 4850 1940 4905 ἀλλο-

370 4936 550 5006 τρίαις
586 4935 888 5007 συνηνέχθη
922 4938 1022 5009 ζῇν
1042 4943 1161 5002 ταῖς
1205 4940 1426 5011 ψυχαῖς.
1480 4943 1630 5013 Μηδέ
1668 4944 1777 5013 γὰρ
1835 4959 1941 4996 σω-

373 5026 581 5096 μάτων,
610 5027 746 5081 sua
808 5028 995 5102 ψυχῶν
1044 5030 1303 5100 ὑπάρχων
1342 5031 1502 5096 αὐτὸς
1529 5031 1787 5102 ἐραστὴς,
1848 5031 1943 5085 καὶ

369 5118 546 5189 ψυχὰς
622 5121 745 5183 τοὺς
798 5100 1034 5190 ἐραστὰς
1100 5123 1394 5195 εὐτύχησαο
1433 5126 1525 5177 καὶ
1561 5100 1782 5194 ⁷τρῦπον
1824 5122 1943 5177 ἓτε-

2058 559 2226 614 seque
2278 544 2754 600 exsecrationibus
2786 543 2842 599 in
2888 543 2942 599 id
2992 543 3245 599 maximis
3284 552 3451 615 atque
3498 543 3632 599 hora

2057 637 2246 692 rendis
2281 636 2532 702 devovit,
2583 636 2630 691 si
2670 636 2949 694 ullatenus
2983 635 3216 691 mendax
3275 636 3333 691 in
3388 635 3459 691 iis
3507 651 3631 705 qua:

2057 728 2290 784 dixisset
2322 735 2678 798 argueretur.
2706 736 2734 767 ι

2129 913 2218 969 ΙΙΙ.
2258 912 2356 968 His
2405 911 2481 966 ita
2527 909 2884 973 constitutis,
2935 910 3133 963 iterum
3168 909 3305 964 urhe
3342 925 3507 981 quam
3536 924 3629 963 ce-

2056 1005 2283 1060 lerrime
2314 1016 2573 1074 egressus
2599 1010 2691 1058 est
2721 999 3158 1065 Cantacuzenus,
3185 1016 3380 1070 magna
3420 1001 3630 1054 instru-

2056 1106 2177 1153 ctus
2205 1096 2523 1151 domestica:
2549 1094 2801 1164 pecunia:
2831 1093 2906 1156 vi,
2934 1108 3237 1162 earumque
3270 1107 3474 1157 rerum,
3509 1108 3631 1162 qua:

2056 1192 2388 1254 comparatae
2407 1192 2594 1238 essent
2613 1182 2682 1238 ad
2703 1183 3078 1238 conciliandos
3095 1185 3417 1238 muneribus
3439 1185 3631 1238 obvios
3708 1182 3713 1187 ’

2056 1290 2308 1347 quosque
2331 1317 2347 1341 ,
2404 1276 2641 1346 populos
2664 1316 2677 1338 .
2729 1275 2897 1330 urbes
2922 1312 2936 1337 ,
2984 1274 3191 1344 legatos
3220 1315 3234 1332 .
3270 1276 3630 1344 supellectilia

2058 1369 2306 1441 intelligo
2336 1379 2392 1425 et
2433 1379 2617 1424 vestes
2657 1369 2873 1424 Italicas
2917 1384 2984 1424 ex
3012 1369 3157 1433 lana,
3200 1379 3257 1423 et
3289 1384 3631 1439 quaecunque

2046 1440 2160 1519 .alia
2196 1465 2495 1534 plurimum
2528 1467 2595 1517 ad
2624 1461 3033 1518 conciliandam
3081 1462 3314 1531 gratiam
3351 1462 3559 1518 valent.

2130 1696 2335 1778 lV.Ast
2364 1723 2690 1792 Apocaucus
2735 1722 2961 1778 castello
2988 1737 3089 1777 suo
3115 1723 3385 1787 inclusus,
3419 1732 3629 1778 tantum

1980 1810 2028 1869 B
2057 1814 2248 1869 aberat
2277 1826 2339 1869 ut
2388 1814 2601 1882 pudore
2628 1813 2939 1869 adiceretur
2973 1814 3438 1886 erubesceretque
3466 1833 3629 1871 suum

2058 1904 2191 1969 illud
2235 1905 2462 1959 minime
2494 1905 2654 1959 virile
2685 1920 2751 1959 ac
2780 1920 3006 1974 prorsus
3057 1905 3354 1962 femineum
3386 1908 3511 1963 vita:
3540 1908 3629 1961 in-

2060 1997 2349 2052 stitutum:
2391 1997 2557 2052 etiam
2591 1998 2789 2052 animis
2812 1996 3126 2064 inﬂabatur,
3169 2006 3225 2053 et
3252 2014 3420 2055 voces
3450 2003 3630 2057 omnis

1980 2105 2001 2113 ε
2052 2089 2378 2158 arrogantiae
2410 2088 2600 2156 plenas
2620 2089 2881 2159 jactabat,
2903 2097 2958 2144 et
2980 2089 3426 2146 Cantacuzenum
3450 2093 3628 2161 ipsum

2054 2180 2288 2236 inscitia
2325 2181 2614 2251 arguebat,
2657 2181 2803 2255 quod
2839 2197 2948 2236 non
2991 2192 3049 2238 et
3081 2184 3198 2248 ipse
3228 2184 3335 2239 sibi
3372 2187 3630 2242 cautione

2053 2271 2221 2325 simili
2251 2271 2607 2340 providisset,
2642 2284 2701 2326 ut
2732 2272 2787 2326 in
2813 2275 3075 2329 extremis
3109 2276 3380 2345 angustiis
3407 2279 3629 2346 pericu-

2052 2364 2297 2433 losisque
2351 2364 2700 2434 temporibus
2755 2365 2863 2420 tale
2915 2364 3145 2421 haberet
3197 2366 3508 2439 perfugium
3566 2385 3631 2423 ac.

2054 2456 2368 2525 praesidium
2408 2458 2628 2512 salutis.

2123 2549 2186 2604 V.
2228 2551 2415 2605 Atille
2441 2552 2552 2606 haec
2580 2551 2812 2607 audiens
2841 2553 3080 2609 hominis
3108 2556 3464 2612 Stoliditatem
3498 2560 3631 2614 irri~

2049 2641 2235 2705 debat,
2272 2651 2325 2696 et
2359 2644 2628 2714 ejusmodi
2658 2644 2823 2699 dabat
2850 2647 2900 2700 ei
2935 2663 3198 2718 responsa
3230 2665 3243 2703 :
3286 2669 3304 2701 ι
3335 2650 3452 2705 Νοη
3486 2651 3627 2722 lapi-

2050 2733 2215 2787 dibus
2261 2742 2356 2787 aut
2401 2736 2686 2790 laterculis
2736 2753 2914 2792 meam
2983 2742 3216 2794 salutem
3270 2743 3625 2798 muniendam

2047 2826 2206 2896 θοι
2243 2826 2375 2881 mihi
2403 2843 2525 2882 esse
2551 2828 2703 2894 duxi,
2735 2846 2833 2883 nec
2862 2832 3063 2886 talibus
3088 2835 3383 2888 verborum
3421 2839 3628 2906 praesti-

2047 2916 2151 2986 giis
2176 2932 2309 2972 eave
2342 2918 2612 2973 orationis
2638 2936 2835 2991 pompa
2875 2925 2950 2976 uti
2987 2924 3162 2987 soleo,
3198 2926 3250 2978 in
3293 2927 3459 2982 rebus
3484 2929 3636 3003 adeo.

2047 3008 2262 3078 exiguis
2296 3016 2460 3079 atque
2488 3010 2796 3068 fallacibus.
2836 3013 2943 3069 Sed
2976 3016 3031 3068 in
3066 3032 3282 3071 morum
3325 3019 3625 3075 stabilitate

1998 3098 2013 3172 ζ
2048 3117 2409 3172 perseverans
2443 3105 2620 3160 habeo
2649 3121 2747 3176 pro
2776 3107 3390 3203 immortali‘prxesidio,
3424 3111 3626 3166 ﬁrmis-

2001 3188 2014 3205 ¹
2052 3195 2301 3266 simaquc
2358 3212 2583 3261 ancora,
2617 3199 2796 3267 primo
2836 3214 2963 3269 spes
3012 3201 3064 3254 in
3086 3188 3226 3255 'Deo
3254 3213 3433 3258 certas
3461 3221 3476 3268 ;
3507 3212 3622 3258 tum

2053 3287 2224 3339 robur
2271 3287 2399 3341 inde
2448 3286 2744 3343 illibatum.
2778 3289 2875 3344 His
2927 3290 3123 3356 fretus,
3184 3291 3296 3347 Deo
3351 3293 3475 3356 soli,
3528 3282 3661 3365 qui‘

2049 3378 2265 3432 occulta
2299 3379 2585 3447 perspicit,
2614 3388 2855 3434 mentem
2888 3382 3100 3436 excolo.
3138 3381 3276 3437 [line
3304 3384 3393 3437 illa
3427 3402 3625 3455 peren-

2049 3469 2138 3523 ῐιίς
2176 3470 2307 3523 mihi
2349 3472 2640 3534 securitas,
2673 3487 2797 3541 qttae
2842 3488 2944 3527 nec
2981 3473 3151 3527 solem
3198 3488 3481 3545 exspectat
3513 3464 3626 3533 me—

2049 3563 2187 3617 liora
2220 3563 2657 3629 declaraturum,
2690 3579 2789 3618 nec
2826 3564 3072 3620 Platonis
3110 3576 3206 3620 aut
3238 3569 3624 3625 Demosthenis

2047 3654 2299 3733 linguam
2331 3655 2620 3709 delicatam
2671 3663 2726 3709 et
2778 3655 2982 3711 eximie
3030 3658 3308 3713 Atticam:
3359 3664 3455 3715 sed
3508 3663 3623 3732 ipsa

2048 3761 2148 3816 per
2177 3760 2235 3799 se
2274 3746 2392 3799 solo
2442 3760 2626 3799 rerum
2678 3754 2973 3816 progressu
3027 3748 3449 3807 admirationem
3503 3756 3622 3808 orhi

2047 3853 2203 3907 paene
2236 3837 2450 3893 indicit.
2480 3838 2581 3904 Qui
2617 3839 2765 3894 enim
2802 3839 3184 3909 praesidiorum
3217 3851 3274 3898 et
3306 3860 3623 3918 propugna-

2047 3922 2296 3985 cuiorum
2337 3917 2529 3985 insano
2566 3930 2708 3985 fastu
2741 3931 3119 3998 delectantur,
3161 3935 3226 3990 iis
3271 3936 3370 3990 llos
3398 3938 3618 3993 dzliciao

2051 4038 2169 4074 rum
2202 4036 2427 4075 suarum
2475 4021 2585 4075 cito
2633 4023 2888 4089 moritur,
2934 4023 3178 4079 radicem
3211 4029 3440 4083 sortitus
3472 4031 3620 4084 haud

2045 4116 2385 4169 diuturnam.
2418 4112 2534 4183 Ego
2566 4129 2696 4168 vero
2722 4115 2938 4170 animos
2966 4117 3100 4171 mihi
3125 4119 3414 4175 conciliari
3445 4122 3624 4178 homi-

2045 4222 2202 4272 num,
2234 4206 2485 4277 praesidia
2513 4222 2576 4262 ac
2605 4209 3017 4278 propugnacula
3045 4214 3362 4274 num‘crosa.
3392 4216 3618 4273 eadem-
3643 4200 3651 4217 ’

2046 4311 2153 4367 que
2188 4295 2526 4351 lirmissima.
2561 4293 2677 4350 illis
2707 4310 2889 4350 meum
2938 4296 3056 4366 ipse
3111 4300 3357 4357 animum
3404 4306 3625 4363 addixi.

2045 4389 2122 4444 Ac
2151 4386 2303 4442 Plato
2331 4386 2550 4456 quidem
2583 4386 2764 4442 alieno
2794 4387 2850 4442 in
2879 4403 3113 4459 corpore
3141 4395 3324 4448 vivere
3351 4401 3620 4456 amatoris

1977 4488 2016 4540 ιι
2045 4479 2286 4533 animam
2328 4477 2488 4532 dixit.
2533 4475 2662 4533 Meae
2693 4486 2877 4533 autem
2913 4480 3112 4536 anima:
3141 4481 3190 4536 id
3218 4484 3434 4556 obtigit,
3472 4498 3531 4544 ut
3562 4491 3617 4547 in

2041 4572 2238 4631 alienis
2278 4585 2388 4625 non
2439 4570 2770 4640 corporibus
2821 4571 2918 4626 sed
2968 4569 3448 4634 animis'viveret.
3476 4581 3614 4639 Cum

2041 4664 2189 4718 enim
2222 4678 2329 4717 non
2369 4677 2661 4733 corporum
2703 4661 2798 4717 sed
2829 4663 3138 4765 animorum
3173 4680 3387 4725 amator
3414 4687 3617 4742 essem,

2042 4755 2256 4809 animos
2283 4754 2447 4808 etiam
2477 4762 2752 4809 amatores
2777 4754 2883 4810 mei
2907 4754 3148 4813 lucratus
3173 4773 3296 4814 sum
3320 4761 3616 4836 eﬂ‘ecique,

2042 4857 2105 4902 ut
2130 4848 2509 4902 animarentur
2544 4860 2684 4900 nova
2718 4846 2955 4916 quadam
2989 4849 3206 4905 ratione
3237 4854 3407 4908 animi
3445 4857 3620 4925 pluri-

2044 4952 2280 4993 morum.
2310 4935 2593 5007 Ejusmodi
2644 4950 2798 4991 arces
2827 4939 3145 5007 comparavi
3194 4942 3351 4998 mihi.
3382 4944 3472 5001 Sic
3514 4963 3619 5019 ego

2039 5046 2164 5086 cum
2196 5042 2411 5084 summa
2441 5037 2496 5082 et
2528 5027 2928 5107 tranquillitate
2958 5042 3015 5085 et
3049 5033 3331 5104 voluptate
3361 5039 3615 5096 omnium

2040 5122 2174 5178 mihi
2221 5130 2278 5177 et
2309 5119 2539 5199 allectus
2572 5131 2630 5176 et
2662 5122 2977 5180 voluntates
3005 5126 3281 5196 concilio;
3316 5140 3481 5201 atque
3540 5135 3614 5190 ita

1714 5242 2052 5324 variorum
2087 5272 2271 5324 noue.

447 5380 558 5449 (90)
601 5379 921 5452 Cuiusmodi
974 5384 1142 5438 fuerit
1198 5383 1342 5438 istud
1384 5385 1709 5452 patriarchae
1751 5399 1938 5439 sacra-
1988 5390 1998 5401 ‘

374 5461 623 5506 mentum
684 5451 938 5521 pluribus
985 5453 1146 5509 docet
1202 5453 1346 5509 idem
1387 5451 1780 5513 ’Cantaeuzen.
1844 5469 1939 5509 ca-

379 5524 487 5597 pite
522 5525 577 5585 t5,
604 5534 875 5587 extremo,
904 5521 997 5578 ubi
1028 5525 1097 5578 de
1127 5525 1425 5597 utriusque,
1454 5525 1928 5591 recnnciliatioue.

928 5662 1015 5720 die
1053 5663 1143 5723 28.
1170 5662 1254 5719 Cf.
1297 5643 1520 5721 Can’tac.
1551 5664 1650 5720 lib.
1693 5681 1775 5728 ιιι,
1807 5681 1930 5737 cap.

448 5772 464 5786 .
495 5748 702 5786 DOIVIN.

2122 5384 2245 5460 (92)
2273 5383 2778 5460 _Legendu_m__p:l;6‘
2802 5385 2974 5455 ἥλιον,
3027 5398 3140 5443 etc.
3182 5389 3504 5460 Quanquam
3542 5410 3611 5448 ne

2047 5455 2127 5510 sic
2155 5455 2582 5526 quidetn’dstatis
2612 5455 2807 5524 liquet,
2833 5473 3087 5526 quaenam
3123 5460 3193 5514 sit
3224 5455 3379 5513 mens
3423 5473 3611 5517 aucto-

2047 5526 2140 5603 ris.
2178 5524 2328 5603 lfuto
2364 5524 2515 5603 ﬁ}.th
2552 5527 2656 5580 hoc
2694 5526 2812 5580 loco
2851 5524 2971 5582 esse
3005 5530 3420 5603 ipsamrempus,
3453 5533 3613 5603 cujus

2042 5596 2312 5719 Beneﬁcio
2357 5595 2621 5651 discimus
2675 5611 2925 5665 quaenam
2964 5595 3194 5654 consilia
3238 5602 3443 5673 optima
3474 5595 3630 5675 siin.-

2083 5682 2244 5719 OIVIN.

2083 5682 2244 5719 OIVIN.
