4070 6434
335 390 439 452 823
727 379 800 460 [Α.
838 404 884 444 c.
916 389 1072 463 lSll]

1362 400 1804 466 ‘BYZANTINE
1846 405 2235 496 Ht;~sroti_i.-E
2273 410 2415 475 LIB.
2465 414 2606 490 le.

2742 409 2880 483 [tua
2910 429 2953 468 ε.
2991 429 3229 470 pangat.
3269 414 3322 485 l]

3498 422 3623 487 .830

332 495 819 577 ἀπαρακαλύπτως
851 511 986 581 πρὸς
1027 512 1293 567 ἄσπονδον
1329 518 1426 570 καὶ
1453 521 1768 589 ἀκήρυκτον
1801 521 1917 574 ἐκί-

2045 534 2212 580 .enter
2257 526 2627 596 implacabilis
2687 529 3136 604 internecinique
3186 535 3313 590 belli
3360 545 3622 593 auctores

340 620 469 672 νησε
502 604 569 656 τὰ
602 604 908 673 πράγματα
938 608 1140 676 μάχην·

410 692 488 748 Ε’.
515 693 628 745 Καὶ
655 689 721 762 ἦν
783 695 911 748 ίδεῖν
949 699 1026 760 εἰς
1058 697 1153 751 δύο
1196 700 1388 769 μοίρας
1448 702 1667 771 σχισθὲν
1714 705 1775 758 τὸ
1822 705 1930 757 τῶν

352 781 642 852 Ῥωμαίων
674 786 828 854 γένος
865 787 1016 842 ἂπαν
1040 792 1182 845 κατὰ
1205 795 1387 847 πᾶσαν
1408 795 1562 848 πόλιν
1583 796 1679 848 καὶ
1704 795 1889 867 χώραν
1910 816 1926 831 ο

340 873 423 936 εἰς
458 891 516 926 τε
545 874 605 926 τὸ
636 879 858 930 συνετὸν
883 881 977 931 καὶ
1031 881 1326 938 ἀσύνετον*
1356 885 1439 949 είς
1497 872 1557 940 τε
1593 888 1655 941 τὸ
1707 887 1929 962 [R382]

342 963 562 1034 πλούτῳ
589 970 685 1019 καὶ
716 967 843 1041 δόξῃ
874 970 1138 1044 διαφέρον
1183 977 1362 1031 καὶτὸ
1406 977 1587 1042 ὲνδεές
1613 994 1628 1012 ⁸
1672 979 1754 1041 είς
1780 998 1838 1033 τε
1872 982 1934 1035 τὸ

342 1058 592 1122 παιδείας
623 1060 882 1126 εὐγενοῦς
906 1066 1179 1133 τρόφιμον
1215 1071 1310 1122 καὶ
1343 1070 1404 1123 τὸ
1439 1073 1647 1143 δπάσης
1679 1074 1932 1139 παιδείας

342 1152 632 1217 παντελῶς
684 1155 981 1226 ὑπερόριον
1002 1174 1017 1188 ⁸
1043 1161 1125 1223 είς
1169 1179 1227 1213 τε
1259 1161 1319 1214 τὸ
1362 1162 1576 1233 ἔμφρον
1611 1168 1705 1220 καὶ
1737 1185 1931 1237 τεταγ-

345 1244 505 1313 μένον
567 1246 664 1300 καὶ
698 1248 759 1300 τὸ
792 1248 966 1318 ἄφρον
1026 1251 1120 1304 καὶ
1181 1254 1486 1318 στασιῶδες
1546 1258 1642 1309 καὶ
1698 1260 1935 1329 αίμοχα-

314 1332 472 1403 “ρές·
514 1337 608 1389 καὶ
676 1340 747 1392 τὰ
823 1339 926 1409 μὲν
993 1339 1189 1408 βελτίω
1260 1343 1439 1396 πάντα
1515 1346 1654 1416 πρὸς
1724 1351 1934 1403 ἐκεῖνον

348 1431 808 1499 μετερρυηκδτα’
873 1432 942 1487 τὰ
993 1418 1051 1488 δὲ
1111 1434 1281 1505 χείρω
1349 1438 1531 1491 πάντα
1591 1439 1731 1510 πρὸς
1797 1444 1926 1506 τοὺς

344 1520 405 1571 ὲν
434 1520 738 1592 Βυζαντίῳ.
771 1525 836 1579 Οἱ
865 1526 976 1595 γὰρ
999 1526 1150 1594 γένει
1182 1530 1277 1583 καὶ
1307 1528 1526 1601 πλούτῳ
1546 1531 1646 1586 καὶ
1672 1532 1803 1606 δόξῃ
1829 1534 1936 1589 τῶν

346 1610 559 1665 πολλῶν
596 1614 976 1686 ὑπερέχοντες,
1013 1620 1198 1682 οίκους
1246 1621 1475 1690 ἀφέντες
1530 1624 1625 1677 καὶ
1673 1627 1937 1695 γυναῖκας

350 1703 444 1758 καὶ
485 1702 701 1771 παῖδας,
727 1709 807 1771 είς
835 1711 1045 1763 ἐκεῖνον
1066 1712 1195 1785 μὸλῃ
1231 1713 1491 1782 προθέσει
1522 1715 1701 1788 ψυχῆς
1732 1718 1936 1789 ἐρρύη-

352 1815 476 1863 σαν,
525 1800 617 1854 καὶ
650 1801 833 1871 αὐτῶν
889 1802 955 1876 δὴ
995 1803 1103 1858 τῶν
1153 1804 1426 1873 φιλτάτων
1487 1807 1585 1879 τὴν
1642 1810 1936 1881 ὑπερόριον

348 1892 705 1963 προελόμενοι
764 1897 999 1962 δίαιταν,
1040 1902 1135 1955 καὶ
1193 1902 1404 1973 βέλτιον
1443 1903 1786 1975 ἡγησάμενοι
1838 1908 1938 1962 σὺν
1972 1890 2012 1945 Β

346 1983 542 2053 ἐκείνῳ
567 1986 871 2057 δυστυχεῖν,
903 1990 936 2060 ἦ
974 1993 1115 2061 μετὰ
1147 1994 1354 2050 τούτων
1380 1999 1601 2068 τρυφᾷν
1624 2015 1639 2030 ο
1682 1995 1840 2068 οἶμαι
1879 2001 1941 2053 τὸ

344 2072 443 2126 τοῦ
477 2076 862 2148 Ἀναχάρσιδος
894 2082 1167 2151 λέγοντες,
1203 2085 1280 2149 ὡς
1338 2090 1596 2156 κρεῖσσον
1627 2088 1726 2143 ἕνα
1775 2090 1931 2160 φίλον

348 2167 649 2233 κεκτῆσθαι
712 2170 925 2225 πολλῶν
984 2173 1157 2240 ἄξιον,
1205 2175 1239 2246 ἢ
1296 2177 1527 2243 πολλοὺς
1587 2177 1772 2247 ἀξίους
1834 2200 1938 2252 μη-

346 2259 520 2324 δενός.

421 2352 513 2440 ς’.
551 2355 724 2429 ’Ὕλην
749 2362 930 2417 τοίνυν
983 2367 1257 2434 εὑρόντες,
1321 2373 1388 2440 ἢν
1443 2371 1613 2424 πάλαι
1649 2369 1937 2435 ποθοῦντες

348 2439 665 2512 ἐτύγχανον,
700 2450 1007 2518 φακέλλους
1036 2439 1388 2528 γραμμάτιον
1410 2439 1720 2530 διέπεμπον
1750 2462 1798 2511 ot
1830 2458 1937 2511 Βυ-

349 2537 558 2602 ζάντιοι
602 2542 858 2616 πρόεδροι
892 2548 1034 2602 κατὰ
1059 2550 1244 2606 πᾶσαν
1272 2553 1544 2624 ἐπαρχίαν
1608 2554 1705 2608 καὶ
1757 2551 1936 2617 πόλιν,

346 2636 598 2709 ἀνάθεμα
622 2640 717 2693 καὶ
750 2641 1098 2712 ἀφορισμοὺς
1136 2646 1469 2715 περιέχοντα
1526 2646 1774 2707 πάντων,
1818 2647 1936 2699 ὅσοι

350 2730 497 2797 φίλοι
545 2731 791 2787 θέλουσιν
832 2731 1091 2789 εἶναιτοῦ
1139 2738 1640 2812 Καντακουζηνοῦ·
1692 2741 1788 2794 καὶ
1823 2741 1938 2809 ἅμα

348 2822 461 2874 πᾶν
484 2822 546 2875 τό
591 2841 653 2876 τε
679 2824 974 2896 δημοτικὸν
1006 2826 1317 2897 ἐρεθίζοντα
1348 2830 1492 2884 κατὰ
1518 2831 1625 2884 τῶν
1664 2831 1938 2885 πλουσίων

348 2916 563 2969 καὶτὸν
595 2915 865 2986 βάναυσον
909 2917 1068 2990 ὄχλον
1124 2922 1267 2975 κατὰ
1298 2922 1409 2995 τῶν
1469 2922 1596 2995 δόξῃ
1642 2924 1739 2977 καὶ
1786 2926 1937 2992 γένει

350 3008 709 3078 προύχόντων
732 3025 747 3039 ⁶
784 3010 871 3063 ἵνα
901 3011 1010 3063 τῶν
1041 3010 1217 3076 οὕτως
1250 3013 1486 3082 ἐχόντων
1521 3016 1584 3067 ὲκ
1618 3015 1788 3082 μέσου
1839 3033 1936 3084 γε-

348 3101 614 3170 νομένων,
651 3103 894 3172 εὐχερῶς
927 3105 1085 3158 αὑτοὶ
1116 3105 1218 3173 τῆς
1251 3107 1429 3176 ἀρχῆς
1490 3108 1785 3177 ἐγκρατεῖς
1834 3125 1937 3162 και

347 3194 610 3261 ταστῶσι,
653 3196 817 3267 μηδὲν
843 3197 1060 3251 ὁθενοῦν
1100 3198 1394 3251 ἀντίπαλον
1428 3198 1792 3270 ὑφορώμενοι.
1826 3202 1939 3255 Καὶ
1965 3242 2006 3270 _.,

353 3290 539 3359 μέντοι
578 3290 675 3343 καὶ
702 3293 928 3359 γέγονεν
965 3292 1219 3347 ἐντεῦθεν
1257 3294 1496 3365 μεγίστη
1520 3295 1618 3350 καὶ
1649 3294 1937 3365 πολυειδὴς

350 3382 528 3451 φθορὰ
561 3383 813 3453 πανταχῆ
836 3383 946 3437 τῶν
1007 3384 1340 3454 Ῥωμαϊκῶν
1380 3384 1440 3438 ἐν
1496 3385 1697 3455 βραχεῖ
1758 3401 1940 3455 πραγ-

350 3474 561 3542 μάτων,
586 3474 704 3527 οἶαν
758 3475 934 3540 οὐδεὶς
961 3477 1019 3529 ὲν
1069 3476 1265 3547 βραχεῖ
1320 3479 1674 3549 παραστῆσαι
1713 3478 1940 3535 δύναται

347 3566 529 3637 λόγος.

420 3659 498 3715 Ζ’.
545 3660 603 3714 Ὀ
634 3661 736 3732 μὲν
797 3657 894 3716 οὑν
928 3663 1388 3733 Καντακουζηνὸς
1457 3666 1612 3721 οὐδὲν
1657 3667 1939 3733 ἐπιδείξα-

356 3752 482 3808 σθαι
510 3752 709 3822 θάρσος
747 3753 1022 3819 ἐϐούλετο,
1042 3750 1161 3808 ὀὐδ’
1184 3754 1458 3826 ἐπεχείρει
1490 3758 1628 3827 πρὸς
1661 3758 1813 3811 οὐδὲν
1831 3757 1942 3810 τῶν

350 3845 610 3901 ἁπάντων
634 3846 870 3917 σπουδῆς
910 3846 1083 3913 ἄξιον,
1117 3841 1207 3901 οἷα
1226 3847 1444 3917 φιλοῦσι
1476 3852 1655 3902 ποιεῖν
1683 3850 1734 3902 οί
1770 3850 1944 3902 τοιού-

350 3955 466 4004 τοις
487 3940 869 4012 ἐγχειροῦντες
909 3942 1005 3993 καὶ
1067 3941 1203 4012 πρὸς
1247 3942 1476 3996 τοιαῦτα
1523 3942 1741 4011 πελάγη
1783 3959 1939 3995 συνε-

354 4034 640 4101 λαθέντες·
669 4034 785 4090 ἀλλ’
824 4035 1019 4106 ἔμενεν
1048 4035 1256 4106 ἥσυχος
1320 4035 1460 4106 μετὰ
1509 4036 1610 4105 τῆς
1663 4036 1941 4106 ἑπομένης

354 4130 504 4197 αὑτῷ
539 4131 821 4201 στρατιᾶς.
880 4126 1008 4199 Εἶχε
1068 4130 1179 4200 γὰρ
1227 4128 1479 4195 ὁπλίτας,
1517 4128 1627 4183 τῶν
1667 4130 1767 4199 μὲν
1820 4129 1943 4183 λίαν

354 4226 595 4295 ἁρίστων
624 4222 721 4279 καὶ
760 4222 925 4297 ῥώμῃ
958 4221 1211 4294 σώματος
1241 4225 1340 4277 καὶ
1356 4220 1540 4294 ψυχῆς
1585 4223 1781 4294 ἀνδρίᾳ
1846 4225 1943 4279 καὶ

354 4319 522 4389 πείρᾳ
548 4321 938 4388 διαφερόντων,
975 4318 1108 4388 ἄχρι
1134 4318 1229 4371 καὶ
1265 4318 1324 4379 ἐς
1364 4316 1667 4387 δισχιλίους
1687 4317 1893 4381 ἱππέας
1923 4332 1937 4348 ·

353 4410 404 4464 οἶ
434 4411 527 4463 καὶ
547 4412 608 4463 τὴ
632 4404 735 4463 σὺν
760 4408 909 4479 αὑτῴ
944 4408 1128 4462 θανεῖν
1168 4408 1350 4479 πολλῷ
1406 4409 1740 4480 τιμιώτερον
1799 4406 1943 4482 ἦσαν

354 4504 674 4574 ἡγούμενοι,
707 4503 742 4577 ἢ
778 4503 918 4573 πλὴν
946 4501 1114 4556 αὑτοῦ
1155 4501 1258 4573 ζῇν
1304 4503 1431 4574 ἄχρι
1485 4505 1616 4573 μιᾶς
1639 4519 1787 4567 τινος
1840 4504 1939 4570 ’τῆς

355 4586 593 4669 ἡμέρας.
623 4594 687 4650 Οί
750 4596 850 4668 μὲν
878 4591 973 4650 οὖν
1002 4596 1230 4677 λογάδες
1263 4596 1499 4651 τοιοῦτοι
1532 4597 1628 4652 καὶ
1687 4601 1933 4654 τοσοῦτοι
1972 4588 2011 4641 D

352 4691 449 4746 τὸν
477 4688 714 4762 ἀριθμὸν
734 4685 877 4758 ἦσαν
903 4686 1056 4759 αὑτῷ
1081 4703 1096 4719 ο
1132 4689 1186 4740 ot
1246 4687 1304 4741 δὲ
1341 4689 1462 4759 μετ’
1496 4688 1696 4753 αὑτοὺς
1745 4691 1942 4743 ταττό-

360 4802 514 4857 μενοι
542 4784 621 4846 δὶς
653 4783 923 4837 τοσοῦτοι.
1326 4852 1335 4857 _

431 4874 511 4932 ll'.
550 4877 788 4938 Ἐκεῖνος
817 4876 917 4946 μὲν
945 4868 1039 4929 οὖν
1068 4875 1491 4946 διεπρεσϐεύετο
1521 4875 1658 4948 πρὸς
1692 4877 1819 4941 τοὺς
1844 4878 1948 4931 Βυ-

357 4969 610 5033 ζαντίους
641 4969 710 5023 τὰ
750 4968 890 5039 πρὸς
918 4969 1144 5039 εἰρήνην
1170 4968 1365 5039 συχνὰ,
1427 4970 1520 5024 καὶ
1572 4970 1683 5023 τῶν
1738 4970 1948 5041 βασιλι-

358 5059 472 5112 κῶν
495 5057 593 5111 τοῦ
615 5057 853 5127 συζύγου
894 5057 995 5127 τὴν
1035 5058 1286 5128 βασιλίδα
1311 5059 1697 5130 ἀνεμίμνησκε
1750 5059 1947 5130 διαθη-

359 5148 475 5204 κῶν
513 5150 610 5202 καὶ
647 5150 898 5211 ἐντολῶν,
932 5148 997 5211 ἃς
1048 5151 1254 5214 ἐκεῖνος
1293 5150 1374 5204 ἔτι
1438 5150 1549 5217 ζῶν
1593 5150 1730 5223 αὑτῇ
1789 5151 1948 5204 διετί-

361 5242 506 5307 θετο,
536 5242 747 5314 περί-τε
767 5241 965 5314 κήδους
995 5241 1088 5295 τοῦ
1127 5242 1247 5294 νέου
1276 5242 1548 5313 βασιλέως
1570 5228 1668 5297 καὶ
1721 5245 1945 5313 ἐπιτροο

360 5336 469 5406 πῆς
499 5308 1083 5406 τοὺἾΚ⁶αντακουζηνοῦ
1138 5308 1397 5407 ἄχρι-τῆς
1461 5336 1778 5406 πρεπούσης
1830 5308 1952 5405 ηλι-

361 5430 490 5490 κίας
516 5427 608 5480 τοῦ
644 5429 787 5481 νέου.
812 5427 966 5497 Μηδὲ
1025 5430 1134 5497 γὰρ
1193 5427 1394 5498 χρῆναι
1450 5428 1734 5481 πιστεύειν
1790 5429 1949 5483 ἁλλο-

360 5518 531 5590 τρίοις
584 5517 928 5586 συμϐούλοις,
996 5535 1090 5572 και
1146 5520 1327 5573 πάντα
1382 5519 1520 5591 πρὸς
1578 5518 1678 5590 τὴν
1724 5521 1941 5573 οἰκείαν

364 5608 760 5674 σπουδάζουσιν
792 5609 1002 5679 ἔφεσιν.
1061 5610 1155 5664 καὶ
1213 5612 1314 5665 ὅσα
1367 5611 1433 5664 Ρ.
1459 5609 1588 5683 585]
1633 5612 1733 5682 τὴν
1790 5613 1948 5680 ταχί-

364 5717 502 5773 στην
536 5702 839 5773 ἀνατρέψαι
867 5701 1124 5758 δύνανται
1155 5704 1257 5759 τὴν
1278 5704 1448 5760 πάλαι
1476 5705 1832 5770 κατάστασιν,
1857 5707 1951 5759 καὶ

363 5795 463 5851 ὅλα
501 5795 809 5867 συλλήϐδην
846 5796 1026 5849 εἰπεῖν
1051 5796 1120 5850 τὰ
1154 5795 1258 5864 τῆς
1295 5796 1576 5867 βασιλείας
1618 5799 1945 5869 πράγματα.

438 5883 517 5941 θ’.
551 5886 619 5940 'll
643 5886 698 5942 δὲ
730 5886 950 5959 τοιαύτη
980 5886 1072 5942 τοῦ
1096 5888 1288 5959 ἀνδρὸς
1314 5888 1591 5962 ἡμερότης
1626 5889 1723 5943 οὑκ
1752 5890 1950 5960 ιμάτα.

2033 615 2393 673 exsistebant.

2104 708 2168 763 ν.
2200 710 2277 765 Ac
2310 719 2441 767 tunc
2492 714 2724 768 scissum
2773 715 2828 768 in
2863 714 3002 770 duas
3055 726 3240 786 partes
3276 716 3466 772 videre
3497 727 3617 773 erat

2033 815 2133 869 per
2170 816 2362 855 omnes
2391 813 2447 857 et
2483 803 2650 857 urbes
2678 812 2734 858 et
2765 808 3085 874 provincias
3116 822 3279 862 omne
3313 807 3624 862 Romanum

2035 908 2230 961 genus,
2257 908 2312 948 et
2345 893 2476 949 hinc
2512 895 2738 964 quidem
2770 897 3155 966 sapientiores,
3192 898 3319 953 inde
3352 898 3626 969 insipien-

2037 990 2120 1037 tes
2146 992 2293 1038 stare
2324 1001 2337 1035 τ
2372 984 2500 1038 hinc
2543 985 2798 1040 homines
2849 986 3048 1055 opibus
3104 998 3160 1042 et
3195 988 3630 1066 dignitate’emi;

2039 1081 2254 1134 nentes,
2280 1072 2414 1129 inde
2434 1089 2642 1144 egenos
2666 1092 2680 1127 :
2701 1075 2829 1130 hinc
2855 1076 3097 1130 liberalis
3117 1076 3424 1145 disciplina:
3453 1077 3633 1130 alunt-

2037 1179 2162 1230 nos,
2196 1163 2326 1219 inde
2384 1166 2597 1221 alienos
2626 1167 2694 1222 ab
2732 1166 2883 1221 bmni
2934 1167 3258 1236 disciplina;
3292 1168 3424 1222 hinc
3470 1169 3632 1224 deni-

2039 1271 2149 1325 que
2181 1271 2280 1311 eos
2307 1256 2401 1326 qui
2441 1258 2559 1311 sani
2590 1274 2653 1313 ac
2682 1260 2950 1313 moderati
2981 1268 3187 1318 essent.
3227 1260 3378 1314 illinc
3407 1273 3502 1314 eos
3533 1259 3628 1330 qui

2038 1348 2356 1404 insanirent
2387 1350 2869 1421 seditionibusque
2896 1361 2952 1406 ct
2981 1350 3252 1423 sanguine
3279 1350 3584 1447 gauderem,
3603 1340 3629 1406 ἰ

2038 1448 2095 1495 et
2123 1441 2366 1510 optimos
2396 1442 2620 1512 quidem
2647 1458 2899 1513 quosque
2938 1443 3027 1500 isti
3068 1444 3472 1515 sutl‘ragantes;
3504 1441 3632 1513 pes-

2040 1534 2209 1588 simos
2247 1543 2432 1613 autem
2473 1549 2673 1590 omnes
2722 1534 3058 1605 Byzantinis.
3090 1535 3196 1603 Qui
3228 1536 3378 1591 enim
3407 1551 3631 1607 genere,

2039 1626 2238 1697 opibus
2297 1636 2354 1683 et
2392 1626 2658 1698 dignitate
2715 1627 2960 1697 reliquos
2992 1629 3300 1692 anteibant,
3335 1628 3373 1684 ii
3426 1628 3636 1683 relictis

2041 1719 2205 1786 locis,
2261 1721 2611 1792 conjugibus,
2660 1720 2873 1787 liberis,
2908 1721 2975 1776 ad
3036 1721 3205 1777 istum
3260 1723 3410 1777 omni
3446 1721 3634 1778 studio

2043 1813 2435 1877 convolabant,
2467 1814 2637 1868 vitam
2673 1812 3102 1884 iucundissimis
3146 1815 3316 1869 rebus
3336 1814 3634 1871 carituram

2040 1906 2331 1978 eligentes,
2362 1915 2568 1962 etcum
2626 1906 2733 1960 isto
2761 1906 2874 1975 pati
2909 1905 3097 1976 iniqua
3149 1906 3322 1962 satius
3349 1907 3635 1972 ducentes,

2042 2013 2208 2069 quam
2242 2012 2368 2052 cum
2429 1998 2538 2053 illis
2576 1996 2762 2053 vivere
2801 1997 3076 2054 delicate:
3119 1998 3275 2065 illud,
3307 2010 3461 2067 puto,
3495 2002 3633 2054 Ana-

2042 2091 2317 2146 charsidis
2375 2102 2732 2160 usurpantes,
2780 2089 2983 2145 melius
3042 2104 3165 2146 esse
3198 2106 3369 2145 unum
3432 2091 3638 2147 habere

2041 2182 2283 2237 amicum
2341 2182 2498 2237 mulli
2553 2181 2963 2249 mstitnaudum,
2993 2196 3161 2252 quam
3217 2182 3422 2250 nullius
3473 2183 3638 2253 pretii

1974 2324 1980 2331 .
2042 2274 2269 2329 multos.

2113 2363 2206 2417 Vl.
2235 2363 2591 2419 Occasionem
2620 2364 2787 2437 615.
2824 2364 3010 2435 itaque
3059 2365 3232 2429 nacti,
3267 2381 3433 2435 quam
3469 2342 3640 2434 cxpe-

2045 2459 2234 2513 tebant
2272 2457 2509 2527 pridem,
2564 2459 2827 2527 praesules
2861 2458 3148 2530 Byzantini
3202 2473 3300 2527 per
3343 2451 3539 2512 omines
3584 2467 3641 2512 et

2041 2548 2357 2619 provincias
2393 2558 2453 2604 et
2488 2550 2741 2609 civitates
2770 2548 3070 2605 fasciculos
3104 2548 3399 2603 mittebant
3426 2548 3639 2602 littera-

2042 2657 2190 2707 rum,
2215 2643 2511 2696 anathema
2563 2651 2620 2697 et
2668 2641 2965 2699 interdicta
3001 2639 3409 2695 continentium
3441 2638 3639 2693 adver-

2041 2749 2136 2790 sus
2160 2749 2276 2800 eos,
2309 2735 2403 2804 qui
2437 2734 2600 2789 amici
2658 2745 2847 2789 essent
2900 2729 3314 2798 Cantacuz'eno,
3363 2718 3640 2800 simulque

2039 2837 2098 2883 et
2128 2827 2344 2898 plebem
2367 2842 2586 2881 omnem
2633 2828 2686 2881 in
2715 2826 2916 2881 divites
2950 2826 3313 2891 irritantinm,
3339 2834 3395 2879 et
3424 2840 3640 2879 merce-

2041 2921 2253 2975 nariam
2284 2901 2695 2976 multitudinem
2729 2921 2783 2974 in
2812 2934 2908 2975 eos
2941 2919 3034 2989 qui
3063 2917 3331 2989 dignitate
3359 2927 3410 2973 et
3437 2932 3639 2988 genere

2040 3012 2409 3069 eminebant:
2455 3025 2517 3067 ut
2570 3012 2803 3067 sublatis
2869 3012 2938 3067 de
2987 3011 3173 3065 medio
3228 3010 3297 3064 iis
3351 3010 3444 3080 qui
3502 3009 3642 3065 tales

2041 3114 2225 3170 erant,
2257 3103 2417 3159 facile
2473 3104 2575 3174 ipsi
2644 3118 2828 3159 rerum
2878 3102 3226 3175 dominatum
3288 3102 3641 3172 invaderent,

2040 3196 2182 3251 nihil
2238 3211 2570 3267 quacunque
2607 3210 2673 3249 ex
2723 3205 2880 3265 parte
2921 3195 3264 3249 contrarium
3295 3202 3643 3264 suspectum—

2041 3304 2151 3359 que
2181 3288 2452 3344 habituri.
2481 3289 2551 3343 Et
2604 3299 2757 3345 certe
2799 3288 3037 3342 maxima
3091 3286 3222 3341 inde
3256 3301 3321 3341 ac
3353 3285 3642 3356 multiplex

2045 3381 2318 3437 universa:
2372 3383 2449 3435 rei
2505 3381 2767 3435 Romamn
2821 3381 3009 3434 clades
3062 3379 3218 3433 brevi
3282 3387 3474 3433 exorta
3534 3388 3642 3444 est,

2042 3474 2261 3545 qualem
2292 3473 2482 3543 paucis
2516 3475 2832 3543 exprimere
2862 3475 3008 3526 nulla
3047 3473 3220 3542 possit
3260 3473 3460 3527 oratio.

2115 3661 2229 3715 νη.
2277 3661 2700 3714 Cantacuzenns
2754 3676 2884 3713 vero
2953 3659 3103 3713 nulla
3153 3676 3213 3714 re
3257 3659 3524 3714 audacem
3584 3674 3644 3714 re

2043 3752 2366 3814 ostendere,
2402 3752 2540 3806 nihil
2592 3753 2813 3822 aggredi
2846 3752 3090 3809 volebat.
3124 3752 3269 3821 quod
3306 3767 3487 3820 opera:
3521 3764 3648 3819 prc-

2045 3842 2184 3898 tium
2224 3855 2391 3910 esset,
2436 3854 2497 3899 ut
2550 3846 2730 3900 solent
2764 3845 2800 3898 ii
2854 3844 2948 3913 qui
2999 3843 3128 3896 talia
3161 3843 3470 3910 inceptam,
3503 3851 3560 3896 et
3589 3841 3643 3894 iu

2042 3950 2142 3991 eos
2180 3951 2366 3991 rerum
2396 3945 2568 3991 aestus
2595 3935 2869 4004 compulsi
2927 3944 3093 3997 sunt;
3126 3931 3223 3987 sed
3264 3931 3490 4001 quietus
3515 3946 3645 3986 cum

2042 4042 2146 4084 suo
2172 4028 2426 4084 exercitu
2481 4032 2759 4082 manebat.
2796 4025 3048 4081 Habebat
3082 4025 3235 4079 enim
3273 4033 3642 4089 armatorum,

2023 4129 2238 4178 .eOrum
2273 4120 2495 4190 inquam
2535 4119 2631 4190 qui
2680 4119 2843 4190 longe
2898 4108 3188 4199 fortissimi
3225 4124 3415 4171 essent
3453 4126 3510 4170 et
3545 4132 3645 4170 ro-

2044 4215 2179 4271 bore
2237 4221 2350 4268 tam
2412 4212 2583 4268 animi
2658 4227 2825 4283 quam
2876 4211 3129 4281 corporis
3189 4207 3643 4279 experientiaque

2043 4315 2393 4378 praestarent,
2421 4307 2489 4362 ad
2524 4305 2637 4361 duo
2686 4304 2940 4375 equitum
2991 4301 3197 4368 millia;
3232 4300 3437 4371 quibus
3469 4299 3642 4354 multo

2045 4400 2416 4470 praestabilius
2441 4398 2730 4454 videbatur
2766 4396 2911 4451 mori
2944 4409 3070 4450 cum
3095 4408 3185 4458 eo,
3227 4407 3394 4463 quam
3425 4391 3547 4446 sine
3572 4406 3642 4446 eo

2046 4493 2132 4547 vel
2164 4507 2328 4546 unam
2356 4500 2572 4547 tantum
2620 4490 2769 4545 diem
2819 4491 3029 4543 vivere.
3061 4486 3167 4541 Tot
3198 4487 3384 4556 itaque
3413 4499 3479 4539 ac
3507 4483 3644 4538 tales

2040 4594 2202 4640 erant
2242 4584 2371 4640 lecti
2439 4584 2662 4639 milites.
2698 4581 2803 4649 Qui
2848 4589 3034 4637 autem
3079 4577 3384 4635 secundum
3429 4577 3499 4632 ab
3534 4576 3646 4632 illis

2048 4679 2233 4735 locum
2264 4678 2608 4744 obtinerent,
2642 4677 2730 4732 bis
2764 4676 2993 4731 totidem
3032 4682 3215 4730 erant.

2119 4877 2263 4935 Vlll.
2304 4878 2415 4933 Iste
2450 4876 2617 4948 igitur
2644 4875 2967 4943 frequentes
2995 4873 3063 4926 de
3096 4885 3230 4941 pace
3252 4869 3557 4941 legationes
3574 4868 3643 4923 ad

2048 4972 2377 5045 Byzantinos
2432 4969 2707 5031 mittebat,
2739 4976 2796 5022 et
2853 4969 3152 5037 AnguStam
3186 4961 3646 5019 commonefacie-

2047 5066 2143 5122 bat
2173 5079 2446 5135 supremae
2489 5061 2795 5117 voluntatis
2822 5068 2881 5114 et
2913 5057 3300 5113 mandatorum
3350 5055 3646 5124 imperato-

2051 5155 2128 5210 ris
2157 5152 2407 5225 eonjugis
2435 5152 2547 5216 sui,
2571 5166 2693 5222 qua:
2743 5150 2811 5203 ah
2857 5150 2950 5203 illo
3003 5148 3185 5203 adhuc
3216 5147 3439 5201 vivente
3484 5158 3644 5199 acce-

2049 5248 2242 5320 pisset,
2268 5243 2435 5316 615
2482 5243 2553 5299 de
2615 5241 2878 5298 afﬁnitate
2913 5240 3156 5311 junioris
3197 5235 3547 5308 imperatoris
3574 5248 3649 5288 ac

2051 5341 2119 5396 de
2161 5340 2331 5393 tutela
2357 5334 2749 5392 Cantacuzeno
2807 5333 3127 5396 deferenda,
3157 5329 3337 5401 quoad
3383 5327 3643 5381 idoneam

2048 5441 2264 5489 aetatem
2304 5430 2550 5502 pupillus
2600 5427 2913 5496 attigisset;
2962 5441 3067 5481 nec
3107 5423 3254 5480 enim
3299 5418 3639 5474 credendum

2048 5536 2172 5577 esse
2199 5515 2477 5574 extraneis
2501 5516 2853 5582 consiliariis,
2891 5514 2984 5586 qui
3013 5516 3196 5569 omnia
3232 5525 3332 5582 pro
3382 5524 3480 5564 sua
3509 5507 3638 5562 libi-

2049 5615 2177 5671 dine
2235 5613 2492 5668 alacriter
2545 5611 2920 5679 susciperent,
2975 5622 3151 5677 eaque
3204 5602 3465 5664 maxime,
3519 5612 3642 5669 qua:

2050 5715 2292 5761 veterem
2318 5713 2524 5761 statum
2560 5717 2749 5758 rerum
2770 5701 3179 5780 etyniversum
3207 5708 3438 5767 prorsus
3467 5691 3647 5762 impe—

2055 5801 2195 5855 rium
2230 5808 2458 5869 possent
2482 5807 2756 5854 evertere.

2126 5893 2190 5945 EX
2239 5891 2314 5948 Ea
2344 5890 2445 5947 viri
2478 5888 2791 5945 humanitas
2823 5887 3035 5942 animos
3074 5880 3464 5956 Byzantiorum
3491 5874 3638 5932 haud
