4070 6438
472 328 579 393 335
718 320 794 384 [Α.
837 338 891 375 tt.
933 321 1213 378 6851.134».
1243 320 1346 393 Νι
1697 329 2064 389 Μαιεγῃοῃ

2168 328 2530 393 ΞΒΕΘΟΗᾸΞ
2868 328 3003 399 [una
3044 345 3085 383 ι.
3122 343 3354 384 rauca.
3400 330 3451 401 1]
3629 340 3733 402 εδδ

478 451 602 512 post
647 442 996 511 imperatoris
1047 443 1260 497 obitum
1305 444 1531 512 elapsis,
1561 460 1685 499 cum
1719 460 1899 499 rerum
1935 460 2063 514 per-

2168 443 2266 513 τὴν
2320 443 2413 497 τοῦ
2468 443 2732 513 βασιλέως
2796 447 3075 516 τελευτὴν,
3126 450 3188 499 οὐ
3261 445 3468 500 πολλῶν
3524 448 3747 518 ἡμερῶν

478 531 722 587 turbatio
746 533 989 587 nondum
1033 532 1085 586 in
1118 533 1297 588 lucem
1329 534 1624 603 erupisset,
1670 535 1766 590 sed
1801 544 2064 605 concepta

2171 533 2375 603 μεταξὺ
2408 536 2735 607 γενομένων,
2761 537 2883 590 οὐδὲ
2910 538 3013 607 τῆς
3046 537 3158 592 τῶν
3204 539 3544 608 πραγμάτων
3593 538 3746 595 οὔπω

2868 328 3003 399 [tum
3044 345 3085 383 ι.
3122 343 3354 384 pauor“
3400 330 3451 401 1]

482 622 864 676 tantummodo
893 633 1039 678 esset
1071 638 1137 679 ac
1182 624 1509 689 deliberata,
1538 628 1909 699 Cantapuzeui
1946 626 2062 683 mia-

479 724 567 767 ter
604 713 721 767 visa
755 723 840 767 est
873 712 975 767 sibi
1030 714 1083 767 in
1129 712 1363 779 somnis,
1389 727 1610 787 sumpto
1641 719 1696 787 in
1750 735 1947 775 manus
1974 736 2065 775 sa-

478 814 767 861 crosancto
812 804 1132 874 Evangelia,
1181 806 1325 861 nihil
1380 810 1611 865 omnino
1642 784 1858 868 J'videre
1908 814 1961 867 in
1999 830 2068 870 eo

481 894 775 967 scriptum,
825 884 1023 969 praeter
1062 898 1154 953 illa
1196 899 1365 955 verba
1399 917 1417 956 :
1448 920 1468 953 ο
1521 901 1649 957 Haec
1680 905 1915 960 mutatio
1940 906 2071 961 dex-

477 989 877 1047 traa.Altissittti
922 1009 940 1041 ι
974 1008 989 1044 ι
1022 989 1189 1060 idque
1221 993 1404 1048 aureis
1443 1008 1766 1065 summaque
1796 996 2070 1066 elegantia

478 1080 720 1133 exaratis
770 1079 993 1142 litteris,
1024 1094 1054 1132 ο
1105 1080 1285 1148 capite
1319 1080 1385 1135 ad
1420 1083 1628 1138 calcem
1682 1084 1886 1154 ubique
1920 1086 2069 1141 simi-

476 1171 608 1225 liter
645 1188 659 1223 :
692 1186 994 1241 secumque
1039 1172 1269 1242 agitare,
1298 1175 1577 1244 quomodo
1621 1176 1763 1233 liber
1791 1178 1906 1240 ille.
1942 1195 2068 1235 cum

481 1276 700 1315 sacrum
756 1271 902 1316 esset
983 1262 1337 1334 Evangelium
1372 1307 1386 1329 ,
1433 1283 1501 1322 ue
1549 1268 1780 1323 verbum
1844 1271 2068 1341 quidem

484 1353 696 1420 ιιειιίτηη
755 1354 1131 1422 evangelicum
1196 1356 1504 1421 exhiberet,
1544 1360 1637 1413 sed
1691 1362 1922 1427 paucula
1980 1363 2069 1417 illa

483 1438 704 1492 Davidis
730 1439 1032 1508 pmpbetze.
1084 1442 1136 1494 Id
1170 1457 1291 1494 cum
1334 1455 1649 1511 experrecta
1680 1457 1848 1510 esset,
1875 1450 2069 1505 amicis

483 1527 813 1595 quibttsdam
868 1529 1120 1597 exposuit
1156 1545 1168 1581 :
1201 1538 1255 1582 et
1311 1531 1531 1596 quidem
1587 1532 1834 1587 divinum
1888 1535 2071 1589 aiebat

481 1629 603 1669 esse
643 1614 949 1678 oraculum,
985 1631 1047 1671 :tc
1100 1617 1323 1686 prmdici
1365 1619 1467 1672 sibi
1514 1619 1779 1690 gloriosos
1805 1624 2069 1693 optimos-

403 1734 414 1742 -
484 1721 593 1773 que
627 1707 809 1761 exitus
837 1722 1021 1760 rerum
1053 1723 1300 1764 suarum.
1329 1710 1385 1763 Id
1427 1717 1609 1767 a'utcm
1654 1731 1759 1769 non
1796 1718 1902 1771 tale
1924 1727 2065 1772 erat.

481 1798 689 1853 ’l‘amen
722 1798 835 1853 haec
866 1798 939 1854 ita
971 1814 1028 1855 se
1063 1800 1392 1859 habuerunt.

557 1997 643 2052 Vl.
674 1995 850 2094 Unum
873 1994 1108 2094 ’quidem
1164 1999 1300 2057 illud
1336 2016 1496 2058 omen
1546 2003 1670 2072 fuit,
1714 2022 1824 2076 quo
1856 2022 2062 2094 magna:

482 2089 630 2143 illius
685 2098 741 2143 et
789 2090 1173 2146 illustrissimus
1226 2094 1423 2149 domus
1476 2098 1692 2151 eversio
1752 2098 1808 2154 in
1853 2089 2062 2159 somnis

477 2180 644 2252 619
673 2196 734 2236 ac
759 2180 827 2235 de
854 2194 1012 2236 nocte
1043 2185 1407 2252 praenuntiata
1437 2194 1541 2242 est.
1570 2189 1819 2245 Alterum
1847 2207 1978 2248 vero
2005 2205 2063 2250 et

480 2273 657 2341 ipsum
717 2272 785 2325 dc
847 2283 1028 2335 nocte.
1067 2290 1181 2329 non
1215 2285 1401 2353 autem
1452 2277 1508 2332 in
1541 2280 1771 2343 somnis,
1799 2285 1892 2336 sed
1919 2284 2057 2353 vigi-

479 2365 609 2431 lanti
642 2379 766 2418 sese
801 2362 1101 2419 videndum
1149 2351 1374 2430 obt'ulit,
1409 2367 1621 2422 clarum
1682 2351 2060 2428 manifestum-

479 2471 585 2524 que
639 2465 940 2510 ostentum.
995 2456 1096 2522 Qui
1134 2458 1284 2512 enim
1344 2459 1621 2517 nobilibus
1659 2473 1715 2517 ct
1754 2464 2059 2522 illustribus

479 2547 737 2615 personis
783 2563 903 2600 mos
948 2559 1055 2610 est,
1085 2557 1143 2602 ut
1172 2549 1238 2603 ad
1285 2551 1493 2607 medias
1524 2568 1696 2622 usque
1720 2565 1906 2612 noctes
1932 2572 2055 2612 cum

480 2634 548 2688 iis
576 2634 918 2705 pervigilem,
954 2653 983 2690 a
1015 2637 1217 2706 quibus
1253 2655 1580 2710 quacunque
1613 2642 1681 2698 de
1730 2659 1897 2701 causa
1928 2662 2059 2702 cou-

477 2725 805 2811 veniuntur,
838 2716 898 2780 is
939 2725 1340 2785 Cantacuzcnae
1388 2731 1441 2784 in
1478 2732 1672 2803 primis
1706 2746 1846 2800 erat,
1870 2746 2058 2801 utpote

479 2832 601 2885 qua:
653 2815 917 2885 dignitate
974 2834 1140 2888 supra
1189 2835 1383 2877 omnes
1425 2833 1481 2878 et
1506 2824 1797 2895 splendore
1826 2828 2059 2887 fortuna:

478 2904 802 2974 eminebat,
855 2908 1213 2979 consiliisque
1282 2922 1338 2967 et
1404 2916 1621 2972 arcanis
1644 2916 2060 2988 ~imperatoriis

480 3007 738 3067 prmcrat.
789 2996 905 3064 Qua
970 3002 1371 3057 consuetudine
1435 3020 1559 3060 curn
1609 3017 1860 3064 uteretur
1927 3024 2058 3070 tunc

2175 627 2493 695 συγχύσεως
2522 628 2603 690 εἰς
2646 627 2763 696 φῶς
2814 629 3162 698 ἐκραγείσης,
3193 628 3310 680 ἀλλ’
3336 629 3616 682 ἐν.ὠδῖσιν
3664 629 3746 681 ἔτι

2172 717 2265 769 καὶ
2310 716 2565 785 μελέταις
2618 719 3086 788 κυοφορουμένης,
3148 718 3346 789 συνέϐη
3399 719 3520 771 καθ’
3551 719 3749 782 ὕπνους

2174 808 2238 874 τῇ
2273 805 2364 859 τοῦ
2419 807 2878 877 Καντακουζηνοῦ
2911 807 3100 877 μητρὶ,
3149 808 3210 860 τὸ
3246 807 3388 878 ἱερὸν
3437 809 3614 860 δοκεῖν
3648 808 3750 860 ἀνὶ

2176 900 2365 969 χεῖρας
2392 897 2725 967 Εὐαγγὲλιον
2756 898 3042 971 εἰληφυῖαν
3063 898 3191 953 ἄλλο
3216 898 3327 952 τῶν
3355 899 3573 953 πάντων
3598 899 3750 953 οὐδὲν

2170 988 2552 1062 γεγραμμένον
2579 990 2732 1061 δρᾷν,
2756 990 2791 1060 ἢ
2833 1007 2855 1055 ι
2892 988 3040 1059 Αὕτη
3070 990 3106 1060 ή
3162 988 3442 1054 ἀλλοίωσις
3492 989 3591 1059 τῆς
3655 990 3746 1043 δε-

2173 1080 2291 1145 ξιᾶς
2340 1079 2433 1133 τοῦ
2471 1080 2750 1149 Ὑψίστου,
2789 1098 2809 1133 ›
2842 1080 2942 1135 καὶ
2971 1080 3131 1134 τοῦτο
3160 1083 3380 1150 χρυσοῖς
3404 1097 3467 1135 τε
3497 1082 3749 1151 καὶπρὸς

2174 1174 2323 1225 ἆπαν
2394 1170 2589 1235 κάλλος
2646 1172 2982 1243 ἠσκημένοις
3038 1171 3366 1242 γράμμασιν
3409 1172 3608 1243 ὁμοίως
3662 1174 3749 1227 ἀεὶ

2175 1264 2464 1333 πανταχῆ·
2494 1265 2870 1335 διαπορεῖσθαι
2899 1279 2959 1317 τε
3003 1265 3127 1318 καθ’
3173 1265 3392 1333 ἑαυτὴν.
3439 1266 3555 1328 πῶς
3604 1266 3744 1331 ἱερὸν

2173 1354 2501 1423 Εὖαγγέλιον
2526 1354 2585 1408 ὃν
2615 1354 2779 1425 μηδὲν
2816 1355 3041 1425 μηδαμῆ
3078 1355 3184 1408 τῶν
3212 1355 3583 1423 εύαγγελικῶν
3633 1352 3748 1427 εἶχε

2174 1447 2377 1518 ῥητῶν,
2406 1447 2540 1500 ἀλλὰ
2568 1447 2741 1523 μικρα
2767 1448 2874 1498 τῶν
2904 1446 2981 1517 τῷ
3030 1446 3158 1515 θείῳ
3198 1448 3363 1523 Δαὸὶδ
3418 1449 3743 1518 εἰρημένων.

2172 1538 2344 1591 Τοῐτο
2368 1521 2768 1606 ἁφυπνισθεῖσα
2789 1539 3025 1609 διηγεῖτο
3050 1540 3186 1611 πρὸς
3209 1521 3382 1605 ἐνίους
3407 1541 3515 1596 τῶν
3540 1541 3706 1609 φίλων
3725 1560 3741 1573 ’

2175 1633 2355 1686 καίτοι
2386 1634 2527 1686 θετον
2555 1633 2799 1703 ἔφασκεν
2833 1627 2973 1688 εἶναι
3002 1634 3404 1705 χρησμῴδημα,
3432 1637 3527 1689 καὶ
3560 1637 3744 1704 πέρας

2177 1729 2594 1795 προαναφωνεῖν
2621 1726 2730 1778 τῶν
2755 1725 2881 1779 καθ’
2913 1722 3087 1794 αὐτὴν
3144 1729 3485 1798 πραγμάτων
3527 1729 3745 1790 εὐκλεές

2169 1835 2228 1870 τε
2256 1818 2352 1895 καὶ
2404 1819 2547 1873 πάνυ
2595 1821 2856 1889 χρηστόν.
2882 1819 2957 1874 Τδ
2991 1819 3035 1872 δ’
3065 1816 3134 1891 ἦν
3178 1821 3238 1874 οὐ
3284 1822 3549 1876 τοιοῦτον
3595 1823 3746 1891 ὅμως

2167 1910 2325 1981 ἔσχεν
2353 1911 2496 1965 οὕτω
2522 1912 2699 1966 ταυτί.

2238 2029 2332 2095 ς’.
2375 2027 2473 2080 Ἐν
2505 2024 2605 2095 μὲν
2636 2026 2701 2098 δὴ
2723 2024 2885 2080 τοῦτο
2919 2027 3143 2097 σημεῖον
3162 2023 3258 2099 ἦν,
3296 2028 3325 2082 δ
3359 2031 3745 2102 πρωνεφὼνη·

2170 2136 2263 2173 σεν
2292 2119 2353 2184 ἐξ
2383 2119 2571 2184 ὕπνων
2594 2120 2691 2176 καὶ
2713 2120 2924 2174 νυκτῶν
2959 2119 3059 2190 τὴν
3085 2121 3189 2189 τῆς
3221 2121 3465 2192 μεγάλης
3516 2128 3746 2193 ταυτησὶ

2171 2213 2268 2264 καὶ
2311 2213 2650 2283 περιφανοῦς
2705 2213 2884 2276 οίκίας
2943 2213 3287 2283 καθαίρεσιν.
3319 2215 3578 2286 Δεύτερον
3598 2215 3644 2267 δ’
3677 2216 3746 2269 ἐκ

2167 2306 2381 2357 νυκτῶν
2412 2304 2512 2375 μὲν
2533 2306 2629 2359 καὶ
2658 2305 2813 2372 αὐτὸ,
2848 2305 2923 2376 μὴ
2948 2305 3009 2370 ἐξ
3041 2305 3210 2360 ὕπνου
3236 2323 3301 2374 γε
3360 2308 3479 2376 μὲν,
3542 2307 3655 2360 ἀλλ’
3682 2310 3744 2373 ἐξ

2166 2399 2546 2467 ἐγρηγόρσεως
2575 2399 2869 2469 φάντασμα
2891 2397 3085 2453 θεαθὶν
3118 2398 3387 2469 ἐναργῶς.
3408 2398 3607 2461 Είωθδς
3633 2400 3744 2467 γὰρ

2164 2490 2279 2551 τοῖς
2309 2487 2563 2559 εὐγενείᾳ
2596 2489 2693 2542 καὶ
2747 2486 2875 2558 δόξῃ
2909 2488 3118 2559 μεγάλῃ
3172 2487 3377 2552 συζῶσι
3412 2489 3743 2558 προσώποις,

2166 2578 2295 2646 ἄχρι
2319 2580 2412 2632 καὶ
2434 2558 2505 2640 ἰς
2526 2579 2693 2646 μέσας
2717 2595 2821 2631 που
2853 2577 3053 2641 νύκτας
3078 2558 3603 2650 συνδιανυκτερεύειν
3631 2580 3746 2641 τοῖς

2165 2670 2278 2723 ὅσοι
2313 2671 2503 2741 χρείας
2537 2670 2925 2743 οίασδηποτοῦν
2949 2672 3239 2741 προσίασιν
3268 2672 3449 2735 ἕνεκα,
3488 2672 3555 2740 τῇ
3598 2671 3742 2725 Καν-

2166 2762 2475 2834 τακουζηνῇ
2503 2762 2661 2816 τοῦτο
2692 2764 2930 2833 μάλιστα
2984 2764 3206 2819 πάντων
3235 2763 3465 2835 προσῆν,
3494 2763 3591 2817 ita
3644 2764 3739 2814 καὶ

2169 2851 2403 2920 μάλιστα
2455 2852 2674 2906 πάντων
2723 2852 2851 2924 δόξῃ
2903 2852 2999 2907 καὶ
3046 2854 3377 2931 περιφανείᾳ
3419 2852 3740 2923 προεχούρῃ,

2168 2944 2260 2997 καὶ
2294 2942 2501 3015 βουλῶν
2531 2944 2628 2998 καὶ
2654 2944 2988 3015 ἀπορρήτων
3014 2946 3392 3015 προεστηκυῖα
3425 2941 3740 3014 βασιλικῶν.

2166 3034 2277 3103 Τῆς
2330 3035 2394 3105 δὴ
2421 3035 2675 3105 τοιαύτης
2725 3035 2960 3107 ἐχομένῃ
2994 3035 3089 3089 καὶ
3143 3035 3238 3088 νῦν
3296 3034 3601 3101 συνηθείας,
3651 3036 3741 3086 καὶ

480 3102 723 3157 quoque,
770 3098 825 3142 ct
883 3089 950 3143 ad
998 3092 1245 3165 multam
1282 3102 1498 3148 noctem
1547 3096 1879 3168 colloquium
1917 3112 2062 3158 esset

2168 3089 2358 3195 πόρρω
2381 3089 2591 3188 νυκτῶν
2616 3089 3050 3195 γενομένηςττῆς
3074 3125 3314 3193 ὁμιλίας,
3350 3089 3525 3190 ἔδοξεν
3562 3089 3741 3192 ταύτῇ.

481 3180 839 3247 produt-tum,
888 3180 1219 3251 placuitipsi
1275 3199 1378 3252 pro
1431 3185 1647 3243 foribus
1685 3186 1853 3256 stare.
1885 3202 1941 3248 et
1991 3195 2062 3249 ab

478 3271 696 3329 excelsa
754 3270 955 3325 mdium
993 3274 1128 3326 turri
1160 3273 1368 3340 lunam,
1399 3291 1521 3346 quae
1552 3285 1667 3333 tum
1700 3296 1867 3352 supra
1913 3285 2064 3341 hori-

480 3371 698 3415 zontem
755 3376 949 3441 recens
997 3364 1350 3435 exsurgebat,
1388 3372 1773 3441 contemplari,
1810 3383 1871 3429 ut
1932 3378 2062 3436 inde

479 3458 650 3516 quota
671 3460 817 3505 esset
848 3436 983 3507 hora
1027 3454 1349 3524 conjiceret.
1400 3457 1535 3513 Nam
1572 3436 1697 3515 cum
1754 3436 1944 3521 circuli
1974 3468 2061 3523 sui

480 3540 762 3608 perigeum
812 3540 1076 3599 cbnvcrsa
1126 3556 1434 3616 repeteret,
1472 3560 1527 3604 et
1579 3552 1691 3622 jam
1762 3540 1955 3613 rursus
2007 3560 2058 3614 iu

480 3633 723 3687 secunda
764 3635 1101 3705 quadratura
1155 3649 1300 3709 esset
1357 3640 1423 3695 ad
1472 3643 1662 3709 solem,
1694 3651 2057 3721 arronycltam

478 3726 659 3781 lucem
729 3744 837 3782 non
890 3725 1044 3797 prius
1101 3739 1262 3786 terrae
1319 3734 1598 3802 prmbcbat
1643 3738 1736 3792 illo
1795 3750 2058 3813 tempore,

480 3832 644 3885 quam
678 3818 739 3869 ad
771 3819 1002 3872 lllt‘tilalll
1042 3830 1254 3875 noctem
1296 3835 1618 3890 perventum
1651 3838 1815 3883 esset.

551 4073 664 4129 Vl].
690 4073 827 4130 Cum
855 4074 909 4129 in
937 4074 1085 4130 hunc
1138 4077 1359 4132 modum
1387 4078 1771 4137 Cautacuzcna
1805 4085 1917 4138 illic
1948 4097 2058 4140 sta-

480 4175 563 4223 ret
588 4175 642 4220 et
676 4166 1080 4235 specularetur,
1112 4181 1178 4223 ac
1213 4167 1378 4223 simul
1403 4170 1471 4224 de
1502 4170 1703 4228 futuris
1732 4188 2059 4245 magnopere

476 4266 627 4312 esset
657 4257 913 4320 sollicita,
966 4269 1238 4313 armatum
1269 4260 1511 4330 equitem
1544 4263 1694 4321 videt
1735 4264 1876 4319 infra
1905 4274 2058 4321 stan-

481 4360 616 4412 tem,
681 4363 743 4402 ac
807 4348 1243 4418 magnitudinem
1294 4352 1465 4407 turris
1515 4352 1670 4407 hasta
1720 4359 2055 4410 metientem.

2169 3218 2369 3269 στᾶσαν
2393 3216 2500 3286 πρὸ
2522 3216 2631 3269 τῶν
2662 3216 2844 3286 θυρῶν
2884 3216 2979 3284 ἀφ’
3007 3214 3214 3285 ὑψηλοῦ
3243 3214 3338 3268 τοῦ
3384 3215 3598 3285 πύργου
3642 3214 3740 3283 τῆς

2164 3308 2338 3371 οἰκίας
2367 3307 2665 3363 θεάσασθαί
2692 3325 2752 3361 τε
2784 3306 2884 3378 τὴν
2940 3308 3172 3379 σελήνην
3229 3309 3559 3377 ἀνίσχουσαν
3615 3307 3741 3376 ἄρτι

2139 3399 2257 3457 ,τοῦ
2288 3399 2561 3470 ὁρίζοντος
2595 3400 2818 3471 καὶτῆς
2870 3396 3020 3469 ὥρας
3067 3398 3281 3452 ἐκεῖθεν
3332 3397 3741 3466 καταστοχασα-

2167 3493 2311 3547 σθαι.
2352 3492 2425 3544 Τὸ
2453 3491 2562 3563 γὰρ
2595 3492 2871 3563 περίγειον
2903 3491 2966 3544 ὲκ
3002 3489 3374 3561 περιστροφῆς
3400 3488 3493 3543 τοῦ
3539 3489 3738 3543 οἰκείου

2165 3583 2700 3654 ἐπὲηαλαμϐἀνουσα
2741 3584 2940 3637 κύκλου
2975 3584 3113 3655 (18),
3144 3582 3240 3635 καὶ
3291 3584 3346 3645 ἐς
3399 3582 3739 3653 τετράγωνον

2165 3672 2317 3740 αὖθις
2346 3676 2425 3747 τῷ
2454 3677 2591 3747 ἡλίῳ
2623 3676 3001 3746 καθισταμένη
3054 3676 3114 3729 τὸ
3160 3675 3413 3744 δεύτερον
3451 3675 3551 3746 ἤδη
3606 3693 3736 3746 σχη-

2168 3769 2458 3839 ματισμὸν,
2491 3769 2860 3839 ἁκρονύκτους
2892 3770 2953 3821 οὐ
2987 3770 3135 3838 μάλα
3168 3767 3423 3821 ἐϐούλετο
3476 3769 3737 3838 παρέχειν

2165 3865 2228 3931 τῇ
2253 3865 2321 3932 γῇ
2360 3861 2461 3925 τὰς
2489 3861 2681 3928 αὐγὰς,
2720 3862 2849 3933 πρὶν
2877 3862 2932 3925 ἐς
2969 3863 3141 3931 μέσην
3169 3859 3462 3929 ἀφικέσθαι
3500 3861 3599 3930 τὴν
3648 3860 3735 3912 νύ-

2165 3968 2268 4002 κτα
2301 3950 2603 4019 τηνικαῦτα
2632 3951 2723 4003 τὸν
2750 3951 2941 4020 χρόνον
2965 3951 3107 4023 (19).

2237 4062 2454 4137 [Ρ.586]
2475 4062 2714 4118 Ζ’.υῦτω
2732 4064 2787 4116 δὲ
2811 4064 3050 4127 στάσεώς
3067 4081 3125 4117 τε
3153 4064 3244 4118 καὶ
3264 4064 3502 4134 σκέψεως
3520 4064 3732 4134 ἔχουσα.

2166 4163 2261 4213 καὶ
2288 4161 2402 4228 ἅμα
2423 4158 2720 4230 φροντίδων
2749 4158 2884 4212 οὖσα
2906 4159 3017 4213 τῶν
3037 4159 3336 4228 μελλόντων
3367 4159 3470 4227 πλή
3480 4175 3600 4229 ρης,
3623 4160 3735 4211 ἔνο-

2167 4251 2299 4304 πλον
2324 4251 2499 4304 ίππέα
2526 4251 2803 4314 τεθέαται,
2826 4251 3073 4323 κάτωθεν
3100 4268 3158 4303 τε
3177 4249 3511 4327 ἐστῶταςτοῦ
3531 4250 3734 4320 πύργου

2166 4344 2261 4397 xal.
2282 4343 2359 4415 τῷ
2386 4343 2571 4417 δόρατι
2589 4339 3009 4414 σημειούμενοῶ
3021 4346 3082 4397 τὸ
3113 4342 3208 4398 τοῦ
3243 4344 3454 4412 πύργου
3489 4343 3731 4412 μέγεθοςο

479 4442 612 4513 Ejus
660 4440 738 4495 rei
790 4440 973 4495 subito
1002 4448 1062 4496 et
1110 4441 1412 4511 improviso
1449 4451 1672 4510 aspectu
1709 4443 1895 4498 territa
1926 4458 2055 4500 con-

2168 4433 2237 4495 Lb;
2269 4433 2612 4505 ἐκπλαγῆναί
2638 4450 2698 4487 τε
2722 4433 2893 4504 αὐτὴν
2923 4432 3001 4501 τῷ
3054 4434 3305 4520 αἰφνιδίῳ
3350 4433 3445 4486 καὶ
3477 4432 3736 4497 ἀπροσδο-

479 4534 647 4590 vertit
702 4549 762 4589 se
806 4545 981 4596 retro.
1029 4534 1306 4605 mittitque
1356 4533 1609 4589 homines
1646 4548 1772 4588 eum
1806 4548 2057 4605 compre-

482 4629 776 4690 ltensuros,
811 4626 903 4696 qui
935 4634 1042 4681 tam
1074 4626 1252 4680 alieno
1301 4634 1550 4694 tempore
1586 4623 1711 4679 talia
1746 4624 2065 4693 moliretur,_

487 4731 552 4771 ac
578 4715 980 4781 sciscitaturos,
1004 4728 1271 4784 quorsum
1301 4725 1366 4767 ea
1421 4710 1601 4766 facere
1634 4719 1689 4766 et
1722 4727 1752 4766 a
1773 4712 1974 4782 quibus
2010 4716 2059 4768 ei

450 4786 631 4865 ‘essct
682 4809 1026 4877 imperatum.
1048 4805 1186 4862 Cum
1219 4812 1398 4860 autem
1439 4804 1475 4857 ii
1512 4803 1800 4861 celerrime
1828 4805 2065 4876 regressi

484 4898 838 4963 aﬂirmarent,
871 4899 1145 4953 neminem
1199 4911 1230 4950 a
1281 4911 1340 4951 se
1377 4905 1753 4977 conspectum,
1782 4911 1886 4953 nec
1922 4897 2065 4951 viam

485 4992 651 5063 620
678 4991 841 5045 ullam
876 5006 1018 5054 esse,
1042 5004 1150 5059 qua
1191 4988 1418 5044 advenis
1442 4999 1497 5043 et
1547 4987 1826 5059 equitibus
1851 4999 2063 5062 pateret
2112 5034 2144 5047 η

490 5096 743 5139 accessus
769 5082 1006 5149 (clausas
1053 5079 1258 5151 quippe
1304 5094 1495 5135 omnes
1530 5080 1755 5151 portas),
1783 5092 1897 5137 tum
1936 5097 2061 5135 vero

368 5198 385 5203 —
491 5169 580 5224 illa
605 5170 853 5241 perculsa
882 5176 985 5234 est,
1006 5175 1062 5224 et
1080 5167 1214 5222 illud
1246 5168 1573 5238 prmsagium
1609 5167 1767 5223 aliter
1791 5168 2059 5237 interpre-

2163 4527 2318 4596 κήτῳ
2342 4526 2435 4580 τοῦ
2459 4527 2741 4597 φάσματος
2764 4527 2859 4580 καὶ
2880 4528 3279 4596 συλστραφεῖσαν
3304 4525 3590 4595 ἐκπέμψαι
3616 4525 3739 4586 τοὺς

2170 4616 2499 4682 καθέξοντας
2531 4616 2626 4669 τδν
2651 4619 2712 4669 ὲν
2745 4617 2926 4688 ἀωρίᾳ
2955 4616 3184 4687 τοιαύτῃ
3231 4615 3455 4670 τοιαῦτα
3491 4614 3739 4686 μηχανώ-

2138 4759 2145 4767 ,
2175 4722 2357 4777 μενον,
2386 4707 2480 4761 καὶ
2500 4708 2924 4777 ἀκουσομένους,
2946 4708 3068 4761 ὅτου
3101 4710 3262 4779 χάριν
3283 4707 3378 4761 καὶ
3400 4706 3523 4761 ὅθεν
3550 4707 3738 4775 ἐκείνῳ

2169 4797 2349 4853 ταῦτα
2371 4798 2505 4870 δρᾷν
2530 4801 2999 4870 προστεταγμένον
3026 4800 3135 4869 εἴη.
3166 4798 3334 4851 Ἐπεὶ
3360 4799 3417 4852 δὲ
3460 4799 3558 4869 τὴν
3586 4797 3736 4867 ταχί-

2182 4907 2316 4960 στην
2346 4890 2879 4961 παλινδρομήσαντες
2909 4891 3075 4960 φάναι
3119 4890 3321 4962 μηδένα
3371 4889 3480 4944 τῶν
3523 4891 3736 4944 πάντων

2172 4981 2501 5049 ἑωρακέναι,
2560 4981 2683 5052 μηδ’
2727 4977 2870 5036 εἶναι
2934 4981 3167 5053 πάροδον
3222 4981 3499 5051 οὐδεμίαν,
3548 4980 3738 5034 ὁπόθεν

2170 5071 2421 5142 εἰσιτητά
2449 5087 2511 5140 γε
2541 5072 2626 5143 εἴη
2679 5072 2851 5138 ξένοις
2921 5074 3022 5127 καὶ
3059 5074 3312 5137 ἱππόταις
3355 5073 3601 5143 ἀνδράσι,
3637 5072 3756 5145 τῶν.

2170 5161 2351 5232 θυρῶν
2381 5162 2610 5216 ἁπασῶν
2646 5162 3071 5234 κεκλεισμένων,
3107 5163 3206 5236 ἥδη
3237 5164 3653 5234 καταπλαγῆναί
3680 5181 3734 5215 τε

1851 5342 2192 5403 Variorum
2239 5351 2427 5403 notae.

569 5495 682 5565 (l8)
716 5492 855 5549 Nam
884 5508 1001 5547 cum
1038 5490 1221 5546 circuli
1250 5493 1333 5546 sui
1362 5493 1650 5565 perigeum,
1678 5502 1787 5546 etc.
1818 5489 1945 5546 Haec
1972 5490 2060 5545 in-

502 5561 816 5633 terpretatio
850 5564 1049 5632 partim
1082 5576 1201 5616 mea
1232 5572 1338 5626 est,
1364 5561 1568 5632 partim
1600 5561 1847 5633 virorum
1882 5569 2064 5615 astro-

503 5632 696 5687 nomiae
740 5635 1081 5702 peritorum,
1131 5648 1271 5700 quos
1317 5633 1586 5687 consului.
1628 5632 1843 5686 Bomx.

574 5706 684 5774 (19)
726 5704 891 5764 Vcrti,
946 5712 1293 5774 acrougcham
1346 5703 1513 5758 lucem
1570 5719 1673 5756 non
1719 5702 1865 5772 prius
1905 5710 2061 5756 terrm

2174 5491 2435 5561 prazbebat
2469 5489 2564 5546 illo
2616 5502 2868 5563 tempore,
2924 5508 3087 5563 quam
3133 5492 3204 5546 ad
3253 5492 3480 5546 mediam
3535 5500 3731 5545 noctem

2171 5571 2476 5633 perventum
2528 5571 2677 5616 esset.
2728 5562 2955 5626 Malim,
3009 5564 3358 5633 acronycham
3415 5565 3578 5617 lucem
3632 5574 3729 5612 non

2172 5632 2832 5702 priusterrm‘prwbebat,
2892 5649 3051 5702 quam
3101 5632 3283 5685 midia?
3334 5642 3496 5686 noctis
3535 5640 3729 5700 tempus

2168 5700 2481 5761 ,adv‘l‘nisset.
2514 5703 2718 5758 BorvtN.
