4070 6444
577 450 678 514 8Ξῶ
903 446 981 520 [Α.
1021 465 1082 504 ιι.
1119 444 1280 517 6850,
1327 463 1437 503 mn.
1484 443 1573 511 101

1901 444 2074 509 NlCE
2087 445 2317 507 PHORI
2359 442 2745 508 GREGORE

2959 437 3092 512 [ιιιιι.
3134 452 3174 492 ι.
3215 451 3446 492 num.
3476 434 3528 509 2]
3684 442 3770 507 856

649 568 713 619 11.
757 566 944 636 Itaque
968 568 1267 637 imperator
1288 567 1580 622 maximam
1617 565 1992 635 optimamque’
2049 578 2142 616 co-

2319 561 2397 616 B'.
2439 560 2594 613 Ἐπεί
2640 576 2704 627 γε
2745 557 2851 628 μὴν
2880 560 2907 610 ό
2967 554 3219 626 βασιλεὺς
3253 554 3439 609 ἐθεᾶτο
3487 554 3604 624 περὶ
3638 555 3772 608 αὐτὴν

571 660 786 730 piarunt
819 674 1045 714 suarum
1082 670 1293 730 partem
1314 659 1457 714 circa
1482 674 1538 711 se
1564 657 1917 726 glomeratam
1938 655 2150 719 videns,

581 753 636 808 in
664 750 892 806 ordines
943 764 1000 806 et
1044 752 1304 808 cohortes
1334 750 1565 816 dividit;
1623 749 1677 802 in
1710 749 1962 803 dextrum
2017 746 2154 801 sini-

574 854 860 915 strumque
914 861 1085 901 cornu
1140 841 1462 906 distribuit;
1523 840 1756 895 mediam
1818 838 2143 909 phalangem

570 956 678 994 non
715 948 828 993 tam
862 940 915 993 in
963 937 1296 1006 profundum
1345 952 1509 1007 quam
1578 936 1630 989 in
1670 934 1895 1003 longum
1952 941 2009 986 et
2048 947 2148 986 au-

487 1054 493 1060 -
571 1039 788 1097 gustum
822 1029 1088 1084 extendit.
1124 1037 1350 1096 pmpter
1391 1020 1558 1096 636
1585 1024 1869 1078 hominum
1905 1019 2152 1093 paucita-

574 1108 721 1183 tom;
762 1122 933 1175 duces
973 1119 1040 1173 iis
1067 1117 1295 1187 prmficit
1335 1114 1601 1171 Joannem
1648 1112 1917 1184 Angelum
1942 1128 2150 1184 eOSque

573 1228 787 1276 omnes,
817 1211 912 1279 qui
944 1210 1177 1279 proximi
1238 1218 1352 1263 tum
1391 1210 1468 1262 rei
1519 1208 1733 1262 bellicze
1803 1206 2147 1276 experientia

574 1314 688 1356 tum
722 1306 1052 1371 cognatione
1082 1313 1261 1357 erant.
1315 1301 1524 1355 Deinde
1568 1295 1813 1352 hostium
1850 1297 2148 1352 adventum

576 1396 841 1449 immotus
863 1404 1170 1463 exspectat.
1211 1393 1397 1449 Acicm
1452 1393 1600 1446 enim
1662 1407 1729 1445 ex
1787 1390 2020 1445 adverso
2066 1389 2151 1444 in.

573 1468 821 1542 Struebat
853 1496 910 1542 et
958 1488 1322 1556 Apocaucus:
1381 1500 1609 1539 manum
1652 1492 1836 1537 autem
1883 1498 2009 1536 cum
2041 1481 2152 1536 illis

574 1594 868 1634 conserere
894 1595 1003 1633 non
1039 1578 1335 1633 admodum
1366 1577 1626 1643 audebat,
1664 1591 1790 1632 cum
1815 1575 2032 1630 videret
2052 1589 2150 1629 eos

574 1671 669 1740 qui
725 1662 1115 1741 imperatorem
1173 1669 1368 1732 armati
1434 1654 1884 1731 circumstabant,
1952 1665 2153 1720 bellico

574 1761 770 1815 ardore
803 1764 992 1830 plenos
1041 1770 1097 1816 et
1145 1777 1212 1816 eo
1240 1761 1501 1815 redactos
1538 1758 1947 1828 desperatione,
1987 1767 2049 1811 ut
2083 1757 2150 1811 ad

572 1853 963 1909 cffundendam
992 1854 1231 1909 animam
1263 1853 1439 1923 parati
1463 1860 1667 1906 essent.

642 1947 734 2002 111.
762 1947 1034 2002 Paulatim
1071 1947 1262 2017 itaque
1290 1962 1595 2001 conversus
1626 1936 1925 2016 imperator
1944 1942 2011 1998 ad
2032 1943 2153 1997 Tri-

573 2038 751 2095 ballos
776 2039 1047 2093 instructa
1075 2040 1193 2093 acle
1227 2054 1347 2094 sese
1377 2037 1699 2107 recipiebat,
1720 2037 1862 2089 malo
1895 2032 2140 2089 evidenti

575 2131 872 2198 prmferens
897 2132 1098 2186 malum
1123 2132 1416 2184 incertum.
1443 2130 1523 2185 Ad
1550 2137 1810 2184 externas
1827 2129 1972 2183 enim
1992 2142 2154 2196 quas-

574 2223 697 2276 dam
728 2233 921 2289 gentes
943 2224 1036 2292 qui
1072 2223 1125 2275 in
1158 2223 1471 2277 calamitate
1495 2232 1692 2293 sponte
1737 2239 1836 2277 sua
1884 2221 2156 2292 confuge-

575 2315 706 2375 rint.
725 2329 917 2384 eorum
946 2314 1323 2369 conditionem
1359 2314 1660 2383 plurimum
1693 2314 1900 2368 scimus
1920 2314 2154 2369 valuisse

573 2420 961 2475 smpenumero
993 2407 1058 2460 ad
1099 2406 1540 2460 misericordiam
1582 2422 1649 2462 ex
1689 2405 2022 2460 verecundia
2059 2421 2158 2459 ex-

573 2499 897 2553 citandam:
936 2513 1061 2553 cum
1093 2498 1197 2553 illm
1254 2499 1508 2554 nationes
1558 2509 1886 2577 vererentgr
1923 2498 2156 2553 fortasse

571 2602 624 2643 ct
652 2591 896 2644 divinam
929 2590 1394 2660 indignationem,
1453 2602 1508 2648 et
1540 2592 2013 2647 existimationem
2048 2592 2155 2646 ho-

574 2679 808 2744 minum,
838 2692 959 2748 quae
985 2680 1092 2732 vim
1113 2680 1409 2749 quamdam
1460 2694 1718 2734 arcanam
1745 2679 1908 2733 habet
1932 2695 2158 2749 persua-

572 2770 739 2824 dendi
799 2771 1081 2841 plerisque
1125 2771 1318 2825 nescio
1361 2771 1686 2841 quomodo,
1745 2779 1806 2824 ut
1837 2786 2029 2825 eorum
2063 2770 2154 2839 qui

572 2871 732 2915 antea
774 2861 1088 2926 floruerint,
1123 2863 1531 2929 misereantur;
1566 2873 1683 2917 tum
1710 2863 1989 2927 videlicet,
2020 2878 2150 2918 cum

575 2953 746 3007 relata
769 2963 855 3007 est
886 2962 1035 3007 retro
1087 2952 1331 3016 fortuna,
1373 2967 1477 3006 nec
1511 2951 1741 3020 gradum
1796 2950 2020 3005 invidiae
2055 2950 2154 3004 ob-

574 3046 801 3099 noxium
860 3044 1086 3098 immota
1158 3042 1375 3107 tenuit,
1451 3042 1766 3097 tenerrimis
1832 3041 1958 3096 talis
2016 3039 2158 3094 male

575 3138 736 3191 fulta.
765 3135 929 3193 Cives
957 3146 1165 3195 autem.
1201 3137 1293 3192 ubi
1320 3136 1494 3193 semel
1559 3135 1644 3190 fas
1685 3118 1996 3205 abruptum
2048 3141 2154 3195 est,

572 3233 957 3301 implacabiles
983 3243 1041 3289 ut
1077 3235 1379 3304 plurimum
1408 3234 1706 3320 exsistunt,
1746 3235 1799 3288 in
1833 3232 1966 3287 iram
1992 3248 2058 3287 ac
2080 3235 2157 3287 ci-
2181 3242 2225 3302 ς,

571 3327 725 3381 vium
764 3327 970 3381 aedem
1002 3326 1189 3381 effusi.

641 3417 732 3474 IV.
766 3417 1070 3472 Celerrime
1107 3418 1294 3488 itaque
1342 3417 1583 3486 spatium
1619 3417 1972 3488 interjectum
2027 3432 2150 3471 eum

574 3507 1020 3569 transcurrisset,
1046 3506 1193 3560 circa
1231 3506 1406 3560 ferme
1427 3506 1551 3560 illos
1580 3505 1737 3568 ﬁnes,
1761 3520 1899 3574 quos
1921 3504 2152 3560 adversa

571 3598 791 3652 fortuna
825 3596 1112 3665 adetnptos
1138 3597 1407 3652 Romanis
1453 3597 1518 3652 ad
1552 3597 1828 3652 Triballos
1862 3598 2155 3652 transtule-

573 3699 679 3751 rat,
707 3702 808 3756 per
845 3697 1015 3742 totam
1041 3698 1418 3744 commoratus
1445 3698 1530 3744 est
1568 3702 1816 3754 noctem,
1848 3689 1984 3744 illud
2019 3689 2157 3744 Leo-

573 3778 718 3835 nidm
737 3779 1017 3851 Spartani,
1038 3780 1131 3850 qui
1156 3782 1219 3835 ad
1247 3780 1649 3854 Thermopylas
1705 3782 1991 3853 pugnavit,
2007 3782 2154 3854 apud

572 3869 874 3925 familiares
907 3884 1038 3926 suos
1067 3886 1359 3940 usurpans.
1408 3886 1679 3927 converso
1736 3874 2029 3929 verborum
2065 3890 2157 3928 or-

542 3954 543 3957 “
572 3960 700 4015 dine
728 3978 742 4016 :
785 3959 1017 4016 «Adeste
1047 3961 1135 4015 hic
1160 3975 1470 4027 erenemus,
1504 3970 1565 4017 ut
1603 3962 1659 4016 in
1707 3962 1853 4018 Orco
1882 3964 2155 4034 prandea-

573 4067 709 4106 mus.
731 4070 750 4103 ι
779 4050 944 4122 637
977 4053 1056 4106 Ac
1078 4059 1302 4121 postera
1337 4052 1562 4122 quidem
1587 4052 1679 4108 die
1740 4053 1911 4107 mittit
1962 4068 2158 4124 quam-

572 4144 812 4214 primum
850 4144 915 4197 :nl
945 4141 1162 4197 Cralem
1197 4141 1428 4204 Serviaa.
1451 4144 1545 4213 qui
1580 4158 1747 4199 casus
1775 4143 1926 4198 illius
1960 4143 2156 4215 tragici

571 4238 870 4292 certiorem
895 4251 1021 4289 eum
1062 4235 1290 4302 faciant,
1327 4251 1395 4291 ac
1426 4235 1871 4291 misericordiam
1924 4236 2002 4289 illi
2043 4251 2161 4290 mo-

570 4338 761 4389 veant.
798 4336 1075 4397 quatenus
1105 4341 1206 4396 par
1220 4337 1328 4389 est,
1356 4343 1543 4381 rerum
1571 4327 1944 4382 humanarum
1965 4327 2159 4381 infide-

570 4419 726 4472 litate
763 4430 817 4471 et
849 4417 1198 4487 fragilissima
1230 4417 1555 4473 conditione
1611 4419 1660 4472 ei
1697 4422 2156 4473 commemorata.

470 4512 471 4517 “
571 4509 849 4564 Incertum
877 4511 1083 4579 quippe
1135 4524 1201 4565 ac
1255 4508 1481 4564 minime
1533 4507 1965 4564 determinatum
2010 4526 2154 4574 esse,

2254 653 2353 721 τῆς
2386 653 2674 721 δυνάμεως
2704 655 2765 704 τό
2796 667 2855 703 τε
2903 650 3159 702 πλεῖστον
3195 646 3289 701 καὶ
3323 645 3584 714 βέλτιστον
3621 645 3775 715 ἀθροι-

2256 745 2508 814 ζόμενον,
2564 744 2646 805 είς
2675 742 2858 807 τάξεις
2891 740 3067 812 διῄρει
3110 740 3207 793 καὶ
3238 737 3536 806 φάλαγγας,
3580 737 3664 789 καὶ
3692 737 3778 789 διέ-

2253 853 2450 889 ταττεν
2480 837 2560 898 εἷς
2590 851 2650 888 τε
2677 833 2740 887 τὸ
2775 831 2949 897 δεξιὸν
2979 833 3071 885 καὶ
3107 832 3169 884 τδ
3208 829 3483 897 εὐώνυμον
3510 828 3695 896 κέρας·
3722 827 3779 881 τὰ

2258 929 2400 1001 μέσα
2429 931 2528 997 τῆς
2561 926 2843 994 φάλαγγος
2872 926 2931 979 ού
2971 924 3224 978 τοσοῦτον
3254 923 3331 984 εἰς
3369 919 3545 990 βάθος,
3580 920 3691 972 ὅσον
3715 920 3782 982 είς

2258 1021 2433 1091 μῆκος
2462 1020 2722 1073 ἐκτείνων
2760 1018 3110 1088 λεπτότερον,
3159 1015 3249 1069 διά
3296 1012 3394 1082 τὴν
3438 1010 3784 1083 ὀλιγανδρίαν⁹

2255 1114 2351 1167 καὶ
2407 1113 2621 1177 τούτοις
2675 1111 2981 1181 ἐπιστήσας
3039 1108 3382 1178 στρατηγοὺς
3419 1105 3656 1173 Ἰωάννην
3711 1102 3785 1156 τὸν

2259 1205 2547 1272 Ἄγγελον,
2589 1203 2685 1257 καὶ
2710 1204 2823 1257 ὅσοι
2858 1200 3006 1268 αὐτῷ
3039 1199 3409 1270 παραπλήσιοι
3447 1196 3546 1263 τήν
3570 1211 3624 1247 τε
3650 1190 3785 1245 πολέ-
3812 1200 3835 1211 ‘

2257 1314 2379 1365 μιον
2409 1297 2608 1365 πεῖραν
2639 1294 2736 1348 καὶ
2759 1293 2860 1360 τὴν
2889 1291 2986 1346 τοῦ
3015 1292 3205 1360 γένους
3237 1285 3379 1358 ἦσαν
3412 1285 3687 1353 ἐγγύτητα,
3705 1282 3786 1352 τήν

2253 1389 2363 1442 τῶν
2393 1387 2652 1441 ἐναντίων
2683 1387 2870 1440 ἵστατο
2915 1383 3227 1454 περιμένων
3259 1378 3468 1448 ἔφοδον.
3505 1378 3789 1442 ’Δντιπαρε-

2252 1483 2483 1537 τάττετο
2523 1481 2619 1550 μὲν
2654 1480 2762 1549 γὰρ
2790 1481 2854 1532 ἐκ
2900 1476 3129 1549 θατέρου
3160 1475 3253 1528 καὶ
3281 1474 3308 1525 ὀ
3340 1470 3687 1530 Ἀπόκαυκος.
3710 1467 3788 1528 Εἰς

2255 1576 2448 1644 χεῖρας
2481 1572 2526 1625 δ’
2558 1573 2725 1641 ὁμόσε
2777 1570 2916 1622 ίέναι
2949 1568 3135 1637 σφίσιν
3164 1566 3226 1619 οὐ
3266 1563 3413 1635 μάλα
3442 1560 3651 1627 ἐτόλμα,
3685 1558 3789 1617 τοὺς

2255 1667 2387 1736 περὶ
2418 1666 2511 1717 τὸν
2557 1662 2784 1733 βασιλέα
2824 1660 3036 1731 βλέπων
3066 1657 3293 1719 ὁπλίτας
3324 1654 3489 1708 πολὺν
3529 1649 3615 1704 τὸν
3658 1650 3711 1701 ἐν
3736 1648 3788 1715 τῇ

2258 1760 2406 1830 μάχῃ
2444 1758 2616 1826 θυμὸν
2649 1757 2915 1816 πνέοντας
2946 1753 3043 1807 καὶ
3095 1748 3213 1818 ἅμα
3248 1749 3346 1819 τὴν
3378 1744 3554 1817 ψυχὴν
3593 1741 3647 1806 ἐξ
3676 1740 3791 1795 ἀπο-

2262 1852 2518 1921 γνώσεως
2549 1851 2779 1919 ἐτοίμως
2811 1850 3036 1918 ἔχοντας
3062 1846 3302 1913 ἀφιέναι.
3620 1914 3626 1919 θ

2326 1948 2380 2001 Γ⁹
2411 1947 2576 1998 Ὅθεν
2605 1944 2792 2013 ἡρέμα
2832 1940 3167 2012 συστραφεὶς
3194 1936 3361 2007 ἀπῄει
3398 1928 3795 1999 συντεταγμένος

2252 2042 2355 2110 ’τὴν
2384 2037 2849 2109 ἐπ1.“Ἰ“ρι6αὶλοὺς
2884 2036 2926 2088 ’ό
2964 2031 3219 2104 βασιλεὺς
3255 2030 3394 2099 (55),
3440 2025 3534 2080 τοῦ
3563 2021 3793 2091 προδήλου

2255 2129 2429 2185 κακοῦ
2451 2130 2511 2181 τδ
2529 2130 2562 2181 ἀ
2570 2123 2877 2193 μιρισὸητού
2886 2140 3043 2193 μενον
3057 2121 3441 2191 προελόμενος.
3463 2114 3547 2187 [Ρ.
3567 2111 3684 2182 596}
3696 2110 3796 2177 Τῷν

2255 2224 2365 2294 γὰρ
2398 2218 2709 2290 ἀλλοφύλων
2731 2217 2891 2281 ἐνίοις
2916 2216 3074 2286 ῐσμεν
3099 2213 3358 2274 πολλάκις
3371 2209 3469 2278 τὴν
3491 2210 3551 2262 ἐκ
3570 2202 3797 2275 περιστά-

2258 2334 2393 2378 σεως
2408 2314 2657 2367 ἑκούσιον
2670 2309 2992 2380 καταφυγὴν
3012 2311 3074 2361 δυ
3082 2325 3159 2360 σω
3168 2306 3547 2377 πητικωτέραν
3559 2317 3667 2361 πως
3679 2313 3799 2365 γινο-

2260 2408 2431 2481 μένην
2467 2407 2602 2476 πρδς
2623 2400 2833 2464 οἶκτον,
2867 2404 3096 2472 νέμεσιν
3129 2403 3261 2459 ἴσως
3295 2398 3495 2452 δεδιόσι
3517 2396 3673 2465 δήπου
3686 2390 3799 2444 θειο-

2256 2503 2426 2571 τέραν
2458 2499 2555 2552 καλ⁸
2592 2496 2948 2565 ἀνθρωπίνην
3002 2493 3173 2547 αῐδῶ·
3212 2492 3247 2563 ἡ
3301 2490 3469 2559 φύσιν
3527 2484 3799 2556 ἀπόρρητον

2257 2594 2388 2664 ἔχει’
2426 2591 2574 2652 τινὰ,
2608 2588 2825 2652 πείθειν
2858 2588 2985 2649 τοὺς
3031 2583 3322 2646 πλείστους
3356 2581 3640 2637 ὁπώσποτε
3667 2576 3798 2626 δυνα-

2260 2679 2456 2758 μένην,
2485 2686 2611 2746 τοὺς
2639 2678 3130 2753 προηυτυχηκότας
3161 2675 3477 2745 οἰκτείρειν,
3505 2674 3625 2727 ὅταν
3653 2670 3678 2722 ὁ
3707 2666 3797 2737 βὲος

2258 2781 2442 2840 αὐτοῖς
2475 2779 2531 2839 ἐς
2568 2774 2831 2829 τάναντία
2867 2772 3117 2843 χωρήσῃ,
3150 2770 3248 2824 καὶ
3298 2768 3377 2837 μὴ
3405 2772 3462 2821 ἐν
3498 2765 3573 2835 τῷ
3606 2761 3800 2831 φθονου-

2261 2872 2410 2942 μένῳ
2435 2870 2538 2939 τῆς
2564 2869 2736 2938 τύχης
2788 2867 3121 2927 ἀσαλεύτους
3151 2864 3247 2934 ἔχῃ
3286 2862 3390 2924 τὰς
3419 2858 3590 2928 ἀϐράς
3629 2852 3802 2926 κρηπί-

2257 2941 2355 3025 δας
2408 2960 2484 3015 Τὸ
2511 2959 2557 3014 δ’
2587 2955 2879 3028 ὁμόφυλον,
2917 2953 3067 3019 ἅπαξ
3095 2952 3191 3006 τοῦ
3233 2953 3448 3014 εἰκότος
3501 2941 3798 3018 ἀπορραγὲν.

2258 3057 2558 3127 ἀνήκεστον
2587 3054 2664 3116 ὡς
2700 3052 2766 3104 τὰ
2798 3049 2971 3103 πολλά
3019 3047 3345 3101 καθίσταται
3377 3042 3517 3114 πρὸς
3542 3036 3700 3110 ὀργὴν
3725 3033 3804 3088 καὶ

2260 3147 2423 3219 χύσιν
2451 3145 2686 3215 αἵματος
2716 3139 3037 3211 συγγενοῦς.

2327 3415 2401 3465 Δν.
2443 3411 2658 3485 Σπουδῇ
2694 3393 2878 3465 τοίνυν
2907 3411 3004 3482 τὴν
3032 3411 3220 3481 πρόσω
3242 3408 3439 3469 διαϐὰς
3477 3405 3690 3478 πορείαν
3709 3402 3802 3456 ἐκεῖ

2257 3522 2360 3558 που
2391 3507 2519 3575 περὶ
2565 3505 2692 3569 τοὺς
2735 3505 2917 3574 ὅρους,
2952 3502 3046 3568 οὓς
3086 3505 3119 3572 ἡ
3153 3501 3509 3571 κακοπραγία
3548 3495 3802 3566 Ῥωμαίων

2256 3597 2570 3669 ἀφελομένη
2604 3579 2926 3667 τιταρέσχετο
2955 3594 3298 3667 Τριϐαλλοῖς,
3326 3594 3429 3662 τὴν
3457 3593 3625 3645 νύκτα
3651 3590 3800 3641 πᾶσαν

2257 3689 2537 3760 ηὐλίσατο,
2588 3691 2766 3744 ἐκεῖνο
2802 3688 2864 3742 τὸ
2893 3687 3163 3743 Λεωνίδου
3206 3686 3300 3740 τού
3346 3684 3701 3757 Σπαρτιάτου,
3724 3676 3802 3730 τοῦ

2260 3784 2318 3836 ἐν
2348 3782 2756 3854 Θερμοπύλαις,
2813 3781 2950 3851 πρὸς
3005 3781 3135 3843 τοὺς
3179 3780 3425 3844 οἰκείους
3467 3774 3805 3843 ἀντιστρόφως

2260 3876 2666 3947 φθεγξάμενοςο
2710 3896 2728 3928 ι
2772 3875 2935 3928 Δεῦτε
2988 3875 3371 3947 δειπνήσωμεν
3436 3872 3574 3935 (56),
3629 3869 3711 3920 ἵνα
3756 3865 3804 3916 ἐν

2261 3967 2390 4039 ᾅδου
2439 3944 2845 4037 ἀριστήσωμεν.
2886 3984 2904 4017 ι
2949 3944 3028 4035 Th
3061 3982 3124 4031 γε
3158 3964 3266 4036 μὴν
3311 3961 3578 4034 ὑστεραία
3625 3958 3805 4027 πέμπει

2258 4062 2386 4123 τοὺς
2444 4059 2537 4112 τὸν
2583 4058 2809 4128 Κράλην
2840 4058 2951 4128 (57)
2984 4057 3217 4128 Σερϐίας
3251 4056 3351 4126 τὴν
3382 4056 3642 4126 ταχίστην
3687 4047 3806 4103 διδά-

2261 4152 2452 4216 ξοντας
2483 4150 2583 4220 τῆς
2619 4150 3009 4221 συμπεσούσης
3051 4147 3220 4216 τύχης
3255 4148 3352 4218 τὴν
3378 4146 3679 4219 τραγῳδίαν
3726 4140 3806 4194 καὶ

2261 4244 2398 4315 πρὸς
2430 4239 2613 4296 οἶκτον
2658 4242 2982 4310 κινήσοντας
3027 4241 3152 4294 ὅσον
3201 4239 3375 4305 εἰκὸς,
3415 4235 3803 4310 ἀναμνησθέντα

2259 4334 2357 4389 τοῦ
2399 4336 2511 4389 τῶν
2546 4334 2909 4404 ἀνθρωπίνων
2948 4334 3292 4402 πραγμάτων
3326 4332 3558 4386 ἀπίστου
3589 4324 3802 4383 2315165-

2261 4429 2447 4481 ϐαίουο
2487 4427 2580 4480 καὶ
2614 4428 2687 4488 ὡς
2730 4425 2964 4495 ἀδήλους
2994 4426 3089 4479 καὶ
3131 4425 3335 4495 ἥκιστα
3362 4423 3669 4493 ὡρισμένας
3713 4417 3804 4486 ἔχει

2260 4521 2421 4573 ταυτὶ
2450 4518 2549 4582 τὰς
2579 4518 2800 4587 ἐφόδους
2843 4517 2966 4571 καθ’
2999 4511 3073 4570 ὧν
3115 4516 3411 4587 πορεύεται
3436 4532 3451 4547 '
3498 4516 3588 4568 καὶ
3619 4513 3688 4574 ὡς
3715 4508 3803 4579 χρὴ

571 4598 641 4654 ad
668 4614 808 4669 quos
838 4598 1250 4654 vicissitudines
1315 4598 1421 4652 illa:
1483 4598 1597 4652 sint
1658 4610 2049 4668 perventurae;
2099 4612 2154 4657 ct

2264 4609 2393 4678 περὶ
2420 4609 2529 4663 τῶν
2552 4607 3055 4677 κικοπραγούντων
3079 4608 3365 4660 ὁπώσποτε
3394 4605 3676 4675 βούλεσθαι
3701 4600 3806 4657 τοὶς

571 4702 828 4763 oportere
856 4691 914 4744 in
946 4690 1179 4745 miseros
1220 4690 1518 4773 proclivem
1572 4705 1637 4744 ac
1672 4691 1970 4761 benignam
2025 4710 2151 4750 esse

571 4800 763 4837 eorum
803 4781 1170 4844 voluntatem,
1198 4796 1436 4850 quorum
1464 4796 1550 4835 res
1572 4782 1832 4838 secundae
1871 4785 2021 4840 sint:
2057 4802 2151 4841 cx-

572 4871 946 4927 timescendos
980 4886 1179 4940 nempe
1227 4872 1540 4942 inepinatos
1591 4873 1830 4929 fortuna:
1899 4876 2039 4931 ictus
2098 4887 2155 4932 et

571 4966 964 5023 alternantium
1002 4982 1231 5022 casuum
1275 4969 1670 5039 labyriutltos;
1731 4986 1856 5025 cum
1899 4971 1951 5026 id
1984 4973 2153 5028 rebus

572 5073 793 5126 semper
819 5073 848 5111 a
877 5068 1070 5113 natura
1095 5058 1248 5133 insit,
1313 5070 1371 5114 nt
1394 5062 1603 5115 exitum
1640 5063 1830 5131 potius
1889 5064 2153 5133 itnprovi~

571 5163 692 5200 sum
722 5147 987 5213 habeant,
1023 5164 1187 5219 quam
1220 5165 1348 5204 eum
1379 5151 1472 5219 qui
1521 5152 1594 5206 sit
1626 5154 1914 5220 praevisus,
1968 5163 2023 5209 et
2072 5154 2156 5207 in-

568 5239 789 5293 ft-licem
824 5239 1007 5308 potius
1044 5256 1208 5309 quam
1236 5241 1478 5297 felicem.
1511 5242 1621 5297 Sed
1676 5259 1820 5299 unus
1849 5261 1915 5299 ex
1947 5245 2016 5301 iis
2032 5245 2154 5299 Tri-

570 5331 753 5396 bullis,
815 5333 910 5400 qui
942 5333 1206 5388 Romanis
1265 5334 1379 5388 illic
1423 5335 1656 5403 proximi
1689 5336 1985 5406 degebant.
2024 5353 2150 5392 cum

570 5423 626 5477 in
662 5424 882 5479 insidiis
914 5425 1071 5495 juxta
1106 5425 1249 5479 viam
1281 5426 1602 5483 collocasset
1631 5428 1898 5499 quosdam
1921 5444 1987 5483 ex
2013 5429 2149 5494 suis,

2261 4701 2678 4774 εύπραγοῦντας
2702 4701 2789 4755 ἀεὶ
2823 4700 2893 4754 τὰ
2933 4700 3178 4771 προσηνῆ
3212 4703 3306 4755 καὶ
3336 4699 3570 4771 χρηστὰ,
3596 4694 3803 4752 δεδιότας

2261 4794 2389 4856 τοὺς
2427 4795 2657 4862 ἀφανεῖς
2683 4793 2906 4860 τοξότας
2929 4793 3027 4861 τῆς
3054 4791 3223 4862 τύχης
3254 4795 3350 4847 καὶ
3389 4795 3489 4857 τὰς
3518 4792 3621 4844 τῶν
3649 4783 3804 4842 ἄλλοτ’

2262 4882 2438 4949 ἄλλως
2468 4885 2784 4955 ἐρχομένων
2804 4885 3100 4953 συμφορῶν
3124 4884 3451 4953 λαϐυρίνθου
3464 4902 3504 4949 ς,
3529 4883 3631 4936 τῶν
3653 4891 3803 4948 πραγ-

2265 4978 2454 5046 μάτων
2484 4979 2573 5032 ἀεὶ
2615 4978 2865 5048 συμφυὲς
2894 4978 2956 5030 τὸ
2989 4977 3395 5049 ἀπροσδόκητον
3427 4977 3596 5045 πέρας
3629 4970 3803 5044 μᾶλλον

2254 5068 2508 5139 ἐχόντων,
2558 5067 2589 5139 ἢ
2623 5069 2684 5121 τὸ
2734 5067 3212 5137 προσδοκώμενον,
3246 5071 3338 5123 καὶ
3369 5068 3429 5120 ca
3469 5066 3660 5136 ἀτυχὲς
3689 5060 3802 5131 μᾶλο

2246 5137 2344 5209 λον
2382 5158 2414 5226 ἢ
2443 5160 2505 5210 τὸ
2543 5137 2615 5212 ἐπ
2637 5158 2824 5228 τυχές.
2863 5158 3022 5212 Ἀλλά
3052 5177 3135 5221 τις
3162 5158 3271 5210 τῶν
3295 5151 3801 5226 ἀγχισταῬωμαίοις

2258 5246 2583 5323 τὴνδξαιταν
2608 5250 2951 5319 ποιουμένων
2985 5251 3105 5303 ἐκεῖ
3130 5249 3467 5319 Τριϐαλλῶν,
3497 5243 3795 5317 προλοχίσας

2251 5343 2402 5404 τινὲς
2451 5341 2558 5394 τῶν
2603 5342 2823 5395 οἰκείων
2872 5342 3023 5412 παρᾶ
3068 5343 3168 5412 τὴν
3213 5343 3354 5405 ὁδὸν,
3399 5339 3666 5411 χειροῦται
3692 5333 3799 5392 τοὺς

2252 5433 2536 5502 πρέσσεις,
2564 5434 2657 5486 καὶ
2690 5437 2830 5503 σφᾶς
2872 5435 2971 5507 τὴν
3012 5436 3276 5506 ταχίστην
3303 5434 3517 5504 κομίζει
3546 5433 3620 5503 τῷ
3651 5430 3794 5482 Ἀποο

1913 5532 2181 5601 Varioru
2194 5559 2249 5601 ιιι
2287 5552 2474 5607 noue.

643 5642 755 5710 (55)
784 5641 1085 5700 Cantacuz.
1116 5644 1215 5699 lib.
1251 5662 1327 5708 ιιι,
1365 5661 1489 5713 cap.
1537 5646 1627 5701 ιι.
1661 5644 1894 5699 Ductse.

643 5713 756 5784 (56)
821 5712 1029 5785 Pergite
1082 5717 1261 5769 animo
1326 5712 1472 5785 forti.
1527 5715 1941 5785 Lacedaemonii.
1979 5713 2145 5785 Hodie

574 5785 717 5855 epud
793 5784 987 5852 inferos
1052 5787 1279 5855 fortasse
1328 5784 1685 5849 cantabimus,
1742 5785 1857 5839 Cic.
1922 5784 2140 5855 Tusci”.

574 5849 767 5915 th’st.
822 5849 923 5911 lib.
986 5873 1024 5922 ι,
1052 5849 1194 5912 'sect.
1232 5856 1351 5911 101.
1398 5856 1536 5912 Vide
1580 5866 1634 5910 et
1685 5856 1850 5926 hujus
1886 5854 2140 5911 Historia:

2256 5649 2717 5728 lib.__t_tvt_tt._infra
2736 5670 2856 5728 cap.
2888 5656 2942 5719 5,
2967 5666 3102 5712 sect.
3135 5658 3187 5713 9.
3225 5657 3433 5728 Betvts.
3469 5725 3477 5728 _
3629 5661 3637 5665 “
3707 5720 3717 5728 _
3759 5716 3767 5728 ,

2329 5722 2442 5792 (57)
2478 5724 2641 5779 Istius
2667 5720 2960 5795 legationis
3005 5729 3071 5779 ad
3109 5743 3292 5796 regem
3326 5725 3528 5779 Servia:
3572 5720 3790 5775 meminit

2252 5789 2696 5862 Cauta'cuzenus,
2723 5789 2854 5867 'cap.
2898 5798 2986 5863 65,
3026 5813 3145 5869 pag.
3174 5789 3301 5853 388.
3339 5796 3565 5852 Ducum.
3606 5858 3609 5861 _
