4070 6436
304 291 414 356 865
710 291 790 366 [Α.
831 310 882 351 c.
925 295 1084 369 {342]

1297 303 1740 364 ΒΥΖΛΝΤΙΝΛΞ
1778 304 2164 367 HISTORIA!
2209 305 2358 369 LIB.
2399 305 2574 366 XIII.

2705 299 2844 374 [ηιξ.
2897 316 2938 358 ι.
2981 315 3219 358 utnon.
3259 302 3318 374 2]

3459 304 3565 370 866

307 406 559 478 πανταχῆ
585 408 655 462 δι’
687 410 942 482 εὐφήμου
957 416 1069 484 ’τῆς
1096 415 1320 484 μνήμης
1348 417 1411 469 τδ
1435 419 1634 470 οἰκεῖον
1655 416 1887 488 ἧλπιζεν

1999 415 2644 472 coniieommendatione
2697 417 3046 473 circumferri
3073 433 3234 488 posse
3285 418 3561 486 sperabat,

304 495 478 567 ὄνομα
525 499 786 556 δύνασθαι
834 505 1121 576 φέρεσθαι,
1163 506 1327 559 κάκεῖ
1367 507 1735 576 προηγεῖσθαι
1783 509 1879 575 τῆς

308 586 579 654 βασιλίδος
621 593 824 664 Ἀννης
862 594 1103 665 τοῦνομα
1138 599 1235 650 καὶ
1267 600 1404 670 πρός
1453 615 1515 666 γε
1549 599 1642 652 τοῦ
1676 597 1882 666 ταύτης

309 679 641 750 υίέως’μεθ’
674 685 894 756 ἀπάσης
938 688 1156 741 ἐκέλευε
1203 690 1424 761 γνώμης
1473 691 1570 743 καὶ
1623 691 1886 759 προαιρέ-

308 788 447 835 σεως
471 789 486 803 ο
516 773 707 845 ὥσπερ
736 777 844 848 ἄρα
881 782 975 832 καὶ
1005 782 1147 848 πρὸς
1171 783 1445 846 Λίτωλούς
1470 800 1526 834 τε
1561 784 1656 834 καὶ
1681 784 1884 834 Θεττα-

309 862 433 924 λούς
456 881 515 916 τε
534 867 902 936 τὸνἋγγελον
922 872 1305 926 ἀποστέλλοντι
1322 874 1566 943 Ἰωάννη,
1585 873 1716 926 ὥσθ’
1735 873 1888 927 ἑκόν-

310 973 420 1010 των
448 960 641 1031 ἄρχει-ν
669 962 872 1026 αὐτῶν,
912 965 988 1026 ὼς
1027 967 1310 1034 προῖόντες
1351 964 1590 1036 ἐροῦμεν
1616 965 1888 1018 πλατύτε-

311 1066 424 1117 ρον,
462 1049 738 1122 προύργου
769 1051 960 1120 γέγονε
996 1054 1406 1109 διακελεύεσθαί
1434 1073 1492 1107 τε
1529 1057 1625 1108 καὶ
1673 1072 1890 1126 παραγ-

309 1141 524 1208 γέλλειν
549 1141 740 1197 τούτου
783 1161 845 1212 γε
885 1145 1070 1198 εἵνεκα
1109 1147 1350 1217 μάλιστα
1387 1150 1633 1214 πάντων,
1689 1150 1782 1201 καὶ
1814 1148 1892 1218 μὴ

313 1234 584 1302 πρότερον
648 1235 941 1304 μεθιέναι,
996 1239 1125 1308 πρὶν
1181 1240 1344 1293 αὑτὸν
1405 1239 1764 1310 τελεσιουργὰ
1823 1240 1891 1292 τὰ

310 1326 490 1380 τοιάδε
524 1329 631 1398 πρὸ
665 1329 886 1392 παντὸς
911 1331 1355 1399 ἐπαγγείλασθαι
1388 1333 1522 1405 δρᾷν
1565 1333 1890 1402 παραγγέλ-

316 1435 490 1487 ματα.
532 1419 750 1474 Εἰσεται
784 1423 839 1475 δὲ
885 1423 1105 1488 πάντως
1140 1428 1194 1488 ἐς
1229 1426 1288 1479 τδ
1328 1426 1582 1495 ἀκριϐὲς,
1611 1427 1669 1488 ὃς
1704 1426 1769 1480 ἂν
1807 1429 1892 1477 ὲν-

310 1510 449 1582 τύχῃ
483 1509 726 1584 ζητήσας
749 1513 828 1585 τῷ
856 1518 993 1586 πρὶς
1027 1517 1193 1569 αὑτὸν
1235 1518 1592 1587 θεσπίσματι,
1627 1518 1799 1572 ταῦτά
1831 1536 1890 1571 τε

1993 509 2108 563 illic
2133 510 2301 563 Anna:
2339 508 2675 578 imperaticis
2721 517 2778 564 et
2805 509 2899 563 filii
2955 510 3077 580 ejus
3129 525 3329 564 nomen
3366 510 3566 580 praeire

1995 601 2144 653 omni
2179 600 2364 654 studio
2394 615 2460 655 ac
2511 600 2795 655 voluntate
2827 601 3076 669 iubebat.
3134 601 3228 656 Sic
3265 603 3328 654 ad
3357 601 3569 655 [Etolos

1996 691 2396 762 Thessalosque
2422 692 2684 747 Joannem
2713 694 2980 763 Angelum
3013 710 3137 748 cum
3165 695 3428 759 mitteret,
3462 695 3570 746 illis

1993 781 2309 836 volentibus
2341 781 2736 850 praefuturum;
2794 782 3258 852 quemadmodum
3310 781 3451 836 infra
3487 779 3571 832 dis

1993 885 2184 926 cemus
2216 871 2392 926 fusius
2420 889 2434 937 ;
2467 873 2542 924 nil
2576 873 2625 926 ei
2660 871 2763 926 fuit
2802 871 3008 941 potius,
3037 887 3200 939 quam
3241 881 3302 925 ut
3351 870 3570 939 juberet

1993 965 2430 1034 praeciperetque
2464 964 2596 1018 illud
2633 963 2869 1018 maxime
2897 981 2911 1018 :
2946 979 3045 1017 nec
3072 964 3225 1033 prius
3253 978 3379 1017 eum
3404 962 3574 1015 dimi-

1993 1057 2087 1120 sit,
2117 1071 2282 1126 quam
2315 1057 2408 1110 ille
2438 1055 2710 1126 ejusmodi
2754 1054 3011 1109 mandata
3042 1070 3100 1107 re
3128 1053 3242 1123 ipsa
3275 1061 3572 1108 exscéutu-

1996 1163 2117 1201 rum
2146 1163 2205 1203 se
2228 1158 2355 1202 ante
2386 1149 2571 1201 omnia
2609 1147 2982 1216 promisisset,
3013 1146 3191 1214 Atque
3251 1146 3365 1200 haec
3393 1146 3576 1214 quivis

1996 1240 2438 1308 exploratissime
2465 1241 2752 1309 percipiet,
2776 1238 3104 1308 rescriptum
3138 1238 3316 1307 ipsum
3345 1248 3571 1291 nactus:

1996 1349 2176 1403 neque
2213 1333 2328 1387 haec
2362 1333 2559 1392 solum.
2595 1331 2691 1386 sed
2721 1340 2776 1385 et
2803 1345 3146 1400 qumcunquc
3172 1328 3275 1382 alia
3303 1329 3388 1383 liis
3416 1328 3560 1382 simi-

1999 1423 2070 1476 lia
2102 1421 2492 1492 addit,jubens
2523 1437 2673 1487 eum,
2702 1420 2950 1489 quandiu
2984 1413 3233 1473 victurus
3254 1419 3344 1480 sit,
3383 1419 3577 1472 Roma—

2000 1530 2133 1568 num
2170 1513 2460 1582 imperium
2495 1512 2645 1567 omni
2675 1513 2886 1566 honore
2916 1521 2969 1566 et
3011 1511 3319 1567 reverentia
3367 1511 3572 1578 ποιοῖο,

312 1606 406 1658 καὶ
459 1607 556 1658 ὅσα
614 1607 823 1673 τούτοις
878 1610 1242 1680 προστίθησιν
1277 1611 1464 1680 ὃμοια,
1525 1614 1590 1682 τῇ
1637 1609 1887 1680 βασιλείᾳ
1937 1605 2229 1661 Ῥωμαίων
2293 1608 2472 1660 πᾶσαν
2526 1605 2713 1672 νέμειν
2748 1602 2887 1658 αἰδῶ
2977 1607 3075 1657 καὶ
3135 1604 3426 1657 εὐλάϐειαν
3492 1603 3579 1656 διὰ

313 1695 430 1765 βίου
463 1699 724 1754 κελεύων.

383 1790 458 1843 Z'.
497 1790 657 1843 ToE‘J‘
687 1793 873 1846 ίκανδν
921 1794 1097 1863 ἔγωγε
1133 1795 1299 1865 μόνον
1331 1797 1426 1850 καὶ
1467 1796 1726 1866 ἀποχρῶν
1751 1797 1894 1867 ἥγη-

2069 1789 2182 1845 Vll.
2214 1787 2397 1844 Unum
2423 1801 2526 1858 ego
2558 1785 2691 1840 illud
2723 1787 2855 1855 pu'to
2881 1784 3130 1839 sufficere
3163 1800 3227 1839 ac
3283 1787 3417 1840 satis
3456 1801 3578 1842 esse

316 1901 436 1953 μαι,
469 1884 577 1937 τῶν
621 1886 800 1940 ἄλλων
831 1890 1004 1942 ὁπόσα
1040 1888 1139 1960 τὴν
1171 1889 1366 1959 ὁμοίαν
1408 1890 1500 1942 τοῦ
1532 1891 1697 1961 ἤθους
1732 1891 1889 1958 εὐγέ-

311 1992 463 2028 νειαν
497 1977 610 2043 ἔχει
663 1979 1065 2047 σιωπωμένων,
1095 1979 1343 2044 ἅπαντας
1388 1981 1620 2043 πείθειν,
1668 1977 1749 2045 οἷς
1793 1982 1885 2035 νοῦ

313 2066 411 2117 καί
444 2067 762 2136 φρονήσεως
800 2071 1056 2139 μέτεστιν
1082 2071 1350 2136 ὁπωσοῦν,
1387 2071 1637 2144 θειοτέρα
1660 2074 1889 2143 προνοίᾳ
1929 2093 1932 2096 ’

310 2159 634 2213 διοικεῖσθαι
662 2162 730 2214 τὰ
761 2163 957 2229 πάντα,
994 2166 1089 2217 καὶ
1126 2165 1348 2235 μηδαμῆ
1384 2166 1524 2218 κατά
1557 2166 1617 2219 τὸ
1645 2166 1890 2233 αὐτόμα-

312 2267 405 2304 τον
449 2251 739 2322 φέρεσθαι,
787 2253 910 2323 μηδ’
945 2255 1054 2308 ἀπὸ
1099 2257 1269 2326 τύχης
1313 2258 1480 2324 τινὸς,
1532 2258 1672 2329 μήτε
1721 2259 1887 2328 μηδὲν

311 2343 423 2395 τῶν
457 2342 710 2397 ἀπάντων
738 2343 946 2412 ἕτερον,
987 2347 1126 2418 μήτε
1155 2349 1254 2418 τὴν
1285 2347 1477 2402 τούτου
1508 2353 1645 2418 πρὸς
1668 2351 1768 2422 τὴν
1795 2350 1891 2420 βα-

315 2435 639 2490 σιλεύουσαν
678 2438 844 2492 πόλιν
877 2440 1226 2509 ἀναίμακτον
1268 2441 1476 2496 εἴσοδον
1510 2445 1604 2496 καὶ
1645 2443 1742 2514 τὴν
1781 2445 1890 2498 τῶν

315 2524 618 2595 βασιλικῶν
645 2527 930 2598 ἀντίληψιν
963 2531 1189 2600 θρόνων,
1216 2532 1358 2586 οὕτω
1391 2535 1634 2605 μακροὺς
1665 2537 1760 2588 καὶ
1793 2553 1890 2587 πο-

314 2617 544 2680 λυειδεῖς
605 2621 700 2674 καὶ
753 2619 988 2675 θανάτου
1045 2622 1219 2691 φάναι
1272 2625 1530 2703 γείτονας
1577 2628 1889 2696 νενικηκότι

320 2709 622 2773 κινδύνουςο
652 2711 770 2764 ἀλλ’
797 2711 948 2782 αὑτῷ
975 2713 1076 2780 μὲν
1105 2715 1343 2782 ἀμοιϐὴν
1373 2715 1473 2784 τῆς
1509 2717 1728 2786 μακρᾶς
1751 2731 1890 2785 καρ-

317 2803 526 2872 τερίας,
562 2805 696 2857 πᾶσι
719 2804 767 2857 δ’
804 2803 872 2860 αὖ
904 2806 1139 2860 ἐλπίδων
1174 2806 1410 2878 ἔρεισμα
1438 2809 1714 2878 χρηστῶν,
1744 2805 1826 2870 οἷς
1857 2811 1890 2880 η

321 2893 516 2963 γνώμη
562 2894 661 2965 τὴν
709 2894 820 2948 τῶν
863 2897 1055 2950 δεινῶν
1104 2901 1408 2972 καρτερίαν
1441 2899 1621 2970 πέράς
1670 2900 1891 2970 εὐγενὲς

320 2983 639 3050 ἐπιδέξεσθαι
675 2987 1040 3058 ὑπισχνεῖται.

389 3167 473 3221 H'.
505 3165 566 3219 Ei
604 3165 711 3236 γάρ
735 3166 913 3221 πάντα
944 3161 1077 3221 καθῬ
1095 3167 1300 3220 ἕκαστα
1328 3165 1724 3238 βουληθείημεν
1751 3167 1895 3236 ἀφη⁹
1919 3163 1966 3222 C

316 3261 556 3330 γεῖσθαι,
589 3259 766 3313 ὁπόσα
792 3259 1112 3329 πέπρακται
1151 3261 1248 3330 μὲν
1279 3260 1544 3313 ὲπίόουλα
1578 3261 1698 3313 κατ’
1725 3257 1895 3314 αὑτοῦ

317 3353 430 3414 τοῖς
453 3351 697 3422 ἐχθροῖς»
723 3353 820 3406 καὶ
863 3352 1052 3405 ὁπόσοι
1102 3352 1284 3422 φιλίας
1317 3353 1634 3422 ὑποκριταὶ,
1673 3352 1898 3406 πάντων

319 3444 364 3495 δ’
389 3445 688 3515 ὑπέρτερος
713 3444 851 3514 πρδς
871 3444 969 3514 τῆς
996 3445 1204 3498 ἄνωθεν
1231 3440 1300 3515 ἦν
1324 3444 1664 3516 τηρούμενος
1688 3442 1895 3512 δεξιᾶς,

319 3537 470 3589 δέδια
511 3537 587 3608 μή
643 3553 728 3599 τις
763 3537 946 3606 φιλίας
985 3554 1054 3608 με
1102 3536 1384 3608 γράψηται
1416 3537 1553 3607 πρὸς
1608 3534 1898 3606 τδνᾟνδρα

326 3631 544 3700 μακρᾶς
574 3629 683 3682 τῶν
711 3629 828 3682 ὅσοι
858 3629 1158 3699 γυμνάσιον
1188 3629 1367 3700 ἕτεροι
1399 3629 1648 3700 γλώττης
1677 3627 1901 3682 ποιοῦν-

321 3738 415 3775 ται
443 3722 538 3794 τὴν
565 3723 673 3775 τῶν
699 3721 758 3776 ἔν
787 3739 852 3791 γε
889 3723 968 3792 τῷ
997 3723 1230 3794 παρόντι
1263 3723 1562 3794 γινομένων
1589 3739 1899 3792 συγγραφιο

323 3816 426 3882 κήν
477 3816 758 3886 ἀφήγησιν
813 3814 948 3884 ἡμῖν
997 3831 1060 3881 γε
1112 3807 1539 3884 παραπλησίως.
1578 3813 1642 3865 Et
1677 3813 1786 3882 γάρ
1815 3829 1898 3874 τις

321 3905 430 3958 τῶν
457 3887 655 3971 ἔξωθεν
690 3905 784 3960 τοῦ
821 3905 890 3959 τὰ
920 3907 1100 3960 τοιάδε
1143 3905 1492 3977 συγγράφειν
1543 3903 1717 3967 ἑστὼς
1751 3920 1898 3973 γυμ-

321 3999 532 4063 νασίου,
561 3997 817 4068 καθάπερ
846 4015 933 4061 τις
964 3997 1351 4069 Ἑλλανοδίκης
1375 3998 1468 4050 καὶ
1494 3997 1709 4066 ἀπαθὴς
1739 3995 1897 4049 ἀθλο-

326 4090 514 4160 θέτης,
547 4090 721 4144 ἐθέλει
747 4091 992 4157 σκοπεῖν,
1023 4089 1217 4159 δψέται
1250 4089 1350 4159 μὲν
1375 4087 1502 4152 τοὺς
1529 4086 1727 4149 ἄλλους
1760 4087 1899 4155 ὀργῇ

325 4181 421 4234 καὶ
469 4179 626 4251 θυμῷ
677 4179 1196 4251 στρατηγουμένους
1255 4178 1348 4231 καὶ
1384 4178 1697 4248 γράφοντας
1749 4174 1901 4244 παρὰ

325 4271 581 4326 τοσοῦτον
613 4271 824 4335 πάθους
869 4273 1115 4333 ἐκείνους
1159 4269 1220 4322 ού
1256 4269 1403 4340 μάλα
1439 4268 1619 4333 ἐκτὸς,
1661 4267 1902 4337 παρόσον

327 4364 586 4435 ἀληθείας
617 4365 727 4417 οὐδ’
759 4364 896 4428 ὅλως
926 4362 1094 4433 ἔμεγε
1127 4363 1320 4424 ἐκτός.

399 4457 477 4512 Θ’.
511 4459 584 4512 Οὐ
634 4457 740 4529 γὰρ
791 4457 1097 4526 λελείψεταί
1145 4472 1236 4525 μοι
1280 4455 1392 4508 τῶν
1439 4453 1660 4508 πάντων
1709 4451 1901 4520 ὥσπερ

323 4554 473 4605 οὐδὲν
504 4552 610 4604 τῶν
635 4552 1066 4620 ἐπαινουμένων,
1099 4549 1270 4610 οὕτως
1302 4546 1423 4600 οὐδὲ
1444 4547 1554 4599 τῶν
1581 4545 1900 4614 ψεγομένων

325 4645 500 4711 οὐδὲν,
531 4643 660 4698 εἴτι
694 4643 790 4697 καὶ
835 4641 1011 4712 τούτῳ
1051 4640 1235 4709 σαφῶς
1272 4639 1550 4709 ἀνθρώπῳ
1586 4653 1650 4706 γε
1692 4636 1804 4689 δντι
1837 4637 1902 4705 ἡο

328 4739 627 4808 μάρτηται,
659 4737 770 4790 εἴτε
797 4735 935 4789 κατὰ
963 4733 1188 4806 γνώμην
1218 4733 1312 4786 καὶ
1339 4732 1616 4802 βεύλησιν,
1644 4730 1753 4783 εἴτε
1780 4727 1900 4782 κατ’

325 4833 569 4898 ἄγνοιαν,
606 4829 714 4882 εἴτε
756 4827 979 4898 καὶτῆς
1009 4827 1102 4880 τοῦ
1138 4829 1329 4897 χρόνου
1368 4843 1425 4878 τε
1472 4824 1565 4877 καὶ
1599 4823 1704 4876 τῶν
1734 4824 1902 4889 ἀναγ-

328 4927 499 4997 καίῳν
536 4923 865 4994 βιαζομένης
885 4922 1228 4992 πραγμάτων
1249 4919 1448 4990 φορᾶς.
1484 4916 1568 4988 [Ρ.
1591 4917 1718 4988 402]
1753 4915 1898 4995 ιι,άν.

325 5033 432 5069 των
462 5014 572 5085 γὰρ
591 5013 795 5068 τούτων
833 5013 968 5081 μόνα
997 5013 1066 5065 τὰ
1097 5011 1236 5065 κατά
1262 5011 1491 5079 γνώμην
1512 5011 1608 5063 καὶ
1648 5008 1901 5078 βούλησιν

325 5111 438 5178 ἔχει
467 5109 528 5160 τὸ
546 5108 744 5177 κράτος
778 5105 885 5159 τῶν
923 5105 1105 5174 ψόγων
1130 5106 1222 5156 καὶ
1256 5103 1362 5155 τῶν
1393 5103 1653 5156 ἐπαίνων.
1687 5102 1828 5155 Ὅσα
1847 5100 1901 5153 δὲ

326 5177 553 5271 ῥεούσης
570 5201 630 5253 τό
655 5217 718 5270 γε
743 5200 918 5252 δοκεῖν
935 5198 1255 5268 αὐτομάτως
1274 5197 1367 5248 καὶ
1383 5196 1554 5262 λόγων
1566 5196 1671 5247 τῶν
1692 5177 1904 5263 προσηέ

326 5294 531 5346 κὸντων
577 5291 677 5362 τῆς
721 5293 891 5362 τύχης
926 5293 1104 5355 ἐκτὸς,
1156 5290 1248 5342 καὶ
1281 5271 1381 5340 ’νῦν
1412 5289 1512 5356 μὲν
1543 5289 1603 5340 τὸ
1644 5286 1900 5355 εὔδαιμον

324 5387 668 5457 χορηγούσης
710 5387 822 5446 τοῖς
853 5384 1160 5452 γινομένος
1211 5380 1310 5454 ὅλῃ
1354 5381 1501 5450 δεξιᾷ
1546 5379 1638 5431 καὶ
1681 5378 1900 5448 δρόμος

324 5480 598 5549 ἀσχέτοις,
626 5475 718 5530 νῦν
741 5476 798 5530 δὲ
822 5475 918 5544 τῆς
950 5475 1164 5536 εὐθείας
1193 5472 1616 5542 ἁποπλανώσης,
1652 5471 1745 5524 καὶ
1770 5470 1902 5540 πρὸς

327 5572 610 5642 κρημνοὺς
641 5569 1008 5640 όδηγουμένης
1041 5566 1178 5638 ὁμοῦ
1229 5568 1326 5620 καὶ
1361 5565 1657 5628 σκοπέλους
1693 5565 1901 5634 ἀτοπη-

331 5665 539 5730 μάτων,
573 5663 668 5716 καὶ
700 5662 1004 5732 πράγματα
1039 5649 1254 5728 θρήνων
1295 5659 1467 5730 μεστά
1523 5660 1620 5711 καὶ
1649 5657 1902 5728 δακρύων

331 5753 560 5826 μακρῶν
607 5753 996 5824 προξενούσης,
1049 5748 1130 5815 οἷς
1187 5752 1556 5821 κακοπραγεῑν
1608 5749 1744 5819 πρὸς
1803 5751 1903 5818 τῆς

1998 1879 2236 1951 (caeteris
2276 1875 2514 1940 omissis,
2545 1891 2667 1944 quae
2697 1889 3020 1945 generosam
3068 1874 3309 1928 indolem
3366 1877 3577 1944 pariter

1996 1971 2259 2042 arguunt)
2303 1969 2370 2022 ad
2403 1967 2850 2038 persuadendum
2883 1969 3164 2030 omnibus,
3225 1968 3318 2037 qui
3377 1969 3578 2021 mentis

1995 2075 2052 2119 et
2085 2064 2396 2131 prudentiae
2431 2079 2542 2116 non
2593 2061 2702 2116 sint
2739 2063 2968 2114 omnino
2997 2070 3273 2130 expertes,
3305 2059 3574 2114 diviniori

1996 2153 2342 2226 providentia
2370 2153 2554 2208 omnia
2585 2152 2903 2222 gubernari,
2945 2168 3052 2207 non
3083 2161 3268 2206 autem
3319 2151 3462 2206 volvi
3497 2161 3578 2206 te-

1995 2266 2183 2314 mere;
2240 2260 2404 2317 atque
2472 2257 2533 2302 ut
2583 2248 2720 2302 nihil
2778 2247 2954 2312 aliud,
3019 2249 3094 2302 ita
3147 2262 3252 2302 nec
3279 2247 3411 2302 illud
3444 2261 3578 2301 casu

1996 2344 2199 2400 factum
2228 2343 2422 2408 fuisse,
2452 2352 2513 2395 ut
2546 2342 2964 2396 Cantacuzenus
2986 2342 3104 2394 sine
3140 2341 3406 2410 sanguine
3431 2341 3580 2407 prin-

1997 2435 2172 2504 cipem
2207 2435 2399 2490 urbem
2451 2434 2686 2488 intraret
2719 2441 2776 2487 et
2807 2433 2946 2487 solio
2984 2432 3339 2501 imperatorio
3369 2433 3579 2500 potire-

1998 2535 2108 2592 tur,
2142 2523 2607 2595 pcriculis'tantis
2630 2530 2687 2577 et
2714 2530 2823 2577 tam
2881 2522 3282 2591 multiplicibus
3337 2523 3582 2576 exantla-

1999 2616 2089 2679 tis,
2124 2617 2378 2686 ipsoque,
2419 2625 2480 2669 ut
2533 2615 2605 2668 ita
2631 2614 2838 2677 dicam,
2873 2614 3209 2682 triumphato
3269 2614 3462 2669 mortis
3511 2614 3582 2668 li-

1997 2708 2316 2764 mine:scd
2351 2707 2523 2762 fuisse
2575 2707 2710 2761 illud
2766 2707 2870 2775 ipsi
2922 2707 3146 2776 quidem
3196 2705 3582 2761 Cantacuzeno

1999 2799 2279 2854 diuturnae
2317 2795 2595 2867 patientia:
2627 2795 2976 2862 mercedem;
3007 2795 3130 2850 aliis
3169 2811 3300 2850 vero
3339 2797 3452 2865 spei
3485 2795 3582 2852 bo-

1998 2905 2084 2944 na:
2143 2889 2664 2954 conﬁrmationem;
2707 2885 2872 2958 645
2903 2887 2970 2941 iis
3024 2887 3308 2953 videlicet,
3371 2888 3580 2958 quibus

2001 2983 2143 3036 mala
2183 2981 2405 3036 fortiter
2439 2979 2808 3036 tolerantibus
2862 2979 3081 3034 animus
3110 2995 3244 3035 suus
3281 2979 3582 3050 gloriosum

2001 3075 2216 3130 exitum
2241 3072 2501 3145 spondet,

2077 3166 2214 3223 Vlll.
2254 3165 2413 3234 Quod
2469 3165 2513 3220 si
2568 3164 2750 3219 omnia
2803 3163 3082 3235 sigillatim
3135 3179 3582 3234 percenseamus,

1997 3276 2121 3332 quae
2163 3267 2219 3314 et
2254 3258 2466 3314 inimici
2517 3267 2571 3313 et
2614 3257 2873 3312 amicitiae
2921 3259 3276 3312 simulatores
3315 3257 3582 3313 insidiose

1999 3353 2266 3407 adversus
2303 3367 2426 3406 eum
2470 3351 2770 3406 machinati
2806 3359 2969 3412 sunt;
2999 3351 3204 3419 quibus
3235 3359 3416 3404 tamen
3459 3365 3582 3404 om-

2000 3446 2167 3500 nibus
2200 3445 2455 3500 altiorem
2508 3462 2633 3500 eum
2682 3446 2941 3514 praestitit
2971 3445 3157 3498 divina
3193 3444 3309 3514 ipsa
3357 3449 3582 3508 dextra;

1999 3555 2214 3606 verear,
2246 3555 2315 3594 ne
2347 3555 2433 3594 me
2477 3539 2647 3593 studii
2678 3555 2806 3609 erga
2857 3531 3008 3592 illuni
3047 3538 3200 3591 nimii
3235 3529 3455 3594 accuset
3481 3539 3584 3592 ali-

2001 3633 2126 3703 quis
2155 3647 2230 3687 οι·
2260 3631 2331 3684 iis
2356 3633 2448 3702 qui
2486 3632 2754 3700 linguam,
2791 3631 2867 3683 uti
2899 3645 3021 3694 nos,
3059 3637 3321 3684 exercent
3362 3629 3416 3683 in
3454 3643 3587 3684 con-
3649 3659 3660 3670 σ

2001 3724 2293 3780 scribenda
2327 3733 2636 3793 temporum
2665 3731 2981 3776 nostrorum
3011 3721 3260 3775 historia.
3293 3719 3587 3774 Enimvero

2002 3817 2050 3871 si
2092 3816 2217 3886 quis
2244 3827 2396 3871 extra
2425 3815 2570 3870 illam
2608 3813 2999 3868 historicorum
3037 3814 3344 3883 palmstram
3376 3814 3586 3867 consti-

2004 3917 2174 3973 tutus,
2211 3919 2469 3978 tanquam
2501 3907 2834 3979 agonotheta
2874 3907 3075 3976 aliquis
3107 3920 3170 3959 ac
3212 3920 3406 3974 pugna:
3435 3902 3584 3956 arbi-

2007 4010 2090 4055 ter
2129 4001 2501 4069 iuCnrt-uptus,
2537 4006 2790 4068 spectare
2829 3998 2986 4061 velit,
3020 3996 3226 4050 videbit
3257 4005 3407 4049 certe
3451 3994 3587 4048 alios

2006 4093 2102 4148 irae
2145 4095 2441 4161 animoque
2497 4088 2729 4158 obsequi
2779 4098 3038 4158 tanquam
3087 4088 3238 4151 duci,
3288 4095 3455 4156 atque
3511 4087 3585 4140 ita

2003 4184 2268 4250 scriiiere,
2301 4194 2358 4237 ut
2382 4180 2847 4252 quemadmodum
2871 4195 2974 4250 ego
3001 4195 3109 4233 non
3141 4178 3368 4232 omnino
3393 4177 3585 4231 absum

2004 4295 2035 4334 a
2071 4279 2320 4342 veritate,
2359 4277 2438 4331 sic
2466 4285 2521 4331 et
2549 4274 2652 4344 ipsi
2690 4273 2759 4328 ab
2803 4274 2956 4328 omni
2987 4287 3211 4342 prorsus
3243 4271 3441 4326 atl‘ectu
3476 4285 3587 4324 non

2005 4374 2116 4429 sint
2147 4371 2335 4427 alieni.

1929 4501 1981 4562 Β
2077 4465 2171 4521 1X.
2211 4464 2342 4518 Mihi
2373 4461 2520 4518 enim
2557 4471 2616 4515 ut
2670 4460 2809 4514 nihil
2860 4473 3052 4515 eorum
3093 4471 3213 4527 qua:
3259 4454 3583 4514 laudantur,

2007 4559 2082 4628 ita
2123 4573 2228 4613 nec
2251 4571 2442 4612 eorum
2475 4569 2597 4626 qua-
2621 4556 3008 4624 vituperantur
3037 4549 3338 4621 quidquam
3372 4549 3588 4600 omitte-

2005 4655 2117 4710 tur,
2159 4645 2203 4700 si
2245 4643 2376 4715 quid
2407 4645 2476 4698 ab
2501 4645 2606 4697 isto
2647 4652 2834 4712 utpote
2875 4642 3098 4720 homine
3131 4638 3416 4710 peccatum
3453 4654 3587 4692 eon~

2003 4745 2131 4800 stet,
2160 4736 2274 4790 sive
2301 4734 2536 4790 consilio
2581 4748 2644 4788 ac
2689 4734 2996 4792 voluntate,
3033 4731 3150 4785 sive
3197 4745 3293 4800 per
3333 4731 3590 4800 ignoran-

2005 4831 2158 4890 tiam,
2203 4830 2318 4883 sive
2370 4837 2680 4896 temporum
2736 4842 2800 4881 ac
2852 4824 3198 4880 necessitatis
3235 4823 3285 4876 vi
3332 4831 3586 4892 cogente.

2006 4922 2083 4975 Ex
2122 4921 2206 4975 his
2234 4919 2436 4990 quippe
2476 4919 2734 4973 omnibus
2770 4933 2834 4971 ea
2881 4917 2996 4971 sola
3045 4918 3281 4971 maxime
3314 4915 3588 4969 laudanda

2006 5022 2098 5067 aut
2147 5010 2507 5080 vituperanda
2560 5019 2711 5072 sunt,
2762 5026 2882 5079 quae
2929 5025 3036 5062 non
3094 5009 3214 5063 sine
3260 5007 3492 5064 consilio
3527 5021 3590 5061 ac

2007 5105 2284 5159 voluntate
2315 5102 2474 5156 fiunt.
2509 5101 2642 5168 Quae
2690 5116 2818 5155 vero
2865 5100 3122 5154 accidunt
3156 5099 3380 5161 ﬂuente,
3410 5111 3588 5166 quan-

2008 5210 2122 5252 tum
2153 5196 2374 5266 quidem
2401 5193 2642 5257 videtur,
2675 5203 2882 5245 temere
2915 5202 2970 5244 et
3005 5191 3142 5245 citra
3178 5191 3349 5260 legent
3381 5198 3586 5242 et-rtatn

2008 5290 2225 5343 fortuna
2266 5290 2488 5355 (nempe
2523 5286 2635 5338 haec
2677 5283 2837 5338 modo
2874 5283 3192 5337 ielicitatetu
3230 5286 3371 5350 larga
3425 5293 3590 5331 manu

2005 5394 2062 5438 et
2096 5379 2314 5450 profuse
2350 5378 2698 5446 itnpertitur;
2736 5377 2898 5429 modo
2921 5393 2949 5427 a
2976 5371 3124 5429 recta
3157 5373 3240 5425 via
3267 5373 3589 5424 aberrantes

2009 5475 2062 5527 in
2115 5487 2356 5542 praeceps
2415 5471 2527 5538 agit
2591 5478 2756 5538 atque
2818 5469 2871 5520 in
2937 5466 3195 5535 scopulos
3238 5461 3587 5520 temeritatis,

2008 5565 2339 5633 lacessitque
2415 5563 2484 5616 iis
2552 5562 2766 5632 negetia
2838 5560 3020 5612 luctus
3088 5573 3151 5610 ac
3221 5556 3588 5624 lacrytnarum

2005 5657 2174 5730 646
2205 5655 2381 5725 plena,
2423 5669 2562 5724 quos
2594 5668 2716 5708 esse
2752 5652 3000 5706 infelices
3043 5649 3208 5721 jussit
3243 5647 3561 5715 omnipoten

2011 5723 2467 5819 tis—providentiae
2493 5745 2822 5812 decretum),
2851 5759 2992 5813 quze,
3027 5742 3272 5808 inquam.
3307 5754 3336 5790 a
3365 5737 3594 5792 lortuna
3649 5723 3660 5732 ’
