4070 6444
553 277 657 347 871
842 275 917 349 [Α.
958 291 1017 331 ιι.
1058 273 1223 341 685i,
1264 286 1375 328 ιιω.
1418 271 1505 344 ll]

1790 277 1966 338 NICE
1976 276 2205 338 PHORI
2242 274 2628 339 GREGORAZ

2913 269 3047 342 [μιν.
3089 283 3128 323 ι.
3171 280 3417 324 “mox.
3454 265 3510 342 Si

3671 273 3762 340 872

554 390 676 445 Non
722 389 890 460 igitur
921 389 1180 446 visitandi
1232 402 1380 442 nunc
1431 395 1670 454 tempus,
1702 384 1801 440 sed
1854 376 2129 441 uberrime

2236 403 2390 447 νους.
2424 386 2499 439 Οὐ
2535 384 2768 454 θεωρίας
2790 380 2885 438 οὖν
2908 385 2938 437 δ
2978 386 3170 452 παρὼν
3210 382 3400 452 καιρὸς
3448 382 3558 435 οὐδὲ
3585 383 3751 452 λόγων,

555 480 747 536 ﬂendi.
783 480 977 536 Gravis
1008 480 1154 535 enim
1186 479 1276 535 hic
1305 477 1485 541 dolor,
1517 476 1610 546 qui
1640 484 1699 530 et
1741 490 1898 532 acres
1939 478 2132 531 admo-

555 587 687 626 vere
724 572 857 625 mihi
903 571 1156 626 stimulos
1189 579 1246 625 et
1286 568 1558 622 violentas
1595 567 1782 622 animo
1823 582 1948 623 meo
1984 567 2132 623 faces

557 660 777 716 videtur
797 660 1113 725 subiicere;
1143 659 1402 730 quoniam
1430 656 1576 711 haud
1606 656 1769 711 datur
1794 671 1943 723 eum,
1974 658 2132 729 cujus

556 750 877 820 impressam
903 766 1034 821 gero
1062 751 1115 804 in
1147 748 1314 804 corde
1344 746 1660 817 imaginem,
1689 748 1924 802 amicum
1954 747 2133 804 intue-

556 842 604 896 ri
636 844 1097 913 pulcherrimum,
1128 828 1499 911 imperatoriis
1524 839 1949 910 circumseptum
1972 856 2132 896 orna-

555 942 785 1005 tumque
813 934 1179 991 exercitibus.
1218 952 1237 985 ι

623 1113 716 1169 lll.
754 1113 867 1169 Nec
892 1127 1024 1168 vero
1055 1111 1108 1167 id
1154 1113 1341 1184 lingua
1370 1114 1490 1185 ejus
1517 1115 1598 1170 sic
1635 1112 1875 1179 dicebat,
1918 1123 1979 1170 ut
2009 1114 2130 1168 ani-

552 1222 680 1261 mus
708 1222 819 1260 non
851 1204 1179 1260 afﬁceretur.
1216 1203 1323 1260 Sed
1359 1205 1535 1259 multo
1565 1206 1759 1277 majori
1791 1206 1941 1261 intus
1971 1205 2129 1260 dolo-

553 1313 615 1352 re
648 1297 1138 1369 pectusilagrabat
1170 1279 1333 1367 alque
1368 1298 1791 1354 incendebatur.
1841 1299 2013 1367 quue
2046 1298 2130 1354 af-

552 1388 777 1444 firmare
819 1389 995 1444 ausim
1051 1388 1306 1459 pluribus
1365 1390 1637 1460 exemplis
1686 1391 2024 1447 declaratum
2062 1389 2131 1446 iri

552 1478 883 1546 evidentius,
936 1479 1273 1549 procedente
1328 1480 1433 1536 hac
1492 1480 1746 1537 historia.
1813 1482 1967 1536 Adeo
2019 1497 2130 1536 non

551 1574 825 1632 Barbaros
874 1575 1112 1631 habebat
1156 1575 1321 1630 homo
1370 1576 1661 1639 barbarus.
1711 1578 1808 1635 sed
1857 1578 2131 1633 humanos

551 1683 758 1733 mores,
791 1679 848 1724 et
879 1664 1123 1724 Graecam
1156 1668 1317 1736 plane
1347 1668 1754 1725 institutionem
1789 1669 2127 1726 redolentes.

2232 475 2371 528 ἀλλὰ
2401 473 2657 546 δακρύων
2711 473 2961 544 μακρῶν.
3003 469 3296 542 Ἐμϐριθὲς
3342 471 3447 540 γὰρ
3488 471 3547 525 τὸ
3589 471 3753 533 πάθος,

2232 564 2330 615 καὶ
2359 562 2616 632 δριμείας
2643 562 2743 631 μὲν
2773 559 3023 632 κομίζειν
3050 559 3202 614 δοκεῖ
3229 577 3320 630 μοι
3347 560 3442 624 τὰς
3461 558 3752 628 φλεγμονὰς,

2228 656 2599 729 δριμυτέρους
2635 654 2681 706 δ’
2712 653 2945 720 ἐπάγειν
2974 671 3075 723 μου
3101 655 3170 723 τῇ
3196 651 3341 723 ψυχῇ
3369 652 3491 712 τοὺς
3532 652 3755 722 πρηστῆ-

2233 762 2335 816 ρας
2359 762 2373 776 ·
2430 745 2556 798 ἐπεὶ
2593 744 2684 798 τὸν
2744 743 3132 798 έντυπωθέντα
3206 760 3307 814 μου
3340 745 3405 813 τῇ
3434 741 3629 812 καρδία,
3648 743 3759 797 κάλ·

2230 838 2415 891 λιστον
2479 836 2634 906 φίλον
2704 835 2925 905 βλέπειν
2986 836 3089 889 ούκ
3144 834 3278 906 ἔχω,
3323 835 3433 896 τοῖς
3497 832 3761 903 βασιλικοῖς

2230 928 2620 998 στρατοπέδοις
2652 926 3155 1000 περικυκλούμενόν
3183 942 3244 980 τε
3278 926 3375 979 καὶ
3398 922 3766 993 ὲγκαλλωπιζό-

2231 1037 2515 1163 ,Κῖιὶ
2546 1109 2645 1162 οὐκ
2664 1107 2818 1177 ἔλεγε
2854 1107 2955 1179 μὲν
2982 1106 3158 1162 ταῦτα
3183 1108 3250 1177 τῇ
3280 1102 3514 1175 γλώττῃ,
3539 1103 3632 1157 οὐκ
3647 1102 3767 1156 ἔπα-

2187 1264 2203 1283 ⁸
2230 1219 2325 1273 σχε
2380 1201 2438 1255 δὲ
2463 1202 2562 1270 τὴν
2592 1202 2793 1273 ψυχήν.
2830 1200 2995 1255 ’Δλλὰ
3030 1200 3228 1270 μακρῷ
3251 1216 3356 1253 τινι
3388 1199 3567 1269 μεῖζον
3592 1196 3649 1250 τὸ
3680 1196 3767 1267 προ

2230 1290 2321 1355 θος
2354 1289 2501 1343 ἔνδον
2523 1289 2689 1343 αὑτοῦ
2722 1292 2821 1361 τὴν
2851 1288 3029 1360 ψυχὴν
3094 1288 3398 1358 δπυρπόλει
3453 1288 3547 1341 καὶ
3588 1287 3767 1349 ἔκαιεν,

2228 1382 2306 1444 ὡς
2350 1383 2763 1452 ἐμφανέστερον
2809 1380 3055 1452 πολλαχῆ
3122 1382 3421 1451 προϊοῦσαν
3462 1380 3649 1447 δείξειν
3686 1379 3772 1448 τὴν

2231 1474 2474 1543 ἱστορίαν
2493 1474 2657 1538 αὐτὸς
2689 1473 3064 1546 ἰσχυρίζομαι.
3107 1472 3300 1537 Οὕτως
3339 1473 3402 1526 οὐ
3449 1472 3709 1544 βάρϐαρον
3747 1474 3772 1525 6

2232 1565 2509 1637 βάρϐαρος
2549 1560 2664 1636 εἶχε
2695 1566 2787 1619 τὸν
2830 1566 3055 1635 τρόπον,
3117 1564 3237 1619 ἀλλ’
3284 1566 3492 1636 ἥμερον
3542 1566 3631 1618 καί⁵
3665 1581 3775 1618 παι-

2231 1658 2383 1720 δείας
2427 1657 2750 1727 Ἑλληνικῆς
2802 1656 2865 1711 τὸ
2921 1656 3186 1728 παράπαν
3241 1658 3518 1725 ἐχόμενον.
3569 1656 3632 1709 Ἦ
3684 1656 3776 1727 γὰρ

550 1749 761 1816 Morum
791 1761 938 1817 enim
975 1760 1302 1827 similitudo,
1339 1763 1385 1817 si
1424 1762 1497 1816 nil
1525 1763 1785 1832 amplius,
1818 1770 1874 1817 at
1905 1760 2129 1818 Orestas

2235 1749 2491 1820 ὁμοιότης
2518 1749 2627 1802 τῶν
2675 1749 2915 1817 τρόπων,
2965 1750 3014 1803 εί
3072 1749 3146 1818 μή
3190 1766 3242 1803 τι
3311 1748 3492 1815 πλέον,
3543 1747 3652 1801 ἀλλ’
3699 1736 3776 1801 οὖν

549 1866 702 1912 certe
737 1856 1078 1928 Pyladasque
1108 1857 1254 1913 inter
1287 1872 1346 1913 se
1380 1857 1684 1913 conciliat:
1717 1866 1774 1912 et
1817 1865 1981 1912 erant
2009 1856 2134 1928 qui-

551 1947 677 2002 dem
709 1946 786 2002 illi
811 1947 1004 2003 eadem
1035 1955 1197 2019 gente
1223 1947 1450 2003 oriundi
1491 1956 1550 2003 et
1594 1948 1864 2019 sanguine
1902 1958 2132 2018 cognato

546 2036 754 2109 juncti,
782 2031 1093 2108 iisdemque
1121 2048 1180 2092 et
1212 2037 1429 2110 legibus
1474 2048 1532 2094 et
1572 2036 2130 2108 disciplinisimbuti.

548 2126 659 2183 Iste
692 2137 877 2183 autem
924 2128 1179 2186 barbaris
1220 2130 1547 2200 parentibus
1578 2138 1764 2191 natus,
1800 2127 2048 2184 moribus
2076 2137 2135 2184 et

547 2219 764 2289 legibus
788 2220 1046 2296 barbaris
1074 2237 1106 2277 a
1137 2222 1374 2292 pueritia
1409 2223 1718 2281 institutus.
1754 2221 2048 2292 peregrino
2075 2230 2132 2277 et

545 2325 802 2367 sermone
847 2320 907 2368 et
943 2313 1094 2367 victu
1125 2328 1250 2368 cum
1291 2322 1563 2381 uteretur,
1601 2314 1762 2383 longo
1789 2313 1952 2377 mari,
1990 2315 2134 2368 mul-

547 2404 619 2459 tis
653 2412 711 2458 et
746 2404 1031 2461 montibus
1057 2413 1114 2461 et
1142 2406 1380 2461 vallibus
1417 2405 1707 2476 profundis
1735 2421 1765 2461 a
1789 2404 2131 2462 Cantacuze-

546 2512 621 2549 no
650 2495 886 2561 divisus,
917 2499 1083 2551 vitam
1130 2513 1355 2568 prorsus
1402 2498 1735 2569 disjunctam
1770 2507 1828 2555 et
1861 2499 1938 2554 illi
1974 2500 2132 2572 igno-

546 2598 656 2640 tam
691 2587 905 2657 agebat,
940 2590 1160 2658 qualem
1188 2589 1371 2659 quivis
1398 2589 1708 2661 alienigena
1736 2608 1751 2645 :
1780 2596 1913 2662 quin
1945 2600 2002 2646 et
2032 2606 2155 2661 pro

548 2678 739 2734 hostili
773 2679 1016 2734 habitam
1059 2679 1229 2751 650
1270 2682 1446 2736 ausim
1491 2680 1698 2737 dicere.
1735 2682 1923 2753 quue
1956 2681 2037 2748 fit,
2072 2691 2134 2736 ut

545 2769 712 2839 longo
748 2769 854 2824 iste
890 2771 1181 2826 intervallo
1211 2771 1333 2827 illos
1370 2771 1585 2827 ratione
1616 2772 1877 2828 amicitite
1904 2773 2134 2828 transie-

547 2861 639 2924 rit,
669 2870 724 2914 et
759 2861 882 2931 ejus
918 2862 1092 2932 magis
1114 2876 1290 2931 “quam
1324 2863 1544 2918 illorum
1579 2862 1814 2920 allectus
1861 2862 1928 2919 ad
1976 2879 2132 2919 sum-

548 2966 696 3006 murn
727 2950 965 3007 fervoris
992 2952 1221 3023 gradum
1254 2954 1595 3023 pervenerit.

619 3129 711 3184 IV.
751 3128 908 3195 Quod
943 3130 985 3185 si
1021 3129 1148 3198 quis
1179 3128 1563 3186 Canlacuzeno
1603 3133 1891 3190 blandiens
1915 3134 1969 3189 in
2000 3149 2129 3191 eum

548 3218 804 3273 conferat
838 3219 1113 3289 quidquid
1170 3222 1418 3275 melioris
1451 3237 1628 3277 causa!
1663 3222 2128 3289 fuit,-veritatem

548 3313 595 3364 is
622 3311 907 3365 manifesta
941 3312 1141 3377 injuria
1183 3313 1400 3368 alliciat.
1454 3314 1739 3371 Ambobus
1765 3332 1896 3372 sane
1925 3318 1970 3372 si
2003 3319 2130 3388 quis

548 3407 694 3458 hanc
751 3403 956 3458 tribuat
1012 3404 1252 3470 laudem,
1304 3407 1513 3462 carebit
1567 3408 2015 3477 reprehensione.
2070 3409 2128 3465 Si

545 3510 680 3551 vero
714 3495 913 3565 aliquis
955 3504 1123 3550 totam
1161 3497 1317 3552 alteri
1361 3496 1583 3567 eripiat,
1633 3514 1703 3554 eo
1733 3500 1877 3567 quod
1926 3501 2123 3556 barba-

549 3603 645 3642 rus
670 3602 872 3658 genere
911 3587 1081 3643 fuerit
1129 3604 1193 3643 ac
1241 3588 1469 3645 minime
1522 3589 1679 3644 nobis
1720 3590 1918 3657 afﬁnis,
1953 3593 2128 3647 nemi-

549 3690 674 3729 nem
717 3684 847 3743 puto
878 3678 1124 3730 omnium
1162 3677 1300 3742 fore,
1348 3680 1443 3749 qui
1487 3694 1598 3733 non
1631 3679 1783 3734 illum
1819 3684 2016 3737 merito
2046 3700 2130 3737 re-

547 3767 877 3837 prehendat.
908 3769 1233 3824 Animorum
1264 3771 1471 3841 quippe
1498 3772 1812 3842 conjunctio
1839 3783 1897 3828 et
1923 3789 2127 3841 cogna-

546 3862 623 3915 tio
678 3877 785 3915 uon
830 3877 898 3917 ex
951 3877 1152 3933 genere
1203 3865 1530 3927 res'imatur,
1589 3865 1683 3918 sed
1736 3880 1802 3919 ex
1857 3882 1924 3920 eo
1977 3866 2123 3937 quod

545 3953 830 4023 utriusque
851 3953 1045 4008 eadem
1069 3955 1141 4009 sit
1161 3954 1439 4009 voluntas.
1468 3954 1943 4021 Quemadmodum
1972 3959 2121 4013 enim

543 4048 598 4099 in
636 4045 1024 4102 instrumentis
1060 4047 1309 4113 musicis,
1346 4045 1519 4107 tibiis,
1575 4048 1728 4119 lyris,
1778 4049 2029 4112 citharis.
2062 4065 2127 4106 ac

544 4138 841 4207 tympanis.
893 4153 1006 4191 non
1048 4138 1296 4192 locorum
1344 4138 1602 4195 vicinitas
1648 4142 1917 4196 musicum
1960 4140 2126 4196 emcit

542 4239 895 4293 concentum,
927 4225 1020 4282 sed
1054 4243 1318 4283 sonorum
1364 4231 1644 4286 modulata
1676 4233 1988 4294 consensio,
2021 4232 2125 4287 etsi

542 4319 682 4375 locis
715 4320 988 4391 disjuneta
1023 4321 1134 4376 sint
1176 4336 1242 4377 ea
1282 4337 1406 4391 qua:
1451 4324 1573 4378 soni
1622 4322 1916 4379 eﬂicientia
1968 4334 2121 4391 sunt,

2247 1840 2529 1912 Ὀρέσταις
2556 1839 2693 1912 ὁμοῦ
2747 1842 2845 1895 καὶ
2898 1841 3169 1903 Πυλάδαις
3217 1840 3405 1909 σαφῶς
3455 1840 3690 1893 εἰσποιεῖ.
3721 1840 3774 1892 υἱ

2237 1935 2338 2002 μὲν
2366 1933 2477 2004 γὰρ
2510 1932 2798 2003 ὁμόφυλοι,
2831 1932 2936 1998 κάξ
2992 1934 3244 2004 αἱμάτων
3298 1931 3653 2002 συγγενικῶν,
3697 1931 3779 1985 καὶ

2233 2026 2417 2097 νόμων
2449 2028 2544 2081 καὶ
2575 2028 2917 2098 μαθημάτων
2960 2029 3367 2098 μετεσχηκότες
3392 2026 3529 2100 ὁμοῦ
3551 2027 3654 2080 τῶν
3698 2026 3780 2079 αὐ-

2233 2120 2346 2174 τῶν
2371 2132 2388 2148 ⁸
2418 2120 2448 2172 δ
2475 2120 2532 2173 δὲ
2560 2119 2839 2192 βάρϐαρον
2863 2121 3004 2191 ἔχων
3036 2121 3136 2191 τὴν
3180 2122 3423 2189 γένεσιν,
3461 2120 3554 2175 καὶ
3602 2118 3783 2190 βαρϐά-

2236 2224 2353 2277 ροις
2381 2207 2538 2278 ήθεσί
2562 2226 2622 2262 τε
2648 2209 2745 2262 καὶ
2771 2208 2959 2279 νόμοις
2992 2209 3494 2281 συντεθραμμένος,
3536 2211 3625 2263 καὶ
3649 2209 3781 2263 ἀλλο-

2235 2300 2391 2371 φύλῳ
2420 2301 2703 2371 χρώμενος
2731 2305 2883 2373 φωνῇ
2911 2302 3020 2375 ,καὶ
3059 2301 3276 2372 γλώττῃ
3311 2303 3409 2356 καὶ
3459 2302 3654 2375 διαίτῃ,
3701 2304 3783 2355 καί

2238 2392 2468 2454 πολλαῖς
2489 2392 2591 2462 μὲν
2621 2392 2941 2460 θαλάσσαις,
2990 2393 3208 2457 πολλοῖς
3235 2393 3283 2448 δ’
3303 2391 3460 2464 ὄρεσί
3489 2410 3546 2446 τε
3575 2398 3662 2448 καὶ
3689 2391 3779 2462 φά-

2236 2481 2401 2552 ραγξι
2451 2484 2910 2555 Καντακουζηνοῦ
2983 2484 3352 2554 διῖστάμενος,
3414 2488 3636 2555 ἄμικτον
3683 2480 3782 2554 είχε

2236 2575 2417 2645 πάντη
2442 2575 2535 2628 τὸν
2566 2575 2683 2645 βίον
2708 2577 2859 2648 αὺτῷ
2897 2579 2993 2631 καὶ
3043 2579 3263 2647 ἀγνῶτα
3322 2580 3422 2633 καὶ
3475 2579 3780 2650 ἀλλόφυλον·

2233 2667 2397 2739 φαίην
2425 2667 2472 2721 δ’
2504 2668 2571 2722 ἂν
2594 2670 2690 2723 καὶ
2731 2671 2789 2722 ὲν
2811 2671 3021 2740 ἐχθρῶν
3065 2672 3406 2740 τεταγμένον
3465 2673 3625 2745 μοίρᾳ
3651 2688 3663 2701 ·
3719 2670 3782 2733 ὡς

2236 2763 2466 2832 μακροῖς
2495 2779 2606 2816 τισι
2635 2761 2722 2816 διὰ
2747 2761 2921 2815 ταῦτα
2958 2764 3073 2826 τοῖς
3110 2764 3333 2835 μέτροις
3379 2770 3584 2818 τουτονὶ
3633 2780 3783 2833 παρε-

2233 2852 2450 2906 λαύνειν
2478 2855 2719 2917 ἐκείνους
2750 2855 2830 2917 είς
2860 2854 3019 2922 λόγον
3043 2855 3247 2923 φιλίας,
3268 2854 3369 2909 καὶ
3399 2857 3533 2910 πολὺ
3556 2855 3613 2908 τὸ
3634 2856 3782 2924 ὑπερ-

2234 2944 2430 2999 ϐάλλον
2453 2945 2548 3015 τῆς
2585 2944 2793 3017 θέρμης
2851 2945 2950 3011 τὴν
2997 2931 3190 2998 τούτου
3250 2946 3459 3015 μᾶλλον
3506 2944 3784 3015 κεκτῆσθαι

2236 3040 2442 3109 σχέσιν,
2476 3039 2508 3107 ἢ
2541 3037 2639 3109 τὴν
2668 3037 2917 3092 ἐκείνων.

2307 3132 2379 3183 Δ¹.
2414 3129 2473 3182 El
2508 3129 2566 3182 δέ
2616 3146 2698 3193 τις
2748 3129 3190 3201 Καντακουζηνῷ
3224 3129 3584 3201 χαριζόμενος
3610 3131 3666 3182 τὸ
3693 3130 3787 3183 πᾶν

2234 3222 2332 3291 τῆς
2358 3221 2630 3292 βελτίονος
2687 3224 2871 3287 αἰτίας
2906 3223 3106 3291 τουτῳῒ
3132 3224 3312 3295 φέρων
3364 3226 3657 3295 ἀνατιθείη,
3688 3223 3784 3277 ἀδι-

2238 3317 2463 3385 κήσειεν
2500 3315 2567 3367 ἂν
2603 3315 2660 3379 ἐς
2691 3314 2751 3367 τὸ
2783 3315 3062 3386 προφανὲς
3091 3328 3189 3386 την
3220 3317 3501 3388 ἀλήθειαν.
3553 3317 3790 3385 Ἀμφοτέ-

2235 3423 2350 3477 ροις
2376 3408 2486 3478 γὰρ
2515 3407 2569 3459 εί
2590 3423 2675 3470 τις
2699 3410 2851 3460 τουτὶ
2893 3409 3184 3478 παρέχοιτο
3220 3411 3485 3478 τάγαθὸν,
3521 3411 3697 3464 οὐδένα
3728 3410 3785 3462 ἂν

2233 3499 2414 3570 σχοίη,
2437 3500 2587 3562 ὅστις
2617 3500 2712 3554 καὶ
2744 3501 3056 3570 μέμφεσθαι
3090 3500 3354 3571 βούλοιτο.
3385 3502 3469 3577 [Ρ.
3496 3501 3617 3575 405]
3642 3502 3783 3562 Eius

2231 3588 2276 3640 δ’
2302 3592 2394 3641 ὲκε
2405 3590 2514 3642 ίνου
2539 3590 2795 3656 καθάπαξ
2825 3589 2972 3644 τοῦτ’
2997 3591 3256 3663 ἀφαιροίη
3281 3593 3542 3661 τάγαθὸν,
3571 3595 3647 3646 ὅτι
3671 3578 3803 3659 βάρέ

2210 3682 2402 3742 ηϐαρον
2433 3681 2560 3753 ἔσχε
2594 3684 2654 3734 τὸ
2703 3684 2861 3749 γένος
2897 3684 2994 3735 καὶ
3019 3683 3224 3753 ἥκιστα
3264 3685 3555 3755 συγγενὲς,
3609 3684 3783 3737 οὐδένα

2232 3771 2298 3824 ἂν
2322 3767 2477 3841 οἶμαι
2510 3774 2666 3841 σχοίη
2715 3773 2825 3824 τῶν
2896 3772 3139 3838 πάντων,
3190 3775 3339 3837 ὅστις
3402 3777 3500 3828 οὐκ
3553 3773 3786 3834 ἐπιεικῶς

2235 3863 2532 3933 μέμψαιτο.
2567 3864 2679 3933 Τὴν
2719 3868 2828 3936 γὰρ
2855 3864 2953 3934 τῆς
2977 3866 3157 3937 ψυχῆς
3182 3868 3443 3937 ὁμόνοιάν
3474 3885 3531 3921 τε
3558 3872 3646 3921 καὶ
3672 3881 3788 3931 συγ·

2231 3956 2449 4021 γένειαν
2474 3957 2598 4026 οὐχὶ
2621 3957 2682 4008 τὸ
2716 3957 2892 4025 γένος,
2920 3955 3037 4012 ἀλλ’
3089 3961 3121 4030 ή
3146 3961 3247 4029 τῆς
3294 3960 3525 4032 γνώμης
3566 3960 3787 4015 δείκνυσι

2230 4048 2521 4118 ταυτότης.
2574 4049 2662 4112 Ὧς
2701 4050 2810 4121 γὰρ
2839 4053 2898 4104 ὲν
2926 4053 3039 4114 τοῖς
3086 4056 3371 4121 μουσικοῖς
3410 4052 3789 4123 ὀργάνοις,ὀσα

2232 4143 2291 4193 ὲν
2319 4142 2503 4204 αὐλοῖς
2533 4145 2628 4195 καῖ
2656 4142 2853 4213 λύραις
2892 4144 2991 4196 καὶ
3045 4144 3301 4214 κιθάραις
3347 4151 3445 4201 καὶ
3486 4145 3785 4216 τυμπάνοις,

2229 4235 2329 4302 οὐχ
2355 4236 2387 4303 ἡ
2412 4234 2521 4287 τῶν
2543 4234 2723 4291 τόπων
2751 4234 2990 4305 ὲγγύτης
3005 4237 3108 4305 τὴν
3124 4236 3223 4306 τῆς
3255 4239 3524 4309 ἁρμονίας
3547 4241 3788 4308 δημιουρ·

2230 4328 2319 4393 γεί
2343 4328 2688 4394 συμφωνίαν,
2727 4326 2844 4380 ἀλλ’
2875 4328 2907 4398 ἡ
2943 4326 3044 4398 τῆς
3088 4329 3274 4400 φωνῆς
3330 4332 3574 4402 ἐμμελὴς
3628 4329 3789 4400 ὁμοιό-

545 4412 888 4466 tantumdem
930 4427 1153 4482 quoque
1181 4413 1597 4483 deprehendere
1628 4422 1716 4469 est
1751 4423 1807 4469 et
1848 4414 1903 4469 in
1945 4415 2128 4471 homi-

2237 4434 2360 4486 της,
2391 4416 2493 4470 κᾶν
2524 4417 2773 4487 ἀλλήλων
2795 4419 2987 4491 πόρρω
3021 4435 3126 4472 που
3151 4421 3249 4491 τὴν
3308 4424 3542 4493 τοπικὴν
3576 4422 3789 4493 τύχωσιν

544 4518 676 4556 num
706 4502 927 4569 animis,
955 4505 1061 4559 etsi
1092 4504 1236 4559 forte
1258 4519 1325 4557 ex
1352 4503 1612 4574 gentibus
1641 4505 1879 4561 diversis
1907 4506 2124 4576 generis

544 4596 631 4650 sui
662 4596 931 4668 originem
972 4598 1200 4659 ducant,
1232 4596 1335 4651 etsi
1367 4595 1603 4652 infinitis
1631 4612 1662 4651 a
1689 4613 1748 4653 se
1778 4599 2008 4654 invicem
2041 4599 2125 4654 di-

542 4694 690 4741 stent
723 4694 882 4741 terra:
916 4702 979 4740 ac
1009 4686 1177 4740 maris
1211 4684 1540 4740 intervallis.

618 4975 683 5029 ν.
728 4961 1010 5042 Iisporro,
1042 4987 1165 5039 quae
1189 4971 1326 5038 dixi,
1361 4972 1497 5027 ﬁdes
1522 4971 1727 5029 deinde
1757 4973 1969 5031 ﬁrmior
1993 4991 2128 5032 con-

550 5067 719 5120 stabit
745 5081 811 5118 ex
854 5063 946 5129 iis,
998 5078 1120 5133 quae
1155 5065 1486 5133 procedente
1522 5065 1628 5121 hoc
1660 5080 1829 5136 Opere
1874 5068 2129 5122 dicentur

551 5159 620 5212 de
670 5157 889 5212 homine
940 5156 1055 5221 illo,
1103 5172 1308 5229 genere
1350 5158 1575 5228 quidem
1621 5168 1678 5213 at
1723 5173 1831 5213 non
1878 5160 2127 5216 moribus

553 5249 1162 5317 barbaro;cujusmodi
1207 5258 1293 5305 est
1333 5250 1502 5307 istud.
1550 5249 1687 5305 Cum
1721 5266 1788 5305 ex
1829 5249 2130 5322 Didymoti-

549 5342 991 5409 cltoimperalrix
1023 5343 1177 5398 lrene
1229 5343 1466 5412 plurima
1505 5345 1554 5399 ei
1607 5346 1873 5411 mitteret,
1905 5362 2030 5415 quae
2061 5346 2128 5400 ad

552 5433 758 5486 vietum
813 5442 907 5487 aut
959 5435 1026 5486 ad
1078 5433 1339 5488 vestitum
1390 5435 1748 5504 pertinerent,
1794 5453 1985 5504 quaeve
2034 5453 2130 5492 no-

549 5533 870 5575 eturnorum
903 5523 1202 5591 tegminum
1238 5537 1395 5577 usum
1433 5523 1736 5594 explerent,
1786 5540 1850 5580 ac
1895 5525 2129 5581 saevien-

554 5624 661 5666 tem
696 5625 811 5669 tum
843 5616 1107 5685 temporis
1130 5614 1291 5687 651
1322 5616 1683 5671 hibernorum
1716 5618 1983 5688 frigorum
2016 5621 2129 5674 vim

550 5722 739 5764 arcere
768 5718 1011 5779 possent,
1061 5710 1199 5763 nihil
1253 5724 1492 5780 unquam
1540 5712 1798 5781 accepit;
1836 5713 1996 5785 plane
2027 5714 2128 5769 ab-

2235 4509 2429 4580 ἑχοντα
2465 4510 2615 4562 θέσιν
2646 4510 2716 4563 τά
2738 4511 2838 4580 τῆς
2890 4514 3077 4582 φωνῆς
3126 4515 3509 4587 τελεσιουργὶ,
3562 4514 3697 4569 οὕτω
3735 4511 3789 4581 δὴ

2232 4602 2294 4654 τὸ
2324 4601 2709 4673 παραπλήσιον
2740 4602 3019 4658 δείκνυται
3061 4605 3165 4660 κάν
3210 4610 3334 4671 ταῖς
3364 4609 3476 4662 τῶν
3511 4607 3790 4677 ἀνθρώπων

2231 4694 2454 4764 ψυχαῖς,
2507 4696 2614 4747 κᾶν
2662 4694 2995 4765 ἀλλοφύλους
3038 4696 3257 4767 ἔχοντες
3304 4699 3515 4770 τύχωσι
3557 4701 3651 4761 τὰς
3708 4693 3789 4749 τοῦ

2164 4816 2183 4831 .
2234 4784 2425 4852 γένους
2450 4787 2747 4858 κρηπῖδας,
2769 4790 2877 4842 κᾶν
2899 4788 3113 4860 μυρίοις
3137 4790 3287 4860 ὅροις
3308 4792 3412 4861 γῆς
3426 4796 3519 4846 καὶ
3545 4792 3791 4858 θαλάττης

2234 4877 2483 4949 ἀλλήλων
2510 4881 2848 4951 ἀπέχωνται.
2867 4893 2888 4919 κ

2309 4971 2386 5026 Ε’.
2430 4972 2762 5045 Βεϐαιότερα
2791 4954 3029 5030 δ”ἐσται
3052 4976 3165 5038 τοῖς
3205 4976 3521 5046 εἰρημένοις
3550 4976 3789 5046 ἐχέγγυα.

2234 5068 2407 5119 ὁπόσα
2458 5059 2717 5137 προῖόντί
2736 5068 2819 5140 τῷ
2845 5071 2989 5141 λόγῳ
3008 5059 3447 5144 λελέξεταίπερὶ
3473 5072 3564 5125 τοῦ
3604 5068 3791 5142 βαρϐἀο

2239 5176 2335 5227 ρου
2361 5159 2520 5212 τοῦδε
2551 5162 2611 5213 τὸ
2645 5162 2803 5229 γένος
2855 5165 2949 5215 καὶ
2979 5164 3038 5215 οὐ
3070 5164 3162 5216 τὸν
3188 5166 3394 5235 τρόπον
3444 5164 3635 5234 ἀνδρός
3656 5181 3670 5195 ο
3697 5156 3794 5214 οἷον

2235 5250 2300 5317 δὴ
2329 5254 2571 5305 κάκεῖνο.
2612 5253 2850 5306 Πλεῖστα
2875 5256 2982 5325 γὰρ
3005 5256 3104 5323 τῆς
3134 5254 3408 5325 βασιλίδος
3445 5257 3677 5327 Είρηνης
3735 5255 3793 5304 ὲκ

2208 5344 2623 5414 ,Διδυμοτείχου
2691 5347 3045 5421 πεμπούσης,
3105 5350 3278 5402 ὁπόσα
3312 5352 3391 5412 εἰς
3442 5352 3642 5418 τροφὴν
3685 5352 3793 5398 ἑπι-

2240 5434 2449 5503 τηδεια,
2481 5438 2576 5488 καὶ
2614 5437 2716 5490 ὅσα
2748 5441 2806 5489 ἐν
2839 5438 3128 5508 ἐνδύμασι,
3195 5443 3294 5508 καὶ
3336 5442 3436 5494 ὃσα
3494 5435 3790 5506 νυκτερινῆς

2241 5501 2452 5597 σκέπης
2481 5529 2910 5599 ἀποπληροῦντα
2966 5501 3155 5602 χρείαν
3186 5540 3205 5554 ⁸
3234 5501 3329 5602 ἢν
3378 5534 3474 5588 τοῦ
3534 5501 3791 5603 χειμερίου

2241 5623 2451 5691 ψύχους
2489 5624 2780 5677 ἀποσοϐεῖν
2836 5625 3094 5681 ἐδύναντο
3148 5627 3457 5698 τηνικαῦτα,
3500 5622 3791 5694 δριμύτητα

2238 5717 2393 5769 οὐδὲν
2421 5716 2633 5787 οὐδαμῆ
2662 5717 3027 5787 προσεδέξατο
3052 5738 3068 5753 ο
3099 5720 3215 5774 ἀλλ’
3271 5722 3474 5791 ἔφησεν
3511 5715 3652 5773 εἶναι
3703 5725 3790 5764 σα-
