4070 6438
341 299 447 364 873

695 291 769 367 [Α.
810 309 858 348 e.
910 284 1083 368 l3l3]-

1319 288 1768 352 BYZANTINrE
1807 282 2192 348 IllSTOllHi
2231 286 2376 348 LIB.
2420 286 2581 347 ΧΙΙῘ.

2755 279 2885 351 [tum
2930 298 2970 334 ι.
3016 295 3250 335 ιἈιλοι..
3293 279 3350 352 9.]

3497 285 3601 348 874

341 417 462 486 φῶς
509 415 618 468 τῶν
649 414 1038 473 ἀτοπωτάτων,
1063 412 1134 478 ,ἐν
1182 408 1440 478 ἀλλοτρίᾳ
1487 407 1580 458 καὶ
1635 400 1916 473 ὑπερορίῳ

2033 402 2250 457 surdum
2281 417 2406 457 esse
2438 402 2718 462 dictitans.
2757 402 2887 456 dum
2919 403 3129 457 amicus
3159 402 3340 467 alieno
3372 403 3424 458 in
3459 403 3602 470 solo,

340 509 411 576 γῇ
445 505 771 576 σκληρότητι
837 503 1074 574 πλείστῃ,
1119 498 1551 569 προστετηκότος
1590 495 1685 548 τοῦ
1736 493 1918 560 φίλου,

2002 495 2218 563 patriis
2251 497 2453 552 finibus
2485 496 2699 566 procul,
2740 495 2963 550 fortuna
2997 496 3292 550 durissima
3324 495 3608 551 conflicta-

339 599 554 667 διάγειν
581 600 638 649 ἐν
664 595 986 658 εὐπαθείαις
1015 594 1199 647 αὐτόν.
1232 593 1341 644 Καὶ
1368 593 1418 644 εἰ
1449 590 1545 660 μὲν
1567 589 1697 658 ἐνῆν
1721 587 1920 656 αἵμασι

2033 598 2204 651 retur,
2253 588 2440 644 vivere
2484 603 2542 642 se
2583 590 2792 643 interea
2839 589 3204 643 molliuscule.
3248 606 3265 638 ι
3304 587 3372 644 At
3404 590 3601 644 saltem

339 691 520 762 ψυχῆς
552 690 800 760 βάψαντα
833 687 1040 786 σκηνὴν
1086 689 1144 738 ἐν
1189 685 1361 755 ταύτῃ
1419 700 1486 754 με
1540 679 1918 786 sumo-6:11:53»),

339 783 408 855 ἦν
429 783 494 838 ἀν
528 801 620 854 μοι
671 780 832 834 τοῦτο
875 771 1230 850 πᾶραμύθιον
1279 773 1499 844 εὐγενὲς
1533 774 1669 843 πρὸς
1692 771 1921 834 ἔνδειξιν

341 878 440 946 τῆς
467 877 524 926 ἐν
558 874 755 944 καρδίᾳ
781 873 980 941 φλογὸς
1013 872 1107 924 καὶ
1133 869 1229 923 τοῦ
1259 870 1396 938 πρὸς
1429 867 1520 919 τὸν
1547 865 1700 934 φίλον
1718 863 1924 926 ζῶντος

345 967 538 1020 πόθου.
584 966 740 1018 Ἐπεὶ
762 965 808 1018 δ’
835 964 1127 1034 ἀσώματος
1154 965 1186 1031 ή
1205 961 1350 1032 ψυχὴ
1380 960 1647 1028 γενομένη
1706 957 1925 1027 κηλῖσιν

344 1061 594 1128 αἱμάτων
621 1057 724 1110 οὐκ
754 1057 1160 1124 ἀναπέφυρται,
1185 1055 1284 1123 οὐχ
1319 1053 1428 1123 ὁρῶ
1454 1053 1538 1115 τίς
1558 1049 1778 1120 μηχανὴ
1807 1047 1926 1118 βελτ

341 1149 473 1204 τίων
506 1149 704 1216 γένοιτ’
729 1149 795 1202 ἂν
823 1151 850 1202 ἐ
858 1149 950 1218 μοὶ
974 1149 1084 1200 τῶν
1101 1144 1484 1218 περισχουσῶν
1516 1161 1584 1214 με
1605 1142 1701 1196 νῦν
1720 1139 1922 1194 ὀδυνῶν

344 1243 689 1298 ἀπαλλάττου
698 1258 764 1293 σα
774 1280 786 1294 .

420 1428 510 1491 C,”.
556 1422 782 1477 Ἐλύπει
839 1421 950 1492 γὰρ
1003 1422 1100 1474 καὶ⁴
1150 1420 1350 1491 κομιδῇ
1430 1421 1798 1489 συνετάραττε
1853 1416 1929 1486 μὴ

2025 678 2361 748 (inquiebat)
2397 679 2443 732 si
2491 679 2685 734 liceret
2724 680 2920 733 animae
2950 681 3216 749 sanguine
3247 681 3458 750 tingere
3490 693 3609 736 ten-

2026 771 2252 835 torium,
2299 781 2466 842 atque
2519 771 2572 824 in
2618 785 2686 826 eo
2734 787 2822 825 me
2870 775 3248 839 spectandum.
3279 788 3608 841 proponere,

2026 863 2239 918 illustre
2282 863 2387 918 hoc
2433 863 2567 917 mihi
2617 863 2874 918 solatium
2930 875 3098 931 esset,
3147 881 3255 935 quo
3307 866 3609 929 flammam.

2026 971 2151 1024 quae
2185 955 2342 1009 ardet
2377 955 2431 1010 in
2481 957 2668 1021 corde,
2702 957 3003 1027 vivumque
3053 961 3214 1014 amici
3269 960 3608 1016 desiderium

2029 1050 2204 1111 palam
2239 1047 2614 1104 ostenderem.
2645 1048 2915 1115 Quoniam
2968 1061 3150 1106 autem
3199 1046 3404 1116 aldina,
3433 1053 3615 1110 incor-

2029 1153 2198 1208 porea
2246 1155 2370 1192 cum
2404 1139 2496 1205 sit,
2529 1140 2682 1193 nulla
2730 1142 3015 1211 sanguinis
3048 1143 3169 1197 labe
3221 1161 3471 1215 respersa
3507 1156 3614 1207 cst.

2031 1245 2138 1282 non
2173 1229 2332 1283 vi‘deo
2361 1245 2598 1299 quanam
2640 1241 2906 1300 praterea
2941 1233 3154 1287 meliori
3187 1244 3303 1287 arte
3335 1237 3614 1290 eosulolo-

2034 1338 2144 1382 res,
2181 1323 2382 1391 quibus
2415 1339 2563 1377 nunc
2598 1325 2905 1392 opprimor,
2937 1327 3141 1394 possim
3179 1327 3383 1382 levare.
3433 1351 3451 1381 ι

2106 1412 2195 1468 Vl.
2239 1414 2526 1486 Angebant
2558 1416 2708 1468 enim
2742 1431 2866 1471 eum
2909 1432 2973 1470 ac
3003 1417 3361 1475 vehementer
3388 1434 3616 1479 contur-

351 1516 510 1584 μόνον
538 1513 599 1566 τὸ
629 1513 721 1565 τοῦ
758 1513 1028 1581 βασιλέως
1056 1512 1228 1575 πάθος
1261 1511 1450 1575 αὑτὸν,
1476 1510 1593 1564 ἀλλ’
1642 1511 1742 1578 οὐχ
1764 1505 1931 1582 ἦττον

2033 1506 2260 1572 babant,
2289 1523 2398 1561 non
2430 1509 2780 1577 imperatoris
2811 1509 3080 1563 duntaxat
3108 1511 3408 1577 calamitas,
3439 1517 3532 1569 sed
3561 1527 3618 1570 et.

349 1607 442 1657 καὶ
470 1607 534 1657 τὰ
569 1605 670 1672 τῆς
707 1603 981 1674 βασιλίδος
1023 1603 1259 1672 δάκρυα.
1319 1603 1463 1656 κατά
1521 1602 1618 1664 τὰς
1656 1602 1932 1657 πολυπεν-

2034 1599 2284 1669 lacrymae
2315 1599 2681 1669 imperatricis
2707 1617 2815 1655 non
2851 1601 3060 1657 minus.
3093 1604 3302 1673 Nempe
3341 1608 3454 1662 lucc
3485 1627 3618 1677 quc-

350 1699 464 1759 θεῖς
509 1697 782 1767 τρυγόνας
845 1694 1154 1765 θρηνούσης
1186 1712 1246 1748 τε
1313 1696 1406 1748 καὶ
1439 1694 1750 1764 ἁνιωμένης
1781 1694 1926 1762 μάλα

2033 1693 2276 1746 rularum
2313 1703 2591 1747 turturum
2621 1709 2775 1748 more
2806 1695 3212 1752 lamentabatur
3241 1708 3296 1753 et
3328 1703 3619 1756 acerbissi-

349 1757 563 1858 πικρῶς
586 1757 717 1858 περὶ
751 1789 844 1840 τοῦ
882 1757 1122 1854 συζύγου
1144 1788 1239 1838 καὶ
1266 1767 1565 1856 βασιλέως,
1582 1757 1685 1839 ’καὶ
1705 1757 1920 1854 ’σφόδρα

2033 1799 2118 1838 me
2133 1785 2410 1840 maerebat
2431 1786 2503 1840 ob
2529 1787 2838 1841 absentiam
2863 1789 3114 1859 conjugis
3151 1790 3522 1860 imperatoris,
3549 1797 3618 1850 de

349 1881 748 1952 ἀδημονούσης,
795 1881 888 1932 καὶ
921 1880 1038 1950 ἅμα
1065 1879 1404 1949 πανταχόθεν
1435 1880 1493 1942 ἐς
1523 1879 1721 1948 βύθους
1745 1877 1924 1930 ώθουο

354 1977 522 2040 μένης
556 1955 822 2041 μακροὺς,
855 1970 950 2024 τοῦ
981 1971 1242 2037 καθάπαξ
1286 1977 1380 2023 καὶ
1435 1971 1568 2024 αὐτὸ
1603 1987 1668 2038 γε
1716 1971 1776 2023 τὸ
1824 1969 1926 2040 ζῇν

350 2058 682 2130 ἀπογνῶναι.
720 2064 790 2116 Οἵ
813 2081 871 2115 τε
910 2063 1018 2132 γὰρ
1049 2066 1116 2116 ἐκ
1156 2063 1452 2127 Βυζαντίου
1495 2063 1774 2131 πολέμιοι,
1825 2062 1924 2130 μέ-

350 2175 444 2228 χρι
501 2156 811 2224 προαυλίων
867 2155 1251 2224 Διδυμοτείχου
1304 2152 1503 2226 συχνὰς
1557 2155 1655 2216 τὰς
1703 2153 1926 2222 ἐφόδους

353 2248 686 2316 ποιούμενοι,
719 2247 918 2318 μικροῦ
947 2248 1042 2300 καὶ
1075 2250 1354 2317 τειχήρεις
1391 2247 1672 2310 ἐϐιάζοντο
1706 2246 1928 2310 τούτους

252 2383 259 2388 .
350 2341 622 2409 καθῆσθαι
642 2357 660 2378 ο
692 2341 720 2393 ὃ
743 2351 799 2392 τε
832 2341 986 2408 λιμὸς
1029 2342 1167 2405 μετὰ
1198 2340 1306 2392 τῶν
1339 2339 1580 2408 συνεχῶν
1631 2341 1722 2391 καὶ
1761 2338 1926 2391 πολυ-

352 2435 566 2485 πλόκων
613 2432 916 2484 ἐπιϐουλῶν
964 2432 1350 2503 χαλεπώτερος
1406 2431 1588 2500 πολλῷ
1651 2431 1760 2482 τῶν
1798 2431 1930 2493 ἔξω·

351 2525 444 2576 θεν
473 2525 730 2593 πολέμιος
765 2521 854 2594 ἦν,
890 2525 984 2578 an
1013 2525 1286 2588 συνέστιος
1313 2526 1405 2577 καὶ
1437 2525 1729 2593 όμόστεγος
1752 2525 1930 2594 ὑπάρ-

352 2634 466 2688 χων
487 2619 686 2680 αὐτός’
726 2619 780 2670 οἵ
827 2635 885 2669 τε
955 2620 1184 2690 φρουροὶ
1232 2619 1330 2672 καὶ⁹
1396 2618 1772 2687 ἡμεροσκόποι
1818 2618 1928 2670 τῶν

275 2714 282 2720 ’
356 2709 679 2774 Βυζαντίων,
711 2711 778 2763 τὰ
824 2710 1014 2779 ἐνεδρά
1042 2729 1101 2764 τε
1142 2711 1329 2764 πάντα
1379 2711 1475 2763 καὶ
1513 2713 1613 2773 τὰς
1662 2711 1932 2781 παρόδους
1963 2776 1975 2784 _

349 2802 722 2869 διαλαχόντες,
757 2803 1010 2870 ἐμποδὼν
1062 2803 1343 2871 ἐγίγνοντο
1379 2803 1524 2872 μάλα
1568 2819 1630 2864 γε
1671 2802 1932 2872 ἐθελούσῃ

352 2893 420 2944 δι’
475 2894 814 2964 ότωνδήποτε
881 2895 1054 2966 λάθρα
1092 2897 1386 2964 μανθάνειν
1455 2895 1586 2964 περί
1646 2893 1740 2946 τοῦ
1777 2893 1932 2962 βασι-

353 2985 508 3046 λέως.

424 3078 506 3150 [Ρ.
533 3078 657 3151 406]
687 3082 763 3135 Z'.
798 3081 1174 3150 Παρεμυθεῖτο
1229 3082 1411 3134 τοίνυν
1458 3082 1712 3151 τοιαύτης
1753 3082 1930 3154 τύχης
1963 3123 2007 3178 c

349 3170 680 3240 τραγῳδίαις
718 3172 984 3225 συνοῦσαν
1041 3173 1230 3242 αὐτὴν,
1264 3175 1360 3227 καὶ
1417 3177 1731 3245 ὑπισχνεῖτο
1782 3178 1933 3247 πάσῃ

347 3259 528 3328 ψυχῆς
579 3259 858 3331 προθυμίᾳ
883 3261 953 3313 τὰ
991 3263 1131 3316 κατά
1168 3262 1396 3334 γνώμην
1422 3264 1620 3319 ἅπανθ’
1640 3267 1934 3338 ὑπηρετεῖ-

352 3348 502 3412 σθαι,
523 3348 626 3401 κᾶν
643 3349 738 3421 δέῃ
757 3350 854 3402 καὶ
881 3349 1111 3403 θάνατον
1144 3352 1436 3419 ὑπομένειν
1456 3353 1640 3407 αὐτόν.
1660 3352 1812 3406 Ἐπεὶ
1833 3353 1878 3408 δ’
1899 3354 1933 3422 ἡ

352 3441 497 3507 φορὰ
521 3441 615 3493 τοῦ
645 3443 910 3512 χειμῶνος
937 3442 1150 3496 ἐκείνου
1184 3442 1400 3512 νύκτωρ
1437 3446 1531 3498 καὶ
1567 3444 1690 3514 μεθ’
1718 3445 1934 3516 ἡμέραν

353 3532 448 3584 ἀεὶ
484 3531 622 3601 πρὸς
667 3533 730 3585 τὸ
773 3534 1139 3604 ἀκμαιότερον
1186 3533 1522 3605 προῦκοπτε,
1565 3535 1662 3589 καὶ
1718 3535 1938 3590 ἀνέλπι-

354 3637 480 3673 στον
511 3621 647 3685 τέως
668 3621 834 3675 ἐτίθει
867 3622 928 3675 τὺ
971 3624 1066 3676 τοῦ
1113 3623 1278 3693 ἀέρος
1322 3625 1605 3694 μειδίαμα,
1661 3627 1758 3677 καὶ
1813 3624 1934 3692 ἅμα

356 3710 528 3780 πολλὴ
557 3711 653 3763 καί
681 3712 911 3783 συνεχής
937 3730 1022 3771 τις
1049 3713 1352 3783 ἐπενέμετο
1384 3713 1565 3785 φθορά
1606 3713 1697 3768 τὸν
1728 3715 1933 3786 Περσι-

353 3801 453 3856 κὸν
487 3801 739 3870 στρατὸν,
765 3803 833 3874 ἢν
871 3805 904 3874 ή
955 3803 1048 3856 τοῦ
1083 3805 1353 3874 χειμῶνος
1391 3805 1604 3859 ἔτικτεν
1641 3806 1797 3875 ἀκμὴ
1837 3806 1934 3860 καὶ

352 3892 493 3962 πρός
521 3908 585 3960 γε
613 3891 724 3946 τῶν
754 3894 1075 3959 ἀναγκαίων
1118 3895 1151 3963 ή
1203 3895 1431 3966 ἀπορία,
1463 3896 1559 3948 καὶ
1587 3895 1716 3966 μήθ’
1753 3896 1934 3966 ἐαυτῷ

357 3986 497 4054 μήτε
529 3985 642 4047 τοῖς
664 3985 841 4052 φίλοις
877 3985 934 4038 ἐν
990 4003 1053 4052 γε
1108 3987 1187 4055 τῷ
1243 3987 1474 4057 παρόντι
1531 3985 1747 4058 βοηθεῖν
1785 3989 1934 4058 αὐτῷ

357 4077 539 4148 ῥᾴδιον
567 4073 658 4148 ἦν,
691 4076 947 4146 ἐμποδὼν
976 4079 1271 4148 ἱσταμένου
1325 4079 1550 4149 τρόποις
1595 4081 1936 4153 ἀπορρήτοις

350 4174 450 4227 τοῦ
483 4172 632 4226 θείου
673 4172 1037 4245 βουλήματος,
1063 4172 1250 4227 οἴκαδε
1279 4173 1371 4226 τὸν
1413 4160 1811 4244 Ἑλλήσποντοῦ
1819 4175 1936 4230 δια-

355 4265 459 4326 ϐὰς
492 4264 740 4334 ἐπανῄει.

430 4357 512 4408 H'.
537 4355 648 4423 Τῆς
706 4353 770 4425 δὴ
835 4371 1093 4425 τοιαυτης
1147 4355 1241 4408 τοῦ
1291 4357 1503 4426 Πέρσου
1554 4360 1790 4428 σπουδῆς
1852 4364 1934 4426 είς
1993 4414 1996 4417 .

2027 1892 2138 1946 quo
2166 1887 2288 1931 erat
2326 1876 2487 1931 valde
2529 1878 2712 1932 anxia.
2749 1879 2888 1933 Tum
2923 1882 3115 1934 eadem
3149 1882 3314 1935 simul
3352 1883 3402 1936 in
3441 1886 3616 1938 maxi-

2030 1969 2135 2023 mis
2181 1969 2445 2038 periculis
2489 1970 2840 2034 versabatur,
2887 1987 3009 2031 ouae
3051 1987 3170 2026 eam
3223 1974 3304 2028 sic
3353 1977 3616 2032 exomni

2029 2072 2188 2133 parte
2216 2062 2676 2125 circumstabant,
2727 2073 2790 2117 ut
2839 2065 3015 2132 ipsius
3047 2080 3269 2135 quoque
3296 2065 3423 2121 vitae
3460 2084 3613 2135 spem

2029 2171 2258 2227 prorsus
2290 2155 2576 2226 abjiceret.
2610 2155 2745 2210 Nam
2777 2164 2834 2211 et
2880 2157 3069 2212 hostes
3089 2152 3168 2211 'ad
3221 2159 3400 2227 ipsum
3437 2176 3614 2228 usque

2032 2245 2406 2317 Didymotichi
2453 2245 2625 2301 limen
2663 2246 2922 2318 Byzantio
2967 2238 3203 2304 Subinde
3252 2262 3616 2305 excurrentes

2031 2338 2309 2393 moenibus
2348 2353 2488 2407 pene
2522 2339 2740 2393 clausos
2775 2339 2968 2394 sedere
3006 2340 3140 2396 istos
3191 2341 3460 2409 cogebant
3502 2363 3515 2396 :
3558 2354 3617 2397 et

2031 2429 2226 2494 fames,
2255 2446 2379 2483 cum
2409 2431 2629 2484 insidiis
2651 2433 2933 2487 coutinuis
2961 2443 3018 2488 et
3047 2433 3452 2504 multiplicibus
3477 2453 3614 2491 con-

2029 2523 2245 2590 juncta,
2269 2531 2499 2576 externo
2524 2523 2680 2576 hoste
2703 2524 2860 2594 longe
2886 2533 3007 2579 erat
3035 2527 3424 2598 importunior,
3453 2533 3617 2601 quip-

2035 2629 2101 2682 pe
2139 2614 2442 2669 domestica
2475 2625 2531 2669 et
2567 2616 3002 2675 contubernalis.
3039 2620 3312 2677 Custodes
3352 2636 3615 2692 praeterea

2035 2722 2101 2761 ac
2151 2708 2530 2775 Speculatores
2578 2707 2884 2779 Byzantini,
2935 2725 3128 2766 omnes
3177 2723 3232 2767 et
3281 2713 3521 2770 latebras
3561 2733 3618 2772 et

2034 2800 2248 2854 viarum
2282 2800 2427 2854 inter
2471 2816 2530 2854 se
2575 2800 2763 2870 partiti
2809 2803 3016 2868 aditus,
3069 2805 3365 2860 obstabant
3411 2809 3615 2875 eidem,

2033 2907 2144 2957 quo
2181 2893 2362 2946 miutts
2413 2892 2550 2946 clam
2600 2910 2698 2960 per
2751 2910 3115 2966 quoscunque
3167 2899 3235 2952 de
3287 2899 3619 2970 imperatore

2035 2985 2450 3045 sciscitaretur;
2486 2984 2538 3038 id
2571 2986 2719 3055 quod
2754 3001 2938 3042 tamen
2973 2989 3132 3043 va-lde
3167 2994 3444 3061 cupiebat.

2119 3075 2232 3131 νη.
2297 3075 2586 3130 Solabatur
2646 3077 2832 3148 itaque
2893 3080 3037 3134 illam
3084 3081 3348 3140 Amurius
3386 3085 3440 3140 iu
3495 3088 3620 3142 talis

2040 3166 2272 3222 fortuna:
2305 3167 2470 3238 652
2508 3170 2811 3239 tragoediis,
2861 3174 3346 3246 promittebatque,
3388 3193 3619 3234 exsecuo

2040 3269 2226 3315 turum
2270 3276 2328 3315 se
2362 3261 2512 3315 omni
2546 3262 2728 3317 studio
2777 3263 3043 3332 quidquid
3095 3267 3171 3320 illi
3223 3270 3401 3322 visum
3453 3270 3618 3334 foret,

2037 3352 2142 3407 etsi
2173 3367 2325 3407 mors
2351 3361 2502 3408 esset
2531 3355 2647 3422 ipsa
2674 3355 2982 3410 subeunda.
3019 3357 3220 3412 Verum
3254 3361 3382 3428 quia
3417 3362 3620 3418 hiemis

2039 3444 2187 3500 illius
2219 3445 2300 3500 vis
2325 3445 2420 3499 diu
2458 3456 2737 3516 noctuque
2771 3448 3156 3526 vehementius
3182 3467 3403 3523 semper
3433 3457 3619 3526 ingra-

2035 3537 2296 3592 vescebat
2328 3553 2392 3592 ac
2423 3555 2576 3608 spem
2611 3512 3163 3599 interim’seren'ioris
3201 3549 3325 3603 coeli
3357 3549 3626 3605 interclu-

2037 3628 2222 3693 debat,
2253 3630 2527 3700 simulque
2575 3633 2882 3688 exercitum
2922 3637 3210 3693 Persicum
3259 3640 3521 3712 frequens
3563 3655 3633 3701 et.

2035 3723 2299 3778 continua
2329 3723 2580 3793 quaedam
2611 3725 2732 3782 lues
2759 3726 3185 3798 depascebatur,
3213 3749 3376 3802 quam
3424 3745 3481 3791 et
3522 3752 3625 3792 ειν--

2037 3817 2326 3871 vissimum
2351 3816 2524 3886 frigus
2554 3819 2824 3898 pariebat,
2854 3831 2910 3876 et
2937 3821 3052 3891 ipsa
3084 3839 3306 3895 quoque
3337 3843 3522 3882 rerum
3549 3832 3615 3884 ad

2037 3907 2246 3962 victum
2275 3909 2713 3964 necessariarum
2753 3915 3018 3980 penuria;
3049 3931 3115 3970 ac
3145 3933 3323 3987 neque
3371 3922 3471 3977 sibi
3526 3939 3593 3977 nc

2037 4013 2147 4068 que
2177 3998 2376 4054 amicis
2414 3999 2577 4054 facile
2603 4000 2692 4055 ille
2724 4012 2939 4072 poterat
2963 4005 3016 4058 in
3050 4011 3304 4075 praesenti
3335 4012 3604 4080 epitulari.

2037 4089 2296 4144 obstante
2340 4090 2524 4145 divina
2560 4091 2867 4160 voluntate,
2915 4097 3134 4152 arcanis
3180 4099 3370 4154 nescio
3417 4101 3618 4172 quibus

2037 4182 2370 4247 rationibus,
2403 4181 2629 4237 domum
2672 4184 2900 4254 trajecto
2935 4186 3292 4259 Hellesponto
3335 4208 3614 4263 regressus

2037 4288 2140 4334 88L

2110 4369 2246 4426 Vlll.
2275 4371 2411 4424 (lum
2444 4369 2490 4423 is
2515 4367 2710 4423 fuisset
2737 4357 2925 4423 exitus
2954 4369 3182 4426 Persicae
3217 4372 3366 4430 illius
3398 4378 3620 4447 cxpch-

351 4446 512 4499 τοῦτο
564 4446 752 4509 τέλους
815 4445 1162 4516 ἐληλυθυίας,
1201 4447 1450 4519 δεύτερος
1513 4452 1541 4504 ό
1583 4452 1652 4506 τὰ
1690 4453 1932 4523 πολέμια

2043 4463 2244 4526 tionis;
2277 4463 2563 4532 proximus
2588 4460 2972 4516 Cantacuzeno
3002 4465 3078 4518 rei
3108 4465 3318 4522 bellicae
3351 4468 3522 4540 gloria
3550 4488 3620 4526 cx

354 4541 673 4610 κράτιστος,
721 4541 820 4594 καὶ
867 4540 975 4594 τῶν
1012 4543 1071 4593 ὲν
1133 4542 1501 4613 Διδυμοτείχῳ
1553 4548 1934 4617 καταλειφθέν.

2045 4555 2282 4610 ducibus
2309 4554 2674 4625 Didymotichi
2705 4555 2914 4611 relictis
2945 4572 3089 4612 unus
3113 4558 3197 4616 (ut
3223 4559 3486 4630 diximus)
3512 4563 3623 4618 Ma-

354 4647 464 4683 των
493 4632 817 4703 στρατηγῶν
869 4633 966 4702 (ώς
1017 4634 1362 4705 εἰρήκειμεν)
1428 4630 1537 4702 εἷς,
1609 4637 1865 4712 Μανουὴλ
1913 4647 1934 4698 ό

2045 4647 2174 4702 nuel
2195 4646 2621 4708 Tarchaniotes,
2647 4645 3000 4716 imperatoris
3027 4660 3311 4720 cognatus,
3338 4653 3421 4707 vir
3446 4655 3622 4709 heroi-

357 4723 937 4793 Ταρχανειώτης(74),
969 4723 1026 4785 ὃς
1073 4725 1139 4792 δὴ
1190 4724 1314 4778 καθ’
1354 4721 1495 4796 αἷμα
1543 4731 1836 4800 προσήκων
1863 4733 1934 4804 τῷ

2043 4737 2147 4791 bus
2180 4736 2377 4792 similis
2408 4751 2474 4791 ac
2515 4752 2614 4806 per
2643 4737 2829 4790 omnia
2865 4747 3165 4807 strenuus;
3202 4757 3392 4810 manu,
3431 4748 3620 4801 consi-

361 4813 578 4884 βασιλεῖ
603 4816 697 4866 καὶ
725 4816 962 4892 ήρωζκός
999 4834 1080 4877 τις
1098 4814 1168 4888 ἧν
1205 4817 1236 4870 ὀ
1282 4817 1445 4889 ἀνὴρ,
1499 4821 1590 4873 καὶ
1639 4822 1705 4876 τὰ
1758 4825 1939 4880 πάντα
1978 4838 1982 4842 '

283 4930 297 4969 ι
358 4908 627 4974 γενναῖος,
653 4908 746 4959 καὶ
777 4909 936 4977 χεῖρα
961 4910 1057 4962 καὶ
1107 4909 1335 4979 γνώμην
1365 4911 1462 4964 καὶ
1515 4912 1768 4982 σώματος
1805 4918 1938 4972 ἀνα-

354 5000 586 5070 δρομὴν,
615 5000 711 5052 καὶ
737 5001 958 5064 πολλαῖς
986 5002 1084 5072 μὲν
1109 5005 1412 5075 ἐναθλήσας
1468 5005 1671 5076 μάχαις
1704 5008 1933 5079 πολεμι·

357 5093 508 5153 καῖς,
539 5090 762 5154 πολλαῖς
789 5091 834 5144 δ’
867 5093 1282 5165 ἐγκαρτερήσας
1332 5096 1593 5166 πληγαῖς,
1641 5099 1931 5168 κράτιστος

355 5183 548 5250 γέγονε
574 5184 642 5235 τὰ
673 5183 732 5246 ἐς
758 5185 950 5254 πεῖραν
979 5186 1289 5259 πολεμικήν
1319 5204 1333 5218 ⁸
1361 5189 1430 5242 δι’
1465 5190 1502 5243 δι
1531 5191 1594 5261 δὴ
1615 5194 1722 5245 ναι
1763 5211 1932 5265 στρα-

353 5273 523 5343 τηγὸς
559 5273 668 5326 τῶν
700 5275 758 5326 ἐν
805 5275 1171 5347 Διδυμοτείχῳ
1209 5279 1494 5350 δυνάμεων
1541 5284 1675 5353 πρὸς
1706 5285 1800 5338 τοῦ
1833 5292 1932 5356 βα-

359 5365 548 5428 σιλέως
571 5365 953 5435 καταλειφθεὶς
1003 5367 1151 5438 ψυχή
1207 5388 1293 5434 τις
1351 5367 1421 5441 ἦν
1460 5375 1571 5436 τοῖς
1620 5375 1741 5428 ἐκεῖ
1781 5393 1935 5446 τηνι-

358 5457 538 5512 καῦτα
573 5458 667 5510 καὶ
693 5459 947 5528 χρηστῶν
976 5461 1210 5515 ἐλπίδων
1247 5463 1521 5534 θησαυρός
1555 5481 1567 5494 ·
1625 5461 1781 5531 οὗτος
1838 5469 1932 5523 οὖν

2042 4829 2117 4884 lio
2148 4838 2202 4882 et
2247 4827 2499 4896 corporis
2547 4828 2878 4896 proceritate
2926 4841 3229 4900 praestans;
3270 4835 3365 4904 qui
3403 4837 3620 4893 bellicis

2039 4917 2319 4974 laboribus
2345 4916 2698 4984 exercitatus,
2727 4928 2784 4973 et
2813 4919 2983 4981 multa
3020 4922 3249 4976 vulnera
3285 4928 3619 4984 constantis-

2037 5011 2174 5065 sime
2211 5021 2527 5079 perpessus,
2564 5021 2836 5064 summam
2880 5010 2934 5064 in
2971 5026 3026 5064 re
3069 5013 3294 5067 militari
3325 5030 3616 5087 compara-

2037 5108 2192 5156 verat
2219 5097 2640 5168 experientiam,
2683 5097 2918 5167 ideoque
2954 5099 3022 5152 ab
3057 5101 3390 5170 imperatore
3424 5105 3619 5173 pnefc-

2037 5201 2160 5247 ctus
2189 5191 2255 5245 iis
2285 5189 2479 5258 c0piis,
2511 5203 2634 5257 quae
2664 5188 3031 5259 Didymoticlti
3067 5205 3246 5256 erant,
3279 5195 3477 5249 anima:
3516 5215 3614 5249 cu-

2031 5283 2247 5355 jusdam
2278 5281 2450 5334 instar
2479 5295 2540 5334 ac
2559 5280 2709 5333 velut
2739 5281 2896 5335 bona:
2921 5283 3034 5351 spei
3071 5285 3365 5339 thesaurus
3396 5286 3461 5339 iis
3492 5302 3614 5340 esse

2044 5373 2332 5429 videbatur
2367 5389 2382 5424 :
2416 5371 2484 5431 is,
2519 5371 2767 5440 inquam,
2806 5373 2966 5428 'solus
3001 5384 3114 5429 tum
3148 5377 3335 5429 animo
3375 5377 3619 5430 confisus

2045 5466 2329 5536 quaesitum
2373 5463 2542 5518 exivit
2579 5462 2992 5532 imperatorem,
3032 5467 3412 5537 Didymoticho
3443 5469 3619 5522 emis-

1717 5607 2048 5671 Vat'iorum
2091 5609 2277 5666 uota}.

431 5746 545 5816 (74)
572 5747 948 5813 Cognomento
996 5749 1322 5820 Κουρτίκης.
1384 5753 1682 5812 Cautacuz.
1713 5759 1809 5815 lib.
1849 5777 1931 5823 ιιι,

2039 5776 2070 5829 ρ
2120 5756 2206 5820 10,
2242 5752 2330 5815 39,
2355 5751 2443 5802 τι).
2483 5751 2711 5806 Ducam.

679 5837 946 5896 “mea.
989 5838 1105 5898 Gn.
1153 5842 1450 5904 CXLVIII
