  <div class='ocr_page' id='page_1' title='image "/cluster/home/n/w/nwhite01/storage/ocr_20150623/148:no.1/coo.31924054870534/447.png"; bbox 0 0 4070 6442; ppageno 0'>
   <div class='ocr_carea' id='block_1_1' title="bbox 538 460 2123 536">
    <p class='ocr_par' dir='ltr' id='par_1_1' title="bbox 538 460 2123 535">
     <span class='ocr_line' id='line_1_1' title="bbox 538 460 2123 535; baseline 0.001 -5"><span class='ocrx_word' id='word_1_1' title='bbox 538 465 645 530; x_wconf 86' lang='lat'><strong>883</strong></span> <span class='ocrx_word' id='word_1_2' title='bbox 830 460 906 532; x_wconf 67' lang='grc' dir='ltr'><strong>[λι</strong></span> <span class='ocrx_word' id='word_1_3' title='bbox 946 478 1000 535; x_wconf 71' lang='grc' dir='ltr'><strong>ις</strong></span> <span class='ocrx_word' id='word_1_4' title='bbox 1035 461 1197 527; x_wconf 71' lang='lat' dir='ltr'><strong>685i.</strong></span> <span class='ocrx_word' id='word_1_5' title='bbox 1240 479 1349 518; x_wconf 68' lang='grc' dir='ltr'><strong>ικυι</strong></span> <span class='ocrx_word' id='word_1_6' title='bbox 1388 462 1475 534; x_wconf 75' lang='grc' dir='ltr'><strong>ιιι</strong></span> <span class='ocrx_word' id='word_1_7' title='bbox 1780 472 2123 535; x_wconf 64' lang='lat' dir='ltr'><strong>NICEPHOJ</strong></span> 
     </span>
    </p>
   </div>
   <div class='ocr_carea' id='block_1_2' title="bbox 2220 460 2630 536">
    <p class='ocr_par' dir='ltr' id='par_1_2' title="bbox 2243 473 2630 536">
     <span class='ocr_line' id='line_1_2' title="bbox 2243 473 2630 536; baseline 0.01 -4"><span class='ocrx_word' id='word_1_8' title='bbox 2243 473 2448 534; x_wconf 83' lang='lat' dir='ltr'>GREG</span> <span class='ocrx_word' id='word_1_9' title='bbox 2460 476 2630 536; x_wconf 57' lang='lat' dir='ltr'><strong>ORJE</strong></span> 
     </span>
    </p>
   </div>
   <div class='ocr_carea' id='block_1_3' title="bbox 533 580 2123 657">
    <p class='ocr_par' dir='ltr' id='par_1_3' title="bbox 533 580 2116 655">
     <span class='ocr_line' id='line_1_3' title="bbox 533 580 2116 655; baseline 0.002 -19"><span class='ocrx_word' id='word_1_10' title='bbox 533 580 658 651; x_wconf 81' lang='lat' dir='ltr'><strong>pias</strong></span> <span class='ocrx_word' id='word_1_11' title='bbox 685 580 848 650; x_wconf 80' lang='lat' dir='ltr'><strong>longe</strong></span> <span class='ocrx_word' id='word_1_12' title='bbox 879 596 1162 637; x_wconf 77' lang='lat' dir='ltr'><strong>maximas.</strong></span> <span class='ocrx_word' id='word_1_13' title='bbox 1213 583 1388 637; x_wconf 77' lang='lat' dir='ltr'><strong>Erant</strong></span> <span class='ocrx_word' id='word_1_14' title='bbox 1441 585 1645 654; x_wconf 79' lang='lat' dir='ltr'><strong>quippe</strong></span> <span class='ocrx_word' id='word_1_15' title='bbox 1684 586 1945 640; x_wconf 77' lang='lat' dir='ltr'><strong>Romanae</strong></span> <span class='ocrx_word' id='word_1_16' title='bbox 1991 586 2116 655; x_wconf 80' lang='lat' dir='ltr'><strong>qui-</strong></span> 
     </span>
    </p>
   </div>
   <div class='ocr_carea' id='block_1_4' title="bbox 2220 580 3754 657">
    <p class='ocr_par' dir='ltr' id='par_1_4' title="bbox 2221 581 3754 657">
     <span class='ocr_line' id='line_1_4' title="bbox 2221 581 3754 657; baseline 0 -16"><span class='ocrx_word' id='word_1_17' title='bbox 2221 587 2482 657; x_wconf 72' lang='grc' dir='ltr'><strong>ναυτικὴν</strong></span> <span class='ocrx_word' id='word_1_18' title='bbox 2497 588 2727 657; x_wconf 87' lang='grc' dir='ltr'><strong>δύναμιν</strong></span> <span class='ocrx_word' id='word_1_19' title='bbox 2756 586 2899 654; x_wconf 80' lang='grc' dir='ltr'><strong>μάλα</strong></span> <span class='ocrx_word' id='word_1_20' title='bbox 2931 581 3342 656; x_wconf 55' lang='grc' dir='ltr'><strong>πολλήνῘΗσαν</strong></span> <span class='ocrx_word' id='word_1_21' title='bbox 3364 585 3754 657; x_wconf 69' lang='grc' dir='ltr'><strong>γάρῬωμαϊκαὶ.</strong></span> 
     </span>
    </p>
   </div>
   <div class='ocr_carea' id='block_1_5' title="bbox 534 672 2123 750">
    <p class='ocr_par' dir='ltr' id='par_1_5' title="bbox 534 672 2117 745">
     <span class='ocr_line' id='line_1_5' title="bbox 534 672 2117 745; baseline 0.007 -19"><span class='ocrx_word' id='word_1_22' title='bbox 534 672 662 728; x_wconf 85' lang='lat' dir='ltr'><strong>dem</strong></span> <span class='ocrx_word' id='word_1_23' title='bbox 714 687 883 731; x_wconf 80' lang='lat' dir='ltr'><strong>naves</strong></span> <span class='ocrx_word' id='word_1_24' title='bbox 921 674 1110 742; x_wconf 88' lang='lat' dir='ltr'><strong>plures</strong></span> <span class='ocrx_word' id='word_1_25' title='bbox 1153 690 1318 744; x_wconf 83' lang='lat' dir='ltr'><strong>quam</strong></span> <span class='ocrx_word' id='word_1_26' title='bbox 1352 676 1782 745; x_wconf 75' lang='lat' dir='ltr'><strong>quinquaginta;</strong></span> <span class='ocrx_word' id='word_1_27' title='bbox 1822 680 2117 737; x_wconf 70' lang='lat' dir='ltr'><strong>auxiliares</strong></span> 
     </span>
    </p>
   </div>
   <div class='ocr_carea' id='block_1_6' title="bbox 2220 672 3754 750">
    <p class='ocr_par' dir='ltr' id='par_1_6' title="bbox 2228 676 3754 750">
     <span class='ocr_line' id='line_1_6' title="bbox 2228 676 3754 750; baseline -0.002 -17"><span class='ocrx_word' id='word_1_28' title='bbox 2228 682 2328 749; x_wconf 84' lang='grc' dir='ltr'><strong>μὲν</strong></span> <span class='ocrx_word' id='word_1_29' title='bbox 2358 680 2488 750; x_wconf 80' lang='grc' dir='ltr'><strong>νῆες</strong></span> <span class='ocrx_word' id='word_1_30' title='bbox 2522 680 2742 743; x_wconf 82' lang='grc' dir='ltr'><strong>πλείους</strong></span> <span class='ocrx_word' id='word_1_31' title='bbox 2773 680 2807 749; x_wconf 77' lang='grc' dir='ltr'><strong>ἢ</strong></span> <span class='ocrx_word' id='word_1_32' title='bbox 2848 678 3220 747; x_wconf 72' lang='grc' dir='ltr'><strong>πεντήκοντα⁸</strong></span> <span class='ocrx_word' id='word_1_33' title='bbox 3253 676 3512 747; x_wconf 81' lang='grc' dir='ltr'><strong>Περσικαὶ</strong></span> <span class='ocrx_word' id='word_1_34' title='bbox 3537 678 3607 737; x_wconf 71' lang='grc' dir='ltr'><strong>δὲ,</strong></span> <span class='ocrx_word' id='word_1_35' title='bbox 3636 678 3754 732; x_wconf 61' lang='grc' dir='ltr'><strong>κατὰ</strong></span> 
     </span>
    </p>
   </div>
   <div class='ocr_carea' id='block_1_7' title="bbox 530 766 2123 840">
    <p class='ocr_par' dir='ltr' id='par_1_7' title="bbox 530 766 2117 839">
     <span class='ocr_line' id='line_1_7' title="bbox 530 766 2117 839; baseline 0.007 -22"><span class='ocrx_word' id='word_1_36' title='bbox 530 774 715 821; x_wconf 82' lang='lat' dir='ltr'><strong>autem</strong></span> <span class='ocrx_word' id='word_1_37' title='bbox 769 781 837 820; x_wconf 84' lang='lat' dir='ltr'><strong>ex</strong></span> <span class='ocrx_word' id='word_1_38' title='bbox 887 766 1115 821; x_wconf 83' lang='lat' dir='ltr'><strong>Perside</strong></span> <span class='ocrx_word' id='word_1_39' title='bbox 1164 766 1286 821; x_wconf 64' lang='lat' dir='ltr'><strong>dua:</strong></span> <span class='ocrx_word' id='word_1_40' title='bbox 1333 774 1387 821; x_wconf 91' lang='lat' dir='ltr'><strong>et</strong></span> <span class='ocrx_word' id='word_1_41' title='bbox 1447 768 1663 836; x_wconf 77' lang='lat' dir='ltr'><strong>viginti.</strong></span> <span class='ocrx_word' id='word_1_42' title='bbox 1712 769 1900 824; x_wconf 79' lang='lat' dir='ltr'><strong>Rebus</strong></span> <span class='ocrx_word' id='word_1_43' title='bbox 1951 772 2117 839; x_wconf 81' lang='lat' dir='ltr'><strong>igitur</strong></span> 
     </span>
    </p>
   </div>
   <div class='ocr_carea' id='block_1_8' title="bbox 2220 766 3758 840">
    <p class='ocr_par' dir='ltr' id='par_1_8' title="bbox 2224 768 3758 840">
     <span class='ocr_line' id='line_1_8' title="bbox 2224 768 3758 840; baseline -0.001 -17"><span class='ocrx_word' id='word_1_44' title='bbox 2224 772 2548 840; x_wconf 75' lang='grc' dir='ltr'><strong>συμμαχίαν</strong></span> <span class='ocrx_word' id='word_1_45' title='bbox 2581 771 2873 839; x_wconf 81' lang='grc' dir='ltr'><strong>ἑπόμεναι,</strong></span> <span class='ocrx_word' id='word_1_46' title='bbox 2924 769 3020 823; x_wconf 78' lang='grc' dir='ltr'><strong>δύο</strong></span> <span class='ocrx_word' id='word_1_47' title='bbox 3047 770 3137 822; x_wconf 76' lang='grc' dir='ltr'><strong>καὶ</strong></span> <span class='ocrx_word' id='word_1_48' title='bbox 3160 768 3356 822; x_wconf 85' lang='grc' dir='ltr'><strong>είκοσι.</strong></span> <span class='ocrx_word' id='word_1_49' title='bbox 3393 768 3473 820; x_wconf 73' lang='grc' dir='ltr'><strong>Τὰ</strong></span> <span class='ocrx_word' id='word_1_50' title='bbox 3494 770 3616 834; x_wconf 82' lang='grc' dir='ltr'><strong>γοῦν</strong></span> <span class='ocrx_word' id='word_1_51' title='bbox 3637 772 3758 822; x_wconf 86' lang='grc' dir='ltr'><strong>κατά</strong></span> 
     </span>
    </p>
   </div>
   <div class='ocr_carea' id='block_1_9' title="bbox 2955 467 3752 544">
    <p class='ocr_par' dir='ltr' id='par_1_9' title="bbox 2955 467 3752 544">
     <span class='ocr_line' id='line_1_9' title="bbox 2955 467 3752 544; baseline 0.004 -21"><span class='ocrx_word' id='word_1_52' title='bbox 2955 472 3091 544; x_wconf 63' lang='grc' dir='ltr'><strong>[μιν.</strong></span> <span class='ocrx_word' id='word_1_53' title='bbox 3131 487 3173 525; x_wconf 75' lang='grc' dir='ltr'><strong>ι.</strong></span> <span class='ocrx_word' id='word_1_54' title='bbox 3219 482 3448 526; x_wconf 62' lang='lat' dir='ltr'><strong>pauor.</strong></span> <span class='ocrx_word' id='word_1_55' title='bbox 3485 467 3540 541; x_wconf 68' lang='lat'><strong>9]</strong></span> <span class='ocrx_word' id='word_1_56' title='bbox 3666 472 3752 537; x_wconf 67' lang='grc' dir='ltr'><strong>εει</strong></span> 
     </span>
    </p>
   </div>
   <div class='ocr_carea' id='block_1_10' title="bbox 531 856 2116 930">
    <p class='ocr_par' dir='ltr' id='par_1_10' title="bbox 531 856 2116 930">
     <span class='ocr_line' id='line_1_10' title="bbox 531 856 2116 930; baseline 0.006 -20"><span class='ocrx_word' id='word_1_57' title='bbox 531 856 1110 914; x_wconf 83' lang='lat' dir='ltr'><strong>Thessalonicensium</strong></span> <span class='ocrx_word' id='word_1_58' title='bbox 1138 872 1206 911; x_wconf 89' lang='lat' dir='ltr'><strong>eo</strong></span> <span class='ocrx_word' id='word_1_59' title='bbox 1236 857 1360 926; x_wconf 86' lang='lat' dir='ltr'><strong>ipso</strong></span> <span class='ocrx_word' id='word_1_60' title='bbox 1389 858 1477 913; x_wconf 91' lang='lat' dir='ltr'><strong>die</strong></span> <span class='ocrx_word' id='word_1_61' title='bbox 1501 870 1665 930; x_wconf 86' lang='lat' dir='ltr'><strong>prout</strong></span> <span class='ocrx_word' id='word_1_62' title='bbox 1695 860 1861 915; x_wconf 90' lang='lat' dir='ltr'><strong>libuit</strong></span> <span class='ocrx_word' id='word_1_63' title='bbox 1893 863 2116 919; x_wconf 83' lang='lat' dir='ltr'><strong>ordina-</strong></span> 
     </span>
    </p>
   </div>
   <div class='ocr_carea' id='block_1_11' title="bbox 532 948 2101 1021">
    <p class='ocr_par' dir='ltr' id='par_1_11' title="bbox 532 948 2101 1021">
     <span class='ocr_line' id='line_1_11' title="bbox 532 948 2101 1021; baseline 0.004 -19"><span class='ocrx_word' id='word_1_64' title='bbox 532 950 624 1012; x_wconf 85' lang='lat' dir='ltr'><strong>tis,</strong></span> <span class='ocrx_word' id='word_1_65' title='bbox 654 958 873 1018; x_wconf 83' lang='lat' dir='ltr'><strong>postera</strong></span> <span class='ocrx_word' id='word_1_66' title='bbox 903 948 992 1002; x_wconf 87' lang='lat' dir='ltr'><strong>die</strong></span> <span class='ocrx_word' id='word_1_67' title='bbox 1018 948 1364 1017; x_wconf 85' lang='lat' dir='ltr'><strong>Apoeaucus,</strong></span> <span class='ocrx_word' id='word_1_68' title='bbox 1399 964 1523 1003; x_wconf 90' lang='lat' dir='ltr'><strong>cum</strong></span> <span class='ocrx_word' id='word_1_69' title='bbox 1548 959 1604 1004; x_wconf 91' lang='lat' dir='ltr'><strong>et</strong></span> <span class='ocrx_word' id='word_1_70' title='bbox 1637 966 1731 1005; x_wconf 89' lang='lat' dir='ltr'><strong>eas</strong></span> <span class='ocrx_word' id='word_1_71' title='bbox 1760 967 1896 1021; x_wconf 86' lang='lat' dir='ltr'><strong>quas</strong></span> <span class='ocrx_word' id='word_1_72' title='bbox 1922 953 2101 1009; x_wconf 86' lang='lat' dir='ltr'><strong>Thes-</strong></span> 
     </span>
    </p>
   </div>
   <div class='ocr_carea' id='block_1_12' title="bbox 529 1038 2118 1112">
    <p class='ocr_par' dir='ltr' id='par_1_12' title="bbox 529 1038 2118 1112">
     <span class='ocr_line' id='line_1_12' title="bbox 529 1038 2118 1112; baseline 0.003 -18"><span class='ocrx_word' id='word_1_73' title='bbox 529 1040 792 1094; x_wconf 82' lang='lat' dir='ltr'><strong>salonicae</strong></span> <span class='ocrx_word' id='word_1_74' title='bbox 839 1039 1134 1095; x_wconf 80' lang='lat' dir='ltr'><strong>invenerat</strong></span> <span class='ocrx_word' id='word_1_75' title='bbox 1180 1038 1390 1109; x_wconf 87' lang='lat' dir='ltr'><strong>copias,</strong></span> <span class='ocrx_word' id='word_1_76' title='bbox 1422 1050 1480 1095; x_wconf 89' lang='lat' dir='ltr'><strong>et</strong></span> <span class='ocrx_word' id='word_1_77' title='bbox 1509 1040 1629 1096; x_wconf 87' lang='lat' dir='ltr'><strong>illas</strong></span> <span class='ocrx_word' id='word_1_78' title='bbox 1655 1058 1793 1112; x_wconf 87' lang='lat' dir='ltr'><strong>quas</strong></span> <span class='ocrx_word' id='word_1_79' title='bbox 1821 1043 1996 1101; x_wconf 86' lang='lat' dir='ltr'><strong>classe</strong></span> <span class='ocrx_word' id='word_1_80' title='bbox 2029 1060 2118 1098; x_wconf 89' lang='lat' dir='ltr'><strong>se-</strong></span> 
     </span>
    </p>
   </div>
   <div class='ocr_carea' id='block_1_13' title="bbox 533 1128 2115 1208">
    <p class='ocr_par' dir='ltr' id='par_1_13' title="bbox 533 1128 2115 1208">
     <span class='ocr_line' id='line_1_13' title="bbox 533 1128 2115 1208; baseline 0.004 -24"><span class='ocrx_word' id='word_1_81' title='bbox 533 1144 662 1184; x_wconf 87' lang='lat' dir='ltr'><strong>cum</strong></span> <span class='ocrx_word' id='word_1_82' title='bbox 721 1128 1033 1183; x_wconf 79' lang='lat' dir='ltr'><strong>adduxerat</strong></span> <span class='ocrx_word' id='word_1_83' title='bbox 1089 1138 1197 1182; x_wconf 92' lang='lat' dir='ltr'><strong>tam</strong></span> <span class='ocrx_word' id='word_1_84' title='bbox 1237 1129 1571 1186; x_wconf 87' lang='lat' dir='ltr'><strong>domesticas</strong></span> <span class='ocrx_word' id='word_1_85' title='bbox 1615 1148 1779 1208; x_wconf 82' lang='lat' dir='ltr'><strong>quam</strong></span> <span class='ocrx_word' id='word_1_86' title='bbox 1829 1145 2115 1199; x_wconf 78' lang='lat' dir='ltr'><strong>externas.</strong></span> 
     </span>
    </p>
   </div>
   <div class='ocr_carea' id='block_1_14' title="bbox 532 1222 2119 1287">
    <p class='ocr_par' dir='ltr' id='par_1_14' title="bbox 532 1222 2119 1287">
     <span class='ocr_line' id='line_1_14' title="bbox 532 1222 2119 1287; baseline 0.005 -12"><span class='ocrx_word' id='word_1_87' title='bbox 532 1231 804 1278; x_wconf 86' lang='lat' dir='ltr'><strong>armasset</strong></span> <span class='ocrx_word' id='word_1_88' title='bbox 852 1224 1318 1287; x_wconf 80' lang='lat' dir='ltr'><strong>etinstruxisset.</strong></span> <span class='ocrx_word' id='word_1_89' title='bbox 1369 1222 1691 1283; x_wconf 72' lang='lat' dir='ltr'><strong>Berrhteam</strong></span> <span class='ocrx_word' id='word_1_90' title='bbox 1749 1228 1996 1284; x_wconf 85' lang='lat' dir='ltr'><strong>terrestri</strong></span> <span class='ocrx_word' id='word_1_91' title='bbox 2027 1228 2119 1283; x_wconf 88' lang='lat' dir='ltr'><strong>iti-</strong></span> 
     </span>
    </p>
   </div>
   <div class='ocr_carea' id='block_1_15' title="bbox 532 1315 2117 1390">
    <p class='ocr_par' dir='ltr' id='par_1_15' title="bbox 532 1315 2117 1390">
     <span class='ocr_line' id='line_1_15' title="bbox 532 1315 2117 1390; baseline 0.007 -24"><span class='ocrx_word' id='word_1_92' title='bbox 532 1327 667 1367; x_wconf 85' lang='lat' dir='ltr'><strong>nere</strong></span> <span class='ocrx_word' id='word_1_93' title='bbox 714 1328 880 1383; x_wconf 89' lang='lat' dir='ltr'><strong>quam</strong></span> <span class='ocrx_word' id='word_1_94' title='bbox 931 1315 1221 1369; x_wconf 83' lang='lat' dir='ltr'><strong>celerrime</strong></span> <span class='ocrx_word' id='word_1_95' title='bbox 1248 1315 1521 1386; x_wconf 80' lang='lat' dir='ltr'><strong>proﬁcisci</strong></span> <span class='ocrx_word' id='word_1_96' title='bbox 1574 1332 1764 1372; x_wconf 87' lang='lat' dir='ltr'><strong>secum</strong></span> <span class='ocrx_word' id='word_1_97' title='bbox 1805 1321 2117 1390; x_wconf 86' lang='lat' dir='ltr'><strong>constituit,</strong></span> 
     </span>
    </p>
   </div>
   <div class='ocr_carea' id='block_1_16' title="bbox 534 1403 2118 1483">
    <p class='ocr_par' dir='ltr' id='par_1_16' title="bbox 534 1403 2118 1483">
     <span class='ocr_line' id='line_1_16' title="bbox 534 1403 2118 1483; baseline 0.008 -24"><span class='ocrx_word' id='word_1_98' title='bbox 534 1405 581 1459; x_wconf 81' lang='lat' dir='ltr'><strong>si</strong></span> <span class='ocrx_word' id='word_1_99' title='bbox 615 1404 761 1460; x_wconf 86' lang='lat' dir='ltr'><strong>forte</strong></span> <span class='ocrx_word' id='word_1_100' title='bbox 789 1403 1140 1476; x_wconf 85' lang='lat' dir='ltr'><strong>imperatoris</strong></span> <span class='ocrx_word' id='word_1_101' title='bbox 1183 1409 1488 1465; x_wconf 78' lang='lat' dir='ltr'><strong>exercitum</strong></span> <span class='ocrx_word' id='word_1_102' title='bbox 1543 1412 1762 1481; x_wconf 86' lang='lat' dir='ltr'><strong>assequi</strong></span> <span class='ocrx_word' id='word_1_103' title='bbox 1820 1425 2005 1483; x_wconf 81' lang='lat' dir='ltr'><strong>posset</strong></span> <span class='ocrx_word' id='word_1_104' title='bbox 2060 1416 2118 1471; x_wconf 91' lang='lat' dir='ltr'><strong>in</strong></span> 
     </span>
    </p>
   </div>
   <div class='ocr_carea' id='block_1_17' title="bbox 536 1495 2120 1569">
    <p class='ocr_par' dir='ltr' id='par_1_17' title="bbox 536 1495 2120 1569">
     <span class='ocr_line' id='line_1_17' title="bbox 536 1495 2120 1569; baseline 0.009 -22"><span class='ocrx_word' id='word_1_105' title='bbox 536 1495 773 1549; x_wconf 87' lang='lat' dir='ltr'><strong>transitu</strong></span> <span class='ocrx_word' id='word_1_106' title='bbox 801 1497 918 1567; x_wconf 84' lang='lat' dir='ltr'><strong>ejus</strong></span> <span class='ocrx_word' id='word_1_107' title='bbox 958 1496 1128 1560; x_wconf 78' lang='lat' dir='ltr'><strong>ﬂuvii,</strong></span> <span class='ocrx_word' id='word_1_108' title='bbox 1161 1500 1255 1569; x_wconf 90' lang='lat' dir='ltr'><strong>qui</strong></span> <span class='ocrx_word' id='word_1_109' title='bbox 1297 1500 1617 1557; x_wconf 78' lang='lat' dir='ltr'><strong>Berrbceam</strong></span> <span class='ocrx_word' id='word_1_110' title='bbox 1657 1502 1800 1559; x_wconf 74' lang='lat' dir='ltr'><strong>inter</strong></span> <span class='ocrx_word' id='word_1_111' title='bbox 1830 1520 1897 1561; x_wconf 90' lang='lat' dir='ltr'><strong>ac</strong></span> <span class='ocrx_word' id='word_1_112' title='bbox 1941 1506 2120 1562; x_wconf 87' lang='lat' dir='ltr'><strong>Thes-</strong></span> 
     </span>
    </p>
   </div>
   <div class='ocr_carea' id='block_1_18' title="bbox 533 1587 2118 1666">
    <p class='ocr_par' dir='ltr' id='par_1_18' title="bbox 533 1587 2118 1666">
     <span class='ocr_line' id='line_1_18' title="bbox 533 1587 2118 1666; baseline 0.009 -27"><span class='ocrx_word' id='word_1_113' title='bbox 533 1587 828 1643; x_wconf 86' lang='lat' dir='ltr'><strong>salonicam</strong></span> <span class='ocrx_word' id='word_1_114' title='bbox 861 1588 1002 1645; x_wconf 90' lang='lat' dir='ltr'><strong>ﬂuit.</strong></span> <span class='ocrx_word' id='word_1_115' title='bbox 1034 1590 1148 1644; x_wconf 86' lang='lat' dir='ltr'><strong>Illic</strong></span> <span class='ocrx_word' id='word_1_116' title='bbox 1182 1591 1331 1646; x_wconf 89' lang='lat' dir='ltr'><strong>enim</strong></span> <span class='ocrx_word' id='word_1_117' title='bbox 1362 1594 1600 1649; x_wconf 79' lang='lat' dir='ltr'><strong>maxime</strong></span> <span class='ocrx_word' id='word_1_118' title='bbox 1631 1595 1863 1664; x_wconf 84' lang='lat' dir='ltr'><strong>putabat</strong></span> <span class='ocrx_word' id='word_1_119' title='bbox 1904 1607 2118 1666; x_wconf 86' lang='lat' dir='ltr'><strong>partum</strong></span> 
     </span>
    </p>
   </div>
   <div class='ocr_carea' id='block_1_19' title="bbox 533 1681 2120 1761">
    <p class='ocr_par' dir='ltr' id='par_1_19' title="bbox 533 1681 2120 1761">
     <span class='ocr_line' id='line_1_19' title="bbox 533 1681 2120 1761; baseline 0.009 -26"><span class='ocrx_word' id='word_1_120' title='bbox 533 1681 602 1736; x_wconf 88' lang='lat' dir='ltr'><strong>iri</strong></span> <span class='ocrx_word' id='word_1_121' title='bbox 655 1683 761 1738; x_wconf 83' lang='lat' dir='ltr'><strong>sibi</strong></span> <span class='ocrx_word' id='word_1_122' title='bbox 813 1686 1061 1742; x_wconf 69' lang='lat' dir='ltr'><strong>audacia:</strong></span> <span class='ocrx_word' id='word_1_123' title='bbox 1108 1688 1397 1757; x_wconf 78' lang='lat' dir='ltr'><strong>praemium</strong></span> <span class='ocrx_word' id='word_1_124' title='bbox 1430 1704 1496 1744; x_wconf 86' lang='lat' dir='ltr'><strong>ac</strong></span> <span class='ocrx_word' id='word_1_125' title='bbox 1546 1693 2120 1761; x_wconf 70' lang='lat' dir='ltr'><strong>tropaeum-militare,</strong></span> 
     </span>
    </p>
   </div>
   <div class='ocr_carea' id='block_1_20' title="bbox 540 1774 2121 1855">
    <p class='ocr_par' dir='ltr' id='par_1_20' title="bbox 540 1774 2121 1855">
     <span class='ocr_line' id='line_1_20' title="bbox 540 1774 2121 1855; baseline 0.009 -29"><span class='ocrx_word' id='word_1_126' title='bbox 540 1774 799 1830; x_wconf 83' lang='lat' dir='ltr'><strong>hostibus</strong></span> <span class='ocrx_word' id='word_1_127' title='bbox 820 1775 959 1832; x_wconf 85' lang='lat' dir='ltr'><strong>forte</strong></span> <span class='ocrx_word' id='word_1_128' title='bbox 992 1779 1374 1848; x_wconf 83' lang='lat' dir='ltr'><strong>manipulatim</strong></span> <span class='ocrx_word' id='word_1_129' title='bbox 1418 1781 1684 1852; x_wconf 82' lang='lat' dir='ltr'><strong>dispersis</strong></span> <span class='ocrx_word' id='word_1_130' title='bbox 1713 1800 1730 1838; x_wconf 88' lang='lat'><strong>:</strong></span> <span class='ocrx_word' id='word_1_131' title='bbox 1762 1792 1818 1839; x_wconf 90' lang='lat' dir='ltr'><strong>et</strong></span> <span class='ocrx_word' id='word_1_132' title='bbox 1867 1784 1957 1840; x_wconf 88' lang='lat' dir='ltr'><strong>bis</strong></span> <span class='ocrx_word' id='word_1_133' title='bbox 1996 1786 2121 1855; x_wconf 83' lang='lat' dir='ltr'><strong>qui-</strong></span> 
     </span>
    </p>
   </div>
   <div class='ocr_carea' id='block_1_21' title="bbox 532 1866 2118 1946">
    <p class='ocr_par' dir='ltr' id='par_1_21' title="bbox 532 1866 2118 1946">
     <span class='ocr_line' id='line_1_21' title="bbox 532 1866 2118 1946; baseline 0.006 -25"><span class='ocrx_word' id='word_1_134' title='bbox 532 1866 659 1922; x_wconf 88' lang='lat' dir='ltr'><strong>dem</strong></span> <span class='ocrx_word' id='word_1_135' title='bbox 709 1868 822 1938; x_wconf 82' lang='lat' dir='ltr'><strong>jam</strong></span> <span class='ocrx_word' id='word_1_136' title='bbox 885 1869 1171 1941; x_wconf 78' lang='lat' dir='ltr'><strong>trajectis,</strong></span> <span class='ocrx_word' id='word_1_137' title='bbox 1226 1871 1336 1929; x_wconf 89' lang='lat' dir='ltr'><strong>illis</strong></span> <span class='ocrx_word' id='word_1_138' title='bbox 1380 1887 1514 1928; x_wconf 78' lang='lat' dir='ltr'><strong>vero</strong></span> <span class='ocrx_word' id='word_1_139' title='bbox 1561 1874 1745 1933; x_wconf 83' lang='lat' dir='ltr'><strong>adhuc</strong></span> <span class='ocrx_word' id='word_1_140' title='bbox 1796 1876 2118 1946; x_wconf 88' lang='lat' dir='ltr'><strong>trajicicnti-</strong></span> 
     </span>
    </p>
   </div>
   <div class='ocr_carea' id='block_1_22' title="bbox 2227 860 3759 933">
    <p class='ocr_par' dir='ltr' id='par_1_22' title="bbox 2227 860 3759 933">
     <span class='ocr_line' id='line_1_22' title="bbox 2227 860 3759 933; baseline -0.002 -17"><span class='ocrx_word' id='word_1_141' title='bbox 2227 863 2633 931; x_wconf 73' lang='grc' dir='ltr'><strong>Θεσσαλονίκην</strong></span> <span class='ocrx_word' id='word_1_142' title='bbox 2665 864 2969 933; x_wconf 87' lang='grc' dir='ltr'><strong>πράγματα</strong></span> <span class='ocrx_word' id='word_1_143' title='bbox 3019 860 3341 927; x_wconf 79' lang='grc' dir='ltr'><strong>διαθέμενος</strong></span> <span class='ocrx_word' id='word_1_144' title='bbox 3395 861 3685 929; x_wconf 80' lang='grc' dir='ltr'><strong>αύθήμερον</strong></span> <span class='ocrx_word' id='word_1_145' title='bbox 3735 865 3759 913; x_wconf 86' lang='grc' dir='ltr'><strong>ὁ</strong></span> 
     </span>
    </p>
   </div>
   <div class='ocr_carea' id='block_1_23' title="bbox 2237 951 3761 1022">
    <p class='ocr_par' dir='ltr' id='par_1_23' title="bbox 2237 951 3761 1022">
     <span class='ocr_line' id='line_1_23' title="bbox 2237 951 3761 1022; baseline -0.005 -12"><span class='ocrx_word' id='word_1_146' title='bbox 2237 957 2584 1017; x_wconf 82' lang='grc' dir='ltr'><strong>Ἀπόκαυκος</strong></span> <span class='ocrx_word' id='word_1_147' title='bbox 2609 954 2681 1018; x_wconf 79' lang='grc' dir='ltr'><strong>ὡς</strong></span> <span class='ocrx_word' id='word_1_148' title='bbox 2710 954 2985 1017; x_wconf 76' lang='grc' dir='ltr'><strong>ἐϐούλετο,</strong></span> <span class='ocrx_word' id='word_1_149' title='bbox 3035 955 3131 1007; x_wconf 70' lang='grc' dir='ltr'><strong>καὶ</strong></span> <span class='ocrx_word' id='word_1_150' title='bbox 3167 953 3285 1022; x_wconf 73' lang='grc' dir='ltr'><strong>ἅμα</strong></span> <span class='ocrx_word' id='word_1_151' title='bbox 3326 951 3645 1014; x_wconf 79' lang='grc' dir='ltr'><strong>καθοπλίσας</strong></span> <span class='ocrx_word' id='word_1_152' title='bbox 3680 952 3761 1005; x_wconf 74' lang='grc' dir='ltr'><strong>καὶ</strong></span> 
     </span>
    </p>
   </div>
   <div class='ocr_carea' id='block_1_24' title="bbox 2221 1033 3761 1115">
    <p class='ocr_par' dir='ltr' id='par_1_24' title="bbox 2221 1033 3761 1115">
     <span class='ocr_line' id='line_1_24' title="bbox 2221 1033 3761 1115; baseline -0.005 -16"><span class='ocrx_word' id='word_1_153' title='bbox 2221 1046 2798 1115; x_wconf 79' lang='grc' dir='ltr'><strong>παρασκευασάμενος</strong></span> <span class='ocrx_word' id='word_1_154' title='bbox 2829 1046 2886 1107; x_wconf 71' lang='grc' dir='ltr'><strong>ἐς</strong></span> <span class='ocrx_word' id='word_1_155' title='bbox 2928 1043 3025 1112; x_wconf 78' lang='grc' dir='ltr'><strong>τὴν</strong></span> <span class='ocrx_word' id='word_1_156' title='bbox 3073 1042 3367 1113; x_wconf 70' lang='grc' dir='ltr'><strong>ὑστεραίαν</strong></span> <span class='ocrx_word' id='word_1_157' title='bbox 3414 1041 3480 1112; x_wconf 74' lang='grc' dir='ltr'><strong>ἧν</strong></span> <span class='ocrx_word' id='word_1_158' title='bbox 3528 1058 3583 1093; x_wconf 85' lang='grc' dir='ltr'><strong>τε</strong></span> <span class='ocrx_word' id='word_1_159' title='bbox 3619 1033 3761 1108; x_wconf 72' lang='grc' dir='ltr'><strong>εὗρεν</strong></span> 
     </span>
    </p>
   </div>
   <div class='ocr_carea' id='block_1_25' title="bbox 2223 1133 3758 1208">
    <p class='ocr_par' dir='ltr' id='par_1_25' title="bbox 2223 1133 3758 1208">
     <span class='ocr_line' id='line_1_25' title="bbox 2223 1133 3758 1208; baseline -0.006 -15"><span class='ocrx_word' id='word_1_160' title='bbox 2223 1140 2285 1193; x_wconf 78' lang='grc' dir='ltr'><strong>ἐν</strong></span> <span class='ocrx_word' id='word_1_161' title='bbox 2313 1138 2687 1208; x_wconf 84' lang='grc' dir='ltr'><strong>Θεσσαλονίκῃ</strong></span> <span class='ocrx_word' id='word_1_162' title='bbox 2713 1136 2946 1204; x_wconf 87' lang='grc' dir='ltr'><strong>δύναμιν</strong></span> <span class='ocrx_word' id='word_1_163' title='bbox 2976 1135 3379 1204; x_wconf 78' lang='grc' dir='ltr'><strong>στρατιωτικὴν</strong></span> <span class='ocrx_word' id='word_1_164' title='bbox 3420 1134 3513 1187; x_wconf 77' lang='grc' dir='ltr'><strong>καὶ</strong></span> <span class='ocrx_word' id='word_1_165' title='bbox 3556 1133 3620 1206; x_wconf 74' lang='grc' dir='ltr'><strong>ἦν</strong></span> <span class='ocrx_word' id='word_1_166' title='bbox 3642 1134 3758 1186; x_wconf 64' lang='lat' dir='ltr'><strong>Em.-</strong></span> 
     </span>
    </p>
   </div>
   <div class='ocr_carea' id='block_1_26' title="bbox 2224 1210 3759 1302">
    <p class='ocr_par' dir='ltr' id='par_1_26' title="bbox 2224 1210 3759 1302">
     <span class='ocr_line' id='line_1_26' title="bbox 2224 1210 3759 1302; baseline -0.006 -17"><span class='ocrx_word' id='word_1_167' title='bbox 2224 1232 2462 1302; x_wconf 75' lang='grc' dir='ltr'><strong>γόμενος</strong></span> <span class='ocrx_word' id='word_1_168' title='bbox 2489 1226 2624 1300; x_wconf 84' lang='grc' dir='ltr'><strong>ἦκεν</strong></span> <span class='ocrx_word' id='word_1_169' title='bbox 2640 1229 2800 1292; x_wconf 76' lang='grc' dir='ltr'><strong>αὐτὸς</strong></span> <span class='ocrx_word' id='word_1_170' title='bbox 2824 1228 3101 1297; x_wconf 68' lang='grc' dir='ltr'><strong>ὁμόςυλόν</strong></span> <span class='ocrx_word' id='word_1_171' title='bbox 3126 1244 3186 1281; x_wconf 91' lang='grc' dir='ltr'><strong>τε</strong></span> <span class='ocrx_word' id='word_1_172' title='bbox 3212 1228 3309 1280; x_wconf 75' lang='grc' dir='ltr'><strong>καὶ</strong></span> <span class='ocrx_word' id='word_1_173' title='bbox 3337 1210 3625 1296; x_wconf 77' lang='grc' dir='ltr'><strong>ἀλλόφυλον</strong></span> <span class='ocrx_word' id='word_1_174' title='bbox 3649 1243 3759 1278; x_wconf 75' lang='grc' dir='ltr'><strong>ναν·</strong></span> 
     </span>
    </p>
   </div>
   <div class='ocr_carea' id='block_1_27' title="bbox 2221 1315 3755 1390">
    <p class='ocr_par' dir='ltr' id='par_1_27' title="bbox 2221 1315 3755 1390">
     <span class='ocr_line' id='line_1_27' title="bbox 2221 1315 3755 1390; baseline -0.006 -15"><span class='ocrx_word' id='word_1_175' title='bbox 2221 1320 2403 1389; x_wconf 82' lang='grc' dir='ltr'><strong>τικὴν,</strong></span> <span class='ocrx_word' id='word_1_176' title='bbox 2434 1320 2535 1390; x_wconf 81' lang='grc' dir='ltr'><strong>τὴν</strong></span> <span class='ocrx_word' id='word_1_177' title='bbox 2558 1319 2646 1372; x_wconf 83' lang='grc' dir='ltr'><strong>διὰ</strong></span> <span class='ocrx_word' id='word_1_178' title='bbox 2671 1316 2779 1389; x_wconf 84' lang='grc' dir='ltr'><strong>γῆς</strong></span> <span class='ocrx_word' id='word_1_179' title='bbox 2811 1318 2903 1370; x_wconf 73' lang='grc' dir='ltr'><strong>ἐπὶ</strong></span> <span class='ocrx_word' id='word_1_180' title='bbox 2931 1319 3202 1388; x_wconf 79' lang='grc' dir='ltr'><strong>Βέῤῥοιαν</strong></span> <span class='ocrx_word' id='word_1_181' title='bbox 3236 1317 3581 1386; x_wconf 76' lang='grc' dir='ltr'><strong>ἐπιταχύνειν</strong></span> <span class='ocrx_word' id='word_1_182' title='bbox 3606 1315 3755 1369; x_wconf 70' lang='grc' dir='ltr'><strong>ἐνεθυ-</strong></span> 
     </span>
    </p>
   </div>
   <div class='ocr_carea' id='block_1_28' title="bbox 2225 1408 3765 1483">
    <p class='ocr_par' dir='ltr' id='par_1_28' title="bbox 2225 1408 3765 1483">
     <span class='ocr_line' id='line_1_28' title="bbox 2225 1408 3765 1483; baseline -0.004 -18"><span class='ocrx_word' id='word_1_183' title='bbox 2225 1410 2378 1483; x_wconf 84' lang='grc' dir='ltr'><strong>μήθη</strong></span> <span class='ocrx_word' id='word_1_184' title='bbox 2435 1412 2685 1481; x_wconf 76' lang='grc' dir='ltr'><strong>πορείαν,</strong></span> <span class='ocrx_word' id='word_1_185' title='bbox 2726 1409 2780 1463; x_wconf 84' lang='grc' dir='ltr'><strong>εί</strong></span> <span class='ocrx_word' id='word_1_186' title='bbox 2819 1426 2937 1470; x_wconf 86' lang='grc' dir='ltr'><strong>πως</strong></span> <span class='ocrx_word' id='word_1_187' title='bbox 2984 1408 3241 1478; x_wconf 83' lang='grc' dir='ltr'><strong>δυνηθείη</strong></span> <span class='ocrx_word' id='word_1_188' title='bbox 3295 1408 3608 1461; x_wconf 86' lang='grc' dir='ltr'><strong>καταλαϐεῖν</strong></span> <span class='ocrx_word' id='word_1_189' title='bbox 3656 1408 3765 1476; x_wconf 80' lang='grc' dir='ltr'><strong>περὶ</strong></span> 
     </span>
    </p>
   </div>
   <div class='ocr_carea' id='block_1_29' title="bbox 2221 1501 3764 1578">
    <p class='ocr_par' dir='ltr' id='par_1_29' title="bbox 2221 1501 3764 1578">
     <span class='ocr_line' id='line_1_29' title="bbox 2221 1501 3764 1578; baseline -0.005 -17"><span class='ocrx_word' id='word_1_190' title='bbox 2221 1506 2324 1578; x_wconf 82' lang='grc' dir='ltr'><strong>τὴν</strong></span> <span class='ocrx_word' id='word_1_191' title='bbox 2356 1503 2451 1558; x_wconf 82' lang='grc' dir='ltr'><strong>τοῦ</strong></span> <span class='ocrx_word' id='word_1_192' title='bbox 2494 1502 2699 1571; x_wconf 78' lang='grc' dir='ltr'><strong>μεταξῦ</strong></span> <span class='ocrx_word' id='word_1_193' title='bbox 2736 1501 3001 1572; x_wconf 78' lang='grc' dir='ltr'><strong>Βερῤοίας</strong></span> <span class='ocrx_word' id='word_1_194' title='bbox 3029 1501 3125 1555; x_wconf 79' lang='grc' dir='ltr'><strong>καὶ</strong></span> <span class='ocrx_word' id='word_1_195' title='bbox 3168 1502 3764 1571; x_wconf 81' lang='grc' dir='ltr'><strong>Θεσσαλονίκηςρἐντος</strong></span> 
     </span>
    </p>
   </div>
   <div class='ocr_carea' id='block_1_30' title="bbox 2223 1593 3764 1667">
    <p class='ocr_par' dir='ltr' id='par_1_30' title="bbox 2223 1593 3764 1667">
     <span class='ocr_line' id='line_1_30' title="bbox 2223 1593 3764 1667; baseline -0.005 -14"><span class='ocrx_word' id='word_1_196' title='bbox 2223 1595 2474 1667; x_wconf 88' lang='grc' dir='ltr'><strong>ποταμοῦ</strong></span> <span class='ocrx_word' id='word_1_197' title='bbox 2513 1595 2768 1651; x_wconf 88' lang='grc' dir='ltr'><strong>διάϐασιν</strong></span> <span class='ocrx_word' id='word_1_198' title='bbox 2801 1593 2916 1662; x_wconf 85' lang='lat'><strong>(90)</strong></span> <span class='ocrx_word' id='word_1_199' title='bbox 2950 1594 3045 1648; x_wconf 77' lang='grc' dir='ltr'><strong>τὸν</strong></span> <span class='ocrx_word' id='word_1_200' title='bbox 3074 1596 3170 1647; x_wconf 82' lang='grc' dir='ltr'><strong>τοῦ</strong></span> <span class='ocrx_word' id='word_1_201' title='bbox 3226 1594 3493 1659; x_wconf 77' lang='grc' dir='ltr'><strong>βασιλέως</strong></span> <span class='ocrx_word' id='word_1_202' title='bbox 3546 1593 3764 1664; x_wconf 74' lang='grc' dir='ltr'><strong>στρατόν.</strong></span> 
     </span>
    </p>
   </div>
   <div class='ocr_carea' id='block_1_31' title="bbox 2233 1683 3770 1759">
    <p class='ocr_par' dir='ltr' id='par_1_31' title="bbox 2233 1683 3770 1759">
     <span class='ocr_line' id='line_1_31' title="bbox 2233 1683 3770 1759; baseline -0.006 -14"><span class='ocrx_word' id='word_1_203' title='bbox 2233 1688 2504 1745; x_wconf 81' lang='grc' dir='ltr'><strong>Ἐνταῦθα</strong></span> <span class='ocrx_word' id='word_1_204' title='bbox 2534 1689 2643 1759; x_wconf 83' lang='grc' dir='ltr'><strong>γάρ</strong></span> <span class='ocrx_word' id='word_1_205' title='bbox 2672 1687 2890 1741; x_wconf 81' lang='grc' dir='ltr'><strong>ἀνύσειν</strong></span> <span class='ocrx_word' id='word_1_206' title='bbox 2918 1686 3056 1757; x_wconf 80' lang='grc' dir='ltr'><strong>ᾣετο</strong></span> <span class='ocrx_word' id='word_1_207' title='bbox 3123 1687 3363 1756; x_wconf 88' lang='grc' dir='ltr'><strong>μάλιστα</strong></span> <span class='ocrx_word' id='word_1_208' title='bbox 3400 1684 3601 1755; x_wconf 71' lang='grc' dir='ltr'><strong>τόλμης</strong></span> <span class='ocrx_word' id='word_1_209' title='bbox 3644 1683 3770 1752; x_wconf 84' lang='grc' dir='ltr'><strong>ἀγώ-</strong></span> 
     </span>
    </p>
   </div>
   <div class='ocr_carea' id='block_1_32' title="bbox 2227 1766 3769 1854">
    <p class='ocr_par' dir='ltr' id='par_1_32' title="bbox 2227 1766 3769 1854">
     <span class='ocr_line' id='line_1_32' title="bbox 2227 1766 3769 1854; baseline -0.007 -17"><span class='ocrx_word' id='word_1_210' title='bbox 2227 1800 2400 1854; x_wconf 89' lang='grc' dir='ltr'><strong>νισμα</strong></span> <span class='ocrx_word' id='word_1_211' title='bbox 2431 1766 2527 1836; x_wconf 76' lang='grc' dir='ltr'><strong>καὶ</strong></span> <span class='ocrx_word' id='word_1_212' title='bbox 2552 1781 2819 1851; x_wconf 85' lang='grc' dir='ltr'><strong>τρόπαιον</strong></span> <span class='ocrx_word' id='word_1_213' title='bbox 2876 1779 3121 1843; x_wconf 79' lang='grc' dir='ltr'><strong>ἔνοπλον,</strong></span> <span class='ocrx_word' id='word_1_214' title='bbox 3174 1776 3769 1847; x_wconf 79' lang='grc' dir='ltr'><strong>κατακερματισθέντων</strong></span> 
     </span>
    </p>
   </div>
   <div class='ocr_carea' id='block_1_33' title="bbox 2225 1870 3769 1943">
    <p class='ocr_par' dir='ltr' id='par_1_33' title="bbox 2225 1870 3769 1943">
     <span class='ocr_line' id='line_1_33' title="bbox 2225 1870 3769 1943; baseline -0.006 -16"><span class='ocrx_word' id='word_1_215' title='bbox 2225 1879 2355 1940; x_wconf 83' lang='grc' dir='ltr'><strong>ῐσως</strong></span> <span class='ocrx_word' id='word_1_216' title='bbox 2380 1876 2489 1928; x_wconf 91' lang='grc' dir='ltr'><strong>τῶν</strong></span> <span class='ocrx_word' id='word_1_217' title='bbox 2515 1875 2817 1943; x_wconf 86' lang='grc' dir='ltr'><strong>πολεμίων,</strong></span> <span class='ocrx_word' id='word_1_218' title='bbox 2837 1875 2934 1927; x_wconf 68' lang='grc' dir='ltr'><strong>καὶ</strong></span> <span class='ocrx_word' id='word_1_219' title='bbox 2952 1873 3076 1925; x_wconf 61' lang='grc' dir='ltr'><strong>τῶνε</strong></span> <span class='ocrx_word' id='word_1_220' title='bbox 3091 1872 3192 1937; x_wconf 79' lang='grc' dir='ltr'><strong>μὲν</strong></span> <span class='ocrx_word' id='word_1_221' title='bbox 3214 1871 3518 1926; x_wconf 88' lang='grc' dir='ltr'><strong>διαϐάντων</strong></span> <span class='ocrx_word' id='word_1_222' title='bbox 3546 1870 3658 1939; x_wconf 68' lang='grc' dir='ltr'><strong>ἤδη.</strong></span> <span class='ocrx_word' id='word_1_223' title='bbox 3678 1871 3769 1920; x_wconf 87' lang='grc' dir='ltr'><strong>τῶν</strong></span> 
     </span>
    </p>
   </div>
   <div class='ocr_carea' id='block_1_34' title="bbox 527 1959 2123 2036">
    <p class='ocr_par' dir='ltr' id='par_1_34' title="bbox 527 1959 2110 2036">
     <span class='ocr_line' id='line_1_34' title="bbox 527 1959 2110 2036; baseline 0.007 -22"><span class='ocrx_word' id='word_1_224' title='bbox 527 1962 672 2025; x_wconf 84' lang='lat' dir='ltr'><strong>bus;</strong></span> <span class='ocrx_word' id='word_1_225' title='bbox 713 1959 841 2015; x_wconf 73' lang='lat' dir='ltr'><strong>aliis</strong></span> <span class='ocrx_word' id='word_1_226' title='bbox 881 1959 1122 2033; x_wconf 89' lang='lat' dir='ltr'><strong>denique</strong></span> <span class='ocrx_word' id='word_1_227' title='bbox 1150 1975 1376 2035; x_wconf 86' lang='lat' dir='ltr'><strong>propter</strong></span> <span class='ocrx_word' id='word_1_228' title='bbox 1407 1965 1559 2036; x_wconf 87' lang='lat' dir='ltr'><strong>ripas</strong></span> <span class='ocrx_word' id='word_1_229' title='bbox 1585 1967 1910 2027; x_wconf 82' lang='lat' dir='ltr'><strong>transeundi</strong></span> <span class='ocrx_word' id='word_1_230' title='bbox 1944 1983 2110 2024; x_wconf 89' lang='lat' dir='ltr'><strong>causa</strong></span> 
     </span>
    </p>
   </div>
   <div class='ocr_carea' id='block_1_35' title="bbox 2220 1959 3771 2036">
    <p class='ocr_par' dir='ltr' id='par_1_35' title="bbox 2220 1959 3771 2035">
     <span class='ocr_line' id='line_1_35' title="bbox 2220 1959 3771 2035; baseline -0.007 -12"><span class='ocrx_word' id='word_1_231' title='bbox 2220 1969 2264 2022; x_wconf 80' lang='grc' dir='ltr'><strong>δ’</strong></span> <span class='ocrx_word' id='word_1_232' title='bbox 2286 1968 2367 2022; x_wconf 72' lang='grc' dir='ltr'><strong>ἔτι</strong></span> <span class='ocrx_word' id='word_1_233' title='bbox 2395 1966 2808 2029; x_wconf 87' lang='grc' dir='ltr'><strong>διαϐαινόντων,</strong></span> <span class='ocrx_word' id='word_1_234' title='bbox 2859 1965 2969 2019; x_wconf 79' lang='grc' dir='ltr'><strong>τῶν</strong></span> <span class='ocrx_word' id='word_1_235' title='bbox 2995 1964 3050 2017; x_wconf 75' lang='grc' dir='ltr'><strong>δὲ</strong></span> <span class='ocrx_word' id='word_1_236' title='bbox 3078 1962 3232 2035; x_wconf 72' lang='grc' dir='ltr'><strong>παρὰ</strong></span> <span class='ocrx_word' id='word_1_237' title='bbox 3271 1962 3331 2015; x_wconf 71' lang='grc' dir='ltr'><strong>τὸ</strong></span> <span class='ocrx_word' id='word_1_238' title='bbox 3358 1962 3530 2031; x_wconf 81' lang='grc' dir='ltr'><strong>χεῖλος</strong></span> <span class='ocrx_word' id='word_1_239' title='bbox 3558 1960 3651 2025; x_wconf 76' lang='grc' dir='ltr'><strong>τῆς</strong></span> <span class='ocrx_word' id='word_1_240' title='bbox 3672 1959 3771 2012; x_wconf 80' lang='grc' dir='ltr'><strong>δια·</strong></span> 
     </span>
    </p>
   </div>
   <div class='ocr_carea' id='block_1_36' title="bbox 530 2050 903 2106">
    <p class='ocr_par' dir='ltr' id='par_1_36' title="bbox 530 2050 903 2106">
     <span class='ocr_line' id='line_1_36' title="bbox 530 2050 903 2106; baseline 0.005 -2"><span class='ocrx_word' id='word_1_241' title='bbox 530 2050 828 2106; x_wconf 85' lang='lat' dir='ltr'><strong>stantibus.</strong></span> <span class='ocrx_word' id='word_1_242' title='bbox 896 2074 903 2077; x_wconf 94' lang='grc'>·</span> 
     </span>
    </p>
   </div>
   <div class='ocr_carea' id='block_1_37' title="bbox 601 2141 2112 2217">
    <p class='ocr_par' dir='ltr' id='par_1_37' title="bbox 601 2141 2112 2217">
     <span class='ocr_line' id='line_1_37' title="bbox 601 2141 2112 2217; baseline 0.002 -22"><span class='ocrx_word' id='word_1_243' title='bbox 601 2141 695 2196; x_wconf 83' lang='lat' dir='ltr'><strong>lli.</strong></span> <span class='ocrx_word' id='word_1_244' title='bbox 748 2141 862 2199; x_wconf 86' lang='lat' dir='ltr'><strong>Nec</strong></span> <span class='ocrx_word' id='word_1_245' title='bbox 888 2158 1020 2197; x_wconf 85' lang='lat' dir='ltr'><strong>vero</strong></span> <span class='ocrx_word' id='word_1_246' title='bbox 1051 2143 1351 2214; x_wconf 87' lang='lat' dir='ltr'><strong>imperator</strong></span> <span class='ocrx_word' id='word_1_247' title='bbox 1373 2161 1498 2201; x_wconf 93' lang='lat' dir='ltr'><strong>cum</strong></span> <span class='ocrx_word' id='word_1_248' title='bbox 1531 2162 1651 2202; x_wconf 88' lang='lat' dir='ltr'><strong>sese</strong></span> <span class='ocrx_word' id='word_1_249' title='bbox 1686 2147 1813 2201; x_wconf 90' lang='lat' dir='ltr'><strong>inde</strong></span> <span class='ocrx_word' id='word_1_250' title='bbox 1860 2147 2112 2217; x_wconf 69' lang='lat' dir='ltr'><strong>proripe-</strong></span> 
     </span>
    </p>
   </div>
   <div class='ocr_carea' id='block_1_38' title="bbox 527 2238 2114 2307">
    <p class='ocr_par' dir='ltr' id='par_1_38' title="bbox 527 2238 2114 2307">
     <span class='ocr_line' id='line_1_38' title="bbox 527 2238 2114 2307; baseline 0.002 -18"><span class='ocrx_word' id='word_1_251' title='bbox 527 2245 635 2300; x_wconf 89' lang='lat' dir='ltr'><strong>ret,</strong></span> <span class='ocrx_word' id='word_1_252' title='bbox 670 2252 904 2295; x_wconf 78' lang='lat' dir='ltr'><strong>vacuum</strong></span> <span class='ocrx_word' id='word_1_253' title='bbox 936 2238 1129 2295; x_wconf 79' lang='lat' dir='ltr'><strong>labore</strong></span> <span class='ocrx_word' id='word_1_254' title='bbox 1156 2246 1320 2307; x_wconf 84' lang='lat' dir='ltr'><strong>atque</strong></span> <span class='ocrx_word' id='word_1_255' title='bbox 1364 2238 1685 2292; x_wconf 80' lang='lat' dir='ltr'><strong>diﬂieultate</strong></span> <span class='ocrx_word' id='word_1_256' title='bbox 1731 2240 1833 2292; x_wconf 78' lang='lat' dir='ltr'><strong>iter</strong></span> <span class='ocrx_word' id='word_1_257' title='bbox 1863 2238 2114 2293; x_wconf 81' lang='lat' dir='ltr'><strong>invenire</strong></span> 
     </span>
    </p>
   </div>
   <div class='ocr_carea' id='block_1_39' title="bbox 526 2327 2116 2399">
    <p class='ocr_par' dir='ltr' id='par_1_39' title="bbox 526 2327 2116 2399">
     <span class='ocr_line' id='line_1_39' title="bbox 526 2327 2116 2399; baseline -0.001 -15"><span class='ocrx_word' id='word_1_258' title='bbox 526 2328 733 2399; x_wconf 84' lang='lat' dir='ltr'><strong>potuit.</strong></span> <span class='ocrx_word' id='word_1_259' title='bbox 764 2327 898 2384; x_wconf 81' lang='lat' dir='ltr'><strong>Nam</strong></span> <span class='ocrx_word' id='word_1_260' title='bbox 945 2344 1069 2384; x_wconf 87' lang='lat' dir='ltr'><strong>cum</strong></span> <span class='ocrx_word' id='word_1_261' title='bbox 1107 2328 1313 2383; x_wconf 89' lang='lat' dir='ltr'><strong>ﬂumen</strong></span> <span class='ocrx_word' id='word_1_262' title='bbox 1375 2329 1519 2383; x_wconf 85' lang='lat' dir='ltr'><strong>haud</strong></span> <span class='ocrx_word' id='word_1_263' title='bbox 1568 2344 1785 2399; x_wconf 87' lang='lat' dir='ltr'><strong>semper</strong></span> <span class='ocrx_word' id='word_1_264' title='bbox 1838 2346 1939 2383; x_wconf 78' lang='lat' dir='ltr'><strong>nec</strong></span> <span class='ocrx_word' id='word_1_265' title='bbox 1976 2345 2116 2399; x_wconf 82' lang='lat' dir='ltr'><strong>qua-</strong></span> 
     </span>
    </p>
   </div>
   <div class='ocr_carea' id='block_1_40' title="bbox 526 2419 2116 2490">
    <p class='ocr_par' dir='ltr' id='par_1_40' title="bbox 526 2419 2116 2490">
     <span class='ocr_line' id='line_1_40' title="bbox 526 2419 2116 2490; baseline -0.001 -15"><span class='ocrx_word' id='word_1_266' title='bbox 526 2435 748 2490; x_wconf 87' lang='lat' dir='ltr'><strong>cunque</strong></span> <span class='ocrx_word' id='word_1_267' title='bbox 773 2420 1010 2475; x_wconf 84' lang='lat' dir='ltr'><strong>transire</strong></span> <span class='ocrx_word' id='word_1_268' title='bbox 1040 2419 1360 2475; x_wconf 77' lang='lat' dir='ltr'><strong>volentibus</strong></span> <span class='ocrx_word' id='word_1_269' title='bbox 1412 2420 1626 2474; x_wconf 81' lang='lat' dir='ltr'><strong>facilem</strong></span> <span class='ocrx_word' id='word_1_270' title='bbox 1661 2434 1726 2474; x_wconf 85' lang='lat' dir='ltr'><strong>ac</strong></span> <span class='ocrx_word' id='word_1_271' title='bbox 1760 2420 2007 2489; x_wconf 77' lang='lat' dir='ltr'><strong>pervium</strong></span> <span class='ocrx_word' id='word_1_272' title='bbox 2057 2436 2116 2473; x_wconf 88' lang='lat' dir='ltr'><strong>se</strong></span> 
     </span>
    </p>
   </div>
   <div class='ocr_carea' id='block_1_41' title="bbox 527 2511 2118 2580">
    <p class='ocr_par' dir='ltr' id='par_1_41' title="bbox 527 2511 2118 2580">
     <span class='ocr_line' id='line_1_41' title="bbox 527 2511 2118 2580; baseline 0.001 -15"><span class='ocrx_word' id='word_1_273' title='bbox 527 2511 809 2573; x_wconf 77' lang='lat' dir='ltr'><strong>exhibeat,</strong></span> <span class='ocrx_word' id='word_1_274' title='bbox 839 2511 931 2565; x_wconf 84' lang='lat' dir='ltr'><strong>sed</strong></span> <span class='ocrx_word' id='word_1_275' title='bbox 959 2511 1210 2580; x_wconf 77' lang='lat' dir='ltr'><strong>angustis</strong></span> <span class='ocrx_word' id='word_1_276' title='bbox 1242 2512 1296 2564; x_wconf 87' lang='lat' dir='ltr'><strong>in</strong></span> <span class='ocrx_word' id='word_1_277' title='bbox 1327 2511 1481 2573; x_wconf 71' lang='lat' dir='ltr'><strong>locis,</strong></span> <span class='ocrx_word' id='word_1_278' title='bbox 1530 2512 1706 2579; x_wconf 75' lang='lat' dir='ltr'><strong>iisque</strong></span> <span class='ocrx_word' id='word_1_279' title='bbox 1750 2528 1859 2565; x_wconf 89' lang='lat' dir='ltr'><strong>non</strong></span> <span class='ocrx_word' id='word_1_280' title='bbox 1894 2513 2118 2567; x_wconf 62' lang='lat' dir='ltr'><strong>cuilibet</strong></span> 
     </span>
    </p>
   </div>
   <div class='ocr_carea' id='block_1_42' title="bbox 527 2603 2119 2675">
    <p class='ocr_par' dir='ltr' id='par_1_42' title="bbox 527 2603 2119 2675">
     <span class='ocr_line' id='line_1_42' title="bbox 527 2603 2119 2675; baseline 0 -17"><span class='ocrx_word' id='word_1_281' title='bbox 527 2604 783 2674; x_wconf 76' lang='lat' dir='ltr'><strong>trajicere</strong></span> <span class='ocrx_word' id='word_1_282' title='bbox 817 2604 1058 2673; x_wconf 67' lang='lat' dir='ltr'><strong>cupii-nti</strong></span> <span class='ocrx_word' id='word_1_283' title='bbox 1102 2604 1306 2669; x_wconf 74' lang='lat' dir='ltr'><strong>obviis,</strong></span> <span class='ocrx_word' id='word_1_284' title='bbox 1352 2603 1446 2657; x_wconf 74' lang='lat' dir='ltr'><strong>sed</strong></span> <span class='ocrx_word' id='word_1_285' title='bbox 1498 2605 1699 2675; x_wconf 85' lang='lat' dir='ltr'><strong>ignotis</strong></span> <span class='ocrx_word' id='word_1_286' title='bbox 1737 2605 2013 2673; x_wconf 76' lang='lat' dir='ltr'><strong>plerisque</strong></span> <span class='ocrx_word' id='word_1_287' title='bbox 2062 2614 2119 2658; x_wconf 91' lang='lat' dir='ltr'><strong>ct</strong></span> 
     </span>
    </p>
   </div>
   <div class='ocr_carea' id='block_1_43' title="bbox 527 2695 2117 2764">
    <p class='ocr_par' dir='ltr' id='par_1_43' title="bbox 527 2695 2117 2764">
     <span class='ocr_line' id='line_1_43' title="bbox 527 2695 2117 2764; baseline -0.001 -16"><span class='ocrx_word' id='word_1_288' title='bbox 527 2695 927 2761; x_wconf 73' lang='lat' dir='ltr'><strong>abditissimis;</strong></span> <span class='ocrx_word' id='word_1_289' title='bbox 959 2712 1065 2761; x_wconf 78' lang='lat' dir='ltr'><strong>non</strong></span> <span class='ocrx_word' id='word_1_290' title='bbox 1115 2695 1294 2749; x_wconf 85' lang='lat' dir='ltr'><strong>solum</strong></span> <span class='ocrx_word' id='word_1_291' title='bbox 1332 2695 1511 2748; x_wconf 61' lang='lat' dir='ltr'><strong>hieme</strong></span> <span class='ocrx_word' id='word_1_292' title='bbox 1551 2711 1613 2746; x_wconf 80' lang='lat' dir='ltr'><strong>ac</strong></span> <span class='ocrx_word' id='word_1_293' title='bbox 1645 2711 1796 2758; x_wconf 80' lang='lat' dir='ltr'><strong>vere,</strong></span> <span class='ocrx_word' id='word_1_294' title='bbox 1842 2712 1950 2764; x_wconf 87' lang='lat' dir='ltr'><strong>quo</strong></span> <span class='ocrx_word' id='word_1_295' title='bbox 1984 2705 2117 2747; x_wconf 72' lang='lat' dir='ltr'><strong>lum-</strong></span> 
     </span>
    </p>
   </div>
   <div class='ocr_carea' id='block_1_44' title="bbox 531 2784 2117 2854">
    <p class='ocr_par' dir='ltr' id='par_1_44' title="bbox 531 2784 2117 2854">
     <span class='ocr_line' id='line_1_44' title="bbox 531 2784 2117 2854; baseline 0.002 -17"><span class='ocrx_word' id='word_1_296' title='bbox 531 2801 665 2854; x_wconf 82' lang='lat' dir='ltr'><strong>pore</strong></span> <span class='ocrx_word' id='word_1_297' title='bbox 700 2786 874 2853; x_wconf 82' lang='lat' dir='ltr'><strong>major</strong></span> <span class='ocrx_word' id='word_1_298' title='bbox 911 2787 1181 2839; x_wconf 74' lang='lat' dir='ltr'><strong>exuberat</strong></span> <span class='ocrx_word' id='word_1_299' title='bbox 1213 2801 1481 2854; x_wconf 84' lang='lat' dir='ltr'><strong>aquarum</strong></span> <span class='ocrx_word' id='word_1_300' title='bbox 1533 2786 1612 2837; x_wconf 74' lang='lat' dir='ltr'><strong>vis</strong></span> <span class='ocrx_word' id='word_1_301' title='bbox 1637 2828 1649 2847; x_wconf 85' lang='lat'><strong>,</strong></span> <span class='ocrx_word' id='word_1_302' title='bbox 1696 2786 1913 2837; x_wconf 70' lang='lat' dir='ltr'><strong>easdem</strong></span> <span class='ocrx_word' id='word_1_303' title='bbox 1957 2784 2117 2840; x_wconf 81' lang='lat' dir='ltr'><strong>solita</strong></span> 
     </span>
    </p>
   </div>
   <div class='ocr_carea' id='block_1_45' title="bbox 530 2880 2118 2953">
    <p class='ocr_par' dir='ltr' id='par_1_45' title="bbox 530 2880 2118 2953">
     <span class='ocr_line' id='line_1_45' title="bbox 530 2880 2118 2953; baseline 0 -18"><span class='ocrx_word' id='word_1_304' title='bbox 530 2884 786 2953; x_wconf 87' lang='lat' dir='ltr'><strong>proluere</strong></span> <span class='ocrx_word' id='word_1_305' title='bbox 811 2894 866 2939; x_wconf 88' lang='lat' dir='ltr'><strong>et</strong></span> <span class='ocrx_word' id='word_1_306' title='bbox 894 2880 1162 2938; x_wconf 82' lang='lat' dir='ltr'><strong>inundare</strong></span> <span class='ocrx_word' id='word_1_307' title='bbox 1189 2893 1459 2937; x_wconf 88' lang='lat' dir='ltr'><strong>terrarum</strong></span> <span class='ocrx_word' id='word_1_308' title='bbox 1491 2894 1708 2951; x_wconf 83' lang='lat' dir='ltr'><strong>partes;</strong></span> <span class='ocrx_word' id='word_1_309' title='bbox 1732 2881 1828 2936; x_wconf 88' lang='lat' dir='ltr'><strong>sed</strong></span> <span class='ocrx_word' id='word_1_310' title='bbox 1858 2890 2118 2936; x_wconf 71' lang='lat' dir='ltr'><strong>etmstate</strong></span> 
     </span>
    </p>
   </div>
   <div class='ocr_carea' id='block_1_46' title="bbox 528 2973 2118 3045">
    <p class='ocr_par' dir='ltr' id='par_1_46' title="bbox 528 2973 2118 3045">
     <span class='ocr_line' id='line_1_46' title="bbox 528 2973 2118 3045; baseline -0.002 -16"><span class='ocrx_word' id='word_1_311' title='bbox 528 2986 947 3045; x_wconf 80' lang='lat' dir='ltr'><strong>autumnoque;</strong></span> <span class='ocrx_word' id='word_1_312' title='bbox 986 2975 1040 3029; x_wconf 88' lang='lat' dir='ltr'><strong>in</strong></span> <span class='ocrx_word' id='word_1_313' title='bbox 1074 2976 1243 3030; x_wconf 86' lang='lat' dir='ltr'><strong>altera</strong></span> <span class='ocrx_word' id='word_1_314' title='bbox 1274 2974 1422 3028; x_wconf 76' lang='lat' dir='ltr'><strong>ﬂuvii</strong></span> <span class='ocrx_word' id='word_1_315' title='bbox 1464 2974 1579 3043; x_wconf 83' lang='lat' dir='ltr'><strong>ripa</strong></span> <span class='ocrx_word' id='word_1_316' title='bbox 1607 2974 1718 3027; x_wconf 85' lang='lat' dir='ltr'><strong>duo</strong></span> <span class='ocrx_word' id='word_1_317' title='bbox 1744 2975 1966 3028; x_wconf 79' lang='lat' dir='ltr'><strong>circiter</strong></span> <span class='ocrx_word' id='word_1_318' title='bbox 1994 2973 2118 3027; x_wconf 88' lang='lat' dir='ltr'><strong>mil-</strong></span> 
     </span>
    </p>
   </div>
   <div class='ocr_carea' id='block_1_47' title="bbox 528 3056 2119 3137">
    <p class='ocr_par' dir='ltr' id='par_1_47' title="bbox 528 3056 2119 3137">
     <span class='ocr_line' id='line_1_47' title="bbox 528 3056 2119 3137; baseline 0.001 -18"><span class='ocrx_word' id='word_1_319' title='bbox 528 3056 1006 3121; x_wconf 71' lang='lat' dir='ltr'><strong>lia&#39;Triballorum</strong></span> <span class='ocrx_word' id='word_1_320' title='bbox 1053 3066 1283 3121; x_wconf 86' lang='lat' dir='ltr'><strong>insidias</strong></span> <span class='ocrx_word' id='word_1_321' title='bbox 1310 3064 1476 3137; x_wconf 74' lang='lat'><strong>660</strong></span> <span class='ocrx_word' id='word_1_322' title='bbox 1519 3064 1570 3120; x_wconf 90' lang='lat' dir='ltr'><strong>ei</strong></span> <span class='ocrx_word' id='word_1_323' title='bbox 1614 3066 1818 3127; x_wconf 83' lang='lat' dir='ltr'><strong>fecere,</strong></span> <span class='ocrx_word' id='word_1_324' title='bbox 1859 3081 1967 3136; x_wconf 90' lang='lat' dir='ltr'><strong>qua</strong></span> <span class='ocrx_word' id='word_1_325' title='bbox 2002 3082 2119 3121; x_wconf 83' lang='lat' dir='ltr'><strong>ma-</strong></span> 
     </span>
    </p>
   </div>
   <div class='ocr_carea' id='block_1_48' title="bbox 2217 2058 2802 2125">
    <p class='ocr_par' dir='ltr' id='par_1_48' title="bbox 2217 2058 2802 2125">
     <span class='ocr_line' id='line_1_48' title="bbox 2217 2058 2802 2125; baseline -0.01 -12"><span class='ocrx_word' id='word_1_326' title='bbox 2217 2061 2432 2122; x_wconf 86' lang='grc' dir='ltr'><strong>ϐάσεως</strong></span> <span class='ocrx_word' id='word_1_327' title='bbox 2464 2058 2802 2125; x_wconf 78' lang='grc' dir='ltr'><strong>ἑστηκότων.</strong></span> 
     </span>
    </p>
   </div>
   <div class='ocr_carea' id='block_1_49' title="bbox 2287 2138 3773 2219">
    <p class='ocr_par' dir='ltr' id='par_1_49' title="bbox 2287 2138 3773 2219">
     <span class='ocr_line' id='line_1_49' title="bbox 2287 2138 3773 2219; baseline -0.005 -15"><span class='ocrx_word' id='word_1_328' title='bbox 2287 2138 2363 2206; x_wconf 60' lang='grc' dir='ltr'><strong>ῐ⁴’.</strong></span> <span class='ocrx_word' id='word_1_329' title='bbox 2393 2149 2486 2219; x_wconf 82' lang='grc' dir='ltr'>Τῷ</span> <span class='ocrx_word' id='word_1_330' title='bbox 2516 2167 2578 2217; x_wconf 86' lang='grc' dir='ltr'><strong>γε</strong></span> <span class='ocrx_word' id='word_1_331' title='bbox 2616 2150 2722 2219; x_wconf 86' lang='grc' dir='ltr'><strong>μὴν</strong></span> <span class='ocrx_word' id='word_1_332' title='bbox 2760 2147 2973 2215; x_wconf 79' lang='grc' dir='ltr'><strong>βασιλεῖ</strong></span> <span class='ocrx_word' id='word_1_333' title='bbox 3010 2146 3564 2216; x_wconf 72' lang='grc' dir='ltr'><strong>κατεσπουδασμένην</strong></span> <span class='ocrx_word' id='word_1_334' title='bbox 3606 2161 3773 2196; x_wconf 78' lang='grc' dir='ltr'><strong>ποιου-</strong></span> 
     </span>
    </p>
   </div>
   <div class='ocr_carea' id='block_1_50' title="bbox 2219 2236 3774 2312">
    <p class='ocr_par' dir='ltr' id='par_1_50' title="bbox 2219 2236 3774 2312">
     <span class='ocr_line' id='line_1_50' title="bbox 2219 2236 3774 2312; baseline -0.008 -16"><span class='ocrx_word' id='word_1_335' title='bbox 2219 2243 2366 2312; x_wconf 83' lang='grc' dir='ltr'><strong>μένῳ</strong></span> <span class='ocrx_word' id='word_1_336' title='bbox 2428 2243 2527 2307; x_wconf 74' lang='grc' dir='ltr'><strong>τὴν</strong></span> <span class='ocrx_word' id='word_1_337' title='bbox 2585 2238 2936 2309; x_wconf 70' lang='grc' dir='ltr'><strong>ἀναχώρησιν</strong></span> <span class='ocrx_word' id='word_1_338' title='bbox 2993 2238 3113 2291; x_wconf 78' lang='grc' dir='ltr'><strong>οὐδὲ</strong></span> <span class='ocrx_word' id='word_1_339' title='bbox 3170 2236 3270 2300; x_wconf 76' lang='grc' dir='ltr'><strong>τὴν</strong></span> <span class='ocrx_word' id='word_1_340' title='bbox 3331 2238 3516 2305; x_wconf 70' lang='grc' dir='ltr'><strong>πρόσω</strong></span> <span class='ocrx_word' id='word_1_341' title='bbox 3578 2236 3774 2305; x_wconf 68' lang='grc' dir='ltr'><strong>πορείαν</strong></span> 
     </span>
    </p>
   </div>
   <div class='ocr_carea' id='block_1_51' title="bbox 2216 2326 3774 2406">
    <p class='ocr_par' dir='ltr' id='par_1_51' title="bbox 2216 2326 3774 2406">
     <span class='ocr_line' id='line_1_51' title="bbox 2216 2326 3774 2406; baseline -0.007 -16"><span class='ocrx_word' id='word_1_342' title='bbox 2216 2335 2455 2406; x_wconf 80' lang='grc' dir='ltr'><strong>ἄμοχθόν</strong></span> <span class='ocrx_word' id='word_1_343' title='bbox 2487 2351 2547 2387; x_wconf 88' lang='grc' dir='ltr'><strong>τε</strong></span> <span class='ocrx_word' id='word_1_344' title='bbox 2584 2333 2679 2386; x_wconf 78' lang='grc' dir='ltr'><strong>καὶ</strong></span> <span class='ocrx_word' id='word_1_345' title='bbox 2715 2331 3105 2401; x_wconf 82' lang='grc' dir='ltr'><strong>ἀταλαίπωρον</strong></span> <span class='ocrx_word' id='word_1_346' title='bbox 3142 2331 3326 2398; x_wconf 82' lang='grc' dir='ltr'><strong>εὑρεῖν</strong></span> <span class='ocrx_word' id='word_1_347' title='bbox 3367 2329 3654 2395; x_wconf 76' lang='grc' dir='ltr'><strong>ἐξεγένετο.</strong></span> <span class='ocrx_word' id='word_1_348' title='bbox 3685 2326 3774 2379; x_wconf 74' lang='grc' dir='ltr'><strong>Τοῦ</strong></span> 
     </span>
    </p>
   </div>
   <div class='ocr_carea' id='block_1_52' title="bbox 2215 2421 3776 2509">
    <p class='ocr_par' dir='ltr' id='par_1_52' title="bbox 2215 2421 3776 2509">
     <span class='ocr_line' id='line_1_52' title="bbox 2215 2421 3776 2509; baseline -0.008 -29"><span class='ocrx_word' id='word_1_349' title='bbox 2215 2428 2327 2503; x_wconf 68' lang='grc' dir='ltr'><strong>γάρ</strong></span> <span class='ocrx_word' id='word_1_350' title='bbox 2355 2444 2437 2490; x_wconf 80' lang='grc' dir='ltr'><strong>τοι</strong></span> <span class='ocrx_word' id='word_1_351' title='bbox 2472 2425 2721 2493; x_wconf 75' lang='grc' dir='ltr'><strong>ποταμοῦ</strong></span> <span class='ocrx_word' id='word_1_352' title='bbox 2766 2424 2948 2494; x_wconf 77' lang='grc' dir='ltr'><strong>ἥκισθ’</strong></span> <span class='ocrx_word' id='word_1_353' title='bbox 2988 2425 3111 2509; x_wconf 69' lang='grc' dir='ltr'><strong>ὅποι</strong></span> <span class='ocrx_word' id='word_1_354' title='bbox 3161 2422 3510 2491; x_wconf 76' lang='grc' dir='ltr'><strong>βουλομένοις</strong></span> <span class='ocrx_word' id='word_1_355' title='bbox 3555 2421 3633 2489; x_wconf 86' lang='grc' dir='ltr'><strong>είη</strong></span> <span class='ocrx_word' id='word_1_356' title='bbox 3682 2421 3776 2482; x_wconf 76' lang='grc' dir='ltr'><strong>τοῖς</strong></span> 
     </span>
    </p>
   </div>
   <div class='ocr_carea' id='block_1_53' title="bbox 2217 2511 3777 2587">
    <p class='ocr_par' dir='ltr' id='par_1_53' title="bbox 2217 2511 3777 2587">
     <span class='ocr_line' id='line_1_53' title="bbox 2217 2511 3777 2587; baseline -0.006 -15"><span class='ocrx_word' id='word_1_357' title='bbox 2217 2520 2305 2573; x_wconf 78' lang='grc' dir='ltr'><strong>ἀεὶ</strong></span> <span class='ocrx_word' id='word_1_358' title='bbox 2331 2519 2630 2571; x_wconf 74' lang='grc' dir='ltr'><strong>διαϐαίνειν</strong></span> <span class='ocrx_word' id='word_1_359' title='bbox 2681 2517 2929 2570; x_wconf 72' lang='grc' dir='ltr'><strong>ἐθέλουσι</strong></span> <span class='ocrx_word' id='word_1_360' title='bbox 2990 2513 3268 2587; x_wconf 81' lang='grc' dir='ltr'><strong>προσηνὲς</strong></span> <span class='ocrx_word' id='word_1_361' title='bbox 3303 2513 3555 2585; x_wconf 84' lang='grc' dir='ltr'><strong>πανταχῆ</strong></span> <span class='ocrx_word' id='word_1_362' title='bbox 3586 2517 3671 2566; x_wconf 69' lang='grc' dir='ltr'><strong>καὶ</strong></span> <span class='ocrx_word' id='word_1_363' title='bbox 3699 2511 3777 2580; x_wconf 79' lang='grc' dir='ltr'><strong>βά-</strong></span> 
     </span>
    </p>
   </div>
   <div class='ocr_carea' id='block_1_54' title="bbox 2219 2604 3776 2678">
    <p class='ocr_par' dir='ltr' id='par_1_54' title="bbox 2219 2604 3776 2678">
     <span class='ocr_line' id='line_1_54' title="bbox 2219 2604 3776 2678; baseline -0.004 -16"><span class='ocrx_word' id='word_1_364' title='bbox 2219 2627 2379 2677; x_wconf 73' lang='grc' dir='ltr'><strong>σιμον</strong></span> <span class='ocrx_word' id='word_1_365' title='bbox 2432 2611 2807 2678; x_wconf 75' lang='grc' dir='ltr'><strong>παρεχομένου</strong></span> <span class='ocrx_word' id='word_1_366' title='bbox 2861 2611 2921 2661; x_wconf 78' lang='grc' dir='ltr'><strong>τὸ</strong></span> <span class='ocrx_word' id='word_1_367' title='bbox 2970 2608 3224 2678; x_wconf 70' lang='grc' dir='ltr'><strong>ῥεῖθρον,</strong></span> <span class='ocrx_word' id='word_1_368' title='bbox 3283 2607 3405 2660; x_wconf 77' lang='grc' dir='ltr'><strong>ἀλλ’</strong></span> <span class='ocrx_word' id='word_1_369' title='bbox 3459 2608 3517 2659; x_wconf 71' lang='grc' dir='ltr'><strong>ἑν</strong></span> <span class='ocrx_word' id='word_1_370' title='bbox 3578 2604 3776 2676; x_wconf 79' lang='grc' dir='ltr'><strong>βραχέσι</strong></span> 
     </span>
    </p>
   </div>
   <div class='ocr_carea' id='block_1_55' title="bbox 2217 2692 3779 2767">
    <p class='ocr_par' dir='ltr' id='par_1_55' title="bbox 2217 2692 3779 2767">
     <span class='ocr_line' id='line_1_55' title="bbox 2217 2692 3779 2767; baseline -0.001 -16"><span class='ocrx_word' id='word_1_371' title='bbox 2217 2700 2425 2763; x_wconf 76' lang='grc' dir='ltr'><strong>τόποις,</strong></span> <span class='ocrx_word' id='word_1_372' title='bbox 2456 2700 2549 2751; x_wconf 76' lang='grc' dir='ltr'><strong>καὶ</strong></span> <span class='ocrx_word' id='word_1_373' title='bbox 2592 2698 2945 2761; x_wconf 74' lang='grc' dir='ltr'><strong>τούτοις,ούκ</strong></span> <span class='ocrx_word' id='word_1_374' title='bbox 2986 2702 3043 2760; x_wconf 80' lang='grc' dir='ltr'><strong>ἐς</strong></span> <span class='ocrx_word' id='word_1_375' title='bbox 3075 2694 3356 2767; x_wconf 78' lang='grc' dir='ltr'><strong>προῦπτον</strong></span> <span class='ocrx_word' id='word_1_376' title='bbox 3399 2692 3664 2767; x_wconf 77' lang='grc' dir='ltr'><strong>κειμένοις</strong></span> <span class='ocrx_word' id='word_1_377' title='bbox 3688 2697 3779 2764; x_wconf 81' lang='grc' dir='ltr'><strong>ὅτῳ</strong></span> 
     </span>
    </p>
   </div>
   <div class='ocr_carea' id='block_1_56' title="bbox 2219 2788 3778 2859">
    <p class='ocr_par' dir='ltr' id='par_1_56' title="bbox 2219 2788 3778 2859">
     <span class='ocr_line' id='line_1_56' title="bbox 2219 2788 3778 2859; baseline -0.003 -17"><span class='ocrx_word' id='word_1_378' title='bbox 2219 2789 2285 2842; x_wconf 85' lang='grc' dir='ltr'><strong>ἂν</strong></span> <span class='ocrx_word' id='word_1_379' title='bbox 2314 2790 2396 2857; x_wconf 64' lang='grc' dir='ltr'><strong>εἴη</strong></span> <span class='ocrx_word' id='word_1_380' title='bbox 2430 2789 2742 2859; x_wconf 82' lang='grc' dir='ltr'><strong>βουλομένῳ</strong></span> <span class='ocrx_word' id='word_1_381' title='bbox 2778 2792 2942 2844; x_wconf 74' lang='grc' dir='ltr'><strong>παντὶ</strong></span> <span class='ocrx_word' id='word_1_382' title='bbox 2983 2790 3308 2853; x_wconf 75' lang='grc' dir='ltr'><strong>διαϐαίνειν,</strong></span> <span class='ocrx_word' id='word_1_383' title='bbox 3355 2789 3472 2843; x_wconf 84' lang='grc' dir='ltr'><strong>ἀλλ’</strong></span> <span class='ocrx_word' id='word_1_384' title='bbox 3509 2788 3778 2855; x_wconf 82' lang='grc' dir='ltr'><strong>ἀγνώστοις</strong></span> 
     </span>
    </p>
   </div>
   <div class='ocr_carea' id='block_1_57' title="bbox 2217 2880 3780 2952">
    <p class='ocr_par' dir='ltr' id='par_1_57' title="bbox 2217 2880 3780 2952">
     <span class='ocr_line' id='line_1_57' title="bbox 2217 2880 3780 2952; baseline -0.003 -19"><span class='ocrx_word' id='word_1_385' title='bbox 2217 2881 2293 2944; x_wconf 86' lang='grc' dir='ltr'><strong>ὡς</strong></span> <span class='ocrx_word' id='word_1_386' title='bbox 2318 2881 2385 2935; x_wconf 77' lang='grc' dir='ltr'><strong>τὰ</strong></span> <span class='ocrx_word' id='word_1_387' title='bbox 2411 2882 2584 2934; x_wconf 87' lang='grc' dir='ltr'><strong>πολλά</strong></span> <span class='ocrx_word' id='word_1_388' title='bbox 2614 2882 2707 2935; x_wconf 70' lang='grc' dir='ltr'><strong>καὶ</strong></span> <span class='ocrx_word' id='word_1_389' title='bbox 2737 2880 2942 2950; x_wconf 84' lang='grc' dir='ltr'><strong>πολλὴν</strong></span> <span class='ocrx_word' id='word_1_390' title='bbox 2964 2881 3261 2952; x_wconf 69' lang='grc' dir='ltr'><strong>ὲπίκρνψιν</strong></span> <span class='ocrx_word' id='word_1_391' title='bbox 3290 2880 3532 2952; x_wconf 79' lang='grc' dir='ltr'><strong>ἔχουσιν,</strong></span> <span class='ocrx_word' id='word_1_392' title='bbox 3554 2880 3612 2934; x_wconf 83' lang='grc' dir='ltr'><strong>οὐ</strong></span> <span class='ocrx_word' id='word_1_393' title='bbox 3639 2882 3780 2947; x_wconf 78' lang='grc' dir='ltr'><strong>μόνον</strong></span> 
     </span>
    </p>
   </div>
   <div class='ocr_carea' id='block_1_58' title="bbox 2218 2970 3777 3046">
    <p class='ocr_par' dir='ltr' id='par_1_58' title="bbox 2218 2970 3777 3046">
     <span class='ocr_line' id='line_1_58' title="bbox 2218 2970 3777 3046; baseline -0.004 -19"><span class='ocrx_word' id='word_1_394' title='bbox 2218 2976 2277 3027; x_wconf 70' lang='grc' dir='ltr'><strong>ὲν</strong></span> <span class='ocrx_word' id='word_1_395' title='bbox 2335 2973 2607 3043; x_wconf 85' lang='grc' dir='ltr'><strong>χειμῶνός</strong></span> <span class='ocrx_word' id='word_1_396' title='bbox 2642 2990 2701 3026; x_wconf 87' lang='grc' dir='ltr'><strong>τε</strong></span> <span class='ocrx_word' id='word_1_397' title='bbox 2760 2976 2855 3026; x_wconf 71' lang='grc' dir='ltr'><strong>καὶ</strong></span> <span class='ocrx_word' id='word_1_398' title='bbox 2901 2970 3033 3046; x_wconf 75' lang='grc' dir='ltr'><strong>ἦρος</strong></span> <span class='ocrx_word' id='word_1_399' title='bbox 3072 2974 3269 3043; x_wconf 80' lang='grc' dir='ltr'><strong>ὥραις,</strong></span> <span class='ocrx_word' id='word_1_400' title='bbox 3299 2974 3541 3044; x_wconf 77' lang='grc' dir='ltr'><strong>ὁπηνίκα</strong></span> <span class='ocrx_word' id='word_1_401' title='bbox 3582 2970 3777 3043; x_wconf 81' lang='grc' dir='ltr'><strong>δαψιλέ-</strong></span> 
     </span>
    </p>
   </div>
   <div class='ocr_carea' id='block_1_59' title="bbox 2221 3061 3780 3137">
    <p class='ocr_par' dir='ltr' id='par_1_59' title="bbox 2221 3061 3780 3137">
     <span class='ocr_line' id='line_1_59' title="bbox 2221 3061 3780 3137; baseline -0.003 -19"><span class='ocrx_word' id='word_1_402' title='bbox 2221 3082 2413 3133; x_wconf 89' lang='grc' dir='ltr'><strong>στερον</strong></span> <span class='ocrx_word' id='word_1_403' title='bbox 2439 3066 2554 3136; x_wconf 84' lang='grc' dir='ltr'><strong>ἔχει</strong></span> <span class='ocrx_word' id='word_1_404' title='bbox 2577 3065 2640 3118; x_wconf 80' lang='grc' dir='ltr'><strong>τὸ</strong></span> <span class='ocrx_word' id='word_1_405' title='bbox 2664 3065 2865 3136; x_wconf 85' lang='grc' dir='ltr'><strong>κράτος</strong></span> <span class='ocrx_word' id='word_1_406' title='bbox 2914 3070 2949 3137; x_wconf 75' lang='grc' dir='ltr'><strong>ἡ</strong></span> <span class='ocrx_word' id='word_1_407' title='bbox 2985 3066 3094 3119; x_wconf 84' lang='grc' dir='ltr'><strong>τῶν</strong></span> <span class='ocrx_word' id='word_1_408' title='bbox 3141 3066 3356 3119; x_wconf 81' lang='grc' dir='ltr'><strong>ὑδάτων</strong></span> <span class='ocrx_word' id='word_1_409' title='bbox 3389 3067 3570 3134; x_wconf 81' lang='grc' dir='ltr'><strong>φύσις,</strong></span> <span class='ocrx_word' id='word_1_410' title='bbox 3604 3061 3780 3135; x_wconf 77' lang='grc' dir='ltr'><strong>βαπτίο</strong></span> 
     </span>
    </p>
   </div>
   <div class='ocr_carea' id='block_1_60' title="bbox 526 3155 2123 3229">
    <p class='ocr_par' dir='ltr' id='par_1_60' title="bbox 526 3156 2121 3229">
     <span class='ocr_line' id='line_1_60' title="bbox 526 3156 2121 3229; baseline 0.003 -21"><span class='ocrx_word' id='word_1_411' title='bbox 526 3156 677 3210; x_wconf 68' lang='lat' dir='ltr'><strong>xime</strong></span> <span class='ocrx_word' id='word_1_412' title='bbox 712 3164 868 3225; x_wconf 89' lang='lat' dir='ltr'><strong>parte</strong></span> <span class='ocrx_word' id='word_1_413' title='bbox 906 3171 1036 3209; x_wconf 92' lang='lat' dir='ltr'><strong>eum</strong></span> <span class='ocrx_word' id='word_1_414' title='bbox 1075 3171 1200 3210; x_wconf 89' lang='lat' dir='ltr'><strong>cum</strong></span> <span class='ocrx_word' id='word_1_415' title='bbox 1253 3156 1499 3210; x_wconf 85' lang='lat' dir='ltr'><strong>exercitu</strong></span> <span class='ocrx_word' id='word_1_416' title='bbox 1564 3157 1889 3211; x_wconf 88' lang='lat' dir='ltr'><strong>redeuntem</strong></span> <span class='ocrx_word' id='word_1_417' title='bbox 1940 3158 2121 3229; x_wconf 84' lang='lat' dir='ltr'><strong>traje-</strong></span> 
     </span>
    </p>
   </div>
   <div class='ocr_carea' id='block_1_61' title="bbox 2220 3155 3779 3229">
    <p class='ocr_par' dir='ltr' id='par_1_61' title="bbox 2224 3155 3779 3229">
     <span class='ocr_line' id='line_1_61' title="bbox 2224 3155 3779 3229; baseline 0.004 -20"><span class='ocrx_word' id='word_1_418' title='bbox 2224 3156 2395 3221; x_wconf 79' lang='grc' dir='ltr'><strong>ζουσά</strong></span> <span class='ocrx_word' id='word_1_419' title='bbox 2424 3173 2484 3209; x_wconf 89' lang='grc' dir='ltr'><strong>τε</strong></span> <span class='ocrx_word' id='word_1_420' title='bbox 2513 3158 2606 3211; x_wconf 64' lang='grc' dir='ltr'><strong>καὶ</strong></span> <span class='ocrx_word' id='word_1_421' title='bbox 2651 3160 3071 3223; x_wconf 73' lang='grc' dir='ltr'><strong>κατακλύζουσα</strong></span> <span class='ocrx_word' id='word_1_422' title='bbox 3101 3158 3170 3211; x_wconf 88' lang='grc' dir='ltr'><strong>τά</strong></span> <span class='ocrx_word' id='word_1_423' title='bbox 3214 3156 3503 3229; x_wconf 83' lang='grc' dir='ltr'><strong>εἰθισμένα</strong></span> <span class='ocrx_word' id='word_1_424' title='bbox 3536 3156 3669 3229; x_wconf 79' lang='grc' dir='ltr'><strong>μίρη</strong></span> <span class='ocrx_word' id='word_1_425' title='bbox 3696 3155 3779 3218; x_wconf 75' lang='grc' dir='ltr'><strong>τῆς</strong></span> 
     </span>
    </p>
   </div>
   <div class='ocr_carea' id='block_1_62' title="bbox 530 3246 2123 3324">
    <p class='ocr_par' dir='ltr' id='par_1_62' title="bbox 530 3248 2112 3319">
     <span class='ocr_line' id='line_1_62' title="bbox 530 3248 2112 3319; baseline -0.001 -16"><span class='ocrx_word' id='word_1_426' title='bbox 530 3257 751 3303; x_wconf 85' lang='lat' dir='ltr'><strong>cturum</strong></span> <span class='ocrx_word' id='word_1_427' title='bbox 784 3249 1087 3318; x_wconf 87' lang='lat' dir='ltr'><strong>putabant;</strong></span> <span class='ocrx_word' id='word_1_428' title='bbox 1118 3257 1176 3302; x_wconf 91' lang='lat' dir='ltr'><strong>ut</strong></span> <span class='ocrx_word' id='word_1_429' title='bbox 1207 3248 1507 3317; x_wconf 85' lang='lat' dir='ltr'><strong>derepente</strong></span> <span class='ocrx_word' id='word_1_430' title='bbox 1543 3248 1598 3299; x_wconf 91' lang='lat' dir='ltr'><strong>in</strong></span> <span class='ocrx_word' id='word_1_431' title='bbox 1632 3248 1812 3317; x_wconf 89' lang='lat' dir='ltr'><strong>ipsum</strong></span> <span class='ocrx_word' id='word_1_432' title='bbox 1847 3265 1951 3303; x_wconf 89' lang='lat' dir='ltr'><strong>nec</strong></span> <span class='ocrx_word' id='word_1_433' title='bbox 1993 3250 2112 3319; x_wconf 90' lang='lat' dir='ltr'><strong>opi-</strong></span> 
     </span>
    </p>
   </div>
   <div class='ocr_carea' id='block_1_63' title="bbox 2220 3246 3778 3324">
    <p class='ocr_par' dir='ltr' id='par_1_63' title="bbox 2220 3246 3778 3324">
     <span class='ocr_line' id='line_1_63' title="bbox 2220 3246 3778 3324; baseline -0.008 -18"><span class='ocrx_word' id='word_1_434' title='bbox 2220 3249 2345 3318; x_wconf 79' lang='grc' dir='ltr'><strong>γῆς.</strong></span> <span class='ocrx_word' id='word_1_435' title='bbox 2381 3249 2518 3303; x_wconf 84' lang='grc' dir='ltr'><strong>ἀλλά</strong></span> <span class='ocrx_word' id='word_1_436' title='bbox 2561 3253 2651 3303; x_wconf 76' lang='grc' dir='ltr'><strong>καὶ</strong></span> <span class='ocrx_word' id='word_1_437' title='bbox 2708 3250 2856 3324; x_wconf 76' lang='grc' dir='ltr'><strong>θέρει</strong></span> <span class='ocrx_word' id='word_1_438' title='bbox 2911 3269 2971 3305; x_wconf 85' lang='grc' dir='ltr'><strong>τε</strong></span> <span class='ocrx_word' id='word_1_439' title='bbox 3019 3255 3114 3307; x_wconf 77' lang='grc' dir='ltr'><strong>καὶ</strong></span> <span class='ocrx_word' id='word_1_440' title='bbox 3167 3252 3535 3323; x_wconf 81' lang='grc' dir='ltr'><strong>φθινοπώρῳ,</strong></span> <span class='ocrx_word' id='word_1_441' title='bbox 3582 3246 3778 3315; x_wconf 73' lang='grc' dir='ltr'><strong>ἐνέδραν</strong></span> 
     </span>
    </p>
   </div>
   <div class='ocr_carea' id='block_1_64' title="bbox 530 3335 2123 3417">
    <p class='ocr_par' dir='ltr' id='par_1_64' title="bbox 530 3340 2110 3409">
     <span class='ocr_line' id='line_1_64' title="bbox 530 3340 2110 3409; baseline 0 -13"><span class='ocrx_word' id='word_1_442' title='bbox 530 3352 759 3396; x_wconf 89' lang='lat' dir='ltr'><strong>nantem</strong></span> <span class='ocrx_word' id='word_1_443' title='bbox 814 3342 961 3396; x_wconf 87' lang='lat' dir='ltr'><strong>circa</strong></span> <span class='ocrx_word' id='word_1_444' title='bbox 1012 3341 1303 3395; x_wconf 82' lang='lat' dir='ltr'><strong>transitum</strong></span> <span class='ocrx_word' id='word_1_445' title='bbox 1365 3341 1572 3409; x_wconf 86' lang='lat' dir='ltr'><strong>impetu</strong></span> <span class='ocrx_word' id='word_1_446' title='bbox 1631 3340 1796 3403; x_wconf 86' lang='lat' dir='ltr'><strong>facto,</strong></span> <span class='ocrx_word' id='word_1_447' title='bbox 1846 3350 2110 3409; x_wconf 68' lang='lat' dir='ltr'><strong>tropamm</strong></span> 
     </span>
    </p>
   </div>
   <div class='ocr_carea' id='block_1_65' title="bbox 2220 3335 3782 3417">
    <p class='ocr_par' dir='ltr' id='par_1_65' title="bbox 2221 3335 3782 3417">
     <span class='ocr_line' id='line_1_65' title="bbox 2221 3335 3782 3417; baseline -0.003 -23"><span class='ocrx_word' id='word_1_448' title='bbox 2221 3344 2551 3413; x_wconf 77' lang='grc' dir='ltr'><strong>ἐποιήσαντο</strong></span> <span class='ocrx_word' id='word_1_449' title='bbox 2583 3345 2732 3415; x_wconf 86' lang='grc' dir='ltr'><strong>παρὰ</strong></span> <span class='ocrx_word' id='word_1_450' title='bbox 2754 3346 2854 3410; x_wconf 83' lang='grc' dir='ltr'><strong>τὰς</strong></span> <span class='ocrx_word' id='word_1_451' title='bbox 2883 3345 2975 3400; x_wconf 73' lang='grc' dir='ltr'><strong>ἐπὶ</strong></span> <span class='ocrx_word' id='word_1_452' title='bbox 3002 3344 3336 3417; x_wconf 81' lang='grc' dir='ltr'><strong>θάτερα-τοῦ</strong></span> <span class='ocrx_word' id='word_1_453' title='bbox 3364 3360 3498 3398; x_wconf 80' lang='grc' dir='ltr'><strong>ποτα</strong></span> <span class='ocrx_word' id='word_1_454' title='bbox 3508 3339 3606 3412; x_wconf 83' lang='grc' dir='ltr'>μοῦ</span> <span class='ocrx_word' id='word_1_455' title='bbox 3634 3335 3782 3405; x_wconf 84' lang='grc' dir='ltr'><strong>δισχὶ-</strong></span> 
     </span>
    </p>
   </div>
   <div class='ocr_carea' id='block_1_66' title="bbox 478 3429 2123 3511">
    <p class='ocr_par' dir='ltr' id='par_1_66' title="bbox 478 3432 2112 3503">
     <span class='ocr_line' id='line_1_66' title="bbox 478 3432 2112 3503; baseline 0 -15"><span class='ocrx_word' id='word_1_456' title='bbox 478 3475 485 3481; x_wconf 87' lang='grc'>.</span> <span class='ocrx_word' id='word_1_457' title='bbox 527 3434 748 3488; x_wconf 80' lang='lat' dir='ltr'><strong>illustrc</strong></span> <span class='ocrx_word' id='word_1_458' title='bbox 796 3434 949 3487; x_wconf 81' lang='lat' dir='ltr'><strong>brevi</strong></span> <span class='ocrx_word' id='word_1_459' title='bbox 988 3436 1409 3489; x_wconf 87' lang='lat' dir='ltr'><strong>constituerent.</strong></span> <span class='ocrx_word' id='word_1_460' title='bbox 1466 3432 1579 3487; x_wconf 90' lang='lat' dir='ltr'><strong>Hos</strong></span> <span class='ocrx_word' id='word_1_461' title='bbox 1627 3449 1764 3488; x_wconf 80' lang='lat' dir='ltr'><strong>vero</strong></span> <span class='ocrx_word' id='word_1_462' title='bbox 1815 3435 2112 3503; x_wconf 82' lang='lat' dir='ltr'><strong>imperato-</strong></span> 
     </span>
    </p>
   </div>
   <div class='ocr_carea' id='block_1_67' title="bbox 2220 3429 3779 3511">
    <p class='ocr_par' dir='ltr' id='par_1_67' title="bbox 2220 3429 3779 3511">
     <span class='ocr_line' id='line_1_67' title="bbox 2220 3429 3779 3511; baseline -0.004 -22"><span class='ocrx_word' id='word_1_463' title='bbox 2220 3436 2325 3489; x_wconf 83' lang='grc' dir='ltr'><strong>λιοί</strong></span> <span class='ocrx_word' id='word_1_464' title='bbox 2348 3453 2451 3490; x_wconf 91' lang='grc' dir='ltr'><strong>που</strong></span> <span class='ocrx_word' id='word_1_465' title='bbox 2497 3439 2588 3491; x_wconf 80' lang='grc' dir='ltr'><strong>τὸν</strong></span> <span class='ocrx_word' id='word_1_466' title='bbox 2629 3440 2866 3511; x_wconf 86' lang='grc' dir='ltr'><strong>ἀριθμὸν</strong></span> <span class='ocrx_word' id='word_1_467' title='bbox 2894 3440 3111 3493; x_wconf 85' lang='grc' dir='ltr'><strong>ὁπλῖται</strong></span> <span class='ocrx_word' id='word_1_468' title='bbox 3137 3439 3247 3492; x_wconf 84' lang='grc' dir='ltr'><strong>τῶν</strong></span> <span class='ocrx_word' id='word_1_469' title='bbox 3276 3436 3621 3507; x_wconf 85' lang='grc' dir='ltr'><strong>Τριϐαλλῶν,</strong></span> <span class='ocrx_word' id='word_1_470' title='bbox 3666 3429 3779 3484; x_wconf 74' lang='grc' dir='ltr'><strong>ἔνθα</strong></span> 
     </span>
    </p>
   </div>
   <div class='ocr_carea' id='block_1_68' title="bbox 530 3519 2123 3599">
    <p class='ocr_par' dir='ltr' id='par_1_68' title="bbox 530 3525 2114 3596">
     <span class='ocr_line' id='line_1_68' title="bbox 530 3525 2114 3596; baseline 0.003 -18"><span class='ocrx_word' id='word_1_471' title='bbox 530 3527 742 3581; x_wconf 90' lang='lat' dir='ltr'><strong>riorum</strong></span> <span class='ocrx_word' id='word_1_472' title='bbox 770 3525 1006 3580; x_wconf 85' lang='lat' dir='ltr'><strong>militum</strong></span> <span class='ocrx_word' id='word_1_473' title='bbox 1048 3541 1421 3596; x_wconf 69' lang='lat' dir='ltr'><strong>prmcursores</strong></span> <span class='ocrx_word' id='word_1_474' title='bbox 1465 3526 1767 3595; x_wconf 78' lang='lat' dir='ltr'><strong>conspicati</strong></span> <span class='ocrx_word' id='word_1_475' title='bbox 1819 3527 2006 3596; x_wconf 90' lang='lat' dir='ltr'><strong>procul</strong></span> <span class='ocrx_word' id='word_1_476' title='bbox 2058 3536 2114 3583; x_wconf 88' lang='lat' dir='ltr'><strong>et</strong></span> 
     </span>
    </p>
   </div>
   <div class='ocr_carea' id='block_1_69' title="bbox 2220 3519 3777 3599">
    <p class='ocr_par' dir='ltr' id='par_1_69' title="bbox 2225 3519 3777 3599">
     <span class='ocr_line' id='line_1_69' title="bbox 2225 3519 3777 3599; baseline 0 -23"><span class='ocrx_word' id='word_1_477' title='bbox 2225 3524 2464 3593; x_wconf 85' lang='grc' dir='ltr'><strong>μάλιστα</strong></span> <span class='ocrx_word' id='word_1_478' title='bbox 2487 3525 2786 3582; x_wconf 83' lang='grc' dir='ltr'><strong>διαϐαίνειν</strong></span> <span class='ocrx_word' id='word_1_479' title='bbox 2815 3529 3057 3592; x_wconf 74' lang='grc' dir='ltr'><strong>ἐπίδοξος</strong></span> <span class='ocrx_word' id='word_1_480' title='bbox 3093 3524 3162 3599; x_wconf 78' lang='grc' dir='ltr'><strong>ἦν</strong></span> <span class='ocrx_word' id='word_1_481' title='bbox 3190 3529 3219 3580; x_wconf 88' lang='grc' dir='ltr'>ὁ</span> <span class='ocrx_word' id='word_1_482' title='bbox 3252 3527 3507 3596; x_wconf 81' lang='grc' dir='ltr'><strong>βασιλεὺς</strong></span> <span class='ocrx_word' id='word_1_483' title='bbox 3534 3522 3669 3579; x_wconf 85' lang='grc' dir='ltr'><strong>κατά</strong></span> <span class='ocrx_word' id='word_1_484' title='bbox 3692 3519 3777 3587; x_wconf 77' lang='grc' dir='ltr'><strong>τὴν</strong></span> 
     </span>
    </p>
   </div>
   <div class='ocr_carea' id='block_1_70' title="bbox 530 3611 2123 3692">
    <p class='ocr_par' dir='ltr' id='par_1_70' title="bbox 530 3615 2109 3687">
     <span class='ocr_line' id='line_1_70' title="bbox 530 3615 2109 3687; baseline 0.002 -18"><span class='ocrx_word' id='word_1_485' title='bbox 530 3615 638 3686; x_wconf 87' lang='lat' dir='ltr'><strong>ipsi</strong></span> <span class='ocrx_word' id='word_1_486' title='bbox 698 3616 945 3670; x_wconf 89' lang='lat' dir='ltr'><strong>animum</strong></span> <span class='ocrx_word' id='word_1_487' title='bbox 1004 3617 1437 3687; x_wconf 82' lang='lat' dir='ltr'><strong>desponderant,</strong></span> <span class='ocrx_word' id='word_1_488' title='bbox 1490 3625 1549 3670; x_wconf 92' lang='lat' dir='ltr'><strong>et</strong></span> <span class='ocrx_word' id='word_1_489' title='bbox 1607 3616 1824 3685; x_wconf 84' lang='lat' dir='ltr'><strong>pavoris</strong></span> <span class='ocrx_word' id='word_1_490' title='bbox 1875 3617 2109 3673; x_wconf 87' lang='lat' dir='ltr'><strong>multum</strong></span> 
     </span>
    </p>
   </div>
   <div class='ocr_carea' id='block_1_71' title="bbox 2220 3611 3780 3692">
    <p class='ocr_par' dir='ltr' id='par_1_71' title="bbox 2220 3611 3780 3692">
     <span class='ocr_line' id='line_1_71' title="bbox 2220 3611 3780 3692; baseline -0.006 -21"><span class='ocrx_word' id='word_1_491' title='bbox 2220 3618 2482 3671; x_wconf 68' lang='grc' dir='ltr'><strong>ἔπάνοδον</strong></span> <span class='ocrx_word' id='word_1_492' title='bbox 2515 3619 2653 3688; x_wconf 81' lang='grc' dir='ltr'><strong>ὁμοῦ</strong></span> <span class='ocrx_word' id='word_1_493' title='bbox 2678 3618 2758 3690; x_wconf 83' lang='grc' dir='ltr'><strong>τῷ</strong></span> <span class='ocrx_word' id='word_1_494' title='bbox 2787 3622 3025 3692; x_wconf 83' lang='grc' dir='ltr'><strong>στρατῷ,</strong></span> <span class='ocrx_word' id='word_1_495' title='bbox 3048 3621 3123 3683; x_wconf 83' lang='grc' dir='ltr'><strong>ὡς</strong></span> <span class='ocrx_word' id='word_1_496' title='bbox 3156 3619 3223 3674; x_wconf 82' lang='grc' dir='ltr'><strong>ἂν</strong></span> <span class='ocrx_word' id='word_1_497' title='bbox 3255 3620 3521 3689; x_wconf 74' lang='grc' dir='ltr'><strong>ἐξαίφνης</strong></span> <span class='ocrx_word' id='word_1_498' title='bbox 3549 3611 3780 3685; x_wconf 79' lang='grc' dir='ltr'><strong>ἀγνοοῦσι</strong></span> 
     </span>
    </p>
   </div>
   <div class='ocr_carea' id='block_1_72' title="bbox 526 3692 2123 3783">
    <p class='ocr_par' dir='ltr' id='par_1_72' title="bbox 526 3692 1173 3779">
     <span class='ocr_line' id='line_1_72' title="bbox 526 3692 1173 3779; baseline 0.002 -16"><span class='ocrx_word' id='word_1_499' title='bbox 526 3692 797 3763; x_wconf 61' lang='grc' dir='ltr'><strong>αἰετοίιυὶ</strong></span> <span class='ocrx_word' id='word_1_500' title='bbox 851 3710 1173 3779; x_wconf 82' lang='lat' dir='ltr'><strong>injecerant.</strong></span> 
     </span>
    </p>
   </div>
   <div class='ocr_carea' id='block_1_73' title="bbox 2220 3692 3780 3783">
    <p class='ocr_par' dir='ltr' id='par_1_73' title="bbox 2220 3708 3780 3783">
     <span class='ocr_line' id='line_1_73' title="bbox 2220 3708 3780 3783; baseline -0.004 -18"><span class='ocrx_word' id='word_1_501' title='bbox 2220 3711 2349 3782; x_wconf 76' lang='grc' dir='ltr'><strong>περὶ</strong></span> <span class='ocrx_word' id='word_1_502' title='bbox 2366 3710 2467 3783; x_wconf 83' lang='grc' dir='ltr'><strong>τὴν</strong></span> <span class='ocrx_word' id='word_1_503' title='bbox 2488 3710 2743 3766; x_wconf 88' lang='grc' dir='ltr'><strong>διάϐασιν</strong></span> <span class='ocrx_word' id='word_1_504' title='bbox 2763 3713 3186 3776; x_wconf 70' lang='grc' dir='ltr'><strong>ιπεισπεσόντες</strong></span> <span class='ocrx_word' id='word_1_505' title='bbox 3207 3711 3536 3780; x_wconf 82' lang='grc' dir='ltr'><strong>περιϐόητον</strong></span> <span class='ocrx_word' id='word_1_506' title='bbox 3564 3708 3780 3776; x_wconf 67' lang='grc' dir='ltr'><strong>στήσωσι</strong></span> 
     </span>
    </p>
   </div>
   <div class='ocr_carea' id='block_1_74' title="bbox 524 3799 3780 3876">
    <p class='ocr_par' dir='ltr' id='par_1_74' title="bbox 524 3799 3780 3876">
     <span class='ocr_line' id='line_1_74' title="bbox 524 3799 3780 3876; baseline -0.003 -18"><span class='ocrx_word' id='word_1_507' title='bbox 524 3806 790 3875; x_wconf 82' lang='grc' dir='ltr'><strong>τρόπαιον</strong></span> <span class='ocrx_word' id='word_1_508' title='bbox 817 3805 875 3856; x_wconf 66' lang='grc' dir='ltr'><strong>ἐν</strong></span> <span class='ocrx_word' id='word_1_509' title='bbox 916 3804 1130 3874; x_wconf 77' lang='grc' dir='ltr'><strong>βραχεῖ.</strong></span> <span class='ocrx_word' id='word_1_510' title='bbox 1175 3801 1415 3864; x_wconf 82' lang='grc' dir='ltr'><strong>Τούτους</strong></span> <span class='ocrx_word' id='word_1_511' title='bbox 1446 3817 1510 3869; x_wconf 89' lang='grc' dir='ltr'><strong>γε</strong></span> <span class='ocrx_word' id='word_1_512' title='bbox 1546 3799 1654 3871; x_wconf 75' lang='grc' dir='ltr'><strong>μὴν</strong></span> <span class='ocrx_word' id='word_1_513' title='bbox 1702 3801 1755 3854; x_wconf 76' lang='lat' dir='ltr'><strong>oi</strong></span> <span class='ocrx_word' id='word_1_514' title='bbox 1801 3802 2105 3874; x_wconf 80' lang='grc' dir='ltr'><strong>πρόδρομοι</strong></span> <span class='ocrx_word' id='word_1_515' title='bbox 2141 3801 2253 3857; x_wconf 87' lang='grc' dir='ltr'><strong>τῶν</strong></span> <span class='ocrx_word' id='word_1_516' title='bbox 2287 3804 2639 3867; x_wconf 81' lang='grc' dir='ltr'><strong>στρατιωτῶν</strong></span> <span class='ocrx_word' id='word_1_517' title='bbox 2676 3804 2771 3859; x_wconf 79' lang='grc' dir='ltr'><strong>τοῦ</strong></span> <span class='ocrx_word' id='word_1_518' title='bbox 2803 3804 3070 3875; x_wconf 85' lang='grc' dir='ltr'><strong>βασιλέως</strong></span> <span class='ocrx_word' id='word_1_519' title='bbox 3133 3804 3423 3876; x_wconf 69' lang='grc' dir='ltr'><strong>πόρρωθεν</strong></span> <span class='ocrx_word' id='word_1_520' title='bbox 3477 3800 3780 3869; x_wconf 84' lang='grc' dir='ltr'><strong>θεασάμενοι</strong></span> 
     </span>
    </p>
   </div>
   <div class='ocr_carea' id='block_1_75' title="bbox 526 3896 3265 3971">
    <p class='ocr_par' dir='ltr' id='par_1_75' title="bbox 526 3896 3265 3971">
     <span class='ocr_line' id='line_1_75' title="bbox 526 3896 3265 3971; baseline -0.001 -19"><span class='ocrx_word' id='word_1_521' title='bbox 526 3898 683 3952; x_wconf 82' lang='grc' dir='ltr'><strong>αὐτοί</strong></span> <span class='ocrx_word' id='word_1_522' title='bbox 720 3915 784 3952; x_wconf 87' lang='grc' dir='ltr'><strong>τε</strong></span> <span class='ocrx_word' id='word_1_523' title='bbox 808 3897 1208 3965; x_wconf 82' lang='grc' dir='ltr'><strong>ἀπεγνώκεσαν</strong></span> <span class='ocrx_word' id='word_1_524' title='bbox 1235 3896 1329 3950; x_wconf 75' lang='grc' dir='ltr'><strong>καὶ</strong></span> <span class='ocrx_word' id='word_1_525' title='bbox 1352 3896 1578 3967; x_wconf 85' lang='grc' dir='ltr'><strong>μακρὰν</strong></span> <span class='ocrx_word' id='word_1_526' title='bbox 1609 3896 1708 3964; x_wconf 78' lang='grc' dir='ltr'><strong>τὴν</strong></span> <span class='ocrx_word' id='word_1_527' title='bbox 1747 3896 1952 3951; x_wconf 78' lang='grc' dir='ltr'><strong>δειλίαν</strong></span> <span class='ocrx_word' id='word_1_528' title='bbox 1987 3900 2114 3963; x_wconf 76' lang='grc' dir='ltr'><strong>ταῖς</strong></span> <span class='ocrx_word' id='word_1_529' title='bbox 2153 3898 2462 3969; x_wconf 77' lang='grc' dir='ltr'><strong>βασιλικαῖς</strong></span> <span class='ocrx_word' id='word_1_530' title='bbox 2499 3899 2795 3971; x_wconf 84' lang='grc' dir='ltr'><strong>δυνάμεσιν</strong></span> <span class='ocrx_word' id='word_1_531' title='bbox 2825 3897 3265 3968; x_wconf 78' lang='grc' dir='ltr'><strong>ὲμϐεϐλήκεσαν.</strong></span> 
     </span>
    </p>
   </div>
   <div class='ocr_carea' id='block_1_76' title="bbox 596 4006 2123 4085">
    <p class='ocr_par' dir='ltr' id='par_1_76' title="bbox 596 4012 2119 4085">
     <span class='ocr_line' id='line_1_76' title="bbox 596 4012 2119 4085; baseline -0.005 -12"><span class='ocrx_word' id='word_1_532' title='bbox 596 4019 686 4073; x_wconf 75' lang='grc' dir='ltr'><strong>ιν.</strong></span> <span class='ocrx_word' id='word_1_533' title='bbox 724 4018 804 4073; x_wconf 86' lang='lat' dir='ltr'><strong>Ac</strong></span> <span class='ocrx_word' id='word_1_534' title='bbox 850 4015 1101 4071; x_wconf 80' lang='lat' dir='ltr'><strong>fortassis</strong></span> <span class='ocrx_word' id='word_1_535' title='bbox 1146 4013 1243 4068; x_wconf 89' lang='lat' dir='ltr'><strong>illa</strong></span> <span class='ocrx_word' id='word_1_536' title='bbox 1306 4013 1422 4085; x_wconf 85' lang='lat' dir='ltr'><strong>ipsa</strong></span> <span class='ocrx_word' id='word_1_537' title='bbox 1468 4013 1601 4068; x_wconf 88' lang='lat' dir='ltr'><strong>hora</strong></span> <span class='ocrx_word' id='word_1_538' title='bbox 1650 4012 1927 4084; x_wconf 84' lang='lat' dir='ltr'><strong>proﬂigati</strong></span> <span class='ocrx_word' id='word_1_539' title='bbox 1985 4012 2119 4068; x_wconf 83' lang='lat' dir='ltr'><strong>fuis-</strong></span> 
     </span>
    </p>
   </div>
   <div class='ocr_carea' id='block_1_77' title="bbox 2220 4006 3778 4085">
    <p class='ocr_par' dir='ltr' id='par_1_77' title="bbox 2290 4006 3778 4082">
     <span class='ocr_line' id='line_1_77' title="bbox 2290 4006 3778 4082; baseline -0.005 -18"><span class='ocrx_word' id='word_1_540' title='bbox 2290 4009 2367 4067; x_wconf 83' lang='lat' dir='ltr'><strong>A&#39;.</strong></span> <span class='ocrx_word' id='word_1_541' title='bbox 2402 4010 2513 4066; x_wconf 79' lang='grc' dir='ltr'><strong>Καὶ</strong></span> <span class='ocrx_word' id='word_1_542' title='bbox 2537 4009 2660 4082; x_wconf 81' lang='grc' dir='ltr'><strong>τάχ’</strong></span> <span class='ocrx_word' id='word_1_543' title='bbox 2690 4011 2757 4065; x_wconf 77' lang='grc' dir='ltr'><strong>ἂν</strong></span> <span class='ocrx_word' id='word_1_544' title='bbox 2785 4012 2843 4063; x_wconf 77' lang='grc' dir='ltr'><strong>ὲν</strong></span> <span class='ocrx_word' id='word_1_545' title='bbox 2881 4010 3076 4079; x_wconf 71' lang='grc' dir='ltr'><strong>ἐκείνῳ</strong></span> <span class='ocrx_word' id='word_1_546' title='bbox 3121 4009 3221 4078; x_wconf 76' lang='grc' dir='ltr'><strong>τῆς</strong></span> <span class='ocrx_word' id='word_1_547' title='bbox 3268 4008 3420 4079; x_wconf 86' lang='grc' dir='ltr'><strong>ῶρας</strong></span> <span class='ocrx_word' id='word_1_548' title='bbox 3464 4006 3778 4077; x_wconf 78' lang='grc' dir='ltr'><strong>ἐφθείροντο,</strong></span> 
     </span>
    </p>
   </div>
   <div class='ocr_carea' id='block_1_78' title="bbox 526 4100 2123 4175">
    <p class='ocr_par' dir='ltr' id='par_1_78' title="bbox 526 4104 2111 4175">
     <span class='ocr_line' id='line_1_78' title="bbox 526 4104 2111 4175; baseline -0.003 -10"><span class='ocrx_word' id='word_1_549' title='bbox 526 4118 674 4174; x_wconf 76' lang='lat' dir='ltr'><strong>seut,</strong></span> <span class='ocrx_word' id='word_1_550' title='bbox 704 4108 850 4164; x_wconf 89' lang='lat' dir='ltr'><strong>inter</strong></span> <span class='ocrx_word' id='word_1_551' title='bbox 876 4107 1109 4163; x_wconf 88' lang='lat' dir='ltr'><strong>hostiles</strong></span> <span class='ocrx_word' id='word_1_552' title='bbox 1130 4106 1273 4161; x_wconf 86' lang='lat' dir='ltr'><strong>duos</strong></span> <span class='ocrx_word' id='word_1_553' title='bbox 1292 4106 1577 4162; x_wconf 77' lang='lat' dir='ltr'><strong>exercitus</strong></span> <span class='ocrx_word' id='word_1_554' title='bbox 1602 4104 1763 4175; x_wconf 87' lang='lat' dir='ltr'><strong>quasi</strong></span> <span class='ocrx_word' id='word_1_555' title='bbox 1796 4105 1941 4160; x_wconf 84' lang='lat' dir='ltr'><strong>intra</strong></span> <span class='ocrx_word' id='word_1_556' title='bbox 1974 4105 2111 4161; x_wconf 87' lang='lat' dir='ltr'><strong>retia</strong></span> 
     </span>
    </p>
   </div>
   <div class='ocr_carea' id='block_1_79' title="bbox 2220 4100 3777 4175">
    <p class='ocr_par' dir='ltr' id='par_1_79' title="bbox 2220 4100 3777 4175">
     <span class='ocr_line' id='line_1_79' title="bbox 2220 4100 3777 4175; baseline -0.006 -17"><span class='ocrx_word' id='word_1_557' title='bbox 2220 4104 2428 4173; x_wconf 77' lang='grc' dir='ltr'><strong>μεταξὺ</strong></span> <span class='ocrx_word' id='word_1_558' title='bbox 2459 4103 2604 4157; x_wconf 78' lang='grc' dir='ltr'><strong>δυοῖν</strong></span> <span class='ocrx_word' id='word_1_559' title='bbox 2648 4104 2895 4175; x_wconf 85' lang='grc' dir='ltr'><strong>στρατῶν</strong></span> <span class='ocrx_word' id='word_1_560' title='bbox 2926 4100 3203 4172; x_wconf 87' lang='grc' dir='ltr'><strong>πολεμίων</strong></span> <span class='ocrx_word' id='word_1_561' title='bbox 3240 4100 3317 4163; x_wconf 83' lang='grc' dir='ltr'><strong>ὡς</strong></span> <span class='ocrx_word' id='word_1_562' title='bbox 3350 4102 3410 4155; x_wconf 77' lang='grc' dir='ltr'><strong>ὲν</strong></span> <span class='ocrx_word' id='word_1_563' title='bbox 3441 4100 3637 4168; x_wconf 82' lang='grc' dir='ltr'><strong>δικτύῳ</strong></span> <span class='ocrx_word' id='word_1_564' title='bbox 3665 4112 3777 4149; x_wconf 82' lang='grc' dir='ltr'><strong>συν·</strong></span> 
     </span>
    </p>
   </div>
   <div class='ocr_carea' id='block_1_80' title="bbox 524 4193 2123 4271">
    <p class='ocr_par' dir='ltr' id='par_1_80' title="bbox 524 4196 2117 4271">
     <span class='ocr_line' id='line_1_80' title="bbox 524 4196 2117 4271; baseline -0.005 -14"><span class='ocrx_word' id='word_1_565' title='bbox 524 4199 936 4271; x_wconf 87' lang='lat' dir='ltr'><strong>comprehensi,</strong></span> <span class='ocrx_word' id='word_1_566' title='bbox 966 4197 1193 4253; x_wconf 87' lang='lat' dir='ltr'><strong>ﬂumine</strong></span> <span class='ocrx_word' id='word_1_567' title='bbox 1224 4196 1346 4267; x_wconf 89' lang='lat' dir='ltr'><strong>ipso</strong></span> <span class='ocrx_word' id='word_1_568' title='bbox 1370 4197 1649 4258; x_wconf 85' lang='lat' dir='ltr'><strong>obstante,</strong></span> <span class='ocrx_word' id='word_1_569' title='bbox 1676 4212 1788 4265; x_wconf 85' lang='lat' dir='ltr'><strong>quo</strong></span> <span class='ocrx_word' id='word_1_570' title='bbox 1812 4197 1997 4250; x_wconf 86' lang='lat' dir='ltr'><strong>minus</strong></span> <span class='ocrx_word' id='word_1_571' title='bbox 2020 4204 2117 4249; x_wconf 89' lang='lat' dir='ltr'><strong>aut</strong></span> 
     </span>
    </p>
   </div>
   <div class='ocr_carea' id='block_1_81' title="bbox 2220 4193 3779 4271">
    <p class='ocr_par' dir='ltr' id='par_1_81' title="bbox 2220 4193 3779 4267">
     <span class='ocr_line' id='line_1_81' title="bbox 2220 4193 3779 4267; baseline -0.005 -18"><span class='ocrx_word' id='word_1_572' title='bbox 2220 4197 2568 4267; x_wconf 78' lang='grc' dir='ltr'><strong>ειλημμένοι,</strong></span> <span class='ocrx_word' id='word_1_573' title='bbox 2603 4196 2700 4249; x_wconf 80' lang='grc' dir='ltr'><strong>καὶ</strong></span> <span class='ocrx_word' id='word_1_574' title='bbox 2754 4196 2869 4265; x_wconf 82' lang='grc' dir='ltr'><strong>ἆμα</strong></span> <span class='ocrx_word' id='word_1_575' title='bbox 2900 4195 2995 4248; x_wconf 81' lang='grc' dir='ltr'><strong>τοῦ</strong></span> <span class='ocrx_word' id='word_1_576' title='bbox 3042 4193 3291 4262; x_wconf 81' lang='grc' dir='ltr'><strong>ποταμοῦ</strong></span> <span class='ocrx_word' id='word_1_577' title='bbox 3344 4193 3445 4265; x_wconf 75' lang='grc' dir='ltr'><strong>τὴν</strong></span> <span class='ocrx_word' id='word_1_578' title='bbox 3499 4203 3779 4264; x_wconf 81' lang='grc' dir='ltr'><strong>στρατοπε-</strong></span> 
     </span>
    </p>
   </div>
   <div class='ocr_carea' id='block_1_82' title="bbox 527 4278 2123 4359">
    <p class='ocr_par' dir='ltr' id='par_1_82' title="bbox 527 4287 2113 4356">
     <span class='ocr_line' id='line_1_82' title="bbox 527 4287 2113 4356; baseline -0.004 -7"><span class='ocrx_word' id='word_1_579' title='bbox 527 4302 1076 4356; x_wconf 86' lang='lat' dir='ltr'><strong>eastrametarentur,</strong></span> <span class='ocrx_word' id='word_1_580' title='bbox 1099 4299 1199 4346; x_wconf 86' lang='lat' dir='ltr'><strong>aut</strong></span> <span class='ocrx_word' id='word_1_581' title='bbox 1243 4291 1421 4345; x_wconf 84' lang='lat' dir='ltr'><strong>aciem</strong></span> <span class='ocrx_word' id='word_1_582' title='bbox 1453 4290 1560 4344; x_wconf 91' lang='lat' dir='ltr'><strong>rite</strong></span> <span class='ocrx_word' id='word_1_583' title='bbox 1590 4289 1934 4344; x_wconf 88' lang='lat' dir='ltr'><strong>instruerent</strong></span> <span class='ocrx_word' id='word_1_584' title='bbox 1959 4304 1975 4353; x_wconf 88' lang='lat'><strong>;</strong></span> <span class='ocrx_word' id='word_1_585' title='bbox 2004 4287 2113 4342; x_wconf 90' lang='lat' dir='ltr'><strong>nisi</strong></span> 
     </span>
    </p>
   </div>
   <div class='ocr_carea' id='block_1_83' title="bbox 2220 4278 3779 4359">
    <p class='ocr_par' dir='ltr' id='par_1_83' title="bbox 2220 4278 3779 4359">
     <span class='ocr_line' id='line_1_83' title="bbox 2220 4278 3779 4359; baseline -0.008 -16"><span class='ocrx_word' id='word_1_586' title='bbox 2220 4289 2362 4343; x_wconf 80' lang='grc' dir='ltr'><strong>δείαν</strong></span> <span class='ocrx_word' id='word_1_587' title='bbox 2394 4289 2487 4343; x_wconf 77' lang='grc' dir='ltr'><strong>καὶ</strong></span> <span class='ocrx_word' id='word_1_588' title='bbox 2515 4288 2613 4359; x_wconf 80' lang='grc' dir='ltr'><strong>τὴν</strong></span> <span class='ocrx_word' id='word_1_589' title='bbox 2649 4287 3015 4358; x_wconf 83' lang='grc' dir='ltr'><strong>ὀφειλομένην</strong></span> <span class='ocrx_word' id='word_1_590' title='bbox 3052 4284 3363 4356; x_wconf 86' lang='grc' dir='ltr'><strong>παράταξιν</strong></span> <span class='ocrx_word' id='word_1_591' title='bbox 3398 4286 3714 4345; x_wconf 87' lang='grc' dir='ltr'><strong>κωλύοντος,</strong></span> <span class='ocrx_word' id='word_1_592' title='bbox 3734 4278 3779 4331; x_wconf 81' lang='grc' dir='ltr'><strong>εί</strong></span> 
     </span>
    </p>
   </div>
   <div class='ocr_carea' id='block_1_84' title="bbox 526 4369 2123 4457">
    <p class='ocr_par' dir='ltr' id='par_1_84' title="bbox 526 4376 2114 4457">
     <span class='ocr_line' id='line_1_84' title="bbox 526 4376 2114 4457; baseline -0.008 -15"><span class='ocrx_word' id='word_1_593' title='bbox 526 4386 676 4443; x_wconf 82' lang='lat' dir='ltr'><strong>Deus</strong></span> <span class='ocrx_word' id='word_1_594' title='bbox 700 4384 1001 4455; x_wconf 84' lang='lat' dir='ltr'><strong>derepente</strong></span> <span class='ocrx_word' id='word_1_595' title='bbox 1027 4391 1084 4437; x_wconf 89' lang='lat' dir='ltr'><strong>et</strong></span> <span class='ocrx_word' id='word_1_596' title='bbox 1114 4397 1180 4436; x_wconf 78' lang='lat' dir='ltr'><strong>ex</strong></span> <span class='ocrx_word' id='word_1_597' title='bbox 1226 4378 1527 4450; x_wconf 81' lang='lat' dir='ltr'><strong>improviso</strong></span> <span class='ocrx_word' id='word_1_598' title='bbox 1573 4392 1795 4432; x_wconf 88' lang='lat' dir='ltr'><strong>manum</strong></span> <span class='ocrx_word' id='word_1_599' title='bbox 1824 4376 1934 4432; x_wconf 90' lang='lat' dir='ltr'><strong>illis</strong></span> <span class='ocrx_word' id='word_1_600' title='bbox 1963 4391 2114 4457; x_wconf 82' lang='lat' dir='ltr'><strong>com-</strong></span> 
     </span>
    </p>
   </div>
   <div class='ocr_carea' id='block_1_85' title="bbox 2220 4369 3780 4457">
    <p class='ocr_par' dir='ltr' id='par_1_85' title="bbox 2224 4369 3780 4455">
     <span class='ocr_line' id='line_1_85' title="bbox 2224 4369 3780 4455; baseline -0.01 -19"><span class='ocrx_word' id='word_1_601' title='bbox 2224 4382 2300 4451; x_wconf 81' lang='grc' dir='ltr'><strong>μὴ</strong></span> <span class='ocrx_word' id='word_1_602' title='bbox 2333 4381 2469 4444; x_wconf 76' lang='grc' dir='ltr'><strong>Θεὸς</strong></span> <span class='ocrx_word' id='word_1_603' title='bbox 2507 4381 2574 4435; x_wconf 76' lang='grc' dir='ltr'><strong>ὲκ</strong></span> <span class='ocrx_word' id='word_1_604' title='bbox 2606 4381 2701 4435; x_wconf 81' lang='grc' dir='ltr'><strong>τοῦ</strong></span> <span class='ocrx_word' id='word_1_605' title='bbox 2732 4380 2921 4450; x_wconf 77' lang='grc' dir='ltr'><strong>σχεδὸν</strong></span> <span class='ocrx_word' id='word_1_606' title='bbox 2946 4378 3361 4455; x_wconf 77' lang='grc' dir='ltr'><strong>ἀπροσδόκητον</strong></span> <span class='ocrx_word' id='word_1_607' title='bbox 3388 4377 3675 4448; x_wconf 79' lang='grc' dir='ltr'><strong>ἐχαρίσατο</strong></span> <span class='ocrx_word' id='word_1_608' title='bbox 3694 4369 3780 4441; x_wconf 74' lang='grc' dir='ltr'><strong>τὴν</strong></span> 
     </span>
    </p>
   </div>
   <div class='ocr_carea' id='block_1_86' title="bbox 528 4461 2123 4543">
    <p class='ocr_par' dir='ltr' id='par_1_86' title="bbox 528 4468 2113 4543">
     <span class='ocr_line' id='line_1_86' title="bbox 528 4468 2113 4543; baseline -0.008 -10"><span class='ocrx_word' id='word_1_609' title='bbox 528 4476 812 4533; x_wconf 86' lang='lat' dir='ltr'><strong>modasset</strong></span> <span class='ocrx_word' id='word_1_610' title='bbox 839 4474 1201 4543; x_wconf 72' lang='lat' dir='ltr'><strong>adjutricem;</strong></span> <span class='ocrx_word' id='word_1_611' title='bbox 1249 4472 1418 4535; x_wconf 88' lang='lat' dir='ltr'><strong>Deus,</strong></span> <span class='ocrx_word' id='word_1_612' title='bbox 1452 4470 1699 4540; x_wconf 86' lang='lat' dir='ltr'><strong>inquam,</strong></span> <span class='ocrx_word' id='word_1_613' title='bbox 1734 4468 1828 4538; x_wconf 86' lang='lat' dir='ltr'><strong>qui</strong></span> <span class='ocrx_word' id='word_1_614' title='bbox 1866 4477 1923 4522; x_wconf 92' lang='lat' dir='ltr'><strong>et</strong></span> <span class='ocrx_word' id='word_1_615' title='bbox 1969 4483 2113 4537; x_wconf 74' lang='lat' dir='ltr'><strong>saepe</strong></span> 
     </span>
    </p>
   </div>
   <div class='ocr_carea' id='block_1_87' title="bbox 2220 4461 3780 4543">
    <p class='ocr_par' dir='ltr' id='par_1_87' title="bbox 2220 4461 3780 4543">
     <span class='ocr_line' id='line_1_87' title="bbox 2220 4461 3780 4543; baseline -0.008 -18"><span class='ocrx_word' id='word_1_616' title='bbox 2220 4473 2516 4541; x_wconf 75' lang='grc' dir='ltr'><strong>ἐπίκουρον</strong></span> <span class='ocrx_word' id='word_1_617' title='bbox 2554 4474 2711 4543; x_wconf 75' lang='grc' dir='ltr'><strong>χεῖρα</strong></span> <span class='ocrx_word' id='word_1_618' title='bbox 2735 4488 2749 4502; x_wconf 79' lang='grc'><strong><em>⁸</em></strong></span> <span class='ocrx_word' id='word_1_619' title='bbox 2784 4471 2844 4535; x_wconf 87' lang='grc' dir='ltr'><strong>δς</strong></span> <span class='ocrx_word' id='word_1_620' title='bbox 2874 4470 2945 4525; x_wconf 83' lang='grc' dir='ltr'><strong>τά</strong></span> <span class='ocrx_word' id='word_1_621' title='bbox 2995 4470 3097 4542; x_wconf 77' lang='grc' dir='ltr'><strong>μὲν</strong></span> <span class='ocrx_word' id='word_1_622' title='bbox 3144 4470 3572 4541; x_wconf 79' lang='grc' dir='ltr'><strong>προσδοκώμενα</strong></span> <span class='ocrx_word' id='word_1_623' title='bbox 3601 4461 3780 4519; x_wconf 83' lang='grc' dir='ltr'><strong>πολλά-</strong></span> 
     </span>
    </p>
   </div>
   <div class='ocr_carea' id='block_1_88' title="bbox 531 4557 2123 4636">
    <p class='ocr_par' dir='ltr' id='par_1_88' title="bbox 531 4559 2111 4634">
     <span class='ocr_line' id='line_1_88' title="bbox 531 4559 2111 4634; baseline -0.009 -9"><span class='ocrx_word' id='word_1_624' title='bbox 531 4568 735 4625; x_wconf 87' lang='lat' dir='ltr'><strong>infecta</strong></span> <span class='ocrx_word' id='word_1_625' title='bbox 767 4566 948 4622; x_wconf 87' lang='lat' dir='ltr'><strong>reddit</strong></span> <span class='ocrx_word' id='word_1_626' title='bbox 973 4581 1037 4620; x_wconf 84' lang='lat' dir='ltr'><strong>ea</strong></span> <span class='ocrx_word' id='word_1_627' title='bbox 1062 4578 1301 4634; x_wconf 86' lang='lat' dir='ltr'><strong>quorum</strong></span> <span class='ocrx_word' id='word_1_628' title='bbox 1348 4559 1583 4616; x_wconf 79' lang='lat' dir='ltr'><strong>maxima</strong></span> <span class='ocrx_word' id='word_1_629' title='bbox 1608 4569 1727 4615; x_wconf 87' lang='lat' dir='ltr'><strong>erat</strong></span> <span class='ocrx_word' id='word_1_630' title='bbox 1753 4559 2111 4629; x_wconf 79' lang='lat' dir='ltr'><strong>exspectatio,</strong></span> 
     </span>
    </p>
   </div>
   <div class='ocr_carea' id='block_1_89' title="bbox 2220 4557 3779 4636">
    <p class='ocr_par' dir='ltr' id='par_1_89' title="bbox 2220 4557 3779 4636">
     <span class='ocr_line' id='line_1_89' title="bbox 2220 4557 3779 4636; baseline -0.011 -14"><span class='ocrx_word' id='word_1_631' title='bbox 2220 4583 2307 4628; x_wconf 86' lang='grc' dir='ltr'><strong>κις</strong></span> <span class='ocrx_word' id='word_1_632' title='bbox 2341 4565 2601 4636; x_wconf 78' lang='grc' dir='ltr'><strong>ἄπρακτα</strong></span> <span class='ocrx_word' id='word_1_633' title='bbox 2630 4565 2841 4635; x_wconf 68' lang='grc' dir='ltr'><strong>τίθησι,</strong></span> <span class='ocrx_word' id='word_1_634' title='bbox 2885 4565 2996 4625; x_wconf 81' lang='grc' dir='ltr'><strong>τοῖς</strong></span> <span class='ocrx_word' id='word_1_635' title='bbox 3029 4561 3087 4617; x_wconf 78' lang='grc' dir='ltr'><strong>δὲ</strong></span> <span class='ocrx_word' id='word_1_636' title='bbox 3121 4562 3350 4633; x_wconf 82' lang='grc' dir='ltr'><strong>μηδαμῆ</strong></span> <span class='ocrx_word' id='word_1_637' title='bbox 3382 4557 3779 4632; x_wconf 84' lang='grc' dir='ltr'><strong>προσδοκηθείσι</strong></span> 
     </span>
    </p>
   </div>
   <div class='ocr_carea' id='block_1_90' title="bbox 532 4647 2123 4732">
    <p class='ocr_par' dir='ltr' id='par_1_90' title="bbox 532 4653 2113 4732">
     <span class='ocr_line' id='line_1_90' title="bbox 532 4653 2113 4732; baseline -0.008 -14"><span class='ocrx_word' id='word_1_638' title='bbox 532 4674 591 4718; x_wconf 90' lang='lat' dir='ltr'><strong>et</strong></span> <span class='ocrx_word' id='word_1_639' title='bbox 618 4661 687 4717; x_wconf 91' lang='lat' dir='ltr'><strong>iis</strong></span> <span class='ocrx_word' id='word_1_640' title='bbox 712 4676 836 4732; x_wconf 65' lang='lat' dir='ltr'><strong>quae</strong></span> <span class='ocrx_word' id='word_1_641' title='bbox 864 4658 1096 4714; x_wconf 89' lang='lat' dir='ltr'><strong>minime</strong></span> <span class='ocrx_word' id='word_1_642' title='bbox 1134 4655 1366 4727; x_wconf 67' lang='lat' dir='ltr'><strong>praevisa</strong></span> <span class='ocrx_word' id='word_1_643' title='bbox 1403 4653 1643 4718; x_wconf 78' lang='lat' dir='ltr'><strong>fuerant,</strong></span> <span class='ocrx_word' id='word_1_644' title='bbox 1688 4653 1961 4709; x_wconf 85' lang='lat' dir='ltr'><strong>secundos</strong></span> <span class='ocrx_word' id='word_1_645' title='bbox 1997 4654 2113 4707; x_wconf 78' lang='lat' dir='ltr'><strong>exi-</strong></span> 
     </span>
    </p>
   </div>
   <div class='ocr_carea' id='block_1_91' title="bbox 2220 4647 3777 4732">
    <p class='ocr_par' dir='ltr' id='par_1_91' title="bbox 2220 4647 3777 4729">
     <span class='ocr_line' id='line_1_91' title="bbox 2220 4647 3777 4729; baseline -0.004 -19"><span class='ocrx_word' id='word_1_646' title='bbox 2220 4657 2399 4724; x_wconf 80' lang='grc' dir='ltr'><strong>δεξιάν</strong></span> <span class='ocrx_word' id='word_1_647' title='bbox 2430 4656 2724 4729; x_wconf 73' lang='grc' dir='ltr'><strong>χαρίζεται</strong></span> <span class='ocrx_word' id='word_1_648' title='bbox 2781 4656 2881 4722; x_wconf 80' lang='grc' dir='ltr'><strong>τὴν</strong></span> <span class='ocrx_word' id='word_1_649' title='bbox 2930 4655 3110 4723; x_wconf 84' lang='grc' dir='ltr'><strong>λῆξιν.</strong></span> <span class='ocrx_word' id='word_1_650' title='bbox 3154 4654 3499 4716; x_wconf 81' lang='grc' dir='ltr'><strong>’Δπόκαυκος</strong></span> <span class='ocrx_word' id='word_1_651' title='bbox 3537 4651 3634 4719; x_wconf 82' lang='grc' dir='ltr'><strong>μὲν</strong></span> <span class='ocrx_word' id='word_1_652' title='bbox 3679 4647 3777 4714; x_wconf 80' lang='grc' dir='ltr'><strong>γὰρ</strong></span> 
     </span>
    </p>
   </div>
   <div class='ocr_carea' id='block_1_92' title="bbox 536 4732 2123 4822">
    <p class='ocr_par' dir='ltr' id='par_1_92' title="bbox 536 4743 2114 4820">
     <span class='ocr_line' id='line_1_92' title="bbox 536 4743 2114 4820; baseline -0.004 -15"><span class='ocrx_word' id='word_1_653' title='bbox 536 4762 631 4807; x_wconf 89' lang='lat' dir='ltr'><strong>tus</strong></span> <span class='ocrx_word' id='word_1_654' title='bbox 680 4750 934 4820; x_wconf 76' lang='lat' dir='ltr'><strong>largitur.</strong></span> <span class='ocrx_word' id='word_1_655' title='bbox 982 4746 1120 4802; x_wconf 84' lang='lat' dir='ltr'><strong>Nam</strong></span> <span class='ocrx_word' id='word_1_656' title='bbox 1172 4745 1498 4814; x_wconf 85' lang='lat' dir='ltr'><strong>Apocaucus</strong></span> <span class='ocrx_word' id='word_1_657' title='bbox 1542 4743 1764 4813; x_wconf 76' lang='lat' dir='ltr'><strong>quidem</strong></span> <span class='ocrx_word' id='word_1_658' title='bbox 1822 4743 2114 4799; x_wconf 88' lang='lat' dir='ltr'><strong>timiditate</strong></span> 
     </span>
    </p>
   </div>
   <div class='ocr_carea' id='block_1_93' title="bbox 2220 4732 3778 4822">
    <p class='ocr_par' dir='ltr' id='par_1_93' title="bbox 2220 4737 3778 4822">
     <span class='ocr_line' id='line_1_93' title="bbox 2220 4737 3778 4822; baseline -0.004 -20"><span class='ocrx_word' id='word_1_659' title='bbox 2220 4749 2391 4822; x_wconf 78' lang='grc' dir='ltr'><strong>δειλίᾳ</strong></span> <span class='ocrx_word' id='word_1_660' title='bbox 2427 4751 2619 4821; x_wconf 84' lang='grc' dir='ltr'><strong>μακρᾷ</strong></span> <span class='ocrx_word' id='word_1_661' title='bbox 2664 4748 2765 4820; x_wconf 79' lang='grc' dir='ltr'><strong>τὴν</strong></span> <span class='ocrx_word' id='word_1_662' title='bbox 2800 4747 2980 4819; x_wconf 73' lang='grc' dir='ltr'><strong>ὁρμὴν</strong></span> <span class='ocrx_word' id='word_1_663' title='bbox 3015 4746 3361 4816; x_wconf 83' lang='grc' dir='ltr'><strong>ἀνεχαίτισεν</strong></span> <span class='ocrx_word' id='word_1_664' title='bbox 3400 4743 3592 4798; x_wconf 77' lang='grc' dir='ltr'><strong>ἑαυτοῦ</strong></span> <span class='ocrx_word' id='word_1_665' title='bbox 3613 4759 3627 4771; x_wconf 80' lang='lat'><strong>&#39;</strong></span> <span class='ocrx_word' id='word_1_666' title='bbox 3657 4737 3778 4808; x_wconf 76' lang='grc' dir='ltr'><strong>ἀνὴρ</strong></span> 
     </span>
    </p>
   </div>
   <div class='ocr_carea' id='block_1_94' title="bbox 535 4832 2123 4912">
    <p class='ocr_par' dir='ltr' id='par_1_94' title="bbox 535 4835 2116 4907">
     <span class='ocr_line' id='line_1_94' title="bbox 535 4835 2116 4907; baseline -0.007 -7"><span class='ocrx_word' id='word_1_667' title='bbox 535 4858 753 4901; x_wconf 89' lang='lat' dir='ltr'><strong>summa</strong></span> <span class='ocrx_word' id='word_1_668' title='bbox 788 4854 948 4894; x_wconf 90' lang='lat' dir='ltr'><strong>suum</strong></span> <span class='ocrx_word' id='word_1_669' title='bbox 991 4837 1110 4907; x_wconf 77' lang='lat' dir='ltr'><strong>ipse</strong></span> <span class='ocrx_word' id='word_1_670' title='bbox 1160 4837 1425 4905; x_wconf 88' lang='lat' dir='ltr'><strong>impetum</strong></span> <span class='ocrx_word' id='word_1_671' title='bbox 1476 4835 1757 4905; x_wconf 83' lang='lat' dir='ltr'><strong>repressit.</strong></span> <span class='ocrx_word' id='word_1_672' title='bbox 1792 4835 1886 4890; x_wconf 84' lang='lat' dir='ltr'><strong>Vir</strong></span> <span class='ocrx_word' id='word_1_673' title='bbox 1932 4843 2116 4889; x_wconf 84' lang='lat' dir='ltr'><strong>autem</strong></span> 
     </span>
    </p>
   </div>
   <div class='ocr_carea' id='block_1_95' title="bbox 2220 4832 3777 4912">
    <p class='ocr_par' dir='ltr' id='par_1_95' title="bbox 2220 4832 3777 4912">
     <span class='ocr_line' id='line_1_95' title="bbox 2220 4832 3777 4912; baseline -0.01 -17"><span class='ocrx_word' id='word_1_674' title='bbox 2220 4842 2272 4895; x_wconf 78' lang='grc' dir='ltr'><strong>δέ</strong></span> <span class='ocrx_word' id='word_1_675' title='bbox 2295 4860 2379 4904; x_wconf 90' lang='grc' dir='ltr'><strong>τις</strong></span> <span class='ocrx_word' id='word_1_676' title='bbox 2402 4842 2511 4895; x_wconf 88' lang='grc' dir='ltr'><strong>τῶν</strong></span> <span class='ocrx_word' id='word_1_677' title='bbox 2541 4841 2827 4912; x_wconf 77' lang='grc' dir='ltr'><strong>ἐγχωρίων</strong></span> <span class='ocrx_word' id='word_1_678' title='bbox 2857 4840 2995 4912; x_wconf 85' lang='lat'><strong>(9|),</strong></span> <span class='ocrx_word' id='word_1_679' title='bbox 3023 4837 3112 4910; x_wconf 87' lang='lat' dir='ltr'><strong>[P.</strong></span> <span class='ocrx_word' id='word_1_680' title='bbox 3146 4838 3274 4910; x_wconf 68' lang='grc' dir='ltr'><strong>ιη]</strong></span> <span class='ocrx_word' id='word_1_681' title='bbox 3298 4838 3423 4909; x_wconf 82' lang='grc' dir='ltr'><strong>ἄρτι</strong></span> <span class='ocrx_word' id='word_1_682' title='bbox 3446 4836 3542 4907; x_wconf 78' lang='grc' dir='ltr'><strong>τὴν</strong></span> <span class='ocrx_word' id='word_1_683' title='bbox 3564 4832 3777 4903; x_wconf 72' lang='grc' dir='ltr'><strong>Τριϐαλ-</strong></span> 
     </span>
    </p>
   </div>
   <div class='ocr_carea' id='block_1_96' title="bbox 534 4926 2122 5007">
    <p class='ocr_par' dir='ltr' id='par_1_96' title="bbox 534 4926 2122 5007">
     <span class='ocr_line' id='line_1_96' title="bbox 534 4926 2122 5007; baseline -0.009 -14"><span class='ocrx_word' id='word_1_684' title='bbox 534 4936 762 5007; x_wconf 87' lang='lat' dir='ltr'><strong>quidam</strong></span> <span class='ocrx_word' id='word_1_685' title='bbox 792 4948 859 4986; x_wconf 84' lang='lat' dir='ltr'><strong>ex</strong></span> <span class='ocrx_word' id='word_1_686' title='bbox 884 4930 1036 4985; x_wconf 90' lang='lat' dir='ltr'><strong>illius</strong></span> <span class='ocrx_word' id='word_1_687' title='bbox 1060 4929 1167 4984; x_wconf 89' lang='lat' dir='ltr'><strong>loci</strong></span> <span class='ocrx_word' id='word_1_688' title='bbox 1200 4928 1398 4983; x_wconf 90' lang='lat' dir='ltr'><strong>incolis</strong></span> <span class='ocrx_word' id='word_1_689' title='bbox 1429 4927 1796 4983; x_wconf 88' lang='lat' dir='ltr'><strong>Triballorum</strong></span> <span class='ocrx_word' id='word_1_690' title='bbox 1828 4926 2122 4999; x_wconf 75' lang='lat' dir='ltr'><strong>praedatio-</strong></span> 
     </span>
    </p>
   </div>
   <div class='ocr_carea' id='block_1_97' title="bbox 535 5018 2120 5094">
    <p class='ocr_par' dir='ltr' id='par_1_97' title="bbox 535 5018 2120 5094">
     <span class='ocr_line' id='line_1_97' title="bbox 535 5018 2120 5094; baseline -0.008 -11"><span class='ocrx_word' id='word_1_691' title='bbox 535 5028 704 5084; x_wconf 87' lang='lat' dir='ltr'><strong>nibus</strong></span> <span class='ocrx_word' id='word_1_692' title='bbox 759 5038 934 5094; x_wconf 86' lang='lat' dir='ltr'><strong>nuper</strong></span> <span class='ocrx_word' id='word_1_693' title='bbox 986 5021 1209 5090; x_wconf 84' lang='lat' dir='ltr'><strong>elapsus</strong></span> <span class='ocrx_word' id='word_1_694' title='bbox 1256 5021 1400 5075; x_wconf 89' lang='lat' dir='ltr'><strong>ultro</strong></span> <span class='ocrx_word' id='word_1_695' title='bbox 1456 5030 1570 5075; x_wconf 87' lang='lat' dir='ltr'><strong>tum</strong></span> <span class='ocrx_word' id='word_1_696' title='bbox 1618 5018 1687 5074; x_wconf 90' lang='lat' dir='ltr'><strong>ad</strong></span> <span class='ocrx_word' id='word_1_697' title='bbox 1734 5019 2120 5089; x_wconf 85' lang='lat' dir='ltr'><strong>imperatorem</strong></span> 
     </span>
    </p>
   </div>
   <div class='ocr_carea' id='block_1_98' title="bbox 540 5110 2157 5188">
    <p class='ocr_par' dir='ltr' id='par_1_98' title="bbox 540 5110 2157 5188">
     <span class='ocr_line' id='line_1_98' title="bbox 540 5110 2157 5188; baseline -0.007 -14"><span class='ocrx_word' id='word_1_698' title='bbox 540 5116 859 5186; x_wconf 80' lang='lat' dir='ltr'><strong>transfugit,</strong></span> <span class='ocrx_word' id='word_1_699' title='bbox 911 5114 1299 5185; x_wconf 87' lang='lat' dir='ltr'><strong>promisitque,</strong></span> <span class='ocrx_word' id='word_1_700' title='bbox 1346 5112 1716 5167; x_wconf 82' lang='lat' dir='ltr'><strong>indicaturum</strong></span> <span class='ocrx_word' id='word_1_701' title='bbox 1772 5126 1831 5166; x_wconf 89' lang='lat' dir='ltr'><strong>se</strong></span> <span class='ocrx_word' id='word_1_702' title='bbox 1875 5112 1924 5166; x_wconf 87' lang='lat' dir='ltr'><strong>ei</strong></span> <span class='ocrx_word' id='word_1_703' title='bbox 1958 5110 2157 5188; x_wconf 79' lang='lat' dir='ltr'><strong>aliam_</strong></span> 
     </span>
    </p>
   </div>
   <div class='ocr_carea' id='block_1_99' title="bbox 540 5202 2128 5281">
    <p class='ocr_par' dir='ltr' id='par_1_99' title="bbox 540 5202 2128 5281">
     <span class='ocr_line' id='line_1_99' title="bbox 540 5202 2128 5281; baseline -0.006 -16"><span class='ocrx_word' id='word_1_704' title='bbox 540 5212 610 5268; x_wconf 86' lang='lat' dir='ltr'><strong>ab</strong></span> <span class='ocrx_word' id='word_1_705' title='bbox 639 5226 704 5266; x_wconf 86' lang='lat' dir='ltr'><strong>ea</strong></span> <span class='ocrx_word' id='word_1_706' title='bbox 730 5224 851 5281; x_wconf 77' lang='lat' dir='ltr'><strong>quae</strong></span> <span class='ocrx_word' id='word_1_707' title='bbox 887 5216 1017 5264; x_wconf 85' lang='lat' dir='ltr'><strong>nota</strong></span> <span class='ocrx_word' id='word_1_708' title='bbox 1049 5216 1170 5264; x_wconf 87' lang='lat' dir='ltr'><strong>erat</strong></span> <span class='ocrx_word' id='word_1_709' title='bbox 1196 5222 1296 5277; x_wconf 87' lang='lat' dir='ltr'><strong>per</strong></span> <span class='ocrx_word' id='word_1_710' title='bbox 1323 5205 1524 5260; x_wconf 90' lang='lat' dir='ltr'><strong>ﬂumen</strong></span> <span class='ocrx_word' id='word_1_711' title='bbox 1556 5204 1721 5268; x_wconf 79' lang='lat' dir='ltr'><strong>viam,</strong></span> <span class='ocrx_word' id='word_1_712' title='bbox 1754 5202 1799 5258; x_wconf 90' lang='lat' dir='ltr'><strong>si</strong></span> <span class='ocrx_word' id='word_1_713' title='bbox 1831 5203 1936 5260; x_wconf 89' lang='lat' dir='ltr'><strong>sibi</strong></span> <span class='ocrx_word' id='word_1_714' title='bbox 1986 5218 2128 5257; x_wconf 86' lang='lat' dir='ltr'><strong>mer-</strong></span> 
     </span>
    </p>
   </div>
   <div class='ocr_carea' id='block_1_100' title="bbox 539 5294 2124 5372">
    <p class='ocr_par' dir='ltr' id='par_1_100' title="bbox 539 5294 2124 5372">
     <span class='ocr_line' id='line_1_100' title="bbox 539 5294 2124 5372; baseline -0.006 -14"><span class='ocrx_word' id='word_1_715' title='bbox 539 5318 634 5358; x_wconf 88' lang='lat' dir='ltr'><strong>ces</strong></span> <span class='ocrx_word' id='word_1_716' title='bbox 685 5302 912 5358; x_wconf 87' lang='lat' dir='ltr'><strong>daretur</strong></span> <span class='ocrx_word' id='word_1_717' title='bbox 971 5301 1137 5372; x_wconf 86' lang='lat' dir='ltr'><strong>paulo</strong></span> <span class='ocrx_word' id='word_1_718' title='bbox 1202 5297 1480 5371; x_wconf 80' lang='lat' dir='ltr'><strong>pinguior.</strong></span> <span class='ocrx_word' id='word_1_719' title='bbox 1541 5295 1641 5350; x_wconf 85' lang='lat' dir='ltr'><strong>llis</strong></span> <span class='ocrx_word' id='word_1_720' title='bbox 1708 5294 2124 5351; x_wconf 87' lang='lat' dir='ltr'><strong>conditionibus</strong></span> 
     </span>
    </p>
   </div>
   <div class='ocr_carea' id='block_1_101' title="bbox 541 5384 2125 5464">
    <p class='ocr_par' dir='ltr' id='par_1_101' title="bbox 541 5384 2125 5464">
     <span class='ocr_line' id='line_1_101' title="bbox 541 5384 2125 5464; baseline -0.003 -16"><span class='ocrx_word' id='word_1_721' title='bbox 541 5397 866 5453; x_wconf 85' lang='lat' dir='ltr'><strong>transmisso</strong></span> <span class='ocrx_word' id='word_1_722' title='bbox 889 5392 1240 5464; x_wconf 88' lang='lat' dir='ltr'><strong>imperatoris</strong></span> <span class='ocrx_word' id='word_1_723' title='bbox 1267 5390 1535 5457; x_wconf 79' lang='lat' dir='ltr'><strong>exercitu,</strong></span> <span class='ocrx_word' id='word_1_724' title='bbox 1568 5384 1806 5461; x_wconf 90' lang='lat' dir='ltr'><strong>perculsi</strong></span> <span class='ocrx_word' id='word_1_725' title='bbox 1840 5388 1918 5442; x_wconf 91' lang='lat' dir='ltr'><strong>rei</strong></span> <span class='ocrx_word' id='word_1_726' title='bbox 1952 5387 2125 5444; x_wconf 84' lang='lat' dir='ltr'><strong>mira-</strong></span> 
     </span>
    </p>
   </div>
   <div class='ocr_carea' id='block_1_102' title="bbox 539 5481 2126 5549">
    <p class='ocr_par' dir='ltr' id='par_1_102' title="bbox 539 5481 2126 5549">
     <span class='ocr_line' id='line_1_102' title="bbox 539 5481 2126 5549; baseline -0.007 -4"><span class='ocrx_word' id='word_1_727' title='bbox 539 5491 665 5545; x_wconf 84' lang='lat' dir='ltr'><strong>culo</strong></span> <span class='ocrx_word' id='word_1_728' title='bbox 694 5489 925 5544; x_wconf 86' lang='lat' dir='ltr'><strong>Triballi</strong></span> <span class='ocrx_word' id='word_1_729' title='bbox 968 5489 1096 5542; x_wconf 86' lang='lat' dir='ltr'><strong>inde</strong></span> <span class='ocrx_word' id='word_1_730' title='bbox 1147 5486 1357 5540; x_wconf 75' lang='lat' dir='ltr'><strong>abeunt</strong></span> <span class='ocrx_word' id='word_1_731' title='bbox 1388 5484 1700 5547; x_wconf 84' lang='lat' dir='ltr'><strong>celerrime,</strong></span> <span class='ocrx_word' id='word_1_732' title='bbox 1744 5481 1838 5536; x_wconf 86' lang='lat' dir='ltr'><strong>alii</strong></span> <span class='ocrx_word' id='word_1_733' title='bbox 1867 5481 1977 5535; x_wconf 88' lang='lat' dir='ltr'><strong>alio</strong></span> <span class='ocrx_word' id='word_1_734' title='bbox 2024 5496 2126 5549; x_wconf 90' lang='lat' dir='ltr'><strong>per</strong></span> 
     </span>
    </p>
   </div>
   <div class='ocr_carea' id='block_1_103' title="bbox 540 5576 1261 5650">
    <p class='ocr_par' dir='ltr' id='par_1_103' title="bbox 540 5576 1261 5650">
     <span class='ocr_line' id='line_1_103' title="bbox 540 5576 1261 5650; baseline -0.004 -18"><span class='ocrx_word' id='word_1_735' title='bbox 540 5596 662 5634; x_wconf 77' lang='lat' dir='ltr'><strong>eam</strong></span> <span class='ocrx_word' id='word_1_736' title='bbox 691 5580 971 5650; x_wconf 77' lang='lat' dir='ltr'><strong>regionem</strong></span> <span class='ocrx_word' id='word_1_737' title='bbox 1001 5576 1261 5645; x_wconf 87' lang='lat' dir='ltr'><strong>dispersi.</strong></span> 
     </span>
    </p>
   </div>
   <div class='ocr_carea' id='block_1_104' title="bbox 2215 4922 3777 5004">
    <p class='ocr_par' dir='ltr' id='par_1_104' title="bbox 2215 4922 3777 5004">
     <span class='ocr_line' id='line_1_104' title="bbox 2215 4922 3777 5004; baseline -0.01 -17"><span class='ocrx_word' id='word_1_738' title='bbox 2215 4934 2321 4987; x_wconf 86' lang='grc' dir='ltr'><strong>λῶν</strong></span> <span class='ocrx_word' id='word_1_739' title='bbox 2353 4934 2574 5004; x_wconf 76' lang='grc' dir='ltr'><strong>διαδρὰς</strong></span> <span class='ocrx_word' id='word_1_740' title='bbox 2605 4936 2910 5004; x_wconf 79' lang='grc' dir='ltr'><strong>προνομὴν,</strong></span> <span class='ocrx_word' id='word_1_741' title='bbox 2965 4926 3101 5003; x_wconf 76' lang='grc' dir='ltr'><strong>ἧκεν</strong></span> <span class='ocrx_word' id='word_1_742' title='bbox 3154 4930 3454 5000; x_wconf 78' lang='grc' dir='ltr'><strong>αὐτόμολος</strong></span> <span class='ocrx_word' id='word_1_743' title='bbox 3497 4922 3777 4998; x_wconf 78' lang='grc' dir='ltr'><strong>τηνικαῦτα</strong></span> 
     </span>
    </p>
   </div>
   <div class='ocr_carea' id='block_1_105' title="bbox 2217 5013 3777 5098">
    <p class='ocr_par' dir='ltr' id='par_1_105' title="bbox 2217 5013 3777 5098">
     <span class='ocr_line' id='line_1_105' title="bbox 2217 5013 3777 5098; baseline -0.003 -19"><span class='ocrx_word' id='word_1_744' title='bbox 2217 5025 2295 5097; x_wconf 81' lang='grc' dir='ltr'><strong>τῷ</strong></span> <span class='ocrx_word' id='word_1_745' title='bbox 2347 5027 2597 5098; x_wconf 82' lang='grc' dir='ltr'><strong>βασιλεῖ,</strong></span> <span class='ocrx_word' id='word_1_746' title='bbox 2660 5025 2856 5091; x_wconf 80' lang='grc' dir='ltr'><strong>δείξειν</strong></span> <span class='ocrx_word' id='word_1_747' title='bbox 2916 5022 3392 5093; x_wconf 72' lang='grc' dir='ltr'><strong>ἐπαγγελλόμενος</strong></span> <span class='ocrx_word' id='word_1_748' title='bbox 3449 5023 3637 5091; x_wconf 78' lang='grc' dir='ltr'><strong>ἑτέραν</strong></span> <span class='ocrx_word' id='word_1_749' title='bbox 3690 5013 3777 5082; x_wconf 80' lang='grc' dir='ltr'><strong>τῆς</strong></span> 
     </span>
    </p>
   </div>
   <div class='ocr_carea' id='block_1_106' title="bbox 2221 5106 3775 5189">
    <p class='ocr_par' dir='ltr' id='par_1_106' title="bbox 2221 5106 3775 5189">
     <span class='ocr_line' id='line_1_106' title="bbox 2221 5106 3775 5189; baseline -0.004 -17"><span class='ocrx_word' id='word_1_750' title='bbox 2221 5120 2571 5189; x_wconf 77' lang='grc' dir='ltr'><strong>ἐγνωσμένης</strong></span> <span class='ocrx_word' id='word_1_751' title='bbox 2598 5118 2872 5183; x_wconf 89' lang='grc' dir='ltr'><strong>διάϐασιν,</strong></span> <span class='ocrx_word' id='word_1_752' title='bbox 2896 5119 2945 5172; x_wconf 89' lang='grc' dir='ltr'><strong>εί</strong></span> <span class='ocrx_word' id='word_1_753' title='bbox 2980 5117 3399 5188; x_wconf 76' lang='grc' dir='ltr'><strong>δαψιλεστέρους</strong></span> <span class='ocrx_word' id='word_1_754' title='bbox 3420 5116 3541 5174; x_wconf 77' lang='grc' dir='ltr'><strong>τοὺς</strong></span> <span class='ocrx_word' id='word_1_755' title='bbox 3570 5106 3775 5181; x_wconf 75' lang='grc' dir='ltr'><strong>μισθοὺς</strong></span> 
     </span>
    </p>
   </div>
   <div class='ocr_carea' id='block_1_107' title="bbox 2218 5197 3773 5281">
    <p class='ocr_par' dir='ltr' id='par_1_107' title="bbox 2218 5197 3773 5281">
     <span class='ocr_line' id='line_1_107' title="bbox 2218 5197 3773 5281; baseline -0.01 -16"><span class='ocrx_word' id='word_1_756' title='bbox 2218 5211 2504 5265; x_wconf 82' lang='grc' dir='ltr'><strong>ἀπολάϐοι.</strong></span> <span class='ocrx_word' id='word_1_757' title='bbox 2555 5211 2680 5265; x_wconf 76' lang='grc' dir='ltr'><strong>Ἐπὶ</strong></span> <span class='ocrx_word' id='word_1_758' title='bbox 2719 5212 2784 5281; x_wconf 81' lang='grc' dir='ltr'><strong>δὴ</strong></span> <span class='ocrx_word' id='word_1_759' title='bbox 2811 5211 3078 5273; x_wconf 79' lang='grc' dir='ltr'><strong>τοιούτοις</strong></span> <span class='ocrx_word' id='word_1_760' title='bbox 3118 5210 3196 5279; x_wconf 82' lang='grc' dir='ltr'><strong>τῷ</strong></span> <span class='ocrx_word' id='word_1_761' title='bbox 3236 5208 3448 5277; x_wconf 87' lang='grc' dir='ltr'><strong>βασιλεῖ</strong></span> <span class='ocrx_word' id='word_1_762' title='bbox 3478 5205 3574 5273; x_wconf 83' lang='grc' dir='ltr'><strong>τῆς</strong></span> <span class='ocrx_word' id='word_1_763' title='bbox 3602 5197 3773 5255; x_wconf 71' lang='grc' dir='ltr'><strong>διαϐά-</strong></span> 
     </span>
    </p>
   </div>
   <div class='ocr_carea' id='block_1_108' title="bbox 2221 5286 3775 5376">
    <p class='ocr_par' dir='ltr' id='par_1_108' title="bbox 2221 5286 3775 5376">
     <span class='ocr_line' id='line_1_108' title="bbox 2221 5286 3775 5376; baseline -0.019 -7"><span class='ocrx_word' id='word_1_764' title='bbox 2221 5290 2360 5367; x_wconf 69' lang='grc' dir='ltr'><strong>σεώς</strong></span> <span class='ocrx_word' id='word_1_765' title='bbox 2380 5306 2702 5376; x_wconf 81' lang='grc' dir='ltr'><strong>γενομένης,</strong></span> <span class='ocrx_word' id='word_1_766' title='bbox 2727 5305 3098 5373; x_wconf 74' lang='grc' dir='ltr'><strong>ἐκπλαγέντες</strong></span> <span class='ocrx_word' id='word_1_767' title='bbox 3120 5303 3327 5358; x_wconf 79' lang='grc' dir='ltr'><strong>ἐκεῖθεν</strong></span> <span class='ocrx_word' id='word_1_768' title='bbox 3352 5303 3400 5353; x_wconf 91' lang='grc' dir='ltr'><strong>οί</strong></span> <span class='ocrx_word' id='word_1_769' title='bbox 3426 5294 3701 5369; x_wconf 67' lang='grc' dir='ltr'><strong>Τριϐαλλοὶ</strong></span> <span class='ocrx_word' id='word_1_770' title='bbox 3722 5286 3775 5340; x_wconf 79' lang='grc' dir='ltr'><strong>τὸ</strong></span> 
     </span>
    </p>
   </div>
   <div class='ocr_carea' id='block_1_109' title="bbox 2220 5379 3774 5467">
    <p class='ocr_par' dir='ltr' id='par_1_109' title="bbox 2220 5379 3774 5467">
     <span class='ocr_line' id='line_1_109' title="bbox 2220 5379 3774 5467; baseline -0.009 -19"><span class='ocrx_word' id='word_1_771' title='bbox 2220 5396 2315 5448; x_wconf 82' lang='grc' dir='ltr'><strong>τοῦ</strong></span> <span class='ocrx_word' id='word_1_772' title='bbox 2343 5398 2675 5465; x_wconf 84' lang='grc' dir='ltr'><strong>πράγματος</strong></span> <span class='ocrx_word' id='word_1_773' title='bbox 2708 5396 3014 5466; x_wconf 79' lang='grc' dir='ltr'><strong>παράδοξον</strong></span> <span class='ocrx_word' id='word_1_774' title='bbox 3042 5393 3245 5467; x_wconf 69' lang='grc' dir='ltr'><strong>ᾤχοντο</strong></span> <span class='ocrx_word' id='word_1_775' title='bbox 3273 5391 3371 5463; x_wconf 77' lang='grc' dir='ltr'><strong>τὴν</strong></span> <span class='ocrx_word' id='word_1_776' title='bbox 3396 5386 3652 5459; x_wconf 83' lang='grc' dir='ltr'><strong>ταχίστην</strong></span> <span class='ocrx_word' id='word_1_777' title='bbox 3682 5379 3774 5433; x_wconf 69' lang='grc' dir='ltr'><strong>ἀνὰ</strong></span> 
     </span>
    </p>
   </div>
   <div class='ocr_carea' id='block_1_110' title="bbox 2188 5476 3462 5558">
    <p class='ocr_par' dir='ltr' id='par_1_110' title="bbox 2188 5476 3462 5558">
     <span class='ocr_line' id='line_1_110' title="bbox 2188 5476 3462 5558; baseline -0.002 -18"><span class='ocrx_word' id='word_1_778' title='bbox 2188 5476 2191 5479; x_wconf 40' lang='grc'>’</span> <span class='ocrx_word' id='word_1_779' title='bbox 2221 5489 2321 5557; x_wconf 73' lang='grc' dir='ltr'><strong>τὴν</strong></span> <span class='ocrx_word' id='word_1_780' title='bbox 2349 5487 2533 5558; x_wconf 84' lang='grc' dir='ltr'><strong>χώραν</strong></span> <span class='ocrx_word' id='word_1_781' title='bbox 2556 5487 2716 5554; x_wconf 79' lang='grc' dir='ltr'><strong>ἄλλος</strong></span> <span class='ocrx_word' id='word_1_782' title='bbox 2745 5488 2933 5543; x_wconf 83' lang='grc' dir='ltr'><strong>ἄλλοθι</strong></span> <span class='ocrx_word' id='word_1_783' title='bbox 2958 5485 3462 5547; x_wconf 71' lang='grc' dir='ltr'><strong>διασκεδασθέντες.</strong></span> 
     </span>
    </p>
   </div>
   <div class='ocr_carea' id='block_1_111' title="bbox 1886 5710 2455 5777">
    <p class='ocr_par' dir='ltr' id='par_1_111' title="bbox 1886 5710 2455 5777">
     <span class='ocr_line' id='line_1_111' title="bbox 1886 5710 2455 5777; baseline 0.014 -7"><span class='ocrx_word' id='word_1_784' title='bbox 1886 5710 2220 5773; x_wconf 84' lang='lat' dir='ltr'><strong>Variorum</strong></span> <span class='ocrx_word' id='word_1_785' title='bbox 2263 5720 2455 5777; x_wconf 69' lang='lat' dir='ltr'><strong>noun.</strong></span> 
     </span>
    </p>
   </div>
   <div class='ocr_carea' id='block_1_112' title="bbox 616 5860 2215 5931">
    <p class='ocr_par' dir='ltr' id='par_1_112' title="bbox 616 5860 2215 5931">
     <span class='ocr_line' id='line_1_112' title="bbox 616 5860 2215 5931; baseline 0.003 -18"><span class='ocrx_word' id='word_1_786' title='bbox 616 5862 731 5931; x_wconf 72' lang='lat'><strong>(90‘;</strong></span> <span class='ocrx_word' id='word_1_787' title='bbox 792 5862 932 5916; x_wconf 77' lang='lat' dir='ltr'><strong>Axii.</strong></span> <span class='ocrx_word' id='word_1_788' title='bbox 989 5861 1287 5918; x_wconf 59' lang='grc' dir='ltr'><strong>(ἰδυίῃ-υτ.</strong></span> <span class='ocrx_word' id='word_1_789' title='bbox 1361 5861 1456 5916; x_wconf 90' lang='lat' dir='ltr'><strong>tib.</strong></span> <span class='ocrx_word' id='word_1_790' title='bbox 1489 5876 1568 5919; x_wconf 87' lang='lat' dir='ltr'><strong>Ill.</strong></span> <span class='ocrx_word' id='word_1_791' title='bbox 1593 5874 1712 5931; x_wconf 68' lang='lat' dir='ltr'><strong>cap.</strong></span> <span class='ocrx_word' id='word_1_792' title='bbox 1741 5860 1832 5924; x_wconf 84' lang='lat'><strong>58,</strong></span> <span class='ocrx_word' id='word_1_793' title='bbox 1866 5860 1955 5915; x_wconf 77' lang='lat'><strong>59.</strong></span> <span class='ocrx_word' id='word_1_794' title='bbox 1978 5860 2215 5920; x_wconf 62' lang='lat' dir='ltr'><strong>Decus.</strong></span> 
     </span>
    </p>
   </div>
   <div class='ocr_carea' id='block_1_113' title="bbox 614 5929 1835 6003">
    <p class='ocr_par' dir='ltr' id='par_1_113' title="bbox 614 5929 1835 6003">
     <span class='ocr_line' id='line_1_113' title="bbox 614 5929 1835 6003; baseline -0.004 -18"><span class='ocrx_word' id='word_1_795' title='bbox 614 5929 726 6003; x_wconf 64' lang='grc' dir='ltr'><strong>ινι)</strong></span> <span class='ocrx_word' id='word_1_796' title='bbox 761 5931 1052 5988; x_wconf 65' lang='lat' dir='ltr'><strong>Cant-acus.</strong></span> <span class='ocrx_word' id='word_1_797' title='bbox 1081 5934 1174 5988; x_wconf 83' lang='lat' dir='ltr'><strong>tib.</strong></span> <span class='ocrx_word' id='word_1_798' title='bbox 1212 5951 1290 5999; x_wconf 82' lang='lat' dir='ltr'><strong>Ill,</strong></span> <span class='ocrx_word' id='word_1_799' title='bbox 1322 5947 1439 6001; x_wconf 85' lang='lat' dir='ltr'><strong>cap.</strong></span> <span class='ocrx_word' id='word_1_800' title='bbox 1475 5931 1560 5984; x_wconf 76' lang='grc'><strong>59.</strong></span> <span class='ocrx_word' id='word_1_801' title='bbox 1607 5929 1835 5995; x_wconf 66' lang='grc' dir='ltr'><strong>ηυωα,</strong></span> 
     </span>
    </p>
   </div>
  </div>
