4070 6438
467 504 473 512 .
559 474 662 542 887
850 472 925 541 fit.
962 489 1017 529 ιι.
1059 474 1222 555 6851,
1261 490 1368 530 IND.
1419 475 1505 548 ll]
1816 481 2135 541 NICEPHO

2271 481 2654 543 ammon};
2876 472 2884 480 '
2961 473 3096 544 ξιιξιι.
3140 490 3179 528 ι.
3236 460 3468 527 “tam.
3511 472 3565 542 ~21
3692 480 3781 542 εδδ

559 592 771 656 nueris,
799 603 1070 647 mortuam
1102 609 1327 648 uxorem
1354 595 1542 648 statim
1572 595 1804 666 lugebis.
1845 595 1940 649 llis
1976 596 2135 649 homo

2247 597 2308 650 Ei
2369 597 2470 666 μὲν
2525 596 2793 649 ἀπολῦσαί
2854 611 2921 664 με
2975 591 3416 664 προθυμηθείης,
3471 591 3500 642 6
3556 592 3670 653 παῖς
3716 610 3784 645 σοι

558 683 763 738 auditis
789 685 1079 754 perculsus
1107 696 1228 748 est;
1260 696 1314 740 et
1340 701 1528 740 secum
1554 701 1756 757 anceps
1778 687 2135 750 deliberabat,

2246 690 2598 758 τεθνήξεται·
2628 690 2679 741 εί
2728 687 2783 740 δὲ
2824 689 3048 757 κρατεῖν
3092 684 3321 748 ὲθέλοις,
3364 684 3465 736 οὐκ
3500 683 3563 736 ἂν
3592 683 3785 750 φθάνοις

555 775 940 845 gravissimam
988 777 1183 832 videns
1215 778 1478 848 utrinque
1520 779 1888 833 calamitatem
1946 788 2135 845 ιιι-αξιοι

2243 783 2576 850 τεθνηκυῖαν
2611 782 2826 852 θρηνῶν
2853 780 2949 852 τὴν
2974 774 3231 846 γυναῖκαέ
3268 777 3512 846 Ἐπλήγη
3535 775 3628 847 τὴν
3645 776 3791 845 ἀκοὴν

556 881 713 935 spem
738 866 851 931 sibi
889 867 1232 936 impendere.
1265 869 1473 925 Tamen
1510 885 1637 926 cum
1674 885 1742 926 ex
1771 869 1990 925 duobus
2029 869 2135 924 ine-

2243 877 2273 928 6
2304 877 2446 946 ἀνήρ
2466 891 2482 907 ο
2515 877 2609 929 καὶ
2647 875 2901 945 διηπόρει
2942 872 3063 926 καθ’
3103 871 3316 934 ὲαυτῦν,
3347 867 3603 937 μεγίστην
3624 868 3791 919 ἐκατέ-

554 959 882 1015 vitabilibus
936 961 1095 1017 malis
1152 961 1388 1017 alterum
1454 964 1560 1034 ipsi
1605 963 2135 1043 esseteligendu'm,

2247 972 2424 1045 ρωθεν
2461 975 2604 1044 ὀρῶν
2628 972 2728 1042 τὴν
2756 969 3085 1041 ὲμϐρίθειαν
3109 965 3205 1020 τοῦ
3232 964 3365 1035 παρ’
3397 962 3583 1016 ἐλπίδα
3616 961 3791 1015 δεινοῦ.

553 1051 691 1107 illud
722 1054 923 1108 'miser
972 1054 1162 1127 elegit,
1193 1055 1342 1126 quod
1394 1065 1516 1112 erat
1567 1056 1765 1123 levius,
1816 1072 1879 1112 ac
1913 1056 2135 1113 dimissa

2246 1066 2441 1135 Ὅμως
2466 1066 2527 1118 ὲν
2556 1058 2758 1133 ἐκλογῇ
2801 1062 2949 1117 δυοῖν
2996 1059 3292 1129 γενόμενος
3330 1055 3589 1124 ἀφύκτων
3630 1054 3796 1105 κακῶν

552 1144 680 1207 avi,
741 1144 1021 1216 jaceutem
1077 1147 1262 1203 subito
1324 1147 1499 1204 tilium
1579 1148 1739 1207 luxit.
1797 1149 1876 1205 Ac
1954 1147 2135 1206 fabula

2243 1159 2306 1213 τὸ
2339 1157 2673 1226 κουφότερον
2715 1155 2745 1207 δ
2783 1153 3135 1222 ταλαίπωρος
3182 1148 3384 1213 εἵλετο,
3421 1146 3518 1200 καὶ
3550 1142 3694 1196 λύσιν
3731 1140 3796 1210 τῷ

551 1236 774 1305 quidem
850 1237 924 1292 ita
990 1253 1051 1294 se
1114 1240 1305 1296 habet.
1385 1240 1588 1311 Accipe
1648 1242 1801 1312 jam,
1871 1254 2135 1311 quorsum

2242 1248 2421 1321 ὄρνιθι
2447 1246 2752 1318 παρασχὼν
2786 1244 2949 1308 εὐθὺς
2973 1244 3192 1314 ἐθρήνει
3233 1241 3328 1295 τὸν
3358 1239 3525 1310 παῖδα
3548 1236 3793 1304 κείμενον.

552 1327 755 1383 fabulae
777 1329 1051 1384 sententia
1080 1330 1383 1401 pertineat.
1403 1331 1546 1399 Quia
1582 1331 1661 1387 rei
1700 1332 1955 1386 militaris
1978 1346 2135 1386 usum

2244 1341 2353 1396 Τοῦ
2399 1339 2572 1412 μύθου
2612 1336 3000 1400 τοίνυντιῐντως
3051 1334 3293 1405 ἔχοντος,
3338 1332 3509 1387 ἄκουε
3549 1330 3638 1383 καὶ
3661 1326 3720 1381 δι’
3747 1326 3796 1378 ὃν

548 1421 735 1511 habeo
798 1423 1126 1494 jampridem
1158 1465 1174 1491 ,
1245 1436 1304 1481 ut
1360 1425 1478 1496 ipse
1533 1425 1677 1491 scis;
1747 1440 1856 1481 non
1904 1427 2135 1497 ignoro,

2244 1436 2274 1489 6
2303 1434 2474 1506 μῦθος
2502 1432 2724 1502 εἴρηται
2759 1430 2939 1496 λόγον.
2985 1428 3142 1482 Ἐπεὶ
3161 1434 3273 1480 τῶν
3320 1419 3718 1494 στρατιωτικῶν
3750 1419 3798 1511 έν

552 1510 790 1582 quantos
849 1513 968 1585 ipse
1015 1514 1247 1573 diurnos
1308 1524 1563 1586 sumptus
1610 1516 1852 1578 fascias,
1901 1526 2018 1571 tum
2085 1516 2135 1572 in

2247 1527 2416 1598 πείρᾳ
2453 1526 2763 1595 γεγένημαι
2788 1522 2959 1578 πάλαι
2994 1520 3363 1590 πραγμάτων,
3399 1516 3474 1580 ὥς
3512 1531 3575 1583 γε
3604 1513 3692 1566 καὶ
3713 1510 3798 1564 αὐ-

550 1605 746 1674 εοβίθε
793 1605 1037 1672 navales,
1071 1621 1194 1677 (ιιιπ
1236 1616 1290 1662 ιθ
1339 1616 1670 1678 εθίιυιιηιιιτ.
1704 1618 1822 1663 tum
1872 1606 1931 1662 ίη
1976 1606 2143 1677 ρεάε-
2243 1621 2336 1683 τὸς
2363 1616 2544 1682 οἶσθα,
2578 1613 2698 1672 οἴδα
2747 1614 2842 1670 καὶ
2879 1615 3013 1682 ὅσην
3054 1613 3155 1683 τὴν
3195 1611 3504 1683 ἡμερήσιον
3543 1605 3697 1666 αὐτὸς
3729 1602 3800 1657 ἀεὶ

550 1703 695 1749 stres
714 1694 960 1766 legiones
1006 1713 1021 1750 :
1061 1712 1127 1753 ac
1144 1708 1429 1766 praterea,
1464 1705 1731 1768 qttautum
1757 1697 2048 1768 impendas
2078 1710 2135 1752 ac

2244 1712 2495 1784 δαπάνην
2527 1709 2796 1781 ποιῇρῶν
2833 1706 3134 1779 χρημάτων
3175 1702 3306 1773 περί
3334 1719 3393 1755 τε
3426 1701 3524 1770 τὴν
3557 1692 3800 1767 ἑπομένην

550 1802 772 1857 semper
802 1787 1159 1858 impensurus
1192 1790 1268 1846 sis
1321 1789 1569 1860 pecuniae
1604 1791 1659 1844 in
1693 1789 1804 1845 illis
1855 1789 2135 1861 legationi-

2247 1823 2332 1860 σοι
2362 1803 2629 1875 ναυτικὴν
2653 1802 2886 1873 δύναμιν
2915 1799 3044 1870 περί
3097 1814 3157 1852 τε
3207 1797 3307 1859 τὰς
3348 1792 3581 1857 πεζικὰς
3615 1789 3801 1859 φάλαγ-

545 1876 677 1946 bus,
710 1895 851 1950 quas
892 1881 1115 1951 petendi
1163 1881 1352 1937 auxilii
1410 1898 1583 1951 causa
1647 1882 1716 1938 ad
1761 1880 2135 1938 Triballorum

2244 1915 2369 1968 γας,
2408 1898 2505 1951 καὶ
2534 1898 2629 1950 ἐπὶ
2659 1894 2871 1956 τούτοις
2897 1893 3001 1948 ὅσα
3028 1908 3091 1945 τε
3142 1888 3462 1950 ἀναλίσκεις
3502 1884 3598 1939 καὶ
3639 1884 3729 1937 ὅσα
3754 1882 3801 1944 ἐς

546 1971 858 2042 principem
898 1971 1224 2045 frequentes
1274 1976 1486 2041 mittis;
1520 1984 1749 2031 coactus
1796 1989 1905 2030 non
1958 1977 2135 2029 solum

2242 1961 2698 2053 ἀεὶηάναλὼσεις,
2744 1988 2917 2056 συχνά
2964 1983 3098 2054 περὶ
3151 1982 3478 2052 συμμαχίας
3529 1975 3803 2045 πρεσόευό-

545 2081 779 2121 munera
814 2066 894 2121 illi
932 2066 1226 2138 pinguiora
1273 2069 1521 2132 mittere,
1571 2076 1737 2138 atque
1783 2066 1889 2137 ipsi
1935 2066 2135 2122 deinde

2242 2083 2403 2155 μενος
2440 2080 2581 2151 πρὸς
2623 2080 2717 2134 τὸν
2751 2077 3000 2149 ἡγεμόνα
3047 2074 3158 2129 τῶν
3207 2069 3563 2143 Τριὸαλλιῖιν·
3611 2066 3700 2122 καὶ
3738 2064 3802 2135 μὴ

544 2158 750 2246 ςοείηαι
794 2159 917 2230 ejus
971 2159 1156 2226 uxori,
1206 2162 1304 2217 sed
1348 2171 1618 2232 praeterea
1644 2161 1809 2233 663
1844 2159 2135 2215 ambitiose

2240 2174 2381 2243 πρός
2410 2189 2476 2241 γε
2514 2171 2676 2243 μόνον
2727 2171 2943 2223 ἐκεῖνον
2989 2167 3129 2239 ἔχων
3158 2164 3255 2219 τοῦ
3306 2163 3505 2236 χρέους
3550 2159 3611 2214 τὸ
3653 2158 3804 2231 βίαιον

543 2250 784 2313 adulari,
810 2266 875 2306 ac
900 2253 1592 2321 pecuniiscircumvenire
1616 2254 1863 2324 singulos
1887 2266 2135 2322 quosque

2240 2266 2646 2337 δαψιλεστέραν
2694 2265 2940 2330 πέμπειν
2992 2261 3091 2330 τὴν
3132 2257 3341 2324 δεξιὰν,
3391 2253 3529 2326 μηδὲ
3566 2252 3698 2323 πρός
3749 2264 3803 2314 γε

545 2344 894 2399 necessarios
945 2353 1002 2400 et
1057 2344 1291 2401 clientes
1350 2361 1545 2401 eorum
1608 2344 1982 2415 optimatium,
2026 2344 2135 2415 ‘qui

2240 2361 2413 2431 δήπου
2462 2360 2580 2429 μετ’
2631 2358 2842 2411 ἐκεῖνον
2879 2355 2979 2424 τὴν
3023 2350 3327 2422 ἡγεμονίδα
3372 2348 3604 2417 σύζυγον
3632 2385 3648 2407 ,
3703 2340 3802 2395 ἀλλ’

2239 2453 2334 2506 ἐπὶ
2361 2452 2573 2513 τούτοις
2610 2448 2883 2503 θωπεύειν
2918 2447 3104 2530 ζητεῖν
3153 2448 3246 2499 καὶ
3275 2444 3530 2516 χρήμασι
3604 2435 3804 2507 περιέρ-

2240 2545 2433 2619 χεσθαι
2457 2547 2571 2607 τοῖς
2594 2545 2812 2612 ἑκάστῳ
2834 2528 3174 2611 προσήκουσι
3192 2538 3303 2592 τῶν
3320 2538 3446 2620 ,τοῖς
3464 2531 3689 2606 ἡγεμόσι
3706 2531 3747 2597 (δ
3758 2528 3800 2599 ί)

2244 2636 2841 2707 παραδυναστευόντων
2893 2631 3248 2704 Τριϐαλλῶνο
3307 2630 3345 2685 ἀ
3379 2628 3561 2683 πάντα
3610 2642 3667 2678 σε
3703 2621 3800 2695 (95)

2239 2735 2341 2803 τὴν
2370 2733 2635 2802 ταχίστην
2678 2729 3062 2798 ἀπειρηκέναι⁴
3100 2725 3391 2796 βιάσονται
3426 2721 3523 2777 καὶ
3563 2719 3700 2790 μάλα
3731 2731 3803 2768 τοι

2240 2824 2722 2897 προθυμούμενον.
2758 2823 2839 2874 Τὰ
2879 2821 2924 2875 δ’
2966 2820 3073 2890 ἐμὰ
3125 2817 3494 2887 στρατόπεδα,
3526 2814 3561 2884 ἦ
3592 2828 3650 2865 τε
3689 2805 3803 2879 περὶ

2240 2918 2340 2989 ἐμὲ
2367 2917 2625 2988 διηνεκὴς
2657 2915 2889 2977 δύναμις
2940 2915 3034 2967 καὶ
3079 2911 3353 2987 Θετταλία
3405 2907 3604 2982 μικροῦ
3646 2906 3798 2959 πᾶσαν.

2240 3008 2462 3064 ἀκούειν
2506 3009 2555 3061 δ’
2586 3002 2741 3083 οἶμαί
2777 3024 2838 3059 σε
2889 3007 2990 3076 τὴν
3041 3005 3381 3077 Θετταλικὴν
3432 3005 3600 3064 ἵππον
3637 3000 3799 3070 ἡλίκη,

545 2433 846 2502 plurimum
903 2445 1139 2506 possunt
1200 2437 1345 2507 apud
1402 2438 1683 2509 principes
1737 2438 2135 2495 Triballorum.

540 2527 677 2591 Quae
700 2526 885 2582 omnia
918 2536 993 2589 Ie,
1037 2529 1292 2599 quamvis
1319 2529 1816 2600 promptissimum,
1847 2530 2045 2586 cedere
2072 2546 2137 2585 ac

542 2616 818 2674 desistere
849 2619 1074 2689 incepto
1106 2621 1363 2692 protinus
1382 2632 1603 2699 cogent.
1633 2621 1922 2680 Exercitus
1949 2632 2135 2678 autem

544 2711 651 2763 mei
684 2721 835 2777 sunt,
866 2712 1107 2782 primum
1136 2728 1215 2768 eat
1254 2712 1422 2777 vires,
1461 2730 1583 2784 quae
1609 2730 1696 2768 me
1725 2726 1999 2786 perpetuo
2041 2730 2136 2769 co-

538 2802 834 2870 ‘mitantur,
859 2812 976 2859 tum
1012 2804 1177 2859 etiam
1204 2815 1315 2860 tota
1344 2804 1458 2861 fere
1493 2805 1801 2862 Thessalia.
1837 2807 2004 2876 Atqui
2039 2823 2134 2861 au-

544 2893 717 2949 diisse
771 2903 824 2949 te
873 2894 1096 2965 opinor,
1148 2904 1392 2967 quantus
1428 2895 1826 2961 Thessalorum
1854 2896 2137 2967 equitatus

542 2980 930 3058 quantumque
955 2988 1053 3043 ille
1090 2989 1146 3043 in
1180 3005 1240 3045 re
1267 2989 1494 3044 militari
1524 2989 1728 3044 habeat
1757 2989 2133 3059 experientiae,

542 3087 603 3131 et
632 3078 911 3148 quomodo
934 3078 1007 3134 sit
1037 3079 1219 3151 longis
1255 3094 1320 3134 ac
1356 3079 1752 3148 multiplicibus
1776 3078 1937 3135 bellis
1978 3095 2135 3133 exer-

2240 3101 2338 3156 xai.
2367 3103 2503 3168 ὅσην
2532 3078 2648 3169 εχεὶ
2676 3101 2776 3168 τὴν
2815 3099 3116 3169 ἐμπειρίαν
3143 3099 3171 3150 6
3202 3097 3436 3166 στρατὸς
3464 3095 3662 3155 ἐκεῖνος
3684 3087 3803 3159 πρὸς

539 3171 766 3226 citatus.
797 3170 902 3227 Eas
927 3187 1030 3241 ego
1064 3173 1258 3239 copias
1283 3171 1433 3227 domi
1458 3171 1677 3235 sedere,
1709 3171 1857 3242 quod
1889 3171 2134 3227 necessi-

2240 3196 2307 3249 τά
2336 3193 2599 3264 πολέμια,
2635 3195 2731 3246 καὶ
2777 3193 2943 3264 ὅπως
2973 3189 3202 3259 μακρῶν
3238 3191 3334 3241 καὶ
3381 3186 3640 3242 ποικίλων
3667 3179 3805 3234 πολέ-

543 3273 632 3317 tas
665 3272 911 3333 urgeret,
939 3264 1365 3341 itnperavcram,
1404 3279 1474 3321 ne
1517 3281 1583 3320 ex
1619 3264 1863 3332 duobus,
1896 3282 2134 3336 quorum

543 3364 803 3380 -.....a.....-.
868 3357 1192 3380 --...-12..Ι...ι
1287 3358 1518 3380 --1...-.---..
1563 3373 1640 3380 -..η
1660 3357 1724 3380 Ξ-.
1744 3368 1853 3380 -_-.
1876 3376 1886 3380 _
1953 3374 2129 3380 _.-___--

2244 3305 2360 3357 μων
2389 3258 2529 3339 εἰσίν
2560 3283 2813 3353 ἀθληταί.
2853 3258 3048 3337 Ταύτα
3077 3282 3124 3334 δ’
3166 3282 3309 3335 οἴκοι
3343 3279 3615 3348 καθῆσθαι
3656 3288 3804 3380 προσ;

542 3364 805 3410 neutrum
863 3357 1219 3427 expediebat,
1286 3358 1522 3413 alterum
1559 3357 1889 3420 exsisteret;
1953 3374 2134 3428 neque

2241 3380 2520 3450 ετετάχειν
2551 3377 2663 3446 ἐγὼ
2706 3377 2868 3448 μέχρι
2900 3376 2998 3429 καὶ
3031 3376 3089 3438 ἐς
3118 3374 3210 3427 τὸν
3236 3372 3339 3443 τῆς
3363 3371 3553 3444 χρείας
3586 3369 3664 3442 [Ρ.
3691 3360 3800 3435 414]

541 3449 693 3504 enim
744 3466 842 3521 par
886 3466 1010 3505 esse
1043 3462 1273 3507 externo
1318 3452 1371 3505 in
1428 3452 1548 3507 solo
1583 3463 1866 3508 versantes
1897 3454 2134 3523 prepriis

2243 3449 2453 3542 καιρὸν,
2510 3473 2599 3527 ἵνα
2644 3472 2790 3525 δυοῖν
2850 3469 3292 3540 οὐδέτερον’τῶν
3336 3468 3399 3520 ού
3442 3461 3801 3535 συμφερόντων

544 3542 865 3615 sumptibus
891 3543 1166 3607 victitare,
1193 3543 1375 3598 alieno
1401 3553 1688 3614 tempore;
1729 3560 1906 3612 neque
1927 3544 1995 3598 ab
2028 3544 2134 3597 illis

2242 3566 2417 3637 ὁρῷτο
2450 3566 2765 3636 γινόμενον
2806 3565 2943 3633 μήτε
2972 3563 3082 3633 γὰρ
3109 3562 3164 3614 ὲν
3194 3559 3455 3630 ἀλλοτρίᾳ
3486 3558 3582 3627 τὴν
3613 3555 3802 3627 δίαιταν
3828 3552 3835 3557 ’

546 3650 709 3705 agros
743 3646 963 3688 nostros
996 3626 1219 3713 vastari,
1273 3650 1338 3689 ac
1385 3633 1559 3690 deleri
1606 3635 1748 3690 vites
1784 3646 1999 3688 maturo
2020 3636 2131 3702 jam

2243 3657 2528 3729 ἄπρακτον
2557 3656 2850 3725 τρίϐοντας
2886 3654 3087 3707 ἐνεῖναι
3132 3651 3386 3722 δαπανᾷν
3415 3646 3637 3707 ἑαυτοὺς
3675 3645 3728 3695 ὲν
3748 3639 3801 3693 οὗ

544 3725 731 3781 fructu
761 3727 1041 3798 direptas;
1080 3735 1139 3782 ut
1179 3727 1294 3783 ﬁeri
1327 3726 1397 3782 ab
1416 3728 1754 3784 exercitibus
1770 3733 1930 3792 solet,
1950 3742 2130 3797 popu-

2240 3725 2444 3820 καιρῷ,
2478 3750 2618 3820 μήτε
2660 3749 2787 3810 τοὺς
2815 3746 3119 3818 ἡμετέρους
3146 3744 3307 3818 δῃοῦν
3352 3743 3556 3814 ἀγροὺς
3598 3738 3685 3793 καὶ
3719 3734 3803 3795 τὰς

542 3819 645 3873 lari
679 3819 1007 3890 plerumque
1051 3820 1298 3875 licentia.
1351 3821 1554 3874 Earum
1588 3822 1795 3892 quippe
1830 3836 2013 3875 rerum
2046 3819 2133 3873 di-

2240 3819 2521 3911 ἀμπέλους
2543 3819 2610 3892 έν
2639 3839 2793 3909 ἀκμῇ
2823 3836 2927 3891 τοῦ.
2945 3837 3164 3907 καρποῦ
3185 3832 3592 3905 καθεστηκυίας
3630 3824 3794 3893 ἁρπά-

543 3913 725 3984 reptio
759 3914 1002 3969 dmuiuis
1030 3913 1252 3985 quidem
1283 3915 1484 3970 damno
1507 3925 1592 3969 est
1623 3929 1688 3969 ac
1713 3913 2009 3983 plurimum
2037 3929 2133 3967 nov-

2242 3935 2437 3998 ζοντας
2489 3931 2866 4003 διαφθείρειν·
2917 3926 3009 3986 οἷα
3062 3931 3214 4000 φιλεῖ
3266 3932 3384 3994 τοῖς
3447 3919 3802 3997 στρατοπέδοις

540 4012 669 4070 cet;
702 4004 1103 4077 diripientibus
1152 4017 1337 4061 autem
1377 4021 1571 4076 parum
1633 4014 1729 4060 aut
1785 4004 1922 4058 nihil
1973 4003 2133 4059 affert

2242 4024 2572 4094 συμϐαίνειν
2602 4025 2676 4087 ὡς
2716 4027 2788 4081 τά
2819 4024 2991 4078 πολλά
3038 4023 3130 4078 διά
3171 4022 3271 4094 τὴν
3306 4019 3606 4094 δημοτικὴν
3638 4017 3800 4094 ἡάναρ-

547 4095 801 4152 utilitatis
829 4112 845 4163 ;
873 4096 1006 4162 imo,
1044 4108 1103 4152 ut
1125 4098 1200 4152 ita
1234 4098 1437 4162 dicam,

2240 4085 2391 4167 χίαν.
2444 4095 2513 4151 Ἦ
2552 4085 2671 4165 γάρ-
2691 4095 2801 4149 τῶν
2838 4096 3102 4150 τοιούτων
3130 4085 3308 4166 φθορὰ
3342 4085 3459 4157 τοῖς
3499 4085 3594 4162 μὲν
3636 4085 3799 4167 έχουσι

540 4178 752 4259 ζημίαν
784 4189 1020 4261 παρὲχει
1073 4191 1168 4244 καὶ
1223 4189 1452 4261 βλάπτει
1495 4189 1564 4245 τὰ
1643 4190 1913 4259 μέγιστα⁶
1970 4192 2082 4253 τοῖς
2117 4187 2163 4242 δ’
2203 4165 2516 4260 ἁρπάζουσι
2569 4187 2745 4259 μικρά
2804 4187 3127 4278 πολλάκιςιῆ
3162 4165 3315 4241 οὐδὲν
3346 4185 3574 4258 ὤνησεν,
3612 4165 3801 4235 ἀλλἐἴ)ς

542 4283 672 4345 ἔπος
700 4282 894 4343 εἰπεῖν,

613 4378 791 4435 Labra
816 4380 994 4452 rigat:
1028 4380 1198 4436 medio
1230 4381 1323 4436 sed
1351 4398 1457 4435 non
1495 4383 1635 4452 rigat
1672 4398 1764 4436 ore
1800 4352 2064 4463 palatum.

2244 4384 2462 4439 Χείλεα
2478 4382 2596 4454 μέν
2624 4381 2677 4436 τ’
2700 4378 2918 4450 ἐδίην’,
2942 4377 3225 4449 ὑπερῴην
3249 4378 3303 4433 δ’
3327 4380 3442 4434 οὐκ
3469 4374 3664 4444 ἐδίηνε
3680 4366 3796 4443 (96)ο

546 4496 855 4561 "assunt,
893 4511 1016 4566 qua!
1067 4497 1203 4552 mihi
1258 4497 1516 4553 militaris
1558 4498 1864 4567 disciplinae
1913 4499 2135 4555 alumno

2240 4498 2399 4553 ταῦτ’
2430 4493 2528 4553 οὖν
2552 4498 2678 4569 ἐμοὶ
2709 4497 2834 4568 μὲν,
2886 4497 3315 4568 στρατιωτικαῖς
3352 4493 3660 4566 ἑμπειρίαις
3694 4500 3800 4540 συν-

547 4590 856 4662 ρταιτίιίοτο
908 4600 996 4645 est
1044 4608 1058 4644 :
1105 4590 1207 4645 tibi
1263 4597 1448 4644 autem
1499 4591 1747 4647 minime.
1780 4591 1918 4648 Cum
1965 4593 2135 4663 igitur

2241 4592 2636 4663 τεθραμμένῳ,
2660 4590 2971 4663 προειδέναι
3007 4588 3226 4644 ἔπεισι·
3278 4589 3366 4643 σοὶ
3394 4589 3440 4643 δ’
3468 4587 3555 4641 οὕ.
3604 4581 3692 4637 Διδ
3727 4577 3798 4631 σοὶ

549 4693 694 4740 totas
744 4685 889 4740 vires
943 4684 996 4737 in
1050 4697 1116 4738 ea
1174 4683 1485 4754 impendas,
1513 4700 1637 4754 qua:
1687 4701 1754 4740 ex
1809 4700 1870 4741 re
1909 4686 2135 4743 minime

2248 4685 2348 4754 μὲν
2384 4686 2442 4738 ὲν
2473 4685 2588 4746 τοῖς
2625 4683 2933 4754 παρέργοις
2981 4682 3083 4752 τὴν
3119 4681 3251 4753 ὃλην
3283 4683 3441 4752 ίσχὺν
3489 4675 3797 4748 περιγίνεται

546 4786 699 4838 sunt,
730 4777 1004 4847 reliquum
1048 4784 1156 4841 est,
1177 4785 1246 4830 ut
1294 4776 1352 4831 in
1404 4792 1652 4833 summas
1701 4780 1921 4835 tandem
1968 4797 2135 4850 angu-

2241 4775 2554 4830 δαπανῶντι
2611 4775 2872 4845 τελευτᾷν
2921 4775 3002 4838 είς
3048 4774 3389 4845 ἀμηχανίαν,
3441 4775 3535 4827 καὶ
3578 4770 3671 4839 τὴν
3704 4764 3796 4818 τῶν

547 4868 687 4923 stias
741 4866 1038 4932 adducare,
1070 4876 1128 4921 et
1177 4866 1536 4936 pecuniarum
1592 4869 1761 4942 664
1805 4871 2134 4926 inﬁnitatem

2247 4869 2552 4939 χρημάτων
2588 4868 2851 4937 ἀπειρίαν
2905 4865 3099 4919 κενοῦν
3142 4867 3224 4929 είς
3272 4867 3500 4938 πράξεις
3549 4874 3797 4927 κακοπρα·

550 4959 851 5013 exhaurias
893 4958 955 5013 in
1001 4974 1090 5013 res
1131 4960 1273 5014 male
1321 4974 1600 5023 cessuras.
1635 4971 1860 5031 propter
1894 4972 2044 5017 tuam
2078 4964 2135 5019 in

2246 4958 2489 5026 γούσας,⁸
2512 4958 2581 5013 δι’
2617 4960 2882 5027 ἀπειρίαν
2920 4956 3014 5012 τοῦ
3067 4961 3437 5030 στρατηγεῖν,
3479 4955 3598 5026 ἐμοὶ
3634 4952 3678 5005 δ’
3712 4951 3795 5015 ἑμ-

552 5067 617 5106 re
655 5050 881 5105 militari
930 5051 1461 5119 imperitiamrMibi
1516 5070 1666 5121 vero,
1713 5056 1767 5109 in
1812 5072 1925 5124 quo
1968 5056 2135 5125 impe-

2249 5052 2495 5123 πειρίαις
2561 5051 3031 5122 συντεθραμμένῳ
3098 5052 3493 5122 στρατηγικαῖς
3552 5046 3645 5113 τὴν
3698 5038 3793 5093 τῶν

552 5142 715 5197 randi
771 5156 905 5225 ηερε
946 5146 1069 5197 cum
1108 5152 1284 5201 aetate
1333 5145 1594 5212 adolevit,
1632 5149 1997 5216 pecuniarum
2042 5164 2135 5218 pe-

2248 5144 2550 5216 χρημάτων
2578 5145 2792 5199 ἔνδειαν
2816 5144 3072 5215 πράξεων
3098 5144 3367 5213 εὐπορίαν
3396 5139 3655 5196 ποιεῖσθαι
3676 5148 3791 5225 χρη-

555 5236 716 5291 uuria
751 5235 805 5289 in
840 5218 1026 5309 rerum
1076 5237 1217 5293 bene
1254 5238 1620 5309 gerendarum
1665 5240 2135 5311 opportunitatem

2249 5238 2393 5290 στῶν
2439 5236 2535 5291 καὶ⁵
2581 5235 2817 5290 πλοῦτον
2862 5236 3311 5307 κατορθωμάτων
3361 5236 3421 5287 τὸ
3454 5231 3599 5292 τέλος
3646 5218 3790 5278 ἐνδεί-

552 5344 779 5383 cessura
824 5336 934 5391 est,
965 5343 1031 5383 ac
1079 5330 1362 5399 prosperis
1401 5346 1488 5390 me
1528 5334 1883 5388 successibus
1917 5333 2135 5387 tandem

2248 5329 2504 5383 κνυσθαι.
2557 5329 2778 5382 Τούτων
2811 5326 2859 5381 δ’
2893 5327 3069 5391 οὕτως
3116 5326 3372 5397 ἐχόντων,
3406 5326 3585 5395 ἕψεται
3626 5316 3683 5382 δή
3717 5325 3786 5363 σοι

549 5420 772 5477 ditabit.
802 5420 935 5486 Quae
982 5434 1109 5474 cum
1168 5420 1243 5475 ita
1286 5421 1419 5487 sint,
1470 5408 1844 5494 consequetur
1888 5424 2135 5493 profecto

2247 5419 2434 5476 λοιπὸν
2472 5419 2535 5473 τδ
2570 5418 2666 5473 τοῦ
2706 5416 2906 5489 μύθου.
2950 5420 3013 5471 Εἰ
3056 5419 3156 5487 μὲν
3192 5418 3305 5488 γὰρ
3343 5414 3546 5473 ἀπιδὼν
3588 5408 3710 5478 πρὸς
3733 5399 3784 5453 τὸ

552 5510 714 5576 illud,
758 5510 908 5579 quod
962 5511 1018 5565 in
1068 5509 1253 5565 fabula
1310 5520 1417 5569 est.
1450 5513 1508 5568 Si
1554 5515 1703 5570 enim
1763 5515 1832 5571 ad
1882 5522 2135 5584 sumptus

2248 5513 2349 5583 τῆς
2387 5512 2935 5583 δαπάνης-πολύχουν
2986 5513 3112 5580 μὲν,
3150 5513 3410 5583 ἀνόνητον
3450 5509 3522 5571 δὲ,
3571 5502 3655 5557 καὶ
3681 5496 3780 5564 ἅμα

553 5603 834 5672 profusos,
876 5610 933 5655 at
982 5602 1208 5657 minime
1250 5603 1436 5669 utiles,
1489 5605 1764 5676 simulque
1806 5605 1878 5662 ad
1928 5605 2135 5676 impen-

2247 5606 2387 5672 πρὸς
2415 5604 2545 5666 τοὺς
2579 5605 2835 5667 ἐπιόντας
2859 5605 2923 5655 ὲκ
2954 5602 3063 5655 τῶν
3105 5601 3359 5671 πολέμων
3389 5596 3664 5655 κινδύνους.
3691 5599 3780 5637 πα·

556 5695 748 5751 dcntia
773 5711 839 5750 ex
868 5694 1027 5751 bellis
1065 5694 1315 5764 pericula
1344 5698 1676 5766 respexeris,
1694 5712 1889 5768 ‘eoque
1920 5697 2135 5769 Byzan-

2246 5695 2555 5767 λινδρομεῖν
2610 5698 2711 5768 τὴν
2759 5697 3022 5768 ταχίστην
3071 5696 3392 5767 ἐθελήσειας
3432 5695 3489 5757 ἐς
3521 5683 3774 5773 Βυζάντιον

1876 5791 2212 5855 Variurum
2256 5799 2445 5853 noue.

629 5893 740 5963 ‘94)
767 5892 844 5964 lla
867 5892 1035 5964 etiam
1062 5893 1235 5948 codex
1272 5898 1563 5963 Vaticanus
1593 5916 1605 5950 :
1632 5912 1732 5952 nec
1760 5898 1982 5961 mirum,
2010 5912 2134 5954 cum
2321 5897 2433 5964 (95)
2471 5897 2536 5948 Ἃ
2569 5899 2747 5949 πάντα
2776 5916 2833 5950 σε
2869 5899 2987 5953 (⁸011.
3026 5896 3271 5952 Vatican.
3298 5896 3500 5953 Bema-

561 5961 646 6022 εκ
671 5980 738 6020 eo
775 5961 977 6033 Regius
997 5963 1304 6037 descriptus
1334 5968 1423 6024 sit.
1466 5961 1676 6025 Βοινιιι.
2318 5961 2427 6039 (96)
2461 5967 2679 6023 llomcr.
2712 5968 2871 6024 Iliad.
2915 5984 3045 6036 xxii,
3072 5967 3195 6024 495.

3981 4688 3983 4815 γ
