4070 6434
401 463 509 528 339
761 459 812 528 [Α
885 475 932 514 c.
981 459 1139 530 L345]

1431 459 1876 522 BYZANTIN/E
1913 459 2294 524 HISTORIA!
2335 463 2477 525 LIB.
2522 463 2689 523 XlII.
2774 459 2887 531 [IIP

2942 476 2983 516 ἀ.
3028 474 3262 516 Ριιωεοι..
3306 461 3362 534 9]

3551 465 3659 528 δῖἹο

399 583 604 650 οἴκαδε,
647 583 922 654 συμψήφῳ
969 583 1038 634 δι’
1071 581 1386 648 ἀπόγνωσιν
1425 583 1489 651 τῇ
1523 582 1738 652 ἀνάγκῃ
1773 581 1967 650 χρησάι

2085 583 2218 637 tium
2278 583 2478 637 reverti
2529 597 2692 652 quam
2738 582 3025 636 celerrime
3072 582 3338 645 volueris,
3369 593 3654 636 auctorem

403 699 586 752 μενος,
627 678 836 750 μακρὸν
882 679 979 748 μὲν
1025 676 1286 744 ὀφλήσεις
1333 675 1425 727 τὸν
1458 675 1708 741 γέλωταο
1748 674 1972 744 αἰσχρὸν

401 775 507 844 γάρ
538 789 703 844 φασιν
752 770 1066 842 Ὁμηρίδαι,

503 970 692 1037 δηρόν
727 987 794 1024 τε
818 971 1028 1040 μένειν
1059 971 1276 1025 κενεόν
1300 987 1365 1024 τε
1391 970 1634 1024 νέεσθαι
1666 969 1802 1042 (97).

397 1083 492 1136 καὶ
523 1085 660 1151 πρός
700 1100 762 1151 γε
807 1081 1062 1153 ζημιώσῃ
1112 1083 1210 1146 τὰς
1251 1083 1455 1147 πόλεις,
1499 1083 1566 1148 ἃς
1611 1081 1782 1136 ἐπιὼν
1814 1083 1976 1148 αὐτὸς

397 1174 627 1243 ἀπονητὶ
651 1173 912 1237 καθέξειν
939 1174 1166 1238 ἐλπίζω.
1202 1175 1262 1228 Ei
1288 1175 1343 1227 δὲ
1371 1176 1432 1228 τὸ
1473 1172 1547 1245 μὴ
1575 1177 1842 1240 τοιούτοις
1872 1194 1976 1230 πε-

397 1267 806 1333 ριπεπτωκέναι
841 1267 1108 1330 κινδύνοις
1155 1265 1291 1336 ὁμοῦ
1320 1269 1416 1320 καὶ
1445 1267 1671 1321 ὀνείδεσι
1706 1269 1974 1337 φυλαττό-

396 1373 559 1425 μενος
588 1357 932 1427 παραμένειν
972 1357 1052 1412 ἔτι
1085 1359 1470 1429 φιλονεικοίης,
1508 1360 1607 1414 οὐκ
1650 1361 1715 1414 ἂν
1749 1361 1973 1430 φθάνοις

401 1455 542 1526 μετὰ
567 1455 658 1510 τοῦ
709 1458 924 1525 γέλωτα
971 1456 1159 1524 δφλειν
1201 1459 1417 1530 μακρὸν
1461 1461 1554 1512 καὶ
1597 1460 1696 1532 τὴν
1732 1461 1974 1531 κεφαλὴν

395 1547 821 1617 ἀφαιρούμενος.
862 1550 956 1604 καὶ
1004 1547 1194 1619 βιαίως
1237 1549 1414 1614 οὕτως
1468 1551 1829 1622 ἀπορρηγνὺς
1875 1551 1974 1621 τὴν

398 1639 594 1709 ψυχὴν,
623 1641 843 1694 ἐπειδὰν
868 1641 1209 1695 κυκλωθείσα
1243 1643 1282 1709 ἡ
1329 1641 1504 1708 πόλις,
1546 1642 1606 1695 τδ
1632 1643 1722 1696 σὺν
1754 1641 1850 1695 νῦν
1881 1643 1976 1712 ὁρ..

397 1733 686 1802 μητήριον,
727 1733 790 1786 ἐκ
838 1750 900 1787 τε
938 1731 1044 1804 γῆς
1096 1735 1192 1787 καὶ
1249 1732 1522 1804 θαλάττης
1572 1733 1710 1804 μετὰ
1758 1735 1975 1790 πολλῶν

381 1826 636 1898 ,ἐπιόντος
667 1825 802 1896 ἐμοῦ
827 1827 934 1878 τῶν
961 1827 1268 1897 δυνάμεων,
1311 1827 1403 1880 ἐπὶ
1429 1827 1522 1880 τὸν
1553 1827 1726 1880 αίτιον
1771 1828 1977 1898 τρέψη-

2078 691 2191 746 prte
2228 675 2615 744 desperatione
2658 683 2882 727 secutus
2931 675 3338 736 necessitatem,
3384 675 3659 728 maximus

2076 769 2184 824 erit
2214 768 2282 823 de
2327 777 2379 823 te
2411 767 2554 821 risus
2591 783 2604 820 :
2644 777 2800 836 turpe
2847 767 2993 821 enim
3048 746 3527 822 esse-iloineridae
3573 765 3649 820 di-

2077 863 2292 927 ctitant,

2379 978 2635 1032 mansisse
2661 977 2751 1030 diu
2788 990 3114 1044 vacuumque
3141 975 3352 1028 reverti.

2077 1096 2156 1151 Ac
2189 1101 2457 1164 praeterea
2491 1092 2656 1147 urbes
2678 1091 2984 1145 amissurus
3004 1104 3085 1154 es,
3107 1070 3248 1160 quas
3271 1103 3374 1159 ego
3399 1087 3658 1143 obeundo

2077 1185 2230 1239 nullo
2259 1193 2318 1238 ut
2350 1198 2511 1251 spero
2543 1181 2730 1236 labore
2761 1191 3025 1249 capturus
3064 1194 3208 1233 sum.
3245 1179 3303 1233 Si
3340 1193 3492 1240 vero,
3527 1177 3657 1230 dum

2077 1291 2240 1332 caves
2270 1290 2339 1330 ne
2371 1275 2426 1329 in
2459 1274 2549 1328 illa
2586 1272 2827 1342 pericula
2859 1271 3026 1326 simul
3055 1285 3120 1325 ac
3171 1269 3372 1339 probra
3419 1269 3654 1332 incidas,

2077 1369 2434 1440 pertinaciter
2467 1365 2649 1419 adhuc
2696 1363 3003 1429 manseris';
3039 1377 3150 1416 non
3197 1361 3408 1431 poteris
3451 1360 3655 1424 facere,

2077 1461 2211 1532 quin
2236 1469 2436 1530 praeter
2475 1458 2644 1512 risum
2675 1457 2741 1512 de
2779 1466 2830 1511 te
2855 1456 3092 1509 multant
3131 1453 3310 1523 capite
3340 1451 3504 1507 etiam
3543 1451 3659 1521 ple-

2077 1555 2246 1610 ctaris
2271 1553 2625 1620 animamque
2663 1550 2738 1604 ita
2772 1549 3018 1603 violento
3061 1549 3176 1602 fato
3210 1545 3507 1610 eli‘undas;
3541 1555 3660 1599 tum

2077 1645 2332 1702 videlicet
2357 1659 2480 1700 cum
2517 1643 2676 1708 urbs,
2692 1651 2847 1697 tuum
2879 1657 3030 1696 nunc
3053 1639 3388 1710 perfugium,
3412 1637 3662 1708 undique

2077 1740 2465 1801 circumsessa,
2502 1744 2731 1808 urgente
2769 1750 2856 1789 me
2887 1733 3099 1804 magnis
3130 1748 3255 1788 eum
3286 1731 3464 1800 copiis
3513 1741 3659 1786 terra

2079 1847 2143 1887 ac
2188 1831 2348 1896 mari,
2391 1830 2446 1884 in
2503 1837 2576 1895 te,
2611 1829 2706 1898 qui
2741 1826 3011 1881 malorum
3060 1834 3254 1880 auctor
3284 1823 3478 1888 fueris,
3520 1823 3660 1876 iram

359 1915 480 1968 ’ταί
507 1933 565 1968 σε
595 1918 694 1986 τὴν
737 1917 930 1987 ὀργήν.
976 1918 1423 1988 Μεταπέμψομαι
1454 1917 1562 1989 γὰρ
1599 1919 1660 1971 ού
1715 1919 1967 1972 Θετταλι-

2075 1937 2294 1978 omnem
2319 1927 2519 1975 vertet.
2558 1921 2847 1975 Arcessam
2885 1933 3084 1986 nempe
3123 1930 3235 1970 non
3275 1914 3658 1969 Thessalicum

395 2007 500 2077 κὴν
532 2008 692 2076 μόνον
724 2009 912 2073 ἵππον,
948 2011 1044 2064 καὶ
1065 2012 1166 2064 ὃσα
1197 2012 1411 2065 ἐκεῖθεν
1446 2011 1806 2082 στρατόπεδα,
1833 2013 1971 2066 ἀλλὰ

392 2098 488 2152 σοῦ
516 2116 577 2167 γε
603 2100 789 2154 εἵνεκα
825 2103 920 2154 καὶ
952 2103 1231 2173 Περσικὰς
1259 2103 1316 2172 ἐξ
1365 2104 1552 2167 Ἀσίας
1581 2105 1860 2174 δυνάμεις.
1896 2105 1969 2159 Σὺ

391 2193 500 2260 γὰρ
535 2191 636 2263 ἢδη
668 2192 812 2246 τοῦτ’
851 2194 1186 2264 ἐπεπράχεις
1231 2197 1470 2264 πρῶτος,
1517 2197 1640 2250 καθ’
1677 2197 1968 2267 ὁμοφύλων

383 2280 456 2334 δι’
495 2284 597 2352 ἐμὲ
653 2283 934 2355 Περσικὴν
972 2286 1171 2351 ἐλάσας
1219 2287 1474 2357 δύναμιν.
1527 2289 1603 2342 Τὸ
1647 2288 1694 2340 δ’
1743 2291 1810 2344 ἐκ
1859 2292 1969 2344 τῶν

386 2374 607 2442 ὁμοίων,
640 2378 733 2430 τὸν
784 2380 1105 2450 άδικήσαντ⁹
1140 2382 1468 2449 ἀμύνεσθαι,
1511 2387 1559 2439 εί
1595 2386 1696 2456 μὲν
1742 2386 1970 2455 ἀνενέγ-

385 2466 583 2536 κλητον
615 2463 758 2523 εἶναι
811 2471 1022 2542 κρίνοις
1069 2474 1254 2542 αὐτὸς,
1287 2475 1483 2539 ἁθῶος
1514 2477 1648 2546 ἐγὼ,
1693 2482 1793 2534 καὶ
1831 2480 1969 2548 πρὸς

381 2559 568 2613 αότῶν
595 2561 695 2632 τὴν
730 2563 1038 2633 μαρτυρίαν
1059 2564 1154 2619 τοῦ
1187 2568 1677 2638 συγκεχωρηκότος
1699 2569 1966 2639 λαμϐάνω

384 2652 497 2705 τῶν
571 2655 992 2723 βασκαινόντων.
1054 2655 1116 2710 El
1169 2659 1216 2712 δ’
1273 2659 1352 2722 είς
1405 2661 1750 2730 ἐγκλήματος
1808 2661 1968 2730 λόγον

386 2747 424 2802 ἁ
447 2747 610 2816 ιάγεις
636 2750 842 2818 τούμὸν
877 2753 1131 2822 πρᾶγμα,
1165 2751 1286 2824 ῶρα
1327 2771 1412 2808 σοι
1441 2754 1775 2822 λογίζεσθαι,
1809 2759 1968 2828 πηλί-

386 2856 504 2892 κων
541 2839 636 2893 καὶ
665 2840 807 2894 ὅσων
838 2841 948 2894 τῶν
983 2842 1345 2914 ἐγκλημάτων
1390 2845 1695 2898 ὑπεύθυνον
1735 2846 1800 2914 σὺ
1834 2865 1968 2900 σαυ-

384 2935 478 2986 τὸν
508 2935 842 3004 ἐπεπράχεις
872 2935 1182 3006 ἐθελοντὴς,
1221 2937 1361 2993 κατά
1399 2955 1459 2990 τε
1501 2937 1586 3010 [Ρ.
1620 2937 1747 3010 415]
1797 2939 1966 3009 μηδὲν

382 3027 700 3090 ἀδικοῦντος
728 3027 864 3081 ὅπλα
899 3027 1135 3081 τοσαῦτα
1172 3029 1343 3083 κινῶν
1373 3030 1587 3084 ἀσεϐῶν
1623 3031 1828 3101 ἀναμὶξ
1872 3033 1967 3085 καὶ

379 3121 690 3193 ὁμοφύλων,
729 3124 822 3178 καὶ⁵
849 3123 1068 3176 πάντων
1095 3123 1335 3193 ἀφειδῶν
1370 3125 1692 3194 χρημάτων,
1730 3125 1822 3179 καὶ
1863 3127 1967 3178 πᾶ-

384 3233 486 3268 σιν
533 3215 822 3285 Ῥωμαίων
849 3216 952 3286 γῆν
975 3215 1328 3287 διαφθείρων,
1358 3217 1454 3270 καὶ
1492 3215 1627 3280 νεὼς
1659 3217 1963 3288 καθαιρῶν,

381 3309 479 3359 καὶ
539 3306 863 3377 μιασμάτων
911 3294 1195 3378 ἐμπιπλὰς
1256 3309 1418 3379 ἱερὰ,
1460 3310 1554 3362 κα)⁸
1607 3310 1963 3379 πολυτρόπως

379 3402 493 3464 τοῖς
534 3401 698 3463 θείοις
722 3401 1096 3470 ἐμπαροινῶν,
1129 3402 1224 3455 καὶ
1252 3402 1434 3471 πάσης
1459 3403 1652 3457 πολιὰν
1682 3403 1964 3472 εὐγενείας

382 3493 450 3544 ἐκ
496 3493 659 3561 μέσου
703 3492 894 3555 ποιῶν,
949 3495 1042 3546 καὶ
1085 3494 1262 3548 πάντα
1301 3495 1510 3565 φύρδην
1549 3496 1662 3549 ἄνω
1691 3497 1784 3549 καὶ
1817 3496 1964 3550 κάτω

383 3584 570 3638 κυκῶν
600 3586 695 3639 καὶ
723 3585 1070 3656 διαστρέφων
1090 3603 1104 3617 ο
1142 3587 1227 3641 ἵνα
1257 3587 1312 3640 τί
1349 3589 1610 3659 γένηται;
1650 3589 1737 3642 ἵνα
1766 3589 1836 3643 σὺ
1866 3590 1963 3658 μό·

381 3694 577 3750 ναρχος
606 3680 906 3748 καταστῇς,
939 3678 1186 3749 μείζοσιν
1214 3679 1248 3752 ἢ
1291 3681 1432 3734 κατὰ
1460 3681 1518 3733 σὲ
1550 3683 1643 3736 καὶ
1664 3681 1763 3752 τὴν
1792 3683 1964 3752 τύχην

381 3770 480 3839 τὴν
507 3769 604 3841 σὴν
631 3769 940 3825 ἐπιϐάλλων
964 3770 1278 3841 πράγμασι.
1310 3773 1425 3841 Τῆς
1453 3773 1713 3836 ἀπονοίας
1735 3790 1751 3804 ⁶
1774 3773 1963 3844 ὥσπερ

380 3861 449 3916 ἂν
476 3863 524 3914 εί
559 3861 749 3933 μηδεὶς
775 3862 884 3928 τῶν
910 3863 1214 3932 γινομένων
1236 3864 1481 3934 ἐπόπτης
1511 3865 1720 3928 δίκαιος
1749 3860 1839 3935 ἦν,
1867 3866 1962 3920 καὶ

379 3952 560 4006 πάντα
597 3953 813 4007 διοικῶν
855 3954 992 4026 πρὸς
1032 3954 1094 4007 τὸ
1142 3955 1376 4026 βέλτιον,
1421 3955 1537 4010 ἀλλ’
1587 3957 1963 4029 ἀκυϐέρνητον

378 4039 494 4115 εἶχε
532 4046 594 4100 τὸ
633 4049 742 4100 πᾶν
777 4049 874 4100 καὶ
923 4046 1224 4118 πλημμελῆ
1255 4048 1352 4119 τὴν
1408 4048 1606 4118 φοράν.
1667 4051 1778 4105 Καὶ
1805 4031 1962 4104 ταῦτ’

377 4140 500 4194 οὐδὲ
531 4141 670 4212 πρὸς
695 4139 797 4205 τὰς
840 4141 983 4210 ἐμὰς
1028 4139 1208 4209 φυγὰς
1247 4143 1341 4196 καὶ
1376 4143 1546 4212 τύχας
1584 4143 1792 4196 ἀπιδὼν
1835 4162 1964 4200 συν-

376 4233 546 4296 έσεως
584 4232 764 4287 ὁτιοῦν
799 4233 881 4296 είς
907 4233 1222 4304 δυσώπησιν
1268 4233 1538 4306 ἐδυνήθης
1577 4235 1786 4302 λαϐεῖν,
1813 4237 1964 4300 ὅπως

376 4326 502 4390 τώς
527 4325 630 4396 μὲν
669 4325 882 4394 φίλους,
920 4325 1016 4378 καὶ
1051 4325 1268 4390 πολλὰςκ
1294 4326 1613 4395 ὀφείλοντας
1645 4328 1836 4398 ἔμοιγε
1866 4329 1967 4400 χά-

379 4435 560 4488 ριτας,
593 4417 670 4482 ὡς
702 4417 1299 4488 πολεμίουςέξώπλισε
1332 4402 1454 4472 κατ’
1499 4420 1634 4490 ἐμοῦ
1669 4421 1730 4474 τὸ
1754 4422 1964 4492 μανιῶ-

374 4511 466 4574 δες
503 4511 600 4580 τῆς
639 4511 909 4580 γνώμης·
963 4509 1089 4574 τοὺς
1139 4511 1185 4564 δ’
1223 4510 1456 4582 ἐχθροὺς
1505 4511 1602 4565 καὶ
1651 4512 1960 4583 δυσμενεῖς,

2074 2017 2237 2070 modo
2264 1996 2596 2084 equitatum,
2625 2021 2681 2067 et
2710 2011 2980 2081 quidquid
3013 2009 3170 2065 illinc
3213 2008 3496 2077 copiarum
3527 2015 3615 2061 est
3641 2022 3656 2070 ;

2073 2109 2169 2163 sed
2203 2109 2281 2162 tui
2320 2105 2543 2175 quidem
2585 2119 2748 2158 causa
2788 2112 2843 2158 et
2893 2101 3146 2157 Persicas
3197 2115 3266 2154 ex
3313 2097 3438 2152 Asia
3488 2095 3656 2150 vires.

2071 2199 2189 2255 Iam
2225 2199 2373 2254 enim
2423 2205 2482 2251 tu
2520 2193 2844 2250 commisisti
2879 2192 2932 2248 id
2962 2192 3196 2264 primus,
3230 2191 3326 2260 qui
3379 2189 3658 2246 Persicam

2073 2305 2298 2347 manum
2355 2289 2464 2344 mei
2521 2302 2688 2344 causa
2747 2287 2802 2366 in
2857 2285 3006 2340 cives
3051 2283 3356 2340 immisisti.
3397 2281 3660 2353 Iniuriam

2070 2395 2256 2440 autem
2289 2382 2455 2438 simili
2491 2381 2638 2436 facto
2666 2378 2884 2447 ulcisci,
2919 2378 3081 2448 culpa
3111 2377 3276 2448 665
3309 2391 3507 2431 vacare
3541 2374 3659 2444 ipse

2071 2478 2116 2533 si
2142 2477 2380 2549 judicas,
2411 2476 2678 2530 innocens
2726 2481 2877 2528 certe
2926 2486 3049 2543 ego,
3083 2480 3138 2526 et
3182 2483 3458 2525 concessae
3485 2467 3658 2522 veniae

2075 2567 2448 2625 testimonium
2480 2565 2691 2637 accipio
2723 2567 2792 2622 ab
2819 2566 2954 2638 ipsis
2985 2563 3469 2621 obtrectatoribus.
3497 2559 3654 2628 Quod

2071 2663 2116 2717 si
2148 2660 2352 2716 factum
2381 2660 2517 2716 illud
2552 2676 2734 2716 meum
2785 2660 2838 2713 in
2871 2660 3082 2714 crimen
3114 2657 3381 2714 adducas.
3411 2656 3522 2727 jam
3557 2653 3658 2708 tibi

2050 2753 2426 2822 cogitandum
2485 2763 2590 2819 est,
2642 2760 2780 2822 quot
2838 2763 2894 2807 et
2954 2751 3178 2822 quantis
3221 2749 3554 2806 criminibus
3605 2757 3659 2802 te

2070 2846 2372 2903 obnoxium
2415 2845 2559 2900 ultro
2592 2844 2812 2910 feceris,
2849 2859 2975 2898 cum
3025 2851 3106 2898 tot
3149 2843 3202 2896 in
3263 2858 3349 2897 me
3386 2841 3657 2896 innocen-
3715 2867 3730 2878 ι

2072 2943 2181 2989 tem
2236 2931 2542 2988 infidelium
2595 2931 2911 3002 promiscue
2961 2947 3026 2987 ac
3076 2931 3280 2987 civium
3335 2946 3490 2984 arma
3534 2944 3658 2984 mo-

2070 3025 2220 3094 visti,
2270 3041 2396 3081 cum
2457 3026 2596 3080 nulli
2653 3026 2900 3097 sumptui
2964 3025 3285 3096 pepercisti,
3321 3040 3444 3079 cum
3488 3032 3658 3078 totam

2070 3122 2447 3176 Romanorum
2486 3119 2757 3174 ditionem
2805 3119 3117 3187 vastavisti,
3147 3119 3348 3189 templa
3382 3116 3661 3181 cvertisti,

2071 3227 2228 3268 sacra
2264 3210 2415 3267 omni
2449 3211 2660 3266 scelere
2711 3211 2954 3276 violasti,
2990 3227 3114 3267 cum
3147 3207 3426 3267 in‘divina
3471 3209 3662 3266 multi-

2071 3303 2268 3360 fariam
2291 3314 2344 3359 et
2384 3303 2830 3376 petulantissima
2873 3303 3174 3359 bacchatus
3210 3319 3290 3370 es,
3321 3317 3448 3357 cum
3479 3302 3661 3357 omnis

2073 3395 2380 3451 nobilitatis
2410 3396 2785 3452 venerandam
2816 3396 3076 3452 canitiem
3119 3396 3190 3452 de
3240 3395 3425 3451 medio
3464 3403 3656 3450 sustu—

2072 3490 2207 3556 listi,
2231 3505 2354 3544 cum
2389 3489 2573 3544 omnia
2605 3489 2761 3544 nullo
2791 3489 3114 3544 discrimine
3137 3502 3357 3544 sursum
3394 3488 3656 3562 deorsum

2073 3580 2339 3636 miscuisti
2376 3590 2544 3650 atque
2575 3581 2883 3647 invertisti;
2910 3595 3040 3651 quo
3071 3580 3348 3637 consilio?
3392 3579 3658 3634 nimirum

2074 3687 2134 3732 ut
2168 3683 2225 3729 tu
2254 3673 2403 3728 solus
2431 3688 2615 3728 rerum
2652 3674 2922 3742 potirere,
2953 3674 3161 3744 majora
3209 3682 3262 3729 te
3291 3687 3357 3728 ac
3385 3684 3477 3728 tua
3517 3687 3655 3726 con-

2065 3767 2283 3822 ditione
2336 3765 2617 3822 aﬂ‘ectans.
2655 3767 2800 3822 Proh
2853 3766 3237 3830 dementiaml
3261 3767 3418 3836 quasi
3476 3765 3662 3820 nullus

2071 3859 2215 3916 foret
2238 3859 2448 3915 arbiter
2469 3860 2678 3931 justus,
2705 3876 2736 3914 a
2771 3875 2882 3930 quo
2912 3859 3260 3928 aspiceretur
3283 3858 3661 3928 quodcunque

2073 3953 2156 4018 iit,
2187 3969 2218 4006 a
2255 3968 2366 4022 quo
2420 3952 2610 4008 omnia
2655 3967 2823 4022 quam
2856 3952 3062 4022 optime
3091 3951 3658 4016 administrarentur;

2071 4052 2167 4108 sed
2220 4050 2479 4106 universa
2515 4049 2670 4104 nullo
2721 4056 2961 4114 rectore,
2989 4049 3143 4102 nulla
3195 4047 3316 4117 lege
3379 4046 3546 4100 irent.
3579 4045 3660 4100 Ac

2072 4159 2142 4201 ne
2158 4143 2384 4217 quidem
2413 4143 2480 4197 ad
2509 4157 2630 4200 mea
2661 4142 2855 4198 exsilia
2877 4155 3138 4209 measque
3158 4138 3501 4194 calamitates
3528 4153 3685 4219 cum.

2071 4237 2409 4308 respiceres,
2449 4235 2662 4291 erudiri
2714 4235 2784 4290 ad
2840 4232 3230 4289 verecundiam
3278 4231 3532 4302 potdisti,
3563 4245 3662 4285 co-

2070 4332 2296 4403 gitando
2357 4329 2637 4402 quomodo
2677 4343 2798 4385 eos
2852 4327 3098 4398 quidem,
3148 4327 3244 4397 qui
3303 4326 3438 4380 mihi
3497 4325 3658 4380 amici

2071 4434 2229 4480 erant
2267 4438 2332 4479 ac
2365 4423 2663 4494 plurimum
2694 4422 2830 4478 mihi
2866 4420 3164 4487 debebant,
3184 4419 3354 4474 animi
3388 4419 3475 4474 sui
3506 4417 3661 4480 l‘uror

2072 4518 2130 4573 in
2157 4533 2245 4574 me
2271 4525 2532 4586 tanquam
2565 4516 2754 4570 hostes
2781 4514 3078 4570 armaverit
3107 4530 3120 4566 :
3154 4513 3420 4569 inimicos
3443 4522 3654 4575 autem,

378 4602 474 4670 ὑφ’
503 4596 578 4656 ὧν
611 4619 704 4671 μοι
729 4601 975 4673 προσῆκε
1017 4601 1252 4672 πάσχειν
1291 4602 1492 4671 μᾶλλον
1531 4601 1740 4670 κακῶς,
1770 4605 1964 4673 φίλους

2071 4616 2128 4662 et
2165 4623 2282 4671 eos,
2333 4623 2364 4662 a
2421 4607 2626 4676 quibus
2686 4605 2810 4660 laadi
2874 4621 2962 4658 me
2993 4604 3212 4674 aequius
3257 4607 3397 4665 erat,
3452 4603 3662 4657 amicos

376 4696 434 4748 αἱ
460 4695 561 4762 τῆς
599 4695 758 4764 δίκης
809 4692 1144 4762 πλάστιγγες
1192 4692 1402 4759 ἔδειξαν
1433 4694 1719 4764 ἀκριϐεῖς·

375 4787 406 4840 ὁ
441 4785 707 4856 ὑμέτερος
735 4783 946 4838 κλύδων
982 4785 1064 4846 είς
1092 4782 1382 4854 πυθμένας
1410 4786 1720 4854 κατήνεγκε
1753 4802 1966 4854 συμφο-

379 4880 510 4952 ρῶν,
539 4878 842 4950 ὑπέρτερον
879 4877 1204 4949 παραδόξως
1260 4877 1418 4948 ὑμῶν
1467 4879 1775 4949 ἐπεπράχει
1806 4879 1962 4942 Θεός.

378 4972 488 5028 Καὶ
518 4970 636 5037 νῦν,
683 4970 759 5034 ὠς
805 4970 958 5041 δρᾷς,
1015 4971 1138 5040 ἐμοὶ
1191 4970 1292 5039 μὲν
1347 4971 1601 5041 ἐξουρίας
1641 4971 1856 5026 ἅπαντά
1898 4988 1965 5040 γε

373 5067 565 5138 χωρεῖ,
598 5065 696 5120 καὶ
733 5059 980 5136 χωρήσει
1019 5062 1114 5130 ξύν
1153 5078 1220 5132 γε
1251 5061 1393 5132 Θεῷ.
1441 5064 1516 5116 Σὺ
1557 5063 1606 5116 δ’
1635 5063 1792 5126 ὅλους
1837 5063 1970 5132 ἀνη-

377 5156 574 5218 λωκὼς
611 5156 916 5226 χρημάτων
949 5155 1181 5225 σωροὺς,
1207 5153 1317 5207 τῶν
1345 5155 1394 5206 τ’
1430 5154 1582 5224 ἐμῶν
1613 5153 1817 5224 δηλαδὴ
1847 5154 1969 5223 μεθ’

374 5251 476 5304 ὅσα
504 5253 616 5310 τοῖς
649 5246 959 5318 βασιλικοῖς
986 5245 1114 5315 ἐνῆν
1153 5244 1508 5315 πρυτανείοις
1540 5245 1639 5298 καὶ
1667 5245 1769 5298 ὃσα
1801 5245 1970 5298 πᾶσιν

376 5343 626 5410 εὐγενέσι
655 5339 1032 5410 ταμιευόμενα
1077 5337 1370 5407 πέπραχας
1415 5334 1688 5407 ἅρπαγμα
1745 5337 1970 5408 λῃστρι-

376 5437 497 5503 κὸν,
539 5433 695 5487 οὐδὲν
722 5431 886 5486 πλέον
915 5423 1224 5501 κατορθοῖς,
1261 5432 1294 5500 ἢ
1333 5431 1426 5482 τὸν
1452 5429 1775 5499 Πηνελόπης
1798 5429 1967 5497 ὑφαί-

379 5548 494 5589 νεις
529 5529 712 5582 ίστόν⁹
767 5526 828 5579 ὃν
867 5527 1208 5597 πανημέριον
1261 5523 1626 5592 ὑφαινόμενον
1667 5523 1728 5576 τὸ
1777 5525 1968 5586 σκότος

375 5624 573 5678 ἀνέλυε
606 5621 708 5690 τῆς
755 5619 990 5676 κατόπιν
1024 5617 1238 5681 νυκτός.
1285 5615 1455 5686 Δῆλον
1485 5609 1578 5668 οὖν
1611 5612 1678 5668 ἂν
1712 5612 1964 5667 ἐντεῦθεν

379 5717 467 5789 εἴη
502 5717 731 5778 καὶτοῖς
772 5711 950 5784 μικρὰ
985 5709 1299 5784 φρονοῦσιν,
1328 5706 1576 5781 ὼςῗύμϊν
1613 5706 1714 5780 μὲν
1739 5707 1963 5763 ἀδικοῦ-

1763 4696 1858 4748 καὶ
1901 4695 1963 4749 δν
1993 4695 2036 4705 ”
2067 4701 2204 4757 mihi
2229 4700 2430 4756 divinae
2449 4699 2679 4771 iustitia;
2721 4699 2910 4754 lances
2950 4713 3114 4753 veros
3143 4711 3209 4751 ac
3243 4707 3426 4752 certos
3459 4695 3663 4764 proba-

2067 4795 2288 4858 verint;
2321 4776 2380 4874 et
2421 4806 2586 4860 quem
2638 4799 2824 4844 vester
2874 4787 2968 4844 ille
3021 4797 3191 4843 astus
3241 4788 3297 4842 in
3352 4785 3660 4856 profundos

2064 4884 2450 4941 calamitatum
2493 4883 2696 4936 ﬂuctus
2740 4890 3035 4937 merserat.
3083 4894 3212 4934 eum
3257 4879 3403 4934 Deus
3455 4887 3661 4948 przeter

2067 4990 2293 5032 omnem
2347 4973 2670 5044 opinionem
2730 4971 2890 5026 vobis
2954 4972 3211 5026 altiorem
3267 4970 3539 5026 eti‘ecerit.
3590 4969 3662 5024 Et

2067 5083 2239 5133 nunc,
2277 5075 2339 5123 ut
2373 5065 2546 5130 vides,
2579 5064 2722 5134 mihi
2750 5065 2976 5134 quidem
3011 5063 3199 5119 omnia
3232 5063 3362 5119 ﬂatu
3392 5079 3659 5132 prospero

2071 5171 2226 5226 eunt,
2258 5168 2315 5216 et
2360 5175 2530 5230 porro
2569 5157 2730 5213 ibunt
2761 5158 2876 5212 Deo
2915 5157 3170 5228 juvante.
3199 5157 3281 5212 Tu
3325 5157 3493 5228 666
3522 5171 3657 5214 vero

2071 5252 2418 5322 consumptis
2463 5249 2833 5322 pecuniarum
2879 5249 3118 5317 acervis,
3151 5264 3400 5304 mearum
3431 5262 3656 5316 nempe,

2069 5351 2273 5413 praeter
2307 5340 2362 5396 id
2394 5356 2562 5395 omne
2601 5339 2753 5409 quod
2785 5339 3103 5409 principum
3135 5338 3350 5405 aerariis
3389 5337 3571 5391 inerat
3598 5347 3657 5392 et

2068 5431 2338 5502 quidquid
2371 5430 2518 5499 apud
2548 5429 2764 5485 nobiles
2784 5445 2980 5486 omnes
3011 5428 3313 5506 repositum
3343 5427 3656 5482 latronibus

2069 5525 2394 5596 rapiendum
2425 5524 2650 5592 dedisti,
2678 5525 2817 5579 nihil
2842 5523 2994 5579 aliud
3023 5521 3462 5594 nisiPenelopes
3487 5520 3652 5575 telam

2075 5615 2324 5682 texuisti,
2358 5631 2520 5686 quam
2573 5623 2684 5670 tota
2725 5613 2825 5669 die.
2856 5614 3190 5669 elaboratam
3237 5610 3518 5681 sequentis
3553 5625 3657 5664 no-

2075 5707 2180 5762 ctis
2235 5707 2432 5764 umbra
2480 5706 2788 5766 retexebat.
2842 5705 2999 5762 Patet
3046 5703 3236 5773 itaque
3295 5699 3424 5758 inde
3473 5697 3658 5758 cuivis

1700 5821 2038 5888 Variorum
2067 5831 2236 5887 notae

452 5955 562 6026 (97)
597 5953 812 6013 liomcr.
851 5957 989 6012 Iliad
1047 5973 1106 6013 ιι.
1164 5954 1370 6012 Bomu.
