4070 6470
386 466 497 533 893

778 467 854 542 [Α.
896 486 946 527 c.
995 470 1151 543 ista]

1420 479 1855 575 BYZANTINJE
1896 482 2277 546 ΙΙΙδΤΟῘὶΙίΕ
2300 484 2445 546 LIB.
2467 484 2637 547 XIII.

2759 482 2893 555 [nm
2936 497 2977 537 ι.
3021 494 3263 536 ινιιεοι..
3302 478 3359 551 3]

3539 484 3649 547 89$

388 587 612 660 θαλμοῖς
646 593 737 644 τὸν
767 592 881 646 ἴσον
909 594 1088 658 ἔξεστι
1129 597 1357 666 τρόπον.
1388 596 1545 651 Ὠστ’
1588 598 1648 652 οὐ
1683 598 1911 661 δικαίως
1938 601 1967 654 ὀ

2078 617 2205 657 num
2243 602 2442 668 oculis,
2470 603 2622 658 velut
2646 616 2800 658 nova:
2847 613 3035 671 nupta:
3080 602 3266 674 posito
3310 602 3644 663 ﬂammeolo.

387 681 847 752 Καντακουζηνὸς
875 684 977 754 τὴν
1004 687 1225 757 γρατὴν
1265 689 1388 758 ἐμοὶ
1413 689 1507 742 τοῦ
1542 689 1862 758 ψεύδεσθαι,
1890 690 1965 752 ῶς

382 790 449 841 γε
476 773 650 845 οἶμαι,
686 781 1104 850 προστρίϐεται,
1144 781 1239 835 τοῦ
1274 783 1586 847 λυσιτελοῦς
1624 784 1698 847 ὡς
1729 785 1965 854 μάλιστα

385 872 700 939 ποιουμένῳ
748 870 848 941 τὴν
886 872 1170 942 πρόνοιαν.
1219 874 1360 942 Ἐγὼ
1406 875 1515 944 γὰρ
1565 877 1858 945 ἐλάττωμα
1897 876 1965 930 ἂν

382 961 684 1032 ἡγησάμην
728 964 778 1015 εί
833 966 906 1034 μὴ
938 965 1179 1030 τοιοῦτος
1230 968 1384 1035 είηνο
1435 968 1674 1038 κάκείνῳ
1718 969 1764 1022 δ’
1796 967 1886 1033 αὖ,
1915 970 1965 1023 εί

385 1056 696 1125 στρατηγοῦ
755 1060 929 1110 ποιεῖν
984 1059 1258 1113 ἐϐούλετο.
1291 1062 1562 1131 πρᾶγμα,
1617 1063 1730 1115 τότ’
1783 1063 1847 1117 ἄν
1895 1081 1965 1134 με

382 1146 641 1218 λοιδορεῖν
681 1151 871 1219 ἐχρῆν,
908 1150 998 1203 ὅτε
1042 1151 1117 1221 μὴ
1151 1150 1291 1206 οὗτοι
1324 1156 1439 1216 τοῖς
1463 1154 1566 1207 άνά
1594 1157 1784 1231 χεῖρας
1814 1155 1964 1226 ἐώρα

388 1255 458 1308 με
507 1239 799 1310 πράγμασι
850 1244 1172 1311 προσιόντα.
1221 1245 1355 1315 Ἐμὲ
1401 1245 1449 1298 δ’
1495 1249 1673 1300 ἐκεῖνο
1727 1247 2007 1317 μάλισταν

384 1333 609 1387 πάντων
638 1335 859 1407 ἐπαίρει
890 1336 1199 1407 θαυμάζειν
1227 1339 1461 1404 ἐκείνου,
1489 1341 1608 1399 πῶς
1634 1341 1790 1395 ταῦτ’
1817 1342 1969 1397 ἐπεί-

298 1498 337 1511 "
383 1438 542 1488 γειται
572 1425 727 1496 δρᾷν,
764 1425 852 1499 [Ρ.
885 1426 1016 1501 417]
1073 1424 1155 1492 οἷς
1218 1429 1494 1494 ὀνειδίζων
1545 1432 1792 1496 ἐκτόπως
1842 1435 1967 1502 ἐμοὶ

297 1520 328 1571 ‘3
386 1516 730 1588 λοιδορεῖται,
780 1520 884 1590 τὴν
942 1521 1288 1592 βαρϐαρικήν
1318 1543 1460 1595 φημι
1510 1529 1606 1580 καὶ
1664 1524 1967 1596 ἀλλόφυλον

387 1609 729 1680 συμμαχίαν.
758 1612 825 1667 El
853 1614 962 1683 γάρ
993 1614 1052 1668 ἐν
1095 1616 1396 1685 ἀλλοτρίοις
1441 1602 1803 1688 πταίσμασιν’
1825 1619 1963 1673 ἰδίαν

304 1693 310 1699 ’
385 1699 692 1769 ἀσφάλειαν
712 1704 1010 1773 ἐγκωμίων
1036 1706 1200 1769 αὐτὸς
1224 1708 1521 1785 ἐπορίσατο
1545 1711 1640 1763 καὶ
1666 1710 1743 1778 τῷ
1762 1710 1876 1764 ὄντι
1898 1711 1969 1764 τά

301 1786 307 1791 ’
388 1808 481 1861 μοι
511 1796 882 1864 πεπραγμένα
916 1797 1220 1869 μεμίσηκε,
1273 1802 1461 1853 ποθεῖν
1491 1804 1591 1855 οὐκ
1627 1802 1820 1872 ἐχρῆν,
1845 1802 1967 1856 οὐδὲ

391 1883 705 1951 μιμεῖσθαι.
757 1883 831 1939 Τὸ
865 1887 971 1961 γὰρ
1014 1888 1304 1957 μιμεῖσθαι
1355 1889 1640 1960 φιλοῢντός
1679 1894 1847 1955 ἐστιν,
1903 1894 1965 1946 οὐ

2069 706 2300 767 possunt
2324 698 2575 753 eamdem
2608 698 2678 751 ob
2707 712 2931 752 causam
2956 699 3257 767 spectanda
3291 696 3503 761 oti‘erri.
3522 697 3645 752 Non

2059 790 2210 860 juste
2252 790 2439 860 itaque
2486 788 2908 846 Cantacuzenus
2960 789 3170 844 crimen
3207 789 3340 849 mihi
3373 789 3647 844 mendacii

2069 883 2153 951 (ut
2178 881 2400 951 quidem
2451 880 2606 951 puto)
2646 880 2820 936 inurit
2851 899 2865 936 :
2902 881 3041 936 mihi
3086 882 3332 951 inquam,
3363 883 3457 951 qui
3492 882 3646 937 utili-

2068 972 2200 1028 tatis
2246 973 2590 1042 potissimam
2644 977 2915 1030 rationem
2967 972 3168 1028 b‘abeo.
3230 973 3344 1027 Imo
3395 990 3498 1044 ego
3557 990 3648 1027 me

2067 1061 2298 1116 minoris
2340 1063 2724 1117 aestimandum
2778 1064 3065 1134 putarem,
3098 1064 3143 1118 si
3205 1064 3477 1132 ejusmodi
3532 1079 3645 1117 non

2065 1167 2270 1211 essem.
2304 1152 2412 1208 Istc
2462 1165 2670 1217 autem,
2703 1155 2749 1210 si
2816 1155 2868 1209 id
2929 1154 3078 1225 quod
3125 1156 3483 1224 imperatoris
3526 1169 3649 1210 erat

2066 1245 2248 1301 facere
2280 1244 2572 1312 voluisset,
2597 1256 2730 1304 tunc
2761 1249 2892 1302 mihi
2943 1248 3137 1302 debuit
3167 1248 3487 1309 convitiari.
3517 1264 3644 1301 cum

2066 1340 2290 1394 videbat
2325 1357 2411 1397 me
2444 1358 2552 1396 non
2587 1342 2808 1412 aggredi
2831 1357 2895 1398 ea
2923 1359 3044 1411 quru
3073 1344 3296 1411 exsequi
3332 1352 3441 1396 tam
3488 1341 3651 1395 facile

2066 1442 2121 1487 et
2146 1433 2314 1503 668
2337 1445 2649 1503 promptum
2683 1442 2852 1488 esset.
2890 1430 3008 1486 .lam
3053 1450 3182 1487 vero
3221 1449 3345 1487 eum
3384 1442 3444 1487 ut
3485 1434 3654 1487 mirer

2067 1520 2173 1575 hoc
2203 1522 2435 1576 maxime
2475 1523 2727 1586 inducor,
2758 1523 2905 1593 quod
2936 1539 2999 1577 ea
3036 1522 3218 1578 facere
3245 1523 3495 1587 molitur,
3524 1539 3645 1593 qua:

2068 1613 2199 1667 mihi
2233 1623 2292 1668 ut
2325 1614 2523 1683 probra
2568 1616 2869 1670 insolenter
2916 1614 3108 1683 objicit
3144 1632 3159 1671 :
3196 1631 3476 1671 armorum
3529 1615 3655 1669 dico

2067 1720 2194 1760 cum
2228 1704 2480 1761 Barbaris
2521 1715 2577 1761 et
2620 1705 2942 1773 alienigenis
2975 1706 3322 1762 societatem.
3352 1705 3486 1761 Nam
3519 1706 3563 1761 si
3599 1706 3654 1759 in

2067 1798 2258 1851 alienis
2297 1798 2474 1852 ruinis
2523 1797 2743 1853 laudum
2791 1814 3014 1853 suarum
3073 1798 3436 1853 stabilitatem
3480 1797 3653 1852 collo-

2068 1889 2232 1949 cavit.
2262 1899 2319 1943 et
2362 1906 2552 1943 revera
2605 1890 2734 1944 odio
2768 1891 2841 1944 illi
2882 1899 3011 1944 sunt
3058 1905 3119 1944 ea
3170 1905 3292 1960 quae
3335 1889 3500 1958 gessi,
3528 1888 3661 1944 alre-

395 1975 717 2043 μισοῦντος,
769 1981 862 2033 καὶ
913 1980 1291 2050 θαυμάζοντος
1352 1983 1553 2051 μᾶλλον
1601 1985 1637 2057 ἢ
1685 1985 1967 2064 ψέγοντος.

2078 1993 2222 2037 ctare
2252 1992 2417 2051 atque
2460 1982 2663 2036 imitari
2696 1982 2840 2038 haud
2877 1983 3189 2051 oportebat.
3218 1981 3424 2037 Imitari
3454 1980 3658 2049 quippe

390 2067 581 2132 Οὐδεὶς
622 2071 735 2138 γὰρ
762 2071 799 2126 ἃ
831 2074 982 2142 μισεῖ
1023 2074 1160 2145 δρᾷν
1200 2076 1265 2128 ὲκ
1317 2073 1499 2147 ψυχῆς
1528 2077 1827 2145 ἐπείγεται,
1873 2078 1968 2132 τοῦ

395 2158 717 2232 βιαζομένου
772 2166 976 2228 παντὸς
1042 2167 1108 2220 ἐκ
1169 2167 1346 2221 ποδῶν
1424 2171 1740 2237 ἱσταμένου.
1797 2171 1860 2225 Εἰ
1911 2172 1968 2225 δὲ

390 2253 609 2325 γλώττῃ
647 2255 745 2324 μὲν
784 2256 1109 2326 λοιδορεῖται
1138 2258 1353 2323 τούτοις
1398 2255 1481 2320 οἷς
1524 2262 1626 2331 ἐμὲ
1658 2263 1972 2331 πράττοντα

394 2343 619 2414 βλέπει,
662 2345 846 2417 ἔργοις
891 2349 939 2402 δ’
982 2351 1081 2421 οὐχ
1133 2352 1285 2415 ὅπως
1332 2351 1435 2405 οὐκ
1486 2353 1820 2409 ἀποσπεύδει
1869 2356 1972 2425 τὴν

396 2439 652 2510 μίμησιν,
702 2442 841 2496 ἀλλὰ
888 2443 985 2498 καὶ
1037 2446 1661 2515 προσεπιδαῲιλεύεται,
1710 2449 1871 2519 δῆλον
1896 2448 1973 2512 ὡς

394 2530 495 2601 οὐχ
523 2532 605 2585 ὅτι
629 2535 806 2602 μισῶν
825 2535 1172 2605 λοιδορεῖται,
1207 2520 1322 2593 ἀλλ’
1350 2542 1434 2594 ὅτι
1465 2541 1541 2612 μὴ
1565 2541 1780 2611 πρῶτος
1809 2540 1973 2602 αὐτὸς

396 2623 707 2695 ἐπεπράχει
739 2626 1121 2697 δυσχεραίνειο
1158 2630 1300 2684 ὥστε
1348 2633 1495 2686 δυοῖν
1545 2635 1805 2705 ὁπότερον
1847 2632 1974 2688 καθ’

398 2715 591 2786 ἐτέρου
617 2717 942 2790 ψηφισθείη,
978 2723 1075 2776 καὶ
1121 2724 1337 2795 θατέρῳ
1379 2726 1538 2780 τοῦτο
1581 2728 1806 2791 δικαίως
1847 2730 1976 2781 ἀκο-

399 2805 662 2881 λουθήσῃ,
700 2811 795 2863 καὶ
821 2812 1022 2880 ὁμοίως
1051 2814 1381 2886 ἀμφοτέροις
1417 2816 1449 2888 ἢ
1491 2819 1557 2871 τά
1588 2817 1688 2885 τῆς
1713 2818 1974 2887 ἐπιτιμή-

400 2914 540 2958 σεως
571 2901 603 2971 ἢ
652 2902 719 2955 τὰ
746 2903 849 2973 τῆς
879 2904 1214 2977 συγγνώμης
1246 2909 1336 2978 ἐφ’
1367 2909 1580 2981 ὁμοίοις
1629 2911 1741 2972 τοῖς
1787 2909 1974 2981 πράγ-

401 3007 573 3062 μασιν
601 2993 874 3063 ἒψεται.ἰ
1290 2976 1299 2978 ⁷
1404 2976 1416 2980 ’
1472 2976 1478 3001 ³

473 3265 837 3368 8⁸.-Ἒκείνος
890 3268 987 3340 μὲν
1040 3268 1135 3323 οὖν
1187 3271 1340 3326 ταῦτ’
1377 3271 1557 3343 ιὲλεξε,
1616 3273 1825 3343 σφόδρα
1876 3275 2047 3368 rica

400 3357 599 3411 ἑαυτοῦ
664 3359 1141 3432 καταψευδόμενος
1200 3363 1453 3431 φύσεως,
1507 3366 1603 3420 καὶ
1653 3366 1974 3438 πιθανότητι

398 3450 649 3520 γλώττης
669 3453 770 3524 τὴν
792 3456 902 3508 τῶν
932 3458 1278 3528 πραγμάτων
1297 3459 1657 3513 ὑποκλέπτων
1687 3460 1971 3531 ἀλήθειαν.

405 3543 568 3608 Ἔθος
592 3549 702 3614 γὰρ
733 3547 883 3619 αὖτῷ
908 3549 1158 3621 διηνεκὲς
1182 3551 1355 3616 τουτὶ,
1378 3553 1474 3605 καὶ
1500 3552 1767 3616 πολλάκις
1796 3553 1974 3624 τούτῳ

404 3641 723 3709 περιφανῶς
764 3641 1260 3709 ἑνεκαλλωπίσατο,
1294 3645 1461 3715 ἕτερα
1518 3646 1619 3715 μὲν
1653 3649 1721 3718 τῇ
1755 3646 1973 3723 γλώττῃ

406 3733 725 3803 προφέρειν,
769 3734 934 3804 ἔτερα
960 3736 1016 3791 δ’
1044 3739 1104 3791 ὲν
1151 3740 1219 3810 τῇ
1263 3739 1474 3808 διανοίᾳ
1513 3738 1841 3807 καλύπτειν,
1883 3741 1980 3793 καὶ

408 3829 729 3897 μαχομένην
758 3827 1029 3883 δεικνύειν
1074 3832 1158 3901 ei]!
1187 3810 1402 3902 γλώττῃ
1436 3830 1545 3885 τῶν
1572 3832 1853 3902 λογισμῶν
1879 3833 1980 3905 τὴν

411 3919 668 3990 μελέτην.
709 3919 889 3975 Πολλά
926 3920 1029 3991 μὲν
1060 3917 1154 3977 οὖν
1188 3923 1468 3977 κάνταῦθα
1495 3926 1561 3997 τῇ
1601 3924 1816 3996 γλώττῃ
1851 3923 1982 3995 θρα-

406 4011 703 4081 συνόμενος
726 4016 839 4076 τοῖς
870 4013 1052 4083 ῑργοις
1074 4013 1359 4086 ἠλέγχετο.
1404 4015 1579 4079 Αὐτὸς
1617 4016 1857 4086 μὲνγὰρ
1890 4017 1981 4072 διὰ

405 4103 527 4167 δέος
555 4106 615 4159 ἐν
641 4105 1012 4179 Θεσσαλονίκῃ
1065 4107 1376 4177 παρέμεινε
1401 4123 1416 4139 ⁸
1472 4107 1573 4179 τὴν
1605 4107 1664 4162 δὲ
1717 4106 1982 4180 στρατιὰν

406 4200 517 4253 τῶν
543 4200 834 4270 ἐπισήμων
865 4199 946 4253 ἑνὶ
988 4199 1269 4269 παραδοὺς
1319 4200 1413 4255 ἐπὶ
1445 4200 1712 4273 Βέρῤοιαν
1743 4200 1981 4272 ἔπεμψε,

409 4292 787 4361 παραγγείλας
816 4292 947 4362 ἄχρι
977 4309 1145 4364 τριων
1197 4293 1317 4346 ἐκεῖ
1374 4291 1811 4364 παραδείξαντας
1854 4294 1986 4346 ἑαυ-

408 4386 535 4448 τοὺς
560 4383 785 4454 ἡμερῶν
828 4385 928 4454 τὴν
955 4384 1220 4455 ταχίστην
1265 4385 1578 4438 ἐπανιέναι.
1611 4384 1686 4438 Οὔ
1717 4383 1826 4455 γὰρ
1857 4385 1990 4455 δρά-

414 4477 607 4540 σοντάς
640 4495 693 4529 τι
730 4479 981 4545 γενναῖον
1014 4478 1153 4545 σφᾶς
1180 4476 1494 4545 ἐπεπόμφει
1516 4475 1678 4529 ’τῶν
1705 4475 1812 4547 γάρ
1839 4476 1987 4546 ἀμη-

413 4567 591 4638 χάνων
626 4565 692 4641 ἐν
727 4567 908 4619 ἐδόκει
935 4565 1083 4620 τοῦτ’
1106 4565 1253 4636 αὐτῷ
1273 4581 1289 4597 ·
1320 4563 1438 4617 ἀλλ’
1471 4564 1596 4618 ὅσον
1627 4562 1702 4633 μὴ
1728 4564 1987 4633 φωραθῆ-

2072 2076 2306 2131 amantis
2347 2085 2451 2139 est,
2513 2091 2620 2129 non
2680 2077 3009 2138 aversantis.
3066 2085 3123 2130 et
3169 2076 3289 2145 ejus
3340 2075 3514 2144 magis
3559 2072 3657 2141 qui

2072 2168 2398 2233 admiretur,
2429 2184 2592 2238 quam
2628 2169 2749 2239 ejus
2806 2169 2902 2238 qui
2942 2169 3241 2237 vituperet.
3290 2167 3464 2223 Nemo
3511 2167 3658 2223 enim

2072 2276 2210 2330 quas
2243 2276 2331 2315 res
2349 2260 2485 2318 odit.
2505 2275 2597 2315 eas
2617 2274 2747 2314 vere
2781 2270 2838 2315 et
2872 2275 2940 2314 ex
2970 2260 3174 2322 animo,
3207 2273 3330 2313 cum
3359 2258 3547 2318 omnis
3573 2258 3661 2312 vis

2072 2352 2253 2415 abest,
2285 2351 2467 2407 facere
2496 2351 2700 2406 studet.
2736 2351 2893 2419 Quod
2932 2353 2977 2407 si
3010 2367 3097 2416 ea,
3122 2366 3247 2422 quat
3287 2366 3386 2420 per
3419 2364 3507 2404 me
3541 2349 3660 2403 ﬁeri

2072 2444 2245 2506 videt,
2277 2443 2465 2514 lingua
2528 2443 2753 2514 quidem
2810 2444 2901 2499 ille
2961 2442 3314 2507 criminatur,
3351 2458 3410 2496 re
3465 2451 3652 2496 autem

2074 2534 2191 2603 ipsa
2222 2550 2330 2589 non
2360 2532 2537 2589 solum
2576 2549 2686 2589 non
2725 2532 2990 2589 abhorret
3041 2532 3109 2586 ab
3156 2531 3447 2593 imitando,
3480 2531 3575 2586 sed
3606 2539 3664 2586 et

2074 2624 2303 2695 insuper
2353 2626 2635 2681 cumulum
2691 2624 2849 2679 addit
2881 2625 3155 2683 :evidens
3207 2635 3292 2679 εει
3341 2638 3503 2688 eum,
3548 2637 3661 2676 non

2075 2716 2203 2786 quia
2238 2717 2440 2780 oderit,
2468 2716 2788 2795 criminari,
2823 2716 2918 2772 sed
2961 2716 3090 2785 quia
3146 2715 3358 2785 primus
3405 2713 3554 2768 haud
3583 2713 3665 2770 fe-

2075 2808 2234 2875 cerit,
2283 2807 2410 2862 ideo
2463 2809 2693 2863 moleste
2748 2807 2917 2863 ferre.
2971 2807 3329 2875 Utracunque
3384 2806 3555 2875 igitur
3607 2804 3662 2860 in

2077 2915 2248 2956 unum
2283 2913 2315 2955 e
2343 2900 2508 2955 nobis
2538 2900 2626 2955 lex
2657 2900 2764 2955 lata
2792 2899 2985 2963 fuerit,
3018 2914 3082 2954 ea
3122 2899 3175 2953 iu
3210 2899 3444 2971 alterum
3494 2898 3661 2953 etiam

2068 2995 2275 3067 .merito
2326 2989 2488 3050 δεύει
2540 3008 2771 3049 necesse
2817 3000 2926 3054 est,
2956 3000 3013 3047 et
3065 3007 3131 3044 ex
3181 2991 3458 3046 similibus
3506 2989 3667 3046 factis

2079 3086 2314 3142 similem
2369 3085 2634 3155 utrinque
2697 3084 2964 3155 consequi
3021 3083 3513 3154 reprehensionem
3563 3090 3663 3136 aut

2079 3177 2321 3233 veniam.
2369 3195 2389 3229 ι

2152 3271 2219 3326 ll.
2248 3271 2375 3325 Haec
2405 3281 2556 3329 sunt.
2592 3286 2714 3340 quae
2771 3270 2863 3325 ille
2907 3267 3073 3334 dixit,
3121 3271 3190 3325 de
3221 3283 3318 3323 sua
3354 3267 3538 3322 indole
3568 3266 3668 3320 ad-

2080 3362 2303 3417 modum
2338 3361 2633 3427 mentiens,
2654 3378 2719 3418 ac
2744 3363 3020 3418 sermonis
3050 3360 3444 3433 probabilitate
3484 3372 3668 3412 rerum

2079 3455 2367 3510 veritatem
2404 3455 2731 3534 obseurans.
2765 3455 2880 3513 Mos
2928 3456 3079 3534 enim
3121 3454 3213 3508 hic
3258 3452 3335 3509 illi
3370 3459 3671 3523 perpetuus

2032 3564 2043 3585 κ
2078 3547 2186 3602 fuit
2220 3564 2235 3602 :
2277 3531 2564 3619 eoque‘se
2614 3547 2797 3619 palam
2844 3531 2989 3616 saepe
3026 3558 3285 3616 tanquam
3341 3551 3671 3600 ornamento

2081 3640 2267 3711 aliquo
2319 3641 2641 3706 venditavit,
2703 3640 2848 3711 quod
2899 3639 3049 3694 aliud
3104 3653 3203 3693 ore
3252 3638 3667 3709 pronuntiaret,

2082 3729 2230 3785 aliud
2261 3731 2316 3785 in
2352 3732 2535 3784 animo
2560 3730 2836 3785 occultum
2885 3730 3135 3793 haberet,
3166 3737 3222 3784 et
3254 3743 3500 3799 pugnare
3539 3742 3666 3783 cum

2081 3819 2267 3888 lingua
2322 3819 2548 3874 consilia
2606 3820 2727 3892 ejus
2804 3830 2860 3875 et
2932 3819 3300 3890 cogitationes
3351 3830 3669 3889 appareret.

2081 3909 2307 3967 Multam
2351 3910 2518 3982 igitur
2559 3919 2674 3966 tum
2720 3925 2940 3981 quoque
2972 3911 3258 3965 audaciam
3294 3909 3485 3964 verbis
3534 3924 3667 3980 pro-

2083 4003 2263 4058 fessus
2323 4001 2482 4058 factis
2540 4001 2998 4072 redarguebatnr.
3062 4001 3198 4057 Nam
3262 4001 3378 4069 ipse
3439 3982 3668 4070 quidem

2086 4092 2492 4149 Thessalonicae
2537 4095 2740 4149 mansit
2782 4108 2893 4163 pra)
2941 4102 3089 4148 metu
3130 4092 3340 4165 :669
3366 4091 3670 4146 exercitum

2087 4195 2272 4241 autem
2321 4185 2413 4241 uni
2462 4200 2528 4242 ex
2572 4186 2911 4258 primoribus
2952 4186 3309 4242 commissum
3343 4184 3662 4240 Bcrrboeam

2089 4276 2275 4341 misit,
2309 4275 2700 4346 praecepitque,
2760 4285 3050 4346 postquam
3108 4290 3168 4330 se
3228 4275 3339 4330 illic
3397 4290 3494 4346 per
3553 4285 3666 4329 tres

2088 4365 2206 4421 dies
2265 4376 2662 4431 ostentassent,
2723 4375 2786 4420 ut
2835 4366 3081 4422 redirent
3129 4382 3294 4437 quam
3342 4364 3658 4420 celerrime.

2088 4457 2209 4515 Non
2252 4459 2398 4514 enim
2429 4468 2490 4512 ut
2530 4455 2738 4527 aliquid
2776 4455 3024 4526 praeclari
3064 4456 3327 4521 Iacerent,
3357 4472 3454 4511 eos
3487 4457 3655 4512 mise—

2090 4559 2215 4615 rat;
2252 4551 2347 4620 qui
2396 4549 2548 4603 nullo
2596 4547 2759 4602 modo
2808 4547 2926 4602 fieri
2978 4546 3032 4603 id
3078 4562 3241 4618 posse
3278 4545 3668 4612 existimabat;

413 4635 503 4711 ναι
531 4658 628 4726 τὴν
656 4638 850 4721 τούτου
883 4655 1087 4711 δειλίαν
1114 4635 1233 4718 τοῖς
1257 4654 1562 4717 πλείστοις.
1610 4653 1722 4706 Τοῦ
1767 4653 1879 4723 γάρ
1905 4670 1980 4706 τοι

2092 4637 2185 4693 sed
2227 4646 2287 4691 ut
2313 4652 2383 4691 ne
2428 4652 2461 4694 a
2510 4637 2786 4707 plerisque
2818 4637 3086 4692 timiditas
3116 4637 3235 4702 ejus
3269 4635 3657 4706 deprehende-

416 4747 654 4818 θράσους
690 4746 883 4819 ἀνδρίᾳ
914 4750 1011 4802 καὶ
1053 4748 1234 4818 τόλμῃ
1272 4747 1545 4816 πολεμικῇ
1599 4747 1866 4798 συνοικεῖν
1901 4743 1993 4797 οὑ·-

415 4841 566 4910 δαμῆ
593 4840 917 4911 δυναμένου,
971 4841 1090 4905 πῶς
1120 4840 1187 4893 ἂν
1220 4840 1406 4902 αὐτὸς,
1453 4838 1667 4907 μακρὸν
1714 4836 1814 4907 μὲν
1842 4839 1899 4890 ἐν
1925 4839 1989 4908 τῇ

416 4932 633 5002 γλώττῃ
668 4933 731 4986 τδ
761 4932 965 5002 θράσος
995 4931 1154 5002 ἔχων.
1190 4929 1540 5000 μακροτέραν
1583 4928 1630 4982 δ’
1659 4932 1717 4982 ἐν
1744 4931 1811 4999 τῇ
1842 4929 1989 5000 ψυχῇ

415 5023 517 5093 τὴν
568 5022 772 5076 δειλίαν
814 5024 1270 5091 γεγυμνωμένοις
1322 5020 1537 5091 ξίφεσιν
1587 5019 1622 5090 ἢ
1667 5020 1832 5082 αὐτός
1872 5020 1995 5073 ποθ’

415 5112 752 5182 ὁμιλήσειεν,
786 5113 819 5182 ἢ
849 5114 1095 5167 πείσειεν
1124 5112 1352 5176 allow;
1396 5111 1591 5165 θᾶττον
1649 5110 1872 5182 μεντᾶν’
1897 5111 1993 5164 τοῦ

421 5201 673 5272 σώματος
732 5203 1234 5274 άπαρῤηγνυμένην
1286 5203 1548 5257 θεάσαιτο
1600 5203 1702 5271 τὴν
1728 5203 1927 5272 ψυχὴν,
1957 5202 1992 5272 ἢ

424 5294 873 5366 συρῤηγνυμένου
902 5294 1146 5365 πολέμου
1192 5296 1445 5364 πάταγον
1466 5296 1649 5349 ὅπλων
1677 5294 1991 5347 ἀκούσειεν.

490 5471 571 5529 Γ.
607 5473 766 5528 Ἐπεὶ
800 5474 987 5528 τοίνυν
1008 5474 1543 5546 πεπαρρησιασμένῃ
1589 5472 1738 5544 μάχῃ
1770 5472 1865 5526 τὸν
1891 5489 1994 5526 πο-

422 5567 615 5638 λέμιον
635 5567 737 5623 οὐκ
764 5568 893 5640 ἐνῆν
915 5567 1386 5640 κατεργάσασθαι,
1439 5568 1574 5636 πρὸς
1596 5565 1697 5628 τὰς
1721 5568 1781 5618 ὲν
1810 5567 1994 5635 κρυφῇ

2087 4738 2265 4786 retur.
2293 4729 2587 4784 Enimvero
2638 4728 2685 4785 si
2745 4729 2892 4784 nulla
2938 4745 3059 4785 esse
3124 4738 3304 4799 potest
3339 4728 3665 4799 arrogantia:

2091 4837 2220 4878 cum
2253 4820 2579 4876 fortitudine
2609 4828 2666 4875 et
2692 4820 2889 4876 bellica
2917 4820 3363 4891 magnanimitate
3392 4820 3672 4887 societas;

2092 4914 2371 4986 quomodo
2422 4913 2536 4974 ille,
2575 4912 2665 4967 cui
2721 4921 2932 4967 tantum
2994 4913 3049 4966 in
3105 4912 3291 4983 lingua
3336 4911 3670 4982 arrogantia:

2093 5015 2235 5070 erat,
2267 5005 2320 5058 in
2362 5005 2548 5060 animo
2584 5013 2775 5058 autem
2834 5003 3148 5058 timiditatis
3196 5003 3370 5058 multo
3401 5003 3544 5072 plus,
3577 5020 3681 5057 nu-

2100 5098 2245 5154 datis
2297 5098 2526 5153 ensibus
2574 5107 2671 5152 aut
2720 5097 2835 5167 ipse
2886 5094 3250 5162 interfuisset,
3307 5080 3402 5150 aut
3449 5095 3574 5150 aliis
3622 5103 3683 5147 ut

2101 5188 2441 5244 interessent
2486 5184 3123 5257 persuasissetTCitius
3182 5186 3427 5256 profecto
3485 5199 3688 5240 erum-.

2100 5294 2320 5355 pentem
2371 5298 2600 5351 corpore
2639 5283 2881 5336 animam
2935 5282 3192 5347 vidisset,
3219 5296 3383 5351 quam
3443 5279 3501 5333 in
3546 5277 3688 5336 belli:

2099 5378 2361 5434 conﬂictu
2392 5376 2634 5431 sonitum
2667 5373 2932 5430 audiisset
2961 5388 3268 5429 armorum.
3482 5445 3486 5449 .

2171 5470 2265 5527 Ill.
2292 5470 2433 5537 Quia
2483 5468 2652 5538 igitur
2694 5477 2888 5535 aperto
2929 5464 3103 5524 Marte
3145 5467 3359 5522 hostem
3394 5463 3691 5535 proﬂigare

2106 5562 2255 5619 baud
2291 5571 2532 5632 poterat,
2568 5558 2637 5614 ad
2690 5573 2824 5615 suas
2868 5559 2990 5616 illas
3038 5559 3223 5615 denuo
3252 5557 3497 5614 occultas
3540 5565 3693 5612 artes

1730 5703 2062 5766 Variorum
2093 5706 2286 5791 notat.

429 5861 656 5930 Prom-ie
681 5859 883 5917 dicitur
910 5860 978 5916 de
1024 5861 1184 5916 novis
1212 5861 1420 5931 nuptis,
1452 5876 1572 5929 quae
1607 5874 1718 5928 quo
1741 5858 1831 5931 die
1861 5856 2015 5913 llam-

433 5929 668 5989 Iteolum
705 5931 1001 6001 ponebant,
1034 5933 1177 5987 dona
1216 5948 1245 5985 a
1278 5929 1474 5996 utarzto
1504 5940 1560 5986 et
1591 5931 1658 5984 ab
1678 5929 1870 5986 amicis
1898 5944 2010 5984 tua—

2120 5853 2212 5910 riti
2234 5852 2599 5925 accipiebant,
2635 5853 2781 5911 dicta
2810 5853 3019 5910 idcirco
3047 5851 3526 5923 ἀνακαλυπτήρια,
3567 5850 3692 5909 Βοι-

2116 5940 2228 5980 VIN.
