4070 6430
368 301 490 366 ιθθι
793 299 868 372 [Α.
907 313 959 356 c.
1002 300 1167 373 1545]

1420 305 1865 370 BYZANTINIE
1905 300 2291 370 HISTORIA”.
2328 314 2468 376 LIB.
2511 315 2684 395 XII].

2798 311 2936 385 [ιιιρ.
2975 329 3021 367 .t.
3064 307 3300 373 ι’,ιιῗεοιη
3338 315 3395 390 5]

3555 319 3665 388 902

450 416 527 474 Εἴ.
555 417 954 492 Πεπλασμένης
975 416 1068 475 οὖν
1093 420 1299 493 ἀρτίως
1320 423 1401 487 εἰς
1423 423 1518 477 τὸν
1547 423 1718 493 δῆμον
1749 425 1953 493 ῥυείσης

2148 427 2211 483 V.
2247 426 2385 484 Cum
2417 429 2603 499 itaque
2633 429 2775 485 fama
2803 446 2998 487 recens
3042 432 3275 488 conficta
3304 433 3371 489 ad
3398 436 3663 505 populum

379 512 594 582 φήμης,
631 511 708 577 ὡς
740 513 854 576 τοῖς
903 513 1120 584 πλούτῳ
1151 515 1247 568 καὶ
1297 513 1492 582 ἀγροῖς
1528 514 1624 566 καὶ
1663 512 1974 584 βοσκήμασι

2081 532 2381 587 manasset,
2424 536 2520 577 eos
2553 523 2646 593 qui
2677 522 2875 593 opibus
2904 532 2961 579 et
3000 525 3149 596 agris
3174 534 3231 581 et
3258 542 3318 582 re
3347 528 3663 598 pecuniaria

378 603 665 673 βρίθουσιν
698 605 1044 663 ἀναπετάσαι
1079 606 1177 670 τὰς
1197 607 1299 675 τῆς
1327 608 1544 670 πόλεως
1579 606 1756 671 πύλας
1789 606 1953 676 κρύφς

2079 611 2447 679 abundarent,
2522 614 2848 670 damnorum
2915 618 3284 686 impatientes,
3351 620 3663 676 decretisse

383 697 713 769 uelandam
750 698 828 769 τῷ
857 698 1083 769 ’βασιλεί
1132 697 1596 784 Καντακουζηνῷ,
1629 697 1730 765 τὴν
1766 696 1953 768 ζημία·

2077 701 2215 757 clam
2252 703 2403 760 urbis
2442 714 2630 777 portas
2662 707 2978 777 imperatori
3008 708 3390 766 Cantacuzeno
3423 712 3662 781 aperire,

354 793 435 845 -οὑ
464 792 754 862 φέρουσιν,
788 794 866 855 εἰς
895 790 1192 846 ἀντίπαλον
1222 791 1460 864 ἔστησαν
1504 792 1703 862 μοῖραν
1733 793 1781 844 oi
1807 790 1971 845 πλού-

368 902 468 940 του
502 885 598 940 καὶ
626 886 788 957 δόξης
817 886 1098 955 ἐφιέμενοι
1135 887 1395 954 πένητες,
1417 886 1514 938 καὶ
1535 883 1633 955 τὴν
1657 884 1966 956 ἀνάρρησιν

368 979 467 1034 τοῦ
498 980 767 1050 ὀνόματος
793 980 887 1032 τοῦ
925 978 1192 1048 βασιλέως
1239 978 1491 1035 Ἰωάννου
1536 976 1632 1030 τοῦ
1669 977 1966 1047 Παλαιολό-

371 1088 473 1139 γου
508 1071 652 1140 μετὰ
669 1071 771 1140 τῆς
791 1070 1003 1140 μητρὸς
1033 1071 1129 1123 ἐπὶ
1153 1069 1325 1141 μέσης
1350 1087 1409 1122 τε
1429 1068 1729 1140 διαρρήδην
1757 1068 1965 1138 ὕμνουν

368 1163 470 1232 τῆς
502 1162 712 1224 πόλεως
764 1159 861 1213 καὶ
897 1160 1017 1231 ἅμα
1048 1161 1306 1230 Ζηλωτὰς
1340 1160 1482 1226 σφᾶς
1527 1158 1724 1221 αὐτοὺς
1757 1160 1964 1212 ἐπωνύ-

371 1255 546 1327 μαζον
568 1254 706 1325 (Η),
733 1254 967 1324 ὀνόμασι
992 1256 1253 1325 χρηστοῖς
1278 1253 1379 1322 τὴν
1403 1251 1504 1322 τῆς
1530 1251 1732 1314 κακίας
1760 1252 1960 1305 ὑπόθε-

370 1367 457 1403 σιν
509 1349 960 1419 περιπέττοντες,
1009 1348 1110 1399 καὶ⁹
1143 1346 1232 1400 τὸν
1269 1346 1443 1416 δῆμον
1496 1345 1577 1406 εἰς
1638 1344 1963 1416 συμμαχίαν

367 1441 620 1504 ἐκάλουν,
659 1438 869 1509 κερδῶν
915 1436 1365 1509 ἑτοίμωνεέλπίσι
1388 1436 1521 1500 τοὺς
1564 1433 1715 1506 σφῶν
1748 1434 1960 1506 θυμοὺς

365 1534 804 1605 παραθήγοντες.

437 1629 529 1695 q'.
566 1624 726 1679 Οὕτω
778 1623 844 1694 δὴ
890 1617 986 1678 οὖν
1034 1620 1227 1692 ὥσπερ
1277 1620 1458 1691 βιαίου
1499 1619 1957 1692 κατασκήψαντος

363 1717 681 1787 πνεύματος
706 1715 787 1777 είς
805 1714 914 1783 τὴν
934 1711 1113 1779 πόλιν,
1137 1709 1373 1782 θόρυσος
1400 1709 1507 1763 ἀνά
1536 1710 1749 1773 πάντας
1778 1710 1843 1781 δη
1853 1710 1952 1780 μό-

2076 789 2113 845 ii
2146 808 2438 863 pauperes,
2476 795 2571 865 qui
2601 810 2768 866 Opum
2803 807 2860 852 et
2886 799 3073 869 gloriae
3112 813 3434 870 appetentes
3475 818 3658 869 eran',

2073 898 2140 938 ex
2169 885 2403 941 adverso
2427 887 2870 958 insurrexerunt,
2902 901 2958 945 et
2979 902 3086 946 tam
3114 893 3341 951 Joannis
3371 894 3657 965 Palzeolngi

2073 974 2434 1047 imperatoris
2480 996 2644 1050 quam
2697 982 2844 1038 illius
2897 986 3087 1039 matris
3139 1001 3337 1041 nomen
3387 989 3441 1043 in
3478 989 3657 1043 media

2072 1070 2207 1124 urbe
2239 1071 2386 1127 clare
2413 1082 2469 1128 et.
2497 1085 2685 1143 aperte
2735 1077 3103 1142 celebrarunt,
3145 1079 3422 1151 iidemque
3456 1087 3528 1138 se'
3551 1082 3658 1136 Ze-

2068 1161 2207 1218 lotas
2239 1175 2650 1235 nuncuparunt,
2686 1170 2950 1237 speciosis
2977 1170 3142 1241 675
3189 1187 3386 1241 nempe
3419 1175 3658 1230 nomini—

2068 1251 2174 1309 bus
2230 1254 2434 1309 malum
2487 1258 2829 1326 propositum
2878 1262 3168 1324 velantes,
3222 1274 3276 1317 et
3333 1265 3549 1334 plebem
3603 1272 3655 1324 in

2066 1338 2333 1425 auxilium
2370 1341 2734 1413 advocarent,
2777 1348 2952 1418 parati
2997 1352 3359 1409 emolumenti
3404 1371 3501 1428 spe
3531 1360 3658 1415 ani-

2065 1413 2218 1485 muin
2256 1431 2403 1489 illius
2434 1446 2718 1494 acuentes.

2101 1609 2221 1678 ,γι
2275 1610 2415 1668 Cum
2462 1615 2631 1687 igitur
2681 1618 2757 1674 ita
2807 1620 2866 1677 in
2912 1623 3110 1690 urbem
3147 1629 3304 1699 quasi
3355 1630 3654 1690 vehemens

2059 1702 2284 1771 quidam
2347 1716 2546 1764 ventus
2597 1710 2865 1782 impetum
2916 1715 3184 1785 fecisset,
3237 1723 3506 1781 tumultus
3554 1740 3657 1796 per

363 1828 462 1875 τας
497 1777 874 1880 ἐπεχωρίαζεν
926 1777 1218 1871 ἄτακτος(
1239 1805 1337 1861 καὶ
1395 1803 1600 1866 πάντες
1629 1777 1953 1875 ἁθρόοι-τῶν

2057 1805 2280 1851 omnem
2314 1798 2597 1856 civitatem
2633 1803 2938 1874 vagabatur
2984 1808 3352 1878 inordinatus,
3379 1823 3437 1870 et
3463 1816 3651 1870 cuncti

362 1903 555 1960 οἰκιῶν
586 1902 750 1965 εὐθὺς
776 1897 1076 1970 ἐξεχέοντο,
1112 1898 1212 1953 καὶ
1260 1897 1372 1953 τῶν
1425 1896 1630 1963 ἔξωθεν
1673 1894 1955 1966 πολεμίων

363 1996 521 2052 αὐτοὶ
545 1993 868 2064 πικρότεροι
897 1994 1013 2054 τοῖς
1055 1990 1339 2054 πλουσίοις
1391 1989 1658 2058 ἐγίνοντο,
1681 1989 1778 2043 τόν
1804 2004 1866 2041 τε
1896 1988 1955 2040 ἐν

363 2088 483 2151 ταῖς
513 2087 712 2147 οἰκίαις
730 2082 960 2137 πλοῦτον
981 2080 1260 2152 άρπαγμα
1286 2080 1590 2152 λῃστρικὸν
1618 2077 1958 2166 καθιστάμε-

276 2210 279 2213 π
360 2198 444 2234 νοι
467 2180 563 2234 καὶ
596 2176 778 2232 αὐτῶν
808 2176 955 2240 ὅσοις
982 2173 1350 2245 ἐνετύγχανον
1395 2171 1638 2242 ἀφειδῶς
1668 2171 1956 2239 ἀποσφάτ-

359 2289 569 2334 τοντες.
598 2272 692 2325 καὶ
720 2266 1021 2323 πολιτικῶν
1056 2267 1310 2337 αἱμάτων
1336 2265 1628 2335 κρατῆρας
1664 2261 1954 2325 κενοῦντες

361 2366 423 2416 ἐν
454 2365 578 2426 ταῖς
606 2360 893 2424 πλατείαις
926 2358 1030 2431 τῆς
1061 2359 1293 2422 πόλεως.
1327 2357 1402 2411 Τό
1431 2372 1496 2426 γε
1522 2356 1633 2427 μὴν
1675 2354 1951 2426 ἐκκριτον,

364 2457 463 2509 καὶ
481 2456 603 2509 ὅσον
622 2454 722 2525 τῆς
751 2453 963 2517 πόλεως
1016 2451 1139 2522 ὄψις
1181 2451 1462 2523 ὑπῆρχεν,
1495 2451 1575 2512 εις
1597 2447 1758 2501 τοῦτο
1785 2462 1953 2501 κακο-

352 2546 649 2616 δαιμονίας
677 2543 858 2615 ἠλάθη
901 2543 989 2599 διά
1020 2560 1087 2612 γε
1115 2543 1182 2614 δὴ
1210 2542 1274 2596 τὸ
1321 2544 1420 2612 τῆς
1443 2540 1633 2602 οὐσίας
1667 2538 1950 2610 εὔδαιμον.

360 2636 583 2690 Τούτων
611 2636 656 2690 δ’
684 2636 735 2689 οἱ
770 2635 870 2708 μὲν
894 2633 1128 2689 Θανάτου
1160 2635 1320 2706 δίκην
1373 2632 1568 2686 ἔδοσαν
1625 2631 1947 2702 αὐθημερὸν

360 2734 481 2795 ταῖς
541 2731 642 2800 τῆς
694 2730 1001 2800 δημοτικῆς
1041 2726 1353 2800 παρανοίας
1380 2728 1623 2798 ὁρμαῖς*
1675 2719 1751 2779 ὧν
1786 2724 1834 2779 δ’
1891 2726 1950 2779 έν

353 2822 620 2893 ,ὑποψίαις
650 2822 732 2876 ἔτι
781 2821 844 2876 τὸ
876 2821 979 2892 τῆς
1011 2818 1182 2891 τύχης
1214 2817 1396 2874 ῑκειτο
1453 2816 1650 2889 μέλλον
1680 2817 1948 2888 (πλείους

359 2918 407 2970 δ’
433 2915 573 2970 εἶναι
603 2917 711 2969 τῶν
743 2916 1066 2969 ἑαλωκότων
1102 2912 1439 2967 συνέπιπτεν
1498 2913 1705 2984 σφᾶς),
1734 2912 1949 2976 τούτοις

356 3010 405 3064 δ’
436 3009 935 3080 ἑσκυθρωπακόσιν
981 3008 1111 3078 ὲνῆν
1160 3008 1438 3077 οἰκουρεῖν
1463 3045 1479 3073 ,
1518 3004 1944 3076 φυλαττομένοις

357 3106 435 3166 ὡς
462 3107 530 3156 τὰ
561 3103 735 3157 πολλὰ
768 3103 833 3156 τό
882 3100 936 3170 γ’
962 3102 1020 3155 ἐν
1050 3100 1283 3172 ἀγοραῖς
1313 3097 1410 3151 καὶ
1454 3096 1704 3167 θεάτροις
1730 3098 1948 3170 mpm-
1973 3118 2022 3181 ρ

363 3194 672 3260 σιτίζεσθαι.

427 3289 503 3342 Z‘.
530 3289 643 3358 Kal.
666 3287 785 3360 τάχ’
809 3287 876 3341 ἂν
903 3284 1271 3356 ὶτεθνῆκεσαν
1295 3281 1402 3335 ὑπὸ
1429 3282 1606 3347 δέους,
1627 3282 1677 3334 εἰ
1711 3281 1784 3351 μή
1808 3295 1956 3343 τινες

354 3380 424 3431 ἐκ
472 3377 741 3448 βασιλέως
796 3376 1002 3443 ἔξωθεν
1064 3374 1281 3435 ἐλπίδες
1332 3371 1784 3441 είσπορευόμεναί
1835 3385 1954 3432 πως

356 3468 732 3540 ἀνερρώννυὸν
755 3485 814 3520 τε
842 3467 980 3537 πρὸς
1008 3465 1072 3519 τὺ
1101 3464 1342 3535 εὓψυχον
1369 3464 1467 3516 κειιὶ¹
1509 3463 1570 3514 τὸ
1601 3462 1952 3531 λογιζόμενον

355 3562 455 3630 τῆς
473 3560 648 3631 ψυχῆς
680 3559 814 3630 πρὸ,
841 3559 1092 3628 τδμῆφον
1116 3556 1502 3611 ἀνεκαλοῦντο.
1536 3555 1705 3609 Μόναι
1722 3564 1831 3627 γαρ
1856 3549 1953 3608 αὖ·

352 3671 444 3708 ται
470 3651 813 3724 μοχθούντων
837 3651 1026 3722 ἑωρῶν
1039 3668 1091 3704 το
1108 3651 1392 3722 τέρπουσα
1412 3648 1721 3720 τηνικαῦτα
1740 3649 1948 3720 κρηπὶς

352 3746 654 3817 λογισμῶν,
688 3744 784 3799 καὶ
817 3746 955 3815 πρός
983 3759 1075 3812 γε,
1109 3742 1198 3816 [Ρ.
1229 3740 1363 3814 422]
1390 3742 1695 3812 φροντίδων
1718 3744 1796 3805 εἰς
1816 3743 1950 3795 ἀπό.

347 3856 553 3908 γνωσιν
579 3837 903 3890 ὁλισθαίνειν
934 3836 1390 3901 κινδυνευουσὼν,
1429 3836 1606 3904 πρᾶος
1637 3836 1805 3902 φάναι
1840 3833 1941 3891 καί

348 3946 495 3994 τινος
555 3928 776 3992 ἀπόζων
839 3926 1108 3996 εὐθυμίας
1158 3927 1420 3997 ζέφυρος.
1486 3926 1551 3980 Ei
1604 3927 1715 3995 γάρ
1759 3926 1947 3979 καὶτὸ

347 4019 547 4090 ψεῦδος
573 4021 873 4090 ὁμόστεγον
898 4019 1070 4072 ἐνίοτε
1101 4017 1391 4088 φαίνονται
1430 4020 1796 4090 κεκτημέναι,
1824 4018 1941 4071 ἀλλ’

347 4113 447 4167 οὖν
473 4112 703 4183 τοιαῦτά
734 4131 853 4176 πως
907 4111 1278 4166 εἰδωλοποιεῖν
1325 4111 1675 4180 ἐπεφύκεσαν
1716 4112 1802 4164 ἀεὶ
1847 4111 1943 4166 καὶ

349 4205 805 4275 προτυπούσθαι,
872 4205 1130 4274 καθάπερ
1172 4205 1238 4256 έκ
1318 4203 1582 4271 γειτόνων
1638 4203 1983 4281 παριοῦσαι,

346 4299 658 4368 παρήγοροι
688 4296 1121 4363 πιπτούηκέξ
1143 4295 1386 4366 ἀθυμίας
1429 4295 1654 4366 ψυχαῖς,
1695 4297 1794 4359 τὰς
1837 4295 1935 4365 τῆς

344 4387 581 4460 ὀρέξεως
617 4389 920 4460 φαντασίας
950 4387 1333 4459 συλλήπτορας
1354 4387 1626 4457 ,ἔχουσαω
1685 4388 1852 4442 Ἀλλά
1876 4391 1936 4441 τὸ

2059 1884 2379 1957 frequentes
2408 1893 2667 1951 domibus
2694 1896 2878 1953 statim
2912 1899 3300 1971 ejiciebantur,
3324 1907 3654 1962 saeviebant.

2057 1990 2166 2045 que
2207 1977 2295 2041 isti
2327 1979 2382 2034 in
2418 1979 2620 2037 divites
2656 1985 3145 2059 crudelius‘quam
3196 1992 3312 2063 ipse
3359 1993 3498 2050 foris
3544 1997 3652 2051 im-

2057 2069 2275 2127 minens
2337 2072 2531 2130 hostis.
2588 2075 2724 2131 Nam
2771 2087 2828 2134 et
2868 2095 3043 2151 opes,
3100 2100 3224 2155 quae
3280 2085 3335 2140 in
3385 2087 3651 2147 domibus

2055 2168 2266 2227 essent,
2296 2162 2573 2220 latronum
2618 2182 2770 2249 more
2806 2170 3162 2241 diripiebant,
3197 2183 3254 2229 et
3288 2191 3652 2251 quoscunque

2055 2249 2290 2307 divitum
2337 2242 2721 2323 oilendissent,
2757 2275 2855 2315 eos
2878 2260 3187 2319 foedissime
3216 2242 3571 2340 jugulabant,
3593 2283 3651 2329 et

2055 2343 2112 2398 in
2148 2344 2303 2401 urbis
2341 2347 2537 2417 plateis
2565 2350 2782 2409 civilem
2827 2355 3149 2427 sanguinem
3178 2359 3329 2433 large
3358 2363 3646 2436 effuseque

2054 2432 2408 2492 hauriebam;
2468 2437 2783 2498 Lectissimi
2841 2454 2993 2500 certe
3044 2432 3351 2508 civiumiet
3397 2432 3648 2528 quoquut

2053 2536 2214 2581 erant
2240 2526 2296 2581 in
2330 2528 2468 2584 urbe
2498 2534 3021 2603 eonspeetiores,.in
3048 2554 3114 2594 ea
3136 2541 3277 2598 mala
3306 2526 3643 2610 inciderunt,

2052 2629 2119 2671 eo
2150 2618 2297 2685 quod
2328 2617 2488 2676 bonis
2518 2622 2894 2683 abundarent.
2929 2629 3007 2684 Ex
3032 2629 3119 2688 his
3145 2648 3311 2703 porro
3337 2637 3430 2693 alii
3458 2634 3673 2696 statim‘

2055 2709 2341 2779 popularis
2371 2711 2599 2770 insaniae
2623 2716 2834 2789 impetu
2859 2736 3051 2791 poenas
3068 2722 3644 2796 ἀεάετυιιι.ιριιοιουιιι

2052 2809 2237 2856 autem
2276 2803 2459 2861 adhuc
2491 2806 2766 2864 incertum
2815 2821 2936 2868 erat
2979 2830 3233 2882 quaenam
3277 2818 3463 2875 futura
3495 2836 3645 2879 esset

2054 2893 2278 2951 fortuna
2315 2895 2393 2969 (et
2429 2898 2466 2952 ii
2491 2899 2716 2970 quidem
2745 2902 3106 2976 deprehensis
3132 2909 3319 2978 plures
3348 2914 3550 2986 erant),
3579 2916 3652 2972 iis

2052 2985 2329 3044 tristitiam
2394 2990 2555 3047 vultu
2627 2995 3052 3064 praeferentibus
3111 3000 3271 3062 domi.
3315 2985 3645 3064 manendum

2054 3090 2174 3134 erat
2199 3123 2215 3144 ,
2269 3083 2715 3157 cavendumque,
2752 3102 2821 3144 ne
2850 3089 2982 3161 quid
3017 3092 3070 3145 in
3101 3093 3228 3151 foro
3272 3094 3372 3153 aut
3415 3100 3646 3161 theatris

2057 3171 2223 3241 paulo
2254 3174 2520 3231 audacius
2547 3178 3043 3252 proloquereutur.

2131 3265 2241 3320 VII.
2289 3270 2470 3337 Atque
2522 3269 2600 3324 illi
2642 3254 2765 3341 pra:
2810 3282 2962 3330 metu
3034 3275 3288 3335 fortassis
3348 3287 3642 3343 exanimati

2053 3368 2262 3426 e‘sent,
2297 3360 2399 3416 nisi
2444 3378 2542 3419 eos
2571 3378 2699 3433 spes
2748 3368 2998 3435 quantam
3045 3369 3183 3426 foris
3208 3374 3277 3428 ab
3309 3375 3643 3446 imperatore

2053 3452 2409 3511 advenientes
2433 3458 2502 3514 ad
2539 3458 2932 3518 conﬁdendum
2980 3464 3308 3531 erexissent,
3337 3484 3645 3542 eorumque

2049 3545 2318 3615 judicium
2350 3548 2417 3602 ad
2446 3551 2737 3607 sanitatem
2792 3560 3168 3613 revo’casscnt.
3200 3555 3296 3618 Em
3319 3561 3466 3625 enim
3511 3564 3640 3625 solae

2045 3637 2348 3707 jucundum
2400 3642 2738 3700 videbantur
2766 3663 2835 3703 eo
2864 3656 3108 3721 teutpore
3139 3654 3440 3716 laborantis
3466 3663 3640 3718 ratio-

2048 3731 2137 3784 nis
2170 3732 2565 3789 adminiculum
2598 3753 2611 3789 :
2645 3747 2811 3808 atque
2856 3740 2949 3797 hic
2978 3744 3112 3801 lenis
3156 3750 3308 3816 quasi
3356 3751 3639 3827 Zephyrus

2045 3837 2238 3877 eorum
2289 3839 2453 3881 curas
2515 3829 2884 3898 desperationi
2943 3836 3224 3903 proximas
3279 3840 3533 3912 levabat,
3579 3859 3637 3903 et

2045 3915 2339 3983 quemdam
2390 3918 2559 3973 veluti
2596 3921 2822 3977 odorem
2865 3928 3186 3984 securitatis
3217 3933 3484 4000 spirabat.
3513 3937 3630 3995 Etsi

2043 4006 2189 4057 enim
2223 4020 2349 4074 spes
2378 4006 2484 4062 illa:
2521 4008 2780 4081 videntur
2825 4012 3124 4084 aliquando
3169 4022 3384 4077 socium
3430 4024 3633 4083 habere

2044 4094 2413 4163 mendacium,
2444 4107 2501 4153 at
2529 4114 2592 4153 ea
2617 4101 2785 4174 676
2819 4118 3039 4177 semper
3084 4108 3302 4167 illarum
3331 4107 3414 4169 vis
3439 4126 3544 4182 est,
3576 4130 3635 4175 ut

2048 4185 2366 4243 istiusmodi
2401 4191 2671 4262 imagines
2695 4196 2935 4252 oii‘erant
2965 4210 3023 4254 et
3059 4216 3389 4271 proponant,
3421 4224 3485 4264 ac
3515 4222 3633 4267 tan-

2044 4294 2210 4349 quam
2262 4282 2656 4339 cunsolatrices
2697 4286 2902 4343 labanti
2932 4304 2998 4344 ex
3031 4292 3414 4364 desperatione
3446 4303 3631 4356 animo

2040 4369 2220 4424 adsint
2254 4373 2323 4426 de
2352 4374 2687 4445 prepinquo,
2732 4366 3033 4449 speciebus
3053 4400 3253 4458 nempe
3290 4388 3358 4444 iis
3383 4407 3506 4462 qua:
3538 4409 3634 4466 ap-

349 4480 453 4552 μὲν
481 4482 716 4551 πάσχειν
748 4484 812 4533 ἐκ
834 4481 1088 4551 διαδοχῆς
1132 4479 1375 4549 συνεχῶς
1399 4484 1513 4543 τοῖς
1558 4480 1935 4552 ταλαιπώροις

2053 4464 2236 4529 petitui
2295 4465 2485 4520 insunt
2541 4468 2953 4539 adjuvantibus.
3003 4476 3075 4530 At
3124 4478 3351 4536 interim
3409 4464 3632 4545 miseris

345 4573 627 4627 ἐλέλειπτο
659 4575 753 4628 καὶ
780 4573 1010 4651 παρῆνμ
1057 4572 1119 4626 τὸ
1140 4572 1198 4627 δὲ
1235 4575 1344 4626 τῶν
1375 4572 1612 4626 ἐλπίδων
1649 4573 1935 4644 προμηθὲς

348 4667 480 4718 σκιά
505 4684 587 4728 τις
617 4661 685 4736 ἦν
718 4665 911 4735 ἡδονῆς
946 4665 1038 4718 καὶ
1094 4663 1336 4727 δικτύοις
1365 4667 1712 4734 συναγομένη
1755 4665 1896 4734 πνοή
1915 4680 1929 4695 ’

344 4745 523 4812 οἷ;’τδ
583 4748 681 4823 μὲν
717 4754 964 4825 διαρρείν
1012 4752 1211 4824 ἁθρόον
1255 4755 1435 4810 ἔνεστι
1496 4755 1739 4821 πάντως,
1768 4756 1830 4809 τὸ
1876 4754 1934 4809 δὲ

350 4845 537 4914 μένειν
565 4844 701 4908 ὅλως
731 4848 832 4899 οὐκ
861 4846 1063 4898 ἔνεστι.
1189 4908 1193 4913 ,
1779 4849 1789 4859 ’

424 5108 504 5163 d’.
544 5107 635 5177 Τῷ
666 5079 763 5177 μὲν
785 5110 893 5177 γὰρ
924 5107 1035 5159 τῶν
1053 5108 1278 5179 Περσῶν
1306 5110 1535 5181 ἡγεμόνι
1563 5129 1757 5181 περιστ
1772 5128 1929 5184 ρατο·

349 5197 599 5251 πεδεύειν
634 5199 809 5252 ἐδόκει
837 5198 937 5267 τὴν
978 5198 1131 5250 πόλιν
1167 5198 1230 5274 ἐκ
1268 5214 1326 5252 τε
1355 5199 1459 5268 γῆς
1509 5216 1604 5252 και
1635 5199 1931 5269 θαλάττης,

344 5293 443 5345 καὶ
471 5291 590 5344 ὅλον
619 5291 682 5343 τὸ
709 5290 810 5359 τῆς
867 5290 1184 5363 πολιορκίας
1235 5292 1468 5361 ἐπάγειν
1518 5293 1584 5345 ἐκ
1619 5291 1714 5346 τοῦ
1748 5292 1930 5364 παρα-

344 5382 536 5454 χρῆμα
570 5382 765 5452 βίαιον,
792 5383 886 5436 καὶ
917 5383 992 5452 μὴ
1017 5380 1226 5451 τρίϐειν
1258 5380 1435 5452 ἡσυχῆ
1464 5381 1807 5453 καθημένους
1833 5383 1925 5435 τὸν

343 5479 563 5547 χρόνον,
612 5477 792 5545 ἔργοις
841 5475 960 5528 ἐνὸν
993 5475 1060 5528 τὰ
1091 5472 1189 5544 τῆς
1219 5475 1401 5545 μάχης
1435 5475 1492 5529 ἐν
1520 5473 1718 5547 βραχεῖ
1746 5473 1926 5547 κρίνε-

2042 4553 2151 4606 illis
2185 4553 2235 4607 id
2270 4555 2711 4628 relinquebatur,
2745 4561 2797 4616 id
2827 4570 3144 4635 supererat,
3180 4579 3237 4625 ut
3265 4587 3458 4629 eorum
3491 4579 3629 4633 mala

2041 4643 2199 4710 quasi
2237 4658 2336 4713 per
2369 4649 2776 4715 successionem
2831 4654 3309 4715 continuarentur.
3362 4664 3498 4733 Spes
3528 4682 3629 4721 au-

2043 4743 2151 4786 tem
2184 4735 2288 4789 illa:
2323 4739 2681 4806 providentes
2731 4743 2869 4798 nihil
2902 4746 3051 4801 aliud
3093 4763 3273 4818 erant,
3323 4754 3427 4810 nisi
3471 4758 3633 4812 voln-

2041 4816 2209 4894 ptaﬁs
2245 4829 2721 4900 umbraquaedatn
2762 4844 2817 4887 et
2855 4848 3053 4893 ventus
3103 4816 3329 4898 coactus
3355 4845 3408 4900 in
3449 4848 3629 4915 retia;

2042 4932 2278 4987 quorum
2309 4936 2373 4975 ea
2402 4933 2485 4975 est
2513 4935 2729 4990 natura,
2766 4941 2825 4981 ut
2852 4931 3039 4983 statim
3086 4932 3361 5002 perﬂuant
3388 4939 3535 4994 muni
3566 4958 3630 4996 ex

2045 5018 2221 5076 parte,
2260 5020 2482 5068 manere
2512 5025 2694 5069 autem
2736 5017 2896 5086 plena
2926 5032 3226 5091 nequeant.

2126 5099 2260 5157 VlH.
2305 5101 2522 5157 Etenim
2569 5105 2860 5162 Persarum
2908 5111 3133 5180 quidem
3180 5113 3307 5172 duci
3354 5121 3627 5189 placebat,

2043 5197 2285 5253 obsideri
2328 5196 2520 5250 urbem
2553 5207 2660 5251 tam
2696 5215 2726 5253 a
2763 5211 2908 5254 terra
2955 5218 3119 5272 quam
3151 5222 3181 5261 a
3219 5212 3377 5274 mari,
3404 5228 3469 5266 ac
3503 5222 3630 5267 tutis

2042 5289 2226 5344 statim
2258 5285 2466 5342 vitibus
2487 5292 2886 5359 Oppugnationi
2916 5293 3189 5365 incumbi,
3221 5315 3322 5356 nec
3349 5303 3452 5358 teri
3488 5313 3624 5358 tetu-

2035 5397 2141 5453 pus
2185 5381 2260 5435 nil
2310 5380 2554 5451 agendo;
2606 5383 2756 5452 quia,
2798 5389 2843 5441 si
2892 5400 3167 5459 ageretur,
3216 5392 3367 5448 brevi
3408 5402 3627 5464 poterat

2039 5474 2210 5528 armis
2237 5471 2500 5540 decerni;
2534 5472 2700 5542 ithuc
2732 5489 2798 5529 eo
2830 5480 3022 5549 magis,
3052 5481 3197 5551 quod
3234 5481 3474 5554 adjutrix
3511 5483 3623 5556 jam

1666 5612 2004 5676 Variorum
2060 5621 2253 5678 notas.

415 5771 528 5842 (ii)
589 5767 725 5828 Vide
764 5770 932 5827 Gloss.
963 5769 1097 5827 med.
1149 5769 1358 5827 ercit.
1394 5769 1450 5823 in
1502 5766 1603 5823 bac
1631 5779 1782 5821 voce.
1811 5765 2043 5822 Decus.
