4070 6480
311 417 423 484 ρετ)
572 415 649 488 [Α.
687 427 738 468 c.
787 410 952 483 ista]

1204 411 1653 478 BY'ZANTIN/E
1686 408 2071 473 HISTORUE
2105 410 2249 471 LIB.
2286 409 2460 471 XIII.

2721 407 2857 479 [tum
2893 424 2936 460 J.
2980 421 3215 461 P.\L.£Ol..
3261 406 3316 478 ζῆ
3464 408 3569 469 906

311 539 422 608 γάρ
454 554 537 590 τοι
577 535 936 604 βασιλεύουσα
971 534 1123 602 πόλις
1152 536 1263 607 (i2)
1290 535 1427 606 αὕτη
1450 533 1606 605 κοινὴ
1636 535 1733 602 τῆς
1758 531 1886 603 ὅλης

1999 532 2105 586 haec
2151 530 2508 593 dominatrix,
2541 529 2732 585 civitas
2777 542 3068 585 commune
3098 537 3183 583 est
3214 526 3381 582 totius
3430 542 3569 598 pene

312 631 488 682 εἰπεῖν
517 628 850 698 οἰκουμένης
870 628 1017 680 ἐστὶν
1042 627 1197 680 ἐστέα
1227 630 1321 682 καὶ
1345 630 1522 681 κοινὸν
1539 628 1882 698 πρυτανεῖον
1905 631 1908 634 ’

312 723 405 773 καὶ
432 722 662 789 χορηγεῖ
699 718 799 787 μὲν
832 717 1071 786 δαψιλῶς
1109 719 1289 771 πᾶσαν
1312 720 1427 781 τοῖς
1454 718 1625 770 ἅπασι
1656 719 1847 786 χρείαν
1868 730 1881 743 ·

311 809 619 880 γεωργοῦσι
676 811 722 862 δ’
750 811 888 882 αὐτῇ
919 810 1175 881 καθάπερ
1215 810 1472 881 δεσποίνῃ
1523 811 1673 863 πᾶσα
1719 809 1792 877 γῆ
1827 826 1887 861 τε

312 902 407 955 καὶ
434 902 681 955 θάλασσα
712 902 806 955 καὶ
839 902 1040 964 πάντες
1066 902 1261 971 ἄνεμοι
1288 919 1302 932 ·
1359 903 1454 954 καὶ
1498 899 1718 969 ὁρῶμεν
1750 916 1887 952 παν-

310 994 539 1064 ταχῦθεν
572 994 671 1064 τὴν
704 994 1070 1064 σιτοπομπίαν
1129 994 1313 1047 ίούσαν
1357 992 1610 1062 ἀφθόνως
1656 991 1889 1044 ἐνταῦθα

312 1085 582 1157 χειμῶνος
615 1086 707 1139 καὶ
737 1086 948 1156 θέρους,
985 1082 1121 1157 ἦρός
1149 1104 1209 1139 τε
1248 1085 1343 1139 καὶ
1374 1084 1719 1155 φθινοπώρου
1746 1100 1757 1109 ’
1795 1085 1889 1136 καὶ

312 1176 699 1232 ναυστολοῦσιν
755 1180 836 1241 είς
894 1178 1101 1249 ταύτην
1153 1178 1376 1241 ὁλκάδες
1402 1194 1463 1231 τε
1516 1177 1612 1231 καὶ
1642 1178 1889 1247 τριήρεις

313 1271 424 1335 ἀεὶ,
451 1270 677 1339 καρπῶν
707 1271 807 1339 μὲν
835 1272 1092 1324 ἁπάντων
1115 1270 1349 1339 ἄγουσαι
1373 1271 1557 1337 γονὰς,
1581 1267 1786 1338 τεχνῶν
1833 1268 1890 1322 δὲ

314 1363 674 1418 παντοδαπῶν
703 1362 1058 1433 ποικίλματα.
1088 1364 1276 1418 Πάντα
1299 1363 1409 1432 γὰρ
1439 1363 1538 1417 ὅσα
1563 1364 1730 1419 πᾶσιν
1760 1363 1891 1415 ἐκα-

316 1455 518 1526 σταχοῦ
545 1456 760 1524 ’γίνεται
791 1458 1015 1527 ἀτερπῆ
1044 1458 1156 1519 τοῖς
1199 1456 1558 1525 κεκτημένοις
1584 1450 1892 1509 εἶναιδοκεῖ

318 1566 458 1614 πως,
503 1548 600 1602 καὶ
657 1550 874 1619 φρονεῖν
905 1548 1058 1602 ούδέν
1092 1548 1304 1619 οὐδαμῆ
1361 1547 1449 1621 [Ρ.
1479 1545 1608 1620 424]
1641 1550 1890 1616 γενναῖον

311 1640 592 1705 δύνανται,
621 1641 750 1711 πρὶν
775 1641 840 1695 ἂν
874 1642 932 1705 ἐς
955 1642 1016 1693 τὸ
1041 1641 1185 1711 μέγα
1210 1641 1367 1695 τοῦτο
1394 1641 1488 1696 καὶ
1514 1640 1893 1710 οίκουμενικδν

312 1735 414 1802 τῆς
449 1734 656 1796 πόλεως
708 1732 935 1803 θέατρον
968 1732 1333 1804 περίϐλεπτόν
1382 1751 1504 1788 τινα
1552 1736 1891 1804 ποιήσωνται

312 1828 414 1895 τὴν
440 1825 722 1890 ἐπίδειξιν.
749 1826 827 1878 Δι’
850 1824 885 1878 ἃ.
905 1826 968 1898 δὴ
998 1828 1090 1879 καὶ
1120 1828 1282 1897 ἡμεῖς
1308 1825 1407 1890 τᾶς
1435 1826 1693 1889 τοιαύτας
1729 1826 1894 1894 ἀναγ-

1993 622 2224 678 dixerim
2277 623 2427 678 orbis
2470 621 2812 676 domicilium
2855 628 3307 695 acprytaneum.
3354 619 3490 675 Nam
3516 631 3575 675 ct

1992 712 2249 766 omnibus
2298 711 2522 776 omnia,
2557 721 2719 781 prout
2767 700 2969 781 cuique
3013 724 3145 766 usus
3194 720 3299 774 est,
3354 710 3573 765 abunde

1993 806 2341 875 suppeditat;
2375 814 2432 859 et
2459 804 2536 859 illi
2569 812 2824 873 tanquam
2864 802 3099 858 dominre
3125 813 3271 861 terra
3290 804 3572 866 universa,

1995 910 2144 950 mare
2203 905 2261 950 et
2319 910 2513 951 omnes
2564 894 2711 949 venti
2772 893 3154 949 famulantur:
3209 894 3576 965 videmusque

1996 989 2126 1044 illuc
2169 987 2481 1043 alilucntcm
2541 988 2783 1058 undique
2830 988 2939 1042 vim
2980 987 3238 1044 frumenti
3297 1003 3573 1059 magnam,

1995 1083 2199 1148 hieme,
2231 1092 2444 1145 testate,
2468 1098 2595 1136 vere
2642 1090 2699 1136 et
2729 1090 3031 1144 autumno;
3064 1091 3118 1135 et
3139 1081 3204 1135 ad
3226 1097 3346 1136 eam
3380 1082 3572 1136 urbem

1997 1184 2265 1246 perpetuo
2321 1174 2579 1245 navigare
2639 1175 2923 1229 onerarias
2972 1190 3139 1229 naves
3185 1190 3249 1228 ac
3300 1174 3575 1237 triremes,

1996 1270 2180 1323 omnia
2247 1268 2523 1324 fructuum
2587 1284 2785 1338 genera
2837 1276 2891 1321 et
2937 1266 3306 1337 quarumlibet
3376 1269 3577 1322 artium
3627 1324 3632 1333 ,

1999 1362 2217 1418 inventa
2263 1369 2639 1433 apportantes.
2672 1360 3023 1430 Qumcunque
3056 1361 3203 1414 enim
3256 1360 3485 1430 singulis
3518 1364 3575 1415 in

1996 1455 2132 1511 locis
2167 1456 2543 1527 unusquisque
2580 1455 2766 1522 habet,
2799 1471 2862 1509 ea
2903 1455 3114 1523 ingrata
3166 1454 3581 1523 possessoribus

1996 1562 2117 1604 esse
2149 1549 2554 1619 quodammodo
2593 1548 2873 1615 videntur,
2909 1563 2972 1602 ac
3002 1547 3140 1602 nihil
3193 1546 3447 1618 generosi
3494 1563 3584 1603 sa-

1997 1642 2177 1713 piunt,
2229 1650 2523 1712 antequam
2573 1640 2628 1696 in
2668 1651 2866 1713 magno
2910 1648 2967 1697 et
3012 1640 3288 1696 universis
3320 1641 3582 1712 gentibus

1997 1734 2248 1804 exposito
2285 1733 2516 1804 hujusce
2555 1730 2709 1789 urbis
2751 1732 2967 1786 lheatro
3000 1732 3209 1787 clarum
3244 1731 3469 1803 aliquod
3494 1734 3581 1788 sui

2002 1827 2375 1900 spectaculum
2410 1827 2789 1883 exhibuerint.
2821 1826 2961 1881 llinc
2986 1827 3067 1893 fit,
3100 1835 3160 1881 ut
3185 1841 3287 1882 nos
3308 1826 3581 1897 ejusmodi

313 1912 596 1983 καζόμεθα
654 1917 929 1969 ποιεῖσθαι
990 1916 1400 1987 παρεκδρομὰς,
1438 1918 1522 1971 ἵνα
1555 1921 1633 1987 μὴ
1662 1917 1731 1971 τὲ
1783 1918 1891 1970 τῶν

1999 1898 2349 1978 excursiones
2386 1920 2566 1974 facere
2602 1914 2893 1991 ‘cogamur,
2930 1934 3001 1974 ne
3030 1918 3075 1975 si
3107 1934 3170 1974 ea
3202 1934 3325 1989 qua:
3355 1933 3579 1975 causam

313 2008 488 2060 ἐνίοτε
534 2006 629 2061 καλ⁵
681 2007 962 2078 ἐνιαχόθεν
998 2011 1410 2080 συμὸαινόντων
1460 2012 1889 2082 συμπτωμάτων

313 2101 464 2155 αἴτια
497 2104 561 2172 τῇ
588 2114 649 2154 τε
700 2100 1066 2173 βασιλευούσῃ
1113 2102 1223 2156 τῶν
1273 2102 1483 2156 πόλεων
1540 2103 1635 2157 καὶ
1666 2105 1779 2166 τοῖς
1811 2103 1893 2157 ἐν·

311 2191 490 2246 ταῦθα
521 2193 829 2265 πράγμασι,
857 2196 935 2266 μὴ
965 2195 1454 2265 προγινωσκόμενα
1482 2197 1592 2259 τοῖς
1620 2195 1890 2265 ἐντυγχά-

310 2296 428 2338 νειν
466 2289 533 2357 τῇ
565 2287 778 2360 ἱστορίᾳ
808 2287 1085 2357 μέλλουσι,
1117 2289 1367 2344 δύσϐατα
1403 2305 1525 2354 πως
1561 2289 1656 2343 καὶ
1678 2301 1892 2358 φαραγ-

314 2378 465 2451 γώδη
528 2381 693 2450 φάναι
752 2379 822 2434 τὰ
856 2380 1062 2450 μεταξὺ
1118 2382 1293 2453 χωρία
1315 2383 1411 2436 τοῦ
1447 2382 1609 2452 λόγου
1631 2382 1763 2452 δοκῇ
1797 2381 1894 2437 καὶ

316 2477 538 2547 μακρᾶς
568 2494 713 2540 τινος
740 2476 1048 2547 εὖκρινείας
1075 2478 1327 2548 δεόμενα.

394 2567 467 2623 B’.
501 2569 611 2623 Καὶ
630 2566 731 2639 μὲν
752 2568 817 2639 δὴ
845 2569 1065 2623 λεκτέον
1091 2572 1223 2642 ἡμῖν
1243 2572 1527 2643 πρότερον,
1551 2568 1722 2626 ὁπόσα
1750 2566 1895 2644 Τρα-

317 2661 659 2725 πεζουντίοις
708 2663 850 2716 κατὰ
894 2660 1081 2716 τοῦτον
1132 2662 1544 2719 συνεπεπτώκει
1564 2664 1657 2718 τὸν
1678 2656 1892 2736 χρόνὸν.

317 2748 474 2802 Μετὰ
508 2747 618 2816 γὰρ
650 2749 741 2802 τὸν
768 2750 1054 2821 Κομνηνον
1089 2751 1328 2820 Ἀλέξιον
1358 2750 1495 2825 (15),
1544 2754 1635 2807 τὸν
1670 2754 1893 2822 ἀδελφι-

314 2837 443 2891 δοῦν
478 2838 817 2907 ⁹Ανδρονίκου
869 2840 964 2893 τοῦ
1014 2841 1246 2911 γηραιοῦ
1284 2841 1549 2911 βασιλέως
1603 2843 1894 2913 Ῥωμαίων

316 2930 414 2984 τοῦ
450 2930 842 3000 Παλαιολόγου,
868 2932 1149 3007 Βασίλειος
1177 2936 1206 2989 ό
1230 2934 1345 2998 υίὸς
1368 2935 1468 3006 τὴν
1510 2936 1621 2989 τῶν
1673 2935 1895 3007 Τραπε-

317 3019 579 3082 ζουντίων
607 3021 906 3091 ἠγεμονίαν
941 3021 1327 3093 διαδεξάμενος
1380 3023 1558 3096 ἔγημε
1593 3025 1748 3080 νόθον
1778 3025 1893 3098 (l4)

316 3111 416 3164 τού
452 3112 572 3165 νέου
629 3112 895 3182 βασιλέως
952 3114 1300 3185 Ἀνδρονίκου
1365 3118 1460 3171 τοῦ
1525 3117 1894 3187 Παλαιολόγου

318 3206 596 3276 θυγατέρα
624 3207 863 3277 Εἰρήνην
909 3208 1021 3279 (15)
1050 3226 1064 3240 '
1156 3212 1250 3264 καὶ
1282 3212 1489 3281 βραχύν
1524 3229 1648 3266 τινα
1682 3213 1891 3279 συμόε-

2000 2010 2355 2084 pra'bucrunt
2387 2029 2489 2068 cur
2515 2008 2812 2083 aliquando
2840 2019 2898 2067 et
2938 2012 3105 2067 certis
3150 2010 3208 2066 in
3246 2009 3383 2068 locis
3423 2014 3585 2082 quid-

2002 2107 2147 2177 piam
2180 2107 2381 2177 regina:
2426 2104 2547 2161 urbi
2582 2115 2647 2160 et
2679 2105 2809 2160 huic
2840 2104 3075 2174 imperio
3117 2105 3416 2171 accideret,
3446 2120 3585 2175 prm-

2001 2200 2219 2271 cognita
2254 2198 2402 2253 haud
2450 2199 2564 2253 sint
2598 2197 2689 2264 iis,
2720 2198 2816 2268 qui
2844 2197 2901 2252 in
2931 2197 3075 2252 hanc
3119 2197 3405 2277 historiam
3439 2198 3584 2254 inci-

2003 2292 2154 2357 dent,
2182 2292 2354 2347 ardua
2384 2278 2439 2347 et
2471 2303 2531 2347 ut
2557 2287 2633 2347 ita
2666 2292 2844 2347 dicam
2872 2291 3299 2364 confragosa/et
3325 2304 3586 2348 accurato
3634 2344 3639 2349 ,

1999 2380 2194 2454 judicii
2228 2386 2481 2439 examine
2527 2380 2772 2455 indigere
2810 2382 3105 2441 videantur
3142 2384 3429 2458 interjecta
3457 2400 3587 2440 nar-

2002 2475 2233 2530 rationis
2266 2474 2578 2533 intervalla.
3584 2526 3587 2527 ν

2076 2568 2143 2622 ll.
2173 2569 2251 2623 Ae
2281 2569 2521 2638 primum
2574 2567 2798 2640 quidem
2833 2568 2902 2627 de
2948 2571 3015 2627 iis
3044 2571 3212 2629 rebus
3263 2570 3465 2628 dicturi
3494 2588 3589 2628 su-

2006 2679 2155 2741 mus,
2188 2679 2310 2733 qua:
2361 2658 2748 2733 Trapezun‘tiis
2783 2679 2880 2734 per
2923 2664 3057 2719 illud
3112 2674 3328 2734 tempus
3370 2665 3589 2720 accide-

2006 2764 2157 2812 runt.
2203 2756 2395 2812 Alexio
2426 2755 2729 2822 Comneno,
2762 2757 3062 2813 Andronici
3108 2759 3346 2814 senioris
3381 2757 3590 2813 [πελιωθ-

2002 2847 2113 2918 logi
2172 2849 2545 2903 Romanorum
2611 2836 2959 2920 imperatoris
3017 2850 3205 2921 nepoti
3257 2867 3324 2906 ex
3370 2865 3586 2917 sorore,

2005 2941 2243 2996 Basilius
2278 2940 2418 2996 filius
2444 2941 2621 2997 haeres
2647 2943 2914 2999 successit
2945 2944 2998 2998 in
3031 2943 3393 3015 Trapezuntis
3416 2946 3590 3015 impea

2006 3036 2172 3089 riuin.
2198 3036 2250 3090 Is
2282 3036 2507 3090 uxorem
2537 3035 2695 3090 duxit
2736 3038 2958 3104 Irenen,
3006 3036 3174 3095 illiam
3212 3040 3452 3112 junioris
3478 3042 3591 3097 An-

2005 3127 2217 3182 dronici
2248 3126 2532 3199 Paimologi
2555 3131 2821 3199 spuriam,
2850 3146 2954 3187 nec
2979 3133 3075 3188 diu
3100 3148 3228 3188 cum
3256 3149 3325 3190 ea
3353 3133 3508 3199 vixit,
3534 3145 3591 3188 et
3622 3210 3625 3213 _

2004 3219 2125 3274 sine
2158 3219 2353 3274 liberis
2398 3222 2655 3278 decessit.
2707 3222 2778 3279 At
2812 3222 2930 3281 haec
2974 3225 3143 3296 679
3188 3242 3373 3284 rerum
3416 3231 3591 3301 potita

319 3297 542 3362 ϐιωκὼς
602 3300 794 3370 χρόνον
846 3279 1202 3371 ἐτελεύτησεν
1245 3279 1435 3367 ἅπαις.
1469 3302 1683 3374 Σχοῦσα
1711 3304 1768 3358 δὲ
1798 3304 1895 3376 τὴν

2003 3312 2288 3369 mulierem
2317 3314 2541 3383 quidem
2569 3315 2740 3381 illam,
2771 3332 2896 3372 cum
2919 3279 3325 3387 quva-habuerat
3351 3279 3591 3386 Basilius

319 3390 618 3459 ἡγεμονίαν
639 3391 783 3465 αὐτὴ
805 3392 1097 3464 ὑπερόριον
1116 3396 1217 3466 μὲν
1239 3397 1301 3468 ἐς
1313 3395 1607 3461 Βυζάντιον
1627 3399 1900 3453 ἀπεστάλ-

317 3497 407 3534 κει
432 3482 531 3553 τὴν
560 3482 871 3554 ἄνθρωπον,
896 3479 929 3560 ᾗ
961 3486 1098 3556 πρὸς
1126 3485 1394 3559 λαθραίαν
1421 3489 1683 3560 ἐμίγνυτο
1710 3490 1898 3561 κοίτην

323 3572 628 3640 Βασίλειος,
687 3575 824 3647 ὁμοῦ
876 3579 988 3642 τοῖς
1039 3579 1162 3635 δυσὶ
1197 3580 1414 3650 νηπίοις
1460 3582 1811 3653 υίέσιν’ἆμα
1839 3601 1901 3638 τε

321 3668 688 3737 ἐπρεσϐεύετο
732 3668 831 3723 καὶ
860 3670 1113 3741 δεύτερον
1144 3672 1316 3743 ἄνδρα
1357 3675 1407 3728 oi
1434 3675 1756 3746 πεμφθῆναι
1787 3677 1898 3731 τῶν

327 3757 479 3827 παρᾶ
511 3759 826 3825 Βυζαντίοις
859 3762 1005 3831 γένει
1062 3763 1159 3817 καὶ
1192 3764 1321 3836 δόξῃ
1352 3766 1722 3837 προύχόντων,
1744 3766 1806 3830 ὃς
1833 3767 1900 3822 ἂν

323 3850 466 3920 πρὸς
495 3850 802 3923 βουλήσεως
823 3871 879 3907 τε
974 3854 1052 3926 τῷ
1081 3855 1295 3925 βασιλεῖ
1316 3856 1408 3913 καὶ
1436 3858 1607 3929 πατρὶ
1638 3858 1731 3911 καὶ
1756 3859 1901 3913 κατὰ

322 3941 425 4013 τὴν
456 3943 620 3997 αὑτοῦ
648 3945 935 4018 διατελὲσῃ
992 3946 1251 4018 βούλησιν
1291 3949 1391 4018 τὴν
1444 3938 1623 4021 ἀρχὴν
1681 3949 1900 4003 διοικῶν

322 4035 439 4088 τῶν
463 4036 942 4108 Τραπεζουντίων.
1001 4036 1171 4094 Οὔπω
1198 4039 1380 4094 τοίνυν
1428 4038 1489 4106 ἐξ
1549 4043 1899 4113 Ἀκαρνάνων

321 4130 763 4201 ἐπανεληλυθότα
793 4132 884 4185 τὸν
937 4131 1163 4204 βασιλέα
1193 4132 1415 4202 εὑροῦσι
1446 4136 1562 4199 τοῖς
1605 4131 1901 4206 πρέσϐεσιν

322 4218 473 4284 ἔδοξε
504 4220 794 4292 μείναντας
839 4223 982 4275 κατὰ
1011 4220 1198 4292 χώραν
1234 4208 1451 4293 πέμψαι
1482 4226 1608 4289 τοὺς
1638 4226 1901 4296 ἐροῦντας

322 4315 520 4383 ἐκείνῳ
571 4315 669 4386 την
719 4330 778 4367 τε
816 4312 1004 4384 ἄφιξιν
1036 4312 1188 4385 σφῶν
1243 4316 1339 4370 καὶ
1387 4316 1480 4369 τὶν
1507 4316 1605 4388 τῆς
1659 4315 1900 4387 ἀφίξεως

310 4423 358 4477 ,τ
366 4405 553 4475 ρόπον.

397 4495 471 4549 I".
514 4497 668 4551 Ἐπεὶ
694 4497 752 4551 δὲ
802 4497 897 4551 τοῦ
949 4497 1145 4570 χρόνου
1178 4498 1485 4571 χωροῦντος
1514 4496 1592 4571 τῷ
1618 4499 1899 4572 Βυζαντίῳ

324 4585 468 4639 καὶὸ
501 4584 754 4655 βασιλεὺς
793 4586 1214 4659 ἐπιδεδημηκὼς
1269 4590 1372 4644 οὐκ
1419 4593 1501 4655 είς
1551 4592 1774 4663 μακρὰν
1801 4593 1901 4662 μὲν

323 4678 488 4740 αὑτὸς
514 4677 846 4748 ἓτεθνήκει,
899 4679 1000 4749 τὴν
1062 4680 1120 4734 δὲ
1168 4679 1279 4734 τῶν
1317 4667 1595 4754 δημοσίων
1645 4686 1904 4754 φροντίδα

328 4770 672 4840 πραγμάτων
710 4770 905 4841 γνώμῃ
959 4772 1060 4842 τῆς
1092 4773 1365 4844 βασιλίδος
1405 4778 1604 4847 Ἀννης
1649 4777 1906 4849 Ἰωάννης

325 4866 353 4915 ὁ
384 4860 842 4931 Κανταιιουζηνὸς
894 4862 1157 4935 ἐτύγχανε
1215 4865 1456 4935 διοικῶν,
1514 4868 1689 4937 μέγας
1718 4865 1793 4922 ὣν
1824 4869 1905 4923 ἔτι

324 4956 668 5023 δομέστικος,
727 4955 864 5026 πρὸς
897 4958 997 5027 μὲν
1023 4957 1123 5026 τῆς
1153 4957 1263 5009 τῶν
1292 4958 1750 5026 Τραπεζουντίων
1778 4963 1906 5032 ἠγε-

328 5045 542 5116 μονίδος
587 5047 825 5117 Εἰρήνης
853 5045 954 5118 τὴν
1001 5047 1230 5117 ζήτησιν
1285 5050 1561 5104 ἐπινεύειν
1603 5053 1705 5105 οὐκ
1758 5048 1907 5124 εἶχεν

326 5136 508 5203 εὐθὺς,
536 5135 653 5190 ἀλλ’
678 5140 766 5207 ἐφ’
794 5140 985 5210 ἐτέρας
1011 5141 1273 5210 ἐτρέπετο
1302 5142 1549 5212 σκέψεις.
1593 5144 1765 5215 Ὁρῶν
1791 5148 1900 5219 γὰρ

324 5227 386 5280 τὸ
429 5227 723 5300 διερρωγὸς
787 5229 879 5282 ἐπὶ
929 5230 1102 5284 πολλὰ
1131 5232 1230 5300 τῆς
1285 5232 1395 5285 τῶν
1445 5234 1903 5303 Τραπεζουντίων

325 5320 551 5394 γνώμης
582 5324 804 5393 συνῆκε,
837 5325 913 5394 μὴ
947 5325 1084 5395 πρὸς
1107 5326 1363 5380 ἁπάντων
1396 5321 1654 5400 εἶναιτὴν
1679 5328 1905 5400 γνώμην

328 5413 499 5484 αὐτῆς
528 5415 919 5487 στεργομένην.
940 5417 1127 5497 Νόμος
1150 5419 1260 5490 γὰρ
1284 5419 1517 5484 ἐκείνοις
1542 5420 1654 5476 οἷον
1686 5421 1908 5490 ἄφυκτα

1944 3478 1947 3483 Ι
1999 3405 2399 3462 clandestinam
2416 3407 2897 3477 consuetudinem,
2931 3411 3253 3482 Byzantium
3271 3416 3585 3485 exsulatum

2001 3498 2228 3553 miserat
2255 3514 2365 3553 una
2399 3513 2525 3554 cum
2563 3499 2781 3556 duobus
2808 3502 2930 3573 ejus
2958 3502 3084 3558 liliis
3113 3504 3454 3573 infantibus;
3490 3525 3590 3576 per

2000 3590 2208 3662 legatos
2251 3600 2437 3647 autem
2486 3593 2880 3661 postuiaverat,
2922 3604 2981 3650 ut
3022 3596 3128 3652 sibi
3162 3597 3305 3655 alter
3338 3601 3590 3673 omaritus

2003 3684 2335 3748 mitteretur,
2365 3686 2461 3754 qui
2488 3683 2633 3740 inter
2665 3687 2959 3758 Byzantios
2984 3704 3186 3760 genere
3210 3699 3268 3746 et
3294 3692 3590 3763 splendore

2001 3774 2236 3831 fortunae
2283 3777 2576 3842 emineret,
2612 3786 2669 3833 et
2710 3780 3032 3851 imperatori
3058 3795 3123 3837 ac
3154 3783 3298 3854 patri
3327 3795 3589 3856 acceptus

2001 3865 2167 3931 foret,
2215 3866 2688 3939 Trapezuntisque
2736 3862 3030 3940 imperium
3061 3887 3126 3928 ex
3154 3874 3275 3945 ejus
3316 3877 3587 3932 sententia

2001 3970 2258 4030 pergeret
2285 3961 2692 4039 administrare.
2743 3959 2880 4016 Cum
2918 3962 3089 4031 igitur
3128 3964 3292 4037 legati
3339 3967 3585 4022 nondum

2002 4066 2070 4106 ex
2104 4050 2413 4107 Acarnania
2458 4066 2741 4108 reversum
2770 4067 2893 4109 esse
2923 4055 3314 4125 imperatorem
3367 4073 3589 4129 compe-

2004 4145 2226 4213 rissent,
2274 4145 2452 4199 visum
2504 4155 2594 4200 est
2642 4144 2710 4200 iis
2759 4146 3086 4214 subsistere,
3142 4161 3307 4220 atque
3349 4151 3417 4205 ad
3458 4167 3587 4208 eum

2003 4235 2223 4289 mittere
2249 4235 2345 4306 qui
2376 4251 2540 4291 suum
2586 4235 2887 4293 adventum
2916 4249 2972 4294 et
3003 4240 3273 4299 adventus
3318 4243 3587 4300 rationem

2004 4326 2347 4382 nuntiarent.

2078 4507 2168 4564 Ill.
2206 4508 2551 4567 Procedente
2587 4522 2834 4584 tempore
2878 4514 2994 4583 ipse
3030 4514 3330 4585 imperator
3375 4517 3590 4589 Byzan-

1934 4599 2145 4694 Dtium
2192 4601 2437 4669 advenit,
2481 4618 2584 4658 nec
2635 4604 2810 4658 multo
2852 4614 2976 4676 post
3028 4607 3140 4661 vita
3187 4607 3408 4682 functus
3456 4621 3585 4666 est:

2009 4694 2353 4763 publicarum
2390 4703 2573 4751 autem
2613 4712 2796 4753 rerum
2832 4714 3039 4765 curam,
3073 4701 3244 4755 Anna:
3284 4702 3593 4772 imperaui-

2011 4787 2090 4838 cis
2121 4794 2276 4851 nutu,
2313 4780 2556 4843 Joannes
2584 4787 3020 4854 Cantacuzenus,
3051 4806 3289 4863 magnus.
3310 4801 3422 4847 tum
3453 4811 3594 4865 quo-

2009 4889 2117 4943 que
2150 4875 2506 4941 domesticus,
2539 4879 2813 4957 sustinere
2853 4895 2919 4933 ex
2962 4894 3030 4935 eo
3060 4880 3248 4953 coepit.
3279 4886 3458 4953 Atque
3501 4884 3593 4938 hic

2002 4967 2193 5022 statim
2229 4968 2597 5037 imperatricis
2632 4970 2816 5028 lrcnes
2848 4972 3100 5043 petitioni
3149 4989 3395 5031 annuere
3442 4977 3588 5032 haud

2008 5058 2223 5127 potuit;
2254 5074 2445 5113 verum
2470 5059 2537 5115 ad
2568 5061 2702 5116 alias
2728 5077 2889 5119 curas
2915 5063 3161 5119 animum
3191 5068 3423 5137 appulit.
3449 5068 3586 5125 Cum

2008 5149 2156 5204 enim
2193 5148 2687 5220 Trapezuntiorum
2724 5154 2937 5209 animos
2970 5156 3224 5212 vacillare
3255 5159 3488 5213 maxima
3521 5176 3589 5215 ex

2011 5253 2167 5316 parte
2217 5242 2709 5306 animadverteret,
2753 5261 2861 5300 non
2903 5247 3158 5303 omnibus
3210 5251 3424 5319 placere
3468 5254 3589 5322 ejus

2012 5335 2262 5390 mulieris
2303 5335 2590 5390 consilium
2622 5336 2911 5392 intellexit.
2945 5337 3056 5395 Lex
3091 5340 3307 5411 quippe,
3330 5351 3412 5396 est
3442 5344 3584 5411 apud

2015 5441 2110 5481 eos
2177 5442 2318 5497 pene
2364 5427 2731 5496 inviolabilis,
2790 5431 2983 5489 nexab
3046 5433 3158 5488 ullo
3209 5435 3588 5505 cujuscunque

1644 5536 1987 5600 Variorum
2012 5549 2202 5603 notae.

327 5636 1095 5730 ..κοῦὲιίξὲεριὶίεξιυίέβηι
1125 5643 1565 5730 instamus
1613 5645 1901 5730 θάάςμάυε

325 5706 437 5786 illis
463 5706 604 5786 quos
638 5712 690 5760 in
722 5706 1177 5786 Constantinomli
1210 5706 1512 5770 Christiana
1562 5716 1895 5786 protulimus

325 5781 395 5833 de
427 5778 547 5846 ejus
573 5779 864 5834 cummodo
883 5783 1014 5848 situ,
1046 5778 1140 5839 lib.
1175 5800 1213 5847 ι,
1242 5794 1377 5841 sect.
1416 5788 1466 5847 ί.
1520 5778 1577 5843 οἱ
1603 5786 1727 5841 aliis
1750 5786 1890 5841 duo-

327 5850 429 5902 bus
465 5853 516 5901 in
545 5850 683 5903 hanc
711 5854 1058 5918 sententiam,
1090 5854 1144 5908 in
1170 5856 1314 5911 notis
1342 5857 1410 5911 ad
1442 5856 1669 5914 Zonaras
1702 5856 1884 5912 Anna-

325 5921 422 5983 lt's,
458 5935 579 5988 pag.
608 5922 734 5985 H9,
763 5919 885 5977 162.
923 5921 1154 5981 DUJANG.

583 6014 854 6077 Ριτιιοι..
894 6016 1011 6078 Gn.
1044 6019 1338 6080 CXLVIII

2081 5645 2197 5716 (l5)
2249 5645 2405 5703 Hune
2468 5648 2648 5703 locum
2702 5650 3097 5706 illustravimus
3155 5654 3340 5707 tumin
3385 5651 3586 5708 Famil.

2006 5717 2268 5793 Βρμαιιι.ι
2290 5733 2414 5793 pag.
2445 5719 2569 5785 I95,
2597 5729 2711 5775 tum
2738 5723 2794 5775 in
2820 5723 2967 5777 notis
2995 5723 3063 5777 ad
3084 5722 3307 5778 lunarat
3333 5723 3588 5793 Annales,

1999 5803 2124 5857 pag.
2164 5787 2291 5857 146.
2325 5788 2564 5843 Ducam.

2070 5846 2186 5930 (tt)
2216 5857 2351 5930 Vide
2375 5874 2561 5926 supra.
2580 5860 2688 5915 lib.
2723 5877 2798 5925 XI,
2830 5877 2952 5930 cap.
2982 5862 3034 5917 ε,
3057 5846 3270 5919 nonI",

2061 5928 2173 5998 (45)
2208 5927 2347 5985 Alibi
2384 5930 2698 5986 nominatur
2722 5927 2974 5989 Eudocia.
3024 5933 3235 5990 Bomn.

3035 6026 3161 6088 ευρ
