4070 6476
372 439 479 506 913
621 435 699 510 [Α.
743 452 792 492 ε.
839 437 998 509 ista]

1160 423 1170 433 “
1250 442 1695 504 ΒΥΖΑΝΤίΝΕ
1733 446 2117 507 instent-1:
2152 448 2294 512 Lm.
2327 449 2499 510 xm.

2793 441 2929 514 [tum
2968 459 2987 497 ι
3057 456 3291 498 ριιιιεοι.
3332 441 3395 513 51η

3531 443 3645 507 9M

314 582 331 593 ς
371 564 564 632 τάφρῳ
613 566 707 617 καὶ
770 563 994 632 σκόλοψι
1026 561 1234 634 βραχέν
1279 581 1402 617 τινα
1454 562 1631 633 χῶρον
1666 563 1986 634 ὁρίσαντες,

2092 570 2166 641 gri
2196 569 2439 639 spatium
2475 569 2621 625 fossa
2655 577 2711 624 et
2740 568 2883 623 vallo
2912 582 3037 622 cum
3072 565 3439 626 deﬂniissent,
3480 563 3640 617 habi-

371 656 680 724 στείχιστον
712 652 893 724 ᾤκουν
923 654 1085 708 αὐτόν
1106 671 1118 684 ·
1152 654 1339 722 ἡρέμα
1376 653 1422 707 δ’
1462 653 1657 707 ἔπειτα
1687 656 1780 707 καὶ
1813 655 1954 708 κατὰ

377 748 552 816 βραχὺ
618 747 905 818 προϊόντος
943 747 1037 802 τοῦ
1099 749 1291 818 χρόνου
1322 749 1507 813 λίθους
1543 749 1606 802 ἐκ
1638 767 1700 802 τε
1727 751 1830 818 γῆς
1863 751 1956 802 καὶ

375 837 648 907 θαλάττης
674 838 994 909 κομίζοντες
1039 839 1215 901 οίκίας
1241 838 1296 902 ἐς
1321 856 1381 891 τε
1422 840 1625 902 πλάτος
1659 840 1756 893 καὶ
1784 840 1956 908 μῆκος

376 929 711 1000 ᾠκοδόμουν,
744 932 880 1002 πρὸς
907 930 1076 984 πολὺν
1112 932 1202 985 τὸν
1235 933 1374 1003 ἀέρα
1405 933 1497 987 τὸν
1527 933 1724 1004 ὄροφον
1755 934 1957 1002 ἀναφέ-

248 1040 257 1045 ‘
330 1086 341 1090 _
381 1041 562 1092 ροντες
589 1041 605 1057 ·
637 1025 710 1088 ῶς
734 1028 791 1079 ἐν
819 1026 1016 1095 βραχεῖ
1038 1025 1116 1096 τῷ
1147 1025 1326 1097 χρόνῳ
1359 1026 1603 1089 πλείονος
1632 1026 1663 1097 ἢ
1695 1025 1838 1079 κατὰ
1864 1026 1958 1077 τὸν

378 1117 604 1171 δοθέντα
629 1120 772 1170 κατᾶ
794 1118 854 1171 τὸ
878 1119 1105 1188 λεληθὸς
1126 1117 1430 1190 δράξασθαι
1455 1118 1646 1174 τόπου.
1682 1118 1958 1190 Προφάσει

377 1208 643 1262 δἰιίκιῶν
701 1210 966 1265 πλειόνων
1022 1209 1104 1264 ἔτι
1139 1211 1565 1278 καὶμμειζὸνων,
1619 1213 1714 1282 τῆς
1766 1212 1956 1283 χρείας

378 1301 541 1370 δῆθεν
587 1299 693 1354 τῶν
726 1303 1199 1373 εἰσκομιζομένων
1242 1304 1688 1387 ἀναγκαζούσης,
1716 1305 1811 1358 καὶ
1847 1303 1961 1357 τῶν

381 1394 517 1463 πρὸς
550 1394 652 1465 τὴν
678 1396 887 1464 πρᾶσιν
928 1398 1022 1448 καὶ
1074 1396 1282 1464 ἀγορὰν
1310 1396 1724 1467 προτιθεμένων
1760 1396 1961 1463 ὠνίων,

380 1483 869 1554 εὐρυχωροτέρους
891 1485 1133 1538 ἐτίθεντο
1166 1486 1289 1548 τοὺς
1324 1485 1435 1538 τῶν
1472 1485 1755 1539 σκολόπων
1779 1503 1836 1537 τε
1868 1486 1965 1537 καὶ

379 1576 602 1643 τάφρων
658 1575 867 1641 ἕλικας,
930 1578 1027 1629 καὶ
1088 1577 1287 1648 τειχῶν
1334 1577 1628 1630 ὑπετίθουν
1666 1578 1962 1648 κρηπῖδας,

386 1666 650 1737 μειζόνων
679 1667 912 1723 ἐλπίδων
958 1669 1299 1737 ἐπαγγελίαν
1351 1669 1618 1739 ἐχούσας·
1681 1671 1779 1723 καὶ
1819 1668 1965 1722 οὕτω

382 1760 617 1830 σμικρὸν
641 1764 733 1814 ἐπὶ
756 1763 977 1832 σμικρῇ
1001 1762 1254 1824 τιθέντες
1283 1764 1443 1816 πόλιν
1477 1762 1693 1833 ἐχυρῶς
1722 1762 1816 1830 τοῦ
1850 1781 1967 1816 τει-

378 1852 650 1923 χίσματος
678 1852 910 1925 ἔχουσαν
945 1856 1396 1927 κατεστήσαντο·
1435 1856 1512 1918 ὠς
1544 1857 1602 1908 ἐν
1629 1855 1835 1925 βεϐαίῳ
1868 1855 1966 1926 τὴν

384 1948 491 2009 τῶν
540 1947 896 2001 ἐνοικούντων
957 1947 1261 2017 ἀσφάλειαν
1314 1949 1415 2020 ήδη
1458 1947 1698 2015 κεῖσθαι,
1759 1949 1970 2018 καὶμὴ

385 2039 632 2109 εὐχερῶς
663 2039 752 2109 ὑφ’
785 2041 1128 2111 ότωνδήποτε
1154 2040 1303 2111 ἔχειν
1327 2040 1764 2113 πολιορκεῖσθαι.

455 2134 529 2184 A'.
562 2131 653 2200 Τῷ
707 2131 773 2203 δὴ
798 2133 1029 2204 τοιούτῳ
1092 2134 1476 2204 προτερήματι
1528 2132 1654 2194 τοὺς
1704 2132 1972 2195 Λατίνους

388 2223 730 2294 ἐπαρθέντας
786 2223 925 2292 πρὸς
972 2223 1036 2276 τὸ
1081 2224 1603 2296 ὑπεροπτικώτεροι)
1631 2222 1816 2291 αὔξειν
1844 2239 1973 2276 συν-

387 2317 571 2369 ιϐαινε
598 2315 695 2386 τὴν
725 2315 877 2385 σφῶν
929 2317 1110 2371 αὐτῶν
1137 2317 1379 2388 συγγενῆ
1408 2318 1509 2387 τῆς
1536 2315 1833 2378 αὐθαδείας
1863 2331 1970 2383 κηο

388 2412 509 2462 λῖδα
527 2422 541 2437 ⁸
597 2408 672 2473 ὡς
711 2400 775 2463 ἐκ
826 2410 921 2463 τοῦ
948 2409 1204 2479 μείζονος
1243 2412 1344 2484 ήδη
1370 2412 1467 2465 καὶ
1492 2414 1607 2474 τοῖς
1635 2409 1780 2466 κατὰ
1809 2395 1976 2478 συνή-

391 2504 544 2557 θειαν
587 2503 876 2576 προσιοῦσι
914 2502 1155 2568 Σκύθαις
1210 2507 1311 2567 τὰς
1367 2504 1695 2574 ἀποκρίσεις
1748 2504 1975 2560 διδόναι.

398 2598 560 2667 ’Λρτι
614 2599 798 2653 τοίνυν
860 2598 1205 2672 θρασύτερον
1258 2598 1370 2668 (39.)
1407 2599 1568 2667 λόγον
1629 2598 1864 2662 ἀποδοὺς
1896 2597 1978 2651 ἐνί

393 2708 500 2744 τινι
524 2690 631 2745 τῶν
659 2692 717 2745 ἐν
745 2695 810 2762 τῇ
834 2691 1014 2762 ἀγορᾷ
1039 2690 1262 2743 Σκυθῶν
1282 2708 1367 2754 τις
1386 2691 1494 2744 τῶν
1520 2692 1592 2743 τὰ
1616 2689 1753 2743 ῶνια
1778 2707 1979 2760 κεκτη-

389 2784 576 2854 μένων
602 2783 848 2838 Λατίνων
897 2782 1084 2854 μύωπι
1116 2784 1424 2853 πέπληκται
1445 2785 1582 2854 πρὸς
1616 2783 1711 2836 τοῦ
1747 2782 1979 2837 Σκύθου.

409 2877 469 2929 Ὀ
502 2877 548 2930 δ’
583 2875 746 2939 εὐθὺς
775 2876 954 2929 ἀνεῖλε
985 2875 1132 2944 ξίφει
1167 2875 1259 2928 τὸν
1287 2874 1564 2929 παίσαντα
1586 2890 1599 2905 ’
1630 2874 1727 2928 καὶ
1749 2874 1981 2944 θόρυϐος

398 2969 647 3025 ἐντεῦθεν
688 2969 792 3022 ἀνὰ
841 2970 939 3040 τήν
984 2967 1192 3038 ἀγοράν
1247 2967 1623 3022 διεσκέδασται
1683 2968 1828 3022 πάνυ
1900 2984 1987 3020 τοι

399 3066 677 3124 πλεῖστος.

474 3159 548 3213 E'.
584 3157 758 3211 Τοῦτο
817 3157 952 3228 πρὸς
1003 3149 1120 3210 ῶτα
1178 3156 1476 3226 γενόμενον
1520 3152 1598 3224 τῷ
1624 3154 1733 3208 τῶν
1763 3151 1987 3209 Σκυθῶν
2026 3188 2031 3197 ς

1998 1911 2045 1966 Β

2061 673 2248 717 tavere
2292 663 2403 718 illic
2452 663 2662 733 absque
2707 661 2902 717 muris.
2949 660 3317 716 Pedetentim.
3345 659 3550 714 deinde
3586 666 3643 713 ct

2059 755 2343 827 paulatim,
2376 755 2711 825 procedente
2755 764 3020 824 tempore,
3054 753 3334 823 lapidibus
3384 760 3529 804 terra
3578 766 3645 807 ac

2043 839 2198 903 ‘mari
2243 848 2546 913 convectis,
2595 849 2649 901 in
2690 848 2860 902 latum
2909 857 2966 902 ct
3003 847 3224 917 longum
3275 845 3645 905 tedificarunt,

2060 950 2202 996 tecta
2234 943 2348 1012 ipsa
2382 942 2435 994 in
2480 941 2652 994 altum
2690 941 3040 1004 attollentes;
3078 936 3481 993 sicﬂut'furtim
3519 937 3642 1003 plus

2062 1034 2222 1102 spatii
2249 1049 2413 1103 quam
2441 1033 2544 1088 sibi
2576 1033 2766 1087 datum
2798 1032 2980 1086 fuerat
3015 1032 3163 1086 brevi
3196 1040 3441 1097 tempore
3476 1016 3642 1098 635

2063 1127 2479 1196 occupaverint.
2505 1124 2666 1180 Plura
2688 1139 2819 1180 vero
2844 1133 2900 1179 et
2931 1124 3136 1190 majora
3169 1121 3397 1179 :ediﬁcia
3429 1131 3649 1174 exstru-

2062 1218 2188 1274 enzli
2223 1234 2385 1273 causa
2413 1218 2593 1289 (quasi
2619 1219 2928 1287 importata:
2952 1215 3184 1271 sarcime
3212 1224 3267 1270 et
3302 1230 3387 1270 res
3416 1214 3481 1267 ad
3512 1228 3647 1265 wn-

2062 1309 2305 1366 dendnm
2347 1311 2754 1381 emendumque
2803 1309 3102 1382 propositae
3144 1308 3427 1379 exigerent
3479 1318 3648 1375 atque

2064 1400 2368 1469 cogerent),
2398 1399 2669 1454 fossarum
2724 1409 2780 1455 et
2830 1400 3101 1455 vallorum
3152 1398 3422 1453 ambitum
3479 1396 3649 1450 latius

2066 1500 2454 1561 porrexerunt,
2486 1503 2541 1547 et
2571 1509 2633 1546 ea
2662 1496 2913 1563 iecerunt
2952 1507 3236 1546 murorum
3269 1490 3648 1551 fundamenta,

2066 1598 2189 1653 quae
2220 1583 2396 1652 majus
2427 1584 2633 1652 aliquid
2678 1585 3078 1653 pollicerentur
3106 1600 3119 1634 :
3156 1590 3321 1652 atque
3361 1582 3435 1635 ita
3468 1578 3653 1650 parvis

2066 1694 2235 1748 parva
2297 1679 2639 1732 incrementa
2685 1677 2941 1731 addendo
3002 1676 3196 1730 urbem
3247 1672 3654 1735 munitionibus

2071 1774 2457 1839 firmaverunt;
2499 1774 2573 1828 ita
2606 1781 2666 1825 ut
2703 1772 2815 1843 jam
2853 1774 2906 1827 in
2946 1779 3065 1827 tuto
3101 1780 3248 1827 esset
3281 1768 3650 1825 habitantimu

2072 1863 2241 1925 salus,
2278 1878 2382 1918 nec
2414 1862 2576 1918 facile
2604 1867 2672 1917 ah
2702 1863 2816 1917 ullo
2839 1861 3080 1917 obsideri
3109 1868 3355 1931 possent.

2143 2137 2235 2193 IV.
2274 2135 2349 2189 Eo
2382 2150 2643 2191 successu
2678 2135 2847 2190 animi
2877 2135 3196 2191 Latinorum
3228 2134 3313 2189 sic
3343 2131 3471 2189 elati
3504 2141 3657 2189 sunt.

2075 2238 2136 2284 ut
2167 2231 2505 2300 arrogantia,
2539 2244 2704 2298 quam
2753 2228 2831 2283 illi
2879 2228 3057 2283 labem
3105 2228 3404 2298 ingenitam
3453 2225 3670 2295 alioqui

2076 2326 2303 2388 habent,
2332 2326 2594 2396 majorem
2629 2325 2682 2378 in
2717 2323 2937 2379 modum
2964 2320 3151 2384 aucta,‘
3171 2323 3279 2394 jam
3309 2319 3467 2391 quasi
3493 2334 3665 2389 supem

2078 2417 2223 2472 riure
2253 2417 2322 2472 de
2348 2417 2473 2473 loco
2503 2416 2722 2487 Scythis
2745 2417 2815 2471 de
2848 2430 3001 2470 more
3034 2412 3365 2470 adeuntibus
3391 2424 3676 2481 responsa:

2079 2510 2397 2565 redderent.
2422 2509 2615 2580 Itaque
2645 2504 2769 2563 cum
2814 2508 3143 2564 insolentius
3173 2505 3265 2561 uni
3305 2519 3496 2559 eorum
3528 2501 3664 2575 Sey:-

2081 2603 2322 2668 tharum,
2352 2603 2447 2672 qui
2501 2602 2558 2657 in
2602 2601 2727 2657 foro
2769 2609 2953 2663 erant.
3001 2598 3381 2671 respondisset
3416 2612 3561 2652 unus
3589 2611 3663 2654 et

2085 2695 2293 2751 Latinis
2326 2695 2749 2759 mercatoribus,
2773 2708 2900 2748 eum
2929 2693 3127 2764 Scytha
3148 2690 3371 2747 stimulo
3399 2688 3661 2760 percutit.

2083 2790 2178 2845 llle
2210 2804 2360 2847 cum.
2391 2805 2419 2842 a
2452 2804 2563 2858 quo
2591 2803 2889 2859 percussus
2919 2787 3120 2850 fuerat,
3158 2786 3342 2856 gladio
3369 2782 3669 2840 interimit.

2084 2881 2376 2936 Tumultus
2401 2882 2528 2939 inde
2555 2881 2828 2952 plurimus
2855 2878 3036 2937 forum
3070 2886 3429 2950 pervagatur.

2161 3155 2225 3210 Υ.
2262 3155 2339 3210 Ea
2367 3170 2427 3211 re
2453 3155 2641 3210 audita
2674 3154 3000 3227 Scytharum
3026 3154 3287 3241 princeps
3316 3153 3394 3208 ira
3426 3152 3696 3222 percitus

402 3248 629 3323 ἀρχηγῷ
661 3250 833 3321 ὀργῆς
863 3249 1171 3320 ἐπεπράχει
1218 3251 1401 3320 πλήρη
1434 3250 1529 3303 καὶ
1564 3246 1745 3315 θυμοῦ
1776 3246 1986 3317 βαρϐα-

2092 3256 2149 3303 et
2184 3247 2382 3317 spiritu
2413 3247 2703 3302 barbarico
2742 3246 2937 3316 plenus
2967 3246 3116 3316 (nam
3149 3244 3388 3300 maximo
3414 3245 3501 3300 sui
3537 3258 3641 3298 con
3662 3272 3676 3281 η
3720 3271 3739 3291 ι

409 3343 562 3415 ρικοῦ
597 3342 831 3412 μεστόν*
864 3343 1262 3413 περιφρόνησιν
1293 3342 1404 3411 γὰρ
1461 3338 1659 3395 ἐαυτοῦ
1692 3341 1791 3408 τὴν
1829 3337 1984 3407 μεγί-

413 3458 546 3507 στην
580 3437 718 3493 εἶναι
747 3439 806 3491 τὸ
847 3441 1079 3510 πρᾶγμα
1107 3435 1286 3513 ᾠήθη,
1322 3435 1457 3504 πρὸς
1486 3434 1661 3505 μέσην
1689 3432 1858 3486 αὑτοῦ
1888 3430 1989 3500 τὴν

406 3531 707 3605 ἡγεμονίαν
766 3533 859 3584 καὶ
916 3530 1278 3599 ἐπικράτειαν
1330 3530 1583 3596 γεγονός·
1641 3526 1736 3584 καὶ.
1765 3521 1991 3593 πέμψας

407 3622 848 3681 ἀπαλλάττεσθαι
887 3622 981 3677 τοῦ
1012 3622 1218 3676 οἰκείου
1247 3621 1416 3674 τόπου
1451 3619 1550 3689 τὴν
1573 3617 1839 3689 ταχίστην
1868 3614 1992 3668 ἐκέ-

409 3720 535 3774 λευε
565 3723 691 3780 τοὺς
727 3716 1014 3781 Λατίνους.
1064 3716 1127 3768 υἱ
1162 3715 1220 3769 δὲ
1253 3713 1389 3784 πρὸς
1449 3712 1589 3766 ὅπλα
1618 3712 1992 3782 χωρήσαντες,

410 3817 506 3870 καὶ
537 3817 635 3885 τὴν
662 3814 817 3868 πόλιν
864 3812 1324 3880 ἀσφαλισάμενοι,
1382 3807 1613 3879 τραχέσι
1662 3805 1845 3870 λόγοις
1900 3804 1996 3856 καὶ

410 3907 784 3977 ὑπερηφάνοις
811 3906 936 3969 τοὺς
961 3904 1223 3974 πρέσϐεις
1253 3899 1610 3969 ἀπέπεμψαν.
1643 3897 1814 3950 Τοῦτο
1859 3897 1996 3966 πρδς

413 4001 651 4071 ἐσχάτην
683 4000 914 4068 ἐξέμηνε
945 3999 1035 4050 τὸν
1059 3994 1274 4063 Σκύθην
1305 3993 1480 4064 ὀργὴν
1513 3991 1628 4045 ἐτιο
1665 3991 1760 4043 καὶ
1798 3991 1996 4059 μοῖραν

411 4094 814 4163 ἀπολεξάμενος
845 4091 1148 4158 Σκυθικὴν,
1180 4088 1277 4142 καὶ
1315 4087 1462 4156 μάλα
1490 4084 1680 4155 ἄλλην,
1716 4083 1821 4136 οὐκ
1853 4082 1997 4134 ἀνίει

412 4186 649 4255 πέμπων
707 4185 874 4255 ἄλλην
926 4184 1014 4236 ἐπ’
1043 4182 1182 4254 ἄλλῃ
1247 4179 1418 4252 συχνὰ
1473 4178 1611 4249 πρὲς
1666 4175 1999 4244 πολιορκίαν

415 4280 620 4335 αὐτῶν.

489 4372 575 4443 |P.
607 4369 734 4443 4‘29]
788 4373 880 4439 ς’.
921 4368 1065 4428 Ἀλλ’
1091 4368 1289 4425 ἐκεῖνοι
1327 4365 1427 4430 τὰς
1486 4364 1745 4430 ἐπάλξεις
1791 4361 2006 4415 ἔνδοθεν

360 4500 377 4513 ι
417 4463 869 4534 καταφράξαντες
899 4461 1129 4531 ἀνδράσι
1160 4459 1256 4514 καὶ
1302 4458 1492 4521 ὅπλοις
1518 4459 1613 4512 καὶ
1643 4457 1783 4509 πᾶσι
1822 4471 2007 4526 μηχα-

417 4556 657 4627 νήμασιν
687 4554 971 4623 ἐκηϐὁλοις
1002 4551 1172 4606 πολλά
1214 4551 1327 4605 τῶν
1360 4551 1647 4607 Σκυθικῶν
1686 4547 2005 4617 κατεγέλων

2095 3347 2302 3408 temptu
2338 3337 2543 3393 factum
2572 3352 2695 3392 esse
2722 3337 2902 3398 duxit,
2929 3344 2988 3391 ut
3015 3337 3070 3391 in
3095 3334 3280 3391 medio
3308 3349 3411 3390 suo
3442 3333 3693 3404 imperiu-

2094 3430 2384 3500 mediaque
2418 3430 2627 3485 ditione
2680 3428 2893 3484 facinus
2937 3427 3074 3483 illud
3105 3427 3567 3499 perpetraretur),
3601 3426 3689 3481 ad:

2090 3523 2321 3578 Latinos
2351 3522 2540 3590 mittit,
2567 3522 2661 3592 qui
2696 3522 2926 3593 jubeant
2956 3521 3230 3577 facessere
3267 3536 3365 3577 eo;
3395 3520 3651 3591 quampri
3671 3549 3684 3559 -

2095 3628 2246 3667 mum
2294 3613 2367 3667 ab
2413 3613 2509 3668 illo
2563 3613 2707 3678 loco,
2760 3620 2952 3684 utpote
3005 3626 3130 3667 suo.
3178 3612 3247 3666 At
3298 3611 3376 3665 illi
3425 3610 3697 3665 adtarma

2097 3716 2252 3768 eunt,
2289 3706 2612 3775 munitaque
2663 3705 2803 3760 urbe
2854 3708 3065 3777 legatos
3098 3719 3292 3775 aspere
3337 3719 3400 3758 ac
3445 3702 3687 3773 superbe

2097 3799 2324 3857 allucuti
2355 3798 2666 3852 dimittunt.
2706 3796 2764 3852 Id
2796 3814 2931 3853 vero
2962 3797 3222 3868 Scytham
3255 3795 3685 3851 vehementissio

2102 3908 2188 3945 ma
2235 3891 2315 3945 ira
2363 3893 2546 3945 denuo
2590 3890 2808 3946 efferat.
2856 3890 3187 3962 Scytharum
3236 3890 3423 3960 itaque
3474 3898 3687 3960 partem

2100 3982 2269 4051 686
2294 3982 2457 4050 legit;
2492 3990 2607 4034 tum
2639 3980 2800 4035 aliam
2829 3983 3015 4035 statim
3059 3979 3330 4052 adiungit,
3360 3995 3463 4034 nec
3507 3990 3712 4037 cessat.

2070 4146 2083 4155 ί
2102 4075 2242 4131 alios
2272 4089 2440 4144 super
2470 4074 2612 4130 alios
2640 4073 2863 4129 mittere
2896 4074 3089 4129 urbem
3127 4068 3475 4133 Obsessuros.

2181 4367 2269 4424 VI.
2303 4368 2366 4421 AI
2395 4366 2451 4421 hi
2482 4365 2700 4422 munito
2724 4365 3026 4420 introrsum
3054 4352 3361 4419 vallokviris
3385 4362 3721 4430 armisque»

2111 4478 2177 4518 ac
2222 4462 2513 4517 tormentis
2564 4457 2983 4530 cuiusquemodi
3055 4455 3382 4519 missilibus,
3437 4451 3694 4525 Scythica

2114 4557 2218 4612 tela
2251 4570 2478 4626 prorsus
2508 4552 2837 4608 irridebant.
2868 4551 2949 4606 Ad
2986 4538 3122 4616 haec,
3151 4550 3281 4620 quia
3311 4547 3481 4604 maris
3523 4547 3699 4617 impe-

420 4648 613 4720 βελῶν.
651 4648 860 4710 Ἀλλως
879 4663 941 4705 τε
979 4644 1071 4703 καὶ
1098 4642 1671 4714 θαλαττοκρατοῦντες
1695 4639 1874 4706 αὐτοὶ,
1906 4641 1986 4695 κα¹

2111 4649 2196 4704 rio
2237 4648 2614 4719 potiebantur,
2659 4656 2715 4701 et
2762 4661 2945 4700 rerum
2988 4633 3428 4698 necessariarum
3476 4639 3695 4710 cupiam

418 4742 520 4811 τὴν
549 4740 658 4794 τῶν
680 4737 1002 4809 ἐπιτηδείων
1028 4735 1293 4805 ἀφθονίαν
1321 4737 1386 4789 ἐκ
1409 4733 1689 4803 θαλάσσης
1717 4732 2008 4804 ἐσκομιζό-

424 4849 601 4903 μενοι,
646 4832 774 4902 περὶ
838 4829 1127 4899 ἐλαχίστου
1154 4828 1256 4891 τάς
1287 4826 1394 4881 τῶν
1426 4825 1655 4883 Σκυθῶν
1689 4826 1916 4894 ἐφόδους
1949 4843 2010 4881 τε

334 4980 337 4983 ,
422 4925 518 4976 καὶ
552 4920 1177 4992 περιστρατοπεδεύσας
1200 4919 1466 4972 ἐτίθεντο·
1501 4915 1598 4972 καὶ
1628 4918 1692 4973 τό
1709 4936 1773 4988 γε
1799 4920 2011 4991 μεῖζον,

421 5016 504 5071 ὅτι
538 5016 793 5087 τριήρεσι
817 5014 1100 5078 πλείσταις
1143 5012 1537 5084 περιπλέοντές
1573 5030 1634 5066 τε
1688 5012 1788 5069 καὶ
1834 5031 2013 5085 παρα-

423 5107 682 5170 πλέοντες
735 5107 915 5160 πᾶσαν
958 5104 1057 5176 τὴν
1106 5105 1217 5159 τῶν
1245 5104 1473 5166 Σκυθῶν
1502 5105 1785 5174 παραλίαν
1815 5105 1912 5159 δύο
1934 5103 2012 5162 τὰ

423 5198 784 5271 χαλεπώτατά
817 5215 970 5268 σφισι
1001 5196 1335 5268 προύξένουν
1357 5214 1370 5229 ·
1412 5197 1471 5250 ἐν
1493 5197 1636 5266 ίμένο,
1666 5198 1748 5252 ὅτι
1779 5197 2009 5270 μηδαμῆ

423 5292 710 5362 καταίρειν
736 5291 842 5344 τῶν
872 5289 1169 5361 φορτηγῶν
1192 5289 1440 5344 ὁλκάδων
1462 5290 1577 5344 οὐδ’
1604 5289 1858 5360 ἡντινοῦν
1886 5309 2010 5344 συν-

424 5385 670 5459 εχώρουν
697 5382 904 5453 ἀγορᾶς
934 5383 1033 5435 καὶ
1063 5381 1319 5452 πράσεως
1343 5382 1511 5443 ἕνεκα
1529 5399 1543 5413 ·
1567 5380 1596 5434 ὃ
1623 5381 1833 5452 σφόδρα
1861 5380 2010 5435 ἐκεί-

428 5493 554 5539 νους
579 5476 789 5540 ἐλύπει,
815 5475 876 5528 τό
898 5492 958 5533 τε
993 5474 1317 5545 περιττεῦον
1348 5474 1608 5545 ἀνόνητον
1656 5475 1882 5545 ἔχοντας
1916 5478 2014 5531 κα).

426 5569 488 5622 τὸ
524 5569 707 5627 ἐνδέον
758 5569 1156 5638 ἁνεπινόητον·
1213 5568 1469 5639 δεύτερον
1507 5569 1578 5633 δ’,
1631 5569 1714 5623 ὅτι
1774 5569 2013 5623 καὶτῶν

426 5660 565 5715 νεῶν
592 5660 1142 5733 ἐκπηδῶντεςένίοτε
1181 5661 1279 5720 καὶ
1305 5658 1521 5732 ἐνιαχοῦ
1573 5660 1775 5734 πολλὴν
1818 5660 1882 5716 ἐκ
1913 5663 2013 5733 τῆς

2110 4757 2330 4799 omnem
2359 4740 2466 4797 sibi
2500 4740 2632 4795 inde
2672 4737 3089 4808 comparabant,
3124 4734 3332 4791 idcirco
3365 4733 3715 4805 Scytharum.

2111 4833 2378 4903 impetum
2411 4840 2467 4887 et
2500 4831 2926 4887 circumstantes
2958 4827 3242 4884 exercitus
3272 4823 3491 4879 minimi
3525 4821 3699 4878 facie~

2112 4925 2246 4980 bant
2275 4942 2288 4978 :
2325 4931 2381 4980 et
2413 4922 2559 4995 quod
2594 4922 2773 4993 majus
2799 4929 2903 4985 est,
2931 4917 3255 4974 triremibus
3277 4914 3709 4987 quampluritnis

2115 5024 2283 5072 totam
2315 5016 2655 5087 Scytharum.
2678 5012 3011 5069 maritimam
3042 5025 3197 5066 oram
3227 5010 3437 5065 circum
3469 5021 3536 5061 ac
3564 5021 3704 5077 prae-

2119 5120 2203 5166 ter
2232 5108 2395 5175 vecti,
2427 5108 2704 5179 duplicem
2739 5107 2849 5162 illis
2896 5105 3208 5161 molestiam
3259 5116 3494 5173 eamque
3530 5099 3704 5155 maxi~

2119 5218 2264 5258 tuam
2294 5201 2634 5265 exhibebant
2674 5218 2689 5256 :
2737 5201 2917 5270 primo
2947 5201 3078 5270 quia
3108 5213 3385 5268 nusquam
3417 5193 3700 5264 appellere

2118 5294 2336 5352 emendi
2364 5309 2428 5349 ac
2451 5292 2724 5349 vendendi
2751 5306 2917 5347 causa
2942 5291 3295 5361 patiebantur
3312 5302 3507 5344 navem
3534 5285 3702 5341 ullam

2122 5384 2467 5447 onerariam;
2497 5383 2641 5454 quod
2671 5383 2808 5441 istos
2835 5383 3062 5454 quidem
3092 5381 3252 5439 valde
3286 5379 3546 5449 angebat.
3578 5375 3706 5447 qui-

2123 5479 2246 5534 bus.
2278 5477 2506 5533 minime
2554 5477 2687 5532 utile
2725 5488 2872 5533 esset
2916 5476 2991 5543 id,
3049 5492 3176 5546 quo-
3210 5471 3581 5533 abundarent,
3640 5480 3707 5525 ae

2122 5573 2350 5627 minime
2379 5570 2623 5642 parabile
2649 5572 2723 5638 id,
2744 5587 2856 5642 quo
2877 5578 3142 5641 egerent:
3170 5567 3369 5623 deinde
3393 5565 3542 5634 quia-
3554 5565 3678 5619 navi

2122 5663 2230 5721 bus
2256 5664 2571 5723 exsilientes
2601 5663 2900 5735 aliquando
2927 5671 2984 5720 et
3016 5662 3185 5720 certis
3213 5661 3269 5718 in
3309 5656 3709 5716 locismultum

1786 5802 2125 5867 Variorum
2165 5811 2352 5867 notae.
2408 5818 2411 5821 '

505 5924 617 5998 (22)
652 5925 950 5985 Cantacuz.
980 5926 1118 5984 ibid.
1151 5941 1275 6001 pag.
1304 5927 1430 5984 812.
1461 5927 1696 5987 Ducam.
