4070 6442
405 377 510 462 Qu
737 436 773 456 Δ
805 372 878 446 [Α.
922 388 970 429 c.
1012 371 1176 444 1544]

1433 374 1877 436 BYZANTINJE
1918 370 2309 433 HlSTOliLE
2346 369 2486 429 LIB.
2518 370 2644 429 XIV

2770 363 2904 435 [ιιιιι.
2945 380 2989 418 ι.
3033 378 3272 420 ιιλωεοι..
3312 363 3374 431 Η

3557 364 3666 434 ιιι

403 497 505 570 τήν
526 511 587 548 τε
625 494 734 547 τῶν
774 491 1053 563 πολεμίων
1087 491 1313 562 βαρεῖαν
1361 489 1598 560 ὁρῶντες
1648 487 1835 555 ἔφοδον
1883 488 1979 540 καὶ

2100 499 2241 553 pars,
2270 497 2394 537 cum
2425 492 2480 536 et
2502 482 2742 536 hostium
2780 482 2926 537 vires
2988 482 3353 538 validissimus
3413 483 3665 539 videri-ut

406 589 526 660 ἃμα
580 585 671 641 τὸν
710 584 856 638 ἔνδον
893 583 1049 654 λιμὸν
1089 582 1175 655 [Ρ.
1225 581 1353 655 4441
1389 582 1645 650 πολέμιον
1692 580 1988 651 ἡγούμενοι

406 679 651 750 χείρονα.
692 675 950 745 καὶπρὸς
976 691 1040 742 γε
1072 675 1199 747 τοὺς
1225 672 1440 729 ἑαυτῶν
1469 672 1813 741 ἱπποκόμους
1848 672 1989 739 ἀκη-

408 767 593 833 κοότες
627 767 764 839 ὁμοῦ
788 769 900 830 τοῖς
931 766 1124 828 ἵπποις
1149 764 1346 835 ἀθρόον
1367 766 1425 828 ὲς
1468 762 1810 817 ’Δπόκαυκον
1826 762 1988 831 ηὐτο-

410 861 743 933 μοληκότας,
795 857 1028 930 δρασμῷ
1056 875 1116 911 τε
1146 858 1455 928 ἐχρήσαντο
1492 858 1586 909 καὶ
1610 857 1764 909 αὐτοὶ
1792 855 1887 908 καὶ
1913 853 1990 923 τῷ

406 953 515 1007 τῶν
530 952 810 1023 πολεμίων
833 954 1036 1022 προσερ
1045 950 1254 1023 ρύησαν
1285 946 1658 1020 στρατοπέδῳ,
1680 944 1775 1000 τοῦ
1798 946 1990 1016 θέρους

410 1046 470 1096 ὲν
500 1044 717 1111 ἀκμαῖς
742 1041 897 1104 ὄντος
929 1041 1032 1112 ἤδη
1058 1039 1152 1094 τοῦ
1186 1042 1357 1094 σίτου.
1387 1038 1498 1093 Καὶ
1527 1034 1598 1108 ἦν
1656 1038 1714 1090 ἑν
1739 1036 1800 1090 ού
1843 1035 1991 1107 μάλα

410 1133 677 1206 φορηταῖς
720 1132 792 1184 τὰ
850 1131 1119 1202 βασιλέως
1149 1129 1508 1201 περιστάσεσι
1544 1126 1872 1196 πράγματα,
1899 1126 1992 1179 καὶ

413 1229 598 1279 πᾶσαν
656 1225 833 1277 εἰπεῖν
868 1223 1225 1296 ἀνθρωπίνως
1285 1220 1660 1292 ἀποσειόμενα
1708 1217 1992 1285 σώζουσαν

411 1318 761 1391 προσδοκίαν.

482 1406 555 1461 Δ’.
601 1409 692 1460 Ἑν
717 1407 984 1468 τοιούτοις
1035 1405 1082 1459 δ’
1131 1404 1246 1458 δντι
1282 1402 1617 1475 τῷβασιλεῐ
1657 1407 1769 1467 τοῖς
1797 1404 1993 1468 δεινοῖς

414 1499 764 1570 προσετίθετο
791 1499 884 1552 καὶ
913 1499 945 1568 ἡ
973 1497 1083 1550 τῶν
1123 1495 1243 1566 ἅμα
1273 1496 1422 1566 αὐτῷ
1470 1494 1823 1563 στρατιωτῶν
1856 1494 1993 1563 ὁμοῦ

412 1596 506 1647 καὶ
537 1586 861 1661 στρατηγῶν
913 1591 1008 1643 καὶ
1052 1586 1334 1657 συγγενῶν
1383 1587 1652 1651 ἐπίθεσις.
1709 1587 1838 1656 ’ἰδίᾳ
1883 1590 1994 1659 γὰρ

413 1685 729 1753 προσιόντες
759 1682 982 1736 ἕκαστοι
1011 1680 1100 1734 διὰ
1133 1681 1229 1737 τὸν,
1252 1679 1452 1750 καιρὸν
1477 1679 1724 1744 καὶτοὺς
1749 1680 1996 1747 ἑφεστῶ-

411 1794 510 1839 τας
544 1774 828 1835 κινδύνους
854 1773 1102 1844 ἀπῄτουν
1129 1772 1180 1824 οἱ
1208 1771 1307 1842 μὲν
1334 1769 1563 1838 Λέσϐον,
1592 1769 1642 1823 oi
1666 1770 1724 1824 δὲ
1754 1770 1993 1840 Λῆμνον,

2092 573 2414 637 adventare,
2441 583 2499 630 et
2534 572 2696 627 simul
2724 572 2948 633 famem.
2986 589 3106 642 quae
3164 574 3315 629 intus
3339 585 3478 641 erat,
3530 592 3671 644 quo-

2093 662 2228 718 libet
2259 663 2511 734 pejorem~
2534 663 2694 718 hoste
2748 663 3036 729 ducerent,
3081 664 3447 735 audirentque
3500 667 3669 720 etiam

2092 770 2362 826 agasones
2385 770 2516 810 suos
2543 769 2671 811 cum
2700 756 2861 826 equis
2907 756 2975 810 ad
3030 756 3385 825 Apocaucum
3443 767 3671 827 repente

2094 845 2474 917 transfugisse,
2532 846 2720 917 fugam
2773 855 2827 901 et
2888 847 2988 916 ipsi
3027 859 3382 917 capessentes
3409 849 3574 919 709
3601 851 3671 904 ad

2092 946 2271 992 castra
2300 938 2535 992 hostium
2570 936 2879 1004 conﬂuunt,
2939 947 3130 993 testate
3184 953 3258 995 et.
3307 939 3515 996 adultis
3556 941 3671 1010 jam

2093 1016 2371 1098 lrugibus.
2391 1030 2674 1100 Erantque
2710 1044 2797 1084 res
2822 1030 3175 1100 imperatoris
3208 1030 3264 1084 in
3295 1046 3391 1086 eas
3419 1031 3673 1086 adducta:

2094 1121 2398 1190 angustias,
2426 1136 2550 1192 quae
2577 1121 2669 1175 vix
2692 1129 2881 1177 essent
2903 1123 3425 1194 tolerabiles,atquc
3446 1140 3666 1179 omnem

2094 1212 2417 1270 humanitus
2444 1214 2641 1270 salutis
2676 1228 2835 1285 spem
2868 1214 3249 1271 excluderent.

2165 1398 2253 1453 Ν.
2281 1395 2362 1452 Ad
2397 1398 2487 1452 illa
2537 1397 2808 1467 pericula,
2873 1397 2932 1451 in
2972 1396 3179 1468 quibus
3208 1399 3539 1455 versabatur
3570 1402 3676 1457 im.

2096 1499 2335 1558 perator,
2375 1491 2608 1546 accessit
2640 1491 2808 1547 etiam
2839 1504 3032 1547 eorum
3063 1492 3159 1562 qui
3185 1506 3307 1547 cum
3338 1494 3458 1563 ipso
3494 1505 3672 1560 erant,

2096 1589 2206 1637 tam
2239 1584 2476 1639 militqu
2503 1600 2667 1654 quam
2699 1587 2904 1642 ducum
2924 1624 2940 1650 ,
2977 1601 3042 1643 ac
3077 1590 3522 1644 necessariorum
3575 1590 3676 1643 im-

2074 1684 2339 1753 .portuna
2371 1677 2714 1733 sollicitatio.
2768 1679 3034 1734 Privatim
3085 1679 3237 1735 enim
3295 1683 3677 1752 unusquisque

2095 1766 2390 1833 adeuntes,
2422 1754 2662 1839 propter.
2685 1768 2867 1839 ipsum
2902 1784 3090 1825 rerum
3142 1781 3346 1826 statum
3380 1780 3439 1828 et
3490 1774 3676 1827 itumi-

412 1870 463 1922 οἱ
497 1868 553 1920 δὲ
603 1867 771 1920 Xiov'
800 1866 949 1920 ἄλλοι
996 1863 1043 1918 δ’
1087 1860 1225 1917 ἄλλα
1252 1879 1313 1915 τε
1347 1861 1523 1934 χωρία
1564 1863 1660 1915 καὶ
1717 1861 1992 1931 προσόδων

2100 1859 2286 1915 nantia
2314 1860 2580 1930 pericula,
2622 1862 2882 1932 petebant
2912 1863 3018 1918 sibi
3052 1862 3109 1918 bi
3136 1863 3376 1931 Lesbon,
3406 1865 3674 1921 Lemnum

413 1959 694 2027 εὐπορίας,
730 1958 864 2018 τέως
924 1955 1024 2027 μὲν
1058 1956 1116 2008 ἐν
1159 1953 1387 2023 ἐγγύαις
1438 1954 1739 2024 ἐγγράφοις
1766 1969 1781 1986 ’
1830 1954 1918 2007 ὅτε
1952 1953 1995 2006 δ’

416 2047 688 2119 ἐγκρατὴς
730 2045 986 2111 καθάπαξ
1008 2047 1107 2115 τῆς
1136 2046 1267 2113 ὅλης
1298 2044 1507 2112 γένοιτο
1533 2044 1830 2114 βασιλείας,
1874 2045 1998 2096 επι-

414 2142 542 2208 τελῆ
574 2142 665 2193 καὶ
698 2141 768 2192 τὰ
810 2141 869 2191 ἐν
898 2139 1127 2207 ὲγγύαις
1173 2136 1567 2206 ἐπηγγελμένα
1611 2135 1995 2190 καθίστασθαι.

416 2232 570 2303 Μηδὲ
596 2232 704 2302 γάρ
742 2230 830 2285 ἔπ’
858 2231 1076 2302 ἀδήλοις
1125 2229 1340 2283 ἐλπίσιν
1383 2226 1528 2281 οὕτω
1563 2227 1913 2282 διακυϐεύειν
1940 2230 2000 2282 τὸ

417 2322 540 2397 ζῇν.
565 2327 624 2378 ἐν
650 2322 952 2393 ὀφθαλμοῖς
990 2322 1092 2394 ἤδη
1123 2321 1231 2375 τῶν
1279 2319 1542 2375 κινδύνων
1581 2319 1851 2385 ἑστώτων,
1888 2320 1998 2373 οἴε-

418 2420 542 2472 σθαι
574 2418 673 2488 τὴν
699 2414 792 2471 τοῦ
832 2416 1110 2487 βελτίστου
1151 2415 1305 2483 σφίσι
1337 2415 1531 2484 μοῖραν
1565 2413 1836 2485 ἱδρῦσθαι,
1882 2414 2000 2468 ἀλλ’

416 2509 679 2580 ἐνέχυρον·
701 2504 841 2561 εἷναί
874 2524 928 2559 τι
961 2506 1202 2574 βέϐαιον,
1243 2496 1307 2557 οὗ
1340 2505 1646 2575 πριάμενος
1693 2504 1761 2558 ἀν
1792 2521 1875 2568 τις
1907 2508 2000 2558 τὸν

418 2602 648 2655 θάνατον
686 2597 1044 2667 ἀνεπίφθονον
1078 2595 1208 2667 γοῦν
1247 2595 1347 2666 τὴν
1393 2595 1503 2648 τῶν
1538 2595 2000 2665 περιλειφθέντων

416 2696 592 2765 ψῆφον
621 2692 736 2764 ἔχοι
762 2688 1130 2763 καρποῦσθαι.

488 2954 566 3013 E'.
608 2955 854 3013 Τοιαῦτά
886 2971 950 3025 γε
981 2956 1087 3025 μὴν
1114 2953 1440 3009 ἀπαιτοῦσιν
1486 2953 1718 3018 ἐκείνοις
1746 2954 1882 3024 πρὸς
1911 2955 2001 3007 οὐ-

415 3050 505 3104 ὁὶν
530 3047 739 3118 οὐδαμῆ
764 3063 829 3116 γε
850 3045 1106 3100 ἐνδιδόναι
1133 3045 1292 3115 ἐπῄει
1322 3043 1400 3115 τῷ
1472 3043 1706 3114 βασιλεῖ,
1739 3046 2001 3113 φάσκοντι

422 3142 499 3211 μὴ
525 3138 786 3193 δύνασθαι
813 3138 1109 3209 τάλλότρια
1143 3137 1282 3207 μήτε
1313 3136 1408 3190 νῦν
1433 3135 1836 3206 ὑπισχνεῖσθαι,
1862 3137 2001 3207 μήτε

422 3235 530 3302 μὴν
576 3231 720 3301 μετά
764 3245 829 3298 γε
856 3228 955 3299 τὴν
990 3231 1093 3295 τῆς
1146 3227 1578 3298 αὐτοκρατορίας
1610 3227 1918 3299 ἀντίληψιν,
1952 3230 2001 3280 εἰ

420 3325 651 3392 γένοιτο,
691 3321 978 3394 προῖεσθαι
1026 3323 1140 3383 τοῖς
1166 3319 1269 3373 οὐκ
1310 3320 1368 3373 ὲν
1401 3318 1544 3388 λόγῳ
1575 3318 1853 3390 ζητοῦσιν.
1890 3319 2005 3372 Νῦν

423 3415 526 3485 μὲν
552 3415 667 3484 γὰρ
695 3413 758 3465 τὸ
783 3414 1049 3483 παράπαν
1071 3410 1347 3483 ὑπάρχειν
1375 3409 1657 3481 ἀλλότρια,
1682 3409 2006 3484 πολιορκου-

423 3510 601 3579 μένων
630 3520 692 3558 τε
733 3504 955 3574 καὶζῆν
988 3501 1251 3572 ἀσφαλῶς
1295 3501 1522 3572 μηδαμῆ
1555 3517 1643 3555 πω
1691 3517 2007 3572 συγχωρου-

423 3600 601 3670 μένων
623 3613 640 3631 ·
673 3598 769 3651 καὶ
827 3596 949 3649 τότε
996 3594 1044 3647 δ’
1089 3587 1158 3650 αὖ
1216 3593 1404 3665 ἕτερον
1454 3592 1710 3663 ἀλλότρια
1758 3594 1959 3661 τρόπον
1986 3608 2001 3624 ·

421 3691 641 3744 πάντων
669 3688 779 3759 γὰρ
807 3685 968 3742 πάντ’
995 3683 1140 3739 εἶναι
1160 3686 1269 3739 τῶν
1292 3685 1630 3739 ὑπεικόντων
1662 3686 1728 3756 τῇ
1758 3683 2006 3756 βασιλείᾳ

419 3782 491 3836 τὰ
521 3783 617 3852 τῆς
651 3778 931 3851 βασιλείας
977 3778 1288 3848 πράγματα
1316 3791 1331 3808 ⁶
1373 3774 1485 3829 τῶν
1529 3775 1927 3846 βασιλευόντων
1959 3776 2003 3830 δ’

419 3872 507 3928 οὖ.
546 3869 642 3937 Οἷς
669 3871 764 3927 οὖν
796 3871 936 3942 πρὸς
984 3868 1295 3940 βουλήσεως
1333 3867 1421 3937 ειη
1465 3867 1534 3921 ἂν
1571 3867 1701 3931 τοὺς
1730 3867 2000 3937 παρόντας

425 3966 825 4036 συνδιενεγκεῐν
844 3948 999 4034 ’ἡμῖν
1051 3958 1160 4014 τῶν
1189 3958 1447 4013 κινδύνων
1488 3957 1765 4026 διαύλους,
1809 3958 1909 4011 οὐκ
1935 3959 2003 4013 ἂν

423 4057 803 4129 ἀμελήσωμεν
858 4052 969 4107 οὐδ’
1001 4051 1179 4118 αὐτοὶ,
1228 4055 1279 4105 εί
1338 4048 1724 4119 περιγενέσθαι
1768 4049 2000 4119 γένοιτο,

429 4149 506 4221 μὴ
546 4148 646 4200 οὐκ
678 4142 1022 4216 ἀμείψασθαι
1072 4142 1188 4205 τοῖς
1240 4140 1504 4211 ἀνήκουσι
1543 4139 1790 4209 τροποῖς,
1826 4139 2002 4193 ὁπόσα

426 4243 535 4295 τῶν
579 4239 665 4311 ἐφ’
696 4240 870 4310 ἡμῖν’
903 4232 986 4300 οἷς
1040 4235 1089 4287 δ’
1149 4232 1234 4297 οὓ,
1280 4232 1495 4297 τούτοις
1538 4231 1584 4285 δ’
1630 4232 1730 4287 οὐκ
1763 4234 1827 4287 ἀν
1883 4233 2002 4286 ποτ’

426 4334 846 4404 ὲνοχλήσαιμεν,
896 4329 1158 4399 ὁπότερον
1202 4324 1392 4380 ἓλοιντ’
1416 4324 1483 4381 ἂν
1529 4324 1684 4396 δρᾷν,
1719 4323 1827 4389 εἴτε
1866 4325 2004 4393 πρὸς

421 4425 522 4490 τάς
559 4424 668 4479 τῶν
691 4421 965 4493 πολεμίων
998 4417 1331 4489 ἐπαγγελίας
1364 4417 1708 4486 αὐτομολεῖν,
1741 4418 1851 4472 sits
1865 4417 1999 4470 καθ-

2099 1949 2219 2018 illi;
2258 1951 2350 2006 alii
2377 1951 2601 2019 Chium,
2634 1953 2728 2008 alii
2764 1953 3003 2023 denique
3034 1954 3155 2009 loca
3208 1955 3353 2021 alia;
3416 1965 3473 2012 et
3528 1959 3677 2011 unde

2099 2058 2215 2099 rem
2242 2044 2348 2100 sibi
2385 2045 2669 2113 facerent;
2707 2053 2872 2116 atque
2891 2056 2952 2101 ut
2977 2047 3202 2101 interim
3223 2047 3450 2118 quidem
3469 2050 3677 2119 scripto

2098 2133 2203 2188 sibi
2238 2142 2563 2199 caveretur;
2592 2135 2758 2190 simul
2788 2141 2972 2191 autem
3023 2144 3192 2206 atque
3224 2152 3411 2192 rerum
3466 2141 3675 2208 potitu-

2100 2239 2196 2279 rus
2224 2234 2392 2290 esset,
2430 2233 2491 2280 ut
2524 2227 2820 2295 promissa,
2875 2241 2999 2297 quae
3028 2228 3287 2285 cautione
3326 2228 3539 2284 lit-mata
3593 2248 3680 2285 es-

2100 2327 2249 2381 sent,
2311 2317 2702 2388 implerentur.
2758 2319 2950 2389 Neque
2996 2320 3170 2387 enim,
3217 2322 3344 2375 dum
3370 2332 3680 2392 sequuntur

2099 2420 2226 2476 spes
2253 2407 2518 2472 incertas,
2547 2407 2723 2463 aleam
2752 2409 2880 2463 vitre
2909 2410 3117 2477 subire,
3173 2411 3434 2484 periculis
3459 2412 3572 2484 jam
3607 2418 3678 2467 ob

2101 2497 2291 2553 oculos
2321 2499 2536 2568 positis,
2592 2500 2864 2570 optimum
2928 2501 3105 2557 videri
3159 2476 3266 2558 sibi
3304 2522 3318 2559 :
3352 2476 3682 2576 sed'piguus

2100 2587 2322 2657 aliquod
2351 2589 2571 2645 ﬁrmum
2599 2606 2720 2649 esse
2751 2592 2980 2658 debere,
3021 2608 3122 2663 pro
3151 2609 3262 2665 quo
3313 2604 3541 2651 mortem
3578 2602 3679 2651 ati-

2100 2680 2226 2747 quis
2280 2689 2472 2750 pactus
2530 2680 2725 2738 eorum
2775 2684 3011 2750 saltem,
3069 2687 3166 2756 qui
3218 2688 3546 2758 superstites
3595 2689 3683 2744 l‘u-

2107 2774 2218 2828 turi
2246 2787 2468 2843 essent,
2541 2777 2863 2850 sullragium
2895 2788 3204 2835 mereretur
3256 2781 3485 2837 minime
3538 2783 3681 2841 imi-

2051 2920 2067 2934 .
2100 2864 2341 2919 diosum.

2170 2955 2236 3011 Υ.
2269 2955 2397 3012 Haec
2420 2971 2548 3013 cum
2572 2957 2650 3012 illi
2673 2959 2980 3030 exigerent,
3032 2961 3335 3032 imperator
3356 2964 3496 3021 nihil
3517 2982 3679 3036 ιιιύτο

2101 3063 2196 3104 sus
2236 3049 2305 3104 iis
2357 3049 2666 3105 concedere
2727 3052 2992 3107 decrevit.
3052 3051 3256 3109 Aiebat
3306 3057 3477 3119 enim,
3534 3058 3678 3111 haut

2104 3154 2264 3209 posse
2295 3155 2377 3206 se,
2409 3156 2533 3212 quat
2554 3143 2733 3197 aliena
2758 3152 2965 3210 essent,
2997 3143 3114 3200 sive
3139 3147 3193 3200 in
3225 3149 3481 3216 praesenti
3516 3150 3680 3218 polli-

2106 3235 2243 3300 ceri,
2280 3234 2399 3291 sive
2425 3250 2683 3306 suprema
2702 3245 2973 3306 potestate
2995 3237 3103 3293 sibi
3128 3238 3197 3309 (si
3225 3240 3447 3308 quando
3471 3250 3681 3311 posset)

2105 3325 2403 3391 vindicata,
2426 3326 2497 3382 iis
2521 3327 2827 3398 indulgere,
2844 3329 2941 3399 qui
2963 3329 3150 3401 inique
3169 3340 3439 3400 peterent.
3465 3333 3680 3406 Quippe

2103 3433 2170 3474 ea
2199 3433 2350 3474 nunc
2374 3418 2602 3490 quidem
2635 3419 2814 3476 aliena
2850 3432 3082 3491 prorsus
3106 3436 3251 3487 esse,
3285 3439 3411 3478 cum
3441 3426 3543 3496 ipsi
3583 3429 3683 3484 ob-

2103 3510 2419 3567 siderentur
2449 3511 2685 3567 necdum
2720 3512 2830 3567 sibi
2863 3514 3078 3568 securis
3111 3516 3300 3570 vivere
3351 3498 3581 3587 liceret;
3617 3538 3684 3577 ac

2103 3608 2220 3656 tum
2247 3615 2444 3657 rursus
2470 3600 2592 3658 fore
2624 3601 2807 3660 aliena
2841 3603 2952 3658 alio
2987 3602 3172 3661 modo.
3218 3604 3439 3659 Etc-nint
3474 3623 3562 3663 res
3583 3609 3683 3664 im-

2102 3682 2492 3763 perii‘omnes
2554 3708 2666 3750 non
2722 3695 3113 3765 imperantium
3153 3712 3297 3763 esse,
3356 3702 3453 3753 sed
3485 3715 3682 3756 eorum

2103 3785 2374 3849 omnium,
2404 3787 2496 3857 qui
2525 3786 2762 3857 imperio
2791 3788 3028 3859 subjecti
3050 3790 3180 3844 sint.
3240 3789 3348 3870 Qui
3372 3792 3556 3862 itaque
3576 3802 3683 3849 no-

2105 3873 2317 3929 biscum
2349 3876 2513 3945 πο
2542 3876 2821 3932 voluerint
2844 3876 2900 3931 in
2942 3879 3204 3946 praesenti
3228 3881 3513 3936 curriculo
3535 3886 3683 3953 peri-

2105 3962 2307 4028 tlitari,
2341 3979 2445 4019 nec
2492 3966 2595 4034 ipsi
2628 3966 2877 4035 quidem,
2947 3966 3003 4022 si
3033 3982 3279 4038 unquam
3336 3973 3683 4029 evaserimus

2104 4059 2440 4126 superiores,
2471 4072 2569 4113 eos
2593 4066 2861 4127 quantum
2888 4059 2945 4114 in
2977 4060 3139 4114 nobis
3177 4063 3285 4115 erit
3309 4061 3474 4132 digne
3494 4080 3683 4121 remu-

2104 4149 2285 4203 nerari
2312 4150 2672 4220 negligemus.
2710 4151 2815 4217 Qui
2847 4163 3034 4208 autem
3067 4154 3373 4219 noluerint,
3404 4156 3473 4211 iis
3522 4162 3682 4230 equi—

2105 4239 2229 4293 dem
2260 4238 2405 4293 baud
2434 4255 2681 4310 unquam
2711 4244 3151 4308 suecensuerim,
3205 4245 3532 4302 utrumlibet
3569 4253 3683 4322 elc-

2104 4330 2304 4401 gerint,
2341 4333 2459 4388 sive
2491 4332 2733 4389 hostium
2761 4335 3047 4405 promissis
3067 4337 3275 4394 inducti
3297 4341 3640 4410 transfugere
3665 4361 3680 4409 ;

2107 4423 2227 4478 sive
2253 4422 2401 4479 domi
2441 4425 2703 4480 sedentes
2747 4425 2872 4482 telis
2911 4429 3109 4497 procul
3137 4430 3423 4486 absistere.
3476 4432 3547 4487 Et
3569 4434 3685 4488 haec

424 4518 658 4593 ημὲνους
703 4500 845 4570 οἴκοι
890 4515 1082 4590 πόρρω
1129 4510 1378 4581 γίνεσθαι
1435 4509 1626 4581 βελῶν.
1674 4510 1786 4563 Καὶ
1826 4509 1998 4565 ταῦτα

2105 4518 2328 4588 quidem
2367 4518 2441 4573 ita
2476 4533 2535 4573 se
2566 4518 2904 4574 habuerunt.

429 4614 527 4684 μὲν
557 4608 747 4665 τοῦτον
777 4605 902 4679 ἔσχε
927 4607 1018 4660 τὸν
1043 4604 1267 4676 τρόπον.

499 4704 593 4771 q'.
631 4700 841 4773 Χρόνου
879 4699 936 4753 δὲ
973 4698 1103 4769 περὶ
1127 4695 1229 4767 τὴν
1268 4693 1590 4766 πολιορκίαν
1644 4695 1840 4766 συχνοῦ
1870 4713 2004 4768 τρι-

425 4797 680 4869 ϐομένου,
713 4794 810 4847 καὶ
840 4792 976 4864 περὶ
1022 4791 1240 4852 ἀνέσεις
1280 4788 1696 4858 ἀσχολουμένων
1733 4789 1841 4857 τῶν
1869 4790 2005 4843 νέων

424 4896 481 4945 ὲν
506 4888 585 4960 τῷ
617 4887 726 4941 τῶν
762 4884 1042 4956 πολεμίων
1092 4883 1463 4952 στρατοπέδῳ,
1497 4878 1644 4945 ἔδοξε
1673 4880 1752 4951 τῷ
1785 4880 1879 4933 ἐπὶ
1909 4880 2005 4933 θυ-

425 4984 591 5056 γατρὶ
623 4976 719 5061 τοῦ
755 4975 1097 5033 ’Δποκαύκου
1126 4973 1362 5049 γυιμὸρῷ
1406 4972 1729 5044 Ἀνδρονίκῳ
1755 4971 1833 5042 τῷ
1886 4972 1999 5024 [ια.

424 5075 691 5145 λαιολόγῳ
723 5072 862 5145 (67),
886 5063 1208 5141 ἀναψύξεώς
1247 5084 1307 5121 τε
1335 5069 1519 5121 εἵνεκα
1548 5067 1642 5120 καὶ
1687 5065 2000 5135 φιλοτιμίας

424 5169 545 5240 ἅμα
571 5163 1029 5239 νεωτεριζούσης,
1058 5159 1459 5230 ἀποδυσαμένῳ
1497 5157 1853 5228 διανήξασθαι
1897 5158 2004 5233 πᾶν

423 5261 484 5313 τὸ
515 5259 609 5313 τοῦ
638 5253 888 5326 ποταμοῦ
919 5253 1123 5315 πλάτος
1172 5251 1404 5305 ἐκείνου.
1449 5250 1613 5306 Ἀλλά
1661 5250 1792 5317 πρὶν
1837 5253 2000 5318 μέσον

424 5352 679 5422 διαϐῆναι
728 5348 823 5402 τοῦ
879 5343 1128 5416 ποταμοῦ
1158 5342 1246 5415 [Ρ.
1277 5341 1408 5414 445]
1458 5341 1519 5394 τὸ
1568 5339 1773 5410 ῥόθιον,
1827 5343 2004 5411 νάρκῃ

424 5445 532 5500 τινὶ⁸
578 5440 832 5514 πεδηθεὶς
887 5437 990 5492 ὑπὸ
1038 5434 1266 5507 ψύχους,
1296 5434 1370 5500 ὡς
1425 5435 1621 5497 ἔοικεν,
1682 5430 1874 5501 ὥσπερ
1922 5448 2004 5495 τις

2180 4695 2267 4752 Vl.
2290 4697 2428 4755 Cum
2450 4697 2507 4753 in
2532 4697 2822 4754 obsidione
2847 4698 3079 4753 multum
3106 4703 3369 4772 temporis
3394 4713 3684 4768 tereretur,

2107 4796 2273 4860 atque
2305 4790 2358 4843 in
2394 4789 2636 4845 hostium
2675 4794 2873 4847 castris
2909 4793 3144 4863 juvenes
3179 4795 3474 4850 relaxaudo
3500 4800 3686 4849 animo

2108 4896 2330 4951 cperam
2369 4880 2600 4949 darent;
2654 4883 2834 4937 visum
2876 4892 2963 4939 est
2991 4885 3309 4942 Andronico
3357 4887 3683 4959 PalaeolOgo,

2109 4972 2206 5042 qui
2248 4974 2522 5042 Apoeauei
2560 4988 2731 5044 gener
2763 4985 2907 5041 erat,
2971 4983 3086 5031 tum
3115 4987 3283 5033 aestus
3318 4980 3685 5052 refrigerandi

2108 5079 2295 5132 causa,
2356 5073 2471 5119 tum
2525 5066 2787 5136 juvenilis
2839 5067 3129 5139 cujusdam
3175 5071 3425 5140 gloriolae
3475 5075 3685 5139 studio.

2104 5158 2285 5212 exutis
2314 5157 2581 5224 vestibus,
2613 5168 2788 5214 totum
2814 5160 2953 5215 illud
2983 5162 3210 5229 ﬂumen,
3237 5179 3400 5233 quam
3418 5163 3686 5220 latissime

2104 5260 2253 5320 putet
2284 5259 2594 5305 transnare.
2630 5251 2737 5307 Sed
2774 5262 3073 5323 antequam
3123 5263 3439 5325 superasset
3469 5255 3684 5310 medios

2109 5343 2262 5397 lluvii
2287 5344 2546 5411 vortices,
2573 5345 2835 5401 membris
2858 5355 3080 5417 torpore
3107 5352 3342 5416 quodam
3368 5362 3441 5401 ex
3480 5346 3685 5418 frigore

2102 5449 2188 5503 (ut
2243 5433 2479 5503 \idotur)
2533 5435 2789 5506 alligatis,
2835 5436 2994 5507 quasi
3040 5436 3401 5491 inanimatum
3457 5436 3682 5506 aliquod

1724 5567 2065 5628 Variorum
2108 5580 2294 5641 notua,

504 5681 614 5753 (67)
648 5678 702 5733 Is
728 5671 993 5755 dignitate
1025 5681 1392 5755 proto'strlator
1410 5681 1468 5726 et
1509 5671 1991 5755 StratOpedarcba,

426 5741 585 5823 cuj‘us
616 5764 723 5824 non
759 5741 934 5824 statuet
970 5741 1223 5824 meminit
1261 5743 1677 5824 Cantaenuzelt‘tus
1731 5741 1868 5795 locis
1909 5743 1995 5795 iu-

428 5812 623 5878 dicatis
655 5822 710 5876 in
753 5815 954 5871 Famii.
992 5814 1217 5885 Byzant.
1251 5828 1375 5884 pag.
1405 5812 1533 5867 25!.
1559 5812 1728 5882 Cujus
1763 5825 1995 5866 mortem

2106 5674 2299 5728 rcci.at.
2337 5675 2433 5729 lib.
2463 5692 2541 5738 ιιι,
2587 5692 2707 5745 cap.
2764 5676 2853 5743 Ἠ,
2916 5684 2972 5730 et
3000 5689 3219 5731 rursum
3248 5659 3544 5745 Gregoras,
3582 5674 3677 5727 lib.

2106 5760 2217 5809 xvn,
2253 5761 2376 5815 cup.
2412 5747 2462 5800 l.
2497 5749 2727 5801 Ducam.
3266 5780 3275 5787 ι
