4070 6490
435 364 539 432 943
717 363 792 433 [Α.
837 380 894 419 ιι.
936 364 1229 421 6852451).
1276 365 1363 437 1‘2]

1619 369 2033 436 NICEPHORI
2075 370 2465 437 GREGORxE

3564 339 3681 453 944’

2843 370 2976 445 [tum
3017 392 3059 431 ι.
3097 391 3339 434 nume.
3379 381 3432 454 ιι

440 480 683 549 pondus,
743 489 997 535 mortuus
1056 481 1112 534 in
1152 481 1259 534 ima
1310 495 1581 550 aquarum
1630 482 1847 538 delatus
1905 496 1992 541 est

2118 485 2325 557 ἄψυχος
2383 486 2599 555 φόρτος,
2632 487 2689 549 ἐς
2736 489 2859 551 τοὺς
2910 488 3018 543 τῶν
3052 490 3261 545 ὑδάτων
3303 494 3561 563 πυθμένας
3586 517 3663 553 νε.

436 573 679 655 liminum
712 572 816 626 hoc
842 571 949 625 fuit
980 572 1278 642 Apocauco
1339 572 1577 627 fortuna:
1609 574 1834 640 vulnus,
1901 575 2014 644 pri—

432 683 691 734 mumque
726 666 861 721 illud
889 666 1211 738 praesagium
1236 667 1471 732 exstitit,
1499 683 1610 738 quo
1646 679 1917 725 mutatum
1946 670 2013 725 iri

430 762 486 813 in
525 762 683 832 pejus
714 769 770 815 et
824 759 1080 815 funditus
1129 774 1385 816 eversum
1424 762 1489 815 iri
1550 762 1700 817 illius
1733 743 2011 819 fortunam

427 853 765 920 apparuerit.
956 906 965 917 κ

506 943 616 999 VII.
653 943 759 999 Sed
786 955 843 1000 et
876 945 1113 1000 alterum
1162 945 1298 1001 illud
1347 958 1614 1016 praeterea
1646 947 2010 1007 infortunium

429 1038 479 1091 ei
512 1037 733 1092 accidit.
762 1037 1004 1093 Joannes
1029 1038 1286 1104 Gabalas,
1332 1040 1522 1096 multis
1575 1041 1685 1112 jam
1720 1057 2013 1110 argumen-

427 1129 498 1183 tis
528 1144 653 1184 enm
681 1130 1053 1199 persensisset
1072 1130 1320 1185 cavillari
1348 1130 1727 1201 Apocaucum,
1749 1133 1844 1204 qui
1868 1133 2015 1189 ludi-

427 1221 641 1276 ticando
699 1221 1022 1277 ostenderet
1089 1223 1249 1287 satis,
1305 1225 1534 1280 minime
1583 1226 1725 1282 velle
1755 1242 1814 1282 se
1841 1228 2008 1282 ﬁliam

424 1329 580 1368 Suam
614 1314 703 1368 isti
769 1316 1129 1385 despOnsam;
1199 1317 1513 1372 clanculum
1571 1318 1638 1373 ad
1689 1319 2007 1389 imperatri-

424 1420 542 1457 cem
580 1406 794 1459 Annam
825 1406 1037 1463 accedit
1062 1408 1223 1477 eique
1246 1407 1477 1473 indicat,
1505 1409 1709 1465 habere
1740 1411 1797 1465 in
1821 1410 2008 1485 animo

423 1498 803 1565 Apocaucum,
861 1500 1160 1555 transferre
1192 1501 1247 1555 in
1285 1494 1565 1570 prepriam
1611 1505 2008 1576 arcem‘hujus

374 1597 383 1603 '
425 1591 597 1643 tilium
636 1590 1050 1660 imperatorem,
1085 1602 1250 1662 atque
1281 1593 1332 1648 ei
1365 1592 1535 1649 filiam
1567 1609 1728 1651 suam
1769 1599 2010 1666 patriar-

422 1685 541 1738 clm
573 1686 885 1738 interventu
927 1699 1155 1739 uxorem
1188 1684 1343 1741 dare.
1377 1685 1647 1743 «Necesse
1680 1696 1765 1743 est
1816 1687 2007 1759 itaque

423 1777 675 1846 (inquit),
740 1785 801 1829 ut
854 1776 1010 1831 illum
1064 1778 1223 1847 711
1282 1778 1549 1834 Perintho
1593 1781 2003 1851 quamprimum

420 1884 690 1933 arcessas,
726 1878 1021 1940 antequam
1064 1870 1276 1925 retibus
1306 1870 1491 1939 praeda
1524 1872 1736 1927 inclusa
1769 1872 1894 1928 sit.»
1938 1885 1966 1918 ο

505 1952 643 2015 Vlll.
675 1960 729 2014 ld
756 1973 884 2015 eum
919 1961 1103 2016 statim
1129 1970 1275 2016 esset
1297 1961 1629 2031 perfectum,
1660 1965 1836 2020 sensit
1853 1965 2003 2035 Apo-

417 2066 620 2107 caucns
653 2052 953 2119 patefactae
982 2066 1106 2107 esse
1155 2050 1407 2115 insidias,
1470 2064 1638 2124 atque
1678 2056 1828 2112 illico
1885 2066 2000 2112 sta-

422 2144 545 2205 tuit,
580 2143 758 2198 soluta
790 2143 880 2198 illa
910 2143 1224 2210 obsidione,
1260 2143 1586 2216 Byzantium
1613 2162 1777 2217 quam
1826 2149 2003 2205 celer-

417 2235 557 2290 rime
585 2235 862 2301 redire,ac
883 2233 958 2289 ita
980 2235 1289 2306 periculum
1313 2236 1609 2294 imminens
1626 2248 1998 2296 antevertere.

419 2328 662 2382 lte'verso
695 2328 881 2397 itaque
909 2326 1087 2382 visum
1113 2336 1222 2389 est.
1255 2339 1554 2399 antequam
1586 2331 1763 2386 oculis
1788 2333 2002 2402 pudore

414 2416 640 2475 sull'usis
672 2420 1080 2495 imperatricem
1108 2421 1401 2490 aspiceret,
1434 2430 1638 2493 magna
1666 2425 1917 2494 pecuniae
1945 2426 2000 2480 vi

413 2510 819 2564 circumvenire
852 2510 1061 2565 aulicas
1113 2512 1398 2579 mulieres,
1462 2528 1696 2584 quarum
1761 2516 1997 2572 maxima

416 2612 546 2657 tunc
574 2611 696 2657 erat
721 2602 1046 2666 auctoritas,
1106 2612 1161 2657 et
1203 2619 1368 2659 omne
1414 2606 1580 2660 simul
1637 2606 1994 2675 famulitium,

412 2693 558 2763 quod
620 2693 1027 2760 imperatoriam
1076 2693 1303 2749 domum
1352 2695 1630 2766 impleret.
1689 2696 1845 2764 Quod
1868 2714 1994 2753 cum

411 2785 507 2839 ille
535 2800 749 2838 summa
779 2782 1061 2854 diiigentia
1087 2785 1333 2852 fecisset,
1402 2803 1466 2843 ac
1517 2804 1618 2859 per
1678 2791 1801 2846 illas
1824 2768 1994 2847 eiiam

409 2877 745 2946 imperatrici
779 2878 1144 2948 promisisset,
1194 2879 1494 2934 allaturum
1532 2895 1590 2937 se
1621 2882 1994 2952 pulcherrima

407 2981 464 3026 ct
498 2970 893 3040 pretiosissima
921 2971 990 3027 de
1021 2972 1137 3027 suis
1169 2973 1447 3029 thesauris
1493 2988 1748 3040 munera,
1800 2977 1992 3045 pristi-

410 3078 535 3118 nam
568 3064 945 3141 dignationem
987 3050 1218 3134 Fecepit.
1277 3065 1417 3121 Tum
1467 3066 1736 3123 festinans
1793 3069 1993 3123 muniit

2032 1839 2080 1899 B

2118 578 2246 646 κρδς
2301 580 2718 650 κατενήνεκται.
2778 581 2976 654 Πρώτη
3034 584 3135 652 μὲν
3178 579 3273 637 οὖν
3324 585 3455 657 αὕτη
3492 591 3661 658 γέγονε

2117 673 2343 745 θραῦσις
2390 673 2722 745 ’Δποκαύκῳ
2753 675 2850 746 τῆς
2892 674 3049 745 δόξης
3078 679 3175 731 καὶ
3218 676 3333 747 ἅμα
3363 683 3666 751 προαναφώ-

2113 782 2271 834 νησις
2300 765 2399 836 τῆς
2447 765 2540 818 ἐπὶ
2587 766 2655 819 τὰ
2684 767 2852 838 χείρω
2900 767 3205 839 μεταϐολῆς
3247 770 3342 822 καὶ
3384 787 3665 842 καταστρε-

2113 874 2223 926 φης
2230 896 2244 912 ·
2886 925 2893 931 ,

2184 945 2259 1002 Ζ’.
2287 947 2555 1021 Δεύτερον
2578 948 2623 1003 δ’
2648 948 2741 1004 ἐπὶ
2765 950 2941 1023 τούτῳ
2970 953 3385 1007 συνεπεπτώκει
3409 939 3484 1018 τῷ
3523 957 3666 1008 Ἀπο-

2111 1039 2303 1111 καύκῳ
2352 1041 2675 1112 δυστύχημα
2709 1042 2849 1096 τόδε.
2876 1041 2934 1097 '0
2964 1044 3218 1109 Γαϐαλᾶς
3261 1048 3503 1118 ’Ῑωάννὴς
3540 1048 3664 1119 (68).

2109 1133 2176 1186 ὲκ
2222 1133 2436 1187 πολλῶν
2487 1134 2590 1205 ήδη
2648 1135 2893 1206 σημείων
2962 1138 3284 1207 αἰσθόμενος
3345 1139 3668 1194 Ἀπόκαυκον

2109 1224 2637 1295 παραλογιζόμενον,
2668 1227 2772 1279 κᾶν
2817 1226 2894 1296 τῷ
2942 1229 3391 1299 παρακρούεσθαί
3422 1247 3533 1293 πως
3572 1231 3669 1285 δει-

2109 1317 2317 1371 κνύντα
2361 1316 2424 1369 τὸ
2476 1316 2680 1387 ἥκιστα
2728 1317 3016 1387 βούλεσθαι
3061 1320 3160 1390 τήν
3209 1321 3348 1391 πρὸς
3384 1323 3553 1401 ιαὺτδν
3582 1321 3666 1374 τοῦ

2108 1409 2308 1480 κήδους
2358 1408 2587 1479 ἐγγύην,
2637 1410 2813 1481 λάθρα
2864 1412 3106 1483 προσιὼν
3157 1414 3327 1487 Ἀννῃ
3377 1416 3562 1485 μηνύει
3607 1419 3666 1486 τῇ
3750 1459 3785 1472 ρ

2109 1498 2363 1569 βασιλίδι,
2402 1499 2477 1563 ὠς
2521 1499 2865 1563 ’Δπὸκαυκος
2912 1502 3183 1573 μελετῴη,
3239 1502 3573 1574 μετενεγκὼν
3594 1507 3670 1567 εἰς

2106 1593 2167 1645 τὸ
2203 1589 2397 1644 ἑαυτοῦ
2442 1591 2702 1662 φρούριον
2753 1589 2979 1662 βασιλέα
3028 1593 3120 1646 τὸν
3150 1593 3242 1646 σὺν
3292 1595 3428 1660 υἱὸν,
3474 1594 3558 1648 διὰ
3584 1594 3669 1648 τοῦ

2107 1686 2452 1756 πατριάρχου
2474 1683 2732 1750 συζεῦξαι
2752 1687 2820 1757 τῇ
2849 1684 3046 1739 ἑαυτοῦ
3073 1685 3305 1759 θυγατρί
3329 1688 3465 1757 (69).
3491 1687 3668 1758 Χρεὼν

2106 1777 2198 1833 οὖν
2239 1779 2303 1831 ὲκ
2341 1770 2632 1848 Πειρίῖρθου
2668 1793 2730 1829 σε
2774 1778 3007 1847 τάχιστα
3052 1780 3518 1850 μεταπέμψασθαι
3554 1779 3670 1833 τοῦ-

2106 1884 2219 1933 τον,
2253 1868 2419 1939 πρινὴ
2458 1868 2520 1923 τὸ
2559 1867 2788 1940 θήραμα
2825 1870 3080 1938 γενέσθαι
3106 1871 3342 1927 δικτύων
3372 1873 3540 1936 ἐντός.

2177 1960 2261 2013 H'.
2295 1953 2374 2014 Οὗ
2401 1959 2752 2026 τελεσθέντος
2801 1962 2987 2029 εὐθὺς,
3036 1963 3387 2035 φωραθεῖσαν
3429 1964 3672 2036 αἰσθόμεο

2104 2070 2193 2116 νος
2219 2052 2319 2122 τὴν
2349 2052 2643 2124 ἐπιϐουλὴν
2688 2054 2719 2106 ὁ
2763 2053 3103 2120 Ἀπόκαυκος
3142 2058 3286 2124 ἔγνω
3339 2056 3683 2135 παραχρῆμα

2104 2143 2489 2209 καταλελυκὼς
2537 2145 2637 2217 τὴν
2687 2146 3007 2216 πολιορκίαν
3055 2148 3279 2218 εκείνην
3330 2149 3529 2218 φθῆναι
3582 2137 3680 2201 τὸν

2101 2238 2385 2305 ἐφεστῶτα
2414 2235 2678 2303 κίνδυνον,
2731 2237 2922 2310 διαϐὰς
2942 2238 3037 2301 ἐίς
3072 2239 3370 2306 Βυζάντιον
3401 2239 3499 2310 τὴν
3524 2240 3672 2310 ταχί-

2102 2344 2257 2396 στην.
2294 2326 2515 2394 Ἐδοξεν
2547 2322 2642 2381 οὖν
2663 2328 2961 2395 ἐπανιόντι,
2990 2329 3118 2401 πρὶν
3140 2330 3556 2402 αἰσχυνομένοις
3580 2330 3676 2396 δμ-

2103 2434 2239 2488 μασι
2267 2418 2369 2488 τὴν
2406 2418 2656 2489 βασιλίδα
2686 2419 3294 2493 θεάσασθαιιχρήμασι
3325 2423 3674 2492 παμπληθέσι

2101 2508 2412 2579 περιελθεῖν
2442 2509 2542 2581 τὴν
2576 2515 2988 2579 γυναικωνῖτιν,
3024 2516 3082 2567 ὲν
3116 2507 3149 2583 ᾖ
3197 2512 3259 2566 τὸ
3306 2514 3538 2584 μάλιστα
3583 2513 3672 2566 δυ-

2098 2601 2334 2671 νάμενον
2365 2595 2435 2672 ἦν
2468 2599 2798 2672 τηνικαῦτα,
2825 2602 2919 2655 καὶ
2946 2600 3065 2673 ἅμα
3090 2597 3189 2672 τήν
3213 2600 3517 2673 θεραπείαν
3541 2597 3673 2654 ἅπα-

2102 2709 2228 2761 σαν,
2259 2693 2357 2763 ὅση
2402 2691 2503 2761 τὴν
2558 2691 3030 2764 αὐτοκρατορικὴν
3079 2692 3260 2747 οὶκίαν
3311 2692 3570 2764 έπλήρου.
3611 2693 3673 2743 Ὃ

2096 2784 2163 2856 δὴ
2196 2785 2430 2854 τάχιστα
2482 2783 2807 2858 πεπραχὼς,
2842 2788 2934 2838 καὶ
2959 2785 3030 2840 δι’
3080 2785 3262 2840 αὐτῶν
3302 2787 3400 2839 καὶ
3447 2784 3671 2856 βασιλίδι

2095 2877 2165 2930 τὰ
2193 2876 2456 2931 κάλλιστά
2484 2895 2543 2930 τε
2572 2879 2666 2930 καὶ
2699 2877 3008 2948 τιμιώτατα
3042 2864 3154 2932 τῶν
3182 2879 3488 2951 κειμηλίων
3516 2894 3673 2949 προσ-

2096 2970 2265 3022 οίσειν
2293 2969 2786 3040 ἐπαγγειλάμενος,
2825 2969 2924 3040 τῆς
2948 2970 3243 3041 προτέρας
3277 2969 3447 3036 αὖθις
3489 2970 3675 3040 ἔτυχεν

2096 3059 2360 3126 εὐδοξίας.
2390 3061 2498 3113 Καὶ
2531 3058 2774 3123 σπεύσας
2802 3058 3100 3130 ὠχύρωσεν
3125 3057 3286 3123 αὖθις
3318 3061 3416 3115 καὶ
3446 3059 3674 3128 ἀνεπλή-

407 3155 479 3210 de
517 3169 660 3218 novo
681 3162 734 3208 et
761 3153 1075 3220 resarcivit,
1116 3155 1390 3225 quidquid
1440 3165 1604 3212 terrae
1657 3158 1904 3214 motibus
1934 3159 1989 3213 in

2100 3169 2297 3222 ρωσεν,
2325 3152 2376 3204 εἰ
2422 3152 2474 3202 τί
2512 3168 2617 3205 που
2636 3148 2741 3204 τιοῦ
2794 3153 3038 3222 μεγάλου
3080 3154 3294 3223 τείχους
3338 3154 3437 3225 τῆς
3474 3152 3672 3214 πόλεως

408 3259 609 3316 magno
640 3243 795 3299 urbis
821 3259 983 3299 muro
1019 3245 1206 3299 laesum
1236 3254 1384 3300 esset
1406 3256 1464 3300 et
1495 3246 1808 3319 neglectum
1835 3264 1991 3304 ma:-

406 3339 612 3395 sisset:
642 3336 773 3391 item
797 3337 1068 3408 quidquid
1101 3337 1158 3391 in
1189 3337 1408 3393 duobus
1432 3339 1623 3394 muris
1638 3341 1991 3399 extrinsecus

407 3427 848 3494 circumductis;
886 3443 1123 3516 quorpm
1160 3427 1303 3483 alter
1345 3429 1677 3500 jampridem
1714 3447 1745 3486 a
1790 3432 1991 3488 funda-

407 3536 528 3578 tore
554 3522 720 3578 simul
752 3538 877 3577 cum
907 3537 1106 3593 magno
1135 3537 1294 3577 muro
1322 3521 1579 3579 conditus
1605 3523 1827 3590 fuerat;
1854 3525 1991 3580 alte-

410 3630 533 3668 rum
564 3614 894 3679 novissime,
919 3614 1291 3670 Cantacnzeni
1324 3614 1637 3687 futuraeque
1686 3614 1854 3673 ab'eo
1878 3617 1983 3673 ob-

403 3707 638 3762 sidionis
680 3714 851 3772 metu,
907 3707 976 3763 ad
1019 3707 1125 3762 viri
1155 3707 1507 3764 altitudinem
1559 3708 1812 3765 exterius
1869 3709 1986 3779 ipse

403 3800 773 3863 t-xstruxerat,
835 3800 983 3871 circa
1013 3801 1380 3856 maximarum
1453 3800 1987 3870 admirabilinmque

401 3891 673 3947 fossarum
705 3892 1070 3961 crepidinem,
1106 3894 1384 3965 ductoque
1404 3893 1564 3950 initio
1591 3894 1662 3950 ab
1683 3893 1752 3948 iis
1787 3893 1984 3964 portis,

401 4000 526 4054 qua:
558 3992 688 4040 sunt
708 3994 837 4040 ante
869 3988 1159 4055 palatium,
1192 3985 1259 4040 ad
1283 3987 1496 4042 Aureas
1520 3985 1772 4056 proxime
1797 3992 1988 4055 portas

402 4088 498 4142 per
527 4082 730 4130 terram
770 4090 1028 4131 auroram
1066 4091 1261 4133 versus
1280 4076 1763 4132 circumduxerat.‘

2095 3245 2504 3316 τεθραυσμένον
2518 3245 2639 3298 ὑπὸ
2664 3243 2773 3298 τῶν
2803 3245 3050 3316 σεισμῶν
3088 3245 3463 3309 ἐλλέλειπται,
3511 3245 3603 3299 καὶ
3625 3245 3676 3297 εί

2093 3338 2148 3391 τί
2182 3355 2287 3391 που
2325 3336 2434 3408 τῶν
2491 3336 2691 3403 ἔξωθεν
2727 3336 3081 3408 ἐληλαμένων
3122 3337 3220 3392 δύο
3270 3337 3674 3410 προτειχισμάσ

2093 3444 2222 3489 των,
2255 3426 2348 3480 τοῦ
2380 3443 2442 3480 τε
2471 3427 2641 3481 πάλαι
2674 3425 2753 3497 τῷ
2792 3427 2892 3496 τῆς
2926 3427 3135 3489 πόλεως
3169 3429 3394 3500 οἰκιστῇ
3435 3444 3671 3496 συγκατ-

2091 3518 2541 3587 οικοδομηθέντος
2609 3518 2748 3588 ὁμοῦ
2815 3522 2928 3584 τοῖς
2983 3520 3245 3591 μεγάλοις
3317 3522 3531 3592 τείχεσι
3583 3521 3675 3574 καὶ

2091 3601 2267 3675 οὗπερ
2305 3607 2531 3679 ἀρτίως,
2575 3607 2665 3663 διὰ.
2690 3608 2782 3662 τὸν
2814 3609 2911 3662 τοῦ
2947 3610 3416 3683 Καντακουξηνοῦ
3444 3611 3538 3665 καὶ
3580 3610 3674 3678 τῆς

2090 3700 2305 3754 ἐκεῖθεν
2355 3700 2676 3770 πολιορκίας
2721 3700 2910 3767 φόϐον,
2953 3702 3089 3779 προς
3146 3702 3498 3775 άνδρόμηκες
3545 3701 3674 3771 ὒψὸς

2087 3793 2251 3856 αὐτὸς
2276 3792 2573 3863 ἀνήγειρεν
2602 3791 2876 3863 ἐξωτέρω,
2910 3774 3141 3865 περὶ-τὰ
3188 3774 3349 3867 χείλη
3378 3795 3490 3849 τῶν
3521 3794 3699 3865 μεγίσ.

2091 3903 2233 3941 στων
2265 3885 2360 3939 καὶ
2403 3885 2723 3955 θαυμασίων
2766 3886 3013 3956 τάφρων,
3061 3888 3378 3958 ἀρξάμενος
3426 3872 3673 3941 ἀπολτῶν

2088 3979 2199 4049 πρὸ
2229 3978 2342 4038 ’τοὺ
2367 3976 2633 4034 παλατιου
2668 3979 2877 4044 πυλῶν,
2908 3980 3003 4033 καὶ
3033 3980 3372 4050 περιελάσας
3394 3980 3526 4054 ἄχρι
3566 3977 3672 4035 τῶν

2088 4070 2356 4138 Χρυσέων
2387 4070 2620 4137 ἔγγιστα
2646 4067 2735 4122 διὰ
2762 4066 2865 4138 τῆς
2889 4067 3089 4139 χέρσου
3121 4068 3259 4139 πρὸς
3286 4069 3389 4125 ἕω.

1849 4200 2077 4259 CAPUT
2123 4198 2211 4253 Vl.

826 4277 1018 4358 Cfades
1048 4320 1111 4358 ea:
1134 4305 1415 4374 grandine.
1443 4304 1520 4359 De
1550 4311 1748 4359 natura
1782 4299 2085 4374 grandinis.
2122 4296 2341 4352 Grande
2370 4295 2571 4367 furoris
2601 4293 2769 4352 divini
2799 4298 3238 4354 instrumentum.

472 4422 514 4477 Ι.
540 4422 617 4477 Ea
644 4435 810 4491 porro
859 4428 1188 4489 tempestate
1224 4417 1392 4474 etiam
1448 4416 1739 4489 grandinis
1795 4416 1974 4471 conti-

398 4531 543 4572 nuus
568 4523 625 4569 et
657 4513 1096 4569 violentissimus
1138 4512 1313 4566 imber
1339 4510 1576 4578 exstitit,
1643 4509 1741 4579 qui
1772 4518 1830 4563 et
1856 4509 1975 4577 ipse

396 4607 603 4663 furoris
628 4607 822 4672 divini,
851 4606 1226 4660 Romanorum
1247 4604 1415 4658 rebus
1434 4603 1547 4673 jam
1575 4601 1972 4667 incumbentis,

2152 4402 2235 4484 [P.
2269 4410 2399 4484 446]
2443 4413 2521 4466 At.
2560 4412 2847 4480 Γεγονέναι
2880 4410 2927 4465 δ’
2955 4413 3013 4466 ὲν
3051 4410 3265 4478 τούτοις
3311 4416 3428 4481 τοῖς
3460 4417 3667 4489 χρόναις

2084 4505 2459 4575 συμπέπτωκε
2517 4506 2611 4557 καὶ
2661 4504 2907 4575 χαλάζης
2946 4506 3122 4574 φορὰν
3150 4508 3356 4579 συνεχῆ
3410 4512 3508 4562 καὶ
3537 4512 3669 4583 ῥαγο

2081 4597 2263 4659 δαίαν,
2314 4598 2414 4667 τῆς
2464 4595 2906 4673 ἐπιπολαζούσης
2952 4596 3055 4669 ήδη
3098 4599 3232 4671 περὶ
3274 4599 3343 4654 τὰ
3379 4600 3666 4672 Ῥωμαίων

395 4699 558 4770 712
589 4698 853 4754 indicium
876 4696 1004 4759 fuit,
1042 4706 1099 4752 et
1127 4707 1385 4766 tanquam
1412 4696 1554 4766 ignis
1584 4695 1763 4767 ignem
1781 4710 1977 4766 super-

2095 4690 2386 4761 πράγματα
2432 4687 2726 4759 θεομηνίας
2760 4688 3031 4759 σύμϐολον
3075 4687 3247 4744 οὖσαν
3294 4693 3394 4747 καὶ
3439 4693 3663 4760 ταύτην,

394 4793 566 4848 venit.
632 4790 852 4845 Etenim
911 4786 1046 4842 illud
1115 4786 1226 4842 late
1290 4785 1551 4843 diffusum
1606 4796 1692 4843 est
1741 4786 1970 4851 malum,

397 4882 595 4951 tumin
628 4880 813 4949 spicas
872 4886 931 4933 et
982 4877 1038 4931 in
1070 4877 1212 4934 alios
1268 4876 1506 4945 fructus,
1572 4886 1687 4933 tum
1720 4878 1971 4933 omnium

394 4976 632 5030 maxime
657 4972 713 5027 in
740 4972 902 5035 vites,
939 4971 1016 5024 ita
1055 4981 1115 5027 ut
1141 4986 1211 5028 ne
1244 4980 1436 5043 postea
1492 4971 1720 5044 quidem
1776 4972 1976 5028 revivi-

395 5079 551 5123 scere
586 5065 888 5135 potuerint.

463 5238 531 5294 ll.
562 5236 779 5292 Norunt
812 5235 1014 5307 quippe
1044 5238 1130 5308 (ut
1158 5237 1379 5311 opinor)
1441 5254 1660 5305 omnes,
1694 5238 1967 5310 ejusmodi

388 5344 510 5386 csse
541 5326 826 5399 grandinis
852 5342 1074 5397 corpus,
1104 5338 1169 5384 ut
1200 5332 1418 5399 quaties
1474 5339 1532 5384 et
1568 5344 1706 5399 quae
1734 5331 1966 5395 invadit,

390 5437 501 5478 non
532 5422 695 5476 modo
726 5431 855 5477 tunc
886 5437 1066 5491 neque
1101 5439 1164 5477 ea
1188 5423 1302 5477 sola
1334 5438 1434 5493 per
1457 5437 1577 5478 eam
1613 5423 1969 5492 exstinguan-

394 5526 483 5570 tur
512 5525 566 5570 et
592 5515 1084 5581 niarcescantysed
1115 5516 1279 5571 etiam
1318 5530 1404 5582 ea,
1462 5531 1583 5586 quae
1611 5516 1758 5570 circa
1792 5525 1919 5570 sunt
1947 5535 1960 5584 ;

2078 4782 2172 4834 καὶ
2213 4775 2325 4835 οἷόν
2360 4799 2411 4835 τι
2451 4782 2564 4853 πῦρ
2595 4782 2687 4835 ἐπὶ
2723 4782 2860 4855 πυρὶ
2909 4787 3528 4859 προσεπενηνεγμένην.
3560 4789 3665 4843 Πο-

2078 4870 2278 4941 λύχουν
2306 4872 2416 4943 γὰρ
2449 4874 2592 4927 κατά
2635 4889 2696 4926 τε
2724 4874 2835 4926 τῶν
2881 4873 3175 4946 ἀσταχύων
3204 4877 3297 4930 καὶ
3328 4876 3443 4932 τῶν
3479 4894 3544 4947 γε
3570 4876 3663 4930 ἆ).-

2078 4962 2188 5016 λων
2238 4962 2560 5032 ἐγγενέσθαι
2619 4968 2681 5018 τὸ
2726 4964 2927 5039 βλάϐος
2975 4965 3245 5037 καρπῶν·
3296 4967 3413 5023 τῶν
3444 4985 3510 5037 γε
3561 4967 3666 5039 μὴν

2066 5055 2366 5133 ιάμπέλων,
2401 5056 2611 5111 τούτων
2646 5057 2702 5110 δὲ
2736 5058 2832 5112 καὶ
2866 5057 3082 5112 πάντων
3117 5058 3381 5128 μάλιστα,
3418 5059 3496 5124 ὡς
3530 5059 3663 5130 μηδὲ

2080 5148 2206 5208 τοὺς
2246 5146 2437 5208 ἔπειτα
2464 5147 2707 5218 χρόνουςκ
2721 5147 3023 5202 ἀναϐιῶναι
3048 5148 3330 5204 δύνασθαι.

2149 5238 2225 5293 B’.
2260 5239 2476 5294 Είδέναι
2502 5240 2608 5312 γὰρ
2634 5235 2789 5309 οἶμαι
2816 5240 3045 5306 πάντας,
3074 5227 3149 5305 ὡς
3174 5241 3272 5311 ούχ
3295 5242 3386 5294 ὅτε
3421 5242 3514 5294 καὶ
3543 5241 3663 5294 καθ’

2076 5324 2151 5387 ὧν
2185 5334 2489 5405 ἐνσκήπτει
2522 5334 2581 5385 τὸ
2626 5333 2725 5404 τῆς
2759 5335 3000 5404 χαλάζης
3036 5335 3197 5405 σῶμα
3238 5335 3494 5406 καρπῶν,
3545 5336 3662 5388 τότε

2078 5426 2237 5496 μόνον
2287 5429 2382 5480 καὶ
2411 5418 2635 5490 τούτους
2685 5430 2880 5497 μόνους
2925 5429 3186 5506 ὲκτυφλοῖ
3234 5430 3326 5482 καὶ
3379 5431 3656 5500 μαραίνει,

2073 5517 2209 5573 ἀλλὰ
2258 5520 2352 5572 καὶ
2385 5519 2453 5572 τὰ
2490 5520 2645 5591 τέριξ
2678 5519 2815 5588 ἅμα,
2848 5522 2943 5575 καὶ
2985 5525 3042 5585 ές
3076 5522 3241 5576 πολὺν
3284 5522 3378 5575 τὸν
3414 5523 3604 5594 χρόνον
3630 5518 3659 5572 6

1716 5640 2060 5703 Variorum
2110 5649 2296 5703 notae.

461 5740 571 5812 (68)
592 5742 745 5814 Tum
796 5759 1031 5814 magnus
1066 5742 1362 5811 logotlieta,
1418 5750 1606 5811 postea
1668 5744 1836 5801 variis
1871 5763 1971 5800 au-

389 5822 510 5866 ctus
547 5811 952 5883 4dignitaﬁbu’s.
988 5813 1360 5869 Cantacuzcn.
1406 5813 1503 5869 lib.
1564 5831 1651 5881 in,
1696 5832 1818 5887 cap.
1879 5817 1970 5871 72.

2080 5746 2230 5802 illius
2263 5764 2370 5802 non
2402 5749 2569 5802 scnn-l
2608 5749 2736 5802 alibi
2772 5752 3043 5806 meminit.
3086 5753 3320 5808 DUCANG.

2156 5818 2270 5889 (69)
2302 5820 2601 5874 Cantacuz.
2637 5822 2735 5876 lib.
2770 5837 2992 5892 tu,cap.
3042 5824 3131 5879 87.
3166 5825 3398 5879 Ducam.
