4070 6434
442 358 548 424 949
800 357 877 431 [Α.
919 375 972 419 c.
1017 362 1177 436 1544]

1462 369 1908 446 BYZANTIN/E
1948 369 2334 433 HISTORIA;
2369 375 2513 437 LIB.
2552 376 2712 440 XIV.-

3587 367 3697 433 950

2813 369 2947 445 [tam
2987 385 3033 425 ι.
3071 383 3310 425 ιιιιιιιςοι..
3351 366 3411 441 Ii]

383 498 397 507 -
435 474 748 544 θρωπίνων,
808 477 1072 532 πλουτείο
1110 480 1207 533 καὶ
1261 480 1408 550 γένει
1461 483 1734 537 παντοίων
1786 483 2017 553 ὀρνίθων

2128 489 2214 550 tis,
2252 488 2539 544 hominum
2573 506 2737 546 manu
2767 491 3038 557 excultis;
3090 499 3149 545 et
3187 488 3337 545 omni
3375 487 3560 544 avium
3605 502 3698 552 ge-

436 573 780 640 περιηχεῖται
807 588 823 604 ο
859 574 953 625 καὶ
1001 574 1180 645 σμήνη
1232 574 1498 644 μελιττῶν
1551 579 1668 633 ἐκεῖ
1706 580 2018 650 περιτρέχει

434 662 504 715 τὰ
529 662 685 735 ἄνθη,
724 664 820 718 καὶ
856 666 1040 736 ἠρέμα
1077 667 1169 722 τὸν
1206 668 1345 739 ἀέρα
1378 670 1724 740 περιόομὸεϊ.
1760 673 1870 724 Καὶ
1900 672 2022 742 τέρ-

439 752 585 823 ψεὼς
610 771 695 818 τις
726 755 931 817 πέπλος
959 758 1214 812 ἐντεῦθεν
1243 759 1529 829 ὑφαίνεται
1558 760 1708 827 ξένος
1735 763 1852 817 ἐκεῖ
1880 780 2016 831 συμ-

443 848 633 919 μιγὴς,
672 849 771 903 ούκ
803 847 939 923 ἦρος
968 852 1089 923 ὥρᾳ
1133 853 1290 925 μόνῃ,
1333 854 1447 908 ἀλλ’
1491 855 1549 908 ἐν
1586 855 1788 910 ἅπαντι
1838 854 2020 928 καιρῷ

442 940 540 992 καὶ
589 940 786 1010 χρόνῳ,
844 941 1241 1013 δμοζυγοῦντος
1288 945 1376 997 ἀεὶ
1427 944 1522 998 τοῦ
1576 944 1689 999 τῶν
1741 948 2023 1014 τεσσάρων

442 1030 606 1099 ὡρῶν
639 1033 842 1086 κύκλου
876 1034 1010 1104 πρὸς
1033 1037 1229 1106 ὁμοίαν
1257 1038 1355 1107 τὴν
1380 1038 1545 1109 χάριν
1570 1040 1667 1094 καὶ
1694 1039 1890 1111 ἡδονὴν
1917 1041 2026 1103 τῶν

441 1118 800 1191 ἀνθρωπίνων
829 1122 1199 1195 αἰσθητηρίων
1227 1142 1240 1157 ·
1278 1126 1372 1179 καὶ
1406 1126 1626 1192 μάλισθ’
1646 1127 1723 1181 ὅτ’
1758 1130 1822 1182 ἐκ
1856 1129 2023 1198 μέσου

438 1208 534 1261 τοῦ
582 1208 780 1274 ἄλσους
830 1212 925 1269 καὶ
970 1215 1082 1267 τῶν
1113 1215 1298 1284 φυτῶν
1328 1216 1554 1272 ἐκείνων
1601 1216 1821 1289 όρθριος
1867 1222 1899 1288 ἠ
1928 1220 2028 1289 τῆς

440 1300 663 1369 ἀηδόνος
716 1302 970 1373 ἡχήσασα
1017 1305 1250 1373 μουσικὴ
1287 1308 1502 1380 συνᾴδοι
1546 1310 1662 1373 τοῖς
1716 1310 1833 1363 ἐκεῖ
1864 1311 2027 1380 μονάσ-

442 1389 629 1454 ζουσιν
676 1394 850 1471 εἰπεῖν
905 1396 995 1453 καὶ
1028 1400 1290 1467 συνυμνοῖ
1333 1399 1425 1452 τόν
1456 1400 1685 1470 Κύριον.
1734 1400 1890 1472 Ἔχει
1920 1403 2028 1473 γὰρ

442 1483 670 1553 κάκείνη
707 1484 799 1538 καὶ
830 1486 1066 1558 κιθάραν
1104 1490 1199 1543 ἐπὶ
1250 1491 1481 1561 στήθους
1519 1492 1701 1549 ἔνθεόν
1738 1511 1883 1564 τινα,
1935 1500 2028 1547 καὶ

355 1601 365 1608 ν
440 1571 742 1643 ψαλτήριον
768 1577 1029 1646 ἔμφυτον,
1062 1582 1154 1632 καί
1181 1582 1446 1654 μουσικὴν
1473 1585 1813 1654 ἐναρμόνιον,
1852 1586 1910 1651 ἐξ
1930 1589 2029 1641 ai)-

440 1663 718 1733 τοσχεδίου
783 1666 1288 1739 περισαλπίζουσαν
1345 1674 1471 1739 τοὺς
1527 1676 1827 1739 ἀκούοντας
1889 1680 2030 1732 πάνυ

443 1771 526 1808 τοι
565 1758 839 1827 ἐμμελῶς.
874 1762 985 1824 Καὶ
1018 1754 1151 1833 ἅμα
1181 1768 1384 1836 πηγαῖς
1429 1769 1723 1839 αὐτοφυῶν
1757 1771 1969 1828 ὑδάτων
2001 1774 2030 1825 ό

445 1847 621 1920 χῶρος
655 1840 876 1921 ἄρδεταί
906 1871 963 1907 τε
1014 1856 1108 1917 καὶ
1162 1861 1567 1922 περιαντλείται
1610 1863 1894 1929 πολλαῖςν
1926 1865 2025 1938 ρύ-

432 1939 576 2003 ἀκες
626 1944 1026 2028 ’ἀποϐλύζοντες
1060 1949 1283 2004 ἄλλοθεν
1331 1953 1480 2007 ἄλλοι
1532 1940 1743 2027 μυρίων
1785 1957 2026 2026 γίνονται

444 2034 635 2098 παῖδες
689 2038 902 2106 πηγῶν,
960 2041 1057 2105 καλ¹
1117 2042 1372 2113 ἀλλήλοις
1425 2045 1608 2115 ἡρέμα
1670 2047 1764 2101 καὶ
1827 2046 2024 2118 λάθρα,

444 2123 771 2191 κλέπτοντες
805 2127 995 2196 ὥσπερ
1026 2131 1117 2182 τὸν
1143 2129 1366 2201 δρόμον,
1400 2133 1707 2189 κοινοῦνται
1733 2136 1792 2190 τὸ
1823 2138 2025 2207 ῥεῦμα,

444 2211 557 2268 οἷον
589 2217 838 2286 ἐπίτηδες
879 2223 974 2274 καὶ
1017 2222 1173 2276 αὐτοὶ
1215 2224 1553 2293 σιωπῶντες,
1589 2227 1683 2280 καί
1726 2245 1871 2292 τινος
1907 2219 2031 2287 παι·

440 2305 594 2370 δείας
618 2304 1033 2380 αἰσθανομένοις
1077 2312 1281 2383 ὁμοίως
1320 2317 1788 2387 ἀντιποιούμενοι,
1831 2321 1927 2374 καὶ
1953 2321 2032 2376 δι-

443 2397 624 2463 δόντες
659 2398 909 2466 ἐξουσίαν
938 2406 1159 2476 μακρὰν
1189 2409 1301 2472 τοῖς
1335 2409 1453 2461 ἐκεῖ
1488 2413 1803 2479 μονασταίς,
1834 2412 2033 2482 ἀθόρυ-

445 2487 542 2541 ϐον
574 2489 688 2560 βίον
719 2492 1001 2560 ἅνύοντας,
1029 2497 1098 2549 τὰ
1135 2498 1311 2570 πτερὰ
1356 2500 1454 2571 τῆς
1487 2501 1653 2573 εὐχῆς
1678 2503 1859 2574 ἡσυχῆ
1891 2505 2031 2575 πρὸς

442 2578 577 2634 Θεὸν
611 2584 977 2654 ἀναπέμπειν,
1005 2587 1196 2643 eam
1218 2591 1419 2663 πολλὴν
1452 2595 1586 2663 πρὸς
1617 2595 1853 2666 ἡσυχίαν
1886 2614 2031 2669 παρ-

444 2670 558 2740 έχει
602 2673 700 2745 τὴν
744 2679 976 2744 εὐφυΐαν
1002 2682 1113 2743 τοῖς
1148 2681 1247 2752 τὴν
1294 2683 1548 2754 οὐράνιον
1581 2690 1638 2740 ἐν
1672 2690 1743 2758 γῇ
1780 2691 2029 2758 μετιέναι

445 2760 688 2816 ἐθέλουσι
718 2764 1013 2833 πολιτείαν,
1038 2771 1132 2823 καὶ
1152 2772 1288 2840 πρός
1310 2790 1372 2841 γε
1394 2774 1495 2845 τὴν
1514 2779 1783 2849 χορηγίαν
1811 2778 1921 2841 τῶν
1946 2780 2027 2845 είς

444 2852 652 2923 τροφὴν
682 2858 941 2911 παντοίαν
969 2861 1287 2933 ἐπιτηδείως
1309 2865 1546 2935 ἐχόντων
1567 2867 1799 2936 ἄφθονον
1819 2868 2032 2924 οἴκοθεν

444 2945 627 3000 οἶκαδε
679 2949 770 3002 τὸν
820 2952 1033 3005 ἅπαντα
1083 2956 1276 3025 χρόνον
1361 2959 1682 3028 πορίζεται⁶
1745 2963 1838 3016 καὶ
1914 2962 2031 3033 ἅμα

444 3038 690 3113 θαλάσσῃ
721 3045 909 3114 μακρᾷ
954 3050 1337 3116 στεφανοῦται,
1373 3050 1460 3124 [Ρ.
1482 3052 1611 3127 M9]
1641 3056 1837 3127 πολλὴν
1864 3055 1939 3119 ὡς
1967 3056 2031 3108 ἐκ

446 3128 647 3185 κύκλου
689 3134 995 3208 κομιζούσῃ
1037 3138 1138 3208 τὴν
1175 3141 1335 3211 χάριν
1373 3144 1546 3210 αὐτῷ,
1591 3147 1742 3215 παρὰ
1774 3151 2030 3205 τοσοῦτον

453 3222 528 3293 μὴ
561 3225 723 3293 νῆσον
748 3222 890 3282 εἶναι
920 3230 1177 3298 καθάπαξ
1208 3234 1342 3287 αὐτὸ
1374 3240 1754 3310 συγχωρούσῃ,
1785 3245 2027 3314 παρόσον

446 3317 628 3387 ισθμῷ
659 3336 763 3373 τινι
802 3320 876 3392 μὴ
906 3322 1004 3375 σὺν
1057 3323 1205 3395 πόνῳ
1249 3327 1594 3398 καρποῦσθαι
1649 3334 1743 3385 καὶ
1778 3336 1878 3405 τὴν
1926 3336 2030 3401 ἔξω

450 3414 718 3480 χεομένην
743 3414 815 3466 εί;
851 3415 1024 3484 μῆκος
1054 3417 1169 3485 ἅμα
1200 3419 1291 3472 καὶ
1333 3420 1535 3487 πλάτος
1569 3424 1795 3494 ἤπειρον
1823 3427 2028 3485 δίδωσι.

452 3502 561 3554 Καὶ
590 3503 773 3566 ἁπλῶς
805 3508 1141 3578 πανταχόθεν
1174 3512 1293 3564 ἐκεῖ
1322 3512 1388 3565 τὰ
1420 3514 1517 3584 τῆς
1542 3515 1744 3586 ἀρετῆς
1791 3536 2031 3589 συγκρο-

448 3596 618 3646 τεῖται
651 3597 1011 3666 γνωρίσματα
1044 3600 1181 3670 πρός
1211 3619 1270 3654 τε
1302 3605 1399 3674 τῆς
1422 3607 1638 3673 φύσεως
1664 3611 1801 3677 πρός
1831 3628 1888 3667 τε
1929 3613 2030 3680 τῆς

447 3684 557 3735 τῶν
588 3687 882 3742 οἰκούντων
909 3691 1220 3761 ἀσκήσεως.
1251 3696 1326 3748 Οὐ
1359 3698 1597 3764 γυναίων
1622 3699 1758 3762 ὅλως
1779 3703 1895 3756 ἐκεῖ
1917 3704 2032 3767 ξυν-

450 3775 634 3843 αυλία,
700 3781 794 3832 καὶ
839 3774 1141 3836 ἀκόλαστον
1173 3784 1348 3855 ὖμμα,
1400 3788 1494 3841 καὶ
1527 3790 1764 3861 χλιδῶσα
1799 3811 2031 3867 κομμω-

451 3873 599 3944 τικὴ,
634 3877 728 3927 καὶ
762 3877 860 3928 ὅσα
891 3879 991 3947 τὴν
1018 3879 1252 3949 ἀρχαίαν
1288 3882 1379 3933 τοῦ
1406 3881 1586 3953 ὄφεως
1631 3886 1852 3952 ὁμιλίαν
1888 3889 2035 3940 ἐκεί-

452 3984 550 4037 νην
595 3971 675 4030 εἰς
741 3969 1030 4036 ἐγκαινίων
1091 3974 1212 4025 τινὰ
1272 3975 1498 4041 συνάγει
1561 3979 1872 4049 πανήγυριν
1937 3984 2034 4034 καὶ

454 4060 669 4133 μακροῦ
714 4062 994 4125 κυκεῶνος
1041 4064 1131 4117 καὶ
1166 4064 1437 4132 κλύδωνος
1482 4068 1575 4122 τόν
1614 4069 1728 4140 βίον
1759 4071 2036 4145 ἐμπίπλη-

453 4170 574 4207 σιν⁶
601 4154 713 4231 οὐδ’
738 4155 998 4228 ἐμπορίαι
1031 4157 1304 4229 δημόσιοι,
1333 4160 1427 4215 καὶ
1457 4162 1675 4230 ἀγοραὶ,
1705 4165 1799 4217 καὶ
1828 4167 2036 4235 ἀγορα-

454 4246 627 4315 νόμοι,
663 4247 759 4300 καὶ
794 4247 1085 4302 δικαστικά
1118 4250 1362 4320 βήματα,
1412 4252 1507 4306 καὶ
1542 4253 1789 4322 γλώττης
1835 4257 2038 4311 ἐπίδει-

456 4342 558 4404 ξις,
593 4341 689 4395 καὶ
722 4342 890 4409 τῦφος
921 4340 1028 4393 ἀπὸ
1052 4341 1244 4415 δίφρου
1273 4342 1547 4408 θεσπίζων
1573 4344 1644 4398 τὰ
1668 4347 1767 4417 τῆς
1799 4348 2037 4419 ὀρέξεως

2122 593 2253 631 nere
2279 588 2556 645 personat.
2609 577 2730 635 Illic
2772 595 2939 652 apum
2970 578 3224 641 examina
3278 578 3488 632 circum
3533 574 3700 628 ﬂores

2120 669 2375 733 volitant,
2410 678 2466 727 et
2496 669 2606 725 leni
2637 686 2865 727 susurro
2890 687 2986 741 per
3008 686 3190 741 aerem
3224 670 3425 739 passim
3455 684 3701 723 murmu.

2121 764 2266 821 rant.
2298 764 2511 833 Quibus
2545 782 2612 823 ex
2665 767 2832 822 rebus
2858 768 3004 823 inter
3033 782 3091 823 sc
3134 764 3445 822 eommistis
3469 763 3703 819 efficitur

2123 859 2295 913 mirus
2319 857 2541 927 quidam
2569 857 2862 928 voluptatis
2884 866 3209 925 contextus;
3240 873 3350 912 non
3394 871 3524 909 vere
3562 854 3703 909 dun-

2123 958 2297 1014 taxat,
2327 951 2422 1008 sed
2459 958 2516 1009 et
2565 952 2761 1029 quovis
2791 960 3061 1022 tempore,
3104 947 3548 1018 conspirantibus
3580 961 3704 1013 per-

2124 1051 2286 1109 petua
2324 1043 2704 1101 vicissitudine
2734 1053 2969 1115 quatuor
2997 1042 3126 1103 anni
3157 1039 3596 1111 tempestatibus.
3635 1035 3702 1091 ad

2125 1135 2373 1193 eamdem
2407 1119 2779 1193 ammnitatem
2801 1135 3162 1207 eamdemque
3185 1149 3405 1205 semper
3434 1130 3705 1188 exhiben-

2125 1226 2248 1281 dam
2269 1226 2552 1285 hominum
2569 1228 3162 1297 sensibusvoluptatem
3183 1243 3199 1292 ;
3217 1240 3282 1281 ac
3306 1235 3424 1282 tum
3448 1223 3703 1284 maxime.

2124 1333 2258 1374 cum
2278 1314 2459 1376 medio
2493 1336 2560 1377 ex
2589 1322 2730 1377 saltu
2765 1330 2823 1377 et
2858 1322 2929 1376 ah
2976 1321 3084 1377 illis
3117 1318 3411 1375 arboribus
3444 1330 3741 1380 resonans~

2129 1410 2433 1466 matutinus
2467 1412 2714 1466 luscinia:
2768 1420 2968 1469 cantus
3008 1406 3588 1467 velut‘admodulatur
3618 1405 3704 1464 iis,

2128 1501 2221 1570 qui
2247 1501 2359 1556 illic
2390 1502 2623 1557 so‘itarii
2658 1505 2870 1569 vivunt,
2904 1499 3185 1572 Deumque
3209 1516 3315 1556 una
3345 1514 3469 1555 cum
3502 1497 3568 1552 iis
3592 1497 3706 1551 eni-

2129 1591 2331 1649 laudat.
2358 1593 2548 1650 Gestat
2580 1596 2726 1653 enim
2777 1605 2833 1652 et
2874 1596 2965 1657 illa
2995 1595 3047 1650 in
3077 1595 3201 1651 sinu
3233 1593 3505 1650 citharam
3536 1602 3712 1658 quati-

2130 1683 2255 1740 dam
2283 1685 2566 1751 entheam,
2603 1685 3023 1756 ingenitumque
3057 1684 3403 1754 psalterium,
3455 1684 3511 1738 et
3545 1679 3716 1745 musi-

2132 1792 2250 1833 cam
2285 1777 2590 1833 harmonia:
2618 1778 2857 1847 plenam,
2886 1793 3007 1848 quae
3030 1791 3148 1841 eos,
3183 1792 3214 1831 a
3242 1775 3444 1845 quibus
3471 1770 3712 1833 auditur,

2134 1881 2267 1940 apte
2318 1869 2612 1925 admodum
2661 1883 2717 1925 et
2764 1885 3079 1934 numerose,
3135 1869 3301 1938 idque
3343 1883 3411 1924 ex
3443 1874 3713 1943 tempore.

2128 1964 2519 2020 circumsonat.
2553 1965 2700 2020 idem
2728 1978 2896 2035 porro
2928 1965 3081 2018 locus
3101 1953 3411 2017 nativarum
3443 1971 3711 2028 aquarum
3748 2022 3753 2031 ἢ

2129 2056 2375 2112 fontibus
2406 2056 2588 2112 multis
2621 2056 2827 2126 rigatur
2850 2063 2906 2110 et
2936 2050 3273 2110 circumﬂuit
3307 2064 3325 2105 ι
3363 2049 3576 2125 rivique
3618 2044 3712 2099 alii

2130 2149 2355 2205 aliunde
2380 2149 2746 2205 scaturientes
2773 2163 2841 2204 ex
2873 2143 3183 2205 innumeris
3207 2142 3455 2209 fontibus
3472 2153 3711 2197 nascun-

2132 2250 2244 2304 tur.
2298 2240 2674 2311 paulatimque
2725 2246 2785 2293 et
2835 2238 3005 2301 clam,
3061 2250 3222 2295 suum
3276 2232 3430 2305 quasi
3491 2243 3714 2291 cursum

2130 2331 2392 2390 iurando.
2450 2332 2690 2387 invicem
2756 2344 2927 2397 aquas
2989 2325 3438 2388 communicant;
3489 2322 3715 2377 silentes

2132 2426 2232 2495 ipsi
2253 2438 2474 2496 qtloque
2503 2432 2761 2493 tanquam
2781 2420 3054 2485 consulto,
3081 2428 3137 2474 et
3158 2416 3501 2487 disciplinam
3524 2428 3720 2485 quam-

2131 2518 2281 2583 dam,
2311 2533 2375 2573 ac
2404 2519 2447 2572 si
2487 2517 2552 2571 iis
2603 2515 2814 2571 inesset
2849 2527 3066 2575 sensus,
3105 2510 3206 2581 ipsi
3239 2509 3403 2564 etiam
3436 2503 3669 2581 professi
3698 2523 3713 2564 ;

2134 2627 2329 2682 nempe
2357 2618 2419 2666 ut
2459 2612 2578 2682 ejus
2613 2608 2721 2665 loci
2768 2606 3071 2667 monachis,
3101 2604 3266 2659 vitam
3301 2601 3453 2655 nullo
3479 2599 3714 2653 tumultu

2133 2704 2512 2776 pertuzbatam
2564 2699 2938 2772 exigentibus,
2971 2704 3305 2768 potestatem
3356 2693 3523 2769 716
3571 2691 3714 2744 inte-

2132 2812 2282 2867 gram
2313 2795 2538 2856 faciant,
2574 2793 2856 2862 supplices
2887 2798 3143 2845 votorum
3199 2798 3408 2858 pennas
3446 2782 3515 2849 ad
3550 2783 3716 2836 Deum

2135 2883 2426 2952 tranquille
2479 2882 2785 2938 attollendi.
2842 2879 3051 2947 Quippe
3111 2877 3178 2932 ad
3246 2873 3602 2939 solitudinem
3663 2881 3720 2925 et

2133 2977 2375 3046 quietem
2424 2973 2664 3029 maxime
2695 2971 2910 3028 habiles
2955 2969 3136 3025 reddit
3167 2983 3324 3023 mons
3358 2952 3451 3021 ille
3476 2979 3593 3028 eos,
3625 2962 3717 3034 qui

2134 3068 2419 3124 caelestem
2454 3069 2507 3121 in
2543 3075 2691 3121 terra
2721 3064 2846 3139 vius
2882 3063 3154 3123 rationem
3189 3058 3398 3131 ingredi
3427 3057 3620 3119 velint,
3657 3071 3722 3108 ac

2059 3182 2103 3241 ο
2138 3161 2205 3216 iis
2236 3161 2420 3215 omnis
2447 3158 2664 3227 generis
2687 3156 2945 3221 alimenta
2971 3163 3234 3223 perpetuo
3264 3160 3321 3205 et
3352 3148 3559 3205 allatim
3592 3163 3723 3216 sup-

2137 3252 2346 3321 peditat
2376 3251 2522 3305 domi
2565 3256 2714 3309 nata.
2749 3245 2853 3303 Sed
2888 3253 2943 3301 ct
2980 3245 3118 3298 mari
3160 3257 3356 3316 magno
3398 3247 3719 3303 coronatur,

2132 3345 2279 3416 quod
2304 3346 2354 3398 ei
2403 3343 2635 3397 multum
2682 3339 2923 3408 undique
2971 3337 3134 3393 all‘ert
3166 3320 3507 3411 venustatis,
3544 3346 3608 3387 ac
3653 3344 3722 3385 eo

2135 3446 2347 3490 tantum
2402 3433 2638 3488 insulam
2691 3429 2918 3485 omnino
2953 3427 3070 3483 ﬁeri
3123 3443 3229 3481 non
3266 3424 3417 3488 sinit,
3458 3431 3517 3478 ut
3549 3422 3720 3492 possit

2124 3541 2234 3596 .per
2264 3524 2525 3579 isthmum
2548 3518 2901 3588 interiectum
2932 3516 3075 3571 facili
3100 3516 3292 3571 labore
3325 3514 3567 3578 fructum
3597 3527 3721 3581 per-

2114 3618 2322 3687 ’eipere
2376 3615 2543 3673 etiam
2604 3627 2679 3691 ex.
2726 3618 2909 3676 terra;
2957 3624 3079 3680 qua:
3114 3609 3171 3663 in
3201 3608 3420 3679 longum
3467 3604 3630 3662 simul
3662 3620 3725 3659 ac

2135 3709 2310 3763 latum
2356 3720 2527 3777 porro
2574 3701 2824 3761 excurrit
2852 3706 2942 3756 1c
2981 3699 3333 3756 diﬂ‘unditur.
3393 3696 3551 3761 illuc,
3612 3711 3723 3749 uno

2134 3802 2329 3865 verbo,
2365 3798 2516 3854 omni
2548 3812 2613 3852 ex
2668 3799 2821 3865 parte
2872 3792 3159 3851 conﬂuunt
3182 3807 3246 3847 ca
3295 3806 3418 3862 qua
3464 3790 3721 3843 virtutem

2135 3889 2499 3959 escellentem
2529 3894 2791 3956 arguunt,
2845 3884 2962 3938 sive
3024 3882 3134 3937 loci
3185 3890 3437 3935 naturam
3486 3889 3720 3946 spectes,

2133 3980 2251 4036 sive
2278 3977 2642 4035 habitantium
2683 3974 3015 4030 institutum.
3049 3972 3331 4043 Nusquam
3363 3971 3436 4027 ibi
3488 3970 3717 4025 mulier-

2136 4071 2389 4131 cularum
2428 4068 2834 4133 contubernia;
2890 4080 3163 4137 nusquam
3208 4064 3405 4120 oculus
3456 4064 3721 4133 intempe-

2140 4175 2270 4215 rans
2315 4167 2373 4213 ct
2401 4156 2756 4214 cﬂeminatus
2782 4154 2893 4210 fuci
2923 4155 3075 4209 nitor
3114 4162 3171 4211 et
3197 4168 3539 4226 quacunque
3567 4162 3720 4207 vete-

2139 4267 2257 4309 rem
2291 4251 2439 4313 illam
2473 4250 2598 4309 vitac
2627 4247 3113 4316 consuetudinem,
3145 4262 3268 4318 quae
3294 4262 3417 4302 cum
3457 4245 3724 4315 Serpente

2139 4347 2269 4403 olim
2318 4346 2442 4410 fuit,
2482 4344 2723 4416 qundam
2754 4344 2918 4399 veluti
2969 4339 3342 4399 enctcniorum
3390 4342 3527 4397 festo
3563 4355 3722 4395 reuo-

455 4433 682 4505 νόμιμα.
715 4432 852 4486 Οὐδὲ
878 4433 1094 4489 δουλεία
1131 4436 1225 4490 καὶ
1259 4435 1518 4492 αὐθεντία
1547 4440 1764 4511 μερίζει
1794 4442 1888 4495 τὸν
1917 4441 2028 4512 βίον

2138 4447 2294 4505 vant,
2345 4453 2413 4494 ac
2442 4452 2637 4508 magna
2685 4435 3033 4501 conlusione,
3069 4434 3280 4505 magnis
3310 4434 3593 4489 turbarum
3623 4430 3728 4486 tiu.-

454 4526 610 4580 ἐκεῖ·
650 4525 768 4579 ἀλλ’
828 4527 1101 4598 ίσηγορία,
1161 4529 1257 4582 καὶ
1309 4531 1603 4601 μετριότης
1662 4534 2028 4606 φρονήματος,

2141 4532 2326 4607 ctibus
2357 4532 2521 4587 vitam
2555 4529 2807 4599 implent.
2839 4530 3122 4600 Nusquam
3164 4526 3238 4583 ibi
3284 4527 3508 4583 venales
3538 4527 3594 4582 in
3626 4544 3727 4599 pu-

456 4617 551 4670 καὶ
582 4616 747 4688 ἧθους
783 4621 1067 4688 σεμνότης,
1104 4621 1199 4673 καὶ
1228 4620 1579 4694 δικαιοσύνης
1619 4624 1870 4693 εὐγένεια
1903 4643 2028 4699 σκη-

2141 4625 2286 4681 hlico
2318 4639 2564 4689 merces;
2603 4638 2877 4692 nusquam
2917 4622 3058 4689 fora,
3088 4629 3184 4676 aut
3215 4622 3427 4684 aediles.
3462 4631 3558 4676 aut
3579 4622 3729 4693 judis-

457 4708 677 4762 νοῦατεῖ
708 4711 801 4763 καὶ
838 4713 1189 4782 περιχορεύει
1215 4712 1307 4766 τὸν
1347 4713 1526 4785 χῶρον
1559 4717 1788 4782 ἐκεῖνον,
1819 4718 1913 4771 καὶ
1938 4719 2028 4772 ὅσα

2141 4735 2268 4774 cum
2322 4718 2645 4784 tribunalia,
2699 4724 2795 4773 aut
2844 4714 3070 4785 linguae,
3103 4713 3447 4778 venditatio,
3508 4722 3605 4768 aut
3659 4715 3727 4768 de

457 4803 555 4873 τὴν
606 4802 788 4857 ἔνθεον
846 4804 915 4859 ἐν(
945 4806 1014 4874 γῇ
1068 4804 1397 4877 δημιουργεί
1447 4807 1745 4874 πολιτείαν,
1783 4811 1880 4863 καὶ⁸
1938 4811 2028 4882 τὴν

2142 4809 2319 4866 curuli
2351 4810 2484 4865 sella
2519 4808 2713 4873 fastus,
2739 4807 2863 4877 jura
2906 4821 3005 4874 pro
3054 4804 3285 4859 libidine
3330 4805 3722 4870 interpretans.

455 4894 626 4959 ὅντως
671 4897 728 4948 ἐν
756 4895 899 4967 ψυχῇ
953 4897 1275 4964 φιλοσοφίαν
1327 4897 1640 4968 ἐργάζεται.
1689 4901 1766 4953 Οὐ
1808 4901 2028 4967 πλοῦτος

2144 4899 2264 4956 Non
2311 4897 2424 4955 illic
2461 4898 2590 4952 vitae
2622 4895 2872 4951 conditio
2902 4894 2959 4948 in
2985 4894 3315 4948 servitutem
3344 4902 3510 4962 atque
3554 4893 3727 4949 imne-

458 4991 577 5041 ἐκεῖ
612 4990 706 5042 καὶ
745 4989 959 5058 δαπάνη
996 4989 1295 5059 χρημάτων
1330 4993 1424 5043 καὶ
1457 4992 1800 5061 βλακεύουσα
1839 4994 2028 5065 θρύψις

2146 4991 2287 5047 rium
2320 4990 2491 5045 herile
2513 4988 2694 5046 diVisa
2717 4996 2821 5042 est.
2854 4984 2962 5041 Sed
2991 4994 3047 5041 et
3080 4985 3345 5057 loquendi
3375 5000 3532 5054 aequa
3567 4983 3732 5040 liber-

459 5081 915 5150 ἐμπολιτεύεται*
958 5083 1074 5135 ἀλλ’
1125 5084 1273 5154 ᾇπαν
1314 5085 1462 5136 ἐστὶν
1504 5087 1720 5156 ἀληθῶς
1753 5088 1949 5156 σεμνόν
1982 5104 2028 5149 τε

2144 5091 2246 5148 tas,
2277 5090 2333 5136 et
2384 5079 2553 5135 animi
2590 5078 2919 5144 moderatio,
2968 5087 3028 5134 et
3072 5093 3287 5132 morum
3339 5078 3624 5142 honestas,
3675 5085 3731 5131 et

461 5174 555 5226 καὶ
578 5174 892 5243 ἐλευθέριον
921 5169 1074 5249 ἦθος,
1102 5176 1195 5228 καὶ
1224 5176 1279 5237 ἐς
1306 5177 1374 5228 τὰ
1403 5175 1505 5246 τῆς
1532 5178 1736 5248 ἀρετῆς
1766 5178 2028 5248 ἀνάκτορα

2135 5175 2364 5248 justitiae
2399 5173 2710 5244 ingenuitas
2740 5172 2927 5228 locum
2956 5170 3114 5226 illum
3141 5186 3242 5243 pro
3262 5172 3480 5227 theatro
3502 5170 3728 5235 habent,

460 5264 715 5332 σπεῦδον,
758 5265 977 5318 καὶτὸν
1021 5264 1226 5335 Δώριον
1262 5265 1461 5336 τρόπον
1504 5267 1581 5329 ὡς
1621 5266 1839 5335 ἀληθῶς
1869 5270 2028 5340 ἡρμο-

2140 5278 2198 5324 et
2250 5267 2419 5325 choro
2470 5264 2641 5320 veluti
2688 5264 2956 5329 lustrant,
3000 5278 3191 5333 eaeque
3237 5276 3432 5317 omnes
3473 5261 3729 5323 virtutes.

462 5356 659 5424 σμένον
694 5357 832 5425 πρὸς
855 5357 925 5409 τὰ
959 5358 1122 5413 καλά.

2139 5375 2263 5429 qum
2288 5358 2567 5417 enale‘stem
2604 5357 2655 5411 in
2689 5369 2837 5412 terra
2869 5371 3054 5410 rerum
3094 5354 3343 5410 ordinem
3389 5352 3635 5423 pariunt,
3666 5366 3732 5406 ac

459 5463 645 5502 veram
696 5449 754 5503 in
782 5450 995 5506 animos
1044 5451 1440 5522 philosophiam
1476 5450 1762 5507 invehunt.
1793 5451 1913 5509 Non
1960 5451 2034 5506 ibi
2074 5465 2209 5520 opes
2270 5465 2335 5504 ac
2376 5447 2678 5520 pecuniarii
2750 5456 3034 5516 sumptus;
3085 5459 3195 5500 non
3227 5443 3303 5497 ibi
3342 5457 3528 5497 socors
3571 5441 3735 5497 luxu—

462 5543 541 5598 ria
586 5555 826 5616 regnat:
887 5546 984 5603 sed
1058 5557 1232 5604 totum
1293 5548 1454 5619 717
1500 5548 1623 5602 vitae
1668 5545 2001 5613 institutum,
2045 5547 2339 5602 honestum
2381 5548 2445 5599 “re
2494 5544 2609 5614 ipsa
2660 5552 2715 5597 et
2770 5540 3021 5615 liberale,
3090 5537 3337 5595 studiose
3376 5535 3447 5595 ad
3494 5536 3733 5595 sacraria

461 5643 694 5699 Virtutis
720 5642 915 5713 pergit,
943 5652 999 5698 et
1024 5645 1215 5699 Dorica
1235 5644 1393 5712 plane
1424 5641 1705 5697 harmonia
1736 5657 1859 5696 cum
1894 5643 2039 5697 bono
2079 5650 2136 5697 et
2175 5634 2410 5711 pulchro
2448 5640 2720 5711 congruit.
3215 5678 3219 5687 «

532 5741 608 5794 Δ’.
649 5740 840 5792 Πᾶσαν
870 5738 969 5807 μὲν
994 5738 1105 5809 γὰρ
1128 5718 1453 5808 αὐτομάτως
1487 5737 1661 5789 εἰπεῖν
1686 5736 1781 5789 καὶ
1809 5736 1839 5788 ό
1871 5734 2028 5805 χῶρος

2228 5736 2314 5790 lV.
2355 5734 2584 5791 Omnem
2619 5736 2763 5789 enim
2794 5735 2948 5790 locus
2980 5734 3068 5789 ille
3097 5735 3291 5799 suapte
3327 5725 3735 5799 quodammodo

466 5833 675 5897 ἐκεῖνος
705 5832 1037 5887 ἁποσπεύδει
1067 5832 1161 5886 καὶ⁸
1190 5831 1493 5885 ἀπωθεῖται
1524 5826 1745 5897 κακίαν,
1780 5831 1961 5893 πᾶσαν
1997 5829 2025 5891 δ

2154 5826 2412 5891 smundat
2442 5828 2631 5901 procul
2678 5836 2841 5898 atque
2882 5825 3105 5896 expellit
3136 5822 3548 5893 improbitatem
3575 5837 3590 5888 ;
3623 5818 3737 5881 vit"
