4070 6440
478 370 583 440 951
731 368 808 443 [Α.
851 385 908 427 ιι.
951 369 1248 435 6852mm.
1292 372 1386 448 is]

1690 380 2123 447 NICEPHOHI
2161 386 2552 454 GREGORA!

2892 390 3030 464 [ων.
3074 407 3122 449 ι.
3161 407 3400 458 ramosa
3437 392 3493 468 ι]

3640 398 3739 467 952

487 499 663 547 tntem
698 500 881 547 autem
911 507 1133 549 omnem
1157 492 1421 552 adsciscit
1453 501 1512 551 et
1539 495 1609 553 ad
1640 511 1699 553 se
1731 499 2061 556 intromittit

2176 506 2413 561 εἰσποιεῖ
2444 509 2539 563 καὶ
2572 509 2921 578 είσοικίζεται
2951 513 3158 585 ἀρετήν
3182 529 3198 547 ο
3235 531 3383 588 παρα
3411 514 3651 575 τοσοῦτόν
3678 538 3730 575 τε

486 591 711 651 tamque
768 591 853 638 est
897 597 1090 639 amans
1142 584 1299 650 recti,
1351 600 1516 657 quam
1573 589 1732 659 pravi
1791 590 2072 647 inimicus.

483 670 656 742 quue
682 671 828 728 idem
881 673 975 730 ille
1016 689 1175 731 mons
1211 674 1425 746 pridem
1474 688 1635 735 antea
1670 679 1969 739 declaravit
2010 697 2086 755 ac,

483 766 895 837 praenuntiavit,
927 783 1039 823 non
1072 768 1242 824 labris
1268 780 1363 825 aut
1392 770 1504 826 ullo
1534 772 1642 828 alio
1666 774 1816 829 vocis
1843 789 2072 846 organo,

485 858 578 912 sed
611 858 1065 933 operibus‘quasi
1101 860 1383 928 animatis,
1416 878 1539 934 quae
1566 879 1667 934 per
1694 880 1915 921 omnem
1948 882 2073 937 pos-

484 958 611 1006 sent
642 959 804 1008 terra:
839 961 895 1008 et
937 955 1108 1010 maris
1137 954 1328 1011 orbem
1375 956 1591 1027 pulchri
1640 946 1886 1030 rectique
1934 976 2075 1032 pra:-

483 1043 707 1103 conium
770 1044 1086 1102 diﬂ‘undere
1150 1060 1216 1102 ac
1271 1046 1591 1115 praedicare.
1659 1048 1855 1107 Xerxae
1922 1052 2073 1109 enim

485 1135 634 1191 illius
662 1136 866 1192 veteris
894 1136 1196 1209 Barbarum
1219 1145 1278 1192 et
1305 1137 1544 1195 ferocem
1576 1140 1845 1209 animum,
1877 1142 1972 1213 qui
2017 1144 2074 1198 in

482 1228 659 1298 ipsam
686 1244 874 1286 rerum
899 1239 1154 1287 naturam
1185 1230 1476 1287 libidinem
1515 1239 1573 1288 et
1604 1232 1888 1304 lasciviam
1915 1249 2072 1291 suam

481 1322 795 1386 exercebat,
824 1330 990 1392 atque
1015 1322 1070 1377 in
1102 1331 1315 1378 tantum
1344 1324 1522 1380 elatus
1539 1333 1680 1393 erat,
1708 1337 1771 1381 ut
1799 1326 2074 1386 elementa

482 1412 666 1467 omnia
712 1413 971 1470 novando
1022 1424 1284 1478 mutaret.
1330 1432 1457 1472 cum
1497 1417 1616 1489 ejus
1666 1418 1842 1490 ipsius
1870 1421 2074 1476 montis

2180 597 2489 669 φιλόκαλος,
2543 602 2786 675 παρόσον
2840 605 2959 659 ἐστὶ
3019 606 3408 680 μισοπόνηρος.
3451 609 3558 664 Καὶ
3591 611 3736 667 τοῦτο

2184 692 2356 747 πάλαι
2388 694 2819 766 προανεφώνησέ
2863 714 2925 751 τε
2955 697 3050 752 καὶ
3095 698 3514 770 προεθέσπισεν,
3543 703 3599 755 ού
3632 704 3735 775 χεί⁶

2180 783 2298 838 λεσι
2329 784 2427 841 καὶ
2467 790 2797 858 φωνητικοῖς
2823 786 3079 861 ὀργάνοις
3106 792 3268 855 τισὶν,
3297 791 3414 846 ἀλλ’
3438 793 3611 865 ἔργοις
3635 791 3736 850 οἷον

2177 878 2571 977 ἐμψύχοιςνκαὶ
2602 881 2714 977 διὰΔ
2740 882 2923 977 πάσης
2951 885 3055 954 γῆς
3107 884 3205 938 καὶ
3246 884 3519 954 θαλάσσης
3560 885 3618 939 vi)
3644 887 3736 959 κή-

2178 985 2379 1041 ρυγμα
2413 969 2509 1025 τοῦ
2548 969 2716 1026 καλοῦ
2773 969 3174 1045 παραπέμπειν
3213 975 3308 1030 καὶ
3352 975 3563 1048 ἐξηχείν
3585 976 3734 1031 δυνα-

2179 1063 2384 1135 μένοις.
2416 1063 2619 1137 Ξέρξου
2645 1066 2757 1138 γάρ
2805 1066 3018 1122 ἐκείνου
3047 1068 3346 1137 τοῦπάλαι
3382 1067 3440 1135 τὸ
3487 1068 3738 1140 βάρϐαρον

2177 1155 2272 1209 καὶ
2299 1156 2581 1230 ἀγέρωχον
2609 1157 2892 1230 φρόνημα,
2922 1159 3244 1236 ἀσελγαίνον
3272 1159 3392 1231 ἅμα
3416 1160 3510 1213 καὶ
3537 1159 3739 1231 τρυφῶν

2176 1248 2319 1304 κατὰ
2351 1249 2450 1323 τῆς
2495 1252 2603 1305 τῶν
2631 1251 2768 1306 ὅλων
2798 1250 3038 1323 φύσεως,
3072 1251 3169 1307 καὶ
3209 1252 3282 1307 τά
3308 1254 3546 1323 στοιχεῖα
3576 1252 3738 1308 πάντα

2175 1345 2524 1413 καινοτομεῖν
2579 1344 2966 1417 ἐπαιρόμενον,
2993 1344 3117 1399 ἐπεὶ
3166 1345 3260 1399 καὶ
3304 1344 3399 1399 τοῦ
3441 1345 3597 1416 ὅρους
3625 1363 3738 1400 του-

2173 1432 2294 1487 τουῖ
2342 1432 2434 1487 τὸν
2464 1432 2743 1503 ἰσθμικδν
2793 1435 2999 1507 αὐχένα
3043 1434 3301 1515 διορύηξας
3352 1437 3738 1507 μετεστοιχείου

484 1503 693 1561 istbmo
734 1504 985 1574 perfosso
1029 1513 1228 1561 terram
1261 1507 1316 1562 in
1368 1522 1518 1563 mare
1558 1510 1944 1577 convertisset,
1993 1510 2078 1566 lc-

483 1606 722 1664 cumque
766 1595 819 1670 in
850 1595 1046 1651 insula:
1074 1596 1305 1652 formam
1342 1598 1684 1670 redegisset;
1738 1616 1864 1656 cum
1897 1610 2072 1658 terre-

480 1696 627 1741 stres
654 1688 840 1757 copias
874 1690 974 1758 per
996 1704 1146 1745 mare
1195 1692 1609 1760 transmisisSet,
1658 1693 2061 1765 eﬂ‘ecissetque,

2174 1688 2465 1781 άγκάλαις,
2503 1716 2600 1769 καὶ
2632 1688 2830 1787 νηῖτην
2853 1715 2946 1769 τὸν
2982 1717 3305 1786 ἢπειρώτην
3336 1715 3549 1771 ἐδείκνυ
3592 1688 3741 1786 στρα-

482 1787 544 1835 ιιι
573 1779 783 1836 navalis
808 1780 1093 1838 videretur
1132 1781 1179 1839 is
1216 1784 1516 1848 exercitus,
1562 1786 1658 1856 qui
1702 1795 1825 1841 erat
1887 1795 2061 1843 terre-

2173 1779 2286 1871 τὸν,
2316 1808 2411 1859 ἐπὶ
2438 1806 2534 1861 τοῦ
2568 1779 2849 1879 πανδήμου
2880 1779 3136 1877 θεάτρου.
3154 1779 3268 1878 τῆς-
3282 1808 3608 1877 οἰκουμένης
3652 1779 3736 1860 πε-

479 1873 635 1941 sttis,
687 1872 859 1941 illius,
894 1873 1141 1945 inquam,
1175 1874 1373 1932 Xerxe
1419 1850 1735 1948 superbiam
1784 1879 1841 1933 in
1899 1880 2061 1936 totius

2175 1850 2415 1972 ριφανῶς
2438 1850 2842 1971 ἐξήλεγξε,⁸ζαὶ
2876 1850 3105 1970 πρδςττὸ
3133 1850 3627 1968 ἀνθρωπικιῖῗτερξν
3653 1895 3738 1950 τοῦ

2174 1526 2270 1581 καὶ
2324 1526 2693 1598 μετεσκεύαζε
2725 1524 2821 1581 τδν
2849 1525 3031 1599 χῶρον
3084 1526 3223 1597 πρὸς
3271 1527 3459 1597 νῆσον,
3513 1528 3604 1582 καὶ
3653 1527 3739 1592 τὰς

2173 1621 2552 1692 ἠπειρωτικάς
2605 1622 2689 1691 ἐφ’
2740 1621 2936 1694 ὑγραῖς
2970 1609 3246 1685 διεϐίϐἃζε
3296 1622 3436 1686 τέως
3488 1621 3740 1691 θαλάττης

479 1963 632 2019 orbis
655 1963 1105 2047 frequentissimo
1142 1966 1358 2023 theatro
1390 1967 1839 2039 splendidissime
1860 1970 2066 2041 arguit,

478 2063 537 2110 et
568 2055 689 2126 ejus
713 2044 914 2113 fastum
946 2044 1185 2113 maxima
1213 2074 1281 2114 ex
1310 2067 1467 2130 parte
1512 2059 1581 2115 ad
1628 2075 1835 2116 morem
1866 2060 2069 2117 huma-

479 2149 692 2206 niorem
746 2149 987 2216 reduxit,
1041 2165 1107 2207 ac
1152 2167 1251 2222 per
1290 2166 1418 2207 eum
1481 2167 1676 2208 omnes
1719 2161 1777 2209 et
1825 2168 1983 2225 reges
2013 2162 2071 2211 et

480 2239 652 2295 duces
681 2248 739 2295 et
766 2249 1027 2311 satrapas
1058 2240 1418 2311 supercilium
1471 2241 1923 2313 intempestivum
1967 2245 2068 2301 ab-

473 2331 650 2400 jicere
697 2340 752 2386 et
798 2331 1226 2388 moderatiorem
1256 2332 1531 2387 animum
1569 2333 1805 2390 induere
1852 2333 2065 2390 docuit.

473 2420 630 2481 Adeo
659 2431 902 2501 montem
935 2423 1092 2478 illum
1126 2423 1197 2480 ab
1212 2423 1385 2479 initio
1412 2431 1609 2479 natura
1638 2425 1753 2495 ipsa
1791 2425 2066 2483 oﬂicinam

260 2584 271 2593 φ
378 2586 387 2603 ἱ
475 2515 700 2574 virtutis
722 2532 845 2573 esse
862 2518 1059 2585 voluit,
1085 2526 1139 2573 et
1161 2534 1356 2575 omnes
1379 2520 1706 2591 jampridem
1730 2518 1797 2575 ad
1820 2530 2066 2575 amorem

474 2612 597 2680 ejus
628 2609 838 2676 allicit;
877 2625 986 2665 non
1037 2625 1137 2666 eos
1187 2610 1391 2677 solum,
1442 2611 1646 2683 quibus
1693 2610 1928 2682 contigit
1956 2611 2069 2667 vir-

478 2703 613 2757 tutis
637 2710 693 2758 et
722 2701 1140 2772 tranquillitatis
1173 2701 1324 2758 illius
1356 2703 1464 2758 mel
1501 2711 1785 2773 utcunque
1817 2710 2064 2773 gustare,

473 2812 667 2859 verum
695 2806 752 2851 et
774 2812 891 2860 eos,
922 2797 1021 2868 qui
1052 2797 1197 2853 fama
1237 2805 1293 2852 et
1323 2796 1491 2868 718
1519 2796 1804 2852 auditione
1835 2810 2067 2866 accepe-

476 2876 757 2962 runt-ejus
801 2889 909 2952 loci
940 2890 1323 2946 excellentiam
1353 2906 1369 2945 :
1398 2891 1559 2961 cujus
1605 2906 1670 2946 ea
1716 2900 1802 2946 est
1842 2898 2062 2958 natura,

452 2980 537 3039 'ut
577 2991 643 3038 ex
687 2963 758 3038 iis
802 2982 897 3054 qui
932 2981 1000 3040 ad
1054 2982 1388 3039 hodiernum
1421 2981 1568 3038 diem
1603 2982 1678 3039 ibi
1720 2982 2067 3051 habitarunt,

352 3080 363 3086 ‘
473 3073 947 3130 celebratissimos
997 3066 1124 3151 illos
1155 3075 1369 3143 reddat,
1413 3074 1509 3145 qui
1559 3073 1834 3130 sinceram
1877 3083 1934 3129 et
1978 3075 2066 3129 in-

2170 1992 2344 2062 tt'i‘qmu
2377 1992 2439 2047 τδ
2470 1993 2724 2049 πλεῖστον
2757 1993 3061 2066 ἀπήλλαξε,
3088 1993 3183 2048 καὶ
3206 1991 3281 2047 δι’
3311 1993 3524 2046 ἐκείνου
3551 1989 3741 2053 πάντας

2168 2083 2378 2150 ἐδίδαξε
2412 2083 2689 2154 βασιλέας,
2737 2087 2835 2139 καὶ
2874 2088 3240 2158 στρατηγοὺς,
3296 2085 3393 2140 καὶ
3451 2084 3737 2156 σατράπας.

2168 2177 2351 2245 τὸτῆς
2384 2177 2587 2250 ὀφρύος
2628 2177 2857 2248 ἄκαιρον
2905 2179 3359 2250 άπορρἱτοντας
3412 2176 3738 2248 μετριώτερα

2169 2267 2344 2338 δήπου
2376 2270 2616 2339 φρονεῖν.
2648 2266 2736 2340 [Ρ.
2773 2266 2904 2341 430]
2948 2268 3139 2332 Οὕτως
3186 2267 3247 2334 te
3306 2267 3544 2339 άρχῆςή
3597 2265 3741 2337 φύσις

2169 2355 2531 2428 ἐργαστήριον
2572 2357 2705 2411 αὐτὸ
2745 2356 3165 2412 κατεσκεύακεν
3225 2358 3452 2428 ἀρετῆς,
3488 2358 3580 2411 καὶ
3620 2357 3741 2411 πάν-

2168 2466 2270 2514 τας
2314 2448 2465 2503 ἒλκει
2515 2450 2654 2521 πρὸς
2696 2450 2907 2520 ἔρωτας
2936 2451 3148 2506 ἄνωθεν
3204 2451 3433 2517 ἑαυτοῦ,
3488 2451 3559 2523 μὴ
3595 2450 3739 2519 μόνον

2167 2543 2312 2606 ὅσοις
2337 2541 2432 2596 τοῦ
2470 2543 2568 2614 τῆς
2600 2543 2803 2615 ἀρετῆς
2830 2546 2925 2597 καὶ
2951 2543 3050 2614 τῆς
3067 2543 3306 2613 ἡσυχίας
3336 2544 3548 2612 ἐκείνης
3575 2542 3742 2596 όπώσ-

2171 2651 2302 2690 ποτε
2342 2634 2644 2703 γεύσασθαι
2698 2635 2914 2700 μέλιτος
2973 2634 3277 2702 ἐξεγένετο,
3315 2621 3453 2695 ἀλλὰ
3480 2635 3570 2688 καὶ
3610 2634 3741 2697 ὅσοις

2169 2727 2237 2782 δι’
2264 2728 2432 2799 ἀκοῆς
2464 2728 2532 2781 τὰ
2570 2729 2687 2780 ἐκεῖ
2714 2726 2909 2796 μαθεῖν
2943 2710 3142 2795 συνέϐη
3188 2725 3443 2797 χρηστά’
3493 2724 3627 2780 ὥστε
3653 2722 3739 2777 καὶ

2170 2821 2283 2876 τῶν
2319 2821 2407 2876 ἀεὶ
2445 2824 2542 2875 καὶ
2584 2821 2746 2893 μέχρι
2781 2820 2877 2873 νῦν
2924 2818 3186 2888 8t.quwa
3227 2818 3579 2889 οἰκησάντων
3619 2816 3739 2869 αὐτὸ

2170 2913 2538 2985 περιϐοήτους
2579 2913 2678 2984 μὲν
2726 2911 3074 2981 καθίστησιν,
3110 2911 3227 2963 ὅσοι
3287 2911 3529 2981 καθαρόν
3561 2925 3617 2962 τε
3654 2908 3739 2961 καὶ

2170 3005 2578 3076 άκαπήλευτον,
2614 3003 2707 3058 καὶ
2740 3002 2984 3069 ζιζανίου
3017 3003 3222 3068 παντὸς
3254 3001 3462 3072 ἀμιγὲς
3489 3001 3581 3055 καὶ
3602 2997 3739 3052 ﬂeti.-

2170 3097 2355 3168 θερον,
2391 3099 2473 3162 εἰς
2516 3097 2671 3162 τέλος
2709 3097 2770 3154 τὸ
2814 3096 2917 3165 τῆς
2946 3096 3153 3168 ἀρετῆς
3201 3094 3516 3149 διετέλεσαν
3556 3107 3737 3160 συντη-

471 3174 817 3238 corruptam,
860 3164 1090 3238 loliique
1134 3180 1361 3237 prorsus
1391 3181 1587 3239 puram
1628 3175 1686 3221 et
1738 3166 2061 3234 immunem,

2175 3164 2396 3264 ροὸντες
2448 3189 2756 3260 γεώργιον
2796 3164 3177 3262 ἐξοστρακίζει
3213 3186 3259 3242 δ’
3309 3185 3379 3243 αὖ
3410 3187 3612 3245 ἐκεῖθεν
3654 3181 3737 3237 καὶ

473 3275 695 3315 scrvare
729 3259 788 3315 id
804 3268 1113 3315 extremum
1141 3269 1381 3331 segetem
1405 3258 1630 3314 virtutis
1654 3260 2061 3330 perstiterunt:

442 3358 668 3411 ~rurs‘us
705 3367 834 3408 vero
886 3352 1140 3408 exsulare
1172 3350 1302 3407 inde
1344 3353 1557 3423 iubeat,
1599 3355 1841 3424 totisque
1879 3351 2065 3424 exigat

475 3444 685 3501 viribus
712 3454 1009 3514 arceatque
1037 3441 1262 3513 hospitii
1303 3443 1588 3499 consortio
1633 3442 1947 3515 hypocritas
1974 3452 2064 3497 at-

473 3548 582 3606 que
617 3535 834 3604 impios.

546 3627 610 3684 ν.
648 3627 717 3691 Ει
747 3643 810 3684 ea
843 3626 1087 3707 quidem,
1134 3642 1256 3697 quae
1291 3626 1606 3703 antiquiora
1641 3633 1792 3693 sunt,
1842 3624 2064 3683 abunde

474 3719 543 3776 ab
589 3721 716 3777 aliis
767 3730 989 3783 narrata
1036 3719 1232 3776 audire
1277 3729 1380 3775 est.
1419 3719 1532 3791 Ego
1561 3734 1695 3774 vero
1731 3732 1796 3774 ea
1846 3727 2060 3775 tantum

471 3811 938 3880 Commemorabo,
983 3827 1107 3883 qua:
1156 3809 1464 3868 recentiora
1510 3820 1674 3876 sunt;
1726 3810 1817 3867 illa
1860 3825 2061 3882 nempe

470 3907 538 3961 de
575 3903 818 3976 loseplio
847 3904 1121 3971 Cretensi,
1172 3903 1558 3974 Larissatoque
1586 3902 1847 3975 Georgio,
1896 3913 2061 3964 caste-

471 3997 658 4070 risque
691 3996 969 4063 omnibus,
997 3996 1095 4071 qui
1127 3995 1453 4052 eorumdem
1488 3993 1807 4051 fmdissima:
1851 4009 2060 4051 mensa

472 4090 852 4149 accumbendo
907 4088 1160 4146 bacchati
1219 4089 1476 4156 fuerant,
1542 4096 1734 4158 utpote
1797 4088 2057 4159 discipuli

470 4181 858 4236 abominandis
890 4181 1161 4236 institutis
1192 4178 1582 4252 mysteriisque
1617 4179 1821 4236 initiati
1856 4195 1887 4235 a
1916 4193 2057 4250 prm-

468 4273 789 4342 ccptoribus
820 4288 833 4323 :
869 4281 985 4327 tum
1017 4273 1106 4328 illa
1136 4281 1401 4343 praeterea
1436 4272 1505 4327 de
1542 4270 1754 4342 pictore
1783 4270 1952 4336 Mose,
1986 4271 2058 4327 de

388 4408 397 4417 .
468 4363 673 4430 lsaaco,
733 4364 960 4432 Davide,
1012 4364 1165 4432 lobo,
1218 4373 1277 4421 et
1328 4365 1649 4435 quicunque
1697 4363 1793 4420 alii
1848 4363 2055 4432 lingua,

468 4458 760 4521 sententia,
796 4469 851 4513 et
874 4472 1042 4513 manu
1078 4456 1293 4528 profani
1328 4446 1453 4512 cuiu
1483 4465 1693 4521 essent,
1714 4454 2052 4529 optimorum

2167 3286 2320 3351 ὅλαις
2348 3286 2540 3357 χερσὶν
2571 3282 2853 3351 ἐξελαύνει
2883 3284 2980 3340 καὶ
3008 3282 3320 3338 ἀπωθεῖται
3356 3283 3456 3353 τὴν
3478 3278 3584 3335 τῶν
3612 3276 3735 3339 imor

2165 3377 2371 3450 κριτῶν
2406 3377 2503 3432 καὶ
2528 3375 2777 3451 βεϐήλων
2818 3374 3153 3453 συνοίκησιν.

2234 3644 2310 3701 E'.
2354 3644 2467 3699 Καὶ
2519 3643 2589 3714 τά
2634 3644 2736 3716 μὲν
2793 3643 3128 3716 ἀρχαιότερα
3175 3644 3554 3717 διηγουμένων
3597 3640 3733 3695 ἐστὶν

2162 3736 2367 3809 ἑτέρων
2398 3735 2619 3791 ἀκούειν
2648 3736 2961 3808 αὐτάρκως.
3011 3736 3152 3806 Ἐγὼ
3173 3735 3231 3790 δὲ
3252 3737 3328 3792 τὰ
3350 3735 3537 3791 νεωστὶ
3558 3732 3735 3803 διηγή-

2163 3847 2355 3901 σομαι,
2390 3830 2459 3883 τὰ
2494 3831 2625 3901 περὶ
2673 3829 2769 3883 τὸν
2822 3829 3016 3901 Κρῆτά
3066 3846 3210 3899 φημι
3263 3829 3463 3900 Ἰωσὴφ
3500 3828 3592 3880 καὶ
3637 3824 3721 3877 τὸν

2161 3923 2445 3995 Λαρισσέα
2478 3923 2777 3992 Γεὼργιον,
2809 3922 2905 3976 καὶ
2931 3922 3046 3976 ὅσοι
3072 3925 3200 3994 περὶ
3221 3925 3323 3993 τήν
3356 3925 3504 3992 σφῶν
3534 3920 3727 3992 μιαρὰν

2161 4016 2505 4087 ἑϐάκχευσαν
2547 4013 2851 4087 τράπεζαν,
2892 4014 2994 4070 ὅσα
3033 4015 3097 4084 δὴ
3151 4017 3247 4070 καὶ
3297 4013 3552 4086 φοιτηταὶ
3603 4010 3725 4082 πρὸς

2159 4106 2503 4163 διδασκάλων
2527 4108 2596 4160 τά
2640 4107 2863 4178 μυσαρὰ
2893 4107 3425 4178 μυσταγωγούμενοι
3457 4107 3690 4174 δόγματα
3709 4115 3724 4131 θ

2158 4199 2240 4254 ἔτι
2269 4217 2330 4253 τε
2359 4197 2429 4253 τά
2452 4200 2582 4269 περὶ
2613 4199 2820 4252 Μωσέα
2849 4197 2942 4252 τὸν
2976 4196 3271 4270 ζωγράφον
3304 4200 3399 4254 καί
3433 4197 3610 4254 Ἰσαὰκ
3640 4191 3725 4247 καὶ
3752 4182 3775 4193 ”

2156 4289 2325 4345 Δαϐὶδ
2341 4290 2435 4346 καὶ
2461 4288 2606 4356 Ἰὼϐ,
2622 4290 2720 4343 κοιλ⁸
2737 4289 2853 4343 ὅσοι
2875 4289 3138 4361 βεϐήλους
3151 4288 3371 4361 ἔχοντες
3393 4290 3619 4359 πάμπαν
3639 4282 3723 4338 καὶ

2156 4380 2403 4452 γλώττας
2426 4381 2523 4437 καὶ
2550 4379 2778 4452 γνώμας
2825 4383 2922 4438 καὶ
2953 4384 3144 4452 χεῖρας
3171 4381 3403 4453 ὀνόμασι
3450 4379 3722 4451 βελτίστων

2156 4450 2389 4545 άνὸρῶν,
2434 4473 2533 4529 καὶ
2561 4450 2912 4546 περιϐοήτων
2954 4450 3056 4545 τὴν
3100 4450 3331 4546 ἀρετὴ-ν,
3352 4450 3720 4544 ’περιστέλλειν

466 4558 523 4609 et
575 4549 798 4606 virtutis
855 4549 1002 4618 fama
1064 4548 1363 4605 illustrium
1416 4547 1664 4603 virorum
1727 4547 2051 4604 nominibus

2164 4566 2599 4637 ίπονηρεύσαντο
2656 4565 2758 4636 τὴν
2808 4566 3102 4640 ινδόμυχον
3161 4567 3423 4621 ἀπόνοιαν
3472 4563 3568 4623 καὶ
3600 4559 3720 4614 ἀσέ-

468 4640 722 4694 latcutem
773 4640 827 4694 in
876 4643 1062 4697 animo
1111 4641 1446 4694 dementiam
1490 4651 1659 4709 atque
1710 4638 2050 4710 impietatem

468 4734 610 4787 male
628 4742 683 4786 et
711 4731 1097 4798 fraudulenter
1121 4729 1415 4800 velabant;
1450 4732 1834 4801 sepulcrorum
1856 4732 2051 4799 instar,

467 4837 591 4891 qua:
618 4825 957 4877 teterrimum
1004 4824 1154 4878 intus
1182 4822 1410 4879 odorem
1451 4824 1721 4895 spirantia
1750 4840 1920 4899 gypso
1949 4839 2054 4880 au-

466 4928 638 4987 roque
685 4914 1033 4978 extrinsecus
1085 4926 1376 4971 ornantur.
1441 4904 1686 4987 Induunt
1734 4918 1879 4972 enim
1944 4917 2049 4988 ipsi

465 5019 690 5075 quoque
729 5005 970 5075 speciem
1000 5017 1070 5087 et,
1091 5023 1294 5062 nomen
1337 5009 1818 5089 sanctissimorum
1867 5010 2049 5065 homi-

408 5102 621 5177 jnum,
665 5104 722 5150 et
774 5095 997 5152 virtutis
1051 5098 1214 5155 laude
1264 5101 1589 5172 lnsignium,
1622 5109 1685 5157 ut
1742 5102 1820 5160 illi
1866 5103 2049 5159 scenis

461 5187 651 5259 agitati
681 5187 890 5246 Orestae
917 5199 975 5246 et
996 5190 1231 5264 Pyladea,
1246 5203 1301 5249 et
1325 5195 1551 5261 Thesei,
1573 5205 1630 5251 et
1654 5196 1909 5266 Pelopes,
1937 5211 2049 5268 quo

461 5281 816 5354 malignitatis
843 5297 957 5339 suae
985 5272 1139 5344 virus
1164 5287 1379 5343 occulte
1401 5290 1708 5352 evomendo
1723 5287 2047 5360 purioribus

460 5376 774 5455 quibusque
803 5388 1117 5453 aspergant.
1716 5362 1725 5381 Χ
1787 5383 1794 5389 ’

531 5467 620 5525 Vl.
663 5456 886 5535 Illorum
913 5487 1047 5529 sane
1076 5471 1441 5535 abominanda
1467 5489 1533 5531 ac
1554 5473 1773 5547 impura
1811 5484 2046 5533 testatur

457 5575 581 5619 esse
609 5561 867 5634 dogmata
899 5564 1108 5623 Tomus
1136 5565 1231 5622 ille
1256 5565 1326 5624 de
1347 5582 1540 5624 eorum
1582 5569 1866 5641 impietate
1905 5573 2045 5629 scri-

456 5662 607 5747 ptus,
657 5666 716 5712 et
763 5657 833 5713 ad
889 5673 1105 5716 sacram
1156 5663 1429 5732 synodum
1473 5662 1830 5734 Byzantinam
1879 5664 2044 5747 719

458 5744 658 5801 allatus
708 5761 738 5800 a
771 5748 1149 5805 sanctissimis
1195 5750 1356 5815 viris,
1406 5764 1648 5809 montem
1699 5753 1851 5808 illum
1885 5744 2041 5810 inco-

456 5832 728 5904 lentibus;
767 5849 881 5895 tum
917 5841 989 5897 ob
1017 5843 1146 5909 alia,
1181 5858 1303 5914 qua:
1333 5860 1401 5901 ne
1446 5845 1678 5902 auribus
1706 5844 1931 5918 quidem
1960 5847 2040 5904 fa-

2156 4658 2313 4727 ϐειαν
2347 4658 2448 4730 τῆς
2481 4657 2687 4729 ψυχῆς,
2740 4646 3150 4730 παραπλησίως
3180 4660 3295 4723 τοῖς
3342 4660 3551 4727 τάφοις,
3584 4653 3634 4707 οἵ
3658 4650 3720 4703 τὰ

2154 4748 2301 4807 ἔνδον
2325 4751 2547 4822 μακρᾶς
2575 4749 2874 4816 άπόξοντες
2903 4750 3170 4815 δυσωδίας
3200 4753 3403 4823 τιτάνῳ
3435 4751 3523 4804 καὶ
3548 4743 3718 4820 χρυσῷ

2151 4840 2222 4895 τὰ
2252 4840 2358 4906 ἔξω
2388 4841 2744 4913 κοσμοῦνται.
2790 4842 3147 4905 ’Υποδύονται
3173 4844 3284 4915 γὰρ
3314 4844 3412 4897 καλ⁵
3454 4840 3601 4895 αὐτοὶ
3630 4835 3715 4889 καὶ

2153 4931 2344 5001 σχῆμα
2380 4932 2477 4985 καὶ
2499 4930 2672 5000 ὄνομα
2696 4931 2992 5003 βελτίστων
3022 4933 3256 5004 ἀνδρῶν,
3287 4934 3385 4988 καὶ
3414 4934 3509 5001 τὴν
3529 4926 3714 4997 ἀρετήν

2150 5022 2469 5093 ἐπισήμων,
2501 5023 2756 5095 καθάπερ
2799 5024 2851 5077 oi
2897 5025 2956 5078 ἐν
2992 5027 3106 5085 τοῖς
3158 5025 3432 5095 δράμασιν
3474 5020 3711 5091 Ὀρέσται

2150 5113 2247 5168 καὶ
2293 5115 2537 5173 Πυλάδαι
2586 5116 2684 5171 καὶ
2715 5116 2915 5187 Θησεϊς
2951 5117 3046 5180 καὶ
3084 5117 3345 5181 Πέλοπες,
3393 5115 3481 5169 ἵνα
3526 5111 3613 5163 τὸν
3644 5108 3712 5160 ἰδν

2151 5211 2293 5267 κατὰ
2322 5208 2433 5267 τῶν
2473 5208 2882 5283 άκεραιοτέρων
2928 5209 3030 5281 τῆς
3066 5209 3219 5279 σφῶν
3249 5207 3427 5263 αὐτῶν
3467 5202 3708 5273 ὲξεμοῦν-

2149 5315 2243 5364 τις
2271 5300 2475 5365 κακίας
2499 5300 2866 5356 λανθάνωσιν.

2223 5480 2314 5546 (τ’.
2359 5472 2515 5532 Εῐναί
2547 5494 2613 5547 γε
2655 5477 2765 5549 μὴν
2813 5479 2881 5532 τά
2927 5478 3155 5532 ἐκείνων
3199 5479 3418 5550 μυσαρὰ
3452 5480 3539 5530 καὶ
3577 5466 3702 5524 ἀκά-

2148 5570 2324 5642 θαρτα
2351 5571 2622 5642 δόγματα,
2648 5571 2815 5641 φησιν
2843 5573 2871 5623 ὁ
2906 5574 2987 5635 εἰς
3015 5573 3075 5625 τὸ
3104 5572 3213 5626 τῶν
3243 5568 3546 5636 Βυζαντίων
3571 5562 3700 5629 ἱερῖιν

2143 5662 2432 5733 κομισθεὶς
2479 5663 2759 5734 συνέδριον
2794 5663 3075 5734 ἔγγραφος
3108 5667 3208 5735 τῆς
3247 5661 3427 5717 αὐτῶν
3465 5654 3698 5710 ἀσεϐείας

2144 5754 2327 5825 Τόμος
2358 5755 2495 5826 πρὸς
2533 5755 2643 5809 τῶν
2674 5754 2954 5827 θεοφῦρων
2992 5755 3084 5809 τοῦ
3114 5757 3276 5828 ὅρους
3302 5753 3526 5824 ἀνδρῶν,
3554 5746 3616 5800 τά
3644 5756 3693 5792 τε

2141 5847 2303 5915 ἄλλα,
2337 5849 2437 5903 ὅσα
2471 5847 2595 5920 μηδ’
2635 5849 2773 5920 ἀκοῇ
2826 5851 3127 5920 σωφρονεῖν
3157 5848 3491 5922 αἱρουμένων
3524 5839 3693 5911 φέρειν
