4070 6444
372 407 474 471 95⁸]
722 401 800 475 [Α.
828 421 878 462 c.
915 405 1073 478 1544]

1326 409 1775 476 ΒΥΖΑΝΤΙΝίΕ
1813 405 2199 478 ΗΙεΤΟιῖιΕ
2244 418 2392 481 LIB.
2437 421 2592 482 XIV.

2795 412 2933 486 [περ.
2969 433 3012 472 ι.
3045 429 3284 471 νείκεσι.
3321 415 3356 470 4

3525 420 3630 482 94

373 515 513 573 εἰναι
547 519 724 589 ῥᾴδια,
777 523 870 576 καὶ
901 522 984 576 ὅτι
1017 523 1116 586 τὰς
1163 521 1316 588 θείας
1353 524 1528 596 λάθρα
1571 525 1952 595 συντρίϐοντες

2061 529 2157 584 cile
2191 529 2368 586 ferant
2403 531 2439 586 ii
2485 533 2580 600 qui
2613 530 2784 588 sobrii
2816 532 2961 600 sint;
2993 542 3110 588 tum
3144 535 3271 604 quia
3317 534 3628 590 clanculum

380 612 776 668 κατακαίουσιν
823 614 1040 679 εἰκόνας
1064 632 1081 648 ·
1119 615 1215 670 καὶ
1251 617 1334 670 ὅτι
1369 617 1430 670 τὸ
1482 616 1578 670 τοῦ
1623 619 1948 674 διδασκάλου

379 703 733 773 σεμνύνοντες
757 701 920 777 οὖρον
964 710 1076 772 τοῖς
1113 709 1410 775 ἐδέσμασιν
1465 712 1648 766 αὐτῶν
1691 711 1951 782 ἐπιρῤαἰ-

377 813 527 848 νονσι
554 811 568 825 ³
606 797 701 849 καὶ
739 797 824 850 ὄτι
857 797 955 869 τὴν
1004 798 1272 868 ἐνσαρκον
1304 805 1400 858 καὶ
1441 802 1593 857 θείαν
1635 804 1950 872 οἰκονομίαν

375 885 588 954 οὐδαμῆ
633 887 978 955 προσίενταιο
1011 892 1106 943 καὶ
1139 891 1220 944 ὅσ⁹
1251 892 1448 964 ἄρρητ’
1483 894 1712 963 ἀμείνω.
1746 892 1810 945 Τί
1840 893 1950 963 γάρ

379 975 552 1028 πλείω
577 979 1004 1047 καταλέγεινηδεῖ
1025 984 1119 1036 καὶ
1140 986 1523 1054 καταμιαίνειν
1545 987 1643 1048 τὰς
1660 986 1768 1039 τῶν
1790 986 1949 1038 εὐσε-

378 1069 490 1121 6ὡν
535 1070 724 1136 ἀκοὰς,
778 1072 898 1138 ἐξὸν
944 1076 1010 1129 ἐκ
1057 1077 1151 1129 τοῦ
1201 1078 1384 1148 Τόμου
1436 1081 1546 1142 τοῖς
1604 1079 1949 1150 βουλομένοις

381 1161 675 1230 μανθάνειν
703 1167 1038 1238 σαφέστερον
1061 1211 1077 1234 ,
1107 1169 1166 1232 ὃς
1206 1172 1386 1226 πάντα
1411 1171 1626 1237 διεξιὼν
1651 1171 1951 1242 διαρρήδην

375 1269 475 1318 την
501 1253 650 1322 σφῶν
677 1255 983 1326 στηλιτεύει
1023 1262 1247 1328 κακίαν,
1273 1248 1386 1325 τοῖς
1419 1264 1838 1333 πατριαρχικοϊς
1862 1263 1954 1323 ιγ·

376 1347 764 1416 γεγραμμένος
792 1349 1014 1416 κὼδιξις

451 1439 523 1492 Z'.
557 1441 696 1503 Τοὺς
723 1443 830 1512 γὰρ
864 1445 1138 1515 καθαροὺς
1165 1447 1264 1502 καὶ
1295 1447 1547 1518 ἀψευδεῖς
1567 1449 1666 1503 οὑκ
1686 1451 1767 1514 εἰς
1801 1450 1954 1516 τέλος

375 1527 559 1581 λαθεῖν
624 1532 962 1603 ἐδυνήθησαν
1008 1536 1322 1606 ὀφθαλμοὺς
1365 1539 1473 1591 τῶν
1531 1543 1648 1594 ἐκεῖ
1688 1542 1952 1610 φιλοθέων

373 1622 604 1690 ἀνδρῶν,
631 1626 719 1678 καὶ
746 1628 890 1694 μόνῳ
915 1626 1135 1691 ζώντων
1162 1630 1302 1700 Θεῷ·
1330 1629 1416 1702 [Ρ.
1442 1631 1570 1704 451]
1615 1633 1805 1704 ὥσπερ
1829 1635 1951 1689 οὐδὲ
1992 1649 1996 1652 ·

377 1714 503 1776 τοὺς
537 1717 779 1780 καθαρὰν
809 1718 906 1786 τὴν
937 1721 1233 1789 γευστικὴν
1267 1723 1640 1792 κεκτημένους
1668 1724 1852 1778 λαθεῖν
1882 1725 1950 1778 ἂν

377 1802 632 1871 δυνηθείη
686 1808 814 1858 ποτὲ
857 1811 1262 1877 συνανακραθὲν
1313 1812 1556 1878 ἁψίνθιον
1600 1814 1796 1881 μέλιτι,
1826 1814 1948 1868 οὐδὲ

376 1895 476 1959 τὴν
518 1895 790 1966 ὄσφρησιν
845 1899 1025 1968 πολλῷ
1072 1902 1271 1968 μᾶλλον
1320 1904 1498 1974 ῥόδοις
1530 1905 1862 1975 μιγνύμενόν
1901 1923 1955 1958 τι

376 1985 658 2054 δύσοδμον.
701 1989 885 2056 Ὅθεν,
918 1985 1006 2044 οἷα
1056 1992 1215 2064 βιαίῳ
1264 1995 1396 2064 πυρί
1424 2035 1437 2058 ,
1485 1995 1577 2065 τῷ·
1622 1997 1753 2066 θείῳ
1809 1997 1955 2067 ζήλῳ

373 2081 474 2148 τὴν
533 2080 744 2132 ἑαυτῶν
799 2081 979 2150 ψυχὴν
1049 2086 1537 2156 ἐκπυρσεύσαντες’
1582 2087 1676 2140 ἐπὶ
1727 2087 1956 2158 ζήτησιν

375 2169 777 2242 ἀκριϐεστέραν
809 2173 1108 2243 ἐτράποντο
1139 2175 1233 2228 τοῦ
1261 2176 1458 2241 κακοῦ,
1488 2177 1671 2246 ἡρέμα
1701 2179 1957 2233 καὶκατὰ

378 2263 550 2332 βραχὺ
591 2265 894 2335 κυνηγέτου
941 2266 1097 2335 δίκην
1158 2269 1538 2338 άνιχνεύοντες
1591 2271 1654 2322 ἐκ
1705 2269 1814 2321 τῶν
1857 2271 1956 2336 τῆς

375 2355 575 2419 κακίας
601 2358 974 2427 παραφυάδων
1005 2359 1102 2429 τὴν
1136 2361 1294 2431 ῥίζαν
1342 2362 1546 2428 εὑρεῖνο
1576 2363 1672 2416 καὶ
1701 2363 1956 2433 εὑρόντες

380 2448 530 2500 ἐστιν
578 2449 669 2512 οὒς
714 2451 813 2519 μὲν
859 2446 948 2516 αἷς
988 2453 1245 2522 προσῆκε
1287 2455 1596 2524 προήκαντο
1638 2456 1954 2525 τιμωρίαις,

379 2541 497 2594 ἐστι
526 2541 570 2594 δ’
612 2541 704 2604 οὓς
741 2543 815 2606 ὡς
849 2544 1189 2614 πορρωτάτω
1217 2525 1500 2616 παλάμαις
1538 2547 1778 2610 άπάσαις
1815 2548 1959 2599 ἐκεῖ·

381 2632 476 2683 θεν
535 2632 844 2701 ἀπήλασαν.
876 2629 1056 2687 Ἦσαν
1107 2634 1152 2687 δ’
1204 2637 1254 2689 οἳ
1311 2639 1406 2690 καὶ
1458 2636 1709 2700 λαθόντες
1748 2637 1958 2691 ἐκεῖθεν

381 2723 720 2792 ἀπέδρασαν,
757 2724 890 2795 πρὶν
939 2725 974 2796 ἢ
1033 2726 1235 2788 τελέως
1286 2725 1557 2780 ἔκπυστον
1612 2730 1711 2797 τὴν
1761 2729 1957 2780 κακίαν

383 2814 676 2882 γενέσοαιο
726 2815 776 2868 οἳ
828 2816 892 2886 δὴ
936 2818 1031 2871 καὶ⁹
1085 2818 1220 2887 πρὸς
1272 2820 1456 2882 πόλεις
1509 2821 1957 2890 μετερῤυήκεσαν

380 2906 783 2977 Θεσσαλονίκην
845 2915 940 2963 καὶ
1004 2907 1269 2979 Βέρῤοιαν
1322 2909 1418 2962 καλ⁵
1475 2909 1510 2979 ἢ
1566 2911 1706 2962 κατὰ
1767 2907 1959 2961 πασῶν

389 2997 536 3051 ἅπαν
571 2997 695 3067 ἔσχε
727 2998 790 3050 τὸ
824 2999 1042 3066 κράτος.
1077 3000 1246 3054 Ἔνθα
1289 3000 1352 3069 δὴ
1414 3001 1730 3072 γενομένοις
1775 3001 1958 3069 σφίσιν

385 3087 540 3157 οἶμαι
588 3089 929 3160 νενόμισται,
981 3091 1169 3159 κοινῆς
1217 3091 1400 3154 ἑστίας
1459 3093 1568 3144 τῶν
1623 3093 1959 3161 πανταχόθεν

381 3181 486 3250 τῆς
516 3182 844 3252 οἰκουμένης
877 3182 1120 3251 μάλιστα
1159 3182 1349 3246 πασῶν
1376 3184 1730 3256 ὑπαρχούσης
1760 3185 1952 3254 αὐτῆς,

2061 3188 2200 3240 rium
2253 3187 2416 3256 720
2471 3187 2685 3242 obtinet
2731 3205 2743 3240 :

2051 629 2353 678 conterunt
2409 630 2467 676 et
2522 621 2827 677 incendunt
2883 624 3148 693 imagines
3210 636 3628 689 sacrosmctas;

2052 714 2408 784 magistrique
2447 713 2663 768 urinam
2700 713 2778 768 ita
2828 725 3183 780 venerantur,
3235 727 3298 770 ut
3322 718 3436 770 suis
3463 717 3628 770 etiam

2050 806 2284 874 dapibus
2328 806 2587 872 irrorent,
2637 804 2993 875 divinamque
3044 807 3480 860 incarnationem
3530 809 3631 857 mi-

2052 899 2200 954 nime
2238 899 2558 954 admittunt.
2603 897 2835 970 Reliqua
2872 902 3042 955 taceri
3079 901 3274 956 melius
3324 911 3425 956 est.
3457 899 3630 968 Quor-

2047 1004 2171 1045 sum
2220 992 2367 1046 enim
2424 991 2573 1061 plura
2617 1005 2946 1046 enumerare
2992 1007 3216 1046 necesse
3246 1001 3352 1054 est,
3407 1000 3462 1045 et
3511 993 3628 1060 pias

2051 1097 2212 1137 aures
2243 1083 2445 1153 pollui;
2493 1099 2617 1139 cum
2643 1098 2708 1138 ea
2739 1084 2913 1154 possit
2941 1083 3171 1152 quilibet
3199 1068 3265 1138 εἷς
3300 1084 3418 1153 ipso
3458 1083 3631 1138 Tomo

2051 1175 2391 1244 esploratius
2453 1177 2765 1245 percipere,
2818 1176 2915 1245 qui
2978 1175 3192 1244 singula
3250 1174 3633 1244 percensendo

2052 1281 2244 1320 eorum
2301 1277 2490 1336 aperte
2543 1256 2699 1322 notat
2746 1265 3197 1336 improbitatem,
3253 1266 3634 1335 patriarebicis

2053 1359 2337 1414 codicibus
2363 1359 2646 1415 insertus?

2124 1453 2238 1508 VII.
2274 1453 2544 1508 Nimirum
2591 1453 2665 1508 illi
2697 1468 2869 1524 puros
2914 1461 2968 1509 et
3017 1454 3266 1509 sinceros
3309 1452 3502 1507 oculos
3536 1451 3638 1505 ho—

2055 1546 2264 1601 minum
2327 1546 2420 1601 Dei
2485 1527 3031 1626 amantissimorum,
3090 1553 3146 1600 et
3204 1546 3298 1600 uni
3354 1545 3466 1600 Deo
3520 1528 3635 1599 illic

2051 1640 2382 1705 viventium,
2435 1638 2626 1693 fallere
2683 1639 2750 1693 ad
2797 1648 3107 1694 extremum
3142 1653 3251 1692 non
3297 1647 3632 1708 potuerunt;

2053 1729 2515 1802 quemadmodum
2560 1745 2662 1785 nec
2689 1729 2833 1795 illos,
2861 1731 2956 1799 qui
2996 1731 3270 1799 integrum
3307 1730 3511 1784 habent
3540 1746 3641 1799 gn»

2055 1823 2235 1877 standi
2279 1837 2526 1887 sensum,
2559 1821 2744 1876 fallere
2773 1837 3016 1892 unquam
3063 1823 3236 1891 possit
3266 1829 3632 1890 temperatum

2057 1915 2218 1969 melle
2245 1913 2616 1978 absinthium;
2650 1913 2946 1968 odoratum
2993 1922 3178 1967 autem
3214 1913 3388 1965 tnnlto
3432 1913 3636 1976 minus,

2057 2006 2355 2060 immistum
2392 2003 2532 2058 rosis
2561 2002 2801 2071 'aliquid,
2849 2002 3001 2072 quod
3049 2002 3189 2055 male
3222 2001 3385 2055 oleat.
3438 1999 3638 2054 Divino

2055 2092 2239 2161 itaque
2269 2091 2406 2154 zelo,
2437 2100 2698 2160 tanquam
2725 2089 2849 2159 igne
2877 2087 3296 2148 violentissimo.
3331 2087 3637 2141 inﬂamma-

2057 2183 2128 2237 tis
2156 2197 2350 2236 eorum
2397 2180 2618 2245 animis,
2655 2179 2723 2234 de
2769 2179 2860 2232 illa
2895 2187 3047 2248 peste
3079 2177 3398 2247 diligentius
3444 2176 3641 2246 anqui-

2058 2287 2180 2325 rere
2227 2279 2539 2338 cmperunt,
2582 2269 2790 2324 sensim
2838 2284 2902 2322 ac
2931 2269 3269 2339 pedetentim
3309 2276 3636 2323 venatorum

2058 2366 2234 2420 inStar
2261 2364 2626 2435 vestigantes,
2659 2363 2835 2418 sicubi
2867 2371 3096 2433 possent
3128 2377 3196 2415 ex
3243 2361 3453 2426 agnatis
3477 2359 3640 2413 fruti-

2059 2456 2216 2509 cibus
2255 2455 2493 2508 radicem
2533 2453 2708 2523 ipsam
2751 2453 3191 2520 deprehendere.
3245 2451 3320 2504 Ea
3352 2467 3515 2520 porro
3543 2450 3640 2505 de~

2061 2548 2352 2614 prehensa,
2387 2553 2518 2598 sunt
2552 2558 2689 2613 quos
2720 2543 2788 2598 ad
2824 2543 3128 2612 legitimum
3165 2541 3496 2610 supplicium
3527 2549 3637 2594 tra-

2059 2636 2319 2690 diderunt
2349 2651 2362 2688 :
2387 2634 2703 2698 nonnullos,
2753 2650 2916 2704 quam
2966 2633 3287 2701 longissime
3326 2633 3456 2687 inde
3487 2632 3639 2686 able-

2059 2738 2232 2798 gatos,
2284 2723 2542 2780 omnibus
2595 2727 2680 2796 (ut
2738 2726 2964 2788 dicitur)
3030 2724 3251 2796 ungulis
3312 2733 3638 2794 exegerunt.

2061 2821 2234 2875 Fuere
2270 2820 2432 2873 etiam
2478 2823 2571 2890 qui
2615 2820 2753 2874 clam
2789 2819 2916 2875 inde
2966 2819 3303 2890 aufugerim,
3336 2827 3639 2886 antequam

2059 2923 2250 2966 eurum
2295 2910 2521 2963 omnino
2553 2917 2826 2978 comperta
2873 2917 3021 2963 esset
3062 2907 3343 2977 nequitia:
3389 2906 3538 2974 iique
3571 2905 3641 2959 ad

2060 3005 2224 3057 urbes
2255 3003 2576 3058 conﬂuxere
2615 2999 3062 3057 Thessalonicam
3091 3010 3148 3055 et
3194 2999 3540 3064 Berrhmam,
3587 3005 3645 3052 et

2059 3097 2122 3149 at
2154 3109 2274 3148 eam
2328 3110 2451 3162 qua:
2497 3108 2818 3162 supremum
2855 3095 2912 3148 in
2931 3103 3192 3169 .caeteras
3238 3106 3432 3146 omnes
3479 3091 3647 3159 impc-

2797 3186 2926 3252 rati,
2984 3187 3219 3253 opinor,
3272 3183 3514 3253 quandiu
3571 3181 3648 3236 ibi

379 3272 477 3324 καὶ
533 3274 650 3342 ἅμα
678 3273 1067 3342 πολυγλώσσου
1118 3276 1212 3328 καὶ
1259 3275 1598 3347 πολυμιγοῦς
1641 3277 1829 3346 φωνῆς
1862 3278 1956 3330 καὶ

2061 3279 2228 3334 futuri
2284 3286 2491 3343 essent,
2539 3293 2700 3347 posse
2740 3293 2798 3332 se
2845 3279 2901 3332 in
2935 3292 3001 3332 ea
3036 3277 3200 3341 urbe,
3236 3292 3361 3345 quae
3400 3275 3647 3329 omnium
3681 3319 3696 3328 .

379 3362 606 3434 γνώμης
645 3366 1108 3438 ἐπιπολαζούσης,
1141 3369 1434 3421 συσκιάσαι
1487 3369 1584 3437 μὲν
1619 3369 1716 3439 τὴν
1752 3369 1958 3421 ἐαυτῴν

379 3457 607 3519 κακίαν,
643 3458 1002 3528 μιμήσασθαι¹
1041 3461 1098 3512 δὲ
1144 3459 1253 3512 τῶν
1280 3447 1511 3529 ὀρνίθιον
1559 3460 1683 3523 τοὺς
1730 3460 1962 3531 δρυοκοο

382 3549 621 3614 λάπτας,
665 3550 715 3602 οἳ
764 3551 878 3612 τοῖς
912 3550 1154 3622 δένδρεσι
1214 3553 1668 3622 περιπετόμενοι,
1708 3553 1802 3606 καὶ
1841 3552 1962 3606 ὅλον

382 3643 499 3706 τοῖς
553 3643 796 3713 ῥάμφεσι
853 3643 943 3696 τὸν
997 3643 1182 3712 φλοιὸν
1229 3644 1692 3714 περικρούοντες,
1744 3645 1838 3697 καὶ
1899 3645 1962 3698 τὸ

385 3734 630 3801 ὑγιαῖνον
668 3736 1109 3804 παρατρέχοντες
1143 3737 1310 3800 ἅπαν,
1345 3737 1491 3807 μόνῳ
1523 3737 1600 3808 τῷ
1640 3736 1827 3808 σαθρῷ
1865 3739 1963 3790 καὶ

389 3827 650 3895 σεσηπότι
696 3825 1008 3898 χρονίζουσι
1055 3828 1489 3898 περικαθήμενοι
1535 3831 1712 3903 μέρει,
1742 3831 1965 3884 κάκεῖνο

389 3916 663 3972 σιτοῦνται
691 3918 821 3989 πρὸς
849 3917 1017 3989 βάθος
1051 3918 1436 3986 κοιλαίνοντες.

2059 3371 2295 3426 maxime
2325 3372 2493 3426 totius
2516 3369 2882 3440 undecunque
2917 3371 3070 3425 orbis
3103 3369 3442 3424 domicilium
3479 3375 3649 3435 esset,

2059 3465 2189 3520 etin
2219 3479 2326 3533 qua
2357 3462 2566 3519 dissoni
2595 3471 2949 3518 versarentur
2977 3473 3030 3517 et
3084 3463 3219 3516 varii
3255 3472 3362 3516 tam
3393 3475 3652 3516 sermone

2061 3571 2225 3625 quam
2269 3556 2515 3610 moribus
2569 3555 2842 3617 homines,
2898 3569 3052 3610 suam
3101 3553 3405 3624 nequitiam
3454 3554 3652 3607 obum-

2022 3629 2036 3653 ⁸
2065 3649 2250 3708 brare,
2277 3656 2335 3701 et
2360 3662 2425 3700 ex
2453 3647 2649 3700 avibus
2685 3646 2885 3700 imitari
2934 3647 3089 3716 picos
3131 3645 3374 3706 Martios,
3407 3643 3498 3713 qui
3543 3644 3654 3699 εἰν-ν

2067 3753 2190 3793 cum
2216 3739 2446 3793 arbores
2472 3735 2776 3800 volitando,
2822 3751 3157 3805 omnemque
3189 3751 3256 3790 ex
3296 3735 3447 3789 omni
3496 3745 3652 3804 parte

2067 3829 2332 3884 corticem
2378 3830 2583 3882 rostris
2615 3827 2924 3890 tundendo,
2989 3826 3260 3896 quidquid
3318 3842 3511 3881 sanum
3568 3835 3656 3884 est

2067 3925 2424 3987 praatercunt,
2456 3925 2511 3970 et
2543 3915 2593 3970 ei
2622 3915 2799 3970 solum
2843 3915 2986 3984 parti
3043 3915 3370 3968 incumbunt
3414 3915 3648 3979 diutius,

2068 4024 2190 4080 quae
2231 4008 2428 4062 vitiosa
2474 4015 2558 4062 est
2590 4022 2654 4062 ac
2699 4007 2943 4077 putrida,
2976 4022 3151 4078 eaque
3185 4007 3352 4062 altius
3390 4015 3653 4064 excavata

2068 4109 2395 4155 vescuntur.

1818 4289 2045 4348 CAPUT
2076 4291 2214 4346 Vill.

389 4439 613 4505 Quando
643 4445 692 4492 et
727 4454 820 4490 cur
855 4437 1115 4504 Crcqoras
1144 4436 1208 4490 ab
1250 4437 1376 4490 aula
1427 4435 1718 4490 secesserit.
1766 4434 1993 4489 Zenonis
2027 4434 2324 4506 philosOphi
2374 4437 2780 4506 apophthegma.
2823 4435 2902 4489 Im
2947 4435 3046 4488 erii
3091 4444 3139 4488 et
3174 4433 3423 4486 Fcclesiw
3451 4441 3658 4500 ρεταιν-υ

463 4509 604 4558 batio
639 4509 894 4558 maxima.
943 4495 1147 4558 Veteres
1177 4506 1470 4558 uhilosovhi
1497 4523 1597 4558 non
1633 4505 1954 4558 rixabantur
1985 4507 2126 4558 inter
2161 4524 2235 4558 se.
2277 4507 2376 4558 nisi
2412 4508 2554 4558 nucis
2592 4515 2844 4558 temnere.
2887 4453 3170 4558 (aliizrtiitini
3215 4502 3438 4558 Iheoloai
3472 4520 3564 4555 nec
3600 4506 3657 4557 in

463 4509 604 4561 batio
639 4509 894 4560 maxima.
943 4495 1147 4562 Veteres
1177 4506 1470 4575 philosophi
1497 4523 1597 4558 non
1633 4505 1954 4575 rixabantur
1985 4495 2126 4559 iiiter
2161 4495 2246 4570 se;
2277 4507 2376 4560 nisi
2411 4495 2554 4573 'pa'cis
2592 4495 2844 4573 tempore.

2933 4506 3170 4572 yzuntini
3215 4502 3438 4572 theologi
3472 4520 3564 4555 nec
3600 4506 3657 4557 in

465 4580 580 4648 ipso
611 4577 732 4648 belli
760 4586 892 4632 testu
923 4563 1185 4648 altercari
1199 4563 1465 4648 desiliunt.
1501 4574 1696 4629 Ariolis
1728 4585 1774 4648 et
1800 4575 1912 4644 ejus
1942 4577 2148 4646 generis
2183 4563 2478 4648 hominibus
2504 4575 2640 4648 ﬁdes
2676 4563 2882 4648 lilibita.
2916 4563 3103 4630 Callus
3136 4563 3432 4648 astrologis
3485 4575 3658 4642 impe~

461 4645 646 4702 ratrici
679 4646 942 4717 placantia
969 4647 1229 4717 prazilicit.
1291 4646 1885 4717 Gregorasprressitur,
1916 4645 1971 4698 ut
2028 4662 2147 4699 cum
2192 4663 2252 4698 eo
2280 4647 2550 4717 disputet.
2612 4645 3012 4717 Astrologorum
3069 4645 3456 4717 praedictiones
3490 4660 3657 4717 vanas

463 4735 574 4772 esse
632 4703 812 4786 arguit
867 4732 930 4769 ea:
969 4703 1270 4770 'Ptolemwo
1319 4725 1368 4770 et
1393 4703 1490 4769 "S.
1554 4714 1754 4768 Basilio
1794 4733 1812 4770 :
1845 4703 1968 4768 item
2021 4732 2084 4768 ea:
2119 4703 2489 4770 Chaldworum
2530 4714 2786 4768 versibus.
2819 4703 3016 4769 Fatum
3056 4703 3214 4768 tollit.
3262 4713 3658 4774 Providentiam

463 4785 722 4858 agnoscit.
756 4786 936 4842 Ariolo
968 4788 1218 4856 refutato,
1248 4786 1493 4856 Augusta:
1537 4785 1716 4838 odium
1746 4786 1804 4838 in
1843 4795 1897 4839 te
1929 4794 2116 4842 movet.
2161 4786 2242 4839 Ad
2295 4802 2404 4839 rem
2441 4787 2597 4839 redit.

463 4910 542 4966 A'.
608 4912 761 4964 Ἐπεί
813 4928 876 4980 γε
928 4912 1036 4982 μὴν
1088 4911 1227 4981 μετὰ
1268 4910 1360 4964 τὸν
1410 4910 1674 4980 βασιλέως
1733 4909 1960 4964 θάνατον

2144 4908 2183 4963 Ι.
2242 4908 2456 4964 Mortuo
2515 4909 2880 4977 imperatore,
2945 4923 3068 4970 cum
3127 4923 3216 4962 res
3282 4908 3656 4960 Ruinanorum

399 5004 534 5074 πρὸς
563 5005 827 5074 ἐμφύλιον
859 5005 1052 5058 στάσιν
1095 5005 1164 5057 τὰ
1209 5003 1498 5072 Ῥωμαίων
1535 5001 1745 5072 ἠγέρθη
1791 5003 1970 5072 πράγ-

399 5113 567 5164 ματα,
608 5095 702 5150 καὶ
733 5095 922 5166 ὥσπερ
960 5098 1019 5149 ἐν
1063 5095 1297 5166 χειμῶνι
1339 5096 1436 5148 καὶ
1477 5095 1632 5149 νυκτὶ
1684 5093 1750 5146 τὰ
1797 5095 1974 5147 πάντα

397 5188 564 5256 ζόφος
605 5183 698 5260 ἦν,
746 5189 823 5252 ὡς
862 5188 986 5258 μηδ’
1015 5189 1259 5259 ἄστροις,
1295 5187 1355 5241 τὸ
1395 5187 1815 5258 θρυλλούμενον.
1849 5187 1974 5238 ὅποι

399 5280 624 5349 φέροιτό
662 5298 746 5343 τις
778 5281 1042 5334 δύνασθαι
1074 5280 1491 5350 τεκμαίρεσθαι,
1529 5279 1623 5332 καὶ
1664 5280 1825 5332 πάντ’
1858 5279 1972 5332 ἄνω

399 5395 460 5430 τε
515 5376 613 5430 καὶ
654 5375 810 5430 κάτω
849 5373 1282 5441 μεταπίπτοντα,
1311 5373 1466 5443 παρὰ
1493 5370 1750 5426 τοσοῦτον
1780 5373 1844 5424 ἐκ
1875 5369 1970 5424 τοῦ

402 5469 674 5536 σύνεγγυς
721 5469 888 5520 ἐτίθει
943 5483 1002 5518 τε
1072 5466 1169 5519 καὶ
1230 5465 1376 5536 μάλα
1431 5463 1539 5516 τῶν
1597 5462 1972 5534 ἐλπιζομένων

401 5561 658 5624 ἑκάστοις
689 5560 863 5614 ἐποίει
892 5560 951 5613 τὸ
987 5559 1349 5621 ἐπικίνδυνον,
1381 5556 1621 5626 παρόσον
1653 5555 1850 5624 πόρρω
1880 5552 1976 5606 καὶ

401 5653 758 5706 δυσέλπιστον
787 5651 1062 5721 τάσφαλὲς
1107 5653 1186 5722 (ἐν
1218 5651 1328 5722 γὰρ
1360 5647 1677 5719 διχοστασίῃ
1725 5647 1858 5714 φασὶ
1884 5645 1976 5697 τὴν

407 5747 505 5814 μὲν
531 5747 823 5815 πάγκακον
842 5747 1143 5814 τυγχάνειν
1171 5743 1358 5814 τιμῆς,
1390 5745 1480 5798 τὸν
1509 5741 1566 5794 δὲ
1591 5742 1686 5794 καὶ
1716 5736 1968 5793 ὁπωσοῦν

406 5839 704 5918 μετέχοντα
757 5837 850 5892 τοῦ
894 5837 1159 5908 βελτίονος
1208 5835 1420 5908 θρήνων
1461 5832 1694 5904 πάσχειν
1725 5830 1850 5896 ἄξια
1885 5832 1980 5884 καὶ

2078 5000 2132 5054 in
2199 5000 2407 5054 bellum
2472 5000 2631 5054 civile
2701 5000 3067 5065 incidissent,
3148 5008 3205 5053 et
3276 5000 3458 5052 omnia
3535 5009 3660 5054 lano

2075 5106 2241 5162 quam
2306 5091 2494 5145 nimbo
2543 5105 2608 5144 ac
2651 5100 2810 5145 nocte
2879 5089 2954 5145 ita
3018 5090 3361 5160 caligarent,
3427 5097 3488 5143 ut
3553 5104 3663 5157 quo

2079 5186 2314 5254 quisque
2343 5183 2638 5237 veheretur
2675 5197 2742 5236 ne
2771 5198 2838 5236 ex
2888 5183 3054 5238 astris
3085 5182 3336 5253 quidem,
3377 5189 3447 5234 ιιι⁴
3485 5181 3659 5237 aiunt.

2081 5275 2276 5345 conjici
2324 5286 2545 5344 posset;
2599 5276 2877 5342 rebusque
2929 5275 3194 5328 omnibus
3237 5287 3456 5327 sursum
3507 5271 3665 5321 duor-

2080 5383 2201 5422 sum
2236 5367 2522 5432 euntibus,
2568 5374 2676 5420 tam
2718 5365 2956 5420 vicinum
3002 5375 3150 5420 esset
3193 5372 3415 5431 tamque
3462 5376 3661 5428 exspe—

2081 5468 2325 5514 ctaretur
2383 5458 2636 5518 exitium,
2685 5472 2850 5526 quant
2903 5458 3094 5512 aberat
3149 5471 3211 5509 ac
3255 5454 3662 5522 deeperabatur

2081 5553 2266 5615 salus;
2301 5551 2526 5614 (etenim
2555 5548 2741 5603 ferunt
2775 5549 2830 5603 in
2856 5549 3155 5603 discordiis
3187 5545 3426 5615 pessimo
3461 5545 3662 5610 cuique

2084 5643 2350 5696 honorem
2365 5639 2653 5706 obvenire;
2681 5655 2808 5695 eum
2831 5650 3040 5702 autem,
3061 5639 3150 5707 qui
3175 5635 3568 5706 quoquumodo
3593 5633 3660 5684 ad

2083 5736 2308 5790 meliora
2345 5734 2592 5799 inclinat,
2631 5731 3031 5786 luctuosissima
3054 5739 3164 5798 patr
3190 5745 3253 5783 ac
3277 5730 3506 5790 tragir-as
3536 5741 3659 5792 per.

2083 5831 2266 5898 cipcre
2301 5827 2641 5882 calamitates
2662 5823 2702 5896 ;)
2755 5832 3044 5894 capmptcr
3083 5831 3140 5876 et
3205 5821 3340 5876 mihi
3388 5828 3653 5882 ptimum
