4064 6448
279 358 385 428 961
674 351 751 427 [Α.
792 366 842 409 c.
884 350 1050 426 I545]

1299 356 1743 420 ΒῩΖΑΝΤΙΝΕ
1779 356 1856 419 Η]

1953 355 2168 417 'OBI/E
2191 348 2352 441 .LlB.
2389 347 2547 412 XIV,
2679 342 2816 416 [una
2846 361 2888 401 ι.
2917 360 3154 402 mmor.
3190 351 3246 419 4]

3427 349 3535 414 962

260 474 542 546 προϊόντες
572 471 630 522 ἐν
657 471 770 533 τοῖς
804 454 1110 538 καθήκουσι,
1131 468 1318 533 τόποις
1346 469 1613 540 ἐροῦμεν,
1644 468 1716 523 τὰ
1747 486 1846 540 με·

1957 459 2243 528 peratricis
2288 458 2454 513 altius
2502 458 2762 518 inlixerit.
2811 459 3053 514 Alteram
3091 475 3156 513 ac
3194 468 3532 528 postremam

259 563 394 646 ταξῖι
422 560 817 631 διηγησάμενοι
846 558 1138 631 πρότερον.

335 743 420 798 H'.
449 741 610 796 Ἀλλά
631 737 804 796 ταῦτα
830 740 928 812 μὲν
953 741 1010 806 ἐς
1031 740 1151 795 τόδε
1173 741 1433 812 λεχθέντα
1453 742 1643 810 ἀρκεῖν
1663 742 1850 812 οἴομαι

259 835 407 891 δυοῖν
436 833 600 888 ἓνεκα
623 851 637 865 ·
656 835 790 914 [ἐνὸς
824 835 955 914 μὲν,
992 818 1076 886 ὅτι
1109 834 1246 904 πρὸς
1279 837 1720 906 ἀναγκαιοτέρας
1751 839 1850 906 τή-

267 943 434 997 μερον
461 925 611 995 ἡμᾶς
643 908 929 989 ύποθέσεις
956 927 984 979 ὁ
1007 923 1166 996 λόγος
1191 925 1462 995 ἀνθέλκει,
1495 927 1632 996 πρὸς
1660 926 1726 990 ἀς
1757 930 1852 982 καὶ

261 1019 290 1070 ὁ
327 1015 422 1072 τοῦ
467 1018 629 1085 λόγου
677 1016 913 1086 μάλιστα
957 1019 1049 1071 καὶ
1087 1018 1187 1088 τῆς
1229 1018 1286 1083 ἐξ
1324 1019 1500 1089 ἀρχῆς
1542 1019 1850 1090 προθέσεως

264 1109 432 1162 τείνει
467 1109 667 1172 σκοπός
694 1127 707 1139 ⁸
741 1109 995 1179 δευτέρου
1028 1108 1094 1173 δ’,
1130 1112 1212 1163 ὅτι
1248 1111 1420 1164 πολλὰ
1457 1110 1666 1170 πολλῶν
1700 1112 1852 1181 είρη-

266 1201 444 1253 κότων
480 1201 575 1252 καὶ
613 1200 1046 1270 ἀγωνισαμένων
1081 1201 1224 1271 ὑπὲρ
1255 1200 1356 1266 τῆς
1396 1201 1739 1266 ὑποθέσεως,
1775 1200 1852 1263 ὡς

265 1294 393 1363 ἐνῆν
414 1335 427 1354 ,
460 1293 520 1345 ού
557 1291 786 1362 μακρῶν
815 1288 969 1362 οἶμαι
1001 1291 1066 1346 ἂν
1097 1293 1179 1345 ἐτι
1208 1291 1317 1344 τῶν
1348 1292 1632 1362 ἡμετέρων
1662 1291 1854 1360 δεήσε-

267 1384 393 1437 σθαι
418 1383 591 1452 λόγων
615 1400 632 1416 ο
663 1383 778 1439 ἀλλ’
805 1385 879 1449 ὡς
908 1387 966 1439 ἐν
994 1385 1312 1456 προσθήκης
1347 1384 1527 1455 μέρει,
1556 1385 1649 1438 καὶ
1677 1402 1856 1456 κριτι-

266 1473 370 1542 κῆς
396 1474 768 1544 τινοςψήφου,
797 1474 895 1526 καὶ
919 1473 1150 1537 τουτωνὶ
1179 1471 1650 1543 ξυνερῤυηκότων,
1680 1471 1728 1524 εί
1757 1474 1854 1523 καὶ

269 1563 475 1634 βραχέα
516 1563 662 1618 δοκεί
701 1581 839 1630 πως,
876 1563 992 1617 ἀλλ’
1018 1560 1112 1618 οὖν
1146 1563 1234 1616 τόν
1269 1579 1333 1630 γε
1380 1562 1493 1630 ἴσον
1526 1561 1854 1630 δυνήσεσθαι

266 1655 465 1724 τρόπον
509 1656 587 1720 είς
627 1645 727 1728 την
773 1655 1032 1728 ἀληθείας
1076 1656 1389 1726 ἐνάργειαν.
1430 1654 1633 1726 Διόπερ
1675 1656 1854 1709 ἐκεῖσε

267 1746 573 1800 ἐπανιτέον.

1960 568 2060 610 suo
2095 554 2214 608 loco
2246 551 2388 606 infra
2431 551 2808 621 subjicicmus,
2835 553 2928 608 ubi
2953 567 3017 607 ea
3057 569 3178 622 qua:
3203 551 3537 606 intcrmedio

1964 657 2212 715 tempore
2243 645 2588 709 acciderunt,
2624 644 3059 700 narraverimus.

2032 739 2172 793 VIII.
2210 736 2334 793 Haec
2366 752 2520 804 vero,
2560 752 2681 808 quae
2713 737 2984 791 hactenus
3017 737 3164 790 dicta
3207 745 3338 791 sunt
3384 733 3537 789 suill-

1961 846 2089 886 cere
2120 839 2256 901 puto
2276 828 2482 898 duplici
2510 828 2577 882 dc
2611 843 2777 883 causa
2805 844 2820 882 :
2853 829 3091 900 primum
3124 829 3252 897 quia
3284 842 3382 880 nos
3411 842 3537 880 ora—

1911 991 1914 993 ,
1964 923 2042 981 tio
2081 932 2270 978 nostra
2323 922 2488 977 hodie
2533 919 2765 975 retrahit
2812 921 2878 974 ad
2920 929 3303 989 argumentum
3361 923 3536 989 magis

1953 1015 2357 1090 necessarium,
2391 1013 2459 1068 ad
2505 1011 2651 1082 quod
2688 1010 2924 1066 maxime
2951 1019 3006 1064 et
3043 1008 3286 1062 narratio
3339 1008 3454 1078 ipsa
3484 1018 3541 1064 et

1954 1106 2191 1161 intentio
2241 1106 2416 1176 prima
2464 1104 2649 1174 operis
2699 1103 2954 1172 dirigitur
2995 1111 3255 1170 tanquam
3297 1100 3363 1154 ad
3415 1115 3540 1154 sco-
3609 1115 3643 1149 Α

1955 1212 2127 1266 pum:
2169 1195 2368 1250 deinde
2402 1195 2551 1264 quia,
2588 1210 2712 1249 cum
2762 1193 2919 1246 multi
2982 1193 3152 1246 multa
3192 1191 3454 1252 dixerint.
3481 1200 3540 1244 et

1956 1286 2213 1340 certatim
2253 1285 2321 1340 de
2355 1284 2550 1341 iisdem
2598 1284 2709 1339 illis
2744 1284 2911 1338 rebus
2942 1293 3209 1350 quantum
3240 1282 3295 1335 in
3335 1297 3394 1336 se
3425 1289 3542 1334 erat

1955 1378 2192 1449 egerint,
2223 1393 2335 1432 non
2363 1387 2494 1447 puto
2521 1392 2616 1431 eas
2651 1377 2797 1447 ipsas
2831 1376 2995 1446 726
3039 1376 3340 1444 longiorem
3366 1374 3476 1443 jam
3509 1387 3542 1426 a

1956 1470 2120 1525 nobis
2146 1469 2450 1524 orationem
2469 1468 2800 1524 desiderare
2840 1487 2854 1523 ι
2902 1467 2999 1528 sed
3047 1466 3153 1521 ista
3205 1462 3545 1520 accessionis

1957 1570 2052 1630 aut
2079 1561 2362 1632 iudicialis
2399 1561 2687 1632 cujusdam
2723 1559 2969 1631 suffragii
3006 1560 3176 1614 instar
3205 1557 3542 1622 contributa,

1957 1655 2062 1711 etsi
2088 1655 2284 1724 exigua
2310 1653 2621 1717 videantur,
2650 1653 2900 1709 eamdem
2933 1663 3114 1708 tamen
3146 1650 3399 1706 habitura
3430 1650 3541 1704 vim

1959 1749 2028 1804 ad
2067 1747 2358 1803 veritatem
2389 1745 2798 1826 declarandam.

1712 1878 1940 1936 CAPUT
2000 1880 2095 1936 IX.

267 1969 527 2054 Gabalos,
554 1979 697 2054 metu
727 1972 1014 2054 apocauci,
1042 1974 1393 2054 monasticum
1419 1973 1657 2054 halgitulu
1684 1973 1882 2054 induit.
1912 1975 1970 2029 S.
1998 1973 2491 2054 Sophitetgmplum,
2527 1973 2735 2046 asylum
2753 1973 2879 2029 olim
2899 1973 3214 2054 iuoiolatum
3236 1990 3254 2038 ;
3280 1990 3310 2027 a
3334 1972 3543 2029 Ca‘bala

340 2050 454 2123 etho
486 2043 794 2123 patriarcha
824 2052 1164 2123 temeratum.
1194 2044 1470 2123 Ammius,
1499 2045 1558 2123 in
1590 2043 1873 2098 Thraciam
1903 2043 2172 2123 reversus,
2225 2043 2748 2123 Byzantiumﬁsque
2775 2061 2894 2123 cum
2927 2044 3546 2123 Cantacuzeno‘progre-

341 2109 948 2192 ditur:_yrbis_aspectu
970 2113 1308 2192 obstupescit.
1344 2113 1514 2168 Pauci
1537 2130 1809 2192 murorum
1838 2121 2100 2192 custodes.
2133 2109 2407 2192 dpochuci
2427 2109 2739 2192 diﬂ‘identia.
2781 2113 3186 2170 Cantacuzenus
3218 2109 3543 2192 et_l_l'mu'r_ius

342 2177 666 2234 Homitilam
696 2177 1022 2236 debellatum
1057 2177 1204 2244 euut,
1246 2183 1518 2237 Romanas
1551 2183 1706 2238 urbes
1738 2185 2096 2238 invadentem.
2148 2177 2315 2239 quta
2369 2177 2726 2238 Peril/torium
2766 2192 3241 2238 castrametantur.
3268 2183 3543 2236 Momitilte

342 2249 591 2306 audacia.
630 2250 886 2320 Ejusdem
923 2254 1262 2307 circumventi
1296 2255 1678 2308 consternatio.
1733 2256 1884 2310 Acris

339 2322 482 2375 cmi.
569 2369 576 2373 .

1934 2273 2136 2327 pugna.
2175 2256 2352 2325 _Cadit
2405 2253 2731 2308 Momitilas.
2781 2253 2916 2323 Ejus
2955 2252 3148 2308 milites
3197 2267 3378 2307 omnes
3432 2253 3548 2322 fere

342 2441 421 2493 A'.
464 2439 614 2492 Ἐπεὶ
651 2439 760 2510 γὰρ
797 2439 827 2493 ὀ
864 2440 1204 2504 ’Δπόκαυκος
1247 2442 1306 2505 ἐς
1345 2440 1543 2513 βυθοὺς
1585 2443 1720 2514 πρὸς
1760 2443 1854 2497 τοῦ

2027 2441 2068 2499 I.
2105 2443 2242 2500 Cum
2282 2444 2603 2513 Apocausus
2633 2441 2804 2498 exitio
2842 2455 3014 2512 prope
3039 2439 3326 2495 demersus
3349 2441 3545 2496 fuisset

271 2529 494 2584 Γαϐαλᾶ
517 2531 913 2601 κατενεχθῆναι
935 2532 1369 2603 δυστυχημάτων
1394 2535 1855 2605 παρεκινδύνευσε

274 2623 413 2692 μὲν,
447 2622 673 2692 ἀνένηξε
711 2623 759 2676 δ’
784 2619 878 2676 οὖν
915 2625 1006 2677 καὶ
1048 2627 1106 2688 ἐς
1137 2625 1239 2696 τὴν
1273 2627 1404 2697 πρὶν
1437 2625 1668 2694 ἀφίκετο
1709 2627 1858 2679 εὐδο-

273 2715 428 2781 ξίαν,
463 2716 538 2780 ὥς
571 2733 644 2783 γε.
669 2715 916 2788 εἴρηται,
949 2717 1017 2770 δι’
1043 2713 1119 2771 ὧν
1151 2717 1339 2772 λοιπὸν
1371 2719 1534 2771 αὐτὸν
1567 2720 1856 2789 ἀμυνεῖται

274 2809 456 2868 πάσας
497 2807 755 2876 κεκίνηκε
798 2807 1085 2877 μηχανάς·
1127 2807 1257 2872 ἕως,
1303 2808 1379 2878 μὴ
1421 2809 1492 2860 τὰ
1536 2809 1708 2878 μείζω
1747 2808 1858 2860 τῶν

270 2898 460 2950 δεινῶν
485 2898 712 2969 ύποστῇ,
742 2900 924 2962 δείσας
954 2898 1117 2962 αὐτὸς
1145 2901 1204 2964 ἐς
1227 2899 1320 2952 τὸν
1350 2901 1608 2968 μέγιστον
1635 2899 1737 2968 τῆς
1762 2899 1855 2952 τοῦ

273 2990 410 3043 Θεοῦ
459 2991 658 3059 Σοφίας
707 2992 820 3063 (79)
855 2992 1258 3061 κατεπεφεύγει
1308 2992 1461 3046 νεών.
1497 2987 1665 3045 Ἔνθα
1717 2993 1856 3062 μετᾶ

276 3079 466 3148 συχνόν
490 3096 615 3134 τινα
639 3082 855 3150 χρόνον,
882 3081 1086 3145 πολλὰς
1115 3082 1209 3134 καὶ
1237 3083 1487 3144 ποικίλας
1515 3083 1730 3135 ἀκούων
1759 3086 1857 3145 τὰς

272 3171 398 3226 καθ’
421 3172 612 3226 ἐαυτοῦ
642 3172 868 3236 ἀπειλάς
891 3214 906 3240 ,
937 3174 1028 3228 καὶ
1057 3174 1241 3237 δείσας
1270 3171 1425 3238 αὖθις
1444 3213 1458 3238 ,
1497 3171 1572 3243 μὴ
1603 3172 1857 3227 κάκεῖθεν

271 3265 624 3336 ἀνάρπαστος
669 3267 928 3337 ἐξαπίνης
972 3267 1264 3338 γενόμενος
1310 3270 1365 3330 ἐς
1411 3267 1720 3338 ταρτάρους
1763 3268 1857 3320 καί

273 3357 473 3428 ζόφους
503 3359 896 3430 δεσμωτηρίων
931 3362 1060 3430 ριφῇ
1083 3397 1098 3424 ,
1132 3361 1352 3413 κάκεῖνο
1384 3362 1529 3412 πιεῖν
1561 3358 1857 3429 ἐγγένηται

272 3449 470 3519 τουτῳῒ
514 3452 580 3504 τὸ
628 3453 910 3522 ποτήριον,
959 3451 1093 3520 ὅπερ
1143 3449 1326 3515 ἄλλοις
1375 3449 1538 3513 αὐτὸς
1585 3450 1856 3519 κεκέρακε

271 3539 514 3606 πλείοσι,
567 3540 629 3593 τὺ
679 3541 971 3612 μοναδικὸν
1021 3540 1080 3606 ἐξ
1128 3541 1376 3614 ἀνάγκης
1427 3543 1593 3596 ὑπέδυ
1645 3544 1855 3614 σχῆμα.

270 3633 491 3696 Φθάσας
524 3635 633 3703 γὰρ
661 3635 826 3697 αὐτὸς
859 3635 1196 3689 καταλέλυκε
1229 3637 1330 3706 τὴν
1365 3636 1626 3708 τοιαύτην
1659 3637 1857 3690 ἄσυλον

272 3726 344 3778 ἐκ
372 3724 564 3778 πολλοῦ
587 3764 603 3791 ,
633 3728 741 3780 τῶν
773 3729 1104 3797 προσφύγων
1131 3728 1368 3798 ἀρχαίαν
1396 3729 1700 3796 ἀσφάλειαν
1720 3769 1735 3794 ,
1768 3730 1854 3782 ἑν-

272 3818 511 3882 διδόντςς
553 3823 647 3872 καὶ
688 3820 857 3872 αὑτοῦ
890 3819 984 3872 τοῦ
1017 3821 1110 3874 τὸν
1143 3821 1542 3892 πατριαρχικὸν
1575 3822 1852 3886 διέποντος

274 3908 488 3978 θρόνον.
517 3909 606 3960 Διὸ
635 3911 729 3964 καὶ
757 3911 912 3963 αὐτοὶ
940 3911 1078 3980 πρὸς
1106 3912 1341 3980 ἐσχάτας
1373 3900 1854 3964 ἐνεπεπτώκεισαν

273 4002 502 4070 ἀτιμίας
532 4003 626 4054 καὶ
655 4004 1013 4072 περιαγωγὰς
1044 4005 1450 4074 κακοδαίμονας
1481 4006 1593 4075 (80)
1618 4045 1632 4070 ,
1665 4006 1742 4070 ὡς
1773 4007 1853 4059 εἰ·

279 4093 525 4162 ρήσεται.
563 4094 686 4156 Τοῖς
723 4095 832 4163 γὰρ
865 4095 934 4146 τὰ
970 4096 1091 4148 θεῖα
1127 4095 1422 4166 προφανῶς
1457 4096 1658 4150 οὑτωσὶ
1693 4113 1853 4168 περι-

277 4186 571 4255 φρονηταῖς
602 4184 746 4244 εἰκὸς
773 4186 831 4236 ἐν
857 4184 1105 4256 ἐσχάτοις
1133 4177 1395 4248 τοιαύτας
1421 4186 1633 4240 ἐπιέναι
1661 4185 1854 4253 τίσεις,

274 4277 358 4333 εἰς
389 4270 760 4346 παιδαγωγίαν
787 4276 880 4329 τοῦ
911 4277 1052 4346 βίου,
1081 4275 1517 4348 δραστικώτερόν
1546 4295 1662 4343 πως
1687 4294 1857 4331 κατα-

276 4367 518 4420 στέλλειν
546 4369 606 4422 τὸ
634 4368 898 4440 θηριῶδες
925 4370 1028 4438 τῆς
1058 4369 1228 4440 τύχης
1260 4368 1572 4440 ίσχύουσαν.
1673 4393 1676 4396 ’

351 4459 425 4513 ιιι.
460 4460 620 4514 ’Λλλά
660 4460 770 4530 γὰρ
809 4460 968 4530 ἔαρος
1007 4461 1328 4522 ἐπιστάντος
1368 4460 1508 4529 (8|)
1547 4462 1606 4514 ἐν
1645 4460 1856 4524 τούτοις

276 4551 365 4622 (Ρ.
397 4549 524 4622 456]
554 4552 644 4604 τὸν
677 4552 1072 4622 Ἑλλήσποντον
1106 4553 1243 4622 μετὰ
1281 4552 1477 4624 πολλῆς
1509 4555 1538 4606 ὀ
1572 4556 1856 4623 σατράπης

291 4643 495 4714 ’Λμοὺρ
529 4644 640 4714 (82)
668 4644 768 4714 τῆς
804 4644 1058 4714 Ἀσιανῆς
1091 4644 1374 4715 δυνάμεως
1407 4627 1858 4715 περαιωσάμενος

274 4729 419 4806 ἧκεν
445 4738 502 4798 ἐς
531 4737 908 4807 Διδυμότειχον
936 4749 957 4766 '
985 4737 1240 4788 κάκεῖθεν
1271 4732 1426 4799 αὖθις
1452 4731 1558 4806 ἦκε
1591 4737 1730 4807 μετά
1762 4735 1861 4806 βα·

279 4829 474 4889 σιλέως
509 4828 640 4900 ἄχρι
683 4830 778 4881 καὶ
817 4830 875 4892 ἐς
918 4828 1248 4894 Βυζάντιον,
1294 4827 1421 4890 θέας
1457 4846 1518 4881 τε
1562 4828 1726 4904 ἕνεκα
1766 4831 1860 4882 καὶ

277 4924 476 4992 πείρας
515 4924 563 4974 εἰ
603 4922 746 4976 δέοι..
769 4921 922 4974 Ἐπεί
960 4937 1022 4988 γε
1065 4922 1174 4991 μὴν
1204 4920 1454 4990 ἐληλύθει
1497 4923 1609 4974 κάκ
1649 4924 1860 4991 συμμέ-

273 5031 410 5086 τρου
437 5015 529 5067 τοῦ
559 5015 926 5085 διαστήματος
955 5012 1051 5066 νῦν
1078 5013 1182 5082 μὲν
1209 5013 1520 5081 ἱστάμενος,
1551 5013 1646 5065 νῦν
1671 5013 1729 5065 δὲ
1759 5029 1857 5065 πε·

1959 2551 1990 2591 a
2018 2528 2242 2600 Gabala,
2299 2551 2423 2590 mox
2473 2545 2655 2590 tamen
2702 2534 3042 2600 emersisset,
3089 2542 3146 2588 et
3202 2533 3257 2586 in
3302 2533 3542 2604 priorem

1958 2636 2144 2697 gratiae
2181 2637 2237 2681 et
2281 2626 2512 2681 honoris
2555 2625 2738 2680 locum
2780 2622 3074 2679 restitutus
3115 2630 3282 2687 esset,
3331 2629 3392 2676 ut
3430 2623 3543 2694 jam

1957 2719 2217 2783 diximus,
2249 2735 2469 2774 omnem
2508 2719 2792 2787 deinceps,
2829 2731 2940 2786 quo
2979 2730 3107 2770 eum
3158 2715 3542 2781 ulcisceretur,

1956 2813 2196 2882 lapidem
2227 2813 2399 2866 movit
2421 2826 2488 2866 eo
2524 2824 2719 2880 usque,
2745 2809 2923 2862 donec
2949 2806 3160 2862 veritus
3193 2806 3306 2873 ille,
3339 2821 3412 2861 ne
3443 2822 3544 2861 ex-

1940 2913 2130 2987 .trema
2160 2913 2467 2974 pateretur,
2501 2903 2556 2956 in
2587 2901 2883 2955 niaximum
2917 2899 2975 2957 S.
3021 2898 3240 2969 Sophim
3275 2900 3541 2968 templum

1957 2997 2228 3066 confugit.
2275 2997 2354 3050 Ibi
2407 2994 2730 3065 aliquandiu
2785 3001 3164 3048 commoratus
3219 2991 3422 3045 multas
3479 3006 3544 3045 ac

1956 3093 2136 3146 varias
2170 3091 2348 3145 minas
2379 3103 2505 3144 cum
2536 3087 2754 3142 audiret
2785 3086 2838 3140 in
2871 3100 2931 3140 se
2966 3085 3224 3156 jactatas,
3255 3099 3320 3137 ac
3350 3097 3545 3137 rursus

1956 3193 2264 3250 vereretur,
2310 3199 2379 3240 ne
2432 3182 2578 3238 inde
2610 3181 2794 3237 subito
2838 3179 3102 3248 abreptus
3153 3178 3208 3233 in
3251 3184 3454 3232 tartara
3487 3186 3545 3232 et

1958 3279 2334 3336 custodiarum
2362 3276 2618 3332 tenebras
2648 3274 3041 3345 conjicerctur,
3069 3279 3235 3340 atque
3264 3270 3409 3326 idem
3435 3270 3543 3324 sibi

1957 3371 2218 3441 poculum
2255 3369 2626 3425 hauriendum
2672 3377 2839 3443 esset,
2887 3363 3034 3436 quod
3065 3363 3190 3418 aliis
3225 3363 3340 3434 ipse
3373 3363 3547 3434 pluri-

1958 3461 2064 3517 bus
2119 3461 2450 3525 miscuerat,
2495 3458 2868 3513 monasticam
2925 3459 3160 3524 cogente
3211 3454 3544 3508 necessitate

1959 3554 2207 3609 habitum
2242 3552 2442 3608 induit.
2474 3551 2632 3606 Prior
2661 3551 2810 3604 enim
2843 3549 2960 3619 ipse
2999 3547 3305 3604 sustulerat
3330 3545 3542 3618 asylum

1960 3644 2096 3700 illud
2143 3645 2306 3714 longo
2357 3652 2503 3707 ante,
2560 3641 2921 3714 profugorum
2976 3643 3150 3695 vetus"
3202 3635 3540 3708 praesidium,

1959 3737 2080 3807 ipso
2124 3750 2344 3807 quoque
2398 3734 2812 3790 obsecundante
2867 3732 3202 3803 patriarcha.
3249 3729 3424 3796 Quam
3471 3727 3544 3781 ob

1959 3843 2181 3885 causam
2209 3836 2266 3881 et
2293 3826 2395 3896 ipsi
2429 3825 2486 3880 in
2527 3837 2770 3880 summas
2809 3822 3142 3894 ignominias
3174 3835 3239 3875 ac
3266 3818 3546 3874 vicissitu-

1957 3921 2117 3975 dines
2171 3919 2522 3974 calamitosas
2567 3917 2905 3980 inciderunt,
2964 3923 3023 3969 ut
3061 3923 3253 3983 postea
3303 3911 3543 3966 dicetur.

1957 4011 2061 4080 Qui
2124 4011 2275 4067 enim
2335 4009 2523 4064 divina
2575 4018 2685 4064 tam
2741 4013 2930 4078 aperte
2994 4013 3392 4070 contemnunt,
3448 4019 3546 4059 eos

1957 4119 2176 4174 aequum
2212 4112 2299 4159 est
2317 4099 2588 4173 ejusmodi
2617 4115 2809 4170 pinnas
2843 4098 3062 4154 tandem
3095 4096 3390 4167 aliquando
3417 4096 3548 4150 sub-

1958 4195 2061 4260 ire,
2110 4203 2172 4250 ut
2205 4193 2512 4247 humanum
2557 4205 2732 4260 genus
2777 4190 2864 4246 bis
2924 4188 3193 4259 exemplis
3231 4186 3544 4252 erudiatur,

1957 4301 2082 4357 qua:
2107 4283 2467 4341 efﬁcaciorem
2491 4281 2784 4352 quamdam
2818 4281 2926 4334 vim
2949 4281 3153 4336 habent
3197 4278 3266 4335 ad
3301 4276 3545 4347 compri-

1958 4377 2218 4434 mendam
2252 4377 2489 4432 fortuna:
2518 4374 2810 4430 ferociam.

2031 4471 2096 4526 II.
2140 4469 2396 4526 Sedenim
2425 4484 2550 4524 cum
2589 4467 2802 4523 interea
2834 4482 2932 4522 ver
2977 4465 3326 4530 advenisset,
3373 4464 3548 4520 Amu~

1931 4565 2078 4628 ,rius
2129 4563 2290 4635 727
2341 4572 2557 4633 satrapa
2587 4603 2602 4628 ,
2658 4563 2890 4632 trajecto
2941 4557 3153 4630 magnis
3201 4573 3327 4613 cum
3373 4555 3552 4627 copis-

1960 4657 2221 4713 Asiaticis
2268 4655 2649 4725 Hellesponto,
2680 4652 3125 4724 Didymotichum
3158 4649 3347 4716 venit,
3381 4657 3546 4718 atque

1962 4752 2090 4808 inde
2119 4763 2315 4806 rursus
2343 4763 2470 4804 cum
2499 4747 2832 4816 imperatore
2866 4740 3188 4815 Byzantium
3215 4754 3393 4810 usque
3419 4754 3548 4808 pror-

1962 4856 2192 4915 gressus
2222 4849 2330 4903 est,
2360 4846 2418 4893 et
2445 4836 2664 4892 visendi
2706 4835 2914 4898 studio,
2946 4844 3003 4888 et
3027 4831 3202 4895 urbis,
3235 4830 3279 4885 si
3324 4837 3548 4899 oporte-

1965 4937 2072 4998 re't,
2121 4927 2490 4987 sollicitanda
2529 4941 2716 4981 causa.
2767 4923 2907 4979 Cum
2956 4923 3144 4992 itaque
3195 4921 3458 4984 venisset,
3490 4926 3548 4973 et

1961 5028 2111 5099 justo
2163 5023 2343 5094 spatio
2376 5019 2692 5090 Interiecto,
2733 5017 2898 5071 modo
2928 5025 3079 5071 stans
3109 5014 3271 5069 modo
3299 5014 3548 5068 circum-

277 5108 436 5179 ριιὼν
461 5109 682 5161 ἐσκόπει
707 5109 802 5161 καὶ
831 5106 1098 5176 συνεώρα,
1127 5106 1296 5178 πολλή
1323 5124 1405 5172 τις
1433 5107 1596 5161 αὐτὸν
1625 5108 1851 5175 συνέσχε

1957 5116 2167 5183 eundo,
2212 5113 2591 5184 specularetur
2633 5121 2688 5165 et
2730 5108 2904 5164 oculis
2952 5107 3240 5176 lustraret,
3281 5108 3544 5176 majorem

1639 5231 1979 5295 Variorum
2016 5241 2206 5296 nota).

351 5355 462 5426 (79)
493 5351 789 5426 Qantacuz.
831 5350 922 5405 lib.
962 5365 1046 5418 ιιι,
1071 5353 1318 5426 cap._80.
1348 5354 1580 5410 Ducmc.

350 5423 462 5494 (δυ)
502 5423 611 5476 Hoc
646 5424 766 5497 loco
796 5423 1146 5497 περιαγωγαὶ
1175 5423 1436 5497 videntur
1466 5441 1588 5480 esse
1626 5428 1855 5497 ignomi-

1956 5370 2133 5430 trapa,
2169 5359 2374 5430 quique
2437 5374 2466 5413 a
2511 5356 2882 5430 Paphlagonia
2945 5367 3119 5424 usque
3163 5351 3218 5406 in
3255 5349 3546 5419 Phrygiam

1960 5426 2300 5502 imperabat.
2333 5438 2393 5483 ut
2426 5439 2663 5484 testatur
2693 5426 2809 5502 ipse
2835 5426 3256 5502 Cantacuaenus
3291 5435 3546 5502 nonnum

273 5488 550 5570 "mappa
579 5493 886 5570 compitaet
934 5488 1068 5570 [ora
1109 5495 1488 5560 traductiones,
1543 5488 1666 5570 θυι*
1687 5499 1854 5552 etiam
1956 5488 2103 5558 loco.
2136 5488 2306 5554 Amur
2349 5514 2478 5554 vero
2509 5488 2859 5568 postmodum
2893 5511 3018 5570 cum
3051 5491 3241 5570 viginti
3297 5488 3544 5570 millibus

271 5561 469 5620 exsilia
493 5576 538 5616 et
562 5564 973 5632 deportatioues.
1005 5561 1216 5618 Borvm.

351 5638 466 5707 (8|)
500 5634 866 5707 Cautacuzen.
904 5632 1105 5698 Iib.m,
1129 5650 1254 5707 gap.
1299 5635 1386 5690 81.
1426 5637 1658 5690 υυελκα.

348 5702 460 5778 (82)
496 5702 1082 5778 Iliccrratglregoras.
1129 5702 1319 5778 Neque
1379 5709 1526 5761 enim
1585 5708 1856 5765 Amnrius

275 5771 397 5833 tam
446 5771 571 5846 luit,
636 5775 733 5830 sed
783 5771 1067 5827 Orchanes
1118 5771 1400 5832 orientalis
1455 5779 1723 5849 Bithyniae
1769 5797 1856 5834 sa-

1893 5604 1900 5611 -
1957 5573 2205 5642 equitum
2230 5571 2401 5632 venit,
2434 5558 2891 5642 etCantaciizerio
2919 5558 3552 5642 adfuit'contranhloniit-

1961 5627 2144 5707 zi‘lam,
2181 5651 2238 5697 ut
2280 5627 2641 5698 scribitidem
2673 5637 3093 5694 Cantacuzcnus
3141 5646 3262 5700 cap.
3316 5627 3407 5682 8l.
3442 5631 3548 5683 tm-

1959 5728 2112 5767 CANG.
