4064 6450
463 355 569 418 957
749 354 826 426 [Α.
867 365 924 408 ιι.
961 353 1124 419 685⁸5,
1153 368 1258 409 mn.
1305 353 1399 424 ιδ]

1685 329 2112 420 ΝΙΟΕΡΗΟΒΙ
2150 355 2536 418 esseom

2879 349 3015 424 [ιιιρ.
3059 370 3102 408 ι.
3145 369 3377 448 “Latet.
3419 352 3476 426 4]
3622 357 3729 419 988

464 468 733 538 dignitate
773 479 1060 540 etagenere
1085 471 1454 542 praestabant,
1479 488 1660 543 neque
1695 473 1842 529 ullus
1870 478 2039 535 esset,

2154 466 2213 541 ἦν
2242 470 2394 540 αύτῷ
2417 509 2431 536 ,
2461 469 2600 524 ἀλλά
2629 468 2834 534 πάντες
2863 471 3169 537 ἐδεδίεσαν,
3200 469 3391 542 ὥσπερ
3425 470 3594 525 πάλαι
3623 471 3730 523 Συ-

464 559 561 628 (ιυί
619 561 810 616 oculos
858 573 1052 618 contra
1102 565 1354 620 attollere
1397 566 1659 632 auderet,
1711 566 1806 620 sed
1855 579 2047 620 omnes

465 650 915 716 extimescerent,
948 661 1010 708 ut
1043 653 1176 709 olim
1217 654 1547 726 Syracusani
1582 656 1928 727 Dionysium,
1961 654 2049 710 Si-

465 740 606 796 ciliae
637 751 959 812 tyrannum.

540 832 629 886 lll.
666 833 1014 906 Quapropter
1039 838 1094 893 in
1115 839 1297 896 veteri
1328 840 1534 911 palatio
1558 840 1828 896 munitam
1855 856 2050 912 quam-

2151 559 2431 633 ρακούσιοι
2463 559 2743 616 Διονύσιον
2767 559 2861 616 τὸν
2887 561 3145 627 Σικελίας
3171 562 3456 634 τύραννον.

2220 833 2298 892 Γ.
2323 835 2489 893 Ὅθεν
2525 837 2726 908 ὀχυρόν
2757 851 2881 891 τινα
2921 835 3128 908 πύργον
3165 833 3273 889 τῶν
3307 834 3457 890 ἔνδον
3489 832 3583 887 τοῦ
3623 851 3730 885 πα-

469 923 596 979 dam
632 928 869 992 turrim,
909 944 1022 998 prae
1064 931 1280 988 caeteris
1331 931 1629 998 delectam,
1681 933 1940 989 decrevit
1969 935 2048 991 ita

2154 930 2306 985 λαιοῦ
2346 929 2613 984 παλατίου
2653 929 3061 999 ἀπολεξάμενος
3099 928 3528 992 κατασκευάζειν
3563 925 3734 994 ἐγνώ-

469 1016 836 1084 exaediﬁcare,
865 1026 926 1072 ut
959 1019 1016 1074 in
1050 1022 1277 1076 multam
1307 1022 1658 1080 altitudinem
1691 1025 2048 1090 eveheretur,

2154 1041 2234 1078 κει
2260 1023 2397 1095 πρὸς
2426 1023 2574 1092 μάλα
2600 1023 2736 1077 πολὺ
2763 1022 2861 1076 τοῦ
2889 1021 3050 1094 ἀέρος
3079 1021 3168 1094 [Ρ.
3197 1021 3328 1093 459]
3353 1021 3414 1074 τὸ
3439 1019 3568 1089 ὕψος
3599 1019 3742 1072 ἀνάλ

469 1108 792 1179 cellulaeque
823 1111 1069 1168 inessent
1115 1113 1398 1182 plurimae,
1435 1125 1690 1185 paterent
1718 1127 1904 1172 autem
1932 1118 2049 1174 sin-

2154 1131 2341 1183 γοντα,
2369 1115 2466 1166 καὶ
2495 1114 2777 1176 οίκίσκους
2805 1114 2864 1168 ἐν
2890 1112 3040 1182 αύτῷ
3073 1110 3303 1176 πολλοὺς
3336 1112 3434 1183 μὲν
3452 1153 3467 1178 ,
3496 1110 3732 1181 χώρημα

468 1200 632 1269 gulae,
673 1210 780 1254 tam
826 1202 882 1256 in
907 1202 1129 1272 longum
1159 1220 1324 1274 quam
1357 1205 1412 1259 in
1438 1206 1632 1271 latum,
1661 1223 1770 1263 non
1806 1209 1928 1279 plus
1955 1225 2050 1266 or-

2154 1205 2190 1260 5‘
2211 1207 2441 1259 ἕκαστον
2465 1205 2659 1276 ἔχοντα
2685 1207 2896 1277 μήκους
2921 1205 3037 1275 ἅμα
3059 1208 3155 1260 καὶ
3181 1203 3416 1265 πλάτους
3437 1202 3586 1255 οὐδὲν
3608 1199 3736 1270 ούρο

469 1293 630 1362 gyia:
663 1292 891 1363 crepido
917 1310 1052 1349 vero
1085 1311 1183 1351 seu
1218 1295 1523 1352 ambulatio
1555 1298 1668 1364 illa,
1699 1315 1823 1369 quae
1858 1316 2048 1356 muro-

2154 1282 2289 1368 γιᾶξ
2307 1297 2420 1370 (85)
2455 1297 2657 1368 μᾶλλον
2680 1311 2694 1328 ⁸
2726 1299 2818 1351 τόν
2845 1314 2909 1365 γε
2942 1299 3049 1368 μὴν
3082 1298 3174 1349 ἐπὶ
3201 1296 3313 1350 τῶν
3338 1295 3614 1360 ἐπάλξεων
3640 1309 3733 1346 πε-

468 1397 589 1435 rum
623 1382 840 1454 fastigia
873 1385 1067 1450 ambit,
1093 1401 1204 1441 non
1237 1388 1385 1442 intus
1408 1387 1504 1442 sed
1529 1389 1871 1447 extrinsecus
1900 1400 2049 1448 esset

2154 1389 2530 1462 piﬁpopovoﬁx
2553 1386 2783 1454 ἔσωθεν,
2815 1385 2931 1440 ἀλλ’
2954 1386 3157 1452 ἔξωθεν
3185 1381 3326 1438 εἶναι
3359 1385 3686 1454 ἐληλαμένον
3713 1397 3730 1412 ⁵

468 1470 849 1528 circumducta
878 1492 892 1540 ;
927 1488 995 1530 eo
1021 1475 1234 1532 scilicet
1267 1489 1328 1531 ut
1360 1476 1426 1532 iis
1466 1479 1756 1542 omnibus,
1781 1497 1925 1552 quos
1953 1483 2046 1540 ille

2154 1482 2324 1536 αἴτιον
2347 1480 2394 1536 δ’
2417 1481 2506 1536 ἵνα
2536 1479 2745 1542 πάντας
2778 1479 3012 1541 ὁπόσους
3043 1479 3247 1541 ἐκεῖνος
3275 1471 3392 1546 εἶχε
3419 1475 3727 1546 δεσμώτας,

467 1566 564 1610 aut
585 1559 806 1616 evinctos
835 1563 1080 1642 tenebat,
1119 1573 1218 1621 aut
1249 1565 1302 1619 in
1335 1564 1556 1622 vincula
1603 1569 1882 1642 conjicere
1934 1587 2050 1628 me-

2154 1574 2244 1627 καὶ
2271 1574 2430 1637 ὅσους
2456 1573 2600 1640 ἕξειν
2622 1571 2711 1628 διὰ
2734 1571 2965 1640 μελέτης
2987 1565 3120 1639 εἶχε,
3154 1567 3477 1640 συναγαγὼν
3493 1569 3588 1635 καὶ
3608 1581 3732 1632 συγ-

469 1643 770 1718 ditabatur,
829 1641 1035 1709 coactis
1089 1655 1242 1712 Intus
1291 1666 1458 1726 atque
1503 1641 1805 1728 conclusis,
1837 1663 2046 1722 nullam

2154 1665 2372 1730 κλείσας
2434 1665 2589 1728 ἐντὸς
2651 1664 2925 1735 μηδεμίαν
2967 1661 3324 1733 ἀνεῳγμένην
3369 1659 3550 1724 αὐτοῖς
3590 1658 3730 1730 ἐάσῃ

468 1751 746 1812 patentem
796 1754 1011 1817 portam
1061 1748 1436 1820 relinqueret,
1485 1767 1586 1822 per
1632 1769 1799 1829 quam
1845 1757 2047 1827 aliquis

2154 1759 2364 1830 πύλην,
2394 1758 2464 1813 δι’
2487 1753 2557 1830 ἦς
2593 1757 2661 1814 ἀν
2695 1773 2781 1820 τις
2815 1755 3046 1811 εἰσέλθοι
3081 1770 3143 1808 τε
3177 1751 3275 1808 καὶ
3312 1751 3518 1818 ἐξέλθοι
3540 1766 3556 1782 ο
3593 1749 3730 1804 ἀλλὰ

468 1835 702 1892 introire
747 1846 844 1893 aut
874 1839 1066 1910 egredi
1096 1852 1283 1912 posset
1313 1861 1327 1909 ;
1365 1843 1463 1900 sed
1511 1823 1792 1916 lapidibus
1819 1823 2049 1907 cunctas

2154 1823 2317 1913 Meet;
2341 1823 2437 1903 καὶ
2455 1823 2656 1920 τιτάνῳ
2676 1847 3022 1919 περιφράξας
3043 1847 3265 1920 ἁπάσας
3286 1843 3476 1914 ὥσπερ
3497 1842 3554 1896 ἐν
3572 1840 3729 1910 τάφῳ

465 1939 523 1983 et
574 1945 746 2000 gypso
791 1932 1136 2000 Obstrueret,
1168 1944 1340 2006 atque
1390 1937 1467 1994 ita
1520 1940 1676 2009 quasi
1730 1942 1886 1997 vivos
1925 1943 2049 1998 illos

466 2022 748 2090 sepeliret.
1505 2072 1510 2077 -

539 2112 631 2168 ιν.
671 2113 970 2185 Postquam
1027 2118 1220 2189 itaque
1257 2120 1574 2190 absolutum
1624 2133 1710 2179 est
1753 2125 2048 2184 aediﬁcium

470 2205 605 2261 illud
650 2207 780 2263 novi
813 2212 1055 2279 generis,
1089 2228 1216 2268 cum
1269 2225 1554 2285 oporteret
1603 2218 1850 2272 triduum
1902 2219 2051 2276 intra

466 2311 588 2361 eos,
632 2299 728 2368 qui
775 2299 832 2355 in
878 2302 1118 2358 vinculis
1146 2315 1328 2371 erant,
1373 2307 1584 2363 includi
1617 2324 1809 2366 omnes
1855 2312 2044 2377 simul,

467 2397 729 2460 tanquam
762 2392 815 2447 in
845 2408 1030 2450 arcem
1058 2396 1280 2474 leivii,
1308 2409 1403 2454 aut
1451 2401 1766 2471 sepulcrum
1825 2404 2049 2474 aliquod

466 2492 786 2548 commune,
825 2482 1072 2542 incidere
1109 2487 1187 2542 illi
1221 2488 1275 2560 in
1303 2498 1552 2560 apertam
1589 2493 1717 2547 vitae
1765 2497 2052 2564 praesentis

465 2573 892 2647 communisque
943 2579 1206 2635 omnibus
1237 2581 1380 2637 lucis
1417 2582 1881 2653 desperationem,
1922 2587 2053 2642 sub-

471 2663 688 2736 iitque,
761 2669 974 2738 abjecta
1027 2672 1113 2726 sui
1168 2675 1413 2742 Ipsorum
1455 2676 1621 2762 1⁸731
1671 2693 1828 2739 cura,
1875 2679 2050 2733 aleam

465 2773 689 2813 omnem
719 2760 984 2818 audacius
1005 2763 1214 2833 jacere,
1245 2773 1302 2819 et
1329 2760 1624 2836 antequam
1665 2769 1774 2823 vivi
1801 2771 2051 2840 paratum

467 2852 526 2906 in
550 2853 824 2908 tumulum
843 2851 1292 2919 detruderentur,
1310 2855 1547 2912 duorum
1572 2859 1806 2915 alterum
1826 2877 2049 2927 navare,

466 2952 633 3014 atque
672 2953 769 3000 aut
815 2954 1052 3018 tyranno
1103 2935 1378 3005 trucidato
1425 2948 1621 3020 parare
1674 2952 1783 3006 sibi
1819 2951 1951 3023 ipsis
1985 2954 2052 3008 li-

466 3035 763 3101 bertatem,
798 3046 892 3091 aut
922 3037 1071 3091 virili
1121 3039 1290 3094 semel
1335 3049 1513 3096 morte
1546 3043 1810 3110 appetita,
1841 3044 2053 3113 gravis-

2153 1939 2366 2005 ζῶντας
2395 1943 2624 2013 κατέχῃ.

2223 2130 2298 2184 Δ’.
2335 2127 2493 2180 Ἐπεὶ
2523 2125 2580 2180 δέ
2609 2123 2761 2187 τέλος
2792 2120 2907 2194 εἶχε
2938 2124 3006 2178 τὰ
3037 2125 3134 2194 τῆς
3166 2121 3323 2192 ξένης
3352 2119 3563 2190 ἐκείνης
3589 2118 3732 2174 οῑκο-

2151 2217 2371 2288 δομίας,
2390 2217 2484 2270 καὶ
2503 2215 2611 2268 ἔδει
2633 2213 2800 2284 τριῶν
2823 2211 3046 2284 ἡμερῶν
3071 2211 3278 2280 μεταξὺ
3301 2210 3426 2274 τοὺς
3452 2207 3732 2279 δεσμώτας

2151 2306 2290 2378 ὁμοῦ
2323 2305 2750 2374 συγκλεισθῆναι
2783 2305 2996 2368 πάντας
3025 2302 3210 2366 ἐντὸς,
3246 2301 3498 2372 καθάπερ
3528 2300 3608 2364 είς
3637 2299 3732 2368 λήο

2153 2401 2251 2468 θης
2282 2399 2542 2470 φρούριον
2569 2397 2680 2467 (86)
2708 2397 2743 2468 ἦ
2773 2397 2952 2451 κοινὸν
2975 2395 3352 2468 πολυάνδριον,
3379 2395 3458 2458 είς
3487 2393 3734 2462 ἀπόγνω-

2155 2510 2241 2546 σιν
2262 2487 2400 2565 ἦκον
2425 2493 2474 2544 οἱ
2501 2491 2714 2560 δέσμιοι
2744 2489 2999 2560 προφανῆ
3026 2489 3124 2559 τῆς
3151 2491 3436 2558 παρούσης
3461 2487 3608 2556 ζωῆς
3633 2486 3731 2540 καὶ

2153 2584 2249 2636 τοῦ
2279 2580 2463 2637 κοινοῦ
2492 2585 2606 2645 τοῖς
2638 2582 2805 2634 πᾶσιν
2834 2580 2986 2650 ἡλίου
3014 2595 3029 2612 ο
3063 2581 3160 2634 καὶ
3192 2580 3343 2649 σφῶν
3373 2580 3552 2633 αὐτῶν
3577 2581 3733 2648 ἀφει-

2151 2675 2380 2744 δήσασιν
2414 2674 2507 2727 ἐπὶ
2541 2673 2603 2726 τὸ
2640 2663 3098 2742 παραϐολώτερον
3131 2672 3260 2736 τοὺς
3293 2671 3392 2740 τῆς
3427 2671 3596 2742 τύχης
3634 2669 3733 2722 κύρ

2155 2770 2284 2830 ϐους
2323 2769 2685 2839 ἀναρρίπτειν
2729 2765 2909 2836 ἐπῄει,
2951 2767 3046 2820 καὶ
3091 2766 3222 2837 πρὶν
3269 2765 3477 2828 ζῶντας
3519 2766 3599 2827 είς
3641 2765 3731 2816 τὴν

2155 2861 2526 2930 προκείμενον
2567 2858 2910 2928 ἐμϐληθῆναι
2957 2857 3159 2925 τάφον,
3206 2856 3731 2926 δυοῖν,ἐργάσασοαι

2155 2952 2386 3023 θάτερον
2408 2966 2424 2982 ο
2463 2949 2497 3020 ἢ
2536 2941 2681 3016 ξίέρει
2713 2949 2804 3001 τὸν
2835 2947 3101 3018 τύραννον
3130 2946 3601 3018 διαχρησαμένους
3635 2945 3731 3014 τὴν

2155 3041 2250 3096 τοῦ
2282 3042 2398 3112 βίον
2430 3042 2612 3110 σφίσιν
2639 3040 2822 3102 αὐτοῖς
2847 3037 3164 3108 ἐλευθερίαν
3191 3036 3519 3106 πορίσασθαι
3537 3053 3552 3070 ’
3579 3037 3612 3107 ἢ
3637 3035 3726 3087 τὸν

467 3127 627 3182 simis
669 3129 723 3181 in
756 3137 1036 3198 posterum
1075 3133 1337 3187 arumnis
1370 3132 1619 3189 liberari.
1657 3135 1712 3189 Id
1759 3135 2050 3190 consilium

2155 3136 2384 3206 ἀνδράσι
2430 3136 2712 3204 πρέποντα
2755 3133 2986 3187 θάνατον
3025 3130 3174 3194 ἀπαξ
3214 3130 3462 3183 ὲκτίσασι
3505 3129 3730 3200 μακρῶν

467 3232 598 3286 cum
635 3218 780 3274 inter
811 3235 870 3275 se
904 3223 1412 3278 communicassent
1441 3235 1677 3293 quatuor
1713 3240 1782 3280 ex
1815 3226 2051 3281 nobilio-

2158 3226 2251 3278 τοῦ
2279 3226 2471 3293 λοέποῦ
2500 3225 2691 3278 δεινῶν
2723 3224 3088 3294 ἀπηλλάχθαι.
3121 3225 3213 3286 Εἰς
3243 3223 3511 3294 τέτταρας
3543 3222 3640 3292 μὲν
3665 3223 3729 3292 δὴ

468 3310 646 3374 ribus,
679 3312 820 3367 ultra
851 3313 1106 3383 progredi
1144 3331 1253 3369 non
1283 3316 1512 3385 placuit,
1542 3331 1611 3370 ne
1643 3317 2049 3388 divulgaretur.

468 3399 685 3455 Etenim
727 3405 841 3471 ipsa
871 3402 1043 3458 futuri
1076 3405 1356 3459 evidentia
1391 3405 1736 3462 manifestam
1772 3409 1934 3471 ﬁdem
1969 3409 2054 3465 fa.

466 3493 668 3554 ciebat,
688 3493 780 3548 ubi
808 3510 921 3548 rem
946 3498 1184 3566 aggressi
1209 3508 1416 3564 essent,
1442 3499 1656 3553 futuros
1679 3501 1745 3555 iis
1767 3501 2052 3573 adjutores

470 3587 527 3638 in
575 3599 642 3638 eo
694 3586 968 3642 libertatis
1011 3588 1316 3644 certamine
1364 3604 1460 3645 eos
1509 3607 1723 3655 omnes,
1755 3594 1851 3663 qui
1884 3595 2054 3651 vincti

442 3687 818 3746 tenerentur,
854 3695 1170 3750 quanquam
1203 3679 1348 3735 baud
1385 3683 1818 3752 praemedit'atos.
1893 3676 1921 3697 ’

555 3963 616 4017 V.
656 3961 794 4019 Cum
846 3963 1015 4032 igitur
1057 3961 1262 4018 soleret
1311 3964 1638 4034 Apocaucus
1678 3965 1808 4022 illuc
1854 3967 2055 4038 saepius

469 4056 574 4123 ire,
611 4072 675 4111 ac
709 4067 841 4112 tunc
887 4055 1125 4110 maxime
1170 4056 1356 4112 fabros
1389 4055 1458 4110 ad
1488 4073 1628 4127 opus
1655 4069 1875 4128 urgeret
1914 4079 1928 4127 ;
1960 4061 2056 4118 ubi

2155 3318 2268 3380 τῶν
2293 3318 2702 3385 εύγενεστέρων
2728 3317 2789 3370 τὸ
2815 3317 3053 3370 τοιοῦτον
3081 3316 3405 3386 διαϐεϐηκδς
3433 3315 3727 3386 βούλευμα.

2159 3411 2474 3482 περαιτέρω
2502 3410 2822 3480 προϐαίνειν
2845 3409 2946 3463 ούκ
2975 3409 3165 3480 ἐκρίθη
3194 3408 3324 3473 δεῖν,
3355 3401 3431 3472 ὡς
3453 3409 3537 3480 ’μὴ
3567 3409 3729 3462 ἐκπυ-

2160 3519 2285 3556 στον
2315 3502 2599 3573 φωραθείη
2625 3502 2939 3572 γενόμενονι
2969 3499 3044 3554 Τὸ
3073 3501 3180 3571 γάρ
3208 3517 3288 3554 τοι
3321 3501 3598 3570 προφανὲς
3621 3500 3728 3553 τῶν

2157 3592 2390 3646 ἐλπίδων
2427 3593 2958 3664 ἀναμφισϐητήτως
2995 3591 3147 3654 τινὰς
3188 3590 3431 3645 ὑπετίθει
3463 3591 3560 3653 τὰς
3604 3590 3732 3643 ὑπο-

2160 3683 2397 3754 σχέσεις,
2427 3682 2850 3754 ἐπιχειρήσασιν
2879 3681 3031 3752 ῆξειν
3059 3683 3176 3752 ἃμα
3203 3682 3409 3744 πάντας
3437 3680 3732 3750 συλλήπτο-

2161 3794 2263 3847 ρας
2292 3777 2418 3839 τοῦς
2447 3775 2755 3846 δεσμώτας,
2787 3778 2884 3829 καὶ
2916 3776 2991 3846 μὴ
3024 3765 3566 3847 προμελετήσαντας,
3592 3775 3648 3838 ἐς
3673 3776 3733 3828 τὸ

2158 3869 2336 3923 κοινὸν
2364 3869 2464 3939 τῆς
2495 3869 2814 3938 ἐλευθερίας
2842 3867 3080 3923 στάδιον.

2230 3959 2305 4018 E'.
2339 3960 2544 4026 Είωθδς
2592 3960 2699 4014 οὖν·
2733 3959 3061 4030 Ἀποκαύκῳ
3106 3961 3431 4034 συχνότερον
3483 3962 3732 4032 ἐνδημεῖν

2158 4052 2296 4119 ἐκεῖ,
2331 4045 2709 4128 καίμάλισταρ
2737 4050 2833 4104 νΞν
2880 4048 3268 4119 ἐπιταχύνοντι
3324 4051 3462 4119 πρὸς
3507 4049 3733 4118 τοῦργον

2119 4133 2288 4206 “τοὺς
2349 4143 2651 4205 τέκτοναςο·
2697 4139 2890 4211 ἐπειδὴ
2953 4138 3049 4194 καὶ
3103 4140 3135 4211 ἡ
3200 4139 3488 4194 τελευταία
3553 4142 3734 4209 παρῆν

2156 4237 2364 4307 ἡμέρα,
2397 4233 2521 4287 καθ’
2573 4234 2642 4304 ἢν
2688 4235 2766 4298 είς
2835 4235 3010 4304 πέρας
3063 4233 3171 4288 ἔδει
3221 4231 3617 4304 προενεχθῆναι
3673 4234 3732 4282 τὸ

2160 4329 2458 4399 βούλευμα,
2508 4321 2612 4399 ἧκε
2672 4328 2790 4398 μεθ’
2828 4327 2996 4380 ὕπνον
3047 4328 3144 4382 καὶ
3201 4323 3480 4397 τράπεζαν
3527 4325 3733 4394 ὀψόμε-

470 4164 771 4220 supremus
821 4147 938 4202 dies
990 4148 1168 4215 alluit,
1217 4164 1334 4218 quo
1385 4149 1678 4220 Oportebat
1729 4151 1797 4206 ad
1841 4153 2054 4240 exitum

467 4243 699 4312 perduci
749 4255 813 4294 ea
857 4258 980 4312 quae
1015 4241 1322 4299 deliberata
1349 4253 1532 4310 erant,
1566 4245 1718 4299 venit
1749 4254 1874 4316 post
1907 4263 2053 4303 som-

473 4348 605 4387 uum
655 4340 711 4386 et
742 4347 984 4388 mensam
1030 4343 1378 4402 aspecturus,
1413 4348 1612 4402 nempe
1662 4334 1960 4405 singularis
1991 4337 2057 4391 il-

470 4419 583 4478 lius
619 4424 859 4479 carceris
901 4423 1150 4478 ultimam
1205 4422 1699 4476 exaaditicatiouem
1741 4432 1797 4476 et
1832 4423 2051 4478 absolu-

2159 4439 2248 4486 νος
2276 4421 2388 4492 (87)
2437 4419 2538 4491 τὴν
2580 4419 2680 4490 τῆς
2719 4420 2876 4490 ξένης
2923 4420 3147 4491 εἱρκτῆς
3191 4417 3505 4472 τελευταίαν
3533 4417 3734 4471 οἰκοδο-

473 4525 584 4570 tam
624 4517 790 4572 totius
837 4517 1023 4586 operis
1073 4512 1633 4568 consummationem.
1679 4513 1740 4565 Et
1795 4513 1923 4583 quia
1955 4531 2051 4586 per

2162 4515 2293 4587 μίαν
2327 4517 2421 4569 καὶ
2470 4513 2560 4567 τὸν
2613 4513 2840 4567 ἀνενδεᾶ
2886 4511 2986 4583 τῆς
3040 4513 3168 4600 dli];
3215 4512 3561 4582 ἀπαρτισμὸν
3605 4511 3734 4562 ὑπο.

471 4626 729 4664 somnum
767 4609 855 4664 illa
891 4610 980 4663 die
1018 4608 1160 4680 (erat
1208 4615 1394 4660 autem
1427 4606 1718 4660 undecima
1757 4605 1930 4678 Junii)
1962 4625 2051 4679 pa-

2163 4603 2385 4671 θέσεως.
2415 4606 2527 4659 Καὶ
2559 4602 2750 4676 ἐπειδὴ
2795 4603 2938 4657 κατά
2980 4601 3109 4667 τοὺς
3138 4603 3234 4671 τῆς
3271 4603 3481 4684 ⁴ἡμέρας
3519 4601 3733 4667 ἐκείνης

471 4717 636 4756 vores
666 4718 791 4755 cum
842 4700 1066 4770 quidam
1114 4701 1184 4752 ab
1235 4698 1517 4754 atrocibus
1556 4699 1786 4754 somniis
1828 4702 2051 4758 excitati

2163 4695 2369 4763 ὕπνους
2427 4697 2716 4770 (ἑνδεκάτη
2766 4695 2813 4749 δ’
2864 4691 2934 4768 ῆν
2960 4692 3204 4765 Ἰουνίου)
3243 4693 3463 4765 θόρυϐοί
3505 4708 3648 4756 τινες
3678 4690 3736 4753 ἐξ

472 4795 957 4864 perturbaverant,
976 4789 1159 4859 qualia
1186 4790 1325 4844 solet
1345 4804 1487 4860 saepe
1510 4807 1713 4845 numen
1743 4792 1810 4846 iis
1833 4793 2051 4850 casibus

2160 4791 2388 4861 ὀνείρων
2442 4791 2650 4861 ἀγρίων
2690 4789 2858 4842 αὐτὸν
2893 4785 3255 4856 ἐξεφόϐησαν,
3286 4779 3374 4838 οἷα
3415 4785 3557 4854 φιλεῖ
3605 4783 3735 4834 πολι

472 4894 725 4956 portenta
776 4883 1128 4953 praemittere,
1179 4881 1232 4937 id
1284 4882 1536 4952 quidem,
1574 4885 1721 4954 quod
1758 4901 1910 4955 spem
1947 4886 2051 4941 ali-

2161 4885 2318 4947 λάκις
2343 4885 2402 4936 ἐν
2439 4885 2553 4946 τοῖς
2581 4881 2846 4945 τοιούτοις
2883 4881 3300 4950 προαναφωνείν
3333 4878 3394 4931 τὸ
3431 4877 3730 4946 δαιμόνιον,

470 4990 639 5044 quam
683 4974 878 5027 salutis
911 4971 1194 5038 aﬂ'erebat,
1235 4990 1343 5028 non
1381 4977 1643 5044 providit,
1684 4977 1829 5046 quod
1869 4989 2050 5039 autem

2159 4978 2188 5031 ὃ
2225 4977 2323 5048 μὲν
2359 4975 2508 5045 αύτῷ
2547 4973 2825 5045 σωτηρίας
2872 4969 3016 5043 εἶχεν
3051 4972 3294 5039 ἐλπίδας,
3321 4973 3382 5024 ού
3436 4968 3732 5039 μεμελέτη-

476 5068 580 5136 ipsi
613 5065 680 5120 ad
716 5048 1362 5137 impendentiapericula
1403 5069 1712 5124 breviorem
1741 5072 1898 5142 viam.
1935 5087 2051 5124 mu-

2164 5088 2259 5125 κεν
2282 5086 2296 5099 ·
2328 5069 2355 5122 ὃ
2385 5069 2430 5120 δ’
2462 5065 2608 5139 εἶχεν
2639 5067 2719 5131 εἰς
2759 5069 2885 5130 τοὺς
2919 5065 3331 5137 ἐπηρτημένους
3370 5063 3513 5131 αὐτῷ
3564 5060 3738 5112 κινδύ-

473 5159 685 5224 niebat,
729 5157 863 5213 illud
914 5158 1020 5214 sibi
1054 5160 1122 5215 ad
1177 5160 1410 5215 salutem
1463 5161 1662 5217 melius
1715 5177 1838 5218 esse
1898 5163 2051 5217 duxit

2163 5179 2289 5224 νους
2315 5162 2552 5233 ὀξύτερα
2602 5159 2670 5214 τὰ
2714 5159 2925 5228 ἐφόδια,
2953 5157 3112 5212 τοῦτο
3139 5155 3210 5228 ’δὴ
3261 5159 3353 5211 καὶ
3395 5155 3602 5226 βέλτιον
3658 5153 3735 5214 εἰς

1829 5304 2172 5366 Variorum
2222 5309 2412 5364 notas.
2493 5344 2498 5349 .

549 5428 661 5499 (85)
695 5427 930 5488 Barbare
957 5449 1053 5503 pro
1087 5431 1335 5503 ὀργυιᾶς.
1368 5431 1506 5489 Vide
1526 5433 1769 5492 Glossar.
1805 5435 2049 5506 Ducaug.

2157 5443 2423 5506 punctum
2455 5431 2755 5506 erat.Quid
2787 5426 3136 5506 sittpézcsza
3163 5422 3438 5506 hocloco,‘
3462 5434 3568 5474 non
3605 5419 3736 5473 satis

475 5495 685 5554 BOW'N-
957 5495 973 5503 ’
1119 5495 1177 5503 ’⁷
1995 5495 2067 5543 νε
2159 5495 2452 5574 assequor.
2508 5495 2763 5558 Fortasse
2818 5495 2932 5553 hic
2964 5510 3159 5574 sensus
3207 5504 3338 5548 est:
3384 5495 3737 5574 _Apocauciuu

546 5570 657 5640 (3(5)
687 5573 820 5630 Vide
850 5574 1082 5646 Proc0p.
1113 5575 1186 5630 De
1219 5576 1354 5630 bello
1392 5575 1625 5645 Persico,
1654 5577 1752 5634 lib.
1779 5593 1817 5646 ι,
1845 5592 1968 5645 cap.
1998 5576 2052 5632 5.
2159 5579 2264 5629 diri
2297 5563 2441 5628 illius
2468 5574 2711 5658 ,ταῖσιν-εδ
2768 5563 3219 5658 ιιερεςιιιωοειιιοξ
3245 5565 3738 5658 .-ρ-α-ιῖξξδςςμέςς...ι-ξιξ

474 5639 682 5700 Botvm.
1029 5639 1042 5646 ’
1613 5639 1622 5645 ’
1803 5639 1813 5646 ’
1913 5639 1928 5645 ’
2159 5664 2344 5700 somno
2369 5648 2661 5708 excitatum
2696 5659 2754 5695 eo
2786 5639 3044 5708 tanquam
3076 5639 3144 5689 ad
3173 5650 3410 5688 mensam
3459 5639 3736 5702 apiparmu

545 5714 655 5783 (87)
693 5717 929 5773 Verbum
963 5717 1131 5774 verbo
1170 5717 1407 5778 reddidi.
1442 5732 1542 5772 nec
1581 5736 1750 5775 ausus
1808 5735 1927 5774 sum
1959 5721 2060 5776 ali-

479 5769 562 5839 ter
591 5769 984 5860 interpungere
1003 5769 1221 5857 ﬁatque,
1241 5769 1345 5842 luti
1373 5769 1650 5846 incudi—ce
1680 5793 1850 5857 Regio
1889 5794 2059 5847 intcr-
2167 5802 2286 5842 rum
2317 5797 2432 5858 post
2466 5801 2700 5839 mensam
2732 5769 2992 5835 εἷιΒυιγιΝ.

2165 5719 2479 5770 cucurrisse.
2512 5719 2594 5767 An
2624 5706 2919 5776 b'isvenit‘:
2945 5707 3141 5773 semel,
3169 5716 3280 5776 post
3313 5721 3580 5770 somnum,
3634 5713 3734 5755 :te-
3829 5761 3834 5765 η
