4064 6434
508 245 605 310 9'1]
761 238 837 311 [Α.
880 254 938 295 ιι.
980 238 1267 307 ϐθῖὥηλυ.
1315 240 1404 313 l5}

1696 248 1744 309 Ν
1751 248 2112 314 ICEPHORI
2150 253 2532 319 GREGOR/E

2873 257 3006 332 [ιιν.
3050 277 3091 316 1.
3131 275 3359 317 ωιαοι..
3403 262 3459 335 41
3632 264 3738 329 972

487 364 731 419 remedio
759 371 1045 417 uterentur
1073 363 1338 419 adversus
1369 374 1675 435 tetuporum
1706 366 1984 421 fortunam
2011 378 2054 422 et

2172 371 2272 441 μὲν
2320 376 2597 444 ήέκείνου
2653 379 2842 449 γέγονε
2888 381 3115 451 τελευτὴ
3165 385 3275 447 τοῖς
3327 401 3382 437 τε
3434 383 3520 437 διὰ
3550 390 3738 443 πενίαν

489 456 866 517 calamitates,
901 470 1056 524 mque
1106 465 1164 509 ut
1211 467 1370 511 antea
1419 457 1761 524 subeuntes;
1819 461 1946 514 item
1997 461 2063 515 iis

487 551 581 617 qui
626 547 898 602 vindicata
959 545 1111 602 illius
1163 547 1450 603 malefacta
1496 549 1687 604 videre
1738 551 2061 621 cupiebant,

450 648 778 708 ’autequam
807 638 1195 707 desperatione
1230 647 1456 695 auctore
1506 641 1661 695 nefas
1695 641 1798 711 ipsi
1839 643 2060 712 aliquod

485 734 834 804 susciperent
860 750 873 785 :
900 731 1293 788 documentum
1327 748 1459 787 vero
1482 735 1714 797 exstitit,
1756 750 1866 804 quo
1896 735 2063 789 auda-

485 826 684 890 ciores,
715 834 771 880 et
804 826 839 879 ii
889 826 984 893 qui
1019 825 1172 879 nullo
1209 833 1356 878 metu
1407 825 1657 880 deterriti
1712 843 1774 881 ea
1826 836 2059 893 tentant,

483 932 603 986 qua:
640 919 905 970 intentata
952 930 1074 969 esse
1120 924 1363 985 oportet,
1393 917 1458 971 ad
1491 918 1767 973 saniorem
1820 928 2058 972 mentem

482 1019 893 1060 revocarentur.
918 1005 1172 1077 735-bit
1196 1005 1311 1060 haec
1337 1006 1559 1076 quidem
1583 1009 1636 1060 iu
1667 1008 1813 1062 hunc
1837 1008 2059 1063 modum

480 1110 630 1165 gesta
660 1106 809 1152 sunt.

550 1188 690 1243 Vill.
738 1186 1011 1243 Czrterum
1066 1197 1361 1257 antequam
1413 1187 1549 1243 foris
1596 1191 1889 1259 quisquam
1948 1197 2061 1244 tra-

480 1281 718 1350 goediam
774 1279 923 1334 illam
995 1279 1397 1350 persensisset,
1448 1281 1627 1349 ruptis
1690 1281 2060 1336 omnibuset

478 1373 716 1426 vinculis
767 1382 823 1425 et
874 1371 1124 1438 catenis,
1178 1372 1416 1425 maxima
1483 1386 1609 1426 cum
1660 1373 1939 1442 voluptate
1990 1373 2058 1427 ad

476 1464 763 1519 cadaveris
794 1464 1168 1534 spectaculqu
1211 1477 1505 1517 accurrere
1536 1462 1571 1516 ii
1600 1463 1694 1533 qui
1739 1463 1795 1517 in
1835 1477 2059 1518 carcere

477 1563 658 1620 erant,
696 1555 842 1609 haud
901 1555 1086 1608 minus
1111 1553 1387 1609 ducentis.
1438 1553 1517 1608 Ex
1552 1554 1759 1623 quibus
1800 1568 1941 1609 unus
1979 1553 2061 1608 fas-

476 1647 603 1701 brili
631 1648 778 1703 ascia
805 1646 1030 1719 (etenim
1065 1647 1216 1701 ensis
1240 1645 1431 1701 nullus
1462 1657 1662 1717 praesto
1691 1645 1833 1714 erat)
1865 1653 2052 1715 caput,

2162 465 2262 518 οὐκ
2328 467 2547 536 ἔχουσιν
2600 473 2710 543 ὅτῳ
2758 475 3053 545 χρήσονται
3115 477 3394 545 φαρμάκῳ
3450 479 3588 547 πρὸς
3640 481 3736 539 τάς

2163 561 2424 624 ἐπιούσας
2449 562 2652 633 ὁμοίως
2672 562 2767 615 τοῦ
2786 564 2984 635 χρόνου
3005 565 3171 634 τύχας
3191 566 3284 618 καὶ
3309 565 3393 637 [Ρ.
3415 567 3541 640 tibi]
3563 569 3735 641 κῆρας

2161 652 2259 704 καὶ
2286 646 2367 714 οἷς
2397 652 2586 720 ἔφεσις
2633 652 2742 706 τῶν
2780 654 2967 718 κακῶς
3025 655 3118 709 ὑπ’
3145 656 3312 709 αὑτοῦ
3343 659 3736 727 πραττομένων

2161 741 2441 813 ἐκδίκησιν
2498 743 2799 799 θεάσασθαι
2870 740 2963 816 ἦν,
3023 748 3157 817 πρὶν
3230 749 3543 816 ἀπογνώσει
3598 753 3735 818 σφᾶς

2158 833 2459 897 δεδωκότας
2485 834 2544 887 ἓν
2572 853 2626 889 τι
2655 836 2986 891 πεπονθέναι
3011 839 3119 890 τῶν
3143 839 3420 908 ἀθεμίτων
3445 856 3465 875 ο
3498 842 3590 895 καὶ
3617 843 3733 913 ἅμα

2160 924 2570 995 παιδευτήριον,
2598 927 2654 989 ἐς
2687 926 2748 980 τὺ
2785 927 3002 999 σῶφρον
3056 930 3183 992 τοὺς
3229 930 3600 1002 θρασυτέρους
3642 934 3735 986 άν-

2159 1013 2369 1079 θέλκον,
2399 1017 2493 1069 καὶ
2521 1010 2605 1080 οἷς
2635 1018 2702 1072 τὰ
2730 1019 3015 1091 άτόλμητα
3045 1023 3142 1089 ξὺν
3168 1022 3348 1077 οὐδενὶ
3388 1024 3500 1078 δέει
3531 1024 3731 1094 τολμᾶ-

2158 1123 2271 1160 ται.
2305 1108 2415 1160 Καὶ
2443 1107 2615 1162 ταῦτα
2641 1111 2744 1180 μὲν
2774 1111 2961 1166 τοῦτον
2988 1113 3113 1186 ἔσχε
3144 1116 3236 1170 τὸν
3266 1119 3488 1186 τρόπον.

2231 1193 2315 1250 H'.
2351 1197 2487 1264 Πρίν
2537 1215 2601 1267 γε
2638 1198 2748 1271 μὴν
2774 1200 3031 1271 αἴσθησιν
3059 1202 3156 1257 τοῦ
3200 1204 3480 1275 δράματος
3509 1207 3731 1276 ἐγγενέ-

2161 1287 2287 1341 σθαι
2310 1292 2425 1352 τοῖς
2453 1290 2580 1357 ἔξω,
2597 1291 2778 1362 δεσμά
2801 1293 2981 1349 πάντα
3008 1295 3103 1348 καὶ
3136 1296 3353 1361 κλοιοὺς
3373 1299 3426 1352 οἱ
3455 1288 3729 1370 δεσμῶται

2161 1377 2424 1445 ῥήξαντες
2455 1380 2534 1443 είς
2567 1381 2668 1451 τήν
2714 1381 2810 1436 τοῦ
2856 1382 3150 1454 πτώματος
3192 1385 3323 1441 θέαν
3368 1388 3508 1457 μετὰ
3552 1390 3730 1461 πάσης

2159 1468 2447 1536 ἐπεξέθεον
2476 1470 2694 1541 ἡδονῆς,
2726 1474 2788 1526 οὑ
2837 1476 2991 1545 μεῖον
3029 1475 3322 1532 διακοσίων
3353 1479 3689 1550 ὑπάρχοντες
3712 1497 3726 1513 '

2157 1555 2232 1615 ὧν
2261 1555 2339 1625 εἷς
2384 1580 2467 1626 τις
2511 1565 2812 1637 σκεπάρνῳ
2840 1569 3140 1640 τεκτονικῷ
3171 1569 3349 1640 (ξίφος
3380 1572 3489 1642 γὰρ
3524 1574 3725 1642 ἥκιστα

2160 1654 2374 1725 παρῆν)
2430 1654 2522 1708 τοῦ
2570 1656 2760 1710 λοιποῦ
2788 1659 2889 1728 τὴν
2915 1660 3158 1732 κεφαλὴν
3186 1662 3519 1733 ἀφελόμενος
3546 1663 3731 1734 σώμα-

475 1741 545 1795 ab
572 1741 804 1811 reliquis
831 1741 1096 1795 membris
1121 1739 1451 1805 abscissum,
1484 1754 1651 1806 super
1680 1737 1911 1806 fastigiis
1941 1752 2054 1790 mu-

2161 1715 2259 1809 τος
2444 1749 2544 1816 τῆς
2589 1715 2867 1815 ἐπάλξεως
2914 1715 3169 1821 ἔστησεν,
3220 1715 3726 1825 ῶστεικαταιραῖνές

462 1836 662 1884 'rorum
687 1832 901 1898 Statuit,
959 1848 1070 1901 quo
1105 1831 1455 1885 manifestum
1502 1831 1656 1884 fleret
1679 1830 1811 1884 illud
1842 1829 2058 1884 facinus

467 1925 747 1978 universa:
794 1923 1156 1990 multitudini,
1204 1939 1327 1995 qum
1374 1923 1886 1993 extrinsecus-jam
1929 1937 2057 1991 pro-

474 2022 595 2081 pter
638 2028 827 2068 muros
873 2013 1144 2068 torrentis
1196 2015 1367 2068 instar
1402 2013 1756 2076 conﬂuebat;
1801 2021 1858 2065 et
1908 2021 1967 2066 ut
2019 2010 2054 2064 ii

470 2106 694 2172 quidem
741 2119 954 2169 omnes,
1009 2108 1101 2173 qui
1157 2104 1311 2159 illum
1383 2118 1588 2173 genere
1642 2103 2052 2170 contingebant,

473 2206 570 2251 aut
628 2197 811 2265 aliqua
861 2197 1126 2252 societate
1174 2212 1300 2250 cum
1347 2211 1414 2250 eo
1479 2196 1762 2267 conjuncti
1811 2195 2052 2260 fuerant,

471 2291 660 2344 labore
702 2290 862 2344 irrito
898 2288 1353 2358 supersederent,
1383 2289 1656 2342 exstincta
1682 2302 1913 2360 prorsus
1943 2287 2054 2341 sal-

471 2398 595 2434 uun
637 2381 796 2435 illum
828 2379 1063 2435 habendi
1096 2396 1232 2450 spe:
1280 2394 1646 2449 quoscunque
1675 2395 1806 2434 vero
1848 2380 1939 2435 ille
1971 2382 2055 2434 in-

468 2479 658 2527 tensos
691 2472 984 2537 habuerat,
1033 2470 1070 2525 ii
1113 2473 1302 2526 animo
1352 2471 1844 2537 confirmarentur,
1891 2474 2051 2527 ades-

468 2574 704 2636 sentque
737 2565 1085 2623 extrinsecus
1137 2565 1259 2620 siue
1300 2565 1412 2620 ullo
1461 2575 1612 2621 metu
1672 2566 1776 2632 iis,
1806 2565 1901 2636 qui
1954 2580 2054 2636 pro

468 2657 756 2711 communi
813 2657 1070 2712 libertate
1102 2657 1492 2713 certavisseut.
1525 2658 1731 2713 Deinde
1766 2675 1825 2716 sc
1872 2659 1925 2713 in
1960 2674 2054 2712 or-

470 2752 628 2806 dines
672 2760 728 2807 et
776 2750 1095 2820 manipulos
1160 2751 1606 2816 distribuerunt,
1657 2761 2053 2822 portarumque

471 2849 526 2893 et
559 2841 1100 2910 propugnaculorum
1135 2840 1446 2895 custodiam
1475 2839 1657 2895 sortiti
1685 2849 1837 2895 sunt.

539 2928 635 2982 IX.
672 2929 742 2983 At
790 2944 990 2999 magno
1036 2928 1170 3000 ipsis
1202 2929 1600 3000 impedimento
1629 2938 1774 2995 erat,
1807 2944 1919 2999 quo
1952 2928 2053 2984 mi-

2161 1834 2416 1905 γενέσθαι
2451 1839 2514 1892 τὸ
2540 1840 2723 1909 δρᾶμα
2750 1840 2844 1894 καὶ
2877 1843 3015 1895 πᾶσι
3042 1845 3158 1906 τοῖς
3210 1842 3411 1908 ἔξωθεν
3439 1846 3540 1916 ήδη
3578 1845 3728 1916 παρὰ

2159 1928 2227 1980 τά
2274 1928 2430 2000 τείχη
2483 1932 2797 2001 ποταμηδὸν
2840 1933 3115 2003 είσρέουσι
3171 1933 3402 2006 δήμοις·
3437 1936 3567 1991 ὥσθ’
3616 1939 3729 1991 ὅσοι

2162 2021 2262 2092 μὲν
2290 2022 2442 2093 αὑτῷ
2476 2039 2620 2079 κατα
2668 2021 2826 2092 γένος
2860 2025 2894 2094 ἦ
2931 2025 3059 2079 καθ’
3111 2028 3388 2100 ἑταιρείαν
3416 2024 3528 2084 εἷεν
3562 2045 3730 2099 προσ-

2157 2117 2384 2186 ήκοντες
2415 2117 2614 2188 μηκέτι
2646 2120 2832 2173 πονεῖν
2861 2120 3126 2191 ἀνήνυτα,
3160 2123 3346 2194 πάσης
3381 2122 3579 2187 τελέως
3608 2124 3731 2177 σϐε-

2159 2208 2379 2279 σθείσης
2434 2210 2531 2263 τοῦ
2565 2210 2666 2281 ζῇν
2699 2212 2911 2267 ἐκεῖνον
2941 2213 3161 2277 ἐλπίδος
3183 2230 3201 2247 ⁸
3236 2216 3354 2269 ὅσοι
3384 2216 3432 2269 δ’
3475 2217 3729 2287 ἀπεχθῶς

2156 2297 2303 2370 εἶχον
2352 2301 2423 2356 αὖ
2466 2302 2606 2370 πρὸς
2647 2305 2877 2369 ἐκεῖνον,
2915 2304 3144 2369 τούτους
3203 2308 3254 2361 δ’
3312 2308 3588 2380 ἐρρῶσθαι
3627 2309 3730 2371 τὰς

2155 2395 2419 2458 διανοίας,
2462 2396 2559 2448 καὶ
2603 2399 2917 2466 συμμαχεῖν
2945 2398 3144 2463 ἔξωθεν
3175 2399 3350 2464 ἀδεῶς
3377 2403 3490 2465 τοῖς
3520 2400 3730 2455 ἔνδοθεν

2157 2485 2299 2556 ὑπὲρ
2331 2486 2430 2556 τῆς
2464 2485 2654 2557 κοινῆς
2684 2488 2996 2560 ἐλευθερίας
3043 2492 3463 2562 ἠγωνισμένοις.
3498 2495 3729 2548 Ἔπειτα

2154 2579 2423 2643 διελόντες
2479 2580 2710 2657 ἑαυτοὺς,
2742 2582 2823 2644 είς
2872 2582 3057 2648 τάξεις
3103 2584 3199 2636 καὶ
3250 2583 3449 2654 μοίρας
3494 2584 3596 2656 τὴν
3620 2583 3729 2637 τῶν

2156 2671 2340 2724 πυλῶν
2367 2672 2504 2742 ὁμοῦ
2532 2672 2627 2726 καὶ
2658 2672 2936 2739 ἐπάλξεων
2969 2673 3217 2745 διέλαχον
3246 2676 3515 2747 φυλακήν.

2227 2944 2309 3002 Θ’.
2346 2938 2624 3015 Μέγιστον
2679 2947 2726 3001 δ’
2774 2947 2923 3017 ὅμως
2974 2949 3190 3021 ὑπῆρχέ
3239 2968 3422 3022 σφισιν
3476 2954 3726 3024 ἐμπόδιον

470 3037 576 3076 nus
608 3022 759 3077 illius
793 3022 1084 3092 insperata:
1123 3020 1323 3076 salutis
1371 3021 1765 3076 conservanda:
1817 3021 2053 3075 faculta-

2156 3040 2235 3101 είς
2261 3037 2363 3108 τὴν
2390 3040 2491 3108 τῆς
2518 3040 2830 3111 παραδόξου
2861 3045 3100 3113 ταυτησὶ
3150 3020 3423 3115 σωτηρίας
3459 3020 3729 3120 σύντηρη.

472 3125 581 3165 tem
632 3112 923 3177 haberent,
956 3126 1151 3165 eorum
1184 3124 1307 3180 qua:
1359 3109 1426 3163 ad
1460 3109 1682 3164 "victum
1741 3109 2053 3163 necessaria

470 3214 599 3258 sunt
651 3203 857 3275 inopia,
908 3216 1301 3271 armorumque
1354 3210 1408 3255 et
1469 3201 1707 3255 telorum
1752 3199 1956 3268 quibus
1995 3213 2055 3255 se

469 3282 833 3351 defenderent
895 3293 1146 3364 penuria.
1184 3293 1306 3347 Non
1357 3291 1505 3346 enim
1556 3290 1857 3355 habebant,
1906 3290 2054 3345 unde

471 3391 630 3446 facile
658 3398 715 3445 et
743 3405 775 3444 e
807 3386 1042 3457 vestigio
1071 3401 1136 3441 ea
1163 3399 1286 3455 qua:
1314 3385 1437 3439 usui
1471 3393 1658 3439 essent
1688 3383 2049 3449 deveherent;

469 3494 596 3540 tum
620 3485 738 3555 ipsa
776 3481 996 3537 occasio
1039 3480 1093 3534 id
1122 3480 1269 3551 quod
1302 3489 1679 3549 perpetratum
1700 3486 1856 3542 erat,
1888 3477 2052 3532 mini-

476 3595 563 3632 me
619 3575 1083 3649 praemeditatum,
1132 3587 1200 3628 ex
1253 3583 1500 3642 tempore
1548 3573 1929 3642 suggessisset.
1968 3570 2051 3625 'Ea

472 3685 659 3728 tamen
713 3684 834 3740 quae
881 3675 1070 3723 secuta
1126 3674 1213 3722 est
1268 3676 1604 3728 nocte,cum
1648 3663 1722 3717 illi
1774 3677 1966 3718 omnes
1996 3662 2051 3716 in

424 3824 427 3829 η
474 3763 710 3818 maxima
737 3759 1150 3832 perturbatione
1195 3772 1566 3827 curarumque
1596 3767 1731 3811 res":
1769 3770 2053 3811 versaren-

360 3857 365 3863 ’
474 3869 583 3922 tur,
624 3854 776 3910 venit
830 3853 901 3909 de
935 3851 1257 3907 triremibus
1307 3849 1560 3906 Galataeis
1595 3865 1722 3914 una,
1749 3849 1897 3904 circa
1939 3862 2054 3903 me-

470 3950 616 4004 diam
650 3947 822 4002 ferme
865 3953 1107 4009 noctem,
1156 3942 1226 3998 ab
1263 3941 1537 3997 maritimo
1582 3956 1740 3995 muro
1766 3954 1967 4010 panem
1996 3946 2054 3994 et

475 4044 660 4095 viuum
691 4046 1010 4109 apportans,
1031 4045 1088 4092 et
1117 4034 1280 4106 735
1318 4034 1585 4106 qttidquid
1630 4035 1880 4088 ciborum
1906 4032 2054 4087 illius

475 4130 818 4208 tempestatis
852 4127 1119 4198 iniquitas
1156 4124 1503 4180 concedebat
1532 4142 1544 4180 :
1580 4125 1710 4178 item
1736 4120 2054 4193 promissio-

474 4237 575 4280 uea
607 4231 663 4278 et
711 4222 945 4292 benigna
999 4218 1190 4284 verba,
1217 4216 1539 4272 utrumlibet
1589 4215 1669 4269 illi
1704 4214 1884 4269 facere
1919 4210 2055 4267 mal-

470 4318 604 4370 lent.
640 4313 698 4369 Si
728 4312 876 4368 enim
904 4326 1126 4367 manere
1181 4309 1255 4363 ibi
1301 4309 1474 4363 satius
1511 4307 1801 4370 ducerent,
1825 4303 2052 4358 allatum

2155 3130 2315 3201 τικὴν
2347 3131 2561 3185 ἑαυτῶν
2605 3132 2843 3203 δύναμιν
2869 3135 2904 3206 ἢ
2934 3151 2995 3189 τε
3024 3138 3136 3190 τῶν
3163 3140 3300 3210 πρὸς
3328 3140 3392 3192 τὸ
3435 3139 3535 3213 ζῇν
3562 3145 3730 3213 ἀναγ-

2155 3223 2328 3276 καίων
2355 3224 2549 3287 σπάνις
2590 3226 2685 3278 καὶ
2716 3226 2748 3296 ή
2778 3228 2888 3281 τῶν
2916 3227 3098 3283 ὃπλων
3123 3246 3184 3283 τε
3215 3233 3308 3285 καὶ
3339 3233 3448 3288 τῶν
3474 3236 3720 3307 ἀμυντη-

2157 3315 2290 3386 ρίων
2349 3314 2524 3386 βελῶν
2587 3315 2786 3373 ἔνδεια.
2823 3319 2900 3372 Οὐ
2962 3322 3072 3391 γὰρ
3133 3318 3282 3392 εἶχον
3336 3325 3461 3381 ὅθεν
3509 3328 3576 3382 ἐκ
3631 3330 3725 3382 τοῦ

2156 3409 2504 3477 παραχρῆμα
2577 3410 2756 3481 ῥᾷστα
2830 3413 3152 3482 κομίσονται
3206 3417 3276 3470 τὰ
3335 3417 3436 3488 τῆς
3497 3421 3725 3491 χρείας,

2155 3495 2565 3567 ἀπροσδόκητον
2645 3500 3009 3574 σχεδιασάσης
3074 3505 3174 3575 τῆς
3243 3509 3617 3575 περιστάσεως
3664 3511 3726 3564 τδ

2155 3588 2420 3658 πραχθέν.
2456 3589 2647 3660 Ὅμως
2690 3590 2792 3661 τῆς
2836 3594 3032 3659 νυκτὸς
3066 3595 3328 3669 ἐπιούσης
3356 3599 3596 3673 ἐκείνης,
3634 3604 3726 3657 καὶ
3829 3645 3835 3650 .

2154 3678 2375 3734 πάντων
2429 3680 2654 3736 ἐκείνων
2697 3682 2757 3735 ἐν
2808 3683 2946 3756 ζάλῃ
2976 3687 3095 3749 ,καὶ
3137 3691 3405 3763 τρικυμία
3450 3691 3726 3765 λογισμῶν

2153 3767 2511 3842 ὑπαρχόντων
2544 3774 2803 3847 μεγίστῃ.
2834 3770 2941 3849 ἧκε
2985 3782 3219 3853 τριήρης
3251 3783 3317 3836 ἐκ
3344 3784 3456 3839 τῶν
3485 3785 3723 3843 Γαλάτου

2152 3862 2285 3932 περὶ
2317 3864 2491 3933 μέσας
2538 3883 2643 3920 που
2692 3868 2917 3939 νύκτας,
2948 3873 3014 3927 ἐκ
3061 3873 3159 3929 τοῦ
3213 3876 3486 3947 παραλίου
3514 3881 3724 3952 τείχους

2154 3955 2454 4026 κομίζουσα
2497 3958 2712 4023 τούτοις
2741 3963 2910 4034 ἄρτον
2941 3966 3039 4021 καὶ
3081 3962 3248 4035 οἶνον,
3280 3970 3374 4027 καὶ
3405 3971 3508 4027 ὅσα
3534 3973 3598 4027 τὸ
3625 3977 3724 4046 τῆς

2154 4048 2305 4120 ὥρας
2356 4051 2656 4125 συνεχώρει
2709 4056 2898 4110 στενὸν
2943 4057 3209 4129 ἐδώδιμα,
3249 4064 3345 4117 καὶ
3389 4064 3505 4136 ἅμα
3548 4069 3719 4137 ἐπαγ-

2152 4140 2340 4231 γελίας
2401 4148 2496 4201 καὶ
2546 4145 2972 4218 φιλανθρώπους
3018 4150 3231 4221 λόγους,
3280 4154 3409 4209 καθ’
3466 4159 3723 4231 ὁπότερον

2155 4230 2432 4302 βούλοιντο
2458 4235 2628 4308 δρρνο
2676 4239 2788 4294 εἴτε
2836 4240 3022 4309 μένειν
3072 4246 3421 4315 αἱρουμένοις
3474 4230 3723 4321 κομίζειν

2155 4324 2213 4385 ἐς
2269 4322 2369 4393 τὴν
2419 4325 2713 4398 ὑστεραίαν
2765 4330 2906 4385 ὅπλα
2957 4331 3052 4386 καὶ
3092 4333 3235 4407 ,βέλη
3285 4338 3561 4408 πολέμιαο
3626 4342 3722 4396 εἴτ’

466 4406 832 4478 iripostridie
876 4420 1027 4460 arma
1061 4402 1196 4472 ipsis
1252 4409 1309 4457 et
1352 4401 1460 4457 tela
1494 4398 1713 4454 hostilia
1747 4414 1761 4452 :
1796 4398 1882 4452 sin
1921 4396 2049 4451 inde

2156 4416 2367 4470 ἐκεῖθεν
2393 4396 2834 4478 ἀπαλλάττεσθαι
2856 4425 2945 4479 διά
2964 4396 3120 4491 δέος,
3148 4396 3401 4496 δέξασθαι
3418 4396 3723 4504 ’προθύμως

470 4503 550 4555 ob
563 4506 770 4554 metum
799 4497 1039 4568 migrare
1080 4494 1452 4556 destinarent,
1483 4504 1581 4545 eos
1610 4503 1669 4544 se
1699 4489 1956 4543 alacriter
1992 4487 2048 4541 in

473 4591 789 4658 mresidium
833 4603 989 4646 suum
1025 4586 1324 4643 Galaticum
1363 4590 1704 4652 recepturos,
1731 4589 1787 4636 et
1828 4595 2048 4637 omnem

474 4684 608 4754 ipsis
639 4681 993 4739 securitatem
1027 4675 1392 4748 praestituros.
1421 4673 1548 4729 Ilaec
1593 4688 1718 4728 cum
1754 4673 2043 4739 dixissent,

473 4782 696 4833 domum
763 4774 1070 4835 redierunt,
1120 4770 1262 4825 bona
1314 4783 1411 4839 spe
1458 4767 1526 4824 iis
1566 4768 1756 4824 relicta
1779 4769 1874 4840 qui
1906 4770 2049 4823 intra

474 4882 706 4924 llllll‘llln'
739 4863 1124 4929 versabantur,
1170 4861 1266 4917 sed
1325 4876 1448 4932 qua:
1500 4861 1568 4916 ad
1602 4859 1808 4915 bonum
1855 4860 2047 4916 :xitum

473 4976 581 5015 non
615 4955 905 5029 pervenit.
935 4952 1218 5024 Siquidem
1258 4952 1581 5024 imperatrix
1633 4952 1815 5020 Anna,
1865 4953 2055 5011 missis

473 5049 792 5106 hominibus
813 5048 938 5118 (nec
965 5047 1113 5101 enim
1146 5058 1269 5100 eam
1295 5043 1349 5099 id
1384 5042 1532 5114 quod
1557 5043 1830 5099 acciderat
1866 5043 2073 5113 latuit)

473 5142 849 5211 praeclusoque
898 5137 1074 5201 aditu,
1125 5135 1423 5191 adventum
1455 5134 1699 5190 inhibuit
1728 5134 2050 5206 appulsum-

470 5250 580 5303 quc
626 5233 795 5289 illius
825 5230 1144 5287 Latinorum
1174 5244 1388 5297 manus,
1423 5245 1546 5301 qua:
1571 5229 1883 5286 clanculum
1911 5230 2052 5285 aﬂu-

354 5396 363 5403 ,
475 5338 596 5382 tura
629 5335 750 5381 erat
777 5324 1068 5396 postridie.

546 5419 612 5474 Χ.
665 5418 742 5473 Ea
768 5432 859 5473 res
885 5418 1142 5473 obsessos
1170 5415 1296 5472 illos
1321 5414 1388 5471 ad
1428 5413 1871 5485 desperationem
1898 5428 2051 5470 com-

471 5516 628 5582 pulit.
659 5512 870 5583 Quippe
893 5527 997 5567 nec
1024 5525 1176 5566 arma
1223 5511 1290 5565 iis
1317 5519 1495 5576 erant,
1541 5510 1747 5579 quibus
1798 5519 2049 5579 protege-

470 5618 688 5673 rentur,
725 5622 825 5663 ncc
854 5607 1096 5677 clypeos,
1130 5619 1233 5659 nec
1262 5618 1448 5668 arcus,
1488 5615 1589 5657 nec
1634 5602 1806 5656 ullum
1839 5601 1906 5656 ad
1936 5604 2049 5655 vim

466 5702 897 5776 propulsandam
931 5700 1121 5757 telum.
1154 5699 1233 5754 Ac
1273 5705 1539 5777 praeterea
1600 5696 1887 5767 neglectus
1933 5696 2048 5766 pri-

2153 4508 2212 4568 ἐς
2253 4507 2315 4560 τὸ
2357 4508 2415 4561 ἐν
2466 4512 2581 4574 τοῖς
2609 4511 2854 4569 Γαλάτου
2903 4519 3055 4587 σφῶν
3100 4519 3281 4573 αὐτῶν
3327 4521 3605 4592 φρούριον,
3629 4529 3725 4579 καὶ

2153 4598 2336 4653 πᾶσαν
2403 4605 2870 4676 περιποιήσασθαι
2935 4625 3120 4678 στισιν
3183 4611 3504 4682 ἀσφάλειαν.
3561 4614 3722 4671 Ταῦτ’

2153 4691 2403 4757 εἰπόντες
2460 4694 2774 4767 ἐπανῄεσαν
2800 4699 3006 4764 οἶκαδε,
3055 4705 3303 4773 χρηστὰς
3344 4704 3566 4770 ἐλπίδας
3627 4710 3723 4779 μέν

2152 4786 2266 4847 τοῖς
2297 4784 2446 4850 ἐντὸς
2474 4786 2691 4859 τείχους
2720 4791 3142 4857 καταλιπόντες,
3167 4798 3271 4851 οὐκ
3297 4800 3379 4863 είς
3413 4800 3647 4871 χρηστὸν
3673 4802 3719 4855 δ’

2152 4873 2246 4932 οὖν
2305 4880 2481 4951 πέρας
2529 4881 2879 4953 ἐληλυθυίας.
2938 4887 3212 4958 Πέμψασα
3258 4891 3368 4964 γὰρ
3414 4895 3448 4965 ή
3511 4895 3721 4965 βασιλὶς

2158 4970 2327 5026 ’Λννα
2374 4972 2458 5041 (οὐ
2493 4972 2603 5043 γὰρ
2634 4972 2886 5046 ἐλελήθει
2936 4978 2999 5033 τὸ
3056 4983 3300 5052 γεγονὸς)
3352 4986 3632 5055 ἀπέφραξέ
3662 5004 3720 5040 τε

2155 5061 2251 5115 καὶ
2284 5064 2599 5134 ἀνεχαίτισε
2642 5065 2744 5137 τὴν
2789 5067 2979 5138 ἐφοδόν
3002 5088 3062 5125 τε
3100 5073 3195 5127 καὶ
3232 5075 3323 5129 τὸν
3350 5076 3601 5132 εἴσπλουν
3627 5081 3722 5150 τῆς

2155 5153 2341 5224 κρύφα
2392 5155 2696 5228 μελλούσης
2737 5158 2951 5215 ἐπιέναι
3000 5164 3296 5237 Λατινικῆς
3324 5164 3384 5231 ἐς
3417 5170 3520 5239 τήν
3566 5169 3723 5223 ὑστεο

2156 5246 2317 5316 ραίαν
2353 5247 2659 5317 δυνάμεως.
3279 5268 3288 5276 ·

2225 5426 2314 5500 [Ρ.
2335 5427 2464 5500 4621
2497 5428 2554 5485 l'.
2577 5428 2750 5483 Τοῦτο
2764 5430 2902 5501 πρὸς
2920 5431 3235 5502 ἀπόγνωσιν
3266 5437 3442 5507 ἤγαγε
3467 5439 3593 5502 τοὺς
3616 5456 3723 5492 τει-

2152 5522 2346 5592 χήρεις
2368 5522 2632 5586 ἐκείνους.
2655 5520 2793 5576 Οὔτε
2815 5522 2925 5595 γὰρ
2946 5525 3111 5581 ὅπλον
3140 5522 3209 5599 ἦν
3240 5546 3425 5598 σφισιν
3445 5532 3598 5587 οὐδὲν
3624 5551 3723 5602 φυ-

2156 5612 2474 5681 λακτήριον,
2506 5611 2618 5665 οὔτ’
2644 5613 2834 5677 ἀσπὶς,
2858 5613 2989 5687 pina
3023 5617 3196 5685 τόξον,
3231 5619 3355 5675 οὕτε
3384 5622 3535 5691 βέλος
3568 5625 3720 5677 οὐδὲν

2149 5703 2530 5786 άμυντήριονο
2568 5706 2664 5758 καὶ
2715 5705 2853 5774 πρός
2897 5723 2960 5775 γε
3006 5706 3068 5761 τὸ
3120 5712 3294 5779 τεῖχος
3344 5701 3617 5784 ἀμεληθὲν
3656 5715 3720 5769 ἐκ
