4064 6452
366 305 470 373 973
749 297 824 371 [Α.
864 312 917 353 c.
962 291 1123 366 1345]

1387 295 1564 356 ΒῩΖΑ
1577 294 1826 355 NT.N.‘E
1867 293 1942 352 ill

2046 293 2246 352 ΟΒΙίΕ
2285 293 2428 356 LIB.
2479 296 2626 358 XIV.
2741 291 2875 356 [ιδῐίό
2927 307 2966 343 ³-
3011 304 3250 343 Μιέευιι-
3299 291 3354 359 4]

3497 293 3602 356 9η

368 420 564 476 πολλοῦ
594 412 888 490 διερρωγὸς
924 411 994 486 ἦν
1023 414 1092 468 τά
1120 414 1346 468 πλεῖστα
1379 415 1525 484 μέρη
1553 414 1648 466 τοῦ
1682 431 1738 465 τε
1767 430 1894 482 περι

2042 404 2150 468 lem
2193 420 2382 471 murus
2429 418 2616 472 hiabat
2657 417 2928 486 plerisque
2982 417 3032 470 in
3069 416 3315 486 partibus
3371 416 3604 472 circum-

368 514 540 568 πάτου
569 512 662 565 καὶ
695 509 805 562 τῶν
826 505 1127 571 ἐπάλξεων.
1152 505 1266 576 Τὴν
1296 504 1396 574 μὲν
1433 503 1527 557 οῦν
1550 503 1720 556 νύκτα
1750 505 1932 557 πᾶσαν

366 605 586 672 ἐκείνην
632 600 806 662 οὕτως
839 598 925 652 ἐπ’
965 597 1178 650 ἐλπίσιν
1225 595 1735 666 ἀμφισϐητησίμοις
1781 595 1932 656 ἐντὶς

367 697 578 766 τείχους
598 692 916 762 ηὐλίσαντο,
947 692 1046 754 τάς
1070 707 1127 742 τε
1159 688 1328 752 πύλας
1351 689 1710 757 φυλάττοντες
1740 688 1833 740 καὶ
1865 687 1932 738 τά

367 788 519 858 τείχη
562 784 892 856 περιιόντες.
929 783 1134 836 Ἔωθεν
1173 781 1218 834 δ’
1257 783 1332 844 ώς
1366 778 1505 836 είδον
1545 782 1804 852 σύρφακα
1838 782 1932 833 καὶ

367 878 583 948 χυδαῖον
625 875 802 946 ὄχλον,
835 873 988 944 παρὰ
1033 872 1127 926 τὸν
1177 873 1396 940 γείτονα
1448 873 1728 936 συνιόντας
1772 872 1934 924 ίππόο

366 971 564 1040 δρομον
610 970 722 1040 (89)
781 968 912 1030 θέας
961 967 1168 1030 εἵνεκα,
1205 965 1301 1019 καὶ
1353 966 1559 1036 ἥκιστα
1619 962 1932 1032 συμμαχίας

369 1061 707 1134 ἡστινοσοῦν,
748 1060 808 1124 ἐξ
838 1052 914 1114 ὧν
962 1076 1027 1127 γε
1065 1057 1361 1128 ἠλπίκασιν
1425 1055 1627 1127 (ᾤοντο
1651 1055 1781 1123 γάρ,
1811 1054 1934 1105 ἐπεὶ

373 1152 598 1221 μισητδς
637 1151 850 1221 ὑπῆρχε
878 1151 992 1212 τοῖς
1017 1148 1162 1211 ὅλοις
1212 1147 1398 1217 σχεδὸν
1426 1145 1738 1210 Βυζαντίοις
1777 1145 1936 1197 Ἀπόο

369 1258 592 1305 καυκος,
623 1241 870 1304 ἅπαντας
923 1239 1076 1310 ἥξειν
1119 1239 1300 1302 εὐθὺς,
1344 1237 1748 1296 στασιάσαντας
1793 1233 1934 1286 κατᾶ

367 1334 478 1387 τῶν
517 1333 796 1404 ἀρχόντων
844 1327 937 1386 καὶ
978 1330 1260 1401 βασιλέων,
1295 1326 1700 1391 ἀπαλλάξαντος
1756 1325 1816 1377 ὃν
1859 1325 1931 1386 ώς

367 1424 632 1493 τύραννον
687 1420 1015 1489 ἐδεδίεσαν)·
1073 1420 1149 1482 ὡς
1201 1417 1294 1472 οὖν
1343 1417 1506 1487 ἔτερα
1560 1412 1677 1469 ἀνθ’
1731 1414 1933 1484 ἐτέρων

371 1513 557 1584 ἐώρων
605 1512 700 1567 καὶ
735 1513 798 1566 ού
837 1513 978 1566 κατά
1028 1508 1258 1580 γνώμην
1296 1508 1494 1579 ἐχώρει
1540 1505 1607 1584 τὰ
1658 1505 1933 1576 δρώμενα,

369 1603 501 1673 περὶ
531 1599 834 1670 διαλλαγῶν
855 1600 1096 1670 ὡμίλουν
1119 1601 1230 1660 τοῖς
1260 1597 1458 1664 ἔξωθεν
1507 1595 1645 1664 πρὸς
1695 1595 1793 1663 τῆς
1835 1593 1933 1663 βα-

373 1695 570 1757 σιλίδος
625 1693 799 1746 ἐοῦσιν
854 1693 1078 1761 Ἀννης.
1137 1681 1247 1744 Καὶ
1295 1688 1412 1758 τάχ’
1467 1688 1534 1741 ἂν
1589 1684 1838 1754 ἐγίγνετό
1879 1700 1933 1736 τι

371 1785 606 1856 χρηστὸν
638 1782 896 1847 ἐκείνοις,
919 1783 970 1834 εί
1019 1781 1094 1851 μή
1143 1796 1288 1841 τινος
1343 1777 1624 1846 δαιμονίου
1657 1774 1937 1829 κεκώλυκε

373 1876 667 1948 βασκανία.
711 1875 856 1929 Ἀλλ’
903 1875 1092 1947 ἐχρῆν,
1142 1874 1218 1937 ὡς
1273 1872 1470 1934 ἔοικεν,
1533 1873 1592 1922 ἐν
1646 1867 1938 1938 θεομηνίας

370 1971 583 2042 καιροῖς
630 1967 798 2038 μηδὲν
842 1966 1148 2035 ἀτόλμητον
1201 1961 1547 2034 παροφθῆναι
1606 1959 1715 2014 τῶν
1747 1956 1979 2028 ἀθεμί-.

371 2078 502 2118 των.
539 2061 703 2130 Ἔσχε
734 2059 793 2112 δὲ
830 2057 1024 2122 οὕτως.

447 2242 552 2297 IA'.
597 2242 664 2294 'H
689 2241 786 2295 τοῦ
829 2240 1174 2295 ’Δποκαύκου
1205 2241 1366 2311 γυνὴ,
1393 2241 1454 2292 τὸ
1494 2239 1774 2309 ἐνδόσιμον
1803 2243 1940 2309 πρὸς

371 2336 474 2404 τῆς
520 2334 788 2405 βασιλίδος
829 2333 1030 2402 Ἀννης
1079 2332 1340 2396 λαϐοῦσα,
1395 2331 1789 2403 προσκαλεῖται
1839 2332 1942 2384 πᾶν

373 2427 438 2481 τὸ
474 2427 513 2480 Γ
517 2427 848 2496 ασμουλικὸν
880 2424 1014 2496 (90),
1043 2425 1138 2477 καὶ
1184 2423 1486 2494 χρημάτων
1515 2421 1751 2494 χορηγίᾳ
1779 2420 1942 2491 δαψι-

374 2516 607 2588 λεστέρα
633 2515 832 2580 πείθει,
867 2516 966 2578 τὰς
1007 2514 1257 2584 τριήρεις
1288 2513 1604 2583 αὐθημερὸν
1631 2513 1944 2583 ἀφεμένους

376 2608 648 2672 ἅπαντας,
676 2604 818 2659 ὅπλα
874 2603 922 2658 δ’
977 2603 1190 2656 ἐκεῖθεν
1247 2601 1610 2672 ἀνειληφότας
1670 2602 1763 2654 καὶ
1815 2599 1943 2671 βέλη

382 2698 582 2763 πάντα,
617 2693 1060 2766 περιεληλυθέναι
1101 2693 1533 2764 πολιορκοῦντας
1556 2693 1618 2746 τὸ
1645 2692 1740 2746 τοῦ
1766 2693 1940 2746 παλα-

375 2787 494 2841 τίου
537 2786 748 2840 ἐκείνου
795 2784 1076 2856 φρούριον,
1106 2786 1214 2848 ἕως
1255 2785 1693 2854 είσπηδήσαντας
1741 2783 1942 2854 ήϐηδὸν

376 2877 506 2941 τοὺς
539 2877 687 2941 ἐντὸς
726 2877 958 2941 ἀνελεῖν,
990 2877 1113 2940 τοὺς
1160 2875 1259 2944 μὲν
1288 2875 1364 2938 ὡς
1394 2875 1778 2946 ἀνδροφόνους,
1816 2875 1944 2938 τοὺς

375 2969 422 3022 δ’
447 2968 522 3033 ὡς
557 2969 905 3040 ἀνδροφόνοις
932 2967 1202 3038 δήπουθεν
1230 2968 1540 3038 ὁμόφρονας
1582 2968 1676 3021 καὶ
1708 2967 1943 3038 ὁμοστέ-

2033 502 2212 558 ducta:
2257 505 2640 561 ambulationis
2675 516 2733 562 et
2779 522 3113 562 summorum
3169 510 3604 576 propugnaculo-

2033 609 2174 646 rum.
2209 593 2398 648 Totam
2437 597 2618 665 itaque
2655 597 2799 651 illam
2839 610 3053 652 noctem
3108 603 3272 651 uuuia
3325 615 3419 668 spe
3465 601 3606 654 intra

2035 701 2249 738 murum
2320 703 2585 752 mansere,
2667 697 2849 756 portas
2898 690 3340 744 custodienteset
3406 692 3653 758 mmnia‘

2033 787 2455 848 Circumenntes.
2510 777 2662 832 Mane
2687 789 2888 842 autem,
2947 781 3036 832 uhi
3101 781 3366 847 plebeiam
3417 782 3604 836 falcem

2034 877 2196 936 atque
2220 869 2508 924 colluviem
2539 871 2838 938 conspicati
2883 881 3030 935 sunt,
3070 873 3134 926 ad
3175 873 3413 928 vicinum
3472 875 3608 941 Hip-

2035 959 2360 1028 podromum
2401 961 2611 1015 visendi
2639 962 2840 1026 studio,
2871 979 2934 1018 ac
2961 980 3066 1018 non
3117 967 3200 1034 (ut
3231 967 3606 1037 speraveraitt)

2034 1046 2245 1102 ferendi
2286 1049 2448 1105 ullius
2499 1052 2686 1105 auxilii
2741 1069 2904 1108 causa
2949 1055 3311 1112 confluentem
3383 1059 3608 1130 (ctenim

2034 1137 2464 1205 arbitrabantur,
2520 1158 2587 1198 eo
2631 1145 2777 1212 quod
2837 1146 3091 1201 omnibus
3137 1149 3248 1203 fere
3301 1152 3613 1222 Byzantinis

2035 1229 2162 1282 odio
2205 1231 2399 1286 fuisset
2463 1236 2806 1302 Apoc-ancus,
2848 1250 3107 1293 venturos
3161 1243 3345 1296 statim
3397 1261 3609 1312 omnes,

2035 1319 2304 1375 seditione
2327 1321 2589 1378 adversus
2643 1339 2924 1396 magnatcs
2955 1338 3010 1382 ct
3053 1331 3411 1400 imperatores
3462 1346 3612 1392 mota

2034 1424 2122 1477 c0,
2151 1427 2314 1480 quem
2351 1420 2410 1467 ut
2471 1404 2758 1483 ty'rannum
2818 1431 3153 1490 metuerant,
3200 1427 3462 1500 sublato),
3515 1431 3612 1485 ubi

2036 1500 2218 1571 itaque
2243 1501 2391 1558 aliud
2423 1505 2586 1577 736
2609 1523 2712 1576 pro
2749 1511 2858 1565 alio
2883 1512 3142 1568 viderunt
3185 1501 3470 1587 accidisse,
3517 1537 3614 1577 ne-

2035 1606 2144 1658 que
2173 1608 2241 1647 ex
2265 1597 2534 1650 sententia
2563 1599 2861 1655 succedere
2917 1617 3030 1666 res,
3092 1604 3160 1660 de
3209 1610 3611 1666 reconcilianda

2035 1685 2206 1753 gratia
2240 1701 2399 1756 egere
2433 1704 2558 1743 cum
2591 1691 2660 1745 iis
2693 1692 2784 1761 qui
2826 1693 3279 1765 abjmperatrice
3315 1703 3468 1756 Anna
3519 1705 3615 1758 ad-

2041 1790 2304 1834 venerant
2345 1795 2361 1833 :
2401 1787 2459 1834 et
2485 1781 2590 1836 nisi
2656 1783 2962 1840 obstitisset
3013 1789 3157 1858 genii
3195 1790 3425 1860 alicujus
3482 1796 3610 1853 mali

2042 1869 2271 1938 invidia,
2299 1870 2533 1928 fortasse
2573 1873 2781 1944 aliquid
2809 1877 2938 1931 boni
2973 1879 3106 1949 ipsis
3137 1886 3456 1944 exstitisset.
3507 1889 3613 1947 Sed

2041 1962 2303 2017 nimirum
2326 1965 2587 2032 oportuit,
2611 1966 2666 2020 in
2705 1967 2814 2022 illis
2865 1969 3068 2027 furoris
3123 1973 3295 2030 divini
3349 1984 3611 2049 tempori-

2043 2055 2169 2122 bus,
2198 2053 2334 2108 nihil
2366 2055 2592 2111 sceleris
2652 2057 2982 2114 intentatum
3020 2062 3220 2119 omitti.
3277 2066 3381 2124 Res
3425 2083 3609 2128 autem

2043 2142 2115 2196 ita
2148 2157 2205 2197 se
2235 2142 2446 2199 habuit.

2114 2236 2207 2291 XI.
2238 2237 2512 2309 Apocauci
2553 2256 2712 2304 uxor,
2749 2243 2819 2298 ab
2848 2243 3200 2313 imperatrice
3232 2249 3387 2305 Anna
3441 2253 3612 2309 licen-

2045 2337 2172 2390 tiam
2199 2336 2714 2403 cum_impetrasset,
2747 2334 3116 2392 Gasmulicam
3146 2354 3364 2398 omnem
3397 2345 3612 2407 turbam

2042 2429 2290 2493 advocat,
2348 2436 2399 2482 et
2475 2427 2858 2497 pinguioribus
2918 2431 3167 2498 pecunize
3229 2435 3615 2508 largitionibus

2043 2523 2360 2592 persuadet,
2426 2532 2485 2576 ut
2535 2524 2714 2578 cuncti
2756 2521 3075 2582 tr5remibus
3119 2545 3183 2584 ea
3229 2531 3317 2587 die
3386 2535 3612 2606 relictis,

2043 2616 2383 2686 sumptisque
2403 2617 2529 2672 inde
2562 2619 2727 2674 armis
2757 2631 2812 2676 et
2836 2621 2967 2676 telis
2987 2638 3324 2694 quaecunque
3347 2625 3614 2694 inessent,

2046 2707 2228 2776 palatii
2256 2707 2403 2763 illius
2428 2724 2609 2764 arcem
2641 2711 2930 2769 obsidione
2946 2715 3188 2781 cingant,
3243 2719 3421 2788 quoad
3470 2721 3614 2778 facta

2046 2799 2352 2868 irruptione
2413 2813 2510 2852 eos
2570 2801 2866 2865 trucident,
2927 2803 3021 2871 qui
3098 2805 3247 2872 intus
3298 2818 3613 2876 versentur,

2044 2891 2180 2942 nulli
2215 2891 2358 2944 mtati
2390 2891 2703 2959 parcendo;
2734 2892 2855 2956 hos,
2884 2902 2941 2947 ut
2974 2894 3316 2960 homicidas;
3374 2899 3514 2966 illos,
3554 2915 3614 2959 ιιι

2045 2982 2444 3036 homicidarum
2498 2983 2738 3039 fautores
2808 2994 2972 3055 atque
3039 2989 3484 3047 contubernales.
3531 2996 3612 3047 Ad

376 3077 528 3127 γους.
584 3060 727 3130 Πρὸς
781 3060 846 3130 δή
909 3059 1213 3122 τοιούτους.
1255 3058 1457 3128 φόνους
1509 3060 1788 3130 ἀγοραίων
1849 3061 1939 3113 καὶ

2044 3075 2313 3145 ejusmodi
2342 3074 2542 3130 tandem
2570 3091 2694 3131 cum
2725 3076 2814 3130 illa
2837 3077 3120 3132 hominum
3148 3081 3615 3140 circumforaneo-

383 3153 658 3205 ἀσυνέτων
688 3152 897 3222 ἀνδρῶν
922 3151 1194 3205 ὁπλίσασα
1217 3151 1398 3217 δεξιὰς
1428 3151 1612 3218 ἐκείνη
1645 3152 1944 3222 χρημάτων

378 3243 578 3313 ἁϐραῖς
631 3242 726 3313 (ὡς
759 3241 1098 3313 εἰρήκειμεν)
1145 3242 1431 3308 δεξιώσεσι
1478 3246 1570 3295 καὶ
1620 3241 1765 3296 οίνου
1809 3261 1946 3312 κρα-

375 3336 562 3404 τήρων
609 3333 821 3387 πολλῶν
869 3333 1228 3403 ἐμφορεῖσθαι
1289 3333 1509 3388 δίδωσιν
1554 3334 1824 3404 ἀφθόνως,
1881 3335 1947 3388 ἵν’

376 3424 578 3486 οὑτωσὶ
620 3424 716 3477 τοῦ
756 3423 1090 3494 καθήκοντος
1140 3425 1435 3487 ἐκστάντες
1467 3425 1727 3494 λογισμοῦ
1760 3443 1948 3495 μαινο-

381 3517 560 3584 μένων
589 3516 742 3586 δίκην
770 3515 990 3586 χωρῶσι
1025 3515 1163 3585 πρὸς
1196 3517 1298 3580 τὰς
1339 3516 1448 3572 τῶν
1479 3517 1784 3588 ἀνθρώπων
1811 3535 1949 3587 σφα-

375 3609 501 3673 γάς.
541 3607 694 3660 Ἐπεὶ
715 3606 759 3660 δ’
782 3606 926 3660 οὕτω
952 3607 1105 3660 ταῦτ’
1132 3601 1246 3677 εἶχε
1274 3607 1368 3661 καὶ
1397 3607 1427 3659 ὁ
1449 3607 1544 3661 τοῦ
1577 3607 1725 3677 ήλίου
1747 3608 1949 3678 δρόμος

379 3699 483 3768 ἥδη
524 3698 595 3752 τὰ
629 3699 978 3770 μεσημϐρινά
1013 3698 1356 3768 παρήλλαττε
1389 3697 1680 3768 ὑψώματα,
1713 3698 1949 3770 δραμόν-

375 3806 471 3853 τες
504 3792 702 3844 ἐκεῖνοι
739 3789 924 3860 κύκλῳ
973 3791 1034 3843 τὸ
1073 3788 1334 3861 φρούριον
1379 3791 1748 3860 περιέστησαν
1775 3790 1944 3854 ἅπαν,

381 3882 574 3935 ἀσπίσι
610 3883 704 3936 καὶ
733 3882 920 3944 ὅπλοις
969 3880 1142 3936 ἀπασι
1198 3881 1600 3950 πεφραγμένοι,
1649 3881 1744 3933 καὶ
1801 3881 1948 3934 ἆπαν

387 3971 540 4042 βέλος
594 3973 856 4044 ἑκηϐόλον
910 3973 967 4025 ὲν
1015 3975 1198 4042 χεροῖν
1259 3971 1671 4042 περιφέροντες,
1710 3973 1806 4026 καὶ
1845 3974 1946 4027 ὅσα

383 4062 552 4133 θύρας
581 4063 1036 4133 ἀναμοχλεύουσιν
1064 4063 1272 4132 ὄργανα
1299 4063 1392 4116 καὶ
1419 4065 1764 4117 κατασείουσι
1792 4065 1945 4135 τείχη

381 4154 479 4206 καὶ
535 4155 822 4208 ἀποσπῶσι
877 4155 1058 4218 λίθους
1103 4155 1167 4208 ἐκ
1215 4154 1518 4223 θεμελίωνο
1549 4147 1624 4208 ὧν
1667 4156 1717 4208 οί
1751 4155 1850 4224 μὲν
1879 4158 1947 4210 τά

383 4247 510 4317 βέλη
571 4247 884 4317 πέμποντες
943 4245 1145 4310 ἔξωθεν
1192 4247 1335 4299 κατά
1391 4246 1596 4315 πλῆθος
1640 4247 1736 4300 καὶ
1787 4246 1947 4317 δίκην

379 4339 593 4408 βαθέων
639 4337 821 4408 νεφῶν
870 4338 1078 4400 πάντας
1129 4338 1257 4400 τοὺς
1308 4337 1458 4391 ἔνδον
1505 4337 1614 4392 τῶν
1668 4338 1949 4404 ἐπάλξεων

377 4431 666 4500 ἀπήλασαν
697 4432 759 4484 ἐκ
803 4429 898 4483 τοῦ
945 4429 1311 4501 παραχρῆμα,
1347 4431 1512 4500 μηδὲν
1536 4431 1757 4484 ὁθενοῦν
1796 4430 1949 4501 ἕχον-

374 4541 478 4586 τας
504 4524 586 4576 ὄπ’
607 4540 686 4589 ον,
714 4523 746 4593 ἢ
770 4523 1160 4592 φυλακτήριον,
1191 4521 1311 4591 ἥδι’
1341 4518 1416 4576 ὧν
1434 4523 1724 4593 ἀμυνεῖται
1745 4541 1828 4586 τις
1856 4524 1948 4577 τὸν

377 4615 601 4667 ἐπιόντα
627 4613 909 4684 πολέμιον.
967 4611 1054 4685 [Ρ.
1080 4612 1210 4684 465]
1243 4614 1303 4666 Οἱ
1327 4614 1382 4666 δὲ
1412 4613 1481 4666 τὰ
1507 4614 1948 4685 ἐκμοχλευτήρια

380 4707 639 4774 φέροντες
689 4705 922 4775 ὄργανα,
971 4705 1292 4776 προσιόντες
1342 4704 1543 4769 ἔξωθεν
1572 4705 1642 4758 τά
1683 4723 1744 4758 τε
1791 4705 1945 4775 τείχη

381 4793 716 4863 πολλαχόθεν
745 4791 1043 4864 διώρυττον
1070 4797 1167 4848 καὶ
1194 4794 1295 4858 τὰς
1345 4795 1522 4858 πύλας
1551 4795 1911 4864 ἀνεμόχλευον
1931 4813 1946 4828 ·

376 4887 457 4950 ὡς
493 4888 550 4940 ἐν
582 4887 722 4942 πάνυ
752 4885 980 4959 βραχείᾳ
1011 4887 1205 4960 καιροῦ
1240 4890 1405 4958 ῥοπῇ,
1446 4887 1658 4942 πολλῶν
1687 4887 1948 4958 πολλαχό-

378 4977 472 5031 θεν
503 4977 612 5049 τῶν
641 4979 862 5032 εἰσόδων
887 4979 1260 5049 ἀνοιχθεισῶν,
1281 4981 1486 5041 πάντας
1517 4978 1688 5049 ἄρδην
1718 4980 1943 5049 εἰσρυῆ-

378 5087 468 5122 ναι
507 5069 632 5132 τοὺς
661 5069 789 5122 πολε
797 5069 972 5140 μίους.

451 5160 552 5216 1Β’.
572 5157 681 5214 τΗν
704 5162 823 5214 τότε
854 5162 980 5215 ἰδεῖν
1005 5161 1128 5225 τοὺς
1151 5162 1251 5232 μὲν
1277 5162 1492 5227 ἀθλίους
1524 5164 1765 5228 ἐκείνους
1795 5165 1951 5232 ἀφει-

376 5255 483 5320 δῶς
511 5256 937 5329 ἀναιρουμένους
972 5258 1066 5310 καὶ
1090 5259 1227 5328 πρὸς
1256 5258 1390 5329 ᾅδην
1416 5260 1482 5313 ἐκ
1509 5261 1620 5313 τῶν
1645 5260 1772 5330 χθὲς
1805 5277 1949 5329 πεμ-

379 5351 652 5420 πομένους
677 5351 893 5420 δεσμῶν
915 5365 930 5383 ο
958 5352 1083 5414 τοὺς
1134 5350 1192 5404 δὲ
1246 5352 1408 5419 φόνου
1443 5353 1704 5415 πνέοντας
1747 5353 1949 5423 ἄνδρας

2049 3183 2166 3220 rum
2202 3176 2257 3221 et
2293 3167 2618 3220 stolidorum
2647 3166 2868 3222 dextras
2911 3171 3232 3226 armavisset
3273 3172 3504 3238 liberali,
3555 3185 3616 3231 ut

2048 3258 2306 3323 diximus,
2343 3258 2590 3327 pecuniae
2631 3259 2986 3329 erogatione;
3038 3262 3226 3316 multis
3278 3263 3445 3319 etiam
3502 3268 3614 3326 vini

2049 3349 2259 3418 poculis
2294 3347 2516 3418 profuse
2548 3349 2987 3420 eosingurgitat,
3018 3360 3074 3405 ut
3108 3351 3162 3404 in
3215 3353 3359 3408 hunc
3392 3355 3616 3411 modum

2049 3450 2197 3494 recta
2227 3439 2436 3493 ratione
2461 3439 2680 3495 excussi
2709 3439 3009 3494 furentium
3048 3443 3221 3497 instar
3249 3443 3316 3498 ad
3363 3444 3614 3501 homines

2042 3529 2368 3603 jngulandos
2401 3536 2644 3584 ruerent.
2681 3529 2816 3582 Cum
2885 3531 2936 3582 in
2980 3545 3046 3584 eo
3110 3546 3196 3585 res
3234 3543 3440 3599 essent,
3489 3537 3629 3592 solis'

2048 3636 2212 3676 cursu
2282 3619 2646 3674 meridianum
2707 3619 2819 3686 jam
2892 3619 3152 3675 verticem
3223 3632 3618 3692 praetereunte,

2049 3729 2213 3771 ruere
2244 3713 2322 3768 illi
2349 3721 2406 3767 et
2450 3721 2616 3767 totam
2663 3711 2904 3782 undique
2953 3727 3134 3768 arcem
3187 3715 3618 3786 circumsistere,

2047 3805 2255 3877 clypeis
2287 3803 2565 3872 armisque
2597 3801 2852 3857 omnibus
2885 3803 3160 3869 instructi,
3189 3814 3245 3860 et
3282 3821 3445 3862 omne
3487 3809 3636 3864 mis»

2049 3899 2233 3953 silium
2265 3897 2494 3950 telorum
2523 3908 2694 3963 genus
2725 3893 2978 3949 manibus
3007 3894 3481 3965 circumferentes,
3520 3915 3621 3954 ea-

2048 4001 2155 4056 que
2191 3985 2374 4039 omnia
2400 3981 2784 4046 instrumenta,
2814 3995 2935 4049 qua:
2958 3981 3143 4035 autad
3203 3993 3484 4050 portarum
3537 4003 3655 4042 re-o

2051 4077 2243 4148 pagula
2275 4071 2655 4137 convellenda,
2686 4084 2783 4125 aut
2817 4071 2884 4126 ad
2907 4085 3099 4125 muros
3125 4073 3476 4142 quatiendos.
3524 4088 3621 4132 aut

2048 4170 2116 4225 ad
2137 4166 2346 4237 lapides
2374 4180 2405 4219 e
2437 4162 2808 4218 fundamentis
2836 4161 3169 4216 emovendos
3197 4163 3405 4220 valent.
3433 4165 3511 4220 Ex
3533 4167 3619 4222 his

2049 4260 2142 4314 alii
2163 4257 2384 4328 quidem
2415 4253 2548 4309 foris
2579 4267 2844 4321 magnam,
2881 4251 3117 4306 telorum
3155 4253 3263 4307 vim
3299 4270 3363 4310 ac
3393 4256 3619 4312 densam

2049 4348 2218 4405 veluti
2244 4346 2447 4402 nubem
2474 4343 2634 4416 737
2653 4343 2918 4414 iacientes
2980 4345 3231 4412 repulcre
3281 4345 3399 4400 illos
3427 4362 3620 4404 omnes

2053 4443 2370 4512 derepente,
2401 4438 2496 4507 qni
2531 4435 2760 4492 summis
2798 4436 2854 4490 in
2897 4436 3321 4506 propugnaculis
3377 4439 3614 4500 stabant.

2046 4535 2217 4591 armis
2250 4532 2616 4599 undecunque
2646 4525 2963 4591 destitutos,
2995 4536 3102 4582 tam
3130 4529 3198 4582 iis
3227 4529 3430 4598 quibus
3488 4546 3617 4584 cor-

2047 4642 2149 4696 pus
2177 4622 2500 4694 protegitur,
2524 4634 2687 4690 quam
2725 4618 2834 4673 illis
2864 4619 3067 4688 quibus
3130 4619 3390 4689 ingruens
3443 4621 3620 4678 hostis

2050 4716 2420 4788 propulsatur.
2453 4712 2558 4768 Alii
2592 4727 2723 4768 vero
2755 4720 3027 4766 tormenta
3079 4711 3308 4766 muralia
3357 4715 3619 4768 admove-

2050 4812 2202 4869 bant.
2237 4807 2570 4877 propiusque
2593 4803 2917 4861 accedentes
2943 4806 3144 4874 passim
3193 4815 3249 4860 et
3277 4821 3464 4861 muros
3494 4822 3623 4876 per-

2055 4898 2354 4962 fodiehant,
2377 4904 2433 4950 et
2460 4904 2648 4966 portas
2694 4896 2947 4950 vectibus
2973 4894 3424 4961 labefactabant;
3456 4897 3526 4950 ita
3563 4907 3623 4952 nt

2004 5015 2018 5032 ο
2055 4997 2334 5041 momento
2377 4985 2640 5054 temporis
2681 4984 2951 5054 patefacto
2984 4984 3090 5039 sibi
3141 4985 3327 5041 multis
3376 4987 3432 5040 in
3488 4986 3661 5045 locis"

2055 5078 2224 5142 aditu,
2270 5076 2508 5133 universi
2529 5092 2754 5147 prorsus
2777 5077 2960 5132 hostes
2983 5078 3305 5147 irruperint.

2127 5169 2244 5224 XII.
2277 5169 2395 5225 iam
2428 5167 2614 5222 videre
2644 5166 3173 5234 erat,infortunatos
3221 5170 3444 5241 quidem
3501 5172 3625 5235 illos

2055 5262 2228 5317 effuse
2250 5258 2510 5324 interimi,
2532 5267 2588 5313 et
2613 5257 2681 5312 ah
2711 5258 2985 5314 hesternis
3002 5260 3237 5316 vinculis
3257 5260 3326 5315 ad
3355 5260 3626 5317 tumulum

2059 5351 2342 5407 transferri
2365 5349 2530 5405 :istos
2554 5358 2736 5406 autem
2761 5350 3142 5422 sanguinarios
3162 5352 3314 5408 viros
3333 5351 3402 5407 ad
3426 5351 3629 5407 multas

1726 5459 2066 5530 Var-iorem
2095 5476 2282 5530 notae.

453 5569 568 5642 (89)
591 5569 764 5642 Quem
791 5567 1130 5642 Ξυλὸκερκον
1163 5579 1358 5642 vocant
1394 5567 1709 5642 scriptores,
1745 5568 1818 5642 de
1842 5583 1942 5626 cu-

373 5637 474 5712 jus
500 5639 606 5712 situ
641 5640 853 5712 agimus
906 5637 1459 5712 inponstantinopolj
1500 5637 1841 5712 Christ._lih.
1879 5653 1940 5704 ιι,

397 5720 531 5766 seet.
565 5710 616 5776 i,
649 5707 708 5765 n'.
762 5707 848 5776 l6,
891 5717 946 5767 et
971 5709 1069 5764 lib.
1121 5723 1194 5776 tv,
1219 5707 1355 5764 seet.
1386 5709 1473 5775 15,
1506 5725 1562 5765 n.
1589 5708 1680 5764 25.
1712 5709 1941 5764 Decus.

2124 5569 2236 5642 (90)
2267 5570 2528 5642 Rachym.
2565 5531 2676 5627 lib.
2695 5586 2772 5639 ιν,
2801 5584 2925 5642 cap,
2955 5570 3047 5627 26.
3076 5569 3210 5628 Vide
3238 5569 3423 5627 Gioss.
3477 5570 3624 5626 med.

2048 5640 2264 5701 Grmcit.
2298 5641 2532 5698 Ducmc.
