  <div class='ocr_page' id='page_1' title='image "/cluster/home/n/w/nwhite01/storage/ocr_20150623/148:no.1/coo.31924054870534/499.png"; bbox 0 0 4064 6448; ppageno 0'>
   <div class='ocr_carea' id='block_1_1' title="bbox 469 390 1423 467">
    <p class='ocr_par' dir='ltr' id='par_1_1' title="bbox 469 390 1423 467">
     <span class='ocr_line' id='line_1_1' title="bbox 469 390 1423 467; baseline -0.004 -17"><span class='ocrx_word' id='word_1_1' title='bbox 469 401 575 464; x_wconf 71' lang='lat'><strong>987</strong></span> <span class='ocrx_word' id='word_1_2' title='bbox 756 393 837 467; x_wconf 77' lang='grc' dir='ltr'><strong>[Α.</strong></span> <span class='ocrx_word' id='word_1_3' title='bbox 878 409 934 450; x_wconf 79' lang='grc' dir='ltr'><strong>ιι.</strong></span> <span class='ocrx_word' id='word_1_4' title='bbox 971 391 1134 460; x_wconf 77' lang='grc'><strong>6855,</strong></span> <span class='ocrx_word' id='word_1_5' title='bbox 1176 407 1284 448; x_wconf 71' lang='lat' dir='ltr'><strong>nm.</strong></span> <span class='ocrx_word' id='word_1_6' title='bbox 1330 390 1423 463; x_wconf 78' lang='lat' dir='ltr'><strong>l5]</strong></span> 
     </span>
    </p>
   </div>
   <div class='ocr_carea' id='block_1_2' title="bbox 1677 392 2521 458">
    <p class='ocr_par' dir='ltr' id='par_1_2' title="bbox 1677 392 2521 458">
     <span class='ocr_line' id='line_1_2' title="bbox 1677 392 2521 458; baseline 0.004 -3"><span class='ocrx_word' id='word_1_7' title='bbox 1677 392 2090 455; x_wconf 67' lang='lat' dir='ltr'><strong>NlCEI‘I-IORI</strong></span> <span class='ocrx_word' id='word_1_8' title='bbox 2136 393 2521 458; x_wconf 68' lang='lat' dir='ltr'><strong>GREGORE</strong></span> 
     </span>
    </p>
   </div>
   <div class='ocr_carea' id='block_1_3' title="bbox 2844 397 3429 470">
    <p class='ocr_par' dir='ltr' id='par_1_3' title="bbox 2844 397 3429 470">
     <span class='ocr_line' id='line_1_3' title="bbox 2844 397 3429 470; baseline 0.003 -20"><span class='ocrx_word' id='word_1_9' title='bbox 2844 398 2976 470; x_wconf 73' lang='lat' dir='ltr'><strong>[um</strong></span> <span class='ocrx_word' id='word_1_10' title='bbox 3014 415 3053 454; x_wconf 70' lang='grc' dir='ltr'><strong>ι.</strong></span> <span class='ocrx_word' id='word_1_11' title='bbox 3095 413 3324 454; x_wconf 59' lang='grc' dir='ltr'><strong>ιιλιλεοι..</strong></span> <span class='ocrx_word' id='word_1_12' title='bbox 3370 397 3429 468; x_wconf 81' lang='grc'><strong>51</strong></span> 
     </span>
    </p>
   </div>
   <div class='ocr_carea' id='block_1_4' title="bbox 3605 403 3705 468">
    <p class='ocr_par' dir='ltr' id='par_1_4' title="bbox 3605 403 3705 468">
     <span class='ocr_line' id='line_1_4' title="bbox 3605 403 3705 468; baseline 0.03 -3"><span class='ocrx_word' id='word_1_13' title='bbox 3605 403 3705 468; x_wconf 85' lang='lat'><strong>988</strong></span> 
     </span>
    </p>
   </div>
   <div class='ocr_carea' id='block_1_5' title="bbox 454 505 2035 597">
    <p class='ocr_par' dir='ltr' id='par_1_5' title="bbox 454 505 2035 586">
     <span class='ocr_line' id='line_1_5' title="bbox 454 505 2035 586; baseline -0.002 -15"><span class='ocrx_word' id='word_1_14' title='bbox 454 533 585 571; x_wconf 90' lang='lat' dir='ltr'><strong>cum</strong></span> <span class='ocrx_word' id='word_1_15' title='bbox 613 525 668 572; x_wconf 89' lang='lat' dir='ltr'><strong>et</strong></span> <span class='ocrx_word' id='word_1_16' title='bbox 700 516 827 586; x_wconf 78' lang='lat' dir='ltr'><strong>galli</strong></span> <span class='ocrx_word' id='word_1_17' title='bbox 876 505 959 571; x_wconf 14' lang='lat' dir='ltr'><strong>ad.</strong></span> <span class='ocrx_word' id='word_1_18' title='bbox 992 524 1293 572; x_wconf 89' lang='lat' dir='ltr'><strong>nocturnos</strong></span> <span class='ocrx_word' id='word_1_19' title='bbox 1331 525 1528 570; x_wconf 82' lang='lat' dir='ltr'><strong>cantus</strong></span> <span class='ocrx_word' id='word_1_20' title='bbox 1579 515 1694 570; x_wconf 89' lang='lat' dir='ltr'><strong>alas</strong></span> <span class='ocrx_word' id='word_1_21' title='bbox 1727 529 1950 570; x_wconf 77' lang='lat' dir='ltr'><strong>morere</strong></span> <span class='ocrx_word' id='word_1_22' title='bbox 1984 524 2035 568; x_wconf 88' lang='lat' dir='ltr'><strong>ct</strong></span> 
     </span>
    </p>
   </div>
   <div class='ocr_carea' id='block_1_6' title="bbox 2138 505 3710 597">
    <p class='ocr_par' dir='ltr' id='par_1_6' title="bbox 2139 515 3710 597">
     <span class='ocr_line' id='line_1_6' title="bbox 2139 515 3710 597; baseline 0.004 -28"><span class='ocrx_word' id='word_1_23' title='bbox 2139 515 2345 582; x_wconf 77' lang='grc' dir='ltr'>ὕπνους</span> <span class='ocrx_word' id='word_1_24' title='bbox 2377 519 2410 589; x_wconf 83' lang='grc' dir='ltr'><strong>ή</strong></span> <span class='ocrx_word' id='word_1_25' title='bbox 2442 519 2546 590; x_wconf 81' lang='grc' dir='ltr'><strong>τῆς</strong></span> <span class='ocrx_word' id='word_1_26' title='bbox 2577 522 2772 584; x_wconf 69' lang='grc' dir='ltr'><strong>νυκτδς</strong></span> <span class='ocrx_word' id='word_1_27' title='bbox 2797 525 3000 592; x_wconf 79' lang='grc' dir='ltr'><strong>σιωπὴ,</strong></span> <span class='ocrx_word' id='word_1_28' title='bbox 3034 526 3171 593; x_wconf 61' lang='grc' dir='ltr'><strong>πρὶς</strong></span> <span class='ocrx_word' id='word_1_29' title='bbox 3201 525 3246 576; x_wconf 75' lang='grc' dir='ltr'><strong>δ’</strong></span> <span class='ocrx_word' id='word_1_30' title='bbox 3291 525 3438 597; x_wconf 72' lang='grc' dir='ltr'><strong>ᾠδὰς</strong></span> <span class='ocrx_word' id='word_1_31' title='bbox 3467 541 3710 595; x_wconf 61' lang='grc' dir='ltr'><strong>νυκτεριε</strong></span> 
     </span>
    </p>
   </div>
   <div class='ocr_carea' id='block_1_7' title="bbox 456 605 2029 679">
    <p class='ocr_par' dir='ltr' id='par_1_7' title="bbox 456 605 2029 679">
     <span class='ocr_line' id='line_1_7' title="bbox 456 605 2029 679; baseline -0.003 -15"><span class='ocrx_word' id='word_1_32' title='bbox 456 609 728 679; x_wconf 79' lang='lat' dir='ltr'><strong>ingenitas</strong></span> <span class='ocrx_word' id='word_1_33' title='bbox 775 607 1040 662; x_wconf 76' lang='lat' dir='ltr'><strong>buccinae</strong></span> <span class='ocrx_word' id='word_1_34' title='bbox 1090 607 1367 662; x_wconf 91' lang='lat' dir='ltr'><strong>modulate</strong></span> <span class='ocrx_word' id='word_1_35' title='bbox 1393 605 1586 661; x_wconf 88' lang='lat' dir='ltr'><strong>inllare</strong></span> <span class='ocrx_word' id='word_1_36' title='bbox 1621 605 1973 668; x_wconf 74' lang='lat' dir='ltr'><strong>meditantur,</strong></span> <span class='ocrx_word' id='word_1_37' title='bbox 1997 621 2029 660; x_wconf 93' lang='lat' dir='ltr'><strong>e</strong></span> 
     </span>
    </p>
   </div>
   <div class='ocr_carea' id='block_1_8' title="bbox 457 697 2025 768">
    <p class='ocr_par' dir='ltr' id='par_1_8' title="bbox 457 697 2025 768">
     <span class='ocr_line' id='line_1_8' title="bbox 457 697 2025 768; baseline -0.001 -14"><span class='ocrx_word' id='word_1_38' title='bbox 457 710 698 768; x_wconf 81' lang='lat' dir='ltr'><strong>quatuor</strong></span> <span class='ocrx_word' id='word_1_39' title='bbox 726 699 833 755; x_wconf 85' lang='lat' dir='ltr'><strong>illis</strong></span> <span class='ocrx_word' id='word_1_40' title='bbox 861 700 1100 754; x_wconf 81' lang='lat' dir='ltr'><strong>arcubus</strong></span> <span class='ocrx_word' id='word_1_41' title='bbox 1123 741 1138 766; x_wconf 95' lang='lat'><strong>,</strong></span> <span class='ocrx_word' id='word_1_42' title='bbox 1170 699 1316 754; x_wconf 66' lang='lat' dir='ltr'><strong>caelo</strong></span> <span class='ocrx_word' id='word_1_43' title='bbox 1346 713 1486 768; x_wconf 88' lang='lat' dir='ltr'><strong>pene</strong></span> <span class='ocrx_word' id='word_1_44' title='bbox 1523 698 1754 752; x_wconf 83' lang='lat' dir='ltr'><strong>dixerim</strong></span> <span class='ocrx_word' id='word_1_45' title='bbox 1791 697 2025 760; x_wconf 72' lang='lat' dir='ltr'><strong>aemulis,</strong></span> 
     </span>
    </p>
   </div>
   <div class='ocr_carea' id='block_1_9' title="bbox 458 790 2028 861">
    <p class='ocr_par' dir='ltr' id='par_1_9' title="bbox 458 790 2028 861">
     <span class='ocr_line' id='line_1_9' title="bbox 458 790 2028 861; baseline -0.003 -15"><span class='ocrx_word' id='word_1_46' title='bbox 458 808 604 847; x_wconf 91' lang='lat' dir='ltr'><strong>unus</strong></span> <span class='ocrx_word' id='word_1_47' title='bbox 629 831 645 855; x_wconf 91' lang='lat'><strong>,</strong></span> <span class='ocrx_word' id='word_1_48' title='bbox 675 792 877 848; x_wconf 87' lang='lat' dir='ltr'><strong>orienti</strong></span> <span class='ocrx_word' id='word_1_49' title='bbox 913 807 1112 861; x_wconf 87' lang='lat' dir='ltr'><strong>nempe</strong></span> <span class='ocrx_word' id='word_1_50' title='bbox 1165 791 1467 857; x_wconf 85' lang='lat' dir='ltr'><strong>obversus,</strong></span> <span class='ocrx_word' id='word_1_51' title='bbox 1497 790 1813 858; x_wconf 86' lang='lat' dir='ltr'><strong>procubuit,</strong></span> <span class='ocrx_word' id='word_1_52' title='bbox 1841 805 2028 845; x_wconf 89' lang='lat' dir='ltr'><strong>secum</strong></span> 
     </span>
    </p>
   </div>
   <div class='ocr_carea' id='block_1_10' title="bbox 456 882 2032 952">
    <p class='ocr_par' dir='ltr' id='par_1_10' title="bbox 456 882 2032 952">
     <span class='ocr_line' id='line_1_10' title="bbox 456 882 2032 952; baseline 0.001 -17"><span class='ocrx_word' id='word_1_53' title='bbox 456 883 682 938; x_wconf 86' lang='lat' dir='ltr'><strong>trahens</strong></span> <span class='ocrx_word' id='word_1_54' title='bbox 718 892 775 939; x_wconf 92' lang='lat' dir='ltr'><strong>et</strong></span> <span class='ocrx_word' id='word_1_55' title='bbox 795 883 988 939; x_wconf 88' lang='lat' dir='ltr'><strong>eadem</strong></span> <span class='ocrx_word' id='word_1_56' title='bbox 1011 885 1170 938; x_wconf 89' lang='lat' dir='ltr'><strong>ruina</strong></span> <span class='ocrx_word' id='word_1_57' title='bbox 1215 883 1520 947; x_wconf 81' lang='lat' dir='ltr'><strong>involvens,</strong></span> <span class='ocrx_word' id='word_1_58' title='bbox 1547 897 1888 952; x_wconf 67' lang='lat' dir='ltr'><strong>quaecunque</strong></span> <span class='ocrx_word' id='word_1_59' title='bbox 1932 882 2032 936; x_wconf 83' lang='lat' dir='ltr'><strong>he-</strong></span> 
     </span>
    </p>
   </div>
   <div class='ocr_carea' id='block_1_11' title="bbox 459 973 2030 1045">
    <p class='ocr_par' dir='ltr' id='par_1_11' title="bbox 459 973 2030 1045">
     <span class='ocr_line' id='line_1_11' title="bbox 459 973 2030 1045; baseline 0.003 -19"><span class='ocrx_word' id='word_1_60' title='bbox 459 973 836 1043; x_wconf 63' lang='lat' dir='ltr'><strong>misphaerium</strong></span> <span class='ocrx_word' id='word_1_61' title='bbox 869 975 1354 1044; x_wconf 85' lang='lat' dir='ltr'><strong>superimpositum</strong></span> <span class='ocrx_word' id='word_1_62' title='bbox 1391 974 1691 1029; x_wconf 87' lang='lat' dir='ltr'><strong>l&#39;n‘lciebant</strong></span> <span class='ocrx_word' id='word_1_63' title='bbox 1718 992 1732 1028; x_wconf 89' lang='lat'><strong>:</strong></span> <span class='ocrx_word' id='word_1_64' title='bbox 1763 983 1926 1045; x_wconf 88' lang='lat' dir='ltr'><strong>atque</strong></span> <span class='ocrx_word' id='word_1_65' title='bbox 1957 977 2030 1030; x_wconf 89' lang='lat' dir='ltr'><strong>ita</strong></span> 
     </span>
    </p>
   </div>
   <div class='ocr_carea' id='block_1_12' title="bbox 457 1065 2034 1136">
    <p class='ocr_par' dir='ltr' id='par_1_12' title="bbox 457 1065 2034 1136">
     <span class='ocr_line' id='line_1_12' title="bbox 457 1065 2034 1136; baseline 0.003 -18"><span class='ocrx_word' id='word_1_66' title='bbox 457 1065 639 1120; x_wconf 86' lang='lat' dir='ltr'><strong>deleta</strong></span> <span class='ocrx_word' id='word_1_67' title='bbox 671 1077 836 1126; x_wconf 87' lang='lat' dir='ltr'><strong>sunt.</strong></span> <span class='ocrx_word' id='word_1_68' title='bbox 875 1082 997 1134; x_wconf 72' lang='lat' dir='ltr'><strong>qua:</strong></span> <span class='ocrx_word' id='word_1_69' title='bbox 1025 1067 1076 1119; x_wconf 93' lang='lat' dir='ltr'><strong>in</strong></span> <span class='ocrx_word' id='word_1_70' title='bbox 1111 1066 1327 1121; x_wconf 84' lang='lat' dir='ltr'><strong>bemale</strong></span> <span class='ocrx_word' id='word_1_71' title='bbox 1357 1066 1582 1136; x_wconf 91' lang='lat' dir='ltr'><strong>pulchra</strong></span> <span class='ocrx_word' id='word_1_72' title='bbox 1611 1067 1826 1120; x_wconf 90' lang='lat' dir='ltr'><strong>inerant</strong></span> <span class='ocrx_word' id='word_1_73' title='bbox 1858 1076 1913 1121; x_wconf 90' lang='lat' dir='ltr'><strong>et</strong></span> <span class='ocrx_word' id='word_1_74' title='bbox 1948 1084 2034 1122; x_wconf 89' lang='lat' dir='ltr'><strong>rc-</strong></span> 
     </span>
    </p>
   </div>
   <div class='ocr_carea' id='block_1_13' title="bbox 457 1155 2031 1227">
    <p class='ocr_par' dir='ltr' id='par_1_13' title="bbox 457 1155 2031 1227">
     <span class='ocr_line' id='line_1_13' title="bbox 457 1155 2031 1227; baseline 0.003 -21"><span class='ocrx_word' id='word_1_75' title='bbox 457 1155 712 1219; x_wconf 77' lang='lat' dir='ltr'><strong>condita;</strong></span> <span class='ocrx_word' id='word_1_76' title='bbox 744 1155 960 1209; x_wconf 85' lang='lat' dir='ltr'><strong>deletus</strong></span> <span class='ocrx_word' id='word_1_77' title='bbox 978 1164 1064 1209; x_wconf 86' lang='lat' dir='ltr'><strong>est</strong></span> <span class='ocrx_word' id='word_1_78' title='bbox 1092 1171 1371 1210; x_wconf 89' lang='lat' dir='ltr'><strong>sacrarum</strong></span> <span class='ocrx_word' id='word_1_79' title='bbox 1412 1156 1710 1227; x_wconf 77' lang='lat' dir='ltr'><strong>imaginum</strong></span> <span class='ocrx_word' id='word_1_80' title='bbox 1746 1158 1893 1211; x_wconf 89' lang='lat' dir='ltr'><strong>nitor</strong></span> <span class='ocrx_word' id='word_1_81' title='bbox 1921 1174 1936 1221; x_wconf 92' lang='lat'><strong>;</strong></span> <span class='ocrx_word' id='word_1_82' title='bbox 1975 1166 2031 1211; x_wconf 86' lang='lat' dir='ltr'><strong>ct</strong></span> 
     </span>
    </p>
   </div>
   <div class='ocr_carea' id='block_1_14' title="bbox 456 1247 2031 1316">
    <p class='ocr_par' dir='ltr' id='par_1_14' title="bbox 456 1247 2031 1316">
     <span class='ocr_line' id='line_1_14' title="bbox 456 1247 2031 1316; baseline 0.005 -21"><span class='ocrx_word' id='word_1_83' title='bbox 456 1248 632 1314; x_wconf 75' lang='lat' dir='ltr'><strong>gratia</strong></span> <span class='ocrx_word' id='word_1_84' title='bbox 660 1247 748 1299; x_wconf 89' lang='lat' dir='ltr'><strong>illa</strong></span> <span class='ocrx_word' id='word_1_85' title='bbox 783 1247 985 1316; x_wconf 88' lang='lat' dir='ltr'><strong>ubique</strong></span> <span class='ocrx_word' id='word_1_86' title='bbox 1011 1248 1210 1301; x_wconf 79' lang='lat' dir='ltr'><strong>dill‘usa</strong></span> <span class='ocrx_word' id='word_1_87' title='bbox 1263 1249 1410 1303; x_wconf 84' lang='lat' dir='ltr'><strong>brevi</strong></span> <span class='ocrx_word' id='word_1_88' title='bbox 1457 1249 1706 1314; x_wconf 82' lang='lat' dir='ltr'><strong>evanuit,</strong></span> <span class='ocrx_word' id='word_1_89' title='bbox 1734 1249 1900 1303; x_wconf 87' lang='lat' dir='ltr'><strong>veluti</strong></span> <span class='ocrx_word' id='word_1_90' title='bbox 1931 1249 2031 1303; x_wconf 88' lang='lat' dir='ltr'><strong>llos</strong></span> 
     </span>
    </p>
   </div>
   <div class='ocr_carea' id='block_1_15' title="bbox 461 1339 2029 1413">
    <p class='ocr_par' dir='ltr' id='par_1_15' title="bbox 461 1339 2029 1413">
     <span class='ocr_line' id='line_1_15' title="bbox 461 1339 2029 1413; baseline 0.006 -23"><span class='ocrx_word' id='word_1_91' title='bbox 461 1339 516 1391; x_wconf 93' lang='lat' dir='ltr'><strong>in</strong></span> <span class='ocrx_word' id='word_1_92' title='bbox 543 1355 692 1408; x_wconf 81' lang='lat' dir='ltr'><strong>agro,</strong></span> <span class='ocrx_word' id='word_1_93' title='bbox 724 1349 814 1393; x_wconf 88' lang='lat' dir='ltr'><strong>aut</strong></span> <span class='ocrx_word' id='word_1_94' title='bbox 847 1356 968 1396; x_wconf 91' lang='lat' dir='ltr'><strong>rosa</strong></span> <span class='ocrx_word' id='word_1_95' title='bbox 1001 1343 1054 1396; x_wconf 91' lang='lat' dir='ltr'><strong>in</strong></span> <span class='ocrx_word' id='word_1_96' title='bbox 1089 1344 1266 1407; x_wconf 86' lang='lat' dir='ltr'><strong>horto,</strong></span> <span class='ocrx_word' id='word_1_97' title='bbox 1309 1344 1528 1413; x_wconf 86' lang='lat' dir='ltr'><strong>quando</strong></span> <span class='ocrx_word' id='word_1_98' title='bbox 1558 1345 1644 1399; x_wconf 88' lang='lat' dir='ltr'><strong>vel</strong></span> <span class='ocrx_word' id='word_1_99' title='bbox 1679 1345 1891 1400; x_wconf 86' lang='lat' dir='ltr'><strong>locusta</strong></span> <span class='ocrx_word' id='word_1_100' title='bbox 1943 1347 2029 1400; x_wconf 80' lang='lat' dir='ltr'><strong>vcl</strong></span> 
     </span>
    </p>
   </div>
   <div class='ocr_carea' id='block_1_16' title="bbox 461 1428 2033 1509">
    <p class='ocr_par' dir='ltr' id='par_1_16' title="bbox 461 1428 2033 1509">
     <span class='ocr_line' id='line_1_16' title="bbox 461 1428 2033 1509; baseline 0.005 -27"><span class='ocrx_word' id='word_1_101' title='bbox 461 1428 758 1498; x_wconf 87' lang='lat' dir='ltr'><strong>improvisa</strong></span> <span class='ocrx_word' id='word_1_102' title='bbox 789 1447 954 1487; x_wconf 90' lang='lat' dir='ltr'><strong>eruca</strong></span> <span class='ocrx_word' id='word_1_103' title='bbox 988 1434 1172 1488; x_wconf 88' lang='lat' dir='ltr'><strong>statim</strong></span> <span class='ocrx_word' id='word_1_104' title='bbox 1206 1434 1518 1492; x_wconf 87' lang='lat' dir='ltr'><strong>incurrerit.</strong></span> <span class='ocrx_word' id='word_1_105' title='bbox 1576 1435 1672 1491; x_wconf 90' lang='lat' dir='ltr'><strong>Illa</strong></span> <span class='ocrx_word' id='word_1_106' title='bbox 1717 1453 1881 1504; x_wconf 86' lang='lat' dir='ltr'><strong>vero,</strong></span> <span class='ocrx_word' id='word_1_107' title='bbox 1912 1456 2033 1509; x_wconf 77' lang='lat' dir='ltr'><strong>quae</strong></span> 
     </span>
    </p>
   </div>
   <div class='ocr_carea' id='block_1_17' title="bbox 460 1523 2032 1600">
    <p class='ocr_par' dir='ltr' id='par_1_17' title="bbox 460 1523 2032 1600">
     <span class='ocr_line' id='line_1_17' title="bbox 460 1523 2032 1600; baseline 0.008 -27"><span class='ocrx_word' id='word_1_108' title='bbox 460 1523 747 1577; x_wconf 83' lang='lat' dir='ltr'><strong>columnas</strong></span> <span class='ocrx_word' id='word_1_109' title='bbox 805 1539 988 1580; x_wconf 89' lang='lat' dir='ltr'><strong>sacras</strong></span> <span class='ocrx_word' id='word_1_110' title='bbox 1036 1526 1300 1581; x_wconf 85' lang='lat' dir='ltr'><strong>vestiebat</strong></span> <span class='ocrx_word' id='word_1_111' title='bbox 1333 1544 1398 1582; x_wconf 91' lang='lat' dir='ltr'><strong>ac</strong></span> <span class='ocrx_word' id='word_1_112' title='bbox 1427 1528 1839 1600; x_wconf 76' lang='lat' dir='ltr'><strong>distinguebat,</strong></span> <span class='ocrx_word' id='word_1_113' title='bbox 1870 1547 2032 1586; x_wconf 82' lang='lat' dir='ltr'><strong>omne</strong></span> 
     </span>
    </p>
   </div>
   <div class='ocr_carea' id='block_1_18' title="bbox 461 1617 2032 1691">
    <p class='ocr_par' dir='ltr' id='par_1_18' title="bbox 461 1617 2032 1691">
     <span class='ocr_line' id='line_1_18' title="bbox 461 1617 2032 1691; baseline 0.007 -23"><span class='ocrx_word' id='word_1_114' title='bbox 461 1617 720 1670; x_wconf 83' lang='lat' dir='ltr'><strong>aemulum</strong></span> <span class='ocrx_word' id='word_1_115' title='bbox 751 1631 891 1684; x_wconf 84' lang='lat' dir='ltr'><strong>Opus</strong></span> <span class='ocrx_word' id='word_1_116' title='bbox 922 1619 1272 1690; x_wconf 79' lang='lat' dir='ltr'><strong>supergressa</strong></span> <span class='ocrx_word' id='word_1_117' title='bbox 1302 1620 1507 1675; x_wconf 71' lang='lat' dir='ltr'><strong>Phidiae</strong></span> <span class='ocrx_word' id='word_1_118' title='bbox 1531 1622 1832 1691; x_wconf 84' lang='lat' dir='ltr'><strong>sculptura,</strong></span> <span class='ocrx_word' id='word_1_119' title='bbox 1863 1624 2032 1679; x_wconf 85' lang='lat' dir='ltr'><strong>cll&#39;usa</strong></span> 
     </span>
    </p>
   </div>
   <div class='ocr_carea' id='block_1_19' title="bbox 462 1707 2035 1784">
    <p class='ocr_par' dir='ltr' id='par_1_19' title="bbox 462 1707 2035 1784">
     <span class='ocr_line' id='line_1_19' title="bbox 462 1707 2035 1784; baseline 0.008 -27"><span class='ocrx_word' id='word_1_120' title='bbox 462 1707 690 1760; x_wconf 90' lang='lat' dir='ltr'><strong>omnino</strong></span> <span class='ocrx_word' id='word_1_121' title='bbox 710 1716 765 1761; x_wconf 92' lang='lat' dir='ltr'><strong>ct</strong></span> <span class='ocrx_word' id='word_1_122' title='bbox 793 1708 969 1764; x_wconf 87' lang='lat' dir='ltr'><strong>deleta</strong></span> <span class='ocrx_word' id='word_1_123' title='bbox 988 1722 1092 1775; x_wconf 84' lang='lat' dir='ltr'><strong>est,</strong></span> <span class='ocrx_word' id='word_1_124' title='bbox 1119 1710 1501 1768; x_wconf 89' lang='lat' dir='ltr'><strong>minutissimis</strong></span> <span class='ocrx_word' id='word_1_125' title='bbox 1534 1714 1764 1768; x_wconf 85' lang='lat' dir='ltr'><strong>calculis</strong></span> <span class='ocrx_word' id='word_1_126' title='bbox 1785 1730 2035 1784; x_wconf 73' lang='lat' dir='ltr'><strong>exaequa-</strong></span> 
     </span>
    </p>
   </div>
   <div class='ocr_carea' id='block_1_20' title="bbox 2132 611 3707 683">
    <p class='ocr_par' dir='ltr' id='par_1_20' title="bbox 2132 611 3707 683">
     <span class='ocr_line' id='line_1_20' title="bbox 2132 611 3707 683; baseline 0.001 -20"><span class='ocrx_word' id='word_1_127' title='bbox 2132 611 2232 673; x_wconf 75' lang='grc' dir='ltr'><strong>νὰς</strong></span> <span class='ocrx_word' id='word_1_128' title='bbox 2254 611 2615 680; x_wconf 67' lang='grc' dir='ltr'><strong>ἀλεκτρυόνες</strong></span> <span class='ocrx_word' id='word_1_129' title='bbox 2645 613 2743 677; x_wconf 81' lang='grc' dir='ltr'><strong>τάς</strong></span> <span class='ocrx_word' id='word_1_130' title='bbox 2800 631 2860 666; x_wconf 83' lang='grc' dir='ltr'><strong>τε</strong></span> <span class='ocrx_word' id='word_1_131' title='bbox 2905 614 3187 683; x_wconf 84' lang='grc' dir='ltr'><strong>πτέρυγας</strong></span> <span class='ocrx_word' id='word_1_132' title='bbox 3248 616 3424 668; x_wconf 83' lang='grc' dir='ltr'><strong>κινεῖν</strong></span> <span class='ocrx_word' id='word_1_133' title='bbox 3464 615 3558 668; x_wconf 79' lang='grc' dir='ltr'><strong>καὶ</strong></span> <span class='ocrx_word' id='word_1_134' title='bbox 3615 613 3707 676; x_wconf 77' lang='grc' dir='ltr'><strong>τὰς</strong></span> 
     </span>
    </p>
   </div>
   <div class='ocr_carea' id='block_1_21' title="bbox 2134 703 3705 776">
    <p class='ocr_par' dir='ltr' id='par_1_21' title="bbox 2134 703 3705 776">
     <span class='ocr_line' id='line_1_21' title="bbox 2134 703 3705 776; baseline 0.001 -20"><span class='ocrx_word' id='word_1_135' title='bbox 2134 703 2412 774; x_wconf 77' lang='grc' dir='ltr'><strong>ἐμφύτους</strong></span> <span class='ocrx_word' id='word_1_136' title='bbox 2467 705 2779 774; x_wconf 77' lang='grc' dir='ltr'><strong>σάλπιγγας</strong></span> <span class='ocrx_word' id='word_1_137' title='bbox 2827 705 3066 776; x_wconf 85' lang='grc' dir='ltr'><strong>ἀνοίγειν</strong></span> <span class='ocrx_word' id='word_1_138' title='bbox 3114 706 3375 776; x_wconf 84' lang='grc' dir='ltr'><strong>ἐμμελῶς</strong></span> <span class='ocrx_word' id='word_1_139' title='bbox 3424 706 3705 775; x_wconf 78' lang='grc' dir='ltr'><strong>μελετῶσι,</strong></span> 
     </span>
    </p>
   </div>
   <div class='ocr_carea' id='block_1_22' title="bbox 2134 796 3709 869">
    <p class='ocr_par' dir='ltr' id='par_1_22' title="bbox 2134 796 3709 869">
     <span class='ocr_line' id='line_1_22' title="bbox 2134 796 3709 869; baseline 0.002 -20"><span class='ocrx_word' id='word_1_140' title='bbox 2134 796 2232 849; x_wconf 74' lang='grc' dir='ltr'><strong>καὶ</strong></span> <span class='ocrx_word' id='word_1_141' title='bbox 2252 796 2555 865; x_wconf 83' lang='grc' dir='ltr'><strong>τηνικαῦτα</strong></span> <span class='ocrx_word' id='word_1_142' title='bbox 2601 797 2895 851; x_wconf 76' lang='grc' dir='ltr'><strong>πέπτωκεν</strong></span> <span class='ocrx_word' id='word_1_143' title='bbox 2935 800 2968 869; x_wconf 89' lang='grc' dir='ltr'><strong>ή</strong></span> <span class='ocrx_word' id='word_1_144' title='bbox 2997 799 3094 868; x_wconf 90' lang='grc' dir='ltr'><strong>μία</strong></span> <span class='ocrx_word' id='word_1_145' title='bbox 3117 799 3227 852; x_wconf 88' lang='grc' dir='ltr'><strong>τῶν</strong></span> <span class='ocrx_word' id='word_1_146' title='bbox 3255 797 3520 869; x_wconf 81' lang='grc' dir='ltr'><strong>αἱθερίων</strong></span> <span class='ocrx_word' id='word_1_147' title='bbox 3549 798 3709 867; x_wconf 79' lang='grc' dir='ltr'><strong>φάναι</strong></span> 
     </span>
    </p>
   </div>
   <div class='ocr_carea' id='block_1_23' title="bbox 2130 886 3711 961">
    <p class='ocr_par' dir='ltr' id='par_1_23' title="bbox 2130 886 3711 961">
     <span class='ocr_line' id='line_1_23' title="bbox 2130 886 3711 961; baseline 0.001 -22"><span class='ocrx_word' id='word_1_148' title='bbox 2130 886 2406 954; x_wconf 76' lang='grc' dir='ltr'><strong>τεττάρων</strong></span> <span class='ocrx_word' id='word_1_149' title='bbox 2444 886 2649 956; x_wconf 77' lang='grc' dir='ltr'><strong>ἀψίδων</strong></span> <span class='ocrx_word' id='word_1_150' title='bbox 2688 887 2789 960; x_wconf 74' lang='grc' dir='ltr'><strong>(ϐ),</strong></span> <span class='ocrx_word' id='word_1_151' title='bbox 2825 892 2858 958; x_wconf 81' lang='grc' dir='ltr'>ἠ</span> <span class='ocrx_word' id='word_1_152' title='bbox 2904 889 3040 960; x_wconf 72' lang='grc' dir='ltr'><strong>πρδς</strong></span> <span class='ocrx_word' id='word_1_153' title='bbox 3067 889 3220 961; x_wconf 67' lang='grc' dir='ltr'><strong>ἣλιον</strong></span> <span class='ocrx_word' id='word_1_154' title='bbox 3261 890 3562 958; x_wconf 78' lang='grc' dir='ltr'><strong>ἀνίσχοντα</strong></span> <span class='ocrx_word' id='word_1_155' title='bbox 3594 888 3711 958; x_wconf 83' lang='grc' dir='ltr'><strong>βλέ-</strong></span> 
     </span>
    </p>
   </div>
   <div class='ocr_carea' id='block_1_24' title="bbox 2132 980 3710 1052">
    <p class='ocr_par' dir='ltr' id='par_1_24' title="bbox 2132 980 3710 1052">
     <span class='ocr_line' id='line_1_24' title="bbox 2132 980 3710 1052; baseline 0.004 -24"><span class='ocrx_word' id='word_1_156' title='bbox 2132 992 2332 1041; x_wconf 87' lang='grc' dir='ltr'><strong>πουσα,</strong></span> <span class='ocrx_word' id='word_1_157' title='bbox 2367 980 2816 1048; x_wconf 81' lang='grc' dir='ltr'><strong>συνεφελκύσασά</strong></span> <span class='ocrx_word' id='word_1_158' title='bbox 2857 998 2918 1034; x_wconf 87' lang='grc' dir='ltr'><strong>τε</strong></span> <span class='ocrx_word' id='word_1_159' title='bbox 2949 981 3046 1035; x_wconf 66' lang='grc' dir='ltr'><strong>καλ⁸</strong></span> <span class='ocrx_word' id='word_1_160' title='bbox 3095 981 3522 1051; x_wconf 83' lang='grc' dir='ltr'><strong>συγκαθελοῢσα</strong></span> <span class='ocrx_word' id='word_1_161' title='bbox 3551 982 3710 1052; x_wconf 77' lang='grc' dir='ltr'><strong>ἐαυτῇ</strong></span> 
     </span>
    </p>
   </div>
   <div class='ocr_carea' id='block_1_25' title="bbox 2133 1069 3713 1144">
    <p class='ocr_par' dir='ltr' id='par_1_25' title="bbox 2133 1069 3713 1144">
     <span class='ocr_line' id='line_1_25' title="bbox 2133 1069 3713 1144; baseline 0.003 -22"><span class='ocrx_word' id='word_1_162' title='bbox 2133 1069 2229 1122; x_wconf 76' lang='grc' dir='ltr'><strong>καὶ</strong></span> <span class='ocrx_word' id='word_1_163' title='bbox 2256 1069 2379 1122; x_wconf 81' lang='grc' dir='ltr'><strong>ὅσον</strong></span> <span class='ocrx_word' id='word_1_164' title='bbox 2414 1069 2704 1141; x_wconf 85' lang='grc' dir='ltr'><strong>ὐπήρειδεν</strong></span> <span class='ocrx_word' id='word_1_165' title='bbox 2747 1073 2776 1126; x_wconf 81' lang='grc' dir='ltr'>ὃ</span> <span class='ocrx_word' id='word_1_166' title='bbox 2808 1073 3120 1144; x_wconf 72' lang='grc' dir='ltr'><strong>ἐπεκάθητο</strong></span> <span class='ocrx_word' id='word_1_167' title='bbox 3169 1072 3565 1143; x_wconf 79' lang='grc' dir='ltr'><strong>ήμισφαίριονο</strong></span> <span class='ocrx_word' id='word_1_168' title='bbox 3624 1073 3713 1126; x_wconf 77' lang='grc' dir='ltr'><strong>καὶ</strong></span> 
     </span>
    </p>
   </div>
   <div class='ocr_carea' id='block_1_26' title="bbox 2132 1161 3711 1234">
    <p class='ocr_par' dir='ltr' id='par_1_26' title="bbox 2132 1161 3711 1234">
     <span class='ocr_line' id='line_1_26' title="bbox 2132 1161 3711 1234; baseline 0.003 -22"><span class='ocrx_word' id='word_1_169' title='bbox 2132 1161 2520 1231; x_wconf 76' lang='grc' dir='ltr'><strong>συντέτριπται</strong></span> <span class='ocrx_word' id='word_1_170' title='bbox 2561 1161 2662 1232; x_wconf 87' lang='grc' dir='ltr'><strong>μέν</strong></span> <span class='ocrx_word' id='word_1_171' title='bbox 2686 1163 2753 1214; x_wconf 74' lang='grc' dir='ltr'><strong>τὰ</strong></span> <span class='ocrx_word' id='word_1_172' title='bbox 2781 1163 3133 1232; x_wconf 85' lang='grc' dir='ltr'><strong>κρυπτόμενα</strong></span> <span class='ocrx_word' id='word_1_173' title='bbox 3191 1164 3364 1234; x_wconf 83' lang='grc' dir='ltr'><strong>κάλλη</strong></span> <span class='ocrx_word' id='word_1_174' title='bbox 3409 1162 3508 1216; x_wconf 80' lang='grc' dir='ltr'><strong>τοῦ</strong></span> <span class='ocrx_word' id='word_1_175' title='bbox 3541 1163 3711 1232; x_wconf 73' lang='grc' dir='ltr'><strong>βήμαο</strong></span> 
     </span>
    </p>
   </div>
   <div class='ocr_carea' id='block_1_27' title="bbox 2133 1252 3713 1322">
    <p class='ocr_par' dir='ltr' id='par_1_27' title="bbox 2133 1252 3713 1322">
     <span class='ocr_line' id='line_1_27' title="bbox 2133 1252 3713 1322; baseline 0.001 -18"><span class='ocrx_word' id='word_1_176' title='bbox 2133 1268 2243 1314; x_wconf 86' lang='grc' dir='ltr'><strong>τος.</strong></span> <span class='ocrx_word' id='word_1_177' title='bbox 2290 1252 2684 1322; x_wconf 87' lang='grc' dir='ltr'><strong>Συντέτριπται</strong></span> <span class='ocrx_word' id='word_1_178' title='bbox 2736 1252 2782 1307; x_wconf 86' lang='grc' dir='ltr'><strong>δ’</strong></span> <span class='ocrx_word' id='word_1_179' title='bbox 2814 1255 2973 1308; x_wconf 86' lang='grc' dir='ltr'><strong>ὁτῶν</strong></span> <span class='ocrx_word' id='word_1_180' title='bbox 3028 1254 3189 1309; x_wconf 84' lang='grc' dir='ltr'><strong>θείων</strong></span> <span class='ocrx_word' id='word_1_181' title='bbox 3239 1255 3474 1308; x_wconf 80' lang='grc' dir='ltr'><strong>ἐκείνων</strong></span> <span class='ocrx_word' id='word_1_182' title='bbox 3519 1255 3713 1322; x_wconf 82' lang='grc' dir='ltr'><strong>κόσμος</strong></span> 
     </span>
    </p>
   </div>
   <div class='ocr_carea' id='block_1_28' title="bbox 2132 1342 3711 1416">
    <p class='ocr_par' dir='ltr' id='par_1_28' title="bbox 2132 1342 3711 1416">
     <span class='ocr_line' id='line_1_28' title="bbox 2132 1342 3711 1416; baseline 0.003 -23"><span class='ocrx_word' id='word_1_183' title='bbox 2132 1342 2381 1396; x_wconf 73' lang='grc' dir='ltr'><strong>εἰκόνωνο</strong></span> <span class='ocrx_word' id='word_1_184' title='bbox 2429 1343 2546 1413; x_wconf 81' lang='grc' dir='ltr'><strong>ὴδέ</strong></span> <span class='ocrx_word' id='word_1_185' title='bbox 2600 1344 2689 1398; x_wconf 88' lang='grc' dir='ltr'><strong>διὰ</strong></span> <span class='ocrx_word' id='word_1_186' title='bbox 2725 1345 2941 1399; x_wconf 81' lang='grc' dir='ltr'><strong>πάντων</strong></span> <span class='ocrx_word' id='word_1_187' title='bbox 2995 1345 3208 1415; x_wconf 77' lang='grc' dir='ltr'><strong>ἥκουσα</strong></span> <span class='ocrx_word' id='word_1_188' title='bbox 3257 1346 3423 1416; x_wconf 86' lang='grc' dir='ltr'><strong>χάρις</strong></span> <span class='ocrx_word' id='word_1_189' title='bbox 3467 1345 3711 1398; x_wconf 76' lang='grc' dir='ltr'><strong>ἔσϐεσται</strong></span> 
     </span>
    </p>
   </div>
   <div class='ocr_carea' id='block_1_29' title="bbox 2132 1435 3710 1506">
    <p class='ocr_par' dir='ltr' id='par_1_29' title="bbox 2132 1435 3710 1506">
     <span class='ocr_line' id='line_1_29' title="bbox 2132 1435 3710 1506; baseline 0.003 -20"><span class='ocrx_word' id='word_1_190' title='bbox 2132 1435 2294 1503; x_wconf 77' lang='grc' dir='ltr'><strong>ταχὺ,</strong></span> <span class='ocrx_word' id='word_1_191' title='bbox 2325 1435 2574 1506; x_wconf 84' lang='grc' dir='ltr'><strong>καθάπερ</strong></span> <span class='ocrx_word' id='word_1_192' title='bbox 2608 1435 2767 1500; x_wconf 79' lang='grc' dir='ltr'><strong>ἄνθος</strong></span> <span class='ocrx_word' id='word_1_193' title='bbox 2806 1438 2866 1488; x_wconf 88' lang='grc' dir='ltr'><strong>ἐν</strong></span> <span class='ocrx_word' id='word_1_194' title='bbox 2893 1436 3049 1505; x_wconf 78' lang='grc' dir='ltr'><strong>ἀγρῷ</strong></span> <span class='ocrx_word' id='word_1_195' title='bbox 3080 1438 3174 1491; x_wconf 72' lang='grc' dir='ltr'><strong>καὶ</strong></span> <span class='ocrx_word' id='word_1_196' title='bbox 3200 1437 3356 1506; x_wconf 80' lang='grc' dir='ltr'><strong>ῥόδον</strong></span> <span class='ocrx_word' id='word_1_197' title='bbox 3381 1439 3443 1490; x_wconf 85' lang='grc' dir='ltr'><strong>ἐν</strong></span> <span class='ocrx_word' id='word_1_198' title='bbox 3469 1437 3710 1506; x_wconf 87' lang='grc' dir='ltr'><strong>λειμῶνι,</strong></span> 
     </span>
    </p>
   </div>
   <div class='ocr_carea' id='block_1_30' title="bbox 2131 1527 3708 1602">
    <p class='ocr_par' dir='ltr' id='par_1_30' title="bbox 2131 1527 3708 1602">
     <span class='ocr_line' id='line_1_30' title="bbox 2131 1527 3708 1602; baseline 0.003 -22"><span class='ocrx_word' id='word_1_199' title='bbox 2131 1527 2282 1580; x_wconf 81' lang='grc' dir='ltr'><strong>ὁπότ’</strong></span> <span class='ocrx_word' id='word_1_200' title='bbox 2296 1527 2575 1599; x_wconf 48' lang='grc' dir='ltr'><strong>ἅκρὶςέκαὶ</strong></span> <span class='ocrx_word' id='word_1_201' title='bbox 2592 1529 2787 1599; x_wconf 81' lang='grc' dir='ltr'><strong>κάμπη</strong></span> <span class='ocrx_word' id='word_1_202' title='bbox 2806 1546 2888 1593; x_wconf 85' lang='grc' dir='ltr'><strong>τις</strong></span> <span class='ocrx_word' id='word_1_203' title='bbox 2906 1530 3166 1600; x_wconf 81' lang='grc' dir='ltr'><strong>ἀδόκητος</strong></span> <span class='ocrx_word' id='word_1_204' title='bbox 3184 1531 3384 1602; x_wconf 80' lang='grc' dir='ltr'><strong>ἀθρόον</strong></span> <span class='ocrx_word' id='word_1_205' title='bbox 3406 1531 3708 1601; x_wconf 79' lang='grc' dir='ltr'><strong>ἐπιδράμοι.</strong></span> 
     </span>
    </p>
   </div>
   <div class='ocr_carea' id='block_1_31' title="bbox 2144 1619 3710 1693">
    <p class='ocr_par' dir='ltr' id='par_1_31' title="bbox 2144 1619 3710 1693">
     <span class='ocr_line' id='line_1_31' title="bbox 2144 1619 3710 1693; baseline 0.003 -21"><span class='ocrx_word' id='word_1_206' title='bbox 2144 1619 2208 1672; x_wconf 83' lang='grc'><strong>’11</strong></span> <span class='ocrx_word' id='word_1_207' title='bbox 2241 1620 2298 1674; x_wconf 78' lang='grc' dir='ltr'><strong>δὲ</strong></span> <span class='ocrx_word' id='word_1_208' title='bbox 2325 1621 2452 1685; x_wconf 76' lang='grc' dir='ltr'><strong>τοὺς</strong></span> <span class='ocrx_word' id='word_1_209' title='bbox 2493 1621 2671 1691; x_wconf 74' lang='grc' dir='ltr'><strong>ἱεροὺς</strong></span> <span class='ocrx_word' id='word_1_210' title='bbox 2704 1623 2943 1686; x_wconf 84' lang='grc' dir='ltr'><strong>ἐκείνους</strong></span> <span class='ocrx_word' id='word_1_211' title='bbox 2975 1623 3160 1687; x_wconf 83' lang='grc' dir='ltr'><strong>κίονας</strong></span> <span class='ocrx_word' id='word_1_212' title='bbox 3191 1624 3617 1693; x_wconf 77' lang='grc' dir='ltr'><strong>περιελίττουσά</strong></span> <span class='ocrx_word' id='word_1_213' title='bbox 3655 1641 3710 1677; x_wconf 90' lang='grc' dir='ltr'><strong>τε</strong></span> 
     </span>
    </p>
   </div>
   <div class='ocr_carea' id='block_1_32' title="bbox 2135 1711 3710 1785">
    <p class='ocr_par' dir='ltr' id='par_1_32' title="bbox 2135 1711 3710 1785">
     <span class='ocr_line' id='line_1_32' title="bbox 2135 1711 3710 1785; baseline 0.003 -22"><span class='ocrx_word' id='word_1_214' title='bbox 2135 1713 2231 1763; x_wconf 73' lang='grc' dir='ltr'><strong>καὶ</strong></span> <span class='ocrx_word' id='word_1_215' title='bbox 2291 1711 2643 1766; x_wconf 76' lang='grc' dir='ltr'><strong>ποικίλλουσα</strong></span> <span class='ocrx_word' id='word_1_216' title='bbox 2683 1715 2775 1766; x_wconf 74' lang='grc' dir='ltr'><strong>καὶ</strong></span> <span class='ocrx_word' id='word_1_217' title='bbox 2813 1714 3019 1768; x_wconf 80' lang='grc' dir='ltr'><strong>νικῶσα</strong></span> <span class='ocrx_word' id='word_1_218' title='bbox 3049 1715 3108 1767; x_wconf 83' lang='grc' dir='ltr'><strong>τὸ</strong></span> <span class='ocrx_word' id='word_1_219' title='bbox 3147 1714 3528 1785; x_wconf 78' lang='grc' dir='ltr'><strong>ἁμιλλώμενον</strong></span> <span class='ocrx_word' id='word_1_220' title='bbox 3576 1716 3710 1769; x_wconf 79' lang='grc' dir='ltr'><strong>ἅπαν</strong></span> 
     </span>
    </p>
   </div>
   <div class='ocr_carea' id='block_1_33' title="bbox 464 1796 2035 1877">
    <p class='ocr_par' dir='ltr' id='par_1_33' title="bbox 464 1796 2035 1877">
     <span class='ocr_line' id='line_1_33' title="bbox 464 1796 2035 1877; baseline 0.011 -30"><span class='ocrx_word' id='word_1_221' title='bbox 464 1806 540 1849; x_wconf 83' lang='lat' dir='ltr'><strong>ta.</strong></span> <span class='ocrx_word' id='word_1_222' title='bbox 575 1796 884 1854; x_wconf 88' lang='lat' dir='ltr'><strong>Conciones</strong></span> <span class='ocrx_word' id='word_1_223' title='bbox 933 1811 1137 1868; x_wconf 89' lang='lat' dir='ltr'><strong>autem,</strong></span> <span class='ocrx_word' id='word_1_224' title='bbox 1168 1812 1224 1857; x_wconf 91' lang='lat' dir='ltr'><strong>et</strong></span> <span class='ocrx_word' id='word_1_225' title='bbox 1266 1813 1590 1870; x_wconf 80' lang='lat' dir='ltr'><strong>conventus,</strong></span> <span class='ocrx_word' id='word_1_226' title='bbox 1621 1815 1674 1858; x_wconf 90' lang='lat' dir='ltr'><strong>et</strong></span> <span class='ocrx_word' id='word_1_227' title='bbox 1705 1823 1826 1874; x_wconf 69' lang='lat' dir='ltr'><strong>quae</strong></span> <span class='ocrx_word' id='word_1_228' title='bbox 1873 1807 2035 1877; x_wconf 83' lang='lat'><strong>750</strong></span> 
     </span>
    </p>
   </div>
   <div class='ocr_carea' id='block_1_34' title="bbox 2138 1796 3712 1877">
    <p class='ocr_par' dir='ltr' id='par_1_34' title="bbox 2138 1803 3712 1876">
     <span class='ocr_line' id='line_1_34' title="bbox 2138 1803 3712 1876; baseline 0 -20"><span class='ocrx_word' id='word_1_229' title='bbox 2138 1804 2342 1857; x_wconf 77' lang='grc' dir='ltr'><strong>Φειδίου</strong></span> <span class='ocrx_word' id='word_1_230' title='bbox 2372 1803 2666 1872; x_wconf 75' lang='grc' dir='ltr'><strong>λαξευτικὴ</strong></span> <span class='ocrx_word' id='word_1_231' title='bbox 2699 1807 3058 1858; x_wconf 84' lang='grc' dir='ltr'><strong>παντάπασιν</strong></span> <span class='ocrx_word' id='word_1_232' title='bbox 3093 1805 3269 1876; x_wconf 85' lang='grc' dir='ltr'><strong>ἐρῥύη</strong></span> <span class='ocrx_word' id='word_1_233' title='bbox 3314 1823 3378 1858; x_wconf 87' lang='grc' dir='ltr'><strong>τε</strong></span> <span class='ocrx_word' id='word_1_234' title='bbox 3412 1808 3511 1858; x_wconf 71' lang='grc' dir='ltr'><strong>καὶ</strong></span> <span class='ocrx_word' id='word_1_235' title='bbox 3567 1807 3712 1858; x_wconf 70' lang='grc' dir='ltr'><strong>ἐσδε-</strong></span> 
     </span>
    </p>
   </div>
   <div class='ocr_carea' id='block_1_35' title="bbox 465 1875 2035 1967">
    <p class='ocr_par' dir='ltr' id='par_1_35' title="bbox 465 1875 2035 1967">
     <span class='ocr_line' id='line_1_35' title="bbox 465 1875 2035 1967; baseline 0.008 -28"><span class='ocrx_word' id='word_1_236' title='bbox 465 1888 715 1941; x_wconf 88' lang='lat' dir='ltr'><strong>solebant</strong></span> <span class='ocrx_word' id='word_1_237' title='bbox 762 1889 949 1944; x_wconf 88' lang='lat' dir='ltr'><strong>haberi</strong></span> <span class='ocrx_word' id='word_1_238' title='bbox 985 1891 1096 1946; x_wconf 91' lang='lat' dir='ltr'><strong>illic</strong></span> <span class='ocrx_word' id='word_1_239' title='bbox 1139 1892 1338 1949; x_wconf 87' lang='lat' dir='ltr'><strong>diebus</strong></span> <span class='ocrx_word' id='word_1_240' title='bbox 1382 1903 1438 1949; x_wconf 90' lang='lat' dir='ltr'><strong>et</strong></span> <span class='ocrx_word' id='word_1_241' title='bbox 1478 1895 1736 1950; x_wconf 85' lang='lat' dir='ltr'><strong>noctibus</strong></span> <span class='ocrx_word' id='word_1_242' title='bbox 1757 1875 2035 1967; x_wconf 64' lang='lat' dir='ltr'><strong>perpetuis</strong></span> 
     </span>
    </p>
   </div>
   <div class='ocr_carea' id='block_1_36' title="bbox 2138 1875 3707 1967">
    <p class='ocr_par' dir='ltr' id='par_1_36' title="bbox 2144 1875 3707 1965">
     <span class='ocr_line' id='line_1_36' title="bbox 2144 1875 3707 1965; baseline 0.004 -23"><span class='ocrx_word' id='word_1_243' title='bbox 2144 1907 2288 1953; x_wconf 89' lang='grc' dir='ltr'><strong>σται,</strong></span> <span class='ocrx_word' id='word_1_244' title='bbox 2315 1889 2619 1961; x_wconf 88' lang='grc' dir='ltr'><strong>λεπτότητα</strong></span> <span class='ocrx_word' id='word_1_245' title='bbox 2652 1893 3013 1964; x_wconf 80' lang='grc' dir='ltr'><strong>μιμησαμένη</strong></span> <span class='ocrx_word' id='word_1_246' title='bbox 3043 1875 3318 1963; x_wconf 61' lang='grc' dir='ltr'><strong>ψηφίδων.</strong></span> <span class='ocrx_word' id='word_1_247' title='bbox 3367 1895 3707 1965; x_wconf 86' lang='grc' dir='ltr'><strong>Πανηγύρεις</strong></span> 
     </span>
    </p>
   </div>
   <div class='ocr_carea' id='block_1_37' title="bbox 466 1979 2034 2055">
    <p class='ocr_par' dir='ltr' id='par_1_37' title="bbox 466 1979 2034 2055">
     <span class='ocr_line' id='line_1_37' title="bbox 466 1979 2034 2055; baseline 0.007 -24"><span class='ocrx_word' id='word_1_248' title='bbox 466 1979 768 2034; x_wconf 72' lang='lat' dir='ltr'><strong>dialectica:</strong></span> <span class='ocrx_word' id='word_1_249' title='bbox 820 1982 1248 2053; x_wconf 68' lang='lat' dir='ltr'><strong>theologicazque</strong></span> <span class='ocrx_word' id='word_1_250' title='bbox 1298 1984 1740 2055; x_wconf 84' lang='lat' dir='ltr'><strong>disputationes,</strong></span> <span class='ocrx_word' id='word_1_251' title='bbox 1793 1988 2034 2042; x_wconf 89' lang='lat' dir='ltr'><strong>studium</strong></span> 
     </span>
    </p>
   </div>
   <div class='ocr_carea' id='block_1_38' title="bbox 465 2072 2037 2144">
    <p class='ocr_par' dir='ltr' id='par_1_38' title="bbox 465 2072 2037 2144">
     <span class='ocr_line' id='line_1_38' title="bbox 465 2072 2037 2144; baseline 0.005 -19"><span class='ocrx_word' id='word_1_252' title='bbox 465 2088 624 2125; x_wconf 89' lang='lat' dir='ltr'><strong>suum</strong></span> <span class='ocrx_word' id='word_1_253' title='bbox 660 2072 711 2126; x_wconf 93' lang='lat' dir='ltr'><strong>in</strong></span> <span class='ocrx_word' id='word_1_254' title='bbox 749 2073 1027 2128; x_wconf 89' lang='lat' dir='ltr'><strong>silentium</strong></span> <span class='ocrx_word' id='word_1_255' title='bbox 1057 2090 1170 2142; x_wconf 60' lang='lat' dir='ltr'><strong>prae</strong></span> <span class='ocrx_word' id='word_1_256' title='bbox 1201 2086 1427 2144; x_wconf 86' lang='lat' dir='ltr'><strong>stupore</strong></span> <span class='ocrx_word' id='word_1_257' title='bbox 1455 2087 1761 2132; x_wconf 87' lang='lat' dir='ltr'><strong>verterunt.</strong></span> <span class='ocrx_word' id='word_1_258' title='bbox 1793 2079 1862 2132; x_wconf 91' lang='lat' dir='ltr'><strong>Et</strong></span> <span class='ocrx_word' id='word_1_259' title='bbox 1890 2095 2037 2133; x_wconf 92' lang='lat' dir='ltr'><strong>nunc</strong></span> 
     </span>
    </p>
   </div>
   <div class='ocr_carea' id='block_1_39' title="bbox 466 2162 2036 2236">
    <p class='ocr_par' dir='ltr' id='par_1_39' title="bbox 466 2162 2036 2236">
     <span class='ocr_line' id='line_1_39' title="bbox 466 2162 2036 2236; baseline 0.006 -23"><span class='ocrx_word' id='word_1_260' title='bbox 466 2162 740 2216; x_wconf 81' lang='lat' dir='ltr'><strong>theatrum</strong></span> <span class='ocrx_word' id='word_1_261' title='bbox 790 2162 921 2216; x_wconf 91' lang='lat' dir='ltr'><strong>illud</strong></span> <span class='ocrx_word' id='word_1_262' title='bbox 953 2164 1211 2218; x_wconf 85' lang='lat' dir='ltr'><strong>universo</strong></span> <span class='ocrx_word' id='word_1_263' title='bbox 1241 2166 1365 2218; x_wconf 88' lang='lat' dir='ltr'><strong>orbi</strong></span> <span class='ocrx_word' id='word_1_264' title='bbox 1393 2181 1684 2221; x_wconf 88' lang='lat' dir='ltr'><strong>commune</strong></span> <span class='ocrx_word' id='word_1_265' title='bbox 1704 2207 1718 2231; x_wconf 88' lang='lat'><strong>,</strong></span> <span class='ocrx_word' id='word_1_266' title='bbox 1759 2167 2036 2236; x_wconf 88' lang='lat' dir='ltr'><strong>jucundns</strong></span> 
     </span>
    </p>
   </div>
   <div class='ocr_carea' id='block_1_40' title="bbox 462 2254 2035 2330">
    <p class='ocr_par' dir='ltr' id='par_1_40' title="bbox 462 2254 2035 2330">
     <span class='ocr_line' id='line_1_40' title="bbox 462 2254 2035 2330; baseline 0.007 -25"><span class='ocrx_word' id='word_1_267' title='bbox 462 2254 642 2309; x_wconf 89' lang='lat' dir='ltr'><strong>omnis</strong></span> <span class='ocrx_word' id='word_1_268' title='bbox 679 2255 879 2324; x_wconf 76' lang='lat' dir='ltr'><strong>lingua:</strong></span> <span class='ocrx_word' id='word_1_269' title='bbox 905 2269 1111 2321; x_wconf 88' lang='lat' dir='ltr'><strong>sermo,</strong></span> <span class='ocrx_word' id='word_1_270' title='bbox 1139 2257 1517 2311; x_wconf 87' lang='lat' dir='ltr'><strong>dulcissimum</strong></span> <span class='ocrx_word' id='word_1_271' title='bbox 1549 2259 1780 2313; x_wconf 89' lang='lat' dir='ltr'><strong>auribus</strong></span> <span class='ocrx_word' id='word_1_272' title='bbox 1807 2261 2035 2330; x_wconf 88' lang='lat' dir='ltr'><strong>quibus-</strong></span> 
     </span>
    </p>
   </div>
   <div class='ocr_carea' id='block_1_41' title="bbox 463 2346 2036 2418">
    <p class='ocr_par' dir='ltr' id='par_1_41' title="bbox 463 2346 2036 2418">
     <span class='ocr_line' id='line_1_41' title="bbox 463 2346 2036 2418; baseline 0.004 -20"><span class='ocrx_word' id='word_1_273' title='bbox 463 2346 600 2400; x_wconf 88' lang='lat' dir='ltr'><strong>libet</strong></span> <span class='ocrx_word' id='word_1_274' title='bbox 651 2361 924 2412; x_wconf 88' lang='lat' dir='ltr'><strong>murmur,</strong></span> <span class='ocrx_word' id='word_1_275' title='bbox 962 2347 1300 2416; x_wconf 87' lang='lat' dir='ltr'><strong>inaspectum</strong></span> <span class='ocrx_word' id='word_1_276' title='bbox 1341 2355 1481 2402; x_wconf 87' lang='lat' dir='ltr'><strong>astat</strong></span> <span class='ocrx_word' id='word_1_277' title='bbox 1532 2351 1945 2418; x_wconf 87' lang='lat' dir='ltr'><strong>spectaculum,</strong></span> <span class='ocrx_word' id='word_1_278' title='bbox 1981 2360 2036 2406; x_wconf 85' lang='lat' dir='ltr'><strong>et</strong></span> 
     </span>
    </p>
   </div>
   <div class='ocr_carea' id='block_1_42' title="bbox 462 2436 2036 2509">
    <p class='ocr_par' dir='ltr' id='par_1_42' title="bbox 462 2436 2036 2509">
     <span class='ocr_line' id='line_1_42' title="bbox 462 2436 2036 2509; baseline 0.006 -22"><span class='ocrx_word' id='word_1_279' title='bbox 462 2436 710 2504; x_wconf 58' lang='lat' dir='ltr'><strong>quadam</strong></span> <span class='ocrx_word' id='word_1_280' title='bbox 739 2437 889 2491; x_wconf 84' lang='lat' dir='ltr'><strong>velut</strong></span> <span class='ocrx_word' id='word_1_281' title='bbox 916 2438 1174 2491; x_wconf 86' lang='lat' dir='ltr'><strong>columna</strong></span> <span class='ocrx_word' id='word_1_282' title='bbox 1205 2438 1443 2492; x_wconf 89' lang='lat' dir='ltr'><strong>animata</strong></span> <span class='ocrx_word' id='word_1_283' title='bbox 1490 2441 1808 2509; x_wconf 68' lang='lat' dir='ltr'><strong>tragoediam</strong></span> <span class='ocrx_word' id='word_1_284' title='bbox 1855 2441 2036 2496; x_wconf 89' lang='lat' dir='ltr'><strong>medio</strong></span> 
     </span>
    </p>
   </div>
   <div class='ocr_carea' id='block_1_43' title="bbox 461 2529 2038 2600">
    <p class='ocr_par' dir='ltr' id='par_1_43' title="bbox 461 2529 2038 2600">
     <span class='ocr_line' id='line_1_43' title="bbox 461 2529 2038 2600; baseline 0.005 -20"><span class='ocrx_word' id='word_1_285' title='bbox 461 2542 586 2582; x_wconf 89' lang='lat' dir='ltr'><strong>aere</strong></span> <span class='ocrx_word' id='word_1_286' title='bbox 621 2529 870 2595; x_wconf 79' lang='lat' dir='ltr'><strong>exhibet,</strong></span> <span class='ocrx_word' id='word_1_287' title='bbox 898 2529 1175 2595; x_wconf 86' lang='lat' dir='ltr'><strong>totiusque</strong></span> <span class='ocrx_word' id='word_1_288' title='bbox 1197 2530 1347 2584; x_wconf 82' lang='lat' dir='ltr'><strong>orbis</strong></span> <span class='ocrx_word' id='word_1_289' title='bbox 1379 2531 1643 2600; x_wconf 80' lang='lat' dir='ltr'><strong>lacrymas</strong></span> <span class='ocrx_word' id='word_1_290' title='bbox 1673 2531 1806 2598; x_wconf 90' lang='lat' dir='ltr'><strong>ciet;</strong></span> <span class='ocrx_word' id='word_1_291' title='bbox 1843 2542 1898 2586; x_wconf 88' lang='lat' dir='ltr'><strong>et</strong></span> <span class='ocrx_word' id='word_1_292' title='bbox 1941 2548 2038 2588; x_wconf 90' lang='lat' dir='ltr'><strong>ore</strong></span> 
     </span>
    </p>
   </div>
   <div class='ocr_carea' id='block_1_44' title="bbox 462 2620 2036 2689">
    <p class='ocr_par' dir='ltr' id='par_1_44' title="bbox 462 2620 2036 2689">
     <span class='ocr_line' id='line_1_44' title="bbox 462 2620 2036 2689; baseline 0.004 -16"><span class='ocrx_word' id='word_1_293' title='bbox 462 2620 620 2688; x_wconf 86' lang='lat' dir='ltr'><strong>quasi</strong></span> <span class='ocrx_word' id='word_1_294' title='bbox 679 2636 780 2689; x_wconf 88' lang='lat' dir='ltr'><strong>per</strong></span> <span class='ocrx_word' id='word_1_295' title='bbox 817 2621 1036 2675; x_wconf 91' lang='lat' dir='ltr'><strong>culmen</strong></span> <span class='ocrx_word' id='word_1_296' title='bbox 1083 2637 1321 2689; x_wconf 88' lang='lat' dir='ltr'><strong>superne</strong></span> <span class='ocrx_word' id='word_1_297' title='bbox 1355 2622 1600 2687; x_wconf 88' lang='lat' dir='ltr'><strong>diducto,</strong></span> <span class='ocrx_word' id='word_1_298' title='bbox 1644 2623 1746 2677; x_wconf 89' lang='lat' dir='ltr'><strong>soli</strong></span> <span class='ocrx_word' id='word_1_299' title='bbox 1787 2632 1843 2678; x_wconf 89' lang='lat' dir='ltr'><strong>et</strong></span> <span class='ocrx_word' id='word_1_300' title='bbox 1874 2625 2036 2680; x_wconf 88' lang='lat' dir='ltr'><strong>astris</strong></span> 
     </span>
    </p>
   </div>
   <div class='ocr_carea' id='block_1_45' title="bbox 463 2711 2035 2786">
    <p class='ocr_par' dir='ltr' id='par_1_45' title="bbox 463 2711 2035 2786">
     <span class='ocr_line' id='line_1_45' title="bbox 463 2711 2035 2786; baseline 0.006 -24"><span class='ocrx_word' id='word_1_301' title='bbox 463 2711 746 2780; x_wconf 74' lang='lat' dir='ltr'><strong>indignum</strong></span> <span class='ocrx_word' id='word_1_302' title='bbox 777 2712 990 2766; x_wconf 80' lang='lat' dir='ltr'><strong>facinus</strong></span> <span class='ocrx_word' id='word_1_303' title='bbox 1022 2713 1194 2782; x_wconf 88' lang='lat' dir='ltr'><strong>palam</strong></span> <span class='ocrx_word' id='word_1_304' title='bbox 1215 2713 1545 2780; x_wconf 90' lang='lat' dir='ltr'><strong>annuntiat;</strong></span> <span class='ocrx_word' id='word_1_305' title='bbox 1576 2715 1771 2770; x_wconf 65' lang='lat' dir='ltr'><strong>caelum</strong></span> <span class='ocrx_word' id='word_1_306' title='bbox 1798 2717 2035 2786; x_wconf 87' lang='lat' dir='ltr'><strong>denique</strong></span> 
     </span>
    </p>
   </div>
   <div class='ocr_carea' id='block_1_46' title="bbox 450 2804 2075 2875">
    <p class='ocr_par' dir='ltr' id='par_1_46' title="bbox 450 2804 2075 2875">
     <span class='ocr_line' id='line_1_46' title="bbox 450 2804 2075 2875; baseline 0.006 -21"><span class='ocrx_word' id='word_1_307' title='bbox 450 2809 673 2855; x_wconf 72' lang='lat' dir='ltr'><strong>tantum</strong></span> <span class='ocrx_word' id='word_1_308' title='bbox 704 2818 812 2857; x_wconf 91' lang='lat' dir='ltr'><strong>non</strong></span> <span class='ocrx_word' id='word_1_309' title='bbox 848 2811 1040 2857; x_wconf 89' lang='lat' dir='ltr'><strong>testem</strong></span> <span class='ocrx_word' id='word_1_310' title='bbox 1077 2804 1324 2867; x_wconf 89' lang='lat' dir='ltr'><strong>advocat,</strong></span> <span class='ocrx_word' id='word_1_311' title='bbox 1357 2813 1412 2858; x_wconf 91' lang='lat' dir='ltr'><strong>et</strong></span> <span class='ocrx_word' id='word_1_312' title='bbox 1453 2805 1772 2875; x_wconf 87' lang='lat' dir='ltr'><strong>prophetica</strong></span> <span class='ocrx_word' id='word_1_313' title='bbox 1804 2805 1892 2861; x_wconf 91' lang='lat' dir='ltr'><strong>illa</strong></span> <span class='ocrx_word' id='word_1_314' title='bbox 1926 2806 2034 2862; x_wconf 85' lang='lat' dir='ltr'><strong>Deo</strong></span> <span class='ocrx_word' id='word_1_315' title='bbox 2073 2825 2075 2828; x_wconf 71' lang='lat'><em>‘</em></span> 
     </span>
    </p>
   </div>
   <div class='ocr_carea' id='block_1_47' title="bbox 463 2891 2034 2963">
    <p class='ocr_par' dir='ltr' id='par_1_47' title="bbox 463 2891 2034 2963">
     <span class='ocr_line' id='line_1_47' title="bbox 463 2891 2034 2963; baseline 0.004 -21"><span class='ocrx_word' id='word_1_316' title='bbox 463 2891 668 2944; x_wconf 86' lang='lat' dir='ltr'><strong>occinit</strong></span> <span class='ocrx_word' id='word_1_317' title='bbox 718 2909 733 2944; x_wconf 92' lang='lat'><strong>:</strong></span> <span class='ocrx_word' id='word_1_318' title='bbox 793 2910 812 2942; x_wconf 81' lang='grc' dir='ltr'><strong>ι</strong></span> <span class='ocrx_word' id='word_1_319' title='bbox 871 2891 992 2945; x_wconf 82' lang='lat' dir='ltr'><strong>Filii</strong></span> <span class='ocrx_word' id='word_1_320' title='bbox 1028 2891 1220 2946; x_wconf 87' lang='lat' dir='ltr'><strong>matris</strong></span> <span class='ocrx_word' id='word_1_321' title='bbox 1257 2908 1389 2946; x_wconf 72' lang='lat' dir='ltr'><strong>mea-</strong></span> <span class='ocrx_word' id='word_1_322' title='bbox 1425 2903 1802 2963; x_wconf 80' lang='lat' dir='ltr'><strong>pugnaverunt</strong></span> <span class='ocrx_word' id='word_1_323' title='bbox 1843 2903 2034 2950; x_wconf 84' lang='lat' dir='ltr'><strong>contra</strong></span> 
     </span>
    </p>
   </div>
   <div class='ocr_carea' id='block_1_48' title="bbox 463 2981 2036 3049">
    <p class='ocr_par' dir='ltr' id='par_1_48' title="bbox 463 2981 2036 3049">
     <span class='ocr_line' id='line_1_48' title="bbox 463 2981 2036 3049; baseline 0.006 -18"><span class='ocrx_word' id='word_1_324' title='bbox 463 2995 550 3032; x_wconf 90' lang='lat' dir='ltr'><strong>me</strong></span> <span class='ocrx_word' id='word_1_325' title='bbox 587 2995 602 3031; x_wconf 93' lang='lat'><strong>:</strong></span> <span class='ocrx_word' id='word_1_326' title='bbox 646 2990 1043 3049; x_wconf 85' lang='lat' dir='ltr'><strong>percusserunt</strong></span> <span class='ocrx_word' id='word_1_327' title='bbox 1073 2995 1180 3044; x_wconf 93' lang='lat' dir='ltr'><strong>me,</strong></span> <span class='ocrx_word' id='word_1_328' title='bbox 1232 2981 1666 3036; x_wconf 84' lang='lat' dir='ltr'><strong>vulneraverunt</strong></span> <span class='ocrx_word' id='word_1_329' title='bbox 1694 2998 1821 3049; x_wconf 80' lang='lat' dir='ltr'><strong>nte;</strong></span> <span class='ocrx_word' id='word_1_330' title='bbox 1854 2992 1909 3039; x_wconf 92' lang='lat' dir='ltr'><strong>et</strong></span> <span class='ocrx_word' id='word_1_331' title='bbox 1937 2999 2036 3039; x_wconf 86' lang='lat' dir='ltr'><strong>su-</strong></span> 
     </span>
    </p>
   </div>
   <div class='ocr_carea' id='block_1_49' title="bbox 462 3068 2035 3139">
    <p class='ocr_par' dir='ltr' id='par_1_49' title="bbox 462 3068 2035 3139">
     <span class='ocr_line' id='line_1_49' title="bbox 462 3068 2035 3139; baseline 0.009 -22"><span class='ocrx_word' id='word_1_332' title='bbox 462 3068 654 3136; x_wconf 82' lang='lat' dir='ltr'><strong>perbia</strong></span> <span class='ocrx_word' id='word_1_333' title='bbox 711 3085 928 3135; x_wconf 89' lang='lat' dir='ltr'><strong>eorum,</strong></span> <span class='ocrx_word' id='word_1_334' title='bbox 981 3071 1076 3139; x_wconf 88' lang='lat' dir='ltr'><strong>qui</strong></span> <span class='ocrx_word' id='word_1_335' title='bbox 1128 3071 1366 3125; x_wconf 82' lang='lat' dir='ltr'><strong>oderunt</strong></span> <span class='ocrx_word' id='word_1_336' title='bbox 1423 3086 1545 3134; x_wconf 89' lang='lat' dir='ltr'><strong>mc,</strong></span> <span class='ocrx_word' id='word_1_337' title='bbox 1607 3074 1855 3129; x_wconf 84' lang='lat' dir='ltr'><strong>ascendit</strong></span> <span class='ocrx_word' id='word_1_338' title='bbox 1889 3089 2035 3130; x_wconf 80' lang='lat' dir='ltr'><strong>sem-</strong></span> 
     </span>
    </p>
   </div>
   <div class='ocr_carea' id='block_1_50' title="bbox 463 3174 643 3228">
    <p class='ocr_par' dir='ltr' id='par_1_50' title="bbox 463 3174 643 3228">
     <span class='ocr_line' id='line_1_50' title="bbox 463 3174 643 3228; baseline -0.006 -16"><span class='ocrx_word' id='word_1_339' title='bbox 463 3174 583 3228; x_wconf 87' lang='lat' dir='ltr'><strong>per.</strong></span> <span class='ocrx_word' id='word_1_340' title='bbox 624 3177 643 3211; x_wconf 73' lang='grc' dir='ltr'>ι</span> 
     </span>
    </p>
   </div>
   <div class='ocr_carea' id='block_1_51' title="bbox 539 3262 2040 3333">
    <p class='ocr_par' dir='ltr' id='par_1_51' title="bbox 539 3262 2040 3333">
     <span class='ocr_line' id='line_1_51' title="bbox 539 3262 2040 3333; baseline 0.004 -17"><span class='ocrx_word' id='word_1_341' title='bbox 539 3262 604 3316; x_wconf 89' lang='lat' dir='ltr'><strong>ll.</strong></span> <span class='ocrx_word' id='word_1_342' title='bbox 638 3262 694 3316; x_wconf 87' lang='lat' dir='ltr'><strong>Id</strong></span> <span class='ocrx_word' id='word_1_343' title='bbox 727 3278 852 3316; x_wconf 92' lang='lat' dir='ltr'><strong>cum</strong></span> <span class='ocrx_word' id='word_1_344' title='bbox 885 3262 958 3318; x_wconf 87' lang='lat' dir='ltr'><strong>ita</strong></span> <span class='ocrx_word' id='word_1_345' title='bbox 987 3263 1276 3320; x_wconf 88' lang='lat' dir='ltr'><strong>accidisset</strong></span> <span class='ocrx_word' id='word_1_346' title='bbox 1299 3305 1314 3332; x_wconf 91' lang='lat'><strong>,</strong></span> <span class='ocrx_word' id='word_1_347' title='bbox 1346 3275 1600 3321; x_wconf 83' lang='lat' dir='ltr'><strong>manante</strong></span> <span class='ocrx_word' id='word_1_348' title='bbox 1639 3268 1824 3322; x_wconf 90' lang='lat' dir='ltr'><strong>statim</strong></span> <span class='ocrx_word' id='word_1_349' title='bbox 1872 3267 2040 3333; x_wconf 79' lang='lat' dir='ltr'><strong>fama,</strong></span> 
     </span>
    </p>
   </div>
   <div class='ocr_carea' id='block_1_52' title="bbox 465 3353 2046 3428">
    <p class='ocr_par' dir='ltr' id='par_1_52' title="bbox 465 3353 2046 3428">
     <span class='ocr_line' id='line_1_52' title="bbox 465 3353 2046 3428; baseline 0.003 -20"><span class='ocrx_word' id='word_1_350' title='bbox 465 3364 522 3410; x_wconf 88' lang='lat' dir='ltr'><strong>et</strong></span> <span class='ocrx_word' id='word_1_351' title='bbox 571 3369 668 3423; x_wconf 91' lang='lat' dir='ltr'><strong>per</strong></span> <span class='ocrx_word' id='word_1_352' title='bbox 700 3362 868 3408; x_wconf 88' lang='lat' dir='ltr'><strong>lotam</strong></span> <span class='ocrx_word' id='word_1_353' title='bbox 897 3353 1090 3410; x_wconf 87' lang='lat' dir='ltr'><strong>urbem</strong></span> <span class='ocrx_word' id='word_1_354' title='bbox 1153 3371 1314 3411; x_wconf 84' lang='lat' dir='ltr'><strong>mane</strong></span> <span class='ocrx_word' id='word_1_355' title='bbox 1369 3357 1746 3425; x_wconf 86' lang='lat' dir='ltr'><strong>disseminata,</strong></span> <span class='ocrx_word' id='word_1_356' title='bbox 1790 3361 1967 3428; x_wconf 86' lang='lat' dir='ltr'><strong>major</strong></span> <span class='ocrx_word' id='word_1_357' title='bbox 1990 3365 2046 3412; x_wconf 90' lang='lat' dir='ltr'><strong>ct</strong></span> 
     </span>
    </p>
   </div>
   <div class='ocr_carea' id='block_1_53' title="bbox 467 3444 2041 3518">
    <p class='ocr_par' dir='ltr' id='par_1_53' title="bbox 467 3444 2041 3518">
     <span class='ocr_line' id='line_1_53' title="bbox 467 3444 2041 3518; baseline 0.003 -20"><span class='ocrx_word' id='word_1_358' title='bbox 467 3445 682 3498; x_wconf 87' lang='lat' dir='ltr'><strong>clamor</strong></span> <span class='ocrx_word' id='word_1_359' title='bbox 707 3455 762 3499; x_wconf 88' lang='lat' dir='ltr'><strong>et</strong></span> <span class='ocrx_word' id='word_1_360' title='bbox 788 3444 974 3501; x_wconf 85' lang='lat' dir='ltr'><strong>luctus</strong></span> <span class='ocrx_word' id='word_1_361' title='bbox 992 3447 1264 3502; x_wconf 79' lang='lat' dir='ltr'><strong>excitatus</strong></span> <span class='ocrx_word' id='word_1_362' title='bbox 1293 3457 1401 3515; x_wconf 87' lang='lat' dir='ltr'><strong>est,</strong></span> <span class='ocrx_word' id='word_1_363' title='bbox 1434 3463 1604 3518; x_wconf 89' lang='lat' dir='ltr'><strong>quam</strong></span> <span class='ocrx_word' id='word_1_364' title='bbox 1639 3449 1770 3502; x_wconf 92' lang='lat' dir='ltr'><strong>olim</strong></span> <span class='ocrx_word' id='word_1_365' title='bbox 1809 3447 2041 3512; x_wconf 76' lang='lat' dir='ltr'><strong>exstitit,</strong></span> 
     </span>
    </p>
   </div>
   <div class='ocr_carea' id='block_1_54' title="bbox 464 3536 2043 3610">
    <p class='ocr_par' dir='ltr' id='par_1_54' title="bbox 464 3536 2043 3610">
     <span class='ocr_line' id='line_1_54' title="bbox 464 3536 2043 3610; baseline 0.004 -22"><span class='ocrx_word' id='word_1_366' title='bbox 464 3552 588 3589; x_wconf 88' lang='lat' dir='ltr'><strong>cum</strong></span> <span class='ocrx_word' id='word_1_367' title='bbox 636 3536 890 3606; x_wconf 82' lang='lat' dir='ltr'><strong>Assyrius</strong></span> <span class='ocrx_word' id='word_1_368' title='bbox 953 3537 1473 3604; x_wconf 85' lang='lat' dir='ltr'><strong>Nabuchodonosor,</strong></span> <span class='ocrx_word' id='word_1_369' title='bbox 1518 3540 1736 3610; x_wconf 87' lang='lat' dir='ltr'><strong>Solyma</strong></span> <span class='ocrx_word' id='word_1_370' title='bbox 1797 3539 2043 3594; x_wconf 82' lang='lat' dir='ltr'><strong>funditus</strong></span> 
     </span>
    </p>
   </div>
   <div class='ocr_carea' id='block_1_55' title="bbox 465 3627 2041 3700">
    <p class='ocr_par' dir='ltr' id='par_1_55' title="bbox 465 3627 2041 3700">
     <span class='ocr_line' id='line_1_55' title="bbox 465 3627 2041 3700; baseline 0.001 -19"><span class='ocrx_word' id='word_1_371' title='bbox 465 3642 679 3690; x_wconf 85' lang='lat' dir='ltr'><strong>eversa,</strong></span> <span class='ocrx_word' id='word_1_372' title='bbox 722 3627 1054 3683; x_wconf 88' lang='lat' dir='ltr'><strong>Salomoniei</strong></span> <span class='ocrx_word' id='word_1_373' title='bbox 1087 3644 1308 3698; x_wconf 88' lang='lat' dir='ltr'><strong>quoque</strong></span> <span class='ocrx_word' id='word_1_374' title='bbox 1341 3629 1530 3698; x_wconf 89' lang='lat' dir='ltr'><strong>templi</strong></span> <span class='ocrx_word' id='word_1_375' title='bbox 1580 3629 2041 3700; x_wconf 78' lang='lat' dir='ltr'><strong>magniﬁcentiam</strong></span> 
     </span>
    </p>
   </div>
   <div class='ocr_carea' id='block_1_56' title="bbox 463 3718 2039 3789">
    <p class='ocr_par' dir='ltr' id='par_1_56' title="bbox 463 3718 2039 3789">
     <span class='ocr_line' id='line_1_56' title="bbox 463 3718 2039 3789; baseline 0.003 -19"><span class='ocrx_word' id='word_1_376' title='bbox 463 3718 634 3772; x_wconf 87' lang='lat' dir='ltr'><strong>diruit</strong></span> <span class='ocrx_word' id='word_1_377' title='bbox 658 3726 823 3788; x_wconf 88' lang='lat' dir='ltr'><strong>atque</strong></span> <span class='ocrx_word' id='word_1_378' title='bbox 853 3720 1096 3775; x_wconf 89' lang='lat' dir='ltr'><strong>sustulit.</strong></span> <span class='ocrx_word' id='word_1_379' title='bbox 1127 3718 1326 3776; x_wconf 91' lang='lat' dir='ltr'><strong>Omnia</strong></span> <span class='ocrx_word' id='word_1_380' title='bbox 1355 3719 1541 3789; x_wconf 89' lang='lat' dir='ltr'><strong>itaque</strong></span> <span class='ocrx_word' id='word_1_381' title='bbox 1572 3731 1625 3776; x_wconf 90' lang='lat' dir='ltr'><strong>et</strong></span> <span class='ocrx_word' id='word_1_382' title='bbox 1663 3729 1802 3777; x_wconf 84' lang='lat' dir='ltr'><strong>tecta</strong></span> <span class='ocrx_word' id='word_1_383' title='bbox 1836 3731 1893 3777; x_wconf 74' lang='lat' dir='ltr'><strong>et</strong></span> <span class='ocrx_word' id='word_1_384' title='bbox 1925 3721 2039 3776; x_wconf 80' lang='lat' dir='ltr'><strong>fora</strong></span> 
     </span>
    </p>
   </div>
   <div class='ocr_carea' id='block_1_57' title="bbox 474 3810 2043 3873">
    <p class='ocr_par' dir='ltr' id='par_1_57' title="bbox 474 3810 2043 3873">
     <span class='ocr_line' id='line_1_57' title="bbox 474 3810 2043 3873; baseline 0.004 -10"><span class='ocrx_word' id='word_1_385' title='bbox 474 3819 530 3863; x_wconf 86' lang='lat' dir='ltr'><strong>et</strong></span> <span class='ocrx_word' id='word_1_386' title='bbox 565 3810 776 3864; x_wconf 85' lang='lat' dir='ltr'><strong>theatra</strong></span> <span class='ocrx_word' id='word_1_387' title='bbox 822 3810 1246 3873; x_wconf 84' lang='lat' dir='ltr'><strong>deserebantur,</strong></span> <span class='ocrx_word' id='word_1_388' title='bbox 1277 3811 1537 3865; x_wconf 91' lang='lat' dir='ltr'><strong>omnibus</strong></span> <span class='ocrx_word' id='word_1_389' title='bbox 1569 3811 1636 3865; x_wconf 91' lang='lat' dir='ltr'><strong>ad</strong></span> <span class='ocrx_word' id='word_1_390' title='bbox 1689 3812 1834 3867; x_wconf 88' lang='lat' dir='ltr'><strong>illius</strong></span> <span class='ocrx_word' id='word_1_391' title='bbox 1872 3813 2043 3869; x_wconf 89' lang='lat' dir='ltr'><strong>cladis</strong></span> 
     </span>
    </p>
   </div>
   <div class='ocr_carea' id='block_1_58' title="bbox 464 3901 2041 3969">
    <p class='ocr_par' dir='ltr' id='par_1_58' title="bbox 464 3901 2041 3969">
     <span class='ocr_line' id='line_1_58' title="bbox 464 3901 2041 3969; baseline 0.004 -16"><span class='ocrx_word' id='word_1_392' title='bbox 464 3902 845 3969; x_wconf 86' lang='lat' dir='ltr'><strong>spectaculum</strong></span> <span class='ocrx_word' id='word_1_393' title='bbox 901 3902 1194 3957; x_wconf 81' lang='lat' dir='ltr'><strong>confestim</strong></span> <span class='ocrx_word' id='word_1_394' title='bbox 1253 3901 1678 3957; x_wconf 90' lang='lat' dir='ltr'><strong>accurrentibus</strong></span> <span class='ocrx_word' id='word_1_395' title='bbox 1714 3919 1729 3957; x_wconf 91' lang='lat'><strong>:</strong></span> <span class='ocrx_word' id='word_1_396' title='bbox 1770 3911 1827 3956; x_wconf 89' lang='lat' dir='ltr'><strong>et</strong></span> <span class='ocrx_word' id='word_1_397' title='bbox 1878 3920 2041 3960; x_wconf 92' lang='lat' dir='ltr'><strong>nemo</strong></span> 
     </span>
    </p>
   </div>
   <div class='ocr_carea' id='block_1_59' title="bbox 461 3991 2037 4063">
    <p class='ocr_par' dir='ltr' id='par_1_59' title="bbox 461 3991 2037 4063">
     <span class='ocr_line' id='line_1_59' title="bbox 461 3991 2037 4063; baseline 0.003 -19"><span class='ocrx_word' id='word_1_398' title='bbox 461 4001 580 4046; x_wconf 86' lang='lat' dir='ltr'><strong>crat</strong></span> <span class='ocrx_word' id='word_1_399' title='bbox 627 3992 714 4047; x_wconf 89' lang='lat' dir='ltr'><strong>cui</strong></span> <span class='ocrx_word' id='word_1_400' title='bbox 758 3993 904 4046; x_wconf 87' lang='lat' dir='ltr'><strong>aliud</strong></span> <span class='ocrx_word' id='word_1_401' title='bbox 937 3991 1240 4060; x_wconf 87' lang='lat' dir='ltr'><strong>quidquam</strong></span> <span class='ocrx_word' id='word_1_402' title='bbox 1281 4006 1424 4046; x_wconf 77' lang='lat' dir='ltr'><strong>curae</strong></span> <span class='ocrx_word' id='word_1_403' title='bbox 1477 3992 1826 4063; x_wconf 89' lang='lat' dir='ltr'><strong>impcnsioris</strong></span> <span class='ocrx_word' id='word_1_404' title='bbox 1854 4002 2037 4057; x_wconf 85' lang='lat' dir='ltr'><strong>esset,</strong></span> 
     </span>
    </p>
   </div>
   <div class='ocr_carea' id='block_1_60' title="bbox 468 4083 2042 4154">
    <p class='ocr_par' dir='ltr' id='par_1_60' title="bbox 468 4083 2042 4154">
     <span class='ocr_line' id='line_1_60' title="bbox 468 4083 2042 4154; baseline 0.001 -18"><span class='ocrx_word' id='word_1_405' title='bbox 468 4083 616 4152; x_wconf 87' lang='lat' dir='ltr'><strong>quod</strong></span> <span class='ocrx_word' id='word_1_406' title='bbox 647 4084 715 4137; x_wconf 89' lang='lat' dir='ltr'><strong>ab</strong></span> <span class='ocrx_word' id='word_1_407' title='bbox 742 4083 923 4137; x_wconf 83' lang='lat' dir='ltr'><strong>oliicio</strong></span> <span class='ocrx_word' id='word_1_408' title='bbox 959 4083 1050 4136; x_wconf 91' lang='lat' dir='ltr'><strong>illo</strong></span> <span class='ocrx_word' id='word_1_409' title='bbox 1084 4092 1267 4151; x_wconf 88' lang='lat' dir='ltr'><strong>posset</strong></span> <span class='ocrx_word' id='word_1_410' title='bbox 1296 4098 1549 4138; x_wconf 87' lang='lat' dir='ltr'><strong>avocare.</strong></span> <span class='ocrx_word' id='word_1_411' title='bbox 1578 4083 1906 4139; x_wconf 80' lang='lat' dir='ltr'><strong>Circumfusi</strong></span> <span class='ocrx_word' id='word_1_412' title='bbox 1943 4084 2042 4154; x_wconf 78' lang='lat' dir='ltr'><strong>igi-</strong></span> 
     </span>
    </p>
   </div>
   <div class='ocr_carea' id='block_1_61' title="bbox 466 4174 2041 4245">
    <p class='ocr_par' dir='ltr' id='par_1_61' title="bbox 466 4174 2041 4245">
     <span class='ocr_line' id='line_1_61' title="bbox 466 4174 2041 4245; baseline 0.002 -18"><span class='ocrx_word' id='word_1_413' title='bbox 466 4185 559 4228; x_wconf 90' lang='lat' dir='ltr'><strong>tur</strong></span> <span class='ocrx_word' id='word_1_414' title='bbox 586 4185 642 4228; x_wconf 90' lang='lat' dir='ltr'><strong>et</strong></span> <span class='ocrx_word' id='word_1_415' title='bbox 673 4174 961 4229; x_wconf 87' lang='lat' dir='ltr'><strong>lamentati</strong></span> <span class='ocrx_word' id='word_1_416' title='bbox 1019 4189 1231 4239; x_wconf 87' lang='lat' dir='ltr'><strong>onmes,</strong></span> <span class='ocrx_word' id='word_1_417' title='bbox 1261 4185 1526 4245; x_wconf 90' lang='lat' dir='ltr'><strong>quantum</strong></span> <span class='ocrx_word' id='word_1_418' title='bbox 1583 4191 1681 4244; x_wconf 91' lang='lat' dir='ltr'><strong>par</strong></span> <span class='ocrx_word' id='word_1_419' title='bbox 1724 4185 1862 4240; x_wconf 89' lang='lat' dir='ltr'><strong>erat,</strong></span> <span class='ocrx_word' id='word_1_420' title='bbox 1913 4191 2041 4230; x_wconf 79' lang='lat' dir='ltr'><strong>mox</strong></span> 
     </span>
    </p>
   </div>
   <div class='ocr_carea' id='block_1_62' title="bbox 463 4264 2038 4334">
    <p class='ocr_par' dir='ltr' id='par_1_62' title="bbox 463 4264 2038 4334">
     <span class='ocr_line' id='line_1_62' title="bbox 463 4264 2038 4334; baseline -0.002 -14"><span class='ocrx_word' id='word_1_421' title='bbox 463 4265 728 4320; x_wconf 86' lang='lat' dir='ltr'><strong>inclinato</strong></span> <span class='ocrx_word' id='word_1_422' title='bbox 757 4279 990 4334; x_wconf 87' lang='lat' dir='ltr'><strong>corpore</strong></span> <span class='ocrx_word' id='word_1_423' title='bbox 1020 4265 1305 4319; x_wconf 88' lang='lat' dir='ltr'><strong>materiem</strong></span> <span class='ocrx_word' id='word_1_424' title='bbox 1341 4275 1398 4320; x_wconf 89' lang='lat' dir='ltr'><strong>et</strong></span> <span class='ocrx_word' id='word_1_425' title='bbox 1424 4264 1624 4319; x_wconf 87' lang='lat' dir='ltr'><strong>rudera</strong></span> <span class='ocrx_word' id='word_1_426' title='bbox 1658 4265 2038 4333; x_wconf 81' lang='lat' dir='ltr'><strong>exportabant;</strong></span> 
     </span>
    </p>
   </div>
   <div class='ocr_carea' id='block_1_63' title="bbox 463 4354 2040 4426">
    <p class='ocr_par' dir='ltr' id='par_1_63' title="bbox 463 4354 2040 4426">
     <span class='ocr_line' id='line_1_63' title="bbox 463 4354 2040 4426; baseline -0.001 -16"><span class='ocrx_word' id='word_1_427' title='bbox 463 4373 566 4412; x_wconf 89' lang='lat' dir='ltr'><strong>nec</strong></span> <span class='ocrx_word' id='word_1_428' title='bbox 598 4365 711 4410; x_wconf 88' lang='lat' dir='ltr'><strong>tum</strong></span> <span class='ocrx_word' id='word_1_429' title='bbox 737 4357 1026 4426; x_wconf 89' lang='lat' dir='ltr'><strong>quisquam</strong></span> <span class='ocrx_word' id='word_1_430' title='bbox 1067 4373 1132 4411; x_wconf 82' lang='lat' dir='ltr'><strong>ex</strong></span> <span class='ocrx_word' id='word_1_431' title='bbox 1163 4356 1422 4411; x_wconf 91' lang='lat' dir='ltr'><strong>omnibus</strong></span> <span class='ocrx_word' id='word_1_432' title='bbox 1450 4364 1572 4409; x_wconf 87' lang='lat' dir='ltr'><strong>erat</strong></span> <span class='ocrx_word' id='word_1_433' title='bbox 1605 4354 1905 4417; x_wconf 85' lang='lat' dir='ltr'><strong>immunis;</strong></span> <span class='ocrx_word' id='word_1_434' title='bbox 1937 4369 2040 4408; x_wconf 89' lang='lat' dir='ltr'><strong>nec</strong></span> 
     </span>
    </p>
   </div>
   <div class='ocr_carea' id='block_1_64' title="bbox 463 4444 2037 4517">
    <p class='ocr_par' dir='ltr' id='par_1_64' title="bbox 463 4444 2037 4517">
     <span class='ocr_line' id='line_1_64' title="bbox 463 4444 2037 4517; baseline -0.002 -17"><span class='ocrx_word' id='word_1_435' title='bbox 463 4448 537 4502; x_wconf 90' lang='lat' dir='ltr'><strong>ibi</strong></span> <span class='ocrx_word' id='word_1_436' title='bbox 596 4448 820 4502; x_wconf 75' lang='lat' dir='ltr'><strong>divitem</strong></span> <span class='ocrx_word' id='word_1_437' title='bbox 859 4463 890 4501; x_wconf 89' lang='lat' dir='ltr'><strong>a</strong></span> <span class='ocrx_word' id='word_1_438' title='bbox 923 4463 1160 4517; x_wconf 86' lang='lat' dir='ltr'><strong>paupere</strong></span> <span class='ocrx_word' id='word_1_439' title='bbox 1199 4447 1579 4509; x_wconf 88' lang='lat' dir='ltr'><strong>discerneres,</strong></span> <span class='ocrx_word' id='word_1_440' title='bbox 1631 4459 1730 4498; x_wconf 87' lang='lat' dir='ltr'><strong>nec</strong></span> <span class='ocrx_word' id='word_1_441' title='bbox 1771 4444 2037 4498; x_wconf 86' lang='lat' dir='ltr'><strong>illustrem</strong></span> 
     </span>
    </p>
   </div>
   <div class='ocr_carea' id='block_1_65' title="bbox 2140 1981 3710 2055">
    <p class='ocr_par' dir='ltr' id='par_1_65' title="bbox 2140 1981 3710 2055">
     <span class='ocr_line' id='line_1_65' title="bbox 2140 1981 3710 2055; baseline 0.003 -21"><span class='ocrx_word' id='word_1_442' title='bbox 2140 1981 2197 2034; x_wconf 79' lang='grc' dir='ltr'><strong>δὲ</strong></span> <span class='ocrx_word' id='word_1_443' title='bbox 2227 1982 2320 2035; x_wconf 77' lang='grc' dir='ltr'><strong>καὶ</strong></span> <span class='ocrx_word' id='word_1_444' title='bbox 2361 1981 2642 2048; x_wconf 83' lang='grc' dir='ltr'><strong>ξυναυλίαι</strong></span> <span class='ocrx_word' id='word_1_445' title='bbox 2675 1985 2768 2036; x_wconf 75' lang='grc' dir='ltr'><strong>καὶ</strong></span> <span class='ocrx_word' id='word_1_446' title='bbox 2799 1983 3024 2053; x_wconf 77' lang='grc' dir='ltr'><strong>ἅμιλλαι</strong></span> <span class='ocrx_word' id='word_1_447' title='bbox 3053 1984 3310 2055; x_wconf 77' lang='grc' dir='ltr'><strong>συνήθεις</strong></span> <span class='ocrx_word' id='word_1_448' title='bbox 3338 1986 3478 2050; x_wconf 80' lang='grc' dir='ltr'><strong>ἐκεῖ,</strong></span> <span class='ocrx_word' id='word_1_449' title='bbox 3505 1986 3710 2054; x_wconf 85' lang='grc' dir='ltr'><strong>λογικαί</strong></span> 
     </span>
    </p>
   </div>
   <div class='ocr_carea' id='block_1_66' title="bbox 2140 2071 3711 2145">
    <p class='ocr_par' dir='ltr' id='par_1_66' title="bbox 2140 2071 3711 2145">
     <span class='ocr_line' id='line_1_66' title="bbox 2140 2071 3711 2145; baseline 0 -21"><span class='ocrx_word' id='word_1_450' title='bbox 2140 2089 2198 2124; x_wconf 85' lang='grc' dir='ltr'><strong>τε</strong></span> <span class='ocrx_word' id='word_1_451' title='bbox 2227 2073 2320 2124; x_wconf 71' lang='grc' dir='ltr'><strong>καὶ</strong></span> <span class='ocrx_word' id='word_1_452' title='bbox 2349 2071 2514 2143; x_wconf 70' lang='grc' dir='ltr'><strong>ἱεραὶ,</strong></span> <span class='ocrx_word' id='word_1_453' title='bbox 2575 2071 2858 2142; x_wconf 89' lang='grc' dir='ltr'><strong>παννύχιοί</strong></span> <span class='ocrx_word' id='word_1_454' title='bbox 2913 2089 2973 2125; x_wconf 92' lang='grc' dir='ltr'><strong>τε</strong></span> <span class='ocrx_word' id='word_1_455' title='bbox 3020 2073 3116 2126; x_wconf 78' lang='grc' dir='ltr'><strong>καὶ</strong></span> <span class='ocrx_word' id='word_1_456' title='bbox 3168 2074 3531 2145; x_wconf 83' lang='grc' dir='ltr'><strong>πανημέριοι,</strong></span> <span class='ocrx_word' id='word_1_457' title='bbox 3586 2074 3711 2142; x_wconf 77' lang='grc' dir='ltr'><strong>πρὸς</strong></span> 
     </span>
    </p>
   </div>
   <div class='ocr_carea' id='block_1_67' title="bbox 2141 2163 3712 2236">
    <p class='ocr_par' dir='ltr' id='par_1_67' title="bbox 2141 2163 3712 2236">
     <span class='ocr_line' id='line_1_67' title="bbox 2141 2163 3712 2236; baseline -0.001 -19"><span class='ocrx_word' id='word_1_458' title='bbox 2141 2163 2386 2228; x_wconf 63' lang='grc' dir='ltr'><strong>ἀφωνίαν</strong></span> <span class='ocrx_word' id='word_1_459' title='bbox 2404 2163 2750 2231; x_wconf 82' lang='grc' dir='ltr'><strong>μετήνεγκαν</strong></span> <span class='ocrx_word' id='word_1_460' title='bbox 2767 2163 2867 2232; x_wconf 75' lang='grc' dir='ltr'><strong>τὴν</strong></span> <span class='ocrx_word' id='word_1_461' title='bbox 2882 2165 3116 2236; x_wconf 72' lang='grc' dir='ltr'><strong>σπουδὴν</strong></span> <span class='ocrx_word' id='word_1_462' title='bbox 3135 2165 3226 2218; x_wconf 82' lang='grc' dir='ltr'><strong>ὑπ’</strong></span> <span class='ocrx_word' id='word_1_463' title='bbox 3249 2165 3590 2234; x_wconf 81' lang='grc' dir='ltr'><strong>ἐκπλήξεως.</strong></span> <span class='ocrx_word' id='word_1_464' title='bbox 3615 2166 3712 2219; x_wconf 74' lang='grc' dir='ltr'><strong>Καὶ</strong></span> 
     </span>
    </p>
   </div>
   <div class='ocr_carea' id='block_1_68' title="bbox 2138 2253 3713 2327">
    <p class='ocr_par' dir='ltr' id='par_1_68' title="bbox 2138 2253 3713 2327">
     <span class='ocr_line' id='line_1_68' title="bbox 2138 2253 3713 2327; baseline 0.001 -19"><span class='ocrx_word' id='word_1_465' title='bbox 2138 2254 2234 2308; x_wconf 84' lang='grc' dir='ltr'><strong>νῦν</strong></span> <span class='ocrx_word' id='word_1_466' title='bbox 2254 2253 2338 2326; x_wconf 84' lang='grc' dir='ltr'><strong>[Ρ.</strong></span> <span class='ocrx_word' id='word_1_467' title='bbox 2357 2253 2482 2326; x_wconf 68' lang='grc'>470]</span> <span class='ocrx_word' id='word_1_468' title='bbox 2498 2258 2556 2308; x_wconf 83' lang='grc' dir='ltr'><strong>τὸ</strong></span> <span class='ocrx_word' id='word_1_469' title='bbox 2581 2255 2926 2324; x_wconf 88' lang='grc' dir='ltr'><strong>παγκόσμιον</strong></span> <span class='ocrx_word' id='word_1_470' title='bbox 2939 2256 3189 2327; x_wconf 87' lang='grc' dir='ltr'><strong>θέατρον,</strong></span> <span class='ocrx_word' id='word_1_471' title='bbox 3204 2256 3263 2309; x_wconf 78' lang='grc' dir='ltr'><strong>τὸ</strong></span> <span class='ocrx_word' id='word_1_472' title='bbox 3274 2258 3460 2326; x_wconf 83' lang='grc' dir='ltr'><strong>πάσης</strong></span> <span class='ocrx_word' id='word_1_473' title='bbox 3479 2256 3713 2326; x_wconf 80' lang='grc' dir='ltr'><strong>γλώττης</strong></span> 
     </span>
    </p>
   </div>
   <div class='ocr_carea' id='block_1_69' title="bbox 2137 2345 3702 2416">
    <p class='ocr_par' dir='ltr' id='par_1_69' title="bbox 2137 2345 3702 2416">
     <span class='ocr_line' id='line_1_69' title="bbox 2137 2345 3702 2416; baseline 0 -20"><span class='ocrx_word' id='word_1_474' title='bbox 2137 2345 2371 2413; x_wconf 65' lang='grc' dir='ltr'><strong>τερπνδν</strong></span> <span class='ocrx_word' id='word_1_475' title='bbox 2418 2345 2707 2416; x_wconf 76' lang='grc' dir='ltr'><strong>ἁφήγημα,</strong></span> <span class='ocrx_word' id='word_1_476' title='bbox 2743 2346 2771 2399; x_wconf 87' lang='lat'><strong>6</strong></span> <span class='ocrx_word' id='word_1_477' title='bbox 2801 2345 2983 2416; x_wconf 81' lang='grc' dir='ltr'><strong>πάσης</strong></span> <span class='ocrx_word' id='word_1_478' title='bbox 3020 2346 3192 2415; x_wconf 81' lang='grc' dir='ltr'><strong>ἀκοῆς</strong></span> <span class='ocrx_word' id='word_1_479' title='bbox 3210 2345 3422 2413; x_wconf 75' lang='grc' dir='ltr'><strong>γλυκὺς</strong></span> <span class='ocrx_word' id='word_1_480' title='bbox 3459 2345 3702 2414; x_wconf 78' lang='grc' dir='ltr'><strong>θόρυϐος,</strong></span> 
     </span>
    </p>
   </div>
   <div class='ocr_carea' id='block_1_70' title="bbox 2137 2435 3711 2511">
    <p class='ocr_par' dir='ltr' id='par_1_70' title="bbox 2137 2435 3711 2511">
     <span class='ocr_line' id='line_1_70' title="bbox 2137 2435 3711 2511; baseline -0.002 -18"><span class='ocrx_word' id='word_1_481' title='bbox 2137 2437 2369 2509; x_wconf 82' lang='grc' dir='ltr'><strong>ἀόρατον</strong></span> <span class='ocrx_word' id='word_1_482' title='bbox 2399 2439 2600 2510; x_wconf 73' lang='grc' dir='ltr'><strong>ἔστηκε</strong></span> <span class='ocrx_word' id='word_1_483' title='bbox 2630 2440 2833 2511; x_wconf 87' lang='grc' dir='ltr'><strong>θέαμα,</strong></span> <span class='ocrx_word' id='word_1_484' title='bbox 2876 2441 2972 2495; x_wconf 74' lang='grc' dir='ltr'><strong>καὶ</strong></span> <span class='ocrx_word' id='word_1_485' title='bbox 3022 2441 3192 2511; x_wconf 86' lang='grc' dir='ltr'><strong>στήλη</strong></span> <span class='ocrx_word' id='word_1_486' title='bbox 3241 2459 3331 2504; x_wconf 90' lang='grc' dir='ltr'><strong>τις</strong></span> <span class='ocrx_word' id='word_1_487' title='bbox 3379 2435 3495 2494; x_wconf 74' lang='grc' dir='ltr'><strong>οἷον</strong></span> <span class='ocrx_word' id='word_1_488' title='bbox 3547 2439 3711 2508; x_wconf 76' lang='grc' dir='ltr'><strong>ἐμψυ-</strong></span> 
     </span>
    </p>
   </div>
   <div class='ocr_carea' id='block_1_71' title="bbox 2137 2530 3710 2603">
    <p class='ocr_par' dir='ltr' id='par_1_71' title="bbox 2137 2530 3710 2603">
     <span class='ocr_line' id='line_1_71' title="bbox 2137 2530 3710 2603; baseline 0.001 -20"><span class='ocrx_word' id='word_1_489' title='bbox 2137 2546 2230 2599; x_wconf 81' lang='grc' dir='ltr'><strong>χος</strong></span> <span class='ocrx_word' id='word_1_490' title='bbox 2250 2531 2320 2584; x_wconf 86' lang='grc' dir='ltr'><strong>δι’</strong></span> <span class='ocrx_word' id='word_1_491' title='bbox 2346 2530 2563 2602; x_wconf 80' lang='grc' dir='ltr'><strong>αἰθέρος</strong></span> <span class='ocrx_word' id='word_1_492' title='bbox 2592 2532 2892 2601; x_wconf 81' lang='grc' dir='ltr'><strong>ποιουμένη</strong></span> <span class='ocrx_word' id='word_1_493' title='bbox 2918 2531 3016 2603; x_wconf 78' lang='grc' dir='ltr'><strong>τὴν</strong></span> <span class='ocrx_word' id='word_1_494' title='bbox 3041 2532 3377 2602; x_wconf 81' lang='grc' dir='ltr'><strong>τραγῳδίαν,</strong></span> <span class='ocrx_word' id='word_1_495' title='bbox 3414 2533 3512 2586; x_wconf 77' lang='grc' dir='ltr'><strong>καὶ</strong></span> <span class='ocrx_word' id='word_1_496' title='bbox 3545 2533 3710 2599; x_wconf 78' lang='grc' dir='ltr'><strong>πάσης</strong></span> 
     </span>
    </p>
   </div>
   <div class='ocr_carea' id='block_1_72' title="bbox 2139 2619 3712 2692">
    <p class='ocr_par' dir='ltr' id='par_1_72' title="bbox 2139 2619 3712 2692">
     <span class='ocr_line' id='line_1_72' title="bbox 2139 2619 3712 2692; baseline -0.002 -18"><span class='ocrx_word' id='word_1_497' title='bbox 2139 2621 2242 2689; x_wconf 82' lang='grc' dir='ltr'><strong>γῆς</strong></span> <span class='ocrx_word' id='word_1_498' title='bbox 2267 2621 2684 2689; x_wconf 81' lang='grc' dir='ltr'><strong>προκαλουμένη</strong></span> <span class='ocrx_word' id='word_1_499' title='bbox 2736 2620 2968 2692; x_wconf 83' lang='grc' dir='ltr'><strong>δάκρυα,</strong></span> <span class='ocrx_word' id='word_1_500' title='bbox 3035 2622 3129 2674; x_wconf 72' lang='grc' dir='ltr'><strong>καὶ</strong></span> <span class='ocrx_word' id='word_1_501' title='bbox 3155 2621 3348 2692; x_wconf 85' lang='grc' dir='ltr'><strong>ὥσπερ</strong></span> <span class='ocrx_word' id='word_1_502' title='bbox 3405 2621 3580 2691; x_wconf 84' lang='grc' dir='ltr'><strong>στόμα</strong></span> <span class='ocrx_word' id='word_1_503' title='bbox 3633 2619 3712 2672; x_wconf 80' lang='grc' dir='ltr'><strong>διὰ</strong></span> 
     </span>
    </p>
   </div>
   <div class='ocr_carea' id='block_1_73' title="bbox 2139 2711 3710 2784">
    <p class='ocr_par' dir='ltr' id='par_1_73' title="bbox 2139 2711 3710 2784">
     <span class='ocr_line' id='line_1_73' title="bbox 2139 2711 3710 2784; baseline -0.001 -19"><span class='ocrx_word' id='word_1_504' title='bbox 2139 2712 2240 2779; x_wconf 82' lang='grc' dir='ltr'><strong>τῆς</strong></span> <span class='ocrx_word' id='word_1_505' title='bbox 2268 2711 2471 2780; x_wconf 70' lang='grc' dir='ltr'><strong>ὀροφῆς</strong></span> <span class='ocrx_word' id='word_1_506' title='bbox 2499 2713 2609 2766; x_wconf 82' lang='grc' dir='ltr'><strong>ἄνω</strong></span> <span class='ocrx_word' id='word_1_507' title='bbox 2632 2713 2862 2784; x_wconf 24' lang='grc' dir='ltr'><strong>διάρνασα</strong></span> <span class='ocrx_word' id='word_1_508' title='bbox 2893 2713 3203 2783; x_wconf 82' lang='grc' dir='ltr'><strong>περιφανῶς</strong></span> <span class='ocrx_word' id='word_1_509' title='bbox 3220 2714 3363 2784; x_wconf 89' lang='grc' dir='ltr'><strong>ήλίῳ</strong></span> <span class='ocrx_word' id='word_1_510' title='bbox 3391 2715 3486 2767; x_wconf 67' lang='grc' dir='ltr'><strong>καὶ</strong></span> <span class='ocrx_word' id='word_1_511' title='bbox 3524 2712 3710 2781; x_wconf 72' lang='grc' dir='ltr'><strong>ἄστρα-</strong></span> 
     </span>
    </p>
   </div>
   <div class='ocr_carea' id='block_1_74' title="bbox 2139 2801 3710 2874">
    <p class='ocr_par' dir='ltr' id='par_1_74' title="bbox 2139 2801 3710 2874">
     <span class='ocr_line' id='line_1_74' title="bbox 2139 2801 3710 2874; baseline -0.001 -20"><span class='ocrx_word' id='word_1_512' title='bbox 2139 2818 2193 2854; x_wconf 90' lang='grc' dir='ltr'><strong>σι</strong></span> <span class='ocrx_word' id='word_1_513' title='bbox 2223 2801 2321 2871; x_wconf 79' lang='grc' dir='ltr'><strong>τὴν</strong></span> <span class='ocrx_word' id='word_1_514' title='bbox 2352 2801 2570 2855; x_wconf 83' lang='grc' dir='ltr'><strong>ἀδικίαν</strong></span> <span class='ocrx_word' id='word_1_515' title='bbox 2593 2801 3015 2872; x_wconf 83' lang='grc' dir='ltr'><strong>προσαγγέλλει,</strong></span> <span class='ocrx_word' id='word_1_516' title='bbox 3040 2802 3288 2866; x_wconf 74' lang='grc' dir='ltr'><strong>καὶτοὺς</strong></span> <span class='ocrx_word' id='word_1_517' title='bbox 3328 2803 3589 2874; x_wconf 78' lang='grc' dir='ltr'><strong>οὐρανοὺς</strong></span> <span class='ocrx_word' id='word_1_518' title='bbox 3624 2817 3710 2870; x_wconf 72' lang='grc' dir='ltr'><strong>μοα</strong></span> 
     </span>
    </p>
   </div>
   <div class='ocr_carea' id='block_1_75' title="bbox 2137 2891 3710 2962">
    <p class='ocr_par' dir='ltr' id='par_1_75' title="bbox 2137 2891 3710 2962">
     <span class='ocr_line' id='line_1_75' title="bbox 2137 2891 3710 2962; baseline -0.002 -18"><span class='ocrx_word' id='word_1_519' title='bbox 2137 2891 2349 2962; x_wconf 64' lang='grc' dir='ltr'><strong>νονουχλ⁸</strong></span> <span class='ocrx_word' id='word_1_520' title='bbox 2379 2892 2834 2962; x_wconf 82' lang='grc' dir='ltr'><strong>προσκαλουμένη</strong></span> <span class='ocrx_word' id='word_1_521' title='bbox 2870 2893 3156 2962; x_wconf 72' lang='grc' dir='ltr'><strong>μάρτυρας</strong></span> <span class='ocrx_word' id='word_1_522' title='bbox 3187 2893 3377 2946; x_wconf 83' lang='grc' dir='ltr'><strong>ἐκεῖνα</strong></span> <span class='ocrx_word' id='word_1_523' title='bbox 3428 2893 3492 2962; x_wconf 78' lang='grc' dir='ltr'><strong>δὴ</strong></span> <span class='ocrx_word' id='word_1_524' title='bbox 3519 2893 3586 2943; x_wconf 70' lang='grc' dir='ltr'><strong>τὰ</strong></span> <span class='ocrx_word' id='word_1_525' title='bbox 3612 2891 3710 2942; x_wconf 83' lang='grc' dir='ltr'><strong>τῶν</strong></span> 
     </span>
    </p>
   </div>
   <div class='ocr_carea' id='block_1_76' title="bbox 2138 2979 3708 3056">
    <p class='ocr_par' dir='ltr' id='par_1_76' title="bbox 2138 2979 3708 3056">
     <span class='ocr_line' id='line_1_76' title="bbox 2138 2979 3708 3056; baseline -0.002 -20"><span class='ocrx_word' id='word_1_526' title='bbox 2138 2983 2431 3054; x_wconf 81' lang='grc' dir='ltr'><strong>προφητῶν</strong></span> <span class='ocrx_word' id='word_1_527' title='bbox 2447 2984 2694 3054; x_wconf 81' lang='grc' dir='ltr'><strong>περιᾴδει</strong></span> <span class='ocrx_word' id='word_1_528' title='bbox 2719 2984 2855 3054; x_wconf 86' lang='grc' dir='ltr'><strong>πρὸς</strong></span> <span class='ocrx_word' id='word_1_529' title='bbox 2875 2985 3098 3056; x_wconf 81' lang='grc' dir='ltr'><strong>Κύριον·</strong></span> <span class='ocrx_word' id='word_1_530' title='bbox 3123 2983 3268 3038; x_wconf 69' lang='grc' dir='ltr'><strong>«Υἱοὶ</strong></span> <span class='ocrx_word' id='word_1_531' title='bbox 3297 2984 3506 3056; x_wconf 75' lang='grc' dir='ltr'><strong>μητρὸς</strong></span> <span class='ocrx_word' id='word_1_532' title='bbox 3531 2999 3627 3049; x_wconf 88' lang='grc' dir='ltr'><strong>μου</strong></span> <span class='ocrx_word' id='word_1_533' title='bbox 3639 2979 3708 3050; x_wconf 85' lang='lat'><strong>(7)</strong></span> 
     </span>
    </p>
   </div>
   <div class='ocr_carea' id='block_1_77' title="bbox 2138 3073 3707 3146">
    <p class='ocr_par' dir='ltr' id='par_1_77' title="bbox 2138 3073 3707 3146">
     <span class='ocr_line' id='line_1_77' title="bbox 2138 3073 3707 3146; baseline 0 -21"><span class='ocrx_word' id='word_1_534' title='bbox 2138 3073 2477 3144; x_wconf 82' lang='grc' dir='ltr'><strong>ἐμαχέσαντό</strong></span> <span class='ocrx_word' id='word_1_535' title='bbox 2498 3091 2584 3144; x_wconf 87' lang='grc' dir='ltr'><strong>με·</strong></span> <span class='ocrx_word' id='word_1_536' title='bbox 2616 3075 2897 3139; x_wconf 76' lang='grc' dir='ltr'><strong>ἐπάταξάν</strong></span> <span class='ocrx_word' id='word_1_537' title='bbox 2935 3092 3023 3145; x_wconf 89' lang='grc' dir='ltr'><strong>με,</strong></span> <span class='ocrx_word' id='word_1_538' title='bbox 3051 3076 3468 3146; x_wconf 85' lang='grc' dir='ltr'><strong>ἐτραυμάτισάν</strong></span> <span class='ocrx_word' id='word_1_539' title='bbox 3504 3091 3592 3145; x_wconf 81' lang='grc' dir='ltr'><strong>με’</strong></span> <span class='ocrx_word' id='word_1_540' title='bbox 3620 3073 3707 3125; x_wconf 78' lang='grc' dir='ltr'><strong>καὶ</strong></span> 
     </span>
    </p>
   </div>
   <div class='ocr_carea' id='block_1_78' title="bbox 2140 3167 3703 3241">
    <p class='ocr_par' dir='ltr' id='par_1_78' title="bbox 2140 3167 3703 3241">
     <span class='ocr_line' id='line_1_78' title="bbox 2140 3167 3703 3241; baseline -0.004 -21"><span class='ocrx_word' id='word_1_541' title='bbox 2140 3167 2174 3238; x_wconf 83' lang='grc' dir='ltr'>ἡ</span> <span class='ocrx_word' id='word_1_542' title='bbox 2200 3169 2546 3238; x_wconf 70' lang='grc' dir='ltr'><strong>ὑπερηφανία</strong></span> <span class='ocrx_word' id='word_1_543' title='bbox 2570 3169 2681 3223; x_wconf 87' lang='grc' dir='ltr'><strong>τῶν</strong></span> <span class='ocrx_word' id='word_1_544' title='bbox 2703 3169 3008 3239; x_wconf 76' lang='grc' dir='ltr'><strong>μισούντων</strong></span> <span class='ocrx_word' id='word_1_545' title='bbox 3043 3187 3110 3238; x_wconf 90' lang='grc' dir='ltr'><strong>με</strong></span> <span class='ocrx_word' id='word_1_546' title='bbox 3142 3169 3315 3241; x_wconf 75' lang='grc' dir='ltr'><strong>ἀνέϐη</strong></span> <span class='ocrx_word' id='word_1_547' title='bbox 3341 3169 3431 3223; x_wconf 86' lang='grc' dir='ltr'><strong>διὰ</strong></span> <span class='ocrx_word' id='word_1_548' title='bbox 3459 3169 3670 3227; x_wconf 86' lang='grc' dir='ltr'><strong>παντός.</strong></span> <span class='ocrx_word' id='word_1_549' title='bbox 3687 3181 3703 3214; x_wconf 80' lang='grc' dir='ltr'><strong>ι</strong></span> 
     </span>
    </p>
   </div>
   <div class='ocr_carea' id='block_1_79' title="bbox 2218 3257 3708 3331">
    <p class='ocr_par' dir='ltr' id='par_1_79' title="bbox 2218 3257 3708 3331">
     <span class='ocr_line' id='line_1_79' title="bbox 2218 3257 3708 3331; baseline 0.003 -19"><span class='ocrx_word' id='word_1_550' title='bbox 2218 3257 2294 3314; x_wconf 90' lang='lat' dir='ltr'><strong>B&#39;.</strong></span> <span class='ocrx_word' id='word_1_551' title='bbox 2327 3259 2547 3314; x_wconf 85' lang='grc' dir='ltr'><strong>Τούτων</strong></span> <span class='ocrx_word' id='word_1_552' title='bbox 2600 3260 2646 3314; x_wconf 84' lang='grc' dir='ltr'><strong>δ’</strong></span> <span class='ocrx_word' id='word_1_553' title='bbox 2669 3261 2811 3314; x_wconf 78' lang='grc' dir='ltr'><strong>οὕτω</strong></span> <span class='ocrx_word' id='word_1_554' title='bbox 2871 3261 3322 3331; x_wconf 75' lang='grc' dir='ltr'><strong>συμϐεϐηκότων,</strong></span> <span class='ocrx_word' id='word_1_555' title='bbox 3388 3260 3490 3330; x_wconf 83' lang='grc' dir='ltr'><strong>τῆς</strong></span> <span class='ocrx_word' id='word_1_556' title='bbox 3533 3259 3708 3328; x_wconf 82' lang='grc' dir='ltr'><strong>φήμης</strong></span> 
     </span>
    </p>
   </div>
   <div class='ocr_carea' id='block_1_80' title="bbox 2143 3345 3706 3422">
    <p class='ocr_par' dir='ltr' id='par_1_80' title="bbox 2143 3345 3706 3422">
     <span class='ocr_line' id='line_1_80' title="bbox 2143 3345 3706 3422; baseline -0.003 -20"><span class='ocrx_word' id='word_1_557' title='bbox 2143 3349 2315 3403; x_wconf 71' lang='grc' dir='ltr'><strong>ἕωθεν</strong></span> <span class='ocrx_word' id='word_1_558' title='bbox 2339 3350 2563 3422; x_wconf 81' lang='grc' dir='ltr'><strong>ῥυείσης</strong></span> <span class='ocrx_word' id='word_1_559' title='bbox 2591 3350 2688 3404; x_wconf 80' lang='grc' dir='ltr'><strong>καὶ</strong></span> <span class='ocrx_word' id='word_1_560' title='bbox 2718 3350 2821 3404; x_wconf 63' lang='grc' dir='ltr'><strong>ἀνὰ</strong></span> <span class='ocrx_word' id='word_1_561' title='bbox 2874 3353 3056 3404; x_wconf 80' lang='grc' dir='ltr'><strong>πᾶσαν</strong></span> <span class='ocrx_word' id='word_1_562' title='bbox 3087 3350 3432 3420; x_wconf 81' lang='grc' dir='ltr'><strong>διαδοθείσης</strong></span> <span class='ocrx_word' id='word_1_563' title='bbox 3493 3348 3588 3418; x_wconf 77' lang='grc' dir='ltr'><strong>τὴν</strong></span> <span class='ocrx_word' id='word_1_564' title='bbox 3617 3345 3706 3398; x_wconf 85' lang='grc' dir='ltr'><strong>πό-</strong></span> 
     </span>
    </p>
   </div>
   <div class='ocr_carea' id='block_1_81' title="bbox 2144 3440 3706 3514">
    <p class='ocr_par' dir='ltr' id='par_1_81' title="bbox 2144 3440 3706 3514">
     <span class='ocr_line' id='line_1_81' title="bbox 2144 3440 3706 3514; baseline -0.003 -20"><span class='ocrx_word' id='word_1_565' title='bbox 2144 3440 2248 3508; x_wconf 91' lang='grc' dir='ltr'><strong>λιν,</strong></span> <span class='ocrx_word' id='word_1_566' title='bbox 2275 3441 2373 3513; x_wconf 81' lang='grc' dir='ltr'><strong>βοὴ</strong></span> <span class='ocrx_word' id='word_1_567' title='bbox 2404 3443 2499 3496; x_wconf 77' lang='grc' dir='ltr'><strong>καὶ</strong></span> <span class='ocrx_word' id='word_1_568' title='bbox 2521 3441 2718 3514; x_wconf 83' lang='grc' dir='ltr'><strong>θρῆνος</strong></span> <span class='ocrx_word' id='word_1_569' title='bbox 2748 3442 2998 3512; x_wconf 82' lang='grc' dir='ltr'><strong>ἠγείρετο</strong></span> <span class='ocrx_word' id='word_1_570' title='bbox 3024 3441 3222 3512; x_wconf 78' lang='grc' dir='ltr'><strong>μείζων</strong></span> <span class='ocrx_word' id='word_1_571' title='bbox 3245 3441 3325 3512; x_wconf 88' lang='grc'><strong>(8)</strong></span> <span class='ocrx_word' id='word_1_572' title='bbox 3372 3443 3407 3510; x_wconf 79' lang='grc' dir='ltr'>ἢ</span> <span class='ocrx_word' id='word_1_573' title='bbox 3431 3441 3550 3494; x_wconf 81' lang='grc' dir='ltr'><strong>κατ’</strong></span> <span class='ocrx_word' id='word_1_574' title='bbox 3577 3440 3706 3492; x_wconf 73' lang='grc' dir='ltr'><strong>ἐκεῖ·</strong></span> 
     </span>
    </p>
   </div>
   <div class='ocr_carea' id='block_1_82' title="bbox 2145 3531 3704 3605">
    <p class='ocr_par' dir='ltr' id='par_1_82' title="bbox 2145 3531 3704 3605">
     <span class='ocr_line' id='line_1_82' title="bbox 2145 3531 3704 3605; baseline -0.004 -16"><span class='ocrx_word' id='word_1_575' title='bbox 2145 3552 2236 3589; x_wconf 86' lang='grc' dir='ltr'><strong>νον</strong></span> <span class='ocrx_word' id='word_1_576' title='bbox 2263 3535 2355 3589; x_wconf 83' lang='grc' dir='ltr'><strong>τόν</strong></span> <span class='ocrx_word' id='word_1_577' title='bbox 2396 3535 2586 3602; x_wconf 83' lang='grc' dir='ltr'><strong>πάλαι,</strong></span> <span class='ocrx_word' id='word_1_578' title='bbox 2615 3535 2781 3588; x_wconf 87' lang='grc' dir='ltr'><strong>όπότε</strong></span> <span class='ocrx_word' id='word_1_579' title='bbox 2831 3533 3307 3605; x_wconf 74' lang='grc' dir='ltr'><strong>Ναϐουχοδονόσορ</strong></span> <span class='ocrx_word' id='word_1_580' title='bbox 3346 3536 3377 3589; x_wconf 90' lang='lat'><strong>6</strong></span> <span class='ocrx_word' id='word_1_581' title='bbox 3415 3531 3704 3603; x_wconf 81' lang='grc' dir='ltr'><strong>Ἀσσύριος,</strong></span> 
     </span>
    </p>
   </div>
   <div class='ocr_carea' id='block_1_83' title="bbox 2144 3622 3705 3700">
    <p class='ocr_par' dir='ltr' id='par_1_83' title="bbox 2144 3622 3705 3700">
     <span class='ocr_line' id='line_1_83' title="bbox 2144 3622 3705 3700; baseline -0.006 -17"><span class='ocrx_word' id='word_1_582' title='bbox 2144 3628 2323 3700; x_wconf 61' lang='grc' dir='ltr'><strong>ἄρδην,</strong></span> <span class='ocrx_word' id='word_1_583' title='bbox 2343 3628 2935 3699; x_wconf 81' lang='grc' dir='ltr'><strong>ἐξανδραποδισάμενος</strong></span> <span class='ocrx_word' id='word_1_584' title='bbox 2978 3627 3398 3700; x_wconf 75' lang='grc' dir='ltr'><strong>Ἰερουσαλήμ,</strong></span> <span class='ocrx_word' id='word_1_585' title='bbox 3434 3623 3567 3697; x_wconf 83' lang='grc' dir='ltr'><strong>όμοῦ</strong></span> <span class='ocrx_word' id='word_1_586' title='bbox 3621 3622 3705 3676; x_wconf 79' lang='grc' dir='ltr'><strong>καὶ</strong></span> 
     </span>
    </p>
   </div>
   <div class='ocr_carea' id='block_1_84' title="bbox 2141 3718 3702 3791">
    <p class='ocr_par' dir='ltr' id='par_1_84' title="bbox 2141 3718 3702 3791">
     <span class='ocr_line' id='line_1_84' title="bbox 2141 3718 3702 3791; baseline -0.003 -19"><span class='ocrx_word' id='word_1_587' title='bbox 2141 3719 2317 3773; x_wconf 80' lang='grc' dir='ltr'><strong>τὸτοῦ</strong></span> <span class='ocrx_word' id='word_1_588' title='bbox 2359 3720 2758 3791; x_wconf 88' lang='grc' dir='ltr'><strong>Σολομωντείου</strong></span> <span class='ocrx_word' id='word_1_589' title='bbox 2793 3719 2900 3773; x_wconf 88' lang='grc' dir='ltr'><strong>νεὼ</strong></span> <span class='ocrx_word' id='word_1_590' title='bbox 2957 3720 3176 3773; x_wconf 82' lang='grc' dir='ltr'><strong>καθεῖλέ</strong></span> <span class='ocrx_word' id='word_1_591' title='bbox 3203 3737 3264 3772; x_wconf 89' lang='grc' dir='ltr'><strong>τε</strong></span> <span class='ocrx_word' id='word_1_592' title='bbox 3313 3721 3412 3774; x_wconf 71' lang='grc' dir='ltr'><strong>καὶ</strong></span> <span class='ocrx_word' id='word_1_593' title='bbox 3441 3718 3702 3790; x_wconf 81' lang='grc' dir='ltr'><strong>ἀφῄρηται</strong></span> 
     </span>
    </p>
   </div>
   <div class='ocr_carea' id='block_1_85' title="bbox 2144 3801 3700 3874">
    <p class='ocr_par' dir='ltr' id='par_1_85' title="bbox 2144 3801 3700 3874">
     <span class='ocr_line' id='line_1_85' title="bbox 2144 3801 3700 3874; baseline -0.006 -12"><span class='ocrx_word' id='word_1_594' title='bbox 2144 3808 2316 3871; x_wconf 87' lang='grc' dir='ltr'><strong>κλέος.</strong></span> <span class='ocrx_word' id='word_1_595' title='bbox 2359 3807 2672 3862; x_wconf 83' lang='grc' dir='ltr'><strong>Ἐκενοῦντο</strong></span> <span class='ocrx_word' id='word_1_596' title='bbox 2699 3807 3059 3862; x_wconf 83' lang='grc' dir='ltr'><strong>τοίνυνοίκίαι</strong></span> <span class='ocrx_word' id='word_1_597' title='bbox 3087 3809 3259 3860; x_wconf 76' lang='grc' dir='ltr'><strong>πᾶσαι</strong></span> <span class='ocrx_word' id='word_1_598' title='bbox 3284 3807 3377 3862; x_wconf 80' lang='grc' dir='ltr'><strong>καὶ</strong></span> <span class='ocrx_word' id='word_1_599' title='bbox 3408 3806 3601 3874; x_wconf 69' lang='grc' dir='ltr'><strong>ἀγοραὶ</strong></span> <span class='ocrx_word' id='word_1_600' title='bbox 3619 3801 3700 3856; x_wconf 84' lang='grc' dir='ltr'><strong>καὶ</strong></span> 
     </span>
    </p>
   </div>
   <div class='ocr_carea' id='block_1_86' title="bbox 2143 3892 3700 3970">
    <p class='ocr_par' dir='ltr' id='par_1_86' title="bbox 2143 3892 3700 3970">
     <span class='ocr_line' id='line_1_86' title="bbox 2143 3892 3700 3970; baseline -0.003 -18"><span class='ocrx_word' id='word_1_601' title='bbox 2143 3898 2370 3970; x_wconf 85' lang='grc' dir='ltr'><strong>θέατρα,</strong></span> <span class='ocrx_word' id='word_1_602' title='bbox 2405 3901 2500 3952; x_wconf 74' lang='grc' dir='ltr'><strong>καὶ</strong></span> <span class='ocrx_word' id='word_1_603' title='bbox 2518 3899 2719 3962; x_wconf 79' lang='grc' dir='ltr'><strong>πάντες</strong></span> <span class='ocrx_word' id='word_1_604' title='bbox 2757 3899 2851 3952; x_wconf 73' lang='grc' dir='ltr'><strong>ἐπὶ</strong></span> <span class='ocrx_word' id='word_1_605' title='bbox 2881 3897 2978 3968; x_wconf 80' lang='grc' dir='ltr'><strong>τὴν</strong></span> <span class='ocrx_word' id='word_1_606' title='bbox 3007 3897 3139 3951; x_wconf 86' lang='grc' dir='ltr'><strong>θέαν</strong></span> <span class='ocrx_word' id='word_1_607' title='bbox 3157 3897 3252 3952; x_wconf 81' lang='grc' dir='ltr'><strong>τοῦ</strong></span> <span class='ocrx_word' id='word_1_608' title='bbox 3286 3897 3494 3960; x_wconf 79' lang='grc' dir='ltr'><strong>πάθους</strong></span> <span class='ocrx_word' id='word_1_609' title='bbox 3523 3892 3700 3962; x_wconf 78' lang='grc' dir='ltr'><strong>ἀθρόον</strong></span> 
     </span>
    </p>
   </div>
   <div class='ocr_carea' id='block_1_87' title="bbox 2145 3981 3700 4057">
    <p class='ocr_par' dir='ltr' id='par_1_87' title="bbox 2145 3981 3700 4057">
     <span class='ocr_line' id='line_1_87' title="bbox 2145 3981 3700 4057; baseline -0.005 -17"><span class='ocrx_word' id='word_1_610' title='bbox 2145 3987 2380 4052; x_wconf 78' lang='grc' dir='ltr'><strong>ἐξέθεον’</strong></span> <span class='ocrx_word' id='word_1_611' title='bbox 2416 3986 2512 4039; x_wconf 78' lang='grc' dir='ltr'><strong>καὶ</strong></span> <span class='ocrx_word' id='word_1_612' title='bbox 2539 3986 2716 4047; x_wconf 77' lang='grc' dir='ltr'><strong>οὐδεὶς</strong></span> <span class='ocrx_word' id='word_1_613' title='bbox 2755 3981 2845 4056; x_wconf 80' lang='grc' dir='ltr'><strong>ἦν,</strong></span> <span class='ocrx_word' id='word_1_614' title='bbox 2905 3987 3012 4055; x_wconf 84' lang='grc' dir='ltr'><strong>ὅτῳ</strong></span> <span class='ocrx_word' id='word_1_615' title='bbox 3043 3986 3502 4057; x_wconf 80' lang='grc' dir='ltr'><strong>προύργιαίτερον</strong></span> <span class='ocrx_word' id='word_1_616' title='bbox 3527 3983 3700 4048; x_wconf 77' lang='grc' dir='ltr'><strong>ἕτερον</strong></span> 
     </span>
    </p>
   </div>
   <div class='ocr_carea' id='block_1_88' title="bbox 2140 4063 3699 4146">
    <p class='ocr_par' dir='ltr' id='par_1_88' title="bbox 2140 4063 3699 4146">
     <span class='ocr_line' id='line_1_88' title="bbox 2140 4063 3699 4146; baseline -0.007 -19"><span class='ocrx_word' id='word_1_617' title='bbox 2140 4071 2210 4146; x_wconf 80' lang='grc' dir='ltr'><strong>ἦν</strong></span> <span class='ocrx_word' id='word_1_618' title='bbox 2242 4075 2352 4127; x_wconf 87' lang='grc' dir='ltr'><strong>τῶν</strong></span> <span class='ocrx_word' id='word_1_619' title='bbox 2386 4075 2662 4138; x_wconf 84' lang='grc' dir='ltr'><strong>ἁπάντων,</strong></span> <span class='ocrx_word' id='word_1_620' title='bbox 2719 4073 2749 4127; x_wconf 89' lang='lat'><strong>6</strong></span> <span class='ocrx_word' id='word_1_621' title='bbox 2779 4075 2877 4139; x_wconf 84' lang='grc' dir='ltr'><strong>τῆς</strong></span> <span class='ocrx_word' id='word_1_622' title='bbox 2907 4073 3141 4141; x_wconf 78' lang='grc' dir='ltr'><strong>σπουδῆς</strong></span> <span class='ocrx_word' id='word_1_623' title='bbox 3177 4072 3553 4144; x_wconf 81' lang='grc' dir='ltr'><strong>ἀπασχολῆσαι</strong></span> <span class='ocrx_word' id='word_1_624' title='bbox 3583 4063 3699 4118; x_wconf 83' lang='grc' dir='ltr'><strong>ταύ-</strong></span> 
     </span>
    </p>
   </div>
   <div class='ocr_carea' id='block_1_89' title="bbox 2142 4154 3699 4234">
    <p class='ocr_par' dir='ltr' id='par_1_89' title="bbox 2142 4154 3699 4234">
     <span class='ocr_line' id='line_1_89' title="bbox 2142 4154 3699 4234; baseline -0.008 -15"><span class='ocrx_word' id='word_1_625' title='bbox 2142 4164 2322 4234; x_wconf 83' lang='grc' dir='ltr'><strong>τηςᾶν</strong></span> <span class='ocrx_word' id='word_1_626' title='bbox 2365 4164 2641 4234; x_wconf 86' lang='grc' dir='ltr'><strong>δυνηθείη.</strong></span> <span class='ocrx_word' id='word_1_627' title='bbox 2692 4162 3057 4233; x_wconf 85' lang='grc' dir='ltr'><strong>Περιστάντες</strong></span> <span class='ocrx_word' id='word_1_628' title='bbox 3087 4161 3184 4215; x_wconf 81' lang='grc' dir='ltr'><strong>οὖν</strong></span> <span class='ocrx_word' id='word_1_629' title='bbox 3238 4163 3334 4216; x_wconf 78' lang='grc' dir='ltr'><strong>καὶ</strong></span> <span class='ocrx_word' id='word_1_630' title='bbox 3373 4154 3699 4225; x_wconf 70' lang='grc' dir='ltr'><strong>ἀπολοφυράο</strong></span> 
     </span>
    </p>
   </div>
   <div class='ocr_carea' id='block_1_90' title="bbox 2147 4246 3696 4326">
    <p class='ocr_par' dir='ltr' id='par_1_90' title="bbox 2147 4246 3696 4326">
     <span class='ocr_line' id='line_1_90' title="bbox 2147 4246 3696 4326; baseline -0.006 -18"><span class='ocrx_word' id='word_1_631' title='bbox 2147 4273 2298 4326; x_wconf 89' lang='grc' dir='ltr'><strong>μενοι</strong></span> <span class='ocrx_word' id='word_1_632' title='bbox 2321 4255 2520 4318; x_wconf 86' lang='grc' dir='ltr'><strong>πάντες</strong></span> <span class='ocrx_word' id='word_1_633' title='bbox 2545 4255 2743 4308; x_wconf 84' lang='grc' dir='ltr'><strong>ὁπόσον</strong></span> <span class='ocrx_word' id='word_1_634' title='bbox 2772 4254 2941 4319; x_wconf 80' lang='grc' dir='ltr'><strong>εἰκὸς,</strong></span> <span class='ocrx_word' id='word_1_635' title='bbox 2989 4254 3178 4307; x_wconf 78' lang='grc' dir='ltr'><strong>ἔπειτα</strong></span> <span class='ocrx_word' id='word_1_636' title='bbox 3216 4254 3488 4324; x_wconf 85' lang='grc' dir='ltr'><strong>κύψαντες</strong></span> <span class='ocrx_word' id='word_1_637' title='bbox 3517 4246 3696 4314; x_wconf 78' lang='grc' dir='ltr'><strong>ἐξεφὸο</strong></span> 
     </span>
    </p>
   </div>
   <div class='ocr_carea' id='block_1_91' title="bbox 2144 4337 3696 4418">
    <p class='ocr_par' dir='ltr' id='par_1_91' title="bbox 2144 4337 3696 4418">
     <span class='ocr_line' id='line_1_91' title="bbox 2144 4337 3696 4418; baseline -0.003 -18"><span class='ocrx_word' id='word_1_638' title='bbox 2144 4365 2272 4417; x_wconf 89' lang='grc' dir='ltr'><strong>ρουν</strong></span> <span class='ocrx_word' id='word_1_639' title='bbox 2293 4347 2394 4418; x_wconf 80' lang='grc' dir='ltr'><strong>τὴν</strong></span> <span class='ocrx_word' id='word_1_640' title='bbox 2440 4346 2574 4415; x_wconf 82' lang='grc' dir='ltr'><strong>ὓλην</strong></span> <span class='ocrx_word' id='word_1_641' title='bbox 2618 4347 2726 4400; x_wconf 89' lang='grc' dir='ltr'><strong>τῶν</strong></span> <span class='ocrx_word' id='word_1_642' title='bbox 2780 4347 3059 4416; x_wconf 85' lang='grc' dir='ltr'><strong>ἐρειπίων·</strong></span> <span class='ocrx_word' id='word_1_643' title='bbox 3093 4348 3190 4401; x_wconf 80' lang='grc' dir='ltr'><strong>καὶ</strong></span> <span class='ocrx_word' id='word_1_644' title='bbox 3251 4343 3322 4418; x_wconf 83' lang='grc' dir='ltr'><strong>ἦν</strong></span> <span class='ocrx_word' id='word_1_645' title='bbox 3370 4345 3541 4406; x_wconf 80' lang='grc' dir='ltr'><strong>οὐδεὶς</strong></span> <span class='ocrx_word' id='word_1_646' title='bbox 3599 4337 3696 4391; x_wconf 76' lang='grc' dir='ltr'><strong>τῶν</strong></span> 
     </span>
    </p>
   </div>
   <div class='ocr_carea' id='block_1_92' title="bbox 2141 4433 3695 4512">
    <p class='ocr_par' dir='ltr' id='par_1_92' title="bbox 2141 4433 3695 4512">
     <span class='ocr_line' id='line_1_92' title="bbox 2141 4433 3695 4512; baseline -0.009 -19"><span class='ocrx_word' id='word_1_647' title='bbox 2141 4441 2400 4494; x_wconf 81' lang='grc' dir='ltr'><strong>ἁπάντων</strong></span> <span class='ocrx_word' id='word_1_648' title='bbox 2449 4440 2586 4504; x_wconf 83' lang='grc' dir='ltr'><strong>τέως</strong></span> <span class='ocrx_word' id='word_1_649' title='bbox 2651 4438 2967 4512; x_wconf 82' lang='grc' dir='ltr'><strong>ἀξυντελής·</strong></span> <span class='ocrx_word' id='word_1_650' title='bbox 3013 4436 3215 4511; x_wconf 75' lang='grc' dir='ltr'><strong>οὐδ’ἦν</strong></span> <span class='ocrx_word' id='word_1_651' title='bbox 3259 4442 3380 4494; x_wconf 74' lang='grc' dir='ltr'><strong>ἐκεῖ</strong></span> <span class='ocrx_word' id='word_1_652' title='bbox 3423 4433 3695 4501; x_wconf 78' lang='grc' dir='ltr'><strong>διακρίνειν</strong></span> 
     </span>
    </p>
   </div>
   <div class='ocr_carea' id='block_1_93' title="bbox 461 4517 2035 4606">
    <p class='ocr_par' dir='ltr' id='par_1_93' title="bbox 461 4531 2035 4606">
     <span class='ocr_line' id='line_1_93' title="bbox 461 4531 2035 4606; baseline -0.004 -16"><span class='ocrx_word' id='word_1_653' title='bbox 461 4538 532 4590; x_wconf 89' lang='lat' dir='ltr'><strong>ab</strong></span> <span class='ocrx_word' id='word_1_654' title='bbox 558 4538 816 4602; x_wconf 52' lang='lat' dir='ltr'><strong>obscuro,</strong></span> <span class='ocrx_word' id='word_1_655' title='bbox 849 4551 952 4590; x_wconf 86' lang='lat' dir='ltr'><strong>nec</strong></span> <span class='ocrx_word' id='word_1_656' title='bbox 983 4536 1142 4606; x_wconf 81' lang='lat'><strong>751</strong></span> <span class='ocrx_word' id='word_1_657' title='bbox 1167 4549 1385 4588; x_wconf 85' lang='lat' dir='ltr'><strong>servum</strong></span> <span class='ocrx_word' id='word_1_658' title='bbox 1421 4549 1450 4587; x_wconf 92' lang='lat' dir='ltr'><strong>a</strong></span> <span class='ocrx_word' id='word_1_659' title='bbox 1479 4532 1724 4595; x_wconf 91' lang='lat' dir='ltr'><strong>domino,</strong></span> <span class='ocrx_word' id='word_1_660' title='bbox 1751 4546 1854 4585; x_wconf 89' lang='lat' dir='ltr'><strong>nec</strong></span> <span class='ocrx_word' id='word_1_661' title='bbox 1883 4531 2035 4586; x_wconf 91' lang='lat' dir='ltr'><strong>nobi-</strong></span> 
     </span>
    </p>
   </div>
   <div class='ocr_carea' id='block_1_94' title="bbox 2138 4517 3695 4606">
    <p class='ocr_par' dir='ltr' id='par_1_94' title="bbox 2141 4517 3695 4599">
     <span class='ocr_line' id='line_1_94' title="bbox 2141 4517 3695 4599; baseline -0.001 -20"><span class='ocrx_word' id='word_1_662' title='bbox 2141 4527 2392 4582; x_wconf 87' lang='grc' dir='ltr'><strong>πλούσιον</strong></span> <span class='ocrx_word' id='word_1_663' title='bbox 2472 4531 2536 4580; x_wconf 86' lang='grc' dir='ltr'><strong>ἐκ</strong></span> <span class='ocrx_word' id='word_1_664' title='bbox 2617 4530 2862 4599; x_wconf 87' lang='grc' dir='ltr'><strong>πενήτων</strong></span> <span class='ocrx_word' id='word_1_665' title='bbox 2938 4529 3049 4581; x_wconf 77' lang='grc' dir='ltr'><strong>οὐδ’</strong></span> <span class='ocrx_word' id='word_1_666' title='bbox 3132 4527 3193 4593; x_wconf 79' lang='grc' dir='ltr'><strong>ἐξ</strong></span> <span class='ocrx_word' id='word_1_667' title='bbox 3272 4526 3474 4591; x_wconf 80' lang='grc' dir='ltr'><strong>ἀδόξων</strong></span> <span class='ocrx_word' id='word_1_668' title='bbox 3564 4517 3695 4572; x_wconf 73' lang='grc' dir='ltr'><strong>ἔνδοο</strong></span> 
     </span>
    </p>
   </div>
   <div class='ocr_carea' id='block_1_95' title="bbox 459 4621 2036 4698">
    <p class='ocr_par' dir='ltr' id='par_1_95' title="bbox 459 4621 2036 4698">
     <span class='ocr_line' id='line_1_95' title="bbox 459 4621 2036 4698; baseline -0.004 -16"><span class='ocrx_word' id='word_1_669' title='bbox 459 4627 566 4683; x_wconf 90' lang='lat' dir='ltr'><strong>lem</strong></span> <span class='ocrx_word' id='word_1_670' title='bbox 607 4627 675 4682; x_wconf 92' lang='lat' dir='ltr'><strong>ab</strong></span> <span class='ocrx_word' id='word_1_671' title='bbox 702 4627 891 4698; x_wconf 84' lang='lat' dir='ltr'><strong>operis</strong></span> <span class='ocrx_word' id='word_1_672' title='bbox 920 4623 1293 4682; x_wconf 88' lang='lat' dir='ltr'><strong>mercenariis.</strong></span> <span class='ocrx_word' id='word_1_673' title='bbox 1319 4621 1425 4676; x_wconf 86' lang='lat' dir='ltr'><strong>Sed</strong></span> <span class='ocrx_word' id='word_1_674' title='bbox 1458 4623 1513 4674; x_wconf 90' lang='lat' dir='ltr'><strong>in</strong></span> <span class='ocrx_word' id='word_1_675' title='bbox 1542 4621 1798 4675; x_wconf 89' lang='lat' dir='ltr'><strong>eumdem</strong></span> <span class='ocrx_word' id='word_1_676' title='bbox 1821 4621 2036 4677; x_wconf 89' lang='lat' dir='ltr'><strong>ardoris</strong></span> 
     </span>
    </p>
   </div>
   <div class='ocr_carea' id='block_1_96' title="bbox 461 4713 2032 4787">
    <p class='ocr_par' dir='ltr' id='par_1_96' title="bbox 461 4713 2032 4787">
     <span class='ocr_line' id='line_1_96' title="bbox 461 4713 2032 4787; baseline -0.003 -15"><span class='ocrx_word' id='word_1_677' title='bbox 461 4719 727 4787; x_wconf 86' lang='lat' dir='ltr'><strong>impetum</strong></span> <span class='ocrx_word' id='word_1_678' title='bbox 763 4717 1009 4774; x_wconf 89' lang='lat' dir='ltr'><strong>omnium</strong></span> <span class='ocrx_word' id='word_1_679' title='bbox 1037 4713 1241 4784; x_wconf 89' lang='lat' dir='ltr'><strong>pariter</strong></span> <span class='ocrx_word' id='word_1_680' title='bbox 1261 4713 1512 4767; x_wconf 74' lang='lat' dir='ltr'><strong>Voluntas</strong></span> <span class='ocrx_word' id='word_1_681' title='bbox 1531 4713 1887 4770; x_wconf 85' lang='lat' dir='ltr'><strong>eoalescebat.</strong></span> <span class='ocrx_word' id='word_1_682' title='bbox 1915 4713 2032 4768; x_wconf 80' lang='lat' dir='ltr'><strong>Mu-</strong></span> 
     </span>
    </p>
   </div>
   <div class='ocr_carea' id='block_1_97' title="bbox 461 4805 2034 4875">
    <p class='ocr_par' dir='ltr' id='par_1_97' title="bbox 461 4805 2034 4875">
     <span class='ocr_line' id='line_1_97' title="bbox 461 4805 2034 4875; baseline -0.003 -11"><span class='ocrx_word' id='word_1_683' title='bbox 461 4809 660 4864; x_wconf 89' lang='lat' dir='ltr'><strong>lierum</strong></span> <span class='ocrx_word' id='word_1_684' title='bbox 695 4820 877 4865; x_wconf 88' lang='lat' dir='ltr'><strong>tamen</strong></span> <span class='ocrx_word' id='word_1_685' title='bbox 933 4806 1199 4861; x_wconf 87' lang='lat' dir='ltr'><strong>sedulitas</strong></span> <span class='ocrx_word' id='word_1_686' title='bbox 1244 4805 1418 4860; x_wconf 92' lang='lat' dir='ltr'><strong>multo</strong></span> <span class='ocrx_word' id='word_1_687' title='bbox 1461 4806 1636 4874; x_wconf 86' lang='lat' dir='ltr'><strong>major</strong></span> <span class='ocrx_word' id='word_1_688' title='bbox 1663 4822 1826 4875; x_wconf 90' lang='lat' dir='ltr'><strong>quam</strong></span> <span class='ocrx_word' id='word_1_689' title='bbox 1859 4807 2034 4861; x_wconf 81' lang='lat' dir='ltr'><strong>homi-</strong></span> 
     </span>
    </p>
   </div>
   <div class='ocr_carea' id='block_1_98' title="bbox 380 4895 2029 4967">
    <p class='ocr_par' dir='ltr' id='par_1_98' title="bbox 380 4895 2029 4967">
     <span class='ocr_line' id='line_1_98' title="bbox 380 4895 2029 4967; baseline 0.001 -16"><span class='ocrx_word' id='word_1_690' title='bbox 380 4904 387 4951; x_wconf 76' lang='grc' dir='ltr'><strong><em>ξ</em></strong></span> <span class='ocrx_word' id='word_1_691' title='bbox 461 4917 592 4954; x_wconf 87' lang='lat' dir='ltr'><strong>num</strong></span> <span class='ocrx_word' id='word_1_692' title='bbox 627 4901 679 4952; x_wconf 92' lang='lat' dir='ltr'><strong>in</strong></span> <span class='ocrx_word' id='word_1_693' title='bbox 713 4899 964 4953; x_wconf 84' lang='lat' dir='ltr'><strong>navanda</strong></span> <span class='ocrx_word' id='word_1_694' title='bbox 1003 4910 1169 4966; x_wconf 90' lang='lat' dir='ltr'><strong>opera</strong></span> <span class='ocrx_word' id='word_1_695' title='bbox 1200 4895 1323 4951; x_wconf 86' lang='lat' dir='ltr'><strong>fuit.</strong></span> <span class='ocrx_word' id='word_1_696' title='bbox 1374 4896 1589 4952; x_wconf 82' lang='lat' dir='ltr'><strong>Etenim</strong></span> <span class='ocrx_word' id='word_1_697' title='bbox 1641 4898 1783 4958; x_wconf 69' lang='lat' dir='ltr'><strong>illae,</strong></span> <span class='ocrx_word' id='word_1_698' title='bbox 1840 4907 2029 4967; x_wconf 89' lang='lat' dir='ltr'><strong>utpote</strong></span> 
     </span>
    </p>
   </div>
   <div class='ocr_carea' id='block_1_99' title="bbox 383 4985 2026 5058">
    <p class='ocr_par' dir='ltr' id='par_1_99' title="bbox 383 4985 2026 5058">
     <span class='ocr_line' id='line_1_99' title="bbox 383 4985 2026 5058; baseline 0 -15"><span class='ocrx_word' id='word_1_699' title='bbox 383 4985 391 5009; x_wconf 53' lang='grc' dir='ltr'><strong>τ</strong></span> <span class='ocrx_word' id='word_1_700' title='bbox 459 5005 593 5044; x_wconf 77' lang='lat' dir='ltr'><strong>scxu</strong></span> <span class='ocrx_word' id='word_1_701' title='bbox 647 4988 712 5042; x_wconf 91' lang='lat' dir='ltr'><strong>ad</strong></span> <span class='ocrx_word' id='word_1_702' title='bbox 765 4989 991 5042; x_wconf 88' lang='lat' dir='ltr'><strong>uberem</strong></span> <span class='ocrx_word' id='word_1_703' title='bbox 1050 4987 1414 5058; x_wconf 82' lang='lat' dir='ltr'><strong>lacrymarum</strong></span> <span class='ocrx_word' id='word_1_704' title='bbox 1472 4987 1576 5040; x_wconf 73' lang='lat' dir='ltr'><strong>vim</strong></span> <span class='ocrx_word' id='word_1_705' title='bbox 1633 4988 2026 5056; x_wconf 84' lang='lat' dir='ltr'><strong>prepensiore,</strong></span> 
     </span>
    </p>
   </div>
   <div class='ocr_carea' id='block_1_100' title="bbox 460 5078 2028 5149">
    <p class='ocr_par' dir='ltr' id='par_1_100' title="bbox 460 5078 2028 5149">
     <span class='ocr_line' id='line_1_100' title="bbox 460 5078 2028 5149; baseline 0 -16"><span class='ocrx_word' id='word_1_706' title='bbox 460 5082 614 5148; x_wconf 72' lang='lat' dir='ltr'><strong>largo</strong></span> <span class='ocrx_word' id='word_1_707' title='bbox 645 5080 862 5133; x_wconf 88' lang='lat' dir='ltr'><strong>demum</strong></span> <span class='ocrx_word' id='word_1_708' title='bbox 910 5078 1036 5134; x_wconf 83' lang='lat' dir='ltr'><strong>ﬂetu</strong></span> <span class='ocrx_word' id='word_1_709' title='bbox 1073 5080 1272 5135; x_wconf 86' lang='lat' dir='ltr'><strong>lateres</strong></span> <span class='ocrx_word' id='word_1_710' title='bbox 1316 5094 1381 5134; x_wconf 88' lang='lat' dir='ltr'><strong>ac</strong></span> <span class='ocrx_word' id='word_1_711' title='bbox 1419 5079 1629 5149; x_wconf 90' lang='lat' dir='ltr'><strong>lapides</strong></span> <span class='ocrx_word' id='word_1_712' title='bbox 1659 5079 1782 5134; x_wconf 87' lang='lat' dir='ltr'><strong>illos</strong></span> <span class='ocrx_word' id='word_1_713' title='bbox 1809 5095 2028 5148; x_wconf 78' lang='lat' dir='ltr'><strong>resper-</strong></span> 
     </span>
    </p>
   </div>
   <div class='ocr_carea' id='block_1_101' title="bbox 459 5170 2029 5240">
    <p class='ocr_par' dir='ltr' id='par_1_101' title="bbox 459 5170 2029 5240">
     <span class='ocr_line' id='line_1_101' title="bbox 459 5170 2029 5240; baseline 0 -16"><span class='ocrx_word' id='word_1_714' title='bbox 459 5172 675 5240; x_wconf 74' lang='lat' dir='ltr'><strong>geban’t;</strong></span> <span class='ocrx_word' id='word_1_715' title='bbox 701 5170 937 5225; x_wconf 72' lang='lat' dir='ltr'><strong>humeris</strong></span> <span class='ocrx_word' id='word_1_716' title='bbox 960 5170 1154 5226; x_wconf 89' lang='lat' dir='ltr'><strong>deinde</strong></span> <span class='ocrx_word' id='word_1_717' title='bbox 1169 5171 1544 5240; x_wconf 80' lang='lat' dir='ltr'><strong>imponebant,</strong></span> <span class='ocrx_word' id='word_1_718' title='bbox 1564 5171 1878 5239; x_wconf 89' lang='lat' dir='ltr'><strong>neutiquam</strong></span> <span class='ocrx_word' id='word_1_719' title='bbox 1899 5180 2029 5224; x_wconf 90' lang='lat' dir='ltr'><strong>tunc</strong></span> 
     </span>
    </p>
   </div>
   <div class='ocr_carea' id='block_1_102' title="bbox 461 5259 2034 5330">
    <p class='ocr_par' dir='ltr' id='par_1_102' title="bbox 461 5259 2034 5330">
     <span class='ocr_line' id='line_1_102' title="bbox 461 5259 2034 5330; baseline -0.001 -17"><span class='ocrx_word' id='word_1_720' title='bbox 461 5261 705 5315; x_wconf 75' lang='lat' dir='ltr'><strong>sollicita:</strong></span> <span class='ocrx_word' id='word_1_721' title='bbox 744 5261 812 5315; x_wconf 89' lang='lat' dir='ltr'><strong>de</strong></span> <span class='ocrx_word' id='word_1_722' title='bbox 855 5261 1186 5330; x_wconf 84' lang='lat' dir='ltr'><strong>sumptuosis</strong></span> <span class='ocrx_word' id='word_1_723' title='bbox 1213 5260 1570 5325; x_wconf 84' lang='lat' dir='ltr'><strong>vestimentis,</strong></span> <span class='ocrx_word' id='word_1_724' title='bbox 1597 5277 1719 5330; x_wconf 67' lang='lat' dir='ltr'><strong>qua:</strong></span> <span class='ocrx_word' id='word_1_725' title='bbox 1751 5269 1805 5314; x_wconf 90' lang='lat' dir='ltr'><strong>et</strong></span> <span class='ocrx_word' id='word_1_726' title='bbox 1829 5259 2034 5313; x_wconf 87' lang='lat' dir='ltr'><strong>lacera—</strong></span> 
     </span>
    </p>
   </div>
   <div class='ocr_carea' id='block_1_103' title="bbox 463 5351 2032 5424">
    <p class='ocr_par' dir='ltr' id='par_1_103' title="bbox 463 5351 2032 5424">
     <span class='ocr_line' id='line_1_103' title="bbox 463 5351 2032 5424; baseline -0.001 -19"><span class='ocrx_word' id='word_1_727' title='bbox 463 5352 556 5408; x_wconf 89' lang='lat' dir='ltr'><strong>bat</strong></span> <span class='ocrx_word' id='word_1_728' title='bbox 587 5362 638 5408; x_wconf 92' lang='lat' dir='ltr'><strong>et</strong></span> <span class='ocrx_word' id='word_1_729' title='bbox 668 5355 893 5423; x_wconf 87' lang='lat' dir='ltr'><strong>pulvere</strong></span> <span class='ocrx_word' id='word_1_730' title='bbox 947 5353 1204 5424; x_wconf 81' lang='lat' dir='ltr'><strong>opplebat</strong></span> <span class='ocrx_word' id='word_1_731' title='bbox 1253 5363 1365 5407; x_wconf 89' lang='lat' dir='ltr'><strong>tum</strong></span> <span class='ocrx_word' id='word_1_732' title='bbox 1407 5351 1631 5407; x_wconf 75' lang='lat' dir='ltr'><strong>confusa</strong></span> <span class='ocrx_word' id='word_1_733' title='bbox 1658 5351 1748 5406; x_wconf 86' lang='lat' dir='ltr'><strong>illa</strong></span> <span class='ocrx_word' id='word_1_734' title='bbox 1781 5351 2032 5412; x_wconf 86' lang='lat' dir='ltr'><strong>materia,</strong></span> 
     </span>
    </p>
   </div>
   <div class='ocr_carea' id='block_1_104' title="bbox 2141 4606 3692 4687">
    <p class='ocr_par' dir='ltr' id='par_1_104' title="bbox 2141 4606 3692 4687">
     <span class='ocr_line' id='line_1_104' title="bbox 2141 4606 3692 4687; baseline -0.012 -13"><span class='ocrx_word' id='word_1_735' title='bbox 2141 4621 2231 4687; x_wconf 76' lang='grc' dir='ltr'><strong>εον</strong></span> <span class='ocrx_word' id='word_1_736' title='bbox 2259 4661 2273 4685; x_wconf 90' lang='grc'><strong>,</strong></span> <span class='ocrx_word' id='word_1_737' title='bbox 2350 4619 2459 4672; x_wconf 77' lang='grc' dir='ltr'><strong>οὐδ’</strong></span> <span class='ocrx_word' id='word_1_738' title='bbox 2533 4621 2595 4671; x_wconf 79' lang='grc' dir='ltr'><strong>ἐκ</strong></span> <span class='ocrx_word' id='word_1_739' title='bbox 2673 4619 2934 4672; x_wconf 88' lang='grc' dir='ltr'><strong>δεσπότου</strong></span> <span class='ocrx_word' id='word_1_740' title='bbox 3001 4619 3188 4673; x_wconf 84' lang='grc' dir='ltr'><strong>δοῦλον</strong></span> <span class='ocrx_word' id='word_1_741' title='bbox 3216 4662 3231 4684; x_wconf 93' lang='grc'><strong>,</strong></span> <span class='ocrx_word' id='word_1_742' title='bbox 3291 4621 3354 4674; x_wconf 82' lang='grc' dir='ltr'><strong>οὐ</strong></span> <span class='ocrx_word' id='word_1_743' title='bbox 3462 4611 3607 4684; x_wconf 85' lang='grc' dir='ltr'><strong>μέντ’</strong></span> <span class='ocrx_word' id='word_1_744' title='bbox 3634 4606 3692 4659; x_wconf 79' lang='grc' dir='ltr'><strong>ἂν</strong></span> 
     </span>
    </p>
   </div>
   <div class='ocr_carea' id='block_1_105' title="bbox 2141 4699 3692 4780">
    <p class='ocr_par' dir='ltr' id='par_1_105' title="bbox 2141 4699 3692 4780">
     <span class='ocr_line' id='line_1_105' title="bbox 2141 4699 3692 4780; baseline -0.006 -17"><span class='ocrx_word' id='word_1_745' title='bbox 2141 4711 2253 4763; x_wconf 79' lang='grc' dir='ltr'><strong>οὐδ’</strong></span> <span class='ocrx_word' id='word_1_746' title='bbox 2290 4711 2354 4762; x_wconf 88' lang='grc' dir='ltr'><strong>ἐκ</strong></span> <span class='ocrx_word' id='word_1_747' title='bbox 2395 4709 2686 4778; x_wconf 88' lang='grc' dir='ltr'><strong>βαναύσων</strong></span> <span class='ocrx_word' id='word_1_748' title='bbox 2715 4708 2935 4778; x_wconf 85' lang='grc' dir='ltr'><strong>εὐγενῆ.</strong></span> <span class='ocrx_word' id='word_1_749' title='bbox 2975 4709 3136 4762; x_wconf 71' lang='grc' dir='ltr'><strong>Ἀλλὰ</strong></span> <span class='ocrx_word' id='word_1_750' title='bbox 3166 4709 3303 4780; x_wconf 86' lang='grc' dir='ltr'><strong>πρὸς</strong></span> <span class='ocrx_word' id='word_1_751' title='bbox 3335 4707 3464 4777; x_wconf 81' lang='grc' dir='ltr'><strong>μίαν</strong></span> <span class='ocrx_word' id='word_1_752' title='bbox 3514 4699 3692 4763; x_wconf 78' lang='grc' dir='ltr'><strong>ἐπίσης</strong></span> 
     </span>
    </p>
   </div>
   <div class='ocr_carea' id='block_1_106' title="bbox 2140 4785 3688 4870">
    <p class='ocr_par' dir='ltr' id='par_1_106' title="bbox 2140 4785 3688 4870">
     <span class='ocr_line' id='line_1_106' title="bbox 2140 4785 3688 4870; baseline -0.008 -15"><span class='ocrx_word' id='word_1_753' title='bbox 2140 4801 2463 4870; x_wconf 85' lang='grc' dir='ltr'><strong>ἀνεκίρνατο</strong></span> <span class='ocrx_word' id='word_1_754' title='bbox 2507 4800 2724 4853; x_wconf 88' lang='grc' dir='ltr'><strong>πάντων</strong></span> <span class='ocrx_word' id='word_1_755' title='bbox 2755 4802 2787 4868; x_wconf 83' lang='grc' dir='ltr'><strong>ή</strong></span> <span class='ocrx_word' id='word_1_756' title='bbox 2825 4801 3077 4869; x_wconf 75' lang='grc' dir='ltr'><strong>πρόθεσις</strong></span> <span class='ocrx_word' id='word_1_757' title='bbox 3115 4800 3278 4869; x_wconf 72' lang='grc' dir='ltr'><strong>ζήλου</strong></span> <span class='ocrx_word' id='word_1_758' title='bbox 3327 4796 3510 4868; x_wconf 70' lang='grc' dir='ltr'><strong>φοράν.</strong></span> <span class='ocrx_word' id='word_1_759' title='bbox 3565 4785 3688 4843; x_wconf 84' lang='grc' dir='ltr'><strong>Πολύ</strong></span> 
     </span>
    </p>
   </div>
   <div class='ocr_carea' id='block_1_107' title="bbox 2145 4877 3690 4958">
    <p class='ocr_par' dir='ltr' id='par_1_107' title="bbox 2145 4877 3690 4958">
     <span class='ocr_line' id='line_1_107' title="bbox 2145 4877 3690 4958; baseline -0.008 -17"><span class='ocrx_word' id='word_1_760' title='bbox 2145 4908 2206 4957; x_wconf 83' lang='grc' dir='ltr'><strong>γε</strong></span> <span class='ocrx_word' id='word_1_761' title='bbox 2246 4893 2354 4958; x_wconf 82' lang='grc' dir='ltr'><strong>μὴν</strong></span> <span class='ocrx_word' id='word_1_762' title='bbox 2379 4890 2486 4942; x_wconf 83' lang='grc' dir='ltr'><strong>τῶν</strong></span> <span class='ocrx_word' id='word_1_763' title='bbox 2509 4889 2718 4958; x_wconf 84' lang='grc' dir='ltr'><strong>ἀνδρῶν</strong></span> <span class='ocrx_word' id='word_1_764' title='bbox 2769 4890 2804 4958; x_wconf 81' lang='grc' dir='ltr'><strong>ἡ</strong></span> <span class='ocrx_word' id='word_1_765' title='bbox 2833 4889 2943 4941; x_wconf 88' lang='grc' dir='ltr'><strong>τῶν</strong></span> <span class='ocrx_word' id='word_1_766' title='bbox 3000 4889 3275 4958; x_wconf 87' lang='grc' dir='ltr'><strong>γυναικῶν</strong></span> <span class='ocrx_word' id='word_1_767' title='bbox 3312 4885 3589 4954; x_wconf 80' lang='grc' dir='ltr'><strong>ὑπερεῖχεν</strong></span> <span class='ocrx_word' id='word_1_768' title='bbox 3618 4877 3690 4935; x_wconf 80' lang='grc' dir='ltr'><strong>εἰς</strong></span> 
     </span>
    </p>
   </div>
   <div class='ocr_carea' id='block_1_108' title="bbox 2137 4969 3686 5052">
    <p class='ocr_par' dir='ltr' id='par_1_108' title="bbox 2137 4969 3686 5052">
     <span class='ocr_line' id='line_1_108' title="bbox 2137 4969 3686 5052; baseline -0.006 -16"><span class='ocrx_word' id='word_1_769' title='bbox 2137 4983 2367 5050; x_wconf 80' lang='grc' dir='ltr'><strong>τοῦργον</strong></span> <span class='ocrx_word' id='word_1_770' title='bbox 2414 4982 2647 5052; x_wconf 87' lang='grc' dir='ltr'><strong>σπουδή.</strong></span> <span class='ocrx_word' id='word_1_771' title='bbox 2681 4981 2814 5036; x_wconf 67' lang='lat' dir='ltr'><strong>&quot;Are</strong></span> <span class='ocrx_word' id='word_1_772' title='bbox 2857 4981 2966 5052; x_wconf 78' lang='grc' dir='ltr'><strong>γάρ</strong></span> <span class='ocrx_word' id='word_1_773' title='bbox 3011 4982 3409 5051; x_wconf 77' lang='grc' dir='ltr'><strong>εὐπαθέστερον</strong></span> <span class='ocrx_word' id='word_1_774' title='bbox 3443 4975 3566 5045; x_wconf 68' lang='grc' dir='ltr'><strong>πρὸς</strong></span> <span class='ocrx_word' id='word_1_775' title='bbox 3601 4969 3686 5020; x_wconf 70' lang='grc' dir='ltr'><strong>δαο</strong></span> 
     </span>
    </p>
   </div>
   <div class='ocr_carea' id='block_1_109' title="bbox 2139 5065 3683 5144">
    <p class='ocr_par' dir='ltr' id='par_1_109' title="bbox 2139 5065 3683 5144">
     <span class='ocr_line' id='line_1_109' title="bbox 2139 5065 3683 5144; baseline -0.005 -18"><span class='ocrx_word' id='word_1_776' title='bbox 2139 5073 2321 5144; x_wconf 85' lang='grc' dir='ltr'><strong>κρύων</strong></span> <span class='ocrx_word' id='word_1_777' title='bbox 2346 5073 2406 5126; x_wconf 84' lang='grc' dir='ltr'><strong>τὸ</strong></span> <span class='ocrx_word' id='word_1_778' title='bbox 2433 5074 2587 5141; x_wconf 83' lang='grc' dir='ltr'><strong>γένος</strong></span> <span class='ocrx_word' id='word_1_779' title='bbox 2607 5073 2801 5142; x_wconf 82' lang='grc' dir='ltr'><strong>φορὰν,</strong></span> <span class='ocrx_word' id='word_1_780' title='bbox 2832 5073 3106 5135; x_wconf 87' lang='grc' dir='ltr'><strong>πλουσίοις</strong></span> <span class='ocrx_word' id='word_1_781' title='bbox 3133 5071 3318 5124; x_wconf 81' lang='grc' dir='ltr'><strong>λοιπόν</strong></span> <span class='ocrx_word' id='word_1_782' title='bbox 3346 5071 3456 5129; x_wconf 79' lang='grc' dir='ltr'><strong>τοῖς</strong></span> <span class='ocrx_word' id='word_1_783' title='bbox 3473 5065 3683 5128; x_wconf 82' lang='grc' dir='ltr'><strong>δάκρυσι</strong></span> 
     </span>
    </p>
   </div>
   <div class='ocr_carea' id='block_1_110' title="bbox 2141 5151 3681 5235">
    <p class='ocr_par' dir='ltr' id='par_1_110' title="bbox 2141 5151 3681 5235">
     <span class='ocr_line' id='line_1_110' title="bbox 2141 5151 3681 5235; baseline -0.003 -19"><span class='ocrx_word' id='word_1_784' title='bbox 2141 5165 2418 5235; x_wconf 86' lang='grc' dir='ltr'><strong>ῥαίνουσαι</strong></span> <span class='ocrx_word' id='word_1_785' title='bbox 2485 5166 2585 5226; x_wconf 79' lang='grc' dir='ltr'><strong>τὰς</strong></span> <span class='ocrx_word' id='word_1_786' title='bbox 2637 5182 2694 5217; x_wconf 89' lang='grc' dir='ltr'><strong>τε</strong></span> <span class='ocrx_word' id='word_1_787' title='bbox 2759 5165 3009 5227; x_wconf 69' lang='grc' dir='ltr'><strong>πλίνθους</strong></span> <span class='ocrx_word' id='word_1_788' title='bbox 3082 5165 3174 5217; x_wconf 78' lang='grc' dir='ltr'><strong>καὶ</strong></span> <span class='ocrx_word' id='word_1_789' title='bbox 3240 5164 3442 5232; x_wconf 77' lang='grc' dir='ltr'><strong>πέτρας</strong></span> <span class='ocrx_word' id='word_1_790' title='bbox 3489 5151 3681 5208; x_wconf 70' lang='grc' dir='ltr'><strong>ἐκείναῖ</strong></span> 
     </span>
    </p>
   </div>
   <div class='ocr_carea' id='block_1_111' title="bbox 2139 5248 3680 5324">
    <p class='ocr_par' dir='ltr' id='par_1_111' title="bbox 2139 5248 3680 5324">
     <span class='ocr_line' id='line_1_111' title="bbox 2139 5248 3680 5324; baseline 0.001 -16"><span class='ocrx_word' id='word_1_791' title='bbox 2139 5256 2331 5308; x_wconf 81' lang='grc' dir='ltr'><strong>ἔπειτα</strong></span> <span class='ocrx_word' id='word_1_792' title='bbox 2367 5257 2654 5308; x_wconf 85' lang='grc' dir='ltr'><strong>ἐπετίθουν</strong></span> <span class='ocrx_word' id='word_1_793' title='bbox 2689 5261 2800 5318; x_wconf 85' lang='grc' dir='ltr'><strong>τοῖς</strong></span> <span class='ocrx_word' id='word_1_794' title='bbox 2833 5257 3030 5322; x_wconf 78' lang='grc' dir='ltr'><strong>ὤμοις,</strong></span> <span class='ocrx_word' id='word_1_795' title='bbox 3068 5257 3280 5324; x_wconf 82' lang='grc' dir='ltr'><strong>οὐδαμῆ</strong></span> <span class='ocrx_word' id='word_1_796' title='bbox 3313 5248 3680 5322; x_wconf 70' lang='grc' dir='ltr'><strong>περιλάμῖῖρων</strong></span> 
     </span>
    </p>
   </div>
   <div class='ocr_carea' id='block_1_112' title="bbox 2144 5327 3678 5420">
    <p class='ocr_par' dir='ltr' id='par_1_112' title="bbox 2144 5327 3678 5420">
     <span class='ocr_line' id='line_1_112' title="bbox 2144 5327 3678 5420; baseline -0.012 -21"><span class='ocrx_word' id='word_1_797' title='bbox 2144 5348 2454 5416; x_wconf 81' lang='grc' dir='ltr'><strong>ἐνδυμάτων</strong></span> <span class='ocrx_word' id='word_1_798' title='bbox 2487 5350 2721 5402; x_wconf 78' lang='grc' dir='ltr'><strong>ἐνταῦθα</strong></span> <span class='ocrx_word' id='word_1_799' title='bbox 2773 5344 3180 5420; x_wconf 77' lang='grc' dir='ltr'><strong>φροντίζουσαι,</strong></span> <span class='ocrx_word' id='word_1_800' title='bbox 3224 5342 3564 5417; x_wconf 76' lang='grc' dir='ltr'><strong>ῥηγνυμένων</strong></span> <span class='ocrx_word' id='word_1_801' title='bbox 3599 5327 3678 5383; x_wconf 76' lang='grc' dir='ltr'><strong>καὶ</strong></span> 
     </span>
    </p>
   </div>
   <div class='ocr_carea' id='block_1_113' title="bbox 1806 5487 2374 5551">
    <p class='ocr_par' dir='ltr' id='par_1_113' title="bbox 1806 5487 2374 5551">
     <span class='ocr_line' id='line_1_113' title="bbox 1806 5487 2374 5551; baseline -0.004 -3"><span class='ocrx_word' id='word_1_802' title='bbox 1806 5487 2143 5551; x_wconf 74' lang='lat' dir='ltr'><strong>Variorum</strong></span> <span class='ocrx_word' id='word_1_803' title='bbox 2182 5493 2374 5547; x_wconf 71' lang='lat' dir='ltr'><strong>notua.</strong></span> 
     </span>
    </p>
   </div>
   <div class='ocr_carea' id='block_1_114' title="bbox 546 5595 572 5618">
    <p class='ocr_par' dir='ltr' id='par_1_114' title="bbox 546 5595 572 5618">
     <span class='ocr_line' id='line_1_114' title="bbox 546 5595 572 5618; baseline 0 0"><span class='ocrx_word' id='word_1_804' title='bbox 546 5595 572 5618; x_wconf 51' lang='grc' dir='ltr'>ἱ</span> 
     </span>
    </p>
   </div>
   <div class='ocr_carea' id='block_1_115' title="bbox 531 5623 1807 5696">
    <p class='ocr_par' dir='ltr' id='par_1_115' title="bbox 531 5623 1807 5696">
     <span class='ocr_line' id='line_1_115' title="bbox 531 5623 1807 5696; baseline -0.002 -18"><span class='ocrx_word' id='word_1_805' title='bbox 531 5623 610 5696; x_wconf 75' lang='grc' dir='ltr'><strong>(ὃ)</strong></span> <span class='ocrx_word' id='word_1_806' title='bbox 648 5626 1015 5681; x_wconf 85' lang='lat' dir='ltr'><strong>Cantacuzen.</strong></span> <span class='ocrx_word' id='word_1_807' title='bbox 1053 5626 1150 5680; x_wconf 91' lang='lat' dir='ltr'><strong>lib.</strong></span> <span class='ocrx_word' id='word_1_808' title='bbox 1186 5643 1258 5680; x_wconf 85' lang='grc' dir='ltr'><strong>ιν.</strong></span> <span class='ocrx_word' id='word_1_809' title='bbox 1318 5640 1440 5693; x_wconf 89' lang='lat' dir='ltr'><strong>cap.</strong></span> <span class='ocrx_word' id='word_1_810' title='bbox 1486 5626 1538 5680; x_wconf 68' lang='grc'><strong>4.</strong></span> <span class='ocrx_word' id='word_1_811' title='bbox 1573 5625 1807 5680; x_wconf 57' lang='lat' dir='ltr'><strong>Ducam.</strong></span> 
     </span>
    </p>
   </div>
   <div class='ocr_carea' id='block_1_116' title="bbox 538 5694 2029 5765">
    <p class='ocr_par' dir='ltr' id='par_1_116' title="bbox 538 5694 2029 5765">
     <span class='ocr_line' id='line_1_116' title="bbox 538 5694 2029 5765; baseline -0.003 -14"><span class='ocrx_word' id='word_1_812' title='bbox 538 5694 613 5763; x_wconf 74' lang='lat'><strong>(7)</strong></span> <span class='ocrx_word' id='word_1_813' title='bbox 641 5696 782 5751; x_wconf 82' lang='lat' dir='ltr'><strong>Cant</strong></span> <span class='ocrx_word' id='word_1_814' title='bbox 836 5706 981 5750; x_wconf 85' lang='lat' dir='ltr'><strong>cant.</strong></span> <span class='ocrx_word' id='word_1_815' title='bbox 1017 5712 1135 5764; x_wconf 84' lang='lat' dir='ltr'><strong>cap.</strong></span> <span class='ocrx_word' id='word_1_816' title='bbox 1176 5714 1212 5751; x_wconf 90' lang='lat' dir='ltr'><strong>I.</strong></span> <span class='ocrx_word' id='word_1_817' title='bbox 1259 5712 1308 5748; x_wconf 78' lang='grc' dir='ltr'><strong>ν.</strong></span> <span class='ocrx_word' id='word_1_818' title='bbox 1346 5697 1399 5759; x_wconf 82' lang='grc'><strong>5,</strong></span> <span class='ocrx_word' id='word_1_819' title='bbox 1424 5704 1479 5750; x_wconf 91' lang='lat' dir='ltr'><strong>et</strong></span> <span class='ocrx_word' id='word_1_820' title='bbox 1509 5712 1628 5765; x_wconf 86' lang='lat' dir='ltr'><strong>cap.</strong></span> <span class='ocrx_word' id='word_1_821' title='bbox 1688 5711 1742 5758; x_wconf 77' lang='grc' dir='ltr'><strong>ν,</strong></span> <span class='ocrx_word' id='word_1_822' title='bbox 1779 5709 1830 5748; x_wconf 87' lang='lat' dir='ltr'><strong>v.</strong></span> <span class='ocrx_word' id='word_1_823' title='bbox 1867 5694 1918 5759; x_wconf 84' lang='lat'><strong>7,</strong></span> <span class='ocrx_word' id='word_1_824' title='bbox 1973 5703 2029 5749; x_wconf 91' lang='lat' dir='ltr'><strong>ct</strong></span> 
     </span>
    </p>
   </div>
   <div class='ocr_carea' id='block_1_117' title="bbox 465 5765 1348 5825">
    <p class='ocr_par' dir='ltr' id='par_1_117' title="bbox 465 5765 1348 5825">
     <span class='ocr_line' id='line_1_117' title="bbox 465 5765 1348 5825; baseline -0.006 -6"><span class='ocrx_word' id='word_1_825' title='bbox 465 5765 663 5819; x_wconf 77' lang='lat' dir='ltr'><strong>Psatm.</strong></span> <span class='ocrx_word' id='word_1_826' title='bbox 703 5781 888 5825; x_wconf 70' lang='lat' dir='ltr'><strong>cum,</strong></span> <span class='ocrx_word' id='word_1_827' title='bbox 922 5782 973 5816; x_wconf 51' lang='grc' dir='ltr'><strong>νη</strong></span> <span class='ocrx_word' id='word_1_828' title='bbox 1013 5767 1104 5818; x_wconf 67' lang='lat'><strong>2&quot;).</strong></span> <span class='ocrx_word' id='word_1_829' title='bbox 1144 5765 1348 5820; x_wconf 74' lang='lat' dir='ltr'><strong>BUIVIN.</strong></span> 
     </span>
    </p>
   </div>
   <div class='ocr_carea' id='block_1_118' title="bbox 541 5833 2026 5907">
    <p class='ocr_par' dir='ltr' id='par_1_118' title="bbox 541 5833 2026 5907">
     <span class='ocr_line' id='line_1_118' title="bbox 541 5833 2026 5907; baseline -0.001 -21"><span class='ocrx_word' id='word_1_830' title='bbox 541 5835 619 5905; x_wconf 85' lang='lat'><strong>(8)</strong></span> <span class='ocrx_word' id='word_1_831' title='bbox 648 5833 876 5887; x_wconf 76' lang='lat' dir='ltr'><strong>Videtur</strong></span> <span class='ocrx_word' id='word_1_832' title='bbox 921 5835 1190 5902; x_wconf 55' lang='lat' dir='ltr'><strong>Gmgoras</strong></span> <span class='ocrx_word' id='word_1_833' title='bbox 1221 5837 1526 5907; x_wconf 58' lang='lat' dir='ltr'><strong>respexisse</strong></span> <span class='ocrx_word' id='word_1_834' title='bbox 1551 5834 1615 5889; x_wconf 86' lang='lat' dir='ltr'><strong>ad</strong></span> <span class='ocrx_word' id='word_1_835' title='bbox 1655 5834 1744 5888; x_wconf 86' lang='lat' dir='ltr'><strong>illa</strong></span> <span class='ocrx_word' id='word_1_836' title='bbox 1774 5833 2026 5905; x_wconf 69' lang='lat' dir='ltr'><strong>Gregorii</strong></span> 
     </span>
    </p>
   </div>
   <div class='ocr_carea' id='block_1_119' title="bbox 2139 5622 3643 5691">
    <p class='ocr_par' dir='ltr' id='par_1_119' title="bbox 2139 5622 3643 5691">
     <span class='ocr_line' id='line_1_119' title="bbox 2139 5622 3643 5691; baseline 0.008 -15"><span class='ocrx_word' id='word_1_837' title='bbox 2139 5622 2464 5677; x_wconf 78' lang='lat' dir='ltr'><strong>Nazianzeni</strong></span> <span class='ocrx_word' id='word_1_838' title='bbox 2498 5625 2564 5678; x_wconf 90' lang='lat' dir='ltr'><strong>de</strong></span> <span class='ocrx_word' id='word_1_839' title='bbox 2595 5623 2890 5678; x_wconf 64' lang='lat' dir='ltr'><strong>Anastasire</strong></span> <span class='ocrx_word' id='word_1_840' title='bbox 2925 5623 3147 5691; x_wconf 79' lang='lat' dir='ltr'><strong>templo,</strong></span> <span class='ocrx_word' id='word_1_841' title='bbox 3445 5689 3451 5691; x_wconf 18' lang='grc' dir='ltr'><strong>Α</strong></span> <span class='ocrx_word' id='word_1_842' title='bbox 3483 5685 3522 5691; x_wconf 72' lang='grc'><strong>,,</strong></span> <span class='ocrx_word' id='word_1_843' title='bbox 3607 5674 3643 5691; x_wconf 28' lang='grc' dir='ltr'><strong>ν.</strong></span> 
     </span>
    </p>
   </div>
   <div class='ocr_carea' id='block_1_120' title="bbox 2135 5685 3672 5827">
    <p class='ocr_par' dir='ltr' id='par_1_120' title="bbox 2135 5685 3672 5827">
     <span class='ocr_line' id='line_1_120' title="bbox 2135 5685 3672 5827; baseline -0.003 -83"><span class='ocrx_word' id='word_1_844' title='bbox 2135 5695 2219 5746; x_wconf 79' lang='grc' dir='ltr'><strong>Οὐ</strong></span> <span class='ocrx_word' id='word_1_845' title='bbox 2251 5694 2458 5759; x_wconf 85' lang='grc' dir='ltr'><strong>τόσον,</strong></span> <span class='ocrx_word' id='word_1_846' title='bbox 2507 5695 2929 5762; x_wconf 76' lang='grc' dir='ltr'><strong>Ἀσσυρίοισιν</strong></span> <span class='ocrx_word' id='word_1_847' title='bbox 2981 5685 3064 5746; x_wconf 58' lang='grc' dir='ltr'><strong>ὅτ’</strong></span> <span class='ocrx_word' id='word_1_848' title='bbox 3118 5693 3297 5763; x_wconf 77' lang='grc' dir='ltr'><strong>ἤγετο</strong></span> <span class='ocrx_word' id='word_1_849' title='bbox 3351 5685 3672 5827; x_wconf 34' lang='lat' dir='ltr'><strong>nixam“</strong></span> 
     </span>
    </p>
   </div>
   <div class='ocr_carea' id='block_1_121' title="bbox 2141 5809 3605 5905">
    <p class='ocr_par' dir='ltr' id='par_1_121' title="bbox 2141 5809 3605 5905">
     <span class='ocr_line' id='line_1_121' title="bbox 2141 5809 3605 5905; baseline -0.054 -16"><span class='ocrx_word' id='word_1_850' title='bbox 2141 5833 2298 5902; x_wconf 81' lang='grc' dir='ltr'><strong>Λαὸς</strong></span> <span class='ocrx_word' id='word_1_851' title='bbox 2317 5832 2568 5905; x_wconf 64' lang='grc' dir='ltr'><strong>δόυρῖαιί</strong></span> <span class='ocrx_word' id='word_1_852' title='bbox 2581 5836 2648 5904; x_wconf 56' lang='lat' dir='ltr'><strong>ip;</strong></span> <span class='ocrx_word' id='word_1_853' title='bbox 2672 5835 2824 5904; x_wconf 57' lang='grc' dir='ltr'><strong>νηργ</strong></span> <span class='ocrx_word' id='word_1_854' title='bbox 2843 5835 3104 5889; x_wconf 33' lang='lat' dir='ltr'><strong>Exitum!“</strong></span> <span class='ocrx_word' id='word_1_855' title='bbox 3134 5835 3341 5904; x_wconf 51' lang='grc' dir='ltr'><strong>μέγαν.</strong></span> <span class='ocrx_word' id='word_1_856' title='bbox 3410 5809 3605 5879; x_wconf 24' lang='lat' dir='ltr'><strong>rubas”.</strong></span> 
     </span>
    </p>
   </div>
  </div>
