4064 6462
478 414 601 494 ‘959
776 453 780 456 ι
883 424 963 502 [Α.
1005 444 1054 488 c.
1082 427 1240 506 1345]

1519 432 1967 497 ΒΥΖΑΝΤΙΝίΕ
2009 435 2396 498 lllSTORI.~E
2439 437 2586 496 LIB.
2627 437 2745 499 XV.

2897 429 3030 505 [nm
3066 445 3111 488 ι.
3153 443 3393 491 mmet.
3435 433 3492 508 5]

3655 438 3764 504 990

489 555 694 616 κόνεως
761 554 1161 626 πληρουμένων
1231 553 1339 609 ὑπό
1416 571 1475 608 τε
1543 555 1645 624 τῆς
1730 555 2078 628 πολυμιγοῦς

2183 565 2298 611 tum
2339 557 2604 613 continua
2624 567 2681 613 et
2713 557 2914 614 crebro
2941 559 3134 614 iterata
3165 559 3234 614 ab
3265 560 3386 616 aliis
3413 560 3480 615 ad
3507 561 3645 617 alios
3667 578 3769 632 per

489 646 708 718 ἐκείνης
746 645 878 718 ὕλης
907 648 1013 702 ὑπό
1056 664 1116 701 τε
1141 647 1242 718 τῆς
1279 646 1338 712 ἐξ
1366 647 1616 718 ἀλλήλων
1651 648 1746 701 καὶ
1797 649 1866 702 δι’
1900 648 2070 719 ἀλλή-

492 737 600 792 λων
634 736 895 808 συνεχοῦς
914 755 976 792 τε
1002 739 1096 794 καὶ
1125 739 1503 811 ἀγχιστρόφου
1544 740 1879 810 περιφορᾶς.
1909 735 2082 794 Εἶπεν

490 829 558 884 ἄν
575 845 660 892 τις
699 829 885 898 πηγὰς
915 829 1133 900 ἀφιέναι
1153 831 1405 902 δακρύων
1442 831 1542 902 τὴν
1568 830 1702 902 ὕλην
1735 831 2079 902 ἐκφοβουμέ-

493 938 591 991 νην
620 919 860 992 ἐκείνηνο
889 920 1032 975 οὕτω
1066 923 1210 976 κατὰ
1243 923 1526 991 ποταμοὺς
1582 923 1782 992 ἐχώρει
1837 921 1959 977 τότε
1985 921 2080 976 δά-

493 1027 637 1080 κρυα
673 1011 864 1066 πασῶν
891 1013 1010 1066 ἐκεῖ
1030 1013 1327 1081 γυναικῶν,
1380 1012 1610 1080 ἐνδόξων
1633 1013 1768 1083 ὁμοῦ
1827 1014 1922 1067 καὶ
1951 1012 2080 1066 ἀδό-

491 1101 618 1169 ξων,
641 1105 737 1157 καὶ
767 1103 912 1158 οὕτω
943 1109 1176 1176 μακροῖς
1228 1105 1559 1176 ἀνεμίγνυτο
1591 1107 1809 1177 θρήνοις
1851 1109 1878 1160 ὁ
1911 1105 2078 1176 ζῆλος

492 1196 718 1250 ἐκείνων
747 1199 838 1251 καὶ
869 1199 902 1269 ἡ
939 1199 1166 1269 σπουδὴ,
1196 1199 1479 1270 ῥᾳστώνης
1536 1199 1792 1266 οὐδεμιᾶς
1833 1198 2081 1268 δυνηθεί-

493 1305 594 1359 σης
623 1291 882 1360 διακόψαι
896 1292 987 1346 τὸν
1012 1292 1214 1362 δρόμον
1237 1292 1330 1346 καὶ
1348 1271 1778 1363 τῆν’συνέχειαν,
1820 1291 1907 1358 ἐφ’
1936 1292 2079 1356 ὅλοις

491 1379 658 1446 ἐγγύς
689 1397 792 1435 που
822 1383 1190 1454 νυχθημέροις
1219 1383 1538 1455 τριάκοντα.

557 1471 635 1528 Γ’.
677 1473 926 1544 Ἐλέγετο
961 1476 1146 1546 μέντοι
1180 1475 1319 1546 πρὸς
1338 1475 1449 1528 τῶν
1492 1473 1725 1541 πολλῶν,
1759 1475 1834 1534 ώς
1883 1475 1933 1527 εί
2002 1476 2078 1546 μὴ

491 1566 870 1636 πφῦπάρχειν
893 1566 1181 1621 συνέϐαινε
1232 1565 1332 1630 τὰς
1360 1568 1502 1638 πρὸς
1563 1567 1638 1620 ἕω
1692 1567 1962 1636 κρηπῖδας
1984 1568 2078 1620 καὶ

490 1659 558 1712 τὰ
581 1659 906 1729 ἐρείσματα,
943 1662 1119 1716 ὁπόσα
1142 1663 1284 1730 πρὸς
1320 1661 1664 1732 Ἀνδρονίκου
1696 1659 1790 1714 τοῦ
1810 1660 2078 1730 βασιλέως

493 1752 572 1820 (9)
619 1752 786 1810 πάλαι
818 1753 1266 1824 άνῳκοδόμηνται
1298 1755 1441 1809 πάνυ
1472 1772 1556 1810 τοι
1607 1752 1932 1823 φιλοτίμως,
1973 1754 2077 1808 κᾶν

491 1845 894 1901 πολλαπλάσιον
943 1849 1187 1917 ἐγεγόνει
1223 1847 1306 1922 [Ρ.
1335 1848 1462 1921 HI]
1493 1849 1553 1902 τὸ
1604 1847 1803 1915 πτῶμα
1839 1847 1934 1900 καὶ¹
1966 1846 2076 1899 τῶν

490 1956 555 2007 γε
589 1942 822 1997 ἀνιάτων
851 1944 909 1998 ἒν
952 1940 1041 2015 ἦν.
1081 1948 1188 1999 Καὶ
1235 1946 1404 1999 ταῦτα
1442 1947 1542 2016 μὲν
1586 1961 1779 2001 τουτον
1809 1959 1935 2020 εσχε
1981 1943 2076 2000 τὸν

488 2036 713 2107 τρόπον·
741 2039 839 2092 καὶ
865 2039 925 2092 τὸ
945 2038 1100 2109 θέρος
1128 2041 1187 2092 ἐν
1211 2040 1426 2099 τούτοις
1450 2039 1729 2094 ἐτελεύτα.

559 2128 633 2186 Δ’.
650 2130 853 2184 Κακῶν
869 2131 1180 2202 δ’άνακωχή
1200 2151 1281 2188 τις
1295 2131 1409 2186 οὔτ’
1424 2129 1512 2203 ἦν,
1531 2131 1643 2205 9.6;”
1663 2133 1942 2204 ἠλπίζετο’
1960 2132 2077 2187 ἀλλ’

491 2217 578 2287 ἐφ’
608 2221 815 2290 ἑτέροις
836 2222 1000 2292 ἕτερα
1027 2223 1290 2292 διηνεκῶς
1313 2225 1559 2296 ἐπέρρει,
1578 2225 1672 2278 καί.
1693 2225 1785 2280 ἐπὶ
1803 2227 1861 2278 τὸ
1896 2227 2078 2295 χεῖρον

488 2310 620 2382 ηὖξε
653 2315 746 2368 καὶ
796 2315 1117 2387 προύϐαινε.
1175 2318 1251 2371 ’Ἦ
1302 2335 1362 2371 τε
1412 2321 1524 2388 γὰρ
1591 2319 1662 2389 γῆ
1726 2320 2078 2374 παντάπασιν

492 2409 671 2461 εἰπεῖν
720 2409 960 2481 ἄσπορός
1009 2427 1068 2464 τε
1125 2411 1219 2465 καὶ
1268 2412 1626 2481 ἀγεώργητος
1669 2413 1933 2466 ἐλείπετο·
1967 2411 2080 2464 τῶν

491 2500 540 2552 τ’
565 2502 890 2571 ἐπιτηδείων
929 2503 1124 2573 μακρά
1150 2521 1236 2565 τις
1259 2503 1568 2568 ἐπεπόλαζε
1599 2503 1794 2568 σπάνις
1839 2504 1926 2559 διὰ
1978 2506 2079 2568 τὰς

492 2593 602 2648 τῶν
638 2593 817 2648 ἄλλοτ’
839 2585 1018 2650 ἄλλων
1047 2595 1322 2666 πολεμίων
1349 2597 1594 2665 ἐφόδους*
1659 2597 1754 2652 καὶ
1787 2599 1906 2668 ἅμα
1945 2615 2081 2668 χρη-

499 2689 684 2754 μάτων
716 2690 882 2762 πόρος
916 2687 984 2761 ἦν
1000 2691 1174 2756 οὐδεὶς
1204 2693 1520 2762 οὐδαμόθεν,
1546 2692 1670 2746 οὔτε
1706 2695 1817 2755 τοῖς
1854 2693 2082 2763 πένησιν

498 2779 752 2848 ἐννοῆσαι
797 2780 865 2833 δι’
890 2780 1153 2850 ἐργασίας
1182 2781 1556 2852 ζὴστινοσοῦν,
1585 2778 1708 2834 οὔτε
1740 2783 1852 2842 τοῖς
1880 2781 2080 2850 ἄρχου-

494 2888 596 2934 σιν,
626 2872 749 2925 ὅθεν
778 2871 969 2942 ἔρανόν
995 2888 1118 2927 τινα
1161 2871 1638 2942 δασμολογοῦντες
1699 2869 2074 2941 ἀργυρολογή-

493 2980 667 3018 σουσι.
708 2965 818 3018 Καὶ
846 2959 914 3034 ἦν
940 2965 1068 3019 ίδεῖν
1095 2965 1432 3035 κενουμένας
1455 2965 1558 3028 τὰς
1585 2963 1795 3029 πόλεις,
1827 2962 1924 3016 καὶ
1953 2962 2098 3026 τοὺς.

495 3056 596 3127 μέν
628 3057 686 3120 ἐς
715 3057 1024 3129 ἀλλοδαπὴν
1055 3054 1468 3128 μετοικοῦντας,
1508 3058 1638 3120 τοὺς
1660 3055 1707 3110 δ’
1735 3056 1796 3108 ἐν
1818 3054 2078 3123 ἀπογνώ-

493 3165 578 3203 σει
603 3149 884 3218 μένοντας.

567 3307 641 3362 E’.
697 3307 804 3361 Καὶ
862 3307 1291 3378 Λακεδαιμόνιοι
1345 3308 1444 3378 μὲν
1501 3307 1670 3362 πάλαι
1719 3307 2083 3376 χρυσοφορεῖν

488 3397 588 3460 τὰς
620 3399 886 3466 γυναῖκας
915 3397 1183 3462 ἔπαυσαν.
1221 3399 1317 3453 καὶ
1371 3399 1488 3468 ἆμα
1536 3401 1586 3452 οἱ
1646 3399 1707 3452 τὸ
1765 3399 1863 3469 τῆς
1911 3398 2082 3452 πάλαι

503 3491 729 3562 Ῥώμης
764 3492 1094 3556 διοικοῦντες
1127 3492 1370 3564 ἀξίωμα,
1396 3492 1721 3563 ψηφίσμασι
1752 3508 1812 3545 τε
1839 3491 1932 3544 καὶ⁸
1961 3490 2086 3560 δόγ-

497 3602 629 3654 μασι
657 3587 942 3656 δημοσίοις
975 3587 1072 3641 καὶ
1095 3587 1418 3651 άσαλεύτοις
1447 3587 1725 3657 ἐκάτεροιο
1769 3586 1822 3638 οἱ
1858 3583 1959 3654 μὲν
1993 3583 2084 3638 διὰ

490 3678 551 3732 τό
573 3680 628 3732 ἐν
680 3677 983 3750 Λεύκτροις
1004 3679 1109 3733 ὕπὸ
1148 3680 1406 3751 Θηϐαίων
1439 3681 1592 3748 σφίσι
1642 3679 1934 3748 γενόμενον
1975 3677 2082 3730 πά-

491 3773 604 3836 θος,
633 3772 795 3825 όπότε
833 3772 896 3843 δὴ
935 3771 1138 3844 μικροῦ
1173 3772 1271 3842 τὴν
1303 3773 1488 3826 πᾶσαν
1513 3772 1733 3842 ἔκειρεν
1785 3767 2082 3836 ὁπλιτικὴν

452 3916 462 3925 ,
488 3862 676 3934 ἀκμὴν
705 3863 803 3934 τῆς
827 3862 1086 3936 Σπάρτης
1138 3861 1583 3932 Ἐπαμεινώνδας
1615 3862 1843 3924 ἐκεῖνος,
1909 3860 2082 3912 Βοιω-

489 3955 706 4026 ταρχῶν
729 3954 1056 4027 τηνικαῦτα·
1091 3955 1142 4008 οί
1167 3953 1224 4007 δὲ
1254 3953 1323 4007 δι’
1363 3952 1615 4008 Ἀννίϐαν
1655 3955 1747 4005 τὸν
1797 3949 2083 4020 Καρχηδό-

493 4063 604 4101 νιον
641 4046 802 4101 ὁπότε
839 4045 968 4116 περί
1005 4061 1066 4099 τε
1097 4043 1373 4099 Κανύσιον
1425 4043 1610 4097 πεδίον
1662 4043 1756 4096 καὶ
1811 4040 2082 4109 Ἀφείδιον

492 4140 740 4210 ποταμὸν
761 4141 874 4203 τοῖς
897 4137 1043 4194 κατὰ
1085 4138 1376 4207 Ῥωμαίων
1406 4136 1641 4205 μακροῖς
1678 4133 1915 4197 ἐκείνοις
1947 4150 2074 4201 τρο-

495 4231 679 4295 παίοις
754 4231 1066 4284 τελευταῖον
1121 4228 1268 4283 τοῦτ’
1319 4228 1533 4291 ἐπιθεὶς
1595 4229 1693 4281 καὶ
1753 4225 2082 4294 συγκλείσας

495 4325 597 4392 τὴν
648 4321 1022 4394 μυριάριθμον
1068 4321 1284 4390 ἐκείνην
1331 4318 1622 4390 Ῥωμαίων
1666 4316 2082 4386 κατηγωνίσατο

493 4415 773 4483 στρατιάνο
801 4414 877 4478 ὡς
914 4416 1028 4477 τοῖς
1056 4413 1337 4475 πλουσίοις
1371 4412 1605 4473 ἐκείνοις
1665 4411 1867 4478 αἵμασι
1905 4407 2082 4478 βαφῆ-

491 4506 579 4559 ναί
609 4523 667 4558 τε
699 4503 948 4576 ποταμοῦ
982 4503 1042 4557 τὸ
1077 4503 1280 4575 ῥόθιον,
1316 4503 1410 4557 καὶ
1434 4501 1564 4555 ἄνευ
1597 4501 1810 4566 ὕδατος,
1831 4500 2081 4570 αἱμάτων

489 4599 636 4668 ἔχειν
661 4597 870 4650 ἄνωθεν
896 4593 1036 4650 εἶναι
1067 4596 1249 4650 δοκεῖν
1287 4595 1385 4657 τὰς
1401 4593 1610 4666 πηγάς.

562 4696 651 4760 ς’.
683 4691 799 4745 Νῦν
824 4689 868 4744 δ’
901 4690 1092 4760 ῶσπερ
1116 4689 1175 4754 ἐξ
1199 4689 1318 4752 ἑνός
1344 4705 1487 4750 τινος
1518 4687 1827 4756 αὐτομάτου
1860 4684 2073 4755 κηρύγ-

493 4801 700 4853 ματος,
762 4782 1154 4854 διαδραμόντος
1223 4779 1442 4842 ἁπάσας
1497 4776 1682 4838 πόλεις
1749 4774 2073 4845 Ῥωμαίων,

491 4879 628 4944 μήτε
665 4875 876 4946 μηδένα
912 4873 1122 4943 ἀνδρῶν
1153 4873 1291 4941 μήτε
1319 4869 1598 4939 γυναικῶν
1626 4868 1904 4938 μηδεμίαν
1925 4867 2070 4936 λαμ-

491 4967 810 5037 προφορεῖν,
874 4963 1181 5034 ἀλλ’ὀμόσε
1251 4963 1460 5026 πάντας
1512 4962 1729 5014 ἑλέσθαι
1790 4959 2076 5028 μελαίναις

491 5055 682 5124 ἐσθῆσι
705 5051 1114 5118 ξυνεπεπτώκει
1138 5052 1466 5122 κεχρῆσθαι,
1481 5051 1576 5115 οὓς
1607 5052 1704 5122 μὲν
1722 5051 1898 5120 λύπης
1917 5049 2081 5103 ἓνεκα

491 5152 628 5216 προῦ
638 5147 919 5217 παρξάσης
932 5143 1196 5210 animi);
1214 5144 1269 5197 δὲ
1283 5144 1371 5198 διὰ
1383 5147 1475 5206 τὰς
1491 5143 1672 5204 κοινάς
1687 5145 1775 5196 καῖ
1790 5143 2083 5212 δημοσίους

491 5238 670 5307 κῆράς
685 5255 739 5289 τε
763 5238 857 5291 καὶ
901 5254 963 5290 συ
975 5236 1192 5308 μφορὰς
1215 5236 1326 5288 τῶν
1343 5235 1656 5304 ὁμοφύλων
1728 5235 1802 5296 ώς
1821 5235 1896 5303 μὴ
1918 5235 2072 5288 πόλει

491 5333 586 5383 καὶ
617 5329 866 5400 πολιτείᾳ
892 5331 962 5381 τὰ
996 5327 1287 5396 Ῥωμαίων
1317 5327 1554 5380 ἐοικέναι
1599 5328 1926 5396 πράγματα,
1953 5325 2069 5378 ἀλλ’

491 5422 718 5492 ἀμαυρά
759 5438 881 5474 τινα
916 5421 1235 5490 καμνόντων
1262 5418 1461 5472 εἴδωλα
1489 5415 1654 5481 εἶναι,
1719 5419 1815 5470 καὶ
1853 5419 2070 5488 πόρῤω-

492 5519 584 5572 θεν
621 5518 844 5586 μονονοὺ
905 5515 1402 5583 προαναφωνοῦ.ιτα
1455 5514 1711 5582 ἀλλήλοις
1757 5515 1857 5582 τὴν
1925 5514 2073 5574 ἔνδον

491 5610 588 5680 τῆς
619 5609 796 5678 ψυχῆς
828 5608 1162 5677 φλεγμονὴν,
1195 5607 1328 5677 ὅσην
1363 5608 1578 5674 ἑκάστῳ
1621 5605 1859 5676 δαψιλῶς
1910 5620 2075 5675 χορη-

2188 663 2385 703 manus
2417 649 2726 704 translatio.
2761 649 3002 705 Dixisses
3060 652 3345 706 materiam
3402 652 3550 706 illam
3577 692 3592 716 ,
3643 669 3768 722 quae

2185 738 2609 811 exportabatur,
2642 740 3006 811 lacrymarnm
3037 741 3282 797 fontibus
3307 743 3610 798 seaturire:
3629 743 3770 798 adeo

2186 841 2319 887 tunc
2359 831 2690 886 torrentium
2743 831 2918 886 instar
2970 832 3402 890 ibanLomnium
3439 851 3562 904 quae
3608 844 3770 890 erant

2184 925 2302 980 illic
2344 925 2683 987 mulierum,
2743 923 3043 979 illustrium
3099 925 3262 980 simul
3311 936 3368 982 et
3407 927 3767 998 ignobilium,

2181 1016 2434 1088 laeryma:
2480 1035 2494 1070 :
2532 1015 2669 1071 adeo
2703 1015 2910 1085 ingenti
2959 1015 3110 1071 luctu
3151 1018 3346 1073 mistus
3391 1027 3513 1072 erat
3549 1020 3763 1074 illarum

2182 1109 2338 1163 zelus
2361 1116 2417 1162 et
2456 1106 2699 1162 ollieiosa
2731 1106 3014 1176 diligentia
3052 1124 3067 1160 :
3096 1107 3367 1177 siquidem
3409 1109 3532 1164 illos
3561 1125 3764 1163 cursus

2180 1209 2238 1255 et
2269 1200 2566 1256 continuos
2616 1197 2837 1251 labores
2872 1197 3018 1251 nulla
3065 1199 3248 1266 potuit
3288 1197 3546 1254 mollities
3593 1198 3767 1254 inter—

2182 1307 2441 1362 rumpere
2467 1331 2480 1356 ,
2509 1289 2796 1362 perpetuis
2842 1288 3016 1344 ferme
3051 1291 3272 1360 triginta
3307 1290 3504 1346 diebus
3558 1299 3616 1346 et
3661 1305 3764 1344 no-

2178 1391 2383 1449 ctibus.
3744 1441 3751 1447 ,

2253 1489 2341 1544 Ill.
2377 1487 2649 1544 Creterum
2684 1503 2713 1542 a
2738 1487 3020 1558 plerisque
3037 1477 3415 1542 dictitabatur,
3451 1473 3555 1528 nisi
3579 1472 3766 1527 orien-

2179 1590 2288 1637 tem
2317 1593 2512 1635 versns
2548 1577 2924 1633 occurrissent
2950 1571 3305 1627 fundamenta
3333 1575 3388 1622 et
3422 1564 3770 1631 moles,quas

2174 1671 2507 1744 jampridem
2540 1672 2848 1738 imperator
2883 1665 3232 1722 Andronicus
3257 1657 3545 1728 magniﬁce
3580 1653 3776 1709 admo-

2178 1765 2308 1819 dum
2356 1763 2740 1818 substruxerat
2764 1801 2778 1824 ,
2817 1759 3060 1813 futuram
3093 1755 3268 1809 multo
3341 1748 3602 1819 majorem
3638 1746 3768 1798 rui—

2182 1871 2342 1921 nam,
2397 1864 2565 1922 atque
2619 1851 2750 1907 illud
2802 1836 3004 1904 vtilnus
3066 1843 3372 1900 insanabile
3431 1839 3766 1896 exstiturum

2183 1949 2382 2004 fuisse.
2412 1946 2584 2000 Porro
2619 1944 2734 2000 haec
2767 1944 2841 1998 ita
2860 1958 2918 1998 se
2940 1940 3293 2004 habuerunt;
3328 1949 3392 1991 ac
3423 1933 3479 1988 in
3512 1931 3580 1987 iis
3603 1940 3767 1987 testas

2184 2049 2510 2110 consumpta
2544 2047 2649 2093 est.

2257 2131 2352 2186 IV.
2382 2130 2650 2184 Malorum
2699 2135 2882 2183 autem
2926 2122 3180 2180 remissio
3216 2120 3367 2176 nulla
3401 2131 3584 2188 neque
3610 2124 3766 2180 erat,

2186 2240 2368 2294 neque
2399 2222 2760 2294 sperabatur;
2784 2219 2878 2274 sed
2911 2226 3179 2288 perpetuo
3205 2212 3312 2269 alia
3339 2227 3406 2267 ex
3433 2209 3554 2264 aliis
3576 2207 3770 2262 amne-

2187 2320 2343 2382 bant,
2366 2315 2931 2388 ingravescebantque
2955 2319 3012 2365 et
3037 2306 3484 2380 provehebantur
3507 2303 3560 2356 in
3588 2302 3766 2370 pejus.

2187 2411 2323 2466 Nam
2351 2419 2407 2464 et
2444 2417 2590 2464 terra
2617 2404 2924 2461 seminibus
2949 2401 3181 2457 omnino
3205 2412 3350 2467 pene
3376 2392 3766 2452 fraudabatur,

2186 2513 2244 2559 et
2280 2501 2486 2557 inculta
2538 2496 2890 2558 remanebat,
2919 2503 2978 2549 et
3036 2505 3222 2548 rerum
3253 2489 3318 2543 ad
3354 2490 3560 2541 victum
3605 2481 3768 2553 752

2187 2591 2630 2648 necessariarum
2661 2602 2911 2657 magnam
2953 2583 3244 2653 quamdam
3275 2577 3516 2647 inopiam
3541 2573 3772 2628 induxe-

2193 2692 2321 2739 rant
2373 2682 2612 2738 bostium
2676 2679 2812 2734 alias
2845 2677 3079 2732 aliorum
3133 2671 3510 2734 incursiones;
3545 2680 3648 2720 nec
3676 2679 3772 2733 pa-

2117 2759 2133 2776 ’
2185 2774 2372 2830 randae
2426 2771 2680 2828 alicunde
2730 2768 2980 2840 pecuniae
3013 2765 3154 2820 ratio
3220 2763 3389 2818 ullaa
3427 2755 3769 2829 pauperibus

2190 2865 2488 2937 excogitari
2532 2871 2782 2934 poterat,
2808 2863 3198 2930 quamcunque
3239 2854 3315 2909 illi
3346 2860 3519 2906 artem
3547 2862 3770 2904 exerce-

2190 2969 2317 3016 rent
2351 2976 2365 3012 :
2397 2973 2498 3013 nec
2525 2964 2647 3012 erat
2685 2953 3055 3024 magnatibus,
3093 2948 3244 3003 unde
3271 2952 3556 3015 corrogata
3585 2942 3767 3010 aliqua

2190 3051 2338 3121 stipe
2361 3049 2654 3122 pecuniam
2703 3053 2993 3116 cogerent;
3023 3051 3079 3097 et
3115 3041 3281 3096 urbes
3311 3037 3497 3112 videre
3530 3041 3649 3088 erat
3668 3034 3768 3086 de-

2188 3142 2425 3204 solatas,
2460 3139 2584 3194 aliis
2605 3131 3218 3208 peregre'abeuntibus,
3249 3129 3372 3182 aliis
3397 3123 3548 3181 domi
3581 3124 3771 3192 despe-

2108 3253 2154 3313 ο
2189 3245 2306 3290 rata
2335 3233 2514 3289 salute
2535 3226 2972 3285 remanentibus.

2264 3328 2332 3384 ν.
2358 3324 2498 3381 Olim
2533 3323 2753 3394 quidem
2793 3314 3192 3374 Lacedaemonii
3229 3310 3554 3369 mulieribus
3581 3307 3770 3362 edixe-

2189 3425 2340 3483 runt,
2369 3425 2430 3470 ut
2451 3425 2664 3486 gestare
2708 3427 2904 3466 aurum
2933 3408 3274 3466 desinerent.
3325 3417 3427 3457 nec
3454 3414 3566 3455 non
3602 3397 3640 3454 ii
3671 3397 3767 3467 qui

2186 3509 2394 3565 veteris
2427 3509 2619 3563 Romae
2651 3504 2948 3575 imperium
2986 3496 3467 3559 administrabant,
3499 3490 3770 3547 consultis

2187 3598 2407 3668 utrique
2441 3607 2497 3652 et
2527 3595 2766 3650 decretis
2819 3591 3099 3662 publicis,
3156 3588 3333 3656 iisque
3373 3581 3766 3638 inconcussis:

2187 3692 2265 3748 illi
2294 3697 2526 3761 prepter
2555 3686 2810 3747 Leuctris
2849 3691 3130 3752 acceptam
3168 3697 3196 3734 a
3228 3677 3508 3734 Thebanis
3531 3675 3766 3740 cladem,

2186 3800 2311 3841 eum
2340 3785 2514 3840 robur
2541 3782 2750 3852 Spartae
2778 3779 3021 3833 militare
3052 3783 3226 3830 totum
3262 3773 3372 3827 lere
3402 3771 3650 3826 excisum
3685 3776 3771 3822 est

2184 3877 2390 3932 virtute
2418 3874 2569 3929 illius
2611 3867 3008 3942 Epaminondae
3031 3907 3046 3931 ,
3083 3867 3176 3936 qui
3213 3875 3327 3919 tum
3356 3862 3561 3918 Boeotis
3590 3861 3769 3930 impe-

2187 3968 2348 4023 rabat
2382 3984 2397 4021 :
2431 3965 2488 4020 1ιί
2522 3980 2678 4028 vero,
2709 3978 2777 4018 eo
2825 3961 2970 4031 quod
3018 3958 3255 4014 Annibal
3297 3951 3768 4024 Carthaginiensis

2186 4059 2240 4112 in
2267 4056 2547 4113 Cannensi
2595 4069 2726 4122 agro
2753 4095 2767 4118 ,
2799 4053 2945 4122 apud
2994 4048 3247 4105 Auﬁdum
3282 4047 3484 4102 ﬂumen
3508 4086 3522 4109 ,
3553 4043 3769 4114 magnis

2186 4148 2319 4211 illis,
2353 4160 2490 4216 quas
2523 4143 2592 4200 de
2625 4144 2886 4199 Romanis
2917 4148 3332 4210 reportaverat,
3365 4134 3616 4192 victoriis
3664 4149 3769 4188 no-

2186 4239 2408 4294 vissima
2431 4236 2664 4307 adjecta,
2689 4243 2909 4290 coactas
2945 4233 3001 4287 in
3042 4246 3211 4286 unum
3240 4231 3419 4284 locum
3453 4228 3771 4282 innumera-

2186 4334 2326 4389 biles
2352 4333 2743 4388 ‘Romanorum
2781 4329 2970 4399 c0pias
3009 4327 3083 4382 ita
3135 4323 3479 4396 proﬂigavit,
3513 4330 3574 4376 ut
3617 4320 3769 4390 largo

2186 4439 2385 4479 cruore
2439 4423 2626 4478 tinctis
2662 4419 2944 4482 ﬂuetibus,
2992 4433 3102 4472 non
3161 4432 3228 4471 ex
3273 4430 3430 4484 aquae
3463 4413 3559 4468 sed
3587 4425 3769 4468 esan-

2195 4515 2377 4587 guinis
2398 4514 2641 4570 fontibus
2670 4510 2912 4568 derivari
2943 4508 3122 4564 amnis
3153 4507 3458 4563 videretur.

2248 4689 2339 4746 Vl.
2370 4688 2525 4744 Nune
2557 4703 2713 4751 vero,
2749 4689 2904 4754 quasi
2935 4689 3119 4744 edicto
3158 4689 3344 4758 aliquo
3385 4696 3528 4742 totas
3568 4688 3771 4742 Bonna-

2179 4796 2383 4835 nornm
2421 4772 2588 4836 urbes
2639 4793 2830 4850 suapte
2864 4788 3159 4850 pervagato
3186 4820 3200 4842 ,
3234 4779 3314 4834 sic
3366 4795 3467 4833 usu
3500 4779 3684 4845 venit,
3713 4789 3771 4833 ut

2181 4869 2367 4924 nltllus
2391 4870 2493 4931 vir,
2531 4869 2678 4923 nulla
2707 4869 2909 4924 mulier
2950 4881 3102 4923 veste
3137 4869 3428 4930 candente,
3462 4869 3554 4923 sed
3580 4885 3773 4923 attines

2184 4959 2328 5027 pulla
2367 4969 2680 5023 uterentur;
2713 4959 2805 5013 alii
2837 4959 3029 5014 dolore
3055 4961 3240 5030 aliquo
3271 4961 3445 5018 semel
3473 4970 3766 5030 prtecepto,

2191 5051 2282 5106 alii
2315 5065 2664 5105 communem
2706 5067 2769 5106 ac
2817 5051 3093 5121 publicam
3135 5053 3310 5107 vicem
3343 5061 3399 5107 et
3429 5068 3655 5106 suorum
3691 5053 3770 5105 vi-

2191 5144 2340 5198 vium
2371 5143 2670 5196 infortunia
2725 5141 3006 5206 dolentes;
3041 5145 3114 5198 ita
3146 5156 3204 5199 ut
3231 5163 3339 5199 non
3373 5147 3584 5200 civitati
3619 5144 3769 5200 reire

2181 5235 2417 5305 publica:
2450 5234 2629 5290 simile
2661 5247 2803 5290 esset
2841 5237 3146 5292 Romanum
3181 5237 3507 5308 imperium,
3541 5236 3634 5289 sed
3669 5237 3769 5288 ob-

2183 5343 2343 5381 scura
2406 5327 2654 5396 quaedam
2713 5327 2874 5398 753
2934 5329 3228 5384 simulacra
3284 5329 3404 5383 luce
3459 5329 3765 5382 carentium

2181 5434 2304 5474 esse
2359 5419 2705 5485 viderentur,
2753 5436 2875 5490 qure
2930 5436 2961 5476 e
3013 5421 3318 5491 longinquo
3373 5419 3478 5475 sibi
3527 5420 3766 5474 invicem

2183 5513 2339 5582 quasi
2375 5512 2742 5582 przedicarent
2797 5513 3052 5569 intimum
3099 5516 3264 5569 animi
3300 5514 3589 5579 dolorem;
3637 5527 3765 5568 eum

2185 5621 2403 5676 nempe,
2442 5621 2604 5676 quem
2639 5607 2935 5679 unicuique
2967 5625 3075 5665 non
3109 5608 3310 5664 desinit
3354 5608 3632 5664 cumulate
3676 5623 3766 5662 ex-

1841 5725 2177 5785 Variorum
2214 5732 2401 5783 nota).

565 5832 638 5888 (ll)
667 5829 842 5898 Atque
878 5827 1008 5882 hinc
1035 5826 1302 5883 discimus
1329 5844 1356 5882 a
1385 5843 1494 5897 quo
1539 5824 1828 5898 exstructi
1862 5825 2069 5898 fuerint

496 5902 637 5954 mu.i
674 5896 766 5953 illi
801 5899 1115 5967 obnitentrs
1143 5909 1381 5969 quatuor
1408 5897 1707 5968 majoribus
1739 5897 1863 5966 pilis
1903 5896 2068 5952 susti-

2180 5823 2453 5896 nent'bus
2508 5825 2977 5891 hemisplmrrinm,
3031 5827 3100 5881 de
3172 5827 3376 5896 quibus
3436 5825 3647 5892 egimus
3703 5822 3757 5878 in

2179 5892 2584 5964 (Ιυιιδιίιηεὶιιορ.
2637 5897 2828 5952 Christ.
2869 5901 2961 5952 lib.
3003 5915 3082 5962 ιιι,
3121 5892 3253 5953 seet.
3300 5899 3388 5952 56.
3447 5897 3682 5951 lle-casa.
