4064 6434
423 309 536 370 903
723 300 800 368 [Α.
840 315 896 355 ιι.
933 296 1096 358 6854.
1135 313 1248 354 txn.
1294 294 1385 368 14]

1634 300 2055 362 ΝΙΟΕΡΗΟΠΙ
2095 301 2298 362 GREG
2308 299 2478 361 Oli/li

2801 296 2935 369 [utin
2977 311 3020 353 ι.
3058 311 3294 353 ΡΑιεοι..
3335 297 3393 370 5]
3570 305 3604 365 9
3639 305 3671 364 6

424 416 736 486 paenitebit,
767 416 977 486 pudore
1005 413 1284 479 allectum,
1321 424 1377 469 et
1411 413 1468 468 in
1500 413 1752 468 maximis
1779 413 2000 485 pericli-

2111 429 2231 468 ται·
2267 417 2350 468 σοὶ
2384 415 2431 468 δ’
2469 415 2624 466 ἔσται
2655 412 2965 483 μετάμελος
3002 414 3281 484 ἀνόνητος,
3299 413 3674 484 αἰσχυνομένῳ

427 517 656 570 tantem,
703 522 827 561 cum
876 505 944 561 iis
971 506 1067 576 qui
1099 504 1292 560 eadem
1326 514 1507 559 tecum
1559 506 1855 560 senserint.
1889 504 2005 574 Ego

425 613 560 652 vero
611 606 1019 654 sacrosanctam
1070 596 1383 665 almamque
1431 595 1784 658 Trinitatem,
1831 595 2005 650 Deum

428 690 670 754 unicum,
698 690 846 759 juro,
882 703 969 742 me
998 701 1101 741 nec
1132 687 1260 741 vivo
1286 685 1426 741 diva:
1456 685 1734 742 memoriae
1767 686 2007 756 impera-

431 792 569 846 tore,
602 796 705 836 nec
730 781 922 835 eodem
958 790 1200 844 mortuo,
1235 778 1558 833 meditatum
1595 794 1716 833 esse
1745 789 1838 832 aut
1871 793 2006 832 con-

428 873 679 928 stituisse
714 873 1014 943 quidquam
1049 870 1254 934 facere,
1288 871 1436 940 quod
1467 885 1572 926 non
1607 871 1682 924 illi
1716 871 2004 940 probatum

427 965 648 1030 fuisset,
686 975 953 1032 quantum
1004 963 1216 1017 scilicet
1265 965 1332 1017 ad
1388 963 1739 1032 imperatoria
1789 962 2006 1031 negotia

425 1055 738 1118 attinuerit,
770 1071 880 1109 non
929 1053 1154 1124 quidem
1191 1054 1455 1109 adversus
1500 1055 1648 1109 illius
1696 1054 2005 1124 coniugem,

429 1161 613 1217 neque
658 1149 823 1201 etiam
859 1147 1122 1202 adversus
1151 1147 1428 1216 iuniorem
1471 1145 1884 1215 imperatorem,
1913 1161 2008 1200 eo-

431 1254 548 1292 rum
581 1239 789 1302 tilium;
823 1253 1001 1307 neque
1031 1237 1296 1291 honorem
1323 1237 1497 1299 illum,
1524 1251 1684 1304 quem
1718 1237 1850 1290 mihi
1885 1249 2010 1306 post

431 1327 782 1396 imperatoris
805 1336 1036 1382 mortem
1066 1328 1306 1398 propriis
1325 1327 1485 1397 equis
1513 1327 1832 1382 desilientes
1855 1327 2006 1383 obvii

429 1417 635 1486 quique
663 1417 994 1482 tribuebant,
1022 1417 1090 1472 de
1123 1417 1396 1472 sententia
1427 1432 1546 1471 mea
1575 1416 1708 1470 mihi
1735 1431 2005 1487 unquam,

431 1507 526 1560 sed
568 1507 790 1576 prOprio
833 1507 1072 1576 quodam
1105 1507 1326 1561 illorum
1358 1506 1518 1577 757
1551 1515 1724 1573 motu,
1765 1507 2007 1561 delatum

430 1595 622 1650 fuisse.
657 1596 947 1651 Enimvero
989 1597 1126 1650 nihil
1176 1612 1285 1651 non
1335 1598 1436 1652 feci
1488 1599 1688 1666 quovis
1738 1607 2007 1667 tempore,

433 1688 571 1742 meis
595 1687 759 1743 etiam
789 1688 1076 1757 impensis,
1104 1704 1215 1758 quo
1239 1689 1556 1744 conservari
1585 1704 1776 1743 eorum
1811 1690 1922 1744 vita
1952 1701 2009 1744 et

2109 510 2204 562 καὶ
2225 505 2593 560 κινδυνεύοντι
2623 506 2852 575 περὶτὰ
2909 505 3166 575 μέγιστα,
3219 505 3315 558 σύν
3355 521 3418 572 γε
3452 505 3518 575 δὴ
3563 509 3674 567 τοῖς

2104 597 2280 651 ταυτα
2327 612 2412 648 σοι
2471 593 3028 664 συμϐουλευομένοις.
3067 593 3312 661 Ὄμνυμι
3361 591 3418 644 δέ
3467 607 3549 642 σοι
3578 591 3676 659 τὴν

2107 690 2269 758 ἁγίαν
2319 690 2412 742 καὶ
2468 687 2784 758 ζωαρχικὴν
2819 687 3046 757 Τράδα,
3093 686 3184 738 τὸν
3245 685 3342 738 ἕνα
3394 684 3547 744 Θεὸν.
3598 683 3674 746 ώς

2105 777 2230 833 οὔτε
2266 779 2469 844 ζῶντος
2497 778 2590 830 τοῦ
2627 775 2936 846 μακαρίτου
2996 774 3284 844 βασιλέωη
3318 773 3441 826 οὔτε
3493 772 3678 825 θανὸι-

2107 889 2222 936 τος,
2263 888 2329 941 με
2339 871 2617 940 μελέτηκα
2641 868 2772 922 οὔτε
2795 865 3156 937 βεϐούλευμαι
3188 866 3320 935 δρᾷ-ι
3367 864 3474 917 τῶν
3498 865 3677 918 ἁιτάν-

2108 981 2216 1018 των
2245 963 2420 1029 οὐδὲν,
2448 961 2476 1015 ὃ
2507 960 2746 1031 μὴκατὰ
2777 959 3006 1028 γνώμην
3035 953 3103 1028 ἦν
3133 957 3348 1024 ἐκείνῳ,
3380 955 3486 1008 τῶν
3520 954 3676 1026 βασι-

2111 1055 2273 1109 λείων
2295 1055 2459 1109 ἕνεκα
2488 1053 2832 1123 πραγμάτων
2869 1050 3092 1121 δηλαδὴ,
3123 1049 3247 1102 οὔτε
3279 1048 3384 1119 μὴν
3409 1048 3549 1102 κατὰ
3574 1045 3678 1115 τῆς

2109 1147 2323 1202 ἐκείνου
2351 1145 2612 1214 συζύγου,
2667 1143 2779 1199 οὔτ’
2814 1143 2882 1197 αὖ
2927 1143 3072 1196 κατά
3098 1139 3195 1194 τοῦ
3255 1141 3378 1194 νέου
3412 1139 3677 1208 βασιλέως

2109 1239 2381 1292 κάκείνων
2422 1237 2604 1300 υἱέοςο
2637 1236 2752 1290 οὗθ’
2801 1236 2869 1307 ἢν
2920 1234 3206 1288 ἀπεδίδουν
3261 1233 3399 1303 μετὰ
3457 1232 3545 1284 τὸν
3579 1230 3674 1284 τοῦ

2114 1331 2382 1402 βασιλέως
2405 1330 2636 1384 θάνατον
2667 1327 2955 1404 βασιλικὴν
2983 1326 3171 1396 ἔμοιγε
3199 1325 3387 1394 τιμὴν,
3447 1325 3506 1376 ὲν
3557 1325 3677 1386 ταῖς

2111 1421 2450 1489 ὑπαντήσεσι
2499 1419 2609 1473 τῶν
2663 1419 2879 1472 οἰκείων
2955 1417 3259 1479 ἀποϐάντες
3319 1416 3522 1481 ἵππων,
3577 1415 3678 1482 τῆς

2110 1516 2254 1586 ἐμῆς
2288 1513 2556 1583 ἐτύγχανε
2582 1509 2832 1579 γνώμης,
2865 1507 3002 1563 ἀλλά
3029 1525 3112 1571 τις
3138 1506 3433 1577 ίδιότροπος
3454 1505 3678 1558 ἐκείνων

2108 1607 2279 1676 ὁρμή.
2323 1603 2468 1672 Ἐγὼ
2501 1602 2558 1655 δὲ
2594 1602 2751 1656 πάντ’
2780 1601 2950 1672 ἔδρων
2981 1600 3071 1654 ἀεὶ
3133 1598 3273 1669 μετά
3308 1598 3408 1665 τῆς
3466 1596 3679 1650 οἴκοθεν

2110 1699 2378 1768 δαπάνης,
2437 1697 2538 1750 ὅσα
2572 1694 2906 1765 συντήρησιν
2939 1688 3054 1763 εἶχε
3108 1692 3207 1760 τῆς
3269 1689 3474 1744 τούτων
3509 1687 3678 1756 ζωῆς,

432 1779 627 1834 salutis
659 1779 976 1849 praesidium
1022 1780 1090 1834 iis
1133 1780 1337 1835 muniri
1374 1789 1576 1849 posset.
1623 1779 1743 1834 Non
1789 1794 2008 1848 semper

2112 1791 2208 1844 καὶ
2238 1786 2545 1857 ἀσφαλείας
2600 1788 2786 1855 σφίσιν
2840 1785 3089 1855 ὑπῆρχεν
3118 1782 3438 1855 ἀκρόπολις.
3461 1781 3532 1834 Οὐ
3563 1781 3680 1832 τοί-

437 1871 639 1939 itaque,
667 1871 883 1939 opinor,
913 1871 1100 1925 divina
1135 1871 1338 1928 tacebit
1377 1871 1614 1938 iustitia,
1661 1885 1786 1925 cum
1826 1880 2004 1925 vestra

438 1959 492 2013 in
527 1976 612 2014 me
635 1970 690 2015 et
713 1975 866 2015 meos
888 1961 1150 2031 iniquitas
1172 1976 1240 2016 eo
1270 1963 1618 2032 proruperit;
1643 1976 1768 2016 cum
1790 1960 2010 2032 sangui-

435 2053 522 2128 nis
553 2062 762 2106 tantum
805 2053 1041 2109 ell‘usutn
1073 2054 1180 2118 sit;
1216 2069 1341 2110 cum
1381 2065 1460 2108 tot
1492 2055 1648 2109 factae
1679 2055 1812 2118 sint,
1843 2062 2009 2123 atque

433 2145 732 2198 ttiamnum
779 2148 910 2200 tiant
949 2147 1110 2215 culpa
1154 2157 1357 2213 \estra,
1405 2146 1703 2201 barbaricae
1735 2146 2010 2200 incursio-

435 2253 569 2300 nes;
609 2255 732 2292 cum
764 2239 1000 2308 denique
1032 2249 1111 2292 tot
1143 2239 1347 2308 captivi
1385 2248 1548 2293 noctu
1593 2237 1798 2308 pariter
1823 2246 1878 2291 et
1921 2237 2007 2290 in-

435 2331 616 2385 terdiu
649 2331 1014 2386 abducantur.
1061 2330 1168 2389 Sed
1219 2331 1427 2386 celeres
1469 2346 1500 2385 a
1548 2331 1703 2385 vobis
1752 2338 1808 2384 et
1847 2343 2009 2400 pares

437 2423 646 2476 meritis
676 2438 865 2492 ptenas
893 2432 1281 2493 persequetur,
1308 2421 1390 2477 uti
1423 2421 1680 2476 nimirum
1713 2436 1742 2474 a
1771 2419 2006 2485 caeteris,

435 2526 576 2580 quos
607 2521 822 2568 tacente
851 2528 957 2577 me,
990 2513 1092 2567 sub
1121 2513 1294 2568 oculis
1323 2513 1545 2578 vestris,
1579 2521 1640 2568 ut
1680 2527 1777 2566 vos
1818 2510 2011 2568 alienis

434 2603 685 2658 cladibus
705 2605 1084 2671 erudit-emitti,
1111 2605 1358 2661 divinum
1385 2620 1588 2660 numen
1621 2603 1768 2659 l'crro
1793 2605 2013 2660 absum-

437 2697 566 2766 psit.
595 2696 752 2764 Quod
795 2698 841 2752 si
891 2699 999 2753 mei
1046 2713 1213 2753 causa
1267 2707 1472 2753 tantam
1518 2698 1703 2764 animo
1745 2698 2010 2755 adversus

432 2803 628 2844 omnes
656 2788 1003 2844 Christianos
1049 2790 1196 2845 alitis
1244 2790 1664 2856 immanitatem,
1713 2800 1768 2844 et
1816 2793 2020 2860 quovis

435 2883 581 2935 ferro
628 2880 888 2952 rigidiora
917 2880 1082 2936 corda
1113 2881 1325 2952 geritis,
1366 2882 1548 2936 omnis
1586 2887 1770 2936 autem
1803 2893 1860 2937 et
1894 2897 2012 2937 mo-

436 2971 651 3025 deratio
677 2983 736 3026 et
767 2971 1152 3028 misericordia
1181 2970 1351 3025 semel
1385 2969 1612 3025 omnino
1645 2985 1676 3026 e
1704 2971 2011 3027 visceribus

2112 1902 2211 1939 νυν
2236 1884 2541 1954 σιωπήσειν
2576 1883 2656 1945 είς
2687 1881 2844 1944 τέλος
2898 1880 2999 1950 τὴν
3048 1878 3200 1932 θείαν
3253 1877 3435 1944 οῖομαι
3497 1873 3676 1944 δίκην,

2108 1974 2385 2045 τοσαύτης
2417 1976 2516 2045 μὲν
2579 1971 2842 2041 ῥαγείσης
2907 1971 3029 2025 κατ’
3090 1968 3224 2040 ἐμοῦ
3280 1969 3375 2021 καὶ
3424 1965 3529 2019 τῶν
3580 1966 3682 2019 σὺν

2111 2066 2240 2135 ἐμοὶ
2285 2067 2385 2136 τῆς
2429 2064 2646 2128 ἀδικίας
2677 2063 2747 2130 ἐξα
2767 2062 2946 2133 ὑμῶν,
2998 2059 3353 2116 τοσούτωνοδὲ
3409 2058 3681 2130 χυθέντων

2111 2154 2384 2225 αἱμάτων,
2442 2154 2713 2208 τοσούτων
2769 2153 2826 2207 δὲ
2873 2153 3186 2223 γενομένων
3239 2150 3335 2205 καὶ
3385 2148 3679 2218 γινομένων

2110 2248 2198 2301 διὰ
2229 2249 2326 2318 τὴν
2355 2247 2629 2318 ὑμετέραν
2669 2246 2871 2301 κακίαν
2916 2245 3120 2314 ἐφόδων
3157 2241 3530 2312 βαρὸαρικῶν,
3560 2255 3681 2292 τοσ-

2111 2340 2288 2395 ούτων
2311 2341 2356 2394 δ’
2383 2340 2748 2410 αἰχμαλώτων
2779 2338 2997 2408 νύκτωρ
3039 2337 3136 2389 καὶ
3159 2336 3277 2405 μεθ’
3307 2334 3520 2403 ἡμέραν
3541 2333 3680 2383 ἀπαο

2112 2433 2395 2503 γομένων·
2426 2432 2565 2486 ἀλλά
2601 2434 2827 2502 ταχεῖαν
2881 2431 2978 2484 καὶ
3011 2428 3348 2499 ἀποχρῶσαν
3409 2426 3504 2479 καὶ
3555 2423 3676 2478 καθ⁹

2112 2524 2268 2595 ὑμῶν
2293 2523 2535 2577 ἐποίσειν
2571 2523 2670 2595 τὴν
2701 2522 3007 2591 ἐκδίκησιν,
3037 2521 3228 2590 ῶσπερ
3255 2521 3392 2591 δῆτα
3421 2519 3512 2572 καὶ
3539 2518 3677 2572 κατὰ

2109 2618 2218 2670 τῶν
2270 2615 2469 2680 ἄλλων,
2531 2615 2624 2675 οὓς
2677 2613 2838 2685 ἔργον
2887 2613 3098 2680 ξίφους,
3143 2609 3279 2681 ἐμοῦ
3343 2610 3672 2674 σιωπῶντος,

2111 2705 2416 2776 ἐπεπράχει
2453 2703 2515 2758 τδ
2554 2703 2700 2759 θεῖον
2759 2703 2866 2774 πρὸ
2887 2701 3184 2772 ὀφθαλμῶν
3215 2701 3390 2772 ὑμῶν,
3430 2701 3496 2754 ἵν’
3521 2702 3673 2771 ὑμεῖς

2110 2798 2229 2860 τοῖς
2281 2797 2391 2851 τῶν
2446 2795 2626 2850 ἄλλων
2674 2797 2866 2859 κακοῖς
2909 2793 3313 2863 παιδευθείητε.
3362 2795 3426 2848 Εί
3491 2795 3673 2863 μέντοι

2109 2890 2378 2959 τοσαύτην
2413 2887 2683 2958 ἐθρέψατε
2741 2885 2811 2940 δι’
2851 2886 2952 2956 ἐμὲ
2989 2886 3091 2957 τὴν
3155 2885 3450 2956 θηριωδίαν
3500 2887 3558 2940 ὲν
3606 2889 3671 2958 τῇ

2110 2979 2255 3052 ψυχῇ
2285 2978 2427 3034 κατὰ
2453 2979 2670 3033 πάντων
2699 2977 2886 3041 ἁπλῶς
2910 2977 3270 3047 Χριστιανῶν,
3324 2979 3417 3030 καὶ
3453 2977 3670 3047 σιδήρου

437 3063 670 3127 diluxit,
697 3063 858 3118 testis
883 3072 1004 3118 esto
1035 3062 1271 3132 primum
1301 3062 1524 3133 quidem
1550 3063 1665 3129 ille,
1693 3078 1724 3117 a
1755 3078 1867 3134 quo
1893 3079 2008 3119 ont-

2117 3074 2221 3143 μὲν
2254 3072 2460 3134 παντὸς
2494 3069 2865 3141 σκληροτέραν
2920 3066 3226 3140 ἐκτήσασθε
3276 3069 3377 3138 τὴν
3427 3069 3671 3139 καρδίαν,

438 3155 530 3208 nia
560 3152 995 3222 perspiciuntur,
1032 3152 1260 3222 pervigil
1287 3153 1384 3208 Dei
1417 3152 1612 3208 oculus
1644 3170 1658 3207 :
1690 3152 1891 3208 deinde
1920 3153 2008 3208 l'ax

439 3259 556 3314 Ipsa
589 3243 746 3308 solis,
785 3245 1124 3300 terrestrium
1163 3245 1411 3300 omnium
1457 3245 1660 3310 altrix;
1704 3259 1813 3310 me,
1861 3243 2009 3314 quod

433 3336 500 3389 ad
535 3351 622 3390 tne
659 3335 953 3400 attinebat,
983 3336 1361 3392 defensionem
1410 3351 1587 3390 meum
1630 3335 1849 3390 abunde
1878 3351 2008 3406 pro-

353 3427 356 3430 ’
438 3427 678 3488 itavisse.
719 3441 822 3482 nec
870 3428 1181 3484 rationibus
1230 3429 1366 3483 mihi
1402 3429 1655 3498 pluribus
1691 3443 1830 3498 opus
1863 3442 2008 3481 esse.

436 3518 597 3571 Omni
633 3517 799 3587 igitur
833 3519 1001 3572 animi
1041 3519 1327 3574 voluntate
1354 3533 1530 3588 genua
1568 3530 1657 3572 tua
1687 3517 2010 3587 amplector,

438 3618 618 3677 ttper
644 3609 892 3663 omnium
942 3625 1126 3665 rerum
1167 3609 1513 3665 conditorem
1553 3608 1787 3663 obsecro
1822 3617 1894 3672 te,
1945 3623 2012 3663 ne

440 3699 766 3769 negligentia
793 3709 882 3755 tua
909 3701 1147 3768 accidat,
1181 3709 1242 3756 ut
1271 3701 1389 3754 haec
1407 3711 1595 3754 nostra
1620 3699 1850 3769 epistola
1874 3699 2013 3754 obli—

437 3791 598 3846 vione
624 3801 720 3846 aut
745 3793 855 3846 alto
880 3792 1102 3848 silentio
1131 3806 1312 3846 mersa
1338 3791 1638 3858 obruatur;
1671 3791 1766 3847 sed
1801 3799 1862 3846 ut
1884 3807 2009 3846 cum

438 3882 646 3938 intimis
673 3899 738 3938 ac
771 3883 1099 3938 necessariis
1129 3881 1263 3946 tuis,
1300 3897 1426 3936 cum
1474 3881 1611 3937 viris
1659 3882 2013 3952 intelligenti-

443 3977 547 4028 l.us
583 3991 703 4030 eam
740 3975 1142 4030 communices.
1166 3973 1246 4028 lta
1280 3974 1482 4045 quippe
1507 3976 1743 4029 duorum
1774 3975 2009 4030 alterum

437 4067 686 4123 futurum
712 4080 818 4135 est,
844 4078 905 4124 ut
935 4079 1032 4123 aut
1054 4066 1300 4122 melioris
1322 4069 1537 4123 consilii
1567 4078 1842 4134 auctores,
1872 4081 2012 4138 quos

435 4176 690 4230 sequare,
743 4162 984 4228 habeas;
1032 4159 1198 4232 758
1251 4168 1351 4216 aut
1398 4162 1590 4216 saltem
1637 4175 1855 4227 eorum,
1889 4174 2012 4230 quae

438 4261 706 4322 geruntur
735 4255 1287 4324 qumque'accidunt,
1325 4253 1428 4325 ipsi
1463 4261 1630 4309 testes
1657 4253 1946 4306 exsistant.
1984 4268 2006 4304 ι

505 4525 569 4580 ν.
603 4524 808 4580 Rubris
839 4523 931 4579 ille
965 4524 1162 4580 litteris
1193 4533 1247 4577 et
1283 4519 1506 4591 prOpria
1538 4533 1699 4572 manu
1738 4533 1860 4573 cum
1894 4520 2010 4588 epi-

433 4619 628 4674 stolam
671 4617 888 4688 longins
920 4617 1288 4687 produxisset,
1318 4623 1374 4666 et
1433 4611 1660 4665 multam
1699 4613 1753 4667 in
1794 4613 2007 4684 suppli-

436 4708 612 4764 cando
661 4709 840 4778 pusilli
905 4706 1074 4760 animi
1139 4701 1588 4773 signiﬁcationem
1633 4701 1890 4767 dedisset,
1945 4714 2008 4759 ttt

434 4801 617 4857 medio
651 4809 958 4855 extremum
995 4793 1374 4863 responderet,
1399 4792 1700 4849 orationem
1734 4795 1806 4850 ibi
1834 4795 2006 4852 ferme

433 4891 728 4945 conclusit.
787 4875 899 4944 Nos
949 4899 1080 4940 vero
1136 4900 1257 4953 qua:
1313 4884 1379 4938 ad
1414 4899 1654 4954 pra-setis
1697 4885 2008 4941 institutum

435 4983 673 5036 maxime
728 4976 1104 5050 pertinebant,
1133 4976 1258 5032 inde
1301 4977 1701 5047 excerpsimus,
1725 4986 1781 5033 et
1815 4993 2009 5034 eorum

433 5073 836 5143 expositionem
895 5068 1001 5123 hoc
1057 5068 1199 5134 loco,
1265 5069 1338 5123 ita
1392 5078 1451 5124 ut
1497 5070 1833 5127 conveniens
1865 5082 2006 5139 erat,

433 5167 731 5220 edidimus.

2113 3164 2282 3232 φειδὼ
2311 3163 2369 3218 δὲ
2411 3166 2564 3218 πᾶσα
2617 3165 2711 3216 καὶ
2770 3158 2949 3225 οἶκτος
3004 3161 3152 3224 ἄπας
3200 3161 3451 3226 καθάπαξ
3506 3162 3671 3232 ἐρρύη

2113 3256 2225 3308 τῶν
2254 3255 2602 3323 σπλάγχνων,
2661 3253 2872 3324 μάρτυς
2929 3251 3067 3304 ἔστω
3088 3252 3322 3322 ,πρῶτον
3379 3251 3479 3320 μὲν
3533 3256 3561 3306 ὁ
3608 3253 3676 3306 τὰ

2112 3346 2296 3399 πάντα
2359 3344 2575 3414 βλέπων
2655 3343 2956 3412 ἀκοίμητος
3009 3341 3288 3412 ὀφθαλμὸς
3345 3343 3441 3397 τοῦ
3495 3343 3628 3397 Θεοῦ
3658 3362 3672 3376 ο

2113 3435 2368 3506 δεύτερον
2402 3432 2470 3496 δ’,
2498 3435 2532 3503 ὴ
2581 3433 2650 3486 τά
2677 3434 2859 3487 πάντα
2890 3432 3161 3501 βόσκουσα
3205 3435 3305 3487 τάν
3355 3436 3427 3502 γῇ
3454 3435 3677 3503 λαμπὰς

2113 3527 2289 3595 ἡλίου,
2321 3526 2397 3590 ώς
2429 3526 2490 3579 τό
2511 3525 2563 3594 γ’
2597 3526 2732 3594 ἐμὸν
2762 3525 3076 3579 παντάπασι
3133 3523 3300 3594 μέρος
3349 3525 3678 3596 ἀπολελόγη-

2116 3635 2242 3689 μαι,
2267 3617 2363 3670 καὶ
2395 3616 2660 3669 πλειόνων
2687 3615 2748 3666 οὗ
2795 3615 2988 3683 δέομαι
3037 3613 3232 3683 λόγων.
3297 3615 3573 3686 Ἀπτομαι
3632 3617 3676 3670 δ’

2112 3707 2206 3761 οὖν
2237 3709 2334 3761 καὶ
2362 3707 2473 3760 τῶν
2499 3707 2610 3759 σῶν
2637 3704 2882 3774 γονάτων
2942 3705 3128 3775 ἁπάσῃ
3182 3705 3439 3776 προθέσει
3476 3705 3676 3776 ψυχῆς,

2113 3802 2212 3856 καὶ
2237 3801 2374 3872 πρὸς
2401 3801 2493 3856 τὸν
2519 3801 2775 3855 ἀπάντων
2800 3798 3006 3869 ὁρκίζω
3042 3814 3102 3850 σε
3147 3797 3401 3868 ποιητὴν,
3455 3799 3533 3868 μὴ
3573 3815 3678 3851 κα-

2115 3893 2450 3962 τοκνήσανςι
2485 3891 2697 3960 γένοιτό
2738 3907 2821 3943 σοι
2848 3889 2949 3959 τὴν
2970 3888 3250 3961 ἡμετέραν
3298 3888 3504 3959 ταύτην
3545 3905 3680 3959 γρα-

2114 3983 2223 4053 φὴν
2255 3983 2430 4054 λήθης
2465 3982 2716 4036 ἐκδοῦναι
2756 3979 2955 4052 ῥοθίοις
2985 3982 3082 4034 καὶ
3141 3979 3404 4048 άφανείας
3438 3979 3678 4048 πυθμέσι

2115 4077 2378 4146 καλύψαι·
2414 4076 2551 4130 ἀλλὰ
2596 4075 2852 4127 κοινῶσαι
2889 4072 3063 4140 φίλοις
3097 4075 3193 4127 καὶ
3221 4072 3531 4140 συγγενέσι,
3564 4088 3680 4124 κοι-

2113 4169 2286 4223 νῶσαι
2321 4170 2561 4230 συνετοῖς
2617 4167 2906 4235 ἀνδράσιν⁹
2945 4165 3032 4217 ῖνα
3054 4164 3202 4219 δυοῖν
3246 4163 3493 4236 θάτερον,
3548 4165 3582 4235 ἢ
3613 4166 3681 4217 τὰ

2117 4241 2437 4312 συνοίσοντα
2467 4256 2904 4327 συμϐουλεύσασι
2937 4255 3221 4309 πείθεσθαι
3249 4256 3336 4328 [Ρ.
3367 4255 3495 4326 475]
3528 4257 3678 4327 ἔχῃς,

2113 4351 2150 4423 ἢ
2179 4351 2458 4421 μάρτυρες
2487 4347 2618 4417 γοῦν
2663 4347 2770 4402 τῶν
2805 4347 3104 4418 γινομένων
3144 4365 3202 4400 τε
3236 4349 3329 4401 xui.
3359 4348 3681 4402 ἀποϐαινόν-

2042 4430 2090 4485 Ῑ)
2116 4457 2225 4494 των
2269 4433 2382 4492 εἷεν
2415 4439 2592 4493 αὐτοί.
2622 4455 2641 4490 ι

2186 4532 2260 4585 E'.
2306 4531 2548 4594 Ἐκεῖνος
2579 4528 2680 4599 μὲν
2698 4528 2791 4583 οὖν
2815 4529 3069 4601 ὲρυθροζς
3089 4546 3146 4582 τε
3180 4530 3274 4583 καὶ
3304 4531 3681 4603 οίκειοχείροις

2117 4623 2198 4686 εἰς
2227 4622 2401 4693 μῆκος
2436 4621 2686 4684 ἐκτείνας
2734 4622 3029 4693 γράμμασι
3081 4622 3179 4694 τὴν
3227 4622 3514 4693 ἐπιστολὴν
3543 4623 3678 4695 (l3),

2118 4717 2213 4769 καὶ
2242 4713 2412 4784 πολλῇ
2437 4715 2504 4783 τῇ
2543 4712 2672 4782 περὶ
2714 4712 2814 4782 τὴν
2861 4712 3054 4783 δέησιν
3101 4713 3542 4784 σμικροπρεπείᾳ
3586 4711 3679 4767 τοῦ

2119 4806 2301 4876 ἤθους
2325 4804 2696 4875 χρησάμενος,
2751 4805 2838 4858 ἵνα
2870 4804 2946 4874 τῷ
2977 4805 3131 4874 ἄκρῳ
3183 4805 3276 4857 τοῦ
3315 4805 3484 4875 μέσον
3520 4803 3678 4874 τύχῃ,

2113 4897 2205 4950 τὸν
2251 4896 2409 4965 λόγον
2467 4893 2704 4949 ἐνταῦθά
2758 4911 2860 4947 που
2928 4895 3294 4949 κατέπαυσεν.
3359 4895 3551 4964 Ἡμεῖς
3598 4895 3677 4958 δὲ,

2112 4985 2561 5055 τάναγκαιότερα
2608 4985 2707 5055 τῆς
2755 4985 3067 5056 προθέσεως
3131 4985 3346 5037 ἐκεῖθεν
3431 4983 3680 5054 ὲρανισά-

2113 5094 2288 5148 μενοι,
2347 5076 2451 5148 τὴν
2509 5076 2896 5146 προσήκουσαν
2946 5059 3248 5146 έξεθέμεθα
3319 5073 3550 5146 δήλωσιν
3596 5075 3685 5127 έν·

2109 5169 2324 5224 ταυθοῖ.

1875 5277 2101 5335 CAPUT
2145 5281 2232 5336 IV.

437 5372 753 5453 l’utrt'arrha
790 5373 1225 5453 minoreltandem
1267 5373 1408 5453 fastu
1460 5373 1756 5453 respondet.
1810 5369 1934 5453 Sese
1965 5382 2012 5426 et
2064 5374 2976 5453 Cantacnaenttmpartimexcusat,
3017 5383 3210 5453 partim
3245 5383 3481 5453 damnat.
3516 5381 3680 5434 Rebus

504 5445 666 5511 lapsis
694 5444 1106 5496 succurrendum
1139 5459 1329 5498 censet.
1365 5443 1558 5497 Pacem
1596 5443 1866 5497 suadendo
1894 5446 2107 5498 Annam
2131 5448 2366 5515 offendit.
2399 5443 2573 5518 Hujus
2607 5452 2660 5504 in
2705 5443 3136 5506 Cantacusennm
3183 5463 3229 5506 et
3261 5451 3450 5506 Irencn
3481 5453 3675 5515 odium,

1767 5568 2106 5629 Variorum
2148 5577 2332 5632 notae.

504 5660 616 5744 ()3)
653 5661 798 5744 More
833 5653 1219 5735 imperatorum
1243 5665 1999 5742 Constantinopolitanorum,
2039 5667 2106 5724 dc
2128 5683 2237 5740 quo
2274 5668 2511 5726 diximus
2571 5669 2638 5724 ad
2666 5667 3006 5744 -Alexiadem
3071 5668 3352 5735 Annmam,
3402 5683 3523 5742 pag.
3572 5667 3678 5726 253

431 5727 716 5790 Natarum.
741 5727 974 5792 ncesse.
