4064 6442
415 325 523 387 997
827 317 904 391 [Α.
947 335 996 374 c.
1047 318 1200 392 l5itl]

1366 306 1859 386 lBYZANTIN/E
1899 325 2283 386 l-lIsTORI/E
2330 325 2476 389 LIB.
2521 326 2621 386 xv

2795 320 2932 393 [ιιιν.
2991 333 3046 377 t.‘
3080 335 3330 378 ρωποι..
3375 323 3432 395 5]

3572 327 3682 391 993

489 451 552 488 ea:
609 435 869 511 zelotypia
926 445 1144 511 natum;
1197 436 1313 505 fons
1352 437 1616 490 malorum
1651 439 1910 492 omnium.
1970 438 2310 494 Patriurchw
2361 448 2537 492 tamen
2585 447 2634 492 et
2678 441 2840 494 Iulius
2893 441 3056 495 curia:
3111 439 3419 510 Byzantina
3471 455 3687 511 gravior

491 522 652 574 quam
689 505 856 559 Anna:
889 505 1067 575 culpa.

491 621 578 676 Α..
605 621 696 689 αινῷ
721 638 786 688 γε
818 623 922 692 μὴν
948 623 1266 693 πατριάρχῃ
1324 623 1500 677 ταῦτα
1557 625 1844 694 ἀκηκοότι,
1909 626 2004 696 οὐχ

2107 607 2110 610 ’
2179 627 2221 682 1.
2248 625 2346 681 His
2397 624 2704 696 patriarcha
2761 625 2982 690 auditis,
3020 641 3129 679 non
3163 626 3358 680 eodem
3408 625 3551 679 fastu
3583 625 3686 678 has

421 709 540 766 οἷαν
573 713 712 767 κατὰ
772 715 880 767 τῶν
921 719 1052 786 πρὶν
1101 717 1497 786 πεμπομένων,
1560 717 1818 788 τοιαύτην
1869 720 1997 773 κάν·

426 805 602 858 ταῦθα
627 808 726 876 τὴν
755 807 929 878 ὀφρὺν
963 811 1276 874 ἐπεδείξατο
1300 825 1316 840 ⁸
1347 811 1463 862 ἀλλ’
1525 813 1582 875 ἐς
1607 811 1667 864 τὸ
1721 816 2000 883 σωφρονέ-

429 915 619 968 στερον
651 899 749 968 τὴν
788 899 1028 955 διάθεσιν
1050 902 1150 971 τῆς
1178 903 1359 971 ψυχῆς
1400 903 1506 956 ὑπὸ
1537 904 1650 954 τῶν
1671 905 1764 956 τοῦ
1805 905 2000 976 χρόνου

431 991 686 1060 κυμάτων
744 992 1108 1062 πεπεισμένος
1169 995 1393 1063 τρέπειν
1458 995 1639 1048 τοιάδε
1695 995 1815 1048 τινὰ
1864 999 2001 1048 ἀπε-

426 1079 697 1147 φἰἑγξατο
719 1096 733 1111 ·

501 1166 573 1223 ις’.
612 1190 630 1221 ι
678 1171 1043 1243 ’Λμφοτέροις
1071 1172 1282 1244 (φησὶν)
1311 1173 1537 1238 είκότως
1572 1176 1640 1229 ἄν
1693 1191 1788 1238 τις
1825 1178 2001 1244 ἐπιτι-

432 1264 648 1329 μήσειε,
696 1263 1140 1336 Καντακυυζηνῷ
1172 1283 1232 1318 τε
1267 1267 1458 1336 κάμοὶ,
1495 1267 1857 1338 ἀνθρωπίνως
1887 1267 2002 1319 δια-

429 1353 635 1406 τεθεῖσι
669 1354 808 1424 πρὸς
863 1355 963 1425 τὴν
1018 1357 1305 1428 παροῦσαν
1361 1359 1623 1428 σπουδὴν,
1671 1359 1766 1412 καὶ
1833 1358 2000 1429 μηδὲν

428 1443 760 1522 ὑψηλότερον
795 1447 1002 1500 ἐννοεῖν
1029 1449 1397 1520 βουληθεῖσιν,
1426 1452 1502 1512 ὡς
1546 1454 1594 1504 εί
1655 1452 1731 1521 μὴ
1765 1451 1872 1505 κᾶν
1933 1452 2001 1505 τὰ

425 1534 528 1601 τῆς
552 1533 763 1589 ἄνωθεν
798 1538 1270 1609 συνεπιλαμϐάνοι
1297 1544 1578 1613 προνοίας,
1612 1545 1840 1612 μάταιος
1856 1547 2000 1599 πᾶσα

430 1627 686 1691 καθάπαξ
734 1629 911 1682 εἰπεῖν
933 1631 1042 1683 τῶν
1089 1633 1395 1702 ἀνθρώπων
1423 1635 1654 1704 σπουδή.
1686 1634 1850 1687 Ὅθεν
1876 1635 1997 1703 ὀψὲ,

432 1717 569 1784 μετά
597 1717 817 1786 μακράν
855 1718 950 1768 καὶ
983 1719 1324 1789 δριμυτέραν
1356 1721 1456 1790 τὴν
1493 1725 1716 1790 πεῖραν,
1775 1721 1834 1773 τὸ
1879 1721 1998 1775 δέον

436 1806 728 1872 μανθάνειν
759 1811 1072 1880 ἀρχόμεθα,
1127 1811 1216 1863 ὅτε
1245 1811 1520 1882 δυσχερὴς
1555 1814 1589 1880 ή
1620 1812 1728 1864 τῶν
1750 1813 2002 1883 σφαλμά-

431 1916 540 1951 των
566 1900 685 1952 ἐστὶ
741 1899 1054 1971 διόρθωσις.
1111 1900 1170 1956 '0
1207 1903 1306 1973 μέν
1350 1903 1459 1974 γὰρ
1514 1905 1596 1966 εἰς
1640 1903 1732 1956 τὸν
1777 1903 2002 1974 βασιλέα

2102 720 2322 777 litteras
2353 717 2592 786 excepit,
2653 731 2762 785 quo
2794 718 3140 786 superiores;
3175 716 3270 771 sed
3321 717 3588 771 suadente
3623 715 3688 768 il—

2101 807 2208 862 iius
2243 807 2509 878 temporis
2546 805 2978 876 perturbatione.
3019 807 3185 861 animi
3233 808 3317 861 sui
3350 806 3686 860 sententiam

2100 900 2167 953 ad
2195 899 2475 955 meliorem
2515 899 2727 969 frugem
2778 900 3077 965 revocavit,
3105 909 3160 954 et
3190 899 3270 954 sic
3305 899 3478 954 ferme
3525 898 3684 952 locu-

2103 1002 2191 1046 tus
2215 1001 2296 1046 εει
2326 1009 2341 1046 2

2174 1171 2243 1226 ll.
2277 1191 2295 1223 ι
2330 1171 2633 1237 Ambobus,
2672 1171 2874 1240 inquit,
2920 1171 3120 1226 merito
3141 1171 3412 1242 quispiam
3444 1186 3684 1227 succen-

2101 1273 2219 1320 seat
2249 1273 2306 1319 et
2333 1264 2716 1320 Cantacuzeno
2744 1276 2801 1319 et
2827 1265 2981 1331 mihi,
3011 1264 3106 1334 qui
3139 1279 3259 1331 nos,
3294 1273 3354 1318 ut
3381 1265 3681 1319 humanum

2101 1365 2238 1420 erat,
2260 1357 2314 1410 in
2364 1358 2617 1426 praesenti
2662 1357 2884 1427 negotio
2929 1358 3219 1424 gessimus,
3251 1371 3316 1410 ac
3346 1371 3456 1408 non
3485 1355 3682 1410 altiora

2103 1447 2352 1516 quaedam
2380 1450 2624 1518 cogitare
2670 1449 2974 1514 voluimus;
3023 1448 3242 1502 inanem
3273 1446 3532 1501 videlicet
3559 1460 3683 1501 esse

2103 1553 2322 1595 onmem
2349 1541 2576 1594 omnino
2623 1540 2910 1594 hominum
2955 1537 3442 1608 diligentiammisi
3477 1547 3533 1592 et
3565 1552 3683 1591 cae-

2104 1628 2262 1684 lestis
2309 1629 2452 1684 adsit
2495 1631 2872 1686 Providentia.
2926 1629 3082 1684 Unde
3141 1631 3220 1692 lit,
3283 1637 3342 1681 ut
3390 1644 3429 1682 si
3449 1643 3536 1689 ro,
3562 1637 3686 1696 post

2106 1717 2325 1787 longam
2374 1729 2431 1773 ct
2485 1718 2742 1773 acerbam
2801 1718 3219 1788 experientiam,
3247 1717 3686 1787 quid'expediat

2107 1811 2220 1856 tum
2246 1803 2556 1874 intelligere
2593 1802 2941 1872 incipiamus,
2966 1819 3092 1856 cum
3121 1803 3342 1857 diilicile
3365 1811 3452 1857 est
3478 1803 3683 1857 nostris

2106 1895 2311 1949 mederi
2363 1895 2582 1949 erratis.
2617 1895 2832 1950 Etenim
2884 1896 2994 1961 hic,
3022 1911 3147 1950 cum
3188 1895 3255 1949 ad
3291 1895 3680 1963 imperatorem

429 1991 652 2063 Μιχαὴλ
689 1993 781 2047 τὸν
826 1968 1220 2064 Παλαιολόγοιί
1255 1968 1373 2065 τὴν*
1423 1968 1646 2066 μνήμην
1688 1968 1999 2063 ἀνενεγκὼν

2107 1987 2428 2042 Michaelem
2476 1968 2841 2058 Palieologum
2896 1989 3143 2042 animum
3197 1987 3500 2052 retulisset,
3529 2001 3679 2051 eum,

428 2081 718 2152 ἐμέμψατο
744 2083 844 2151 τὴν
870 2084 951 2146 είς
981 2083 1076 2138 τὸν
1121 2085 1216 2138 τοῦ
1255 2086 1682 2155 τελευτήσαντος
1737 2085 1999 2155 βασιλέως

428 2173 547 2225 υίδν
578 2175 792 2228 ἀδικίαν
818 2177 912 2228 καὶ
949 2177 1051 2244 τὴν
1108 2177 1203 2228 τοῦ
1273 2158 1548 2245 βασιλείου
1584 2177 1697 2248 (id)
1759 2179 1998 2246 κράτους

426 2265 752 2336 τυραννικὴν
797 2267 1116 2336 ἀντίληψινο
1157 2268 1254 2320 καὶ
1285 2267 1502 2335 βέλτιον
1543 2268 1576 2339 ἢ
1610 2268 1734 2322 κατ’
1789 2271 2000 2321 ἐκεῖνον

427 2361 512 2418 εἰς
550 2362 651 2428 τὴν
680 2359 940 2429 τοιαύτην
975 2361 1070 2412 καὶ
1097 2360 1259 2422 αὐτὸς
1293 2352 1635 2432 ἐληλυθέναι
1664 2361 2002 2432 βεϐουλημέ-

427 2467 516 2512 νος
539 2451 886 2522 ἐγχείρησιν,
908 2453 1073 2516 αὐτὸς
1123 2458 1225 2523 μὲν
1255 2453 1504 2516 ὑπούλως
1538 2453 1633 2508 καὶ
1671 2455 1805 2522 μετά
1833 2471 2000 2507 τινων

426 2541 725 2611 ἀπατηλῶν
759 2543 853 2596 καὶ
893 2545 1305 2614 σεσοφισμένων
1359 2545 1713 2614 προφάσεων,
1759 2545 1820 2598 τὸ
1852 2545 2002 2615 βασί-

425 2631 571 2685 λειον
602 2633 1017 2703 περιζώσασθαι
1047 2637 1250 2705 κράτος
1283 2635 1640 2706 βεϐούλευται
1665 2654 1680 2669 ο
1710 2639 1802 2691 τὸν
1826 2638 1882 2691 δὲ
1904 2638 2000 2690 τοὺ

425 2724 880 2794 τετελευτηκότος
925 2729 1040 2780 υίὸν
1101 2727 1366 2797 βασιλέως
1423 2728 1704 2799 εἰληφέναι
1751 2730 2002 2800 γαμὸίὸν

434 2816 527 2866 ἐπὶ
559 2815 793 2887 θυγατρὶ
825 2819 962 2888 πρὸς
994 2818 1249 2890 διαδοχὴν
1293 2821 1391 2890 τῆς
1427 2820 1735 2890 βασιλείας·
1769 2825 2000 2892 πρᾶγμα

431 2907 769 2979 δικαιότερον
803 2909 931 2972 ἴσως
960 2915 1055 2963 καί
1091 2911 1324 2980 ἥμερον,
1373 2911 1468 2965 καὶ
1515 2911 1695 2979 πάσης
1741 2911 2003 2982 μέμψεως

429 2997 721 3068 ὑπερόριον
753 2997 873 3068 ἔχον
915 2999 1006 3053 τὸν
1035 3001 1196 3054 πόδα.
1227 2995 1303 3054 Ob
1338 3004 1481 3056 κατά
1545 3003 1800 3076 βούλησιν
1847 3005 2000 3058 θείαν

429 3089 530 3141 οὑκ
563 3089 738 3153 ὄντος,
765 3090 838 3153 ὡς
862 3090 1029 3155 ἔοικε,
1063 3093 1477 3147 συνεπεπτώκει
1526 3097 1671 3166 κάμὲ
1709 3097 1850 3168 πρὸς
1884 3101 2003 3152 ἐπι-

430 3182 657 3250 σφαλεῖς
689 3182 927 3247 διανοίας
979 3185 1070 3237 τὸν
1124 3185 1250 3238 νοῦν
1292 3188 1541 3255 ἀγαγεῖν,
1602 3189 1698 3242 καὶ
1748 3191 2003 3258 πολέμιον

433 3274 654 3344 ἰσχυρὸν
702 3277 814 3337 τοῖς
865 3278 1075 3331 ἐκείνου
1136 3278 1398 3342 τοιούτοις
1454 3279 1785 3352 βουλεύμασι
1836 3299 2074 3368 κατα-ςΙ

432 3380 651 3433 στηναι,
685 3368 1100 3438 ἀναμνησθέντα
1128 3372 1227 3440 τῆς
1280 3369 1374 3422 τοῦ
1403 3371 1705 3440 τηνικαῦτα
1736 3391 2006 3444 πατριαρ-

430 3457 685 3526 χεύοντος
746 3459 1022 3530 Ἀρσενίου
1071 3463 1449 3534 νωθρότητος·
1497 3465 1565 3525 δι’
1613 3465 1702 3536 ἢν,
1751 3466 1828 3529 ὡς
1871 3469 2005 3537 ἡμῖν

427 3562 496 3614 γε
528 3548 866 3618 νενόμισται,
898 3551 1175 3622 ἐπιορκίαι
1218 3552 1471 3606 ποικίλαι
1498 3571 1556 3606 τε
1588 3557 1682 3607 καὶ
1712 3557 2006 3625 φρικώδεις

429 3637 776 3707 προῦϐησαν,
810 3638 897 3711 [Ρ.
919 3639 1051 3710 47ίί]
1089 3642 1184 3693 καὶ
1222 3643 1287 3694 τὰ
1320 3643 1419 3712 τῆς
1448 3643 1557 3696 τότ’
1587 3643 1802 3709 ἀδικίας
1829 3649 1921 3700 ἐπὶ
1948 3648 2008 3701 τὸ

433 3730 691 3798 μέγιστον
710 3731 1152 3800 προκεχωρήκει·
1175 3733 1248 3792 ὡς
1271 3735 1484 3786 ἐκεῖθεν
1499 3736 1597 3804 τῆς
1614 3736 1707 3788 τοῦ
1724 3739 1858 3790 θεοῦ
1876 3755 2007 3806 σφο-

430 3821 576 3890 δρῶς
593 3823 959 3894 ἐκκαυθείσης
991 3825 1184 3895 ὀργῆς,
1211 3826 1278 3878 τά
1296 3826 1532 3894 μέγιστα
1562 3829 1700 3883 κατά
1716 3831 2004 3900 Ῥωμαίων

431 3912 738 3982 βλαστῆσαι
758 3915 927 3981 κακὰ,
971 3915 1064 3968 καὶ
1105 3915 1353 3985 μακροὺς
1389 3918 1818 3989 κακοδαιμονίας
1847 3922 2006 3992 ἐγερ-

433 4003 594 4071 θῆναι
617 4005 758 4058 κατά
782 4005 890 4058 τῶν
919 4006 1117 4059 κοινῶν
1146 4007 1492 4077 πραγμάτων
1522 4009 1619 4062 καὶ
1644 4009 1854 4080 βιαίους
1881 4011 2009 4064 κλύ-

430 4094 606 4156 δωνας
638 4095 766 4166 ἄχρι
801 4097 897 4148 καὶ
931 4098 986 4160 ἐς
1019 4097 1118 4164 τὴν
1150 4099 1413 4168 τήμερον.
1452 4097 1632 4170 ᾬμην
1676 4102 1805 4170 γὰρ,
1843 4099 1919 4164 ὡς
1956 4103 2005 4155 εί

434 4183 618 4246 ζῶσαν
679 4185 818 4255 ἔχων
885 4185 1095 4248 ἐκεῖνος
1152 4187 1275 4239 τότε
1315 4187 1493 4258 ψυχὴν
1557 4189 1846 4244 ἀνθίστατο
1894 4193 2006 4255 τοῖς

430 4275 644 4328 ἐκείνου
674 4278 807 4347 περὶ
833 4277 931 4346 τῆς
966 4277 1244 4347 βασιλείας
1274 4278 1609 4348 βουλεύμασί
1637 4298 1694 4333 τε
1717 4283 1812 4334 καὶ
1830 4283 2008 4352 πράγ-

436 4381 629 4433 μασιν,
652 4366 834 4437 ἥκιστ’
871 4367 940 4421 ἀν
995 4368 1168 4438 δήπου
1214 4369 1460 4423 τοσαῦτα
1512 4371 1655 4425 κατά
1716 4371 2006 4442 Ῥωμαίων

432 4461 664 4528 ἐκέχυτο
689 4459 758 4512 τά
786 4459 958 4514 δεινά.
1007 4460 1173 4515 Ὅθεν
1201 4461 1299 4531 τὴν
1327 4463 1450 4514 τότε
1481 4465 1866 4533 προσήκουσαν
1907 4464 2007 4534 μὲν

437 4549 762 4616 θεραπείαν,
789 4549 992 4620 ἣκιστα
1026 4551 1081 4603 δὲ
1108 4553 1433 4622 γενομένην,
1457 4555 1515 4608 ἐν
1540 4557 1650 4617 τοῖς
1681 4554 1775 4608 νῦν
1795 4557 2006 4626 καιροῖς

2100 2079 2245 2149 quod
2297 2080 2646 2148 imperatoris
2701 2080 2943 2135 defuncti
2988 2079 3160 2134 lilium
3197 2079 3472 2133 aﬂ‘ecisset
3535 2078 3683 2148 inju-

2102 2171 2206 2233 ria,
2241 2171 2618 2241 ac.tyrannice
2664 2171 2719 2225 in
2777 2185 3046 2225 summam
3075 2177 3403 2240 potestatem
3441 2169 3680 2223 invasis-

2101 2264 2206 2318 set,
2241 2254 2593 2322 improbavit;
2664 2264 2721 2309 et
2782 2254 3068 2309 honestius
3130 2269 3295 2324 quam
3347 2253 3437 2308 ille
3487 2253 3680 2309 eadem

2101 2346 2320 2416 aggredi
2353 2347 2564 2410 volens,
2601 2347 2706 2402 sibi
2736 2347 2960 2418 quidem
2987 2347 3242 2411 subdole,
3273 2347 3534 2416 captiosis
3554 2347 3682 2415 qui-

2103 2439 2334 2493 husdam
2382 2450 2438 2494 et
2488 2441 2883 2495 commcntitiis
2925 2441 3231 2496 rationibus
3273 2440 3541 2510 allegatis,
3582 2441 3684 2493 im-

2103 2532 2434 2601 peratoriam
2484 2525 2865 2586 auctoritatem
2920 2532 3088 2602 759
3144 2547 3422 2603 arrogare,
3479 2534 3682 2588 mortui

2084 2631 2284 2676 autem
2331 2621 2678 2691 imperatoris
2726 2622 2895 2676 ﬁlium
2930 2638 3191 2693 generum
3231 2633 3288 2677 et
3317 2624 3533 2692 imperii
3561 2638 3687 2680 suc-

2102 2730 2379 2770 cessorem
2414 2715 2706 2771 adsumere
2742 2714 2990 2771 decrevit
3020 2734 3035 2770 :
3067 2715 3122 2770 id
3169 2716 3314 2787 quod
3345 2717 3548 2787 juslius
3575 2717 3684 2771 for—

2106 2817 2252 2863 tasse
2305 2809 2731 2879 benigniusque,
2771 2819 2825 2864 et
2856 2819 3011 2864 extra
3040 2824 3258 2864 omnem
3296 2809 3686 2879 reprehensio-

2106 2916 2230 2954 nem
2281 2903 2522 2970 positum
2573 2908 2709 2955 erat.
2746 2899 2853 2956 Sed
2890 2901 3018 2971 quia
3064 2901 3194 2965 alia,
3228 2912 3290 2955 ιιι
3319 2902 3557 2965 videtur,
3585 2903 3683 2957 Dei

2103 2993 2359 3048 voluntas
2409 2993 2531 3055 fuit,
2579 3008 2647 3048 eo
2693 2993 2895 3048 factum
2943 3003 3050 3055 est,
3084 3005 3145 3048 ut
3178 2995 3372 3064 etipse
3402 2995 3468 3048 ad
3499 2995 3687 3050 incau-

2107 3093 2187 3140 tas
2217 3084 2575 3154 cogitationes
2601 3084 2845 3138 animum
2876 3086 3238 3153 appellet-em,
3279 3095 3334 3140 et
3365 3087 3512 3140 hisce
3539 3087 3688 3140 illius

2104 3176 2351 3231 consiliis
2398 3176 2614 3230 hosmm
2668 3191 2753 3230 me
2786 3179 3116 3231 acerrimum
3169 3192 3526 3248 opponerem,
3560 3193 3686 3232 cum

2105 3269 2346 3332 Arsenii,
2390 3267 2482 3338 qui
2547 3267 2858 3338 patriarcha
2905 3270 3013 3324 illis
3058 3270 3400 3339 temporibus
3441 3270 3564 3333 fuit,
3600 3285 3688 3324 so-

2108 3357 2352 3412 cordiam
2403 3357 2588 3412 animo
2651 3367 3015 3427 reputasscm,
3042 3375 3141 3428 per
3193 3375 3358 3428 quam
3407 3359 3686 3421 ellcctum,

2110 3465 2232 3504 meo
2263 3448 2484 3520 quidem
2513 3448 2745 3519 judicio,
2770 3459 2832 3503 ut
2881 3449 2935 3504 in
2971 3452 3120 3504 varia
3151 3451 3537 3520 horrendaque
3568 3468 3691 3521 per-

2103 3542 2250 3612 juria
2284 3543 2480 3608 iretur,
2504 3552 2558 3597 et
2590 3557 2657 3596 ea
2689 3559 2810 3612 qua:
2849 3551 2963 3597 tum
2997 3543 3205 3598 exstitit
3240 3544 3436 3613 injuria
3471 3560 3693 3614 progre-

2109 3633 2335 3687 deretur
2386 3631 2744 3702 longissime;
2800 3633 2873 3686 ita
2929 3646 3010 3698 ut,
3041 3634 3268 3688 numine
3302 3635 3451 3703 gravi
3488 3635 3564 3688 ira
3600 3649 3690 3689 ac-

2108 3740 2299 3786 censo,
2325 3725 2558 3778 maxima
2589 3723 2716 3777 inde
2767 3723 2820 3776 in
2861 3724 3138 3778 Romanos
3174 3724 3494 3794 pullularint
3523 3726 3689 3786 mala.

2109 3829 2430 3884 magnaque
2457 3815 2510 3867 itt
2550 3815 2952 3884 rempublicam
3003 3816 3348 3871 calamitates
3378 3827 3434 3870 et
3469 3818 3690 3872 violenti

2108 3907 2175 3961 ad
2232 3907 2556 3961 hodiernam
2629 3922 2803 3976 usque
2862 3907 3008 3961 diem
3064 3905 3265 3964 ﬂuctus
3313 3908 3688 3977 proruperint.

2107 3993 2373 4048 Putabam
2403 3995 2572 4062 enim,
2611 3995 2658 4049 si
2707 3995 2776 4060 is,
2807 3995 2994 4049 animo
3029 3995 3142 4049 acri
3190 4006 3247 4050 et
3273 3995 3460 4050 vivido
3495 3996 3695 4066 pratdi.

2112 4095 2220 4150 tus,
2250 4086 2399 4140 illius
2435 4093 2566 4140 tunc
2596 4087 2665 4140 de
2697 4086 2932 4156 imperio
2963 4086 3274 4143 invadenda
3302 4088 3547 4142 consiliis
3578 4103 3696 4142 mo-a

2113 4178 2512 4247 litionibusqne
2564 4178 2891 4244 obstitisset,
2934 4179 3162 4234 mininte
3208 4180 3399 4249 utique
3430 4188 3510 4235 tot
3550 4181 3692 4234 mala

2110 4269 2484 4326 redundatura
2516 4270 2569 4323 in
2601 4269 2878 4325 Romanos
2911 4269 3104 4325 fuisse.
3137 4269 3464 4325 Medicinam
3499 4272 3690 4341 igitur,

2109 4376 2231 4430 quae
2273 4369 2387 4415 tum
2445 4371 2756 4431 Opportuna
2789 4362 3014 4431 quidem
3063 4371 3200 4426 erat,
3235 4361 3330 4417 sed
3371 4365 3690 4432 neutiquam

2108 4452 2253 4507 facta
2284 4463 2390 4517 est,
2429 4468 2554 4508 cum
2590 4454 2708 4523 ipse
2738 4453 2843 4508 hoc
2884 4464 3126 4524 tempore
3161 4465 3326 4524 atque
3373 4453 3475 4508 hoc
3506 4469 3691 4508 rerum

2111 4556 2256 4600 statu
2290 4546 2481 4600 vellem
2504 4545 2792 4611 adhibere,
2820 4555 2876 4600 et
2898 4547 3255 4616 cogitationes
3282 4548 3464 4602 animo
3482 4548 3694 4601 alet-cm

439 4641 536 4688 καὶ
563 4639 885 4706 πράγμασιν
914 4639 1326 4695 ἐπιδείκνυσθαι
1359 4642 1530 4696 θέλων
1559 4644 1744 4708 αὑτὸς,
1793 4646 1888 4698 καὶ
1914 4662 2005 4698 πο-

2115 4638 2306 4707 plenas
2350 4639 2523 4692 fastus
2565 4647 2621 4692 et
2661 4638 3014 4708 arrogantia',
3047 4640 3195 4691 omni
3252 4637 3436 4692 studio
3475 4639 3540 4691 ad
3567 4655 3696 4708 pcr-

439 4729 538 4782 λύν
570 4748 691 4785 τινα
722 4734 814 4786 τὸν
844 4731 1010 4797 τῦφον
1043 4735 1137 4786 καὶ
1183 4733 1282 4805 τὴν
1334 4735 1506 4806 όφρὶν
1576 4739 2010 4810 ἐπισυρομένους

440 4822 648 4894 θρέψας
673 4825 991 4893 λογισμοὺς,
1043 4825 1232 4897 ἁπάσῃ
1292 4827 1550 4896 προθέσει
1596 4827 1772 4898 ψυχῆς
1811 4830 1889 4891 εἰς
1919 4829 2010 4880 τὸν

441 4913 586 4964 κατά
609 4912 704 4966 τοῦ
742 4913 1201 4982 Καντακουζηνοὺ
1242 4915 1530 4985 διανέστην
1577 4917 1834 4986 πόλεμον,
1874 4917 2014 4987 λαμ-

440 5006 586 5073 πρὶς
615 5020 761 5068 τινος
785 5003 946 5074 δῆθεν
976 5006 1308 5077 προφάσεως
1336 5006 1475 5076 ἔχων
1504 5007 1696 5076 ἐφόδια
1735 5008 1869 5076 πρὸς
1900 5007 2012 5060 διέο

440 5111 653 5163 γερσιν,
680 5097 750 5150 τά
778 5113 838 5149 τε
868 5096 1004 5150 ἀλλα
1065 5098 1160 5151 καὶ
1207 5100 1355 5161 ὅπως
1408 5101 1472 5152 ἐκ
1521 5099 1614 5152 τοῦ
1670 5099 2012 5170 παραχρῆμα

443 5187 580 5255 πρὸς
639 5187 942 5258 ὑπεροψίαν
975 5189 1140 5260 ἤθους
1199 5190 1396 5244 ἐαυτὸν
1463 5193 1859 5261 μετεσκεύασε,
1915 5192 2012 5246 καὶ

439 5279 557 5345 ἅμα
583 5279 687 5332 κάν
713 5283 833 5342 ταῖς
879 5279 988 5333 τῶν
1015 5279 1232 5331 οἰκείων
1278 5280 1580 5332 ἐπιστολῶν
1613 5279 2012 5350 ἐπισημασίαις

439 5371 501 5418 τὸ
548 5367 780 5440 σύνηθες
810 5369 998 5423 δοῦλον
1051 5372 1346 5435 ἀπείπατο,
1397 5371 2013 5442 ἀφαιρούμενοςᾶντι-

438 5477 576 5528 κρυς
603 5463 802 5535 Ἀννης
829 5465 928 5535 τῆς
964 5465 1232 5535 βασιλίδος
1266 5464 1476 5518 καὶτοῦ
1519 5465 1723 5534 ταύτης
1764 5461 1884 5515 υίοῦ
1911 5461 2010 5531 τὴν

2118 4729 2461 4797 sequendum
2495 4729 2638 4783 bello
2659 4729 3105 4784 Cantacuzeuum
3134 4732 3282 4784 erexi
3318 4746 3444 4796 me;
3482 4731 3696 4799 specio-

2118 4833 2208 4874 sas
2261 4820 2518 4874 videlicet
2567 4821 2834 4890 quasdam
2889 4835 3124 4887 causas,
3176 4823 3379 4891 quibus
3437 4830 3695 4892 tanquam

2121 4913 2482 4967 irritamentis
2527 4921 2736 4977 uterer,
2765 4923 2880 4967 tum
2915 4914 3053 4970 alias
3100 4914 3333 4980 habens,
3373 4924 3490 4969 tum
3525 4920 3696 4970 maxi-

2119 5021 2228 5071 tne,
2255 5005 2401 5075 quod
2459 5005 2739 5075 ingenium
2787 5022 2950 5060 suum
3007 5007 3097 5062 ille
3145 5007 3211 5060 ad
3265 5009 3580 5077 superbiant
3613 5023 3698 5062 re-

2119 5106 2285 5168 pente
2349 5096 2708 5163 traduxisset,
2764 5114 2828 5152 ac
2877 5098 2932 5152 in
2981 5097 3220 5169 propriis
3259 5099 3506 5168 epistolis
3551 5099 3698 5152 obsi-

2114 5190 2349 5261 gnandis
2379 5190 2639 5244 usitatum
2671 5190 2908 5245 subditis
2930 5206 3140 5244 morem
3170 5190 3334 5261 760
3365 5191 3693 5254 abdicasset,

2116 5291 2282 5352 atque
2325 5280 2463 5336 adeo
2516 5281 2584 5336 ab
2620 5282 2975 5351 imperatrice
3033 5283 3191 5336 Anna
3243 5291 3298 5336 et
3335 5283 3404 5336 ab
3437 5281 3558 5350 ejus
3583 5280 3694 5333 lilio

2115 5387 2429 5442 supremam
2464 5383 2793 5442 potestatem
2818 5374 2996 5444 palam
3029 5373 3292 5429 auferret.
3328 5371 3606 5438 Quamobr
3641 5387 3693 5426 ιιι

2117 5474 2349 5534 uterque
2380 5464 2518 5520 nihil
2556 5465 2707 5520 aliud
2735 5466 2993 5536 fecimus,
3016 5467 3126 5524 nisi
3161 5474 3303 5522 totas
3330 5465 3552 5538 penitus
3583 5466 3694 5521 lio-

1779 5613 2111 5674 Variorum
2144 5619 2334 5675 noue.

504 5741 621 5815 (Μ)
648 5740 783 5798 Vide
811 5753 978 5812 supra
1001 5739 1097 5796 lib.
1137 5757 1209 5806 ιγ,
1235 5753 1357 5809 cap.
1388 5739 1440 5794 4.
1477 5738 1687 5794 Botvts.
