4064 6438
781 364 856 440 [Α.
897 383 946 424 c.
999 367 1150 441 ιδιη

391 367 524 438 lilii

1409 373 1863 435 ΒΥΖᾹΝΤΙῙῊΕ
1901 372 2286 437 IIlSTORUE
2325 377 2469 440 LIB.
2513 379 2636 440 XV.

2761 372 2891 446 [ιιιιι.
2941 388 2956 407 ν
3014 387 3246 430 ρωποι..
3290 375 3347 450 6]

3509 379 3659 447 1022

458 487 534 540 Z’.
587 485 648 538 Οί
686 483 786 551 μὲν
821 485 910 539 οὖν
945 485 1096 540 ἄλλοι
1146 485 1368 548 πάντες,
1419 487 1727 556 πολιορκεῖν
1767 487 1826 550 ἐς
1870 487 1938 554 τὴ

2044 533 2049 542 .
2146 488 2258 546 Vll.
2299 491 2379 545 Ac
2415 491 2508 546 alii
2544 492 2767 561 quidem
2801 511 2992 549 omnes
3020 497 3285 564 postridie
3317 497 3370 552 in
3402 500 3648 554 obsidio-

387 576 683 645 ὑστεραίαν
706 576 1043 646 αἱρούμενοι,
1076 579 1169 630 καὶ
1202 579 1301 647 τὴν
1333 580 1432 648 τῆς
1459 581 1615 648 νίκης
1646 582 1830 648 κρίσιν
1853 582 1992 642 τοίς’

385 666 573 728 ὅπλοις
597 667 1028 736 ἐπιτρέπειν,οὺ
1064 668 1210 736 μάλα
1239 670 1303 736 γέ
1341 688 1425 723 τοι
1457 673 1664 742 ἀρεστὰ
1697 671 1772 740 τῷ
1809 672 1963 740 βασι-

385 758 470 809 λεῖ
495 757 930 828 Καντακουζηνῷ
964 760 1366 830 προθυμεῖσθαι
1394 761 1665 816 ὲδόκουν.⁹
1687 761 1848 816 una
1872 763 1964 816 τὸν

385 849 532 917 αὐτῷ
565 851 770 918 συνήθη
799 853 994 918 τρόπον
1037 853 1319 907 κάνταῦθα
1351 855 1628 922 τηρούντι,
1663 857 1756 908 καὶ
1785 857 1956 926 χωρὶς

389 939 617 1004 αἵματος
652 940 915 1008 ἐμφυλίου
944 941 1012 992 τὰ
1060 943 1203 994 κατὰ
1251 941 1480 1011 γνώμην
1516 943 1692 995 τελεῖν
1727 943 1961 1013 οἰομένῳ

388 1032 594 1099 βέλτιον
637 1028 796 1093 εἶναι,
825 1037 916 1086 καὶ
953 1033 1217 1102 δευτέραν
1255 1035 1351 1086 καὶ
1391 1037 1582 1104 τρίτην
1613 1033 1771 1105 ἐπῄει
1819 1037 1963 1106 πέμ-

386 1139 508 1194 πειν
554 1123 871 1184 πρεσϐείαν,
921 1125 1016 1176 καὶ
1061 1124 1501 1192 ἀναμιμνήσκειν
1563 1125 1630 1178 τὰ
1691 1126 1956 1194 πρότερα,

384 1214 505 1264 ὃθεν
535 1231 592 1264 τε
640 1213 844 1280 ἤρξατο
876 1216 968 1266 καὶ
999 1216 1120 1266 ὅποι
1156 1219 1528 1282 πεπόρευται,
1573 1213 1668 1268 καὶ
1709 1217 1857 1278 ὅπως
1903 1217 1960 1278 ἒς

382 1307 622 1359 τοιοῦτον
644 1308 802 1360 ταυτὶ
835 1309 1142 1378 κατηνέχθη
1172 1309 1233 1362 τὸ
1273 1309 1464 1380 πέρας,
1495 1312 1552 1375 ἐς
1583 1313 1765 1364 ὁποῖον
1794 1311 1956 1372 αὐτὸς

386 1397 472 1446 ἀεὶ
506 1397 773 1464 προύλεγέ
800 1414 858 1450 τε
895 1399 989 1452 καὶ
1016 1397 1434 1468 διεμαρτύρετο,
1467 1397 1650 1466 κρύφα
1687 1416 1743 1450 τε
1777 1399 1867 1452 καὶ
1898 1399 1957 1460 ἐς

383 1483 681 1554 προῦπτον,
710 1489 804 1540 καὶ
824 1488 1052 1558 γράφων
1082 1491 1175 1542 καὶ
1203 1489 1664 1558 πρεσϐευόμενος.
1700 1492 1955 1560 ΙΙροσκα-

379 1579 673 1648 λεσάμενος
710 1575 806 1634 οὖν
859 1581 950 1634 τὸν
989 1581 1098 1643 τῶν
1148 1582 1432 1636 Φιλίππων
1483 1584 1806 1651 ἀρχιθύτην,
1863 1583 1956 1637 καὶ

378 1673 492 1726 ὅσοι
527 1673 620 1736 ξύν
651 1690 714 1740 γε
763 1675 912 1743 αὐτῷ
944 1675 1050 1744 πρὸ
1094 1675 1240 1729 δυοῖν
1270 1692 1376 1728 που
1405 1677 1518 1744 (45)
1551 1679 1664 1728 τοῖν
1685 1677 1954 1728 ἐνιαυτοῖν

377 1766 636 1836 πρέσϐεις
663 1769 799 1837 πρὸς
832 1770 931 1836 τῆς
963 1769 1232 1840 βασιλίδος
1267 1753 1868 1840 Ἀννηςέπέμφθτησαν
1894 1770 1952 1832 ἐς

377 1858 754 1928 Διδυμότειχον
783 1859 896 1913 ὄντι
924 1860 1092 1926 αὐτῷ,
1140 1861 1339 1932 διεξῄει
1359 1861 1542 1914 τοιάδε
1581 1879 1598 1896 ο
1883 1850 1888 1854 ”

451 1950 531 2004 H'.
575 1971 592 2002 ι
634 1949 805 2004 Πάλαι
840 1951 941 2018 μὲν
987 1953 1016 2005 ὁ
1064 1953 1292 2022 Κύριος.
1352 1953 1678 2020 ἀγανακτῶν
1731 1951 1826 2005 ἐπὶ
1873 1951 1951 2023 τῷ

373 2043 724 2112 ἠγαπημένῳ
771 2043 878 2096 τῶν
921 2045 1192 2098 Ἰουδαίων
1241 2043 1376 2114 λαῷ,
1412 2043 1504 2108 οὓς
1538 2045 1808 2115 πρότερον
1861 2044 1952 2098 διὰ

375 2132 617 2197 Μωσέως
663 2134 755 2186 τὸν
811 2135 975 2201 νόμον
1026 2133 1201 2196 διδοὺς
1246 2132 1666 2204 διεμαρτύρετο,
1727 2133 1947 2200 λέγων’

381 2245 399 2276 ι
433 2213 696 2300 Πρόσεχε,
718 2226 936 2298 ούρανδ,
967 2231 1058 2282 καὶ
1085 2227 1303 2298 λαλήσω
1322 2243 1335 2257 ·
1363 2228 1457 2281 καὶ
1478 2227 1720 2280 ἀκουέτω
1749 2227 1819 2297 γῆ
1852 2226 1950 2296 ῥή-

379 2337 526 2391 ματα
574 2323 639 2374 ἐκ
688 2320 955 2390 στόματός
986 2335 1125 2388 μουο
1155 2339 1175 2372 ι
1217 2319 1348 2380 τοὺς
1397 2317 1602 2383 αὐτοὺς
1649 2319 1788 2374 κάπὶ
1835 2321 1949 2382 τοῖς

371 2412 615 2484 ἐλέγχοις
663 2413 772 2466 τῶν
820 2411 1051 2483 ὕστερον
1099 2411 1468 2482 παραϐάσεων
1517 2411 1946 2482 διεμαρτύρατο,

369 2507 694 2562 διὰἩσαῖου
725 2506 900 2572 λέγων
924 2523 938 2537 ο
974 2525 992 2557 ι
1033 2507 1254 2571 'Axous,
1283 2505 1500 2574 οὑρανὲ,
1538 2506 1631 2558 καὶ
1668 2504 1946 2570 ἑνωτίζου,

369 2603 406 2672 ἡ
435 2601 541 2672 γῆξ
573 2603 721 2664 υἱοὺς
747 2601 1011 2670 ἐγέννησα
1044 2602 1138 2653 καὶ
1167 2597 1382 2665 ὕψωσα,
1423 2599 1579 2652 αὐτοὶ
1613 2599 1669 2651 δέ
1711 2615 1777 2668 με
1821 2597 1948 2668 ἠθέ-

365 2709 575 2761 τησαν-
606 2711 624 2744 )
666 2694 762 2746 καὶ
795 2691 864 2746 τὰ
897 2691 1044 2760 ἑξῆς.
1076 2691 1178 2745 Τὸν
1217 2690 1379 2744 αὑτὸν
1399 2691 1463 2760 δὴ
1493 2690 1692 2758 τρόπον
1714 2690 1810 2742 καὶ
1849 2689 1948 2742 αύ-

367 2787 462 2848 τδς
491 2783 578 2857 [Ρ.
608 2783 737 2857 488]
785 2782 896 2853 ἐγὼ
923 2785 1184 2854 τήμερον,
1234 2783 1379 2853 ὑμᾶς
1434 2780 1946 2851 προσκαλεσάμενος

370 2879 656 2948 μάρτυρας
683 2877 792 2930 τῶν
835 2877 1004 2930 πάλαι
1042 2894 1132 2948 μοι
1165 2875 1301 2943 πρὸς
1334 2875 1478 2943 ὑμᾶς
1507 2874 1814 2944 λεχθέντων
1847 2875 1945 2926 καὶ

363 2969 436 3023 δι’
471 2970 623 3039 ὑμῶν
650 2972 785 3040 πρὸς
822 2971 1026 3024 Ἀνναν
1057 2970 1156 3040 τὴν
1191 2968 1460 3036 βασιλίδα,
1493 2959 1810 3037 ἀναμνῆσαι
1835 2969 1946 3021 τῶν

362 3063 914 3134 είρημένων·ἁρτίως
962 3061 1155 3132 ἔκρινα
1184 3063 1316 3122 δεῖν,
1362 3066 1458 3115 καί
1504 3059 1764 3130 πρέσϐεις
1799 3061 1980 3130 ὑμᾶς’

1980 1819 2028 1878 Β

2047 597 2194 636 ,netn
2243 583 2509 648 ineumbi,
2551 596 2606 638 et
2649 587 2932 640 victoriam
2966 605 3244 642 armorum
3281 591 3491 670 judicio
3527 609 3648 660 per-

2068 673 2210 727 mitti
2243 674 2523 729 volebant.
2553 675 2876 745 Imperatori
2913 688 3093 732 atttem
3121 679 3509 734 Cantaeuzeno
3537 696 3644 734 non

2065 763 2360 819 admodum
2393 766 2610 834 placere
2632 767 2922 822 videbatur
2951 769 3024 832 id,
3053 771 3196 838 quod
3227 771 3299 824 illi
3323 773 3644 840 cupiebant.

2065 855 2362 912 Enimvero
2401 859 2550 919 huic,
2603 874 2762 914 suum
2816 877 3024 914 morem
3074 872 3187 915 tum
3232 881 3452 933 queque
3507 867 3644 918 reti-

2063 948 2237 1009 nenti,
2272 959 2328 1001 et
2360 948 2568 1018 absque
2600 951 2802 1005 civium
2837 953 3397 1020 sanguine'pcriieere
3429 943 3490 1008 e'a
3521 971 3642 1024 qum
3698 1011 3704 1024 ,

2062 1039 2399 1096 decrevisset
2443 1045 2617 1099 satius
2665 1044 2912 1107 ducenti,
2949 1045 3129 1098 visum
3176 1054 3259 1097 est
3307 1047 3536 1098 alteram
3586 1055 3641 1098 et

2064 1133 2281 1186 tertiam
2313 1134 2537 1189 mittere
2583 1137 2935 1204 legationem,
2969 1147 3021 1190 et
3053 1145 3302 1192 anteacta
3333 1137 3386 1190 in
3434 1153 3642 1190 meum-

2060 1220 2198 1274 riam
2239 1237 2520 1287 revocare,
2573 1225 2719 1278 unde
2767 1226 2982 1280 scilicet
3027 1226 3323 1294 coepissent
3381 1237 3436 1280 et
3474 1243 3614 1296 quor

2058 1331 2180 1370 sum
2220 1316 2584 1378 recidisscnt;
2621 1328 2785 1386 atque
2820 1329 2878 1373 ut
2908 1334 2973 1372 eo
3016 1317 3234 1371 tandem
3285 1319 3518 1372 deducta‘
3555 1335 3632 1372 es-

2059 1415 2199 1468 sent,
2239 1423 2349 1476 quo
2383 1408 2498 1476 ipse
2538 1409 2894 1476 przedixerat,
2931 1411 3186 1477 clamque
3221 1420 3278 1464 ct
3311 1411 3488 1480 palam
3530 1424 3636 1473 tam

2057 1495 2256 1551 litteris
2285 1513 2445 1564 quam
2477 1499 2846 1569 legationibus
2880 1510 3110 1556 tes:atus
3136 1501 3336 1555 fuerat.
3363 1500 3639 1556 Arcessito

2058 1587 2246 1658 itaque
2289 1591 2673 1660 Pliilipporum
2712 1594 2990 1662 pontifice,
3031 1602 3085 1647 et
3132 1594 3199 1648 iis
3233 1593 3516 1656 omnibus,
3543 1592 3638 1662 qui

2042 1697 2180 1738 eum
2216 1684 2308 1737 illo
2347 1685 2571 1739 circiter
2605 1687 2886 1740 biennium
2921 1695 3048 1740 ante
3084 1687 3248 1756 legati
3285 1686 3354 1739 ab
3405 1685 3636 1754 impera-

2061 1774 2194 1828 triee
2243 1775 2399 1830 Anna
2434 1784 2718 1855 venerant,
2758 1785 2872 1829 tum
2913 1791 3038 1830 eum
3093 1777 3212 1845 ipse
3261 1773 3630 1846 Didymoticlti

2056 1879 2387 1929 versaretur,
2419 1867 2470 1921 in
2501 1867 2646 1921 hunc
2673 1867 2890 1938 modum
2917 1867 3170 1922 disserit:

2126 1957 2256 2010 Vlll.
2305 1976 2322 2007 ι
2357 1955 2494 2011 Olim
2520 1956 2738 2022 ludatis,
2760 1957 2962 2026 popqu
2984 1956 3205 2021 dilecto,
3236 1956 3380 2026 Deus
3405 1957 3583 2012 iratus
3612 1973 3626 2014 :

2051 2063 2191 2118 quos
2231 2065 2328 2119 p-‘r
2361 2049 2579 2120 Moysen
2620 2049 2731 2119 jam
2766 2056 2947 2112 antea,
2986 2065 3112 2104 cum
3144 2051 3628 2120 legem.traden-t,

2053 2147 2218 2193 testes
2259 2137 2619 2193 advocaverat
2645 2138 2728 2192 his
2775 2137 3000 2193 verbis:
3041 2157 3059 2190 ι
3097 2138 3357 2204 Attende,
3398 2139 3629 2204 etelum,

2051 2241 2106 2286 et
2147 2233 2376 2302 loquar;
2421 2241 2476 2286 et
2509 2232 2694 2286 audiat
2737 2241 2880 2286 terra
2921 2229 3086 2286 verba
3127 2247 3194 2285 cx
3219 2247 3315 2286 ore
3343 2233 3507 2285 meoI
3545 2251 3558 2285 :
3605 2253 3623 2284 ι

2051 2326 2270 2379 eosdem
2291 2324 2452 2394 777
2488 2333 2702 2394 postea,
2727 2338 2852 2378 cum
2879 2322 3164 2391 sequentis
3189 2323 3286 2378 ιυνί
3321 2321 3518 2377 delicta
3549 2338 3636 2376 ar-

2050 2423 2258 2485 gueret,
2296 2432 2392 2486 per
2421 2416 2612 2470 Isaiam
2649 2423 2879 2470 testatus
2907 2423 3030 2469 est:
3070 2431 3089 2464 ι
3127 2413 3291 2478 Audi,
3323 2414 3546 2473 coalum,
3578 2423 3633 2468 et

2049 2507 2274 2562 auribus
2303 2508 2548 2578 percipe,
2579 2516 2722 2562 terra
2748 2523 2763 2562 :
2799 2507 2938 2562 ﬁlios
2964 2507 3126 2577 genui
3151 2518 3206 2563 et
3234 2505 3500 2572 exaltavi;
3528 2507 3632 2576 ipsi

2049 2613 2230 2654 autem
2261 2607 2588 2668 spreverunt
2613 2613 2697 2652 me
2723 2601 2767 2660 ’,
2804 2618 2822 2652 ι
2858 2607 2966 2655 etc.
3006 2599 3210 2653 Eodem
3243 2598 3407 2654 modo
3435 2607 3493 2653 et
3515 2599 3633 2668 ipsc

2049 2708 2149 2747 vos
2183 2692 2349 2746 hodie
2397 2701 2566 2747 testes
2603 2691 2862 2759 adltibeo,
2900 2707 2965 2748 ac
2996 2708 3192 2748 eorum
3224 2707 3346 2762 quae
3377 2692 3504 2746 olim
3541 2708 3634 2744 vo-

2048 2784 2134 2840 bis
2164 2784 2300 2848 dixi,
2333 2800 2524 2854 qumve
2572 2783 2913 2854 imperatrici
2950 2785 3122 2840 Annae
3168 2800 3264 2854 per
3295 2799 3396 2838 vos
3426 2783 3633 2853 signiti-

2045 2879 2186 2940 cavi,
2231 2877 2810 2934 commonel‘aciendos
2854 2892 2979 2932 esse
3019 2892 3168 2932 nunc
3198 2877 3422 2931 demum
3459 2886 3626 2946 puto;

2045 2982 2097 3025 ct
2128 2974 2336 3042 legatos
2366 2971 2434 3026 ab
2475 2987 2539 3025 ea
2579 2971 2646 3024 ad
2695 2986 2780 3024 me
2829 2979 2958 3026 tunc
3005 2970 3203 3025 missos
3253 2969 3318 3024 ad
3356 2984 3477 3024 eam
3513 2970 3628 3038 jam

2052 3079 2199 3120 nunc
2237 3063 2458 3118 mittere
2510 3061 2748 3116 decrevi.
2799 3061 3124 3143 Meministis
3167 3071 3316 3114 certe
3367 3077 3430 3116 ea
3477 3076 3626 3130 quae,

363 3155 488 3224 ἑμοὶ
519 3155 650 3223 πρὸς
687 3154 902 3225 ἐκείνης
957 3154 1076 3207 τότε
1129 3153 1481 3223 πεμφθέντας
1515 3152 1781 3221 πρέσϐεις
1817 3151 1940 3213 τοὺς

2045 3167 2168 3206 cum
2195 3151 2354 3223 legati
2384 3152 2449 3206 ad
2476 3167 2562 3206 me
2595 3150 2846 3212 venistis,
2883 3151 3040 3205 vobis
3072 3149 3325 3204 mandavi
3357 3159 3416 3203 ut
3455 3150 3628 3218 impe-

363 3248 566 3310 αὐτοὺς
599 3247 782 3316 ἐκείνῃ
813 3246 950 3314 πρὸς
981 3244 1118 3314 ἐμοῦ
1158 3244 1254 3299 νῦν
1287 3245 1387 3314 ἤδη
1424 3243 1758 3312 πεμφθῆναι.
1791 3243 1938 3296 Ἵστε

359 3342 600 3406 πάππον,
647 3340 738 3392 ὅτε
786 3338 1215 3408 πρεσϐεύσοντες
1263 3337 1452 3406 ἥκετε,
1489 3338 1590 3389 ὅσα
1625 3336 1754 3405 ὑμῖν
1783 3332 1940 3390 εἷπον

357 3433 695 3499 ἀπαγγεῖλαι
739 3435 804 3502 τῇ
850 3431 1113 3502 βασιλίδι’
1165 3431 1242 3492 ὡς
1295 3431 1326 3482 ὁ
1363 3430 1516 3496 Θεὸς,
1570 3429 1782 3493 δίκαιος
1824 3427 1934 3492 ὢν,

358 3526 454 3576 καὶ
483 3523 670 3576 δίκαια
700 3523 908 3590 κρίνειν
934 3518 1066 3585 οἶδε,
1101 3523 1194 3574 καὶ
1222 3522 1320 3575 σὺν
1344 3519 1470 3592 δίκῃ
1503 3521 1603 3584 τὰς
1627 3521 1734 3573 τῶν
1765 3538 1937 3590 πραγο

313 3663 318 3671 .
361 3618 549 3684 μάτων
607 3613 904 3677 ἀποϐάσεις
961 3614 1266 3666 ποιεῖσθαι’
1319 3612 1348 3666 ὁ
1375 3612 1556 3666 τοίνυν
1596 3611 1824 3682 σύνηθες
1862 3611 1938 3680 τῷ

354 3707 476 3778 Θεῷ
509 3710 686 3759 ποιεῖν
712 3709 824 3770 τοῖς
851 3723 911 3761 τε
946 3705 1226 3759 ἀδικοῦσιν
1251 3705 1390 3775 ὁμοῦ
1415 3707 1510 3758 καὶ
1529 3704 1933 3772 ἀδικουμένοις,

356 3798 515 3851 τοῦτο
554 3799 648 3850 καὶ
689 3797 782 3850 νῦν
811 3799 1016 3862 ἐλπίζω
1056 3799 1194 3850 κάπὶ
1220 3799 1332 3859 τοῖς
1371 3795 1463 3850 νῦν
1489 3795 1719 3864 ὄψεσθαι
1751 3795 1933 3864 πράγ-

364 3908 520 3957 μασι.
556 3891 662 3942 Καὶ
695 3889 748 3942 τί
797 3889 879 3942 δεῖ
933 3889 1068 3958 πρὸς
1100 3889 1307 3950 εἰδότας
1329 3888 1509 3943 πάντα
1535 3888 1790 3954 διεξιέναι
1814 3889 1934 3942 καθ’

354 3983 602 4039 ἕκασται
633 3980 776 4033 ’Ἰστε
806 3981 912 4050 γὰρ
944 3979 1039 4043 ὡς,
1064 3981 1125 4032 οὐ
1157 3979 1345 4048 μάντις
1369 3978 1464 4040 ὣν,
1499 3978 1801 4048 προύλεγον
1832 3978 1933 4048 τὴν

353 4075 465 4125 τῶν
495 4075 641 4142 ἐμῶν
695 4072 998 4124 ἐπιϐούλων
1043 4071 1250 4140 φθορὰν
1288 4072 1385 4124 καὶ
1413 4071 1512 4141 τὴν
1547 4070 1685 4141 ἐμὴν
1731 4073 1788 4132 ἐς
1833 4071 1929 4123 Βυ-

353 4167 571 4228 ζάντιον
603 4167 804 4234 ταύτην
845 4164 1086 4216 εἴσοδον·
1130 4163 1265 4215 ἀλλὰ
1316 4163 1455 4232 πρὸς
1497 4163 1586 4214 τὸν
1637 4165 1734 4232 τῆς
1775 4163 1933 4232 δίκης

351 4258 546 4324 ἔφορον
585 4258 677 4308 καὶ
718 4256 1017 4323 ἀκοίμητον
1045 4254 1346 4322 ,ὀφθαλμὸν
1398 4254 1642 4323 ἀφορῶν,
1691 4255 1932 4322 κάκείνῳ

351 4345 748 4414 προςαναρτῶν
775 4347 871 4408 τὰς
890 4347 1007 4413 ἐμοὶ
1033 4343 1168 4412 πρὸς
1185 4343 1336 4411 ὑμῶν
1357 4343 1794 4412 ἐπενηνεγμένας
1816 4343 1931 4395 ἁδίσ-

349 4452 463 4494 xm;
506 4431 760 4492 επιεικῶς
793 4432 1104 4500 συμφορὰς,
1135 4430 1361 4499 ἤλπιζόν
1392 4447 1450 4481 τε
1491 4430 1586 4481 καὶ
1629 4429 1927 4497 προῦλεγον

2042 3244 2230 3298 ratrici
2272 3243 2714 3298 renuntiaretis:
2767 3243 2936 3297 Deutn
2979 3242 3186 3296 scilicet
3226 3241 3432 3310 justum
3477 3255 3622 3307 esse,

2040 3336 2274 3409 proinde
2305 3347 2359 3392 et
2385 3337 2534 3407 iusta
2563 3352 2684 3390 esse
2712 3334 3119 3405 illius.judicia,
3151 3342 3208 3389 et
3233 3349 3418 3388 rerum
3452 3349 3625 3388 even-

2041 3440 2131 3486 tus
2157 3431 2223 3484 ab
2255 3446 2323 3484 eo
2355 3431 2504 3499 juste
2539 3427 2785 3483 ordinari
2812 3444 2827 3492 ;
2857 3427 3005 3497 quod
3039 3426 3244 3482 soleret
3275 3428 3438 3495 igitur
3479 3427 3624 3483 Deus

2041 3522 2345 3590 rependere
2374 3530 2480 3576 tam
2513 3517 2582 3574 iis
2605 3519 2698 3590 qui
2741 3518 2996 3590 iniuriam
3033 3516 3328 3581 inferrent,
3355 3533 3520 3587 quam
3553 3517 3621 3573 iis

2038 3613 2131 3683 qui
2163 3622 2506 3684 paterentur,
2544 3612 2596 3666 id
2634 3619 2690 3666 et
2719 3613 2770 3666 in
2806 3612 3170 3680 prmsentibus
3205 3611 3438 3682 negotiis
3462 3609 3624 3664 exhi-

2039 3706 2212 3761 bitum
2251 3706 2316 3759 iri
2347 3719 2570 3774 sperare
2603 3720 2710 3759 me.
2740 3703 2880 3770 Quid
2915 3719 3078 3774 porro
3105 3716 3330 3758 necesse
3359 3711 3442 3756 cst
3476 3718 3504 3754 ιι
3535 3717 3654 3756 mox

2037 3796 2252 3864 singula
2303 3794 2723 3850 commemorari
2775 3794 2952 3858 vobis,
3013 3793 3158 3848 laud
3208 3791 3626 3848 nescientibus?

2037 3886 2200 3942 Scitis
2233 3887 2456 3957 quippe,
2485 3903 2593 3951 me,
2625 3903 2733 3940 non
2758 3888 2885 3955 quia
2920 3886 3253 3940 vaticinandi
3292 3885 3504 3956 peritus
3538 3885 3620 3940 fu-

2037 3993 2174 4040 rem,
2229 3979 2392 4032 Vobis
2446 3978 2766 4047 przedixisse
2827 3988 2882 4032 et
2929 3993 3178 4031 mearum
3230 3977 3616 4031 insidiatorum

2037 4072 2220 4124 tristes
2242 4069 2446 4148 exitus,
2479 4079 2534 4122 et
2561 4069 2708 4123 ltunc
2742 4083 2922 4124 meum
2949 4068 3003 4122 in
3033 4070 3224 4125 urbem
3262 4069 3567 4138 ingressum
3599 4089 3614 4124 :

2033 4161 2127 4214 sed
2157 4161 2283 4230 quia
2319 4161 2385 4216 ad
2415 4161 2820 4231 ettploratorem
2856 4172 2912 4216 et
2944 4164 3250 4215 insomnem
3287 4159 3488 4216 divina:
3516 4161 3612 4231 jn-

2033 4248 2194 4314 stitim
2217 4249 2438 4304 oculum
2466 4249 2822 4318 respicerent,
2849 4259 2903 4304 et
2930 4251 3290 4315 calamitates,
3315 4267 3451 4321 quas
3479 4250 3614 4304 mihi

2037 4355 2134 4406 per
2159 4354 2428 4394 summam
2459 4340 2714 4410 iujuriam
2750 4341 3088 4406 ittl‘crcbatis,
3123 4343 3198 4396 illi
3238 4343 3609 4411 relinquerem

2038 4431 2399 4496 ulciscendas,
2431 4433 2554 4488 ideo
2584 4442 2638 4486 et
2670 4450 2821 4503 spem
2853 4437 3076 4498 aluisse,
3114 4445 3169 4489 ct
3197 4436 3354 4491 vobis
3384 4437 3615 4490 audien-

347 4526 446 4586 τὰς
479 4525 727 4584 ἐκϐάσει;
763 4527 820 4577 ὲν
850 4525 976 4592 ὑμῖν
1025 4527 1342 4594 ἀκροαταῖς.
1383 4527 1478 4576 Διά
1521 4523 1584 4591 δὴ
1617 4523 1790 4576 ταῦτὰ
1835 4540 1926 4592 μοι

2044 4522 2179 4577 :ibus
2212 4526 2426 4578 futuros
2460 4541 2640 4578 rerum
2683 4526 2863 4580 exitus
2895 4527 3316 4595 prenuntiasse.
3404 4531 3615 4602 Ezipro-

346 4613 447 4665 καὶ
494 4613 918 4684 ἁξιοχρεώτερον
967 4611 1174 4676 ἔδοξεν,
1219 4612 1365 4680 ὑμᾶς
1415 4611 1644 4680 καῖοὖχ
1696 4611 1922 4679 ἑτέρους

342 4703 825 4773 διαμαρτύρασθαι
852 4704 949 4756 καὶ
968 4702 1226 4772 πρέσϐεις
1249 4701 1559 4772 εἰσπέμψαι
1580 4704 1643 4770 τῇ
1670 4692 1924 4769 {letali/3:,

343 4795 433 4845 ἵνα
464 4797 806 4864 συνείραντες
839 4799 904 4845 τε
935 4795 1174 4861 πρότερα
1219 4795 1331 4856 τοῖς
1362 4791 1599 4862 παροῦσι
1634 4793 1728 4844 καὶ
1761 4794 1828 4844 τὰι
1859 4809 1922 4856 γε

343 4890 721 4956 προειρημένα
756 4887 892 4954 μετά
919 4887 1027 4938 τῶν
1055 4885 1339 4938 ἐκϐάσεων
1387 4884 1759 4954 παραινὲσητε
1797 4885 1926 4946 τοὺς

340 4977 442 5044 τῆς
487 4976 643 5044 δίκης
698 4975 966 5029 αίδείσῡαι
1025 4975 1271 5045 θρόνους,
1329 4975 1422 5028 καὶ
1481 4975 1556 5046 μὴ
1608 4975 1918 5044 περαιτέρω

341 5071 657 5140 (λε’μαχεῖν,
689 5067 786 5122 καὶ
823 5067 961 5122 θεοῦ
992 5068 1174 5139 κρίσιν
1204 5067 1419 5122 δικαίαν
1447 5069 1743 5140 πειρᾶσθαι
1789 5083 1918 5134 σνγο

338 5165 478 5232 χείν,
524 5165 618 5216 καὶ
668 5164 781 5225 τοῖς
812 5162 1097 5224 ἀδυνάτοις
1128 5161 1332 5214 οὑτωσὶ
1375 5161 1656 5231 προδήλως
1713 5161 1922 5228 ἐπιχει-

309 5257 481 5324 -ρεῐν,
521 5255 610 5308 ἐπ’
655 5255 863 5323 ὀλέθρῳ
909 5254 1020 5307 τῶν
1063 5271 1122 5306 τε
1157 5255 1364 5306 παίδων
1392 5257 1483 5306 καὶ
1516 5254 1735 5322 ἑαυτῆς.
1775 5249 1922 5320 Ἐγὼ

335 5351 451 5420 γὰρ
477 5353 574 5421 τῆς
605 5349 779 5418 αὐτῆς
817 5349 1018 5418 ἔχομαι
1064 5345 1290 5416 γνώμης
1340 5346 1460 5398 ἀεί’
1496 5346 1592 5398 καὶ
1619 5346 1922 5412 δυνάμενος

331 5442 526 5505 ὅπλοις
555 5444 649 5494 καὶ
681 5439 978 5508 δυνάμεσιν
1021 5435 1157 5508 ὁμοῦ
1189 5439 1255 5506 τῇ
1307 5427 1620 5507 ἀκροπόλει
1687 5433 1924 5503 ειρώσα-

411 5588 427 5620 ¹
457 5589 619 5642 Deut.
659 5600 854 5648 xxxut,
891 5585 943 5640 l.
1022 5583 1042 5614 ’
1075 5583 1181 5638 lsa.
1217 5574 1254 5648 ι,
1286 5581 1343 5636 ‘2.

2029 4623 2152 4682 pter
2197 4614 2396 4668 melius
2439 4615 2711 4669 iacturum
2757 4633 2880 4670 esse
2928 4633 3012 4672 mc
3053 4619 3384 4686 existimavi,
3427 4625 3470 4677 si
3507 4641 3612 4680 tum

2029 4703 2189 4770 alios,
2217 4705 2311 4759 sed
2343 4717 2549 4760 vosmet
2579 4707 2727 4776 ipsos
2751 4717 2982 4762 tcstarer
3005 4709 3320 4782 legatosque
3346 4715 3411 4766 ad
3443 4716 3612 4786 impe-

2033 4797 2287 4850 ratricem
2338 4799 2638 4861 mitterem,
2675 4808 2734 4853 ut
2787 4806 2964 4868 priora
3001 4817 3124 4856 cum
3163 4809 3528 4872 praesr-ntibus
3557 4817 3612 4863 et

2028 4887 2285 4956 prrcdicta
2313 4903 2437 4942 cum
2470 4891 2684 4944 eventis
2714 4891 3098 4960 componendo
3131 4909 3251 4948 eam
3287 4896 3610 4966 ltortemini,

2027 4991 2090 5036 ut
2119 4981 2346 5050 justitia-
2383 4981 2618 5035 triltuual
2658 4993 2935 5048 vereatur,
2977 5001 3040 5040 ac
3073 5002 3140 5040 ne
3183 4987 3324 5040 ultra
3358 4990 3467 5044 Deo
3506 5008 3608 5060 pu-

2021 5081 2170 5140 guet,
2213 5088 2320 5126 neu
2363 5072 2529 5142 778
2568 5075 2774 5144 justum
2819 5074 2911 5128 Dei
2955 5076 3223 5144 judicium
3269 5081 3606 5136 confundere

2019 5175 2271 5228 conetur,
2318 5181 2423 5218 neu
2470 5165 2708 5234 denique
2754 5181 2817 5220 ea
2867 5183 2990 5236 quae
3028 5168 3233 5238 majora
3273 5179 3403 5223 sunt
3437 5186 3600 5238 quam

2020 5267 2079 5311 ut
2112 5258 2298 5326 perlici
2333 5257 2566 5325 possint,
2599 5256 2652 5311 in
2681 5258 2982 5312 liberorum
3012 5268 3066 5314 et
3095 5259 3179 5314 sui
3210 5261 3384 5328 ipsius
3421 5262 3604 5329 perni-

2021 5354 2159 5403 clem
2210 5348 2292 5403 sic
2335 5349 2508 5416 palam
2551 5350 2922 5417 aggrediatur.
2965 5351 3079 5423 Ego
3119 5351 3267 5406 enim
3317 5353 3369 5406 in
3407 5333 3595 5406 eadem

2023 5455 2198 5510 usque
2229 5447 2414 5510 persto
2445 5441 2753 5510 sententia;
2797 5452 2852 5498 et
2904 5457 3027 5498 cum
3082 5444 3283 5514 possim
3330 5446 3495 5498 armis
3538 5459 3600 5500 ac

2936 5523 2958 5543 Ο

2653 5580 2681 5624 \

1695 5676 1967 5740 νοτίοιο
1980 5695 2035 5738 tu
2072 5688 2256 5740 notae.

349 5803 357 5812 ‘
409 5797 522 5865 (ιὸ)
555 5797 692 5854 Vide
715 5796 1011 5854 Cantacuz.
1043 5797 1138 5852 lib.
1183 5812 1261 5855 tu.
1287 5811 1403 5864 cap.
1445 5794 1528 5849 75.
1561 5791 1776 5847 BOWIN.
