4064 6524
302 415 369 477 10
406 406 438 476 ‘1
646 392 764 478 Ἰλ.
806 425 854 466 c.
904 409 1062 480 1567]

1319 410 1766 473 ΒῩΖΑΝΤΙΝΑΞ
1804 404 2186 482 ΠΙΞΤΟΒΙᾸΞ
2226 406 2371 464 LIB.
2411 405 2529 465 XV.

2683 398 2814 470 [ιιιν.
2857 415 2898 453 ι.
2943 412 3177 452 ιδιιιειεοι..
3218 396 3277 462 6]

3424 401 3559 464 10.38

303 532 404 600 μὲν
453 529 825 597 καττιτέρινα,
888 529 958 582 τὰ
990 528 1195 583 δ’ἄλλα
1240 531 1421 582 πάντα
1471 529 1728 597 κεραμεᾶ
1777 525 1875 580 καὶ

2001 522 2165 577 ιιηιιὶο
2196 521 2384 576 ﬁctilia
2415 529 2471 575 et
2526 527 2760 575 testacea
2790 526 2998 575 essent.
3051 506 3132 573 Ex
3166 518 3257 573 his
3301 518 3558 587 quilibet,

297 620 615 690 ὀστράκινα.
637 616 730 684 Ἐξ
754 613 830 673 ὧν
852 620 1029 684 ἔξεστι
1058 622 1298 673 συνιέναι
1319 622 1430 683 τοῖς
1461 620 1576 673 ὅσοι
1602 619 1677 689 μὴ
1696 619 1879 681 ἀδαεῖς

298 710 410 763 τῶν
456 710 716 762 τοιούτων
770 711 864 763 καὶ
916 712 1045 780 περὶ
1107 712 1216 763 τῶν
1276 710 1452 773 ἄλλως
1484 709 1876 777 ὀφειλομένων,

300 802 477 856 ὁπόσα
512 802 753 869 μὴκατὰ
778 801 847 877 τὸ.
870 804 1022 864 είκὺς
1049 802 1321 856 τελεῖσθαι
1354 800 1653 867 ξυνέδαινε,
1676 801 1755 868 τῷ
1779 801 1881 869 τῆς

302 892 513 955 ἐνδείας
537 892 698 961 βιαίῳ
729 892 841 944 τῶν
871 893 993 944 τότε
1039 895 1499 962 τυραννουμένων
1534 893 1880 963 πραγμάτων

302 981 594 1048 καὶλόγων
640 982 737 1035 καὶ
793 983 1238 1053 ἐγχειρημάτων.
1282 983 1392 1037 Ἐῶ
1414 983 1521 1053 γὰρ
1558 983 1761 1051 λέγειν,
1797 984 1881 1036 ὅτι

302 1073 398 1126 καὶ
442 1074 509 1126 τὰ
570 1073 823 1139 βασιλικὰ
875 1074 972 1143 τῆς
1003 1075 1196 1144 ἑορτῆς
1240 1075 1454 1144 ἐκείνης
1484 1073 1790 1144 διαδήματα
1821 1091 1881 1126 τε

302 1164 402 1215 καὶ
452 1162 861 1232 περιϐλήματα,
897 1164 974 1226 ὼς
1003 1164 1097 1215 ἐπὶ
1129 1165 1189 1216 τὸ
1220 1165 1490 1229 πλεῖστον,
1546 1163 1752 1233 χρυσοῦ
1785 1165 1884 1232 μὲν

302 1246 453 1319 εἶχον
484 1251 586 1317 τὴν
619 1251 923 1318 φαντασίαν
956 1252 1052 1306 καὶ
1074 1252 1237 1304 λίθων
1262 1251 1429 1320 δῆθεν
1463 1253 1875 1323 πολυτιμήτων·

303 1346 386 1396 τὲι⁴
417 1343 464 1394 δ’
530 1339 597 1412 ἦν
655 1346 836 1395 ἐκεῖνα
875 1344 975 1411 μὲν
1010 1345 1122 1396 ἀπὸ
1161 1345 1418 1408 σκύτους,
1475 1346 1651 1397 ὁπόσα
1681 1346 1884 1413 χρυσὸς

304 1434 605 1503 ἐπιχρώζει
657 1436 793 1502 πρὸς
848 1437 946 1503 τὴν
1003 1435 1113 1488 τῶν
1170 1437 1419 1488 σκυτέων
1449 1437 1621 1488 ἐνίοτε
1653 1437 1879 1505 χρείαν’

304 1523 479 1575 ταῦτα
500 1523 546 1574 δ’
569 1524 627 1588 ἐξ
656 1523 850 1585 ὑέλων,
878 1523 1231 1593 παντοδαπὴν
1255 1524 1712 1594 ἐχόντων’χροιὰν
1745 1526 1879 1595 πρὸς

305 1619 367 1666 τὸ
394 1614 634 1681 διαυγές.
673 1611 853 1667 Ἦσαν
910 1614 955 1666 δ’
982 1608 1045 1667 οὗ
1074 1616 1168 1667 καὶ
1201 1601 1482 1685 σποράδην
1523 1617 1696 1667 εἰπεῖν
1729 1617 1884 1668 εὐκο-

308 1707 475 1773 σμίαν
531 1707 747 1775 ἔχοντες
788 1706 1166 1775 ἀληθεύουσαν
1222 1708 1361 1760 λίθοι
1418 1708 1735 1771 πολυτελεῖς
1788 1706 1886 1762 καὶ

311 1797 612 1868 μαργάρων
676 1799 1024 1868 στιλπνότης,
1072 1802 1172 1854 οὐκ
1221 1796 1493 1855 ἀπατῶσα
1531 1804 1632 1865 τὰς
1691 1802 1882 1872 ὄψεις

306 1888 483 1950 οὕτως
509 1889 662 1959 ἔρρει
683 1893 777 1942 καὶ
806 1892 1015 1960 σφόδρα
1044 1891 1180 1961 ἔσϐη
1214 1895 1307 1946 καὶ
1335 1895 1644 1965 κατηνέχθη
1690 1895 1762 1947 τὰ
1791 1898 1891 1967 τῆς
1924 1885 1963 1939 Β

307 1979 545 2048 ἀρχαίας
573 1979 791 2049 ἐκείνης
837 1983 1190 2050 εὐδαιμονίας
1234 2000 1295 2037 τε
1361 1985 1455 2036 καὶ
1501 1984 1892 2061 λαμπρότητος

306 2072 417 2124 τῶν
457 2072 785 2139 Ῥωμαϊκῶν
840 2074 1191 2141 πραγμάτων
1213 2090 1228 2106 ·
1278 2075 1353 2137 ὡς
1387 2075 1483 2126 νῦν
1513 2091 1577 2141 γε
1613 2075 1739 2145 μηδ’
1759 2075 1889 2128 ἄνευ

308 2162 569 2231 αίσχύνης
617 2164 762 2233 ἔχειν
811 2154 956 2234 ἡμᾶς
1005 2164 1288 2219 ἐκτιθέναι
1335 2169 1433 2235 τὴν
1473 2168 1582 2221 τῶν
1629 2169 1889 2221 τοιούτων

309 2255 617 2323 ἀφήγησιν.
1000 2264 1005 2267 ’
1628 2268 1636 2275 ’

382 2345 458 2399 Ε’.
487 2346 668 2398 Λίτίαι
692 2346 739 2400 δ’
754 2342 896 2417 ἦσαν
924 2350 1024 2417 τῆς
1049 2353 1314 2419 τοιαύτης
1340 2350 1661 2420 καταφορᾶς
1688 2333 1746 2404 τε
1798 2355 1894 2405 καὶ

311 2437 732 2509 κακοδαιμονίας
759 2458 774 2473 ο
824 2434 1017 2510 πρώτη
1053 2442 1175 2510 μὲν,
1226 2444 1258 2513 η
1294 2444 1403 2496 τῶν
1447 2446 1732 2513 ἐμφυλίων
1760 2448 1893 2499 στά-

312 2548 454 2583 σεων
513 2531 657 2602 φορά
700 2549 759 2585 τε
809 2537 904 2587 καὶ
938 2535 1243 2603 σύγχυσις*
1391 2538 1566 2608 ρᾲστη
1599 2538 1699 2604 μὲν
1727 2539 1758 2605 ἡ
1786 2538 1895 2589 τῶν

309 2619 481 2673 όντων
514 2616 581 2690 ἦν
610 2623 969 2690 χρηματικῦν
1000 2624 1226 2676 εἰσόδων
1276 2626 1561 2695 ἀνατροπή
1587 2640 1601 2655 ⁶
1641 2625 1815 2695 ρᾁτη
1848 2622 1895 2682 δ’

307 2715 347 2780 ἡ
375 2712 474 2780 τῆς
509 2714 609 2766 οὐκ
635 2712 804 2785 οὔσης
834 2715 1082 2783 δαπάνης
1111 2714 1333 2783 εὕρεσις
1364 2717 1459 2768 καὶ
1495 2716 1711 2770 ἐπίνοια
1731 2731 1745 2748 ⁶
1773 2716 1896 2768 δευσ-

306 2803 452 2872 τέρα
479 2805 651 2857 δὲκαὶ
674 2805 984 2871 τελευταία,
1009 2806 1072 2859 τὸ
1102 2807 1443 2879 φιλάργυρόν
1476 2825 1533 2860 τε
1565 2811 1659 2860 καὶ
1698 2826 1900 2878 χρυσο-

314 2896 485 2965 μανὲς
531 2895 631 2962 τῆς
685 2894 910 2965 γνώμης
961 2897 1062 2966 τῆς
1107 2914 1168 2950 τε
1217 2897 1493 2966 βασιλίδος
1552 2899 1752 2964 Ἀννης
1804 2900 1915 2949 και

325 2988 569 3052 ’Δλεξίου
593 2989 691 3042 τοῦ
748 2989 1095 3042 Ἀποκαύκου
1119 3006 1133 3019 ⁸
1195 2984 1275 3053 οἷς
1305 2992 1337 3059 ἠ
1370 2989 1467 3043 τοῦ
1496 2984 1896 3060 στρατεύεσθαι

309 3080 478 3150 χρεία
529 3082 670 3133 κατὰ
723 3080 820 3139 τοῦ
864 3083 1355 3153 Καντακουζηνοῦ,
1404 3085 1684 3153 πρόφασιν
1719 3067 1900 3154 παραέ

313 3172 523 3242 σχοῦσα
556 3174 810 3227 πλουτεῖν
843 3176 1200 3245 κακοτρόπως
1221 3217 1236 3238 ,
1273 3176 1424 3238 ὅλαις
1470 3176 1747 3244 ἐξαντλεῖν
1774 3181 1896 3230 ἐπι-

309 3264 567 3329 νενόηται
608 3265 766 3333 χερσὶ
808 3264 880 3316 τὰ
932 3266 998 3318 ἐκ
1055 3265 1261 3318 πολλοῦ
1320 3269 1433 3328 τοῖς
1472 3266 1773 3336 βασιλικοῖς
1805 3283 1899 3318 τα-

314 3357 516 3425 μιείοις
541 3356 1082 3426 ὲντεθησαυρισμένα
1108 3357 1377 3427 πολυτελῆ
1412 3358 1697 3428 κειμήλια.
1718 3360 1897 3427 Προσ-

312 3447 633 3518 ποιούμενοι
692 3448 804 3517 γὰρ
842 3449 1049 3518 ἑτέροις
1112 3449 1453 3520 πιπράσκειν
1479 3449 1546 3502 τὰ
1578 3450 1679 3520 μὲν
1715 3449 1897 3502 αὐτῶν

311 3539 475 3596 αὐτοὶ
500 3539 618 3593 κατ’
652 3540 886 3610 ἐκλογὴν
919 3542 1333 3610 ἐσφετερίζοντο
1369 3541 1581 3613 λάθραο
1613 3544 1683 3597 τὰ
1718 3543 1763 3596 δ’
1799 3545 1900 3596 αὺ-

311 3634 403 3685 τοὶ
425 3632 636 3697 ἑαυτοῖς
659 3633 1023 3703 ἐπίπρασκον,
1060 3635 1205 3687 πάνυ
1241 3651 1323 3688 τοι
1356 3633 1579 3701 εὔωνον,
1619 3637 1713 3688 καὶ
1739 3637 1900 3688 ὁποία

317 3725 668 3797 βουλομένοις
712 3727 896 3794 σφίσιν
926 3722 1012 3797 ἦν,
1041 3727 1141 3798 τὴν
1173 3729 1376 3799 πρᾶσιν
1415 3728 1757 3797 ποιούμενοι,
1789 3716 1899 3805 ’Ἦν

314 3820 365 3873 δ’
382 3822 531 3890 ὅμως
553 3820 651 3872 καὶ
676 3819 991 3888 ἐξεπίτηδες
1016 3821 1077 3873 τὸ
1096 3822 1407 3890 γινόμενον,
1426 3808 1502 3885 ῶς
1523 3820 1708 3884 αὐτοῖς
1727 3821 1898 3875 ἐνίοτε

325 3912 718 3983 ἐκλαλούμενον
742 3908 811 3982 ἦν
832 3928 846 3942 ’
875 3912 943 3964 ἵν’
972 3913 1021 3965 εί
1045 3912 1203 3982 τύχοι
1228 3912 1590 3983 παρειληφὼς
1618 3913 1718 3983 τὴν
1742 3913 1899 3982 βασί-

322 4003 463 4057 λειον
491 4005 666 4075 ἀρχὴν
690 4006 745 4068 ἐς
783 4003 1074 4068 Βυζάντιον
1106 4003 1473 4073 εἰσεληλυθώς
1516 4007 1544 4057 δ
1574 3988 1898 4057 Καντακουο

317 4095 504 4164 ζηνὸς,
534 4096 610 4166 μὴ
642 4091 783 4147 εἷναί
830 4095 881 4145 oi.
913 4095 1213 4164 χρημάτων
1252 4094 1541 4165 εὐπορίαν,
1582 4093 1650 4146 δι’
1685 4089 1761 4148 ὧν
1786 4097 1898 4157 τοῖς

316 4190 586 4259 ἡγεμόσιν
624 4189 777 4258 ἰσχὺς
809 4189 932 4239 κατ’
959 4187 1172 4257 ἐχθρῶν
1193 4187 1541 4256 περιγίνεται
1572 4188 1669 4240 καὶ
1693 4188 1900 4257 κόσμος

310 4284 387 4351 τῇ
417 4283 559 4350 ἀρχῇ
614 4281 1037 4348 δημιουργεῖται
1065 4293 1078 4306 ⁸
1132 4278 1425 4345 ἀναλογίαν
1470 4278 1580 4346 γὰρ
1618 4277 1766 4346 ἔχειν
1798 4276 1900 4347 βίῳ

314 4375 483 4427 παντὶ
507 4374 578 4424 τὰ
610 4362 895 4443 χρήματα,
927 4369 1025 4422 καὶ
1054 4361 1292 4439 μάλιὲτα
1327 4368 1550 4422 πάντων
1596 4371 1717 4431 ταῖς
1765 4372 1898 4439 ἡγε-

318 4467 573 4536 μονικαῖς
605 4463 826 4536 ἀρχαῖς,
866 4459 1059 4515 ὁποίαν
1092 4461 1265 4529 δήπου
1299 4463 1414 4523 τοῖς
1450 4462 1587 4514 πᾶσι
1646 4461 1808 4525 ζώοις
1863 4464 1896 4532 ὴ

312 4557 431 4613 τῶν
458 4556 664 4625 νευρῶν
689 4553 967 4625 σύμπηξίς
986 4569 1046 4606 τε
1079 4555 1174 4605 καὶ
1213 4552 1468 4621 ἁρμονία.

395 4648 486 4719 q".
526 4650 692 4702 Ὅθεν
726 4648 935 4701 ἐλθόντι
985 4646 1066 4716 τῷ
1127 4645 1572 4716 Καντακουζηνῷ
1622 4645 1782 4698 πάντ’
1832 4643 1903 4718 ἣν

319 4745 648 4798 παντάπασι
693 4739 1053 4808 κεκενωμένα
1098 4737 1167 4790 τὰ
1207 4737 1477 4805 βασιλέων
1513 4739 1740 4805 ταμιεῖα
1763 4755 1775 4768 ·
1809 4742 1904 4791 καὶ

319 4836 470 4906 πλὴν
500 4836 662 4903 ἀέρος
691 4831 783 4886 καὶ
800 4832 1015 4892 κόνεως
1039 4829 1262 4882 καὶτῶν
1293 4827 1695 4897 Ἐπικουρείων
1725 4828 1903 4881 εἰπεῖν

318 4928 567 4995 ἀτόμων,
620 4923 849 4994 εὓρηται
900 4922 1064 4974 πλέον
1117 4920 1270 4973 οὐδὲν
1300 4922 1356 4970 ἐν
1386 4921 1591 4979 αὐτοῖς.
1650 4919 1780 4971 Δέον
1808 4917 1903 4972 οῦν

320 5020 566 5087 ζητῆσαι
590 5019 684 5070 καὶ
710 5014 893 5068 λαὸεῖν
933 5012 969 5065 ἃ
999 5013 1096 5082 μὲν
1132 5015 1197 5065 ὲκ
1223 5012 1319 5079 τῆς
1342 5009 1431 5081 [Ρ.
1464 5008 1594 5081 497]
1631 5008 1905 5078 βασιλίδος

321 5115 532 5178 Ἀννης
558 5111 637 5172 είς
667 5110 768 5170 τὰς
794 5107 904 5160 τῶν
937 5104 1235 5174 βασιλικῶν
1261 5103 1558 5171 ἐνεργειῶν
1592 5100 1904 5169 ἀναγκαίας

317 5203 571 5265 δαπάνας
592 5214 604 5227 ’
654 5200 689 5253 δ.
741 5199 787 5252 δ’
819 5201 885 5252 ἐκ
910 5198 1017 5251 τῶν
1052 5198 1121 5250 τὰ
1152 5196 1392 5265 δημόσια
1435 5194 1901 5263 κατεδηδοκότων,

319 5291 1006 5362 κάκεῖθενπορισαμένων
1036 5288 1135 5360 τὴν
1185 5286 1280 5341 τοῦ
1322 5287 1581 5339 πλουτεῖν
1614 5285 1903 5355 εὐπορίαν,

320 5389 437 5444 κάκ
469 5388 717 5457 πενήτων
769 5383 918 5436 πάνυ
961 5400 1044 5436 τοι
1078 5380 1382 5449 γεγονότων
1434 5377 1694 5446 ἐξαίερνης
1736 5377 1904 5428 πλου-

322 5480 640 5535 σίων’ὁδὶ
694 5481 875 5549 σιωπῇ
937 5476 1295 5545 παρέδραμεν
1352 5474 1599 5527 ᾶπαντα·
1664 5469 1785 5534 εἴθ’,
1828 5470 1905 5532 ὡς

322 5576 455 5644 ἐμοὶ
482 5573 736 5643 δοκεῖ,τῇ
759 5571 999 5640 συμφυεῖ
1032 5570 1128 5623 καὶ
1152 5564 1438 5635 συντρόφῳ
1476 5564 1747 5633 πραότητι
1777 5561 1907 5621 κάν-

322 5666 507 5719 ταῦθα
530 5666 816 5735 χρώμενος
838 5679 852 5694 ⁸
885 5662 1011 5728 εἴθ’,
1065 5662 1138 5722 ὡς
1168 5662 1196 5712 ό
1230 5658 1338 5711 τῶν
1384 5656 1655 5710 πλείστων
1683 5654 1903 5724 ἐκράτει

322 5759 506 5826 λόγος,
540 5756 744 5819 δειλίας
764 5773 822 5808 τε
850 5750 1246 5822 συνισχημὲνος
1275 5750 1499 5820 τρόποις
1518 5746 1595 5835 ,ἐξ
1633 5744 1906 5816 ὁμοφυοῦς

322 5868 475 5913 τινος
507 5850 767 5919 ἀφελείας
820 5847 914 5902 καὶ
962 5846 1079 5917 ἅμα
1109 5845 1294 5907 δεδιὼς
1335 5836 1599 5910 ἀδόκητόν
1633 5855 1753 5893 τινα
1782 5839 1908 5892 στά-

1988 630 2178 671 earum
2210 630 2395 669 rerum
2428 629 2538 667 non
2569 613 2743 678 rudis,
2802 623 2996 668 caetera
3056 628 3277 684 quoque
3338 614 3562 667 aliunde

1990 706 2274 775 requisita,
2332 718 2437 759 nec
2495 704 2568 758 ita
2602 713 2661 756 ut
2712 720 2809 773 par
2841 712 2959 758 erat
2987 705 3223 773 perfecta
3259 704 3562 775 (tyrannica

1987 796 2195 865 quippe
2224 795 2424 863 inopia:
2456 795 2510 847 vi
2542 794 2593 847 in
2627 793 2807 855 factis,
2851 784 2907 846 in
2955 795 3139 858 dictis,
3188 798 3245 848 in
3288 795 3557 860 consiliis,

1993 898 2106 941 tum
2137 878 2399 954 temporis
2427 886 2767 955 dominante)
2823 886 2980 939 facile
3035 888 3418 941 intellecturus
3452 899 3558 940 est.

1988 980 2124 1034 Nam
2158 979 2248 1033 illa
2287 977 2509 1047 quidem
2543 977 2727 1031 dicere
2757 979 2972 1043 omitto,
3006 987 3063 1031 ut
3104 987 3161 1032 et
3217 979 3333 1046 ipsa
3384 980 3438 1031 in
3474 994 3566 1031 sed

1989 1069 2275 1124 lemnitate
2336 1069 2642 1121 diademata
2697 1077 2753 1121 et
2801 1068 3146 1132 Vestimenta,
3208 1070 3439 1124 maxima
3497 1085 3565 1123 ex

1992 1170 2168 1229 parte,
2233 1158 2351 1212 auri
2378 1157 2601 1227 quidem
2659 1158 2900 1226 speciem
2936 1156 3204 1211 haberent
3235 1170 3289 1210 et
3321 1154 3567 1227 gemma-

1991 1270 2112 1309 rum
2187 1255 2753 1325 pretiosissimarum;
2817 1264 3137 1307 constarent
3169 1250 3332 1322 789
3381 1263 3563 1306 autem

1993 1348 2082 1402 illa
2114 1347 2287 1410 corio,
2318 1346 2498 1416 qualia
2525 1361 2921 1413 nonnunquam
2952 1346 3276 1398 inaurautur
3307 1346 3377 1411 ad
3423 1347 3569 1400 cori-

1993 1440 2236 1492 ariorum
2274 1455 2474 1501 usum;
2530 1439 2647 1491 haec
2694 1440 2858 1497 vitro,
2924 1436 3233 1501 omnigenis
3290 1437 3569 1491 coloribus

1996 1528 2334 1597 perlucente.
2370 1527 2500 1581 Erat
2526 1537 2707 1580 tamen
2747 1520 2973 1592 alicubi,
3028 1524 3124 1579 sed
3158 1526 3413 1593 sparsim,
3459 1527 3572 1579 sin‘

1994 1635 2152 1674 corus
2183 1622 2548 1688 pretiosorum
2583 1619 2825 1688 lapidum
2858 1620 3026 1683 nitor,
3059 1630 3119 1673 et
3150 1617 3218 1684 is,
3256 1621 3349 1689 qui
3381 1621 3573 1675 oculos

1996 1727 2105 1765 non
2146 1712 2450 1780 deciperet,
2495 1713 2915 1779 margaritarum
2950 1712 3151 1781 fulgor.
3180 1714 3332 1767 Adeo
3363 1713 3575 1795 dilapsa

1996 1813 2116 1858 erat
2146 1804 2479 1873 penitusque
2510 1803 2780 1858 exstincta
2804 1813 2859 1858 et
2889 1803 3238 1873 pessumdata
3278 1814 3435 1859 vetus
3480 1806 3593 1869 illa,

1994 1893 2074 1950 rei
2106 1892 2369 1977 Romanae
2411 1896 2633 1950 fortuna
2661 1906 2716 1952 et
2743 1896 3169 1967 magnificentia,
3232 1908 3290 1952 ut
3329 1914 3397 1952 ne
3423 1882 3575 1952 nunc

1995 1987 2218 2057 quidem
2267 1989 2385 2042 sine
2433 1986 2647 2058 pudore
2712 2002 2905 2043 earum
2963 2003 3149 2043 rerum
3188 1990 3573 2059 narrationem

1995 2078 2160 2134 edere
2187 2079 2483 2148 possimus.

2074 2345 2130 2398 \'.
2165 2344 2276 2401 Cur
2304 2353 2489 2400 autem
2516 2348 2654 2403 adeo
2690 2362 2778 2401 res
2797 2339 3024 2417 perdita:
3052 2358 3105 2404 et
3147 2345 3355 2406 amictae
3372 2362 3576 2419 essent,

1997 2440 2083 2495 hae
2117 2454 2296 2494 causa:
2328 2448 2510 2492 erant.
2545 2440 2773 2511 Prima,
2802 2441 3042 2496 civilium
3080 2442 3433 2498 dissidiorum
3488 2455 3580 2499 tu-

1998 2534 2207 2586 multus
2238 2539 2293 2584 et
2334 2547 2476 2586 ca2ca
2517 2534 2899 2603 perturbatio;
2964 2535 3055 2590 cui
3100 2534 3422 2591 facillimum
3474 2538 3581 2594 fuit

1998 2635 2053 2679 et
2083 2626 2136 2678 id
2169 2624 2314 2695 quod
2347 2624 2423 2677 rei
2455 2623 2792 2693 pecuniariae
2834 2635 2954 2680 erat
3003 2625 3311 2693 eﬂundere,
3364 2639 3422 2685 et
3483 2645 3582 2686 eos

1999 2721 2250 2785 sumptus
2265 2716 2610 2771 comminisci
2624 2724 2786 2785 atque
2799 2719 3131 2788 excogitare,
3146 2721 3241 2789 qui
3256 2720 3579 2778 nullierant.

1997 2809 2205 2874 Altera,
2234 2808 2538 2878 eademque
2575 2808 2788 2875 ultima,
2847 2810 3080 2865 avaritia
3127 2820 3184 2865 et
3244 2812 3365 2867 auri
3397 2827 3584 2869 amore

2002 2890 2192 2954 furens
2222 2901 2438 2953 animus
2462 2900 2646 2952 Anna:
2702 2899 3070 2969 imperatricis
3099 2903 3389 2973 Alexiique
3437 2903 3587 2972 pr

2001 2991 2195 3055 rauci;
2227 2992 2431 3060 quibus
2457 2989 2583 3064 belli
2618 2988 3004 3047 Cantacuzeno
3038 2993 3310 3048 inferendi
3346 2996 3582 3067 necessia
3614 3040 3621 3045 .

2006 3096 2090 3139 tas
2124 3086 2477 3139 occasionem
2515 3076 2767 3153 praabens
2796 3099 3085 3154 perperam
3115 3086 3427 3147 ditescendi
3460 3088 3609 3147 ideo.

2001 3178 2314 3248 eergitala
2366 3186 2470 3241 est,
2522 3186 2584 3231 ut
2634 3177 2815 3246 plenis
2873 3160 3129 3232 manibus
3157 3180 3428 3248 pretiosas
3465 3180 3586 3236 illas

2005 3284 2167 3341 gazas
2223 3268 2544 3329 haurirent,
2597 3261 2720 3337 quae
2773 3267 2828 3320 in
2880 3269 3255 3337 imperatoriis
3312 3271 3588 3327 thesauris

2001 3361 2330 3433 jampridem
2356 3369 2515 3415 erant
2537 3361 2814 3430 repositae.
2845 3360 2984 3416 Aliis
3039 3361 3188 3416 enim
3220 3362 3483 3419 vendere
3510 3365 3587 3421 si-

2004 3452 2282 3508 mulantes
2313 3452 2603 3514 nonnulla,
2635 3451 2848 3506 delectu
2883 3451 3095 3516 habito,
3147 3454 3202 3506 in
3255 3469 3371 3508 rem
3430 3434 3593 3512 suam

2005 3532 2406 3619 convertebant
2436 3561 2451 3598 :
2487 3544 2736 3615 quaedam
2767 3543 2868 3614 ipsi
2891 3545 2994 3600 sibi
3020 3545 3115 3599 vili
3135 3546 3431 3603 admodum
3458 3566 3589 3619 pre-

2010 3638 2105 3697 tio.
2138 3618 2517 3691 et'utlibit'um
2549 3646 2685 3699 erat,
2708 3635 3041 3690 vendebant.
3096 3637 3150 3691 Id
3175 3646 3356 3692 tamen
3384 3649 3443 3694 et
3460 3618 3594 3695 con-

2007 3720 2152 3781 sulto
2186 3710 2369 3786 (iebat,
2391 3734 2452 3779 ut
2477 3726 2547 3781 ab
2568 3725 2700 3795 ipsis
2724 3734 2932 3781 temere
2953 3727 3247 3796 aliquando
3271 3729 3550 3799 vulgatum
3573 3750 3588 3785 :
3614 3779 3621 3787 .

2007 3833 2078 3871 ne
2108 3817 2362 3889 videlicet
2389 3816 2795 3883 Cantacuzeno,
2829 3818 2874 3871 si
2900 3818 3042 3873 forte
3077 3820 3126 3874 is
3155 3820 3478 3892 Byzantium
3505 3825 3614 3879 in-'

2007 3924 2229 3979 gressus
2255 3923 2440 3963 rerum
2476 3906 2772 3977 potiretur,
2822 3920 3012 3977 parata
3041 3920 3186 3965 esset
3236 3913 3391 3983 copia
3426 3930 3593 3981 pecua

2008 3999 2249 4062 uiarum,
2284 3999 2430 4052 unde
2456 4009 2511 4052 et
2546 3999 2904 4079 principibus
2922 4000 3068 4054 vires
3129 4001 3591 4071 addebellandos

2008 4096 2200 4148 hostes
2228 4099 2551 4161 suppetunt,
2585 4100 2642 4144 et
2678 4099 3001 4145 ornamenta
3029 4092 3192 4162 790
3215 4093 3429 4164 imperii
3455 4112 3590 4152 con-

2008 4184 2245 4240 ﬂanulr:
2278 4181 2558 4252 pertinere
2577 4180 2723 4234 enim
2747 4181 2996 4251 pecuniae
3018 4183 3287 4239 rationem
3310 4186 3376 4240 ad
3397 4203 3591 4257 quem-

2007 4277 2143 4332 libet
2164 4286 2405 4341 statum;
2444 4274 2682 4328 maxime
2706 4288 2840 4328 vero
2874 4274 2943 4328 ad
2971 4276 3316 4347 principatus
3348 4297 3581 4338 conser-
3612 4302 3619 4311 α

2009 4370 2241 4433 vandos,
2304 4367 2371 4421 ad
2408 4382 2552 4436 quos
2603 4367 2676 4419 ita
2729 4381 2788 4420 se
2819 4366 3006 4431 habet,
3063 4377 3118 4421 ul
3151 4371 3218 4423 ad
3249 4352 3584 4430 animantem

2004 4460 2315 4531 co‘mpactio
2337 4470 2395 4515 et
2421 4459 2826 4530 coagmentatio
2856 4457 3176 4539 nervorum.

2083 4639 2169 4695 Vl.
2200 4638 2446 4695 OlIendit
2476 4639 2664 4708 itaque
2692 4636 3111 4695 Canta‘cuzenu's
3144 4642 3434 4699 thesauros
3489 4645 3590 4702 im-

2006 4741 2328 4802 peratorum
2353 4745 2548 4786 omnes
2573 4730 2805 4785 omnino
2849 4731 3167 4797 exhaustos,
3228 4735 3476 4806 nihilque
3532 4741 3586 4794 in

2007 4825 2510 4895 iispraeterjnaue
2541 4833 2595 4877 et
2650 4823 2936 4891 pulverem
2981 4836 3040 4878 et
3068 4822 3373 4895 Epicureas
3406 4835 3489 4896 (ut
3512 4831 3586 4886 ita

2007 4914 2208 4983 dicam)
2231 4925 2468 4969 atomos.
2530 4913 2667 4968 Cum
2713 4914 2883 4983 igitur
2911 4930 3164 4984 quaerere
3212 4929 3268 4973 et
3337 4921 3587 4992 accipere
3631 4904 3639 4925 ³

2007 5015 2289 5076 oporteret
2318 5004 2516 5073 partim
2545 5005 2615 5056 ab
2644 5006 2996 5074 imperatrice
3027 5008 3206 5074 Anna,
3232 5011 3297 5065 ad
3327 5026 3582 5068 necessa-

2008 5100 2119 5152 rias
2143 5098 2487 5152 iunctionem
2517 5097 3003 5164 imperatoriarum
3035 5101 3332 5170 impensas,
3385 5109 3587 5175 partim

2007 5190 2076 5243 ab
2129 5190 2195 5243 iis
2240 5190 2336 5257 qui
2395 5188 2793 5257 rempublicam
2846 5184 3156 5259 de'peceiati
3220 5193 3585 5260 fuissent,-et

2007 5284 2203 5353 niagna
2232 5280 2339 5336 sibi
2371 5278 2499 5334 inde
2524 5294 2691 5348 apum
2719 5282 2769 5334 vi
2799 5291 2986 5350 parata
3032 5299 3099 5337 ex
3130 5284 3387 5355 inopibus
3421 5286 3581 5341 ditis-

2008 5376 2133 5431 simi
2169 5375 2353 5430 statim
2378 5373 2723 5439 evasissent;
2761 5374 2848 5427 ille
2877 5375 3098 5429 silentio
3146 5377 3328 5429 omnia
3360 5386 3583 5443 printer—

2009 5469 2124 5523 ibat
2157 5466 2314 5522 :sive
2351 5472 2411 5520 ut
2442 5464 2576 5518 mihi
2606 5463 2826 5520 videtur
2848 5505 2863 5531 ,
2907 5482 3061 5521 suam
3101 5467 3245 5520 illam
3282 5467 3579 5537 ingenitam

2009 5559 2373 5627 coalitamque
2402 5557 2682 5611 lenitatem
2717 5557 2770 5611 in
2794 5571 3097 5627 eaqueque
3126 5557 3416 5620 retineret;
3447 5550 3584 5613 sive,

2010 5660 2071 5706 ut
2099 5650 2347 5720 plerique
2382 5648 2729 5714 dictitabant,
2764 5649 2972 5703 timidis
3001 5648 3253 5703 moribus
3312 5645 3578 5715 pra‘pedi-

2012 5753 2208 5820 retur,
2261 5741 2498 5797 naturali
2562 5741 2799 5810 quadam
2862 5742 3030 5797 animi
3099 5739 3411 5795 humilitate
3457 5755 3472 5798 ;
3526 5748 3582 5791 et

2011 5836 2161 5905 quia,
2193 5833 2428 5889 turbidis
2488 5833 2669 5888 adhuc
2730 5833 2896 5889 rebus
2955 5844 3011 5888 et
3063 5833 3305 5889 nondum
3357 5828 3580 5884 ordina-
