4064 6442
349 318 488 390 10.7
766 319 842 391 [Α.
882 333 933 374 c-
978 312 1138 389 ιδιη
1353 323 1797 385 ηγΖιΝΤιΝΑι
1836 324 1945 383 nt:

2045 321 2219 381 mu:
2258 326 2395 386 LIB.
2434 325 2588 386 XVI.
2701 320 2837 394 lm-
2877 340 2921 406 ξι
2963 338 3259 382 malum.
3303 324 3350 397 Il
3462 329 3605 399 1058

345 442 516 503 δοκεῖ,
543 439 636 493 καὶ
663 439 787 501 τοὺς
814 440 910 508 τῆς
940 436 1110 508 τύχης
1135 436 1300 500 πόδας
1350 437 1582 492 ἕκαστον
1640 440 1726 492 ἐπ’
1751 440 1930 509 ἀσφα-

2045 454 2183 502 rere,
2214 449 2271 493 ct
2323 440 2559 493 fortuna!
2592 440 2820 509 vestigia
2852 439 3031 494 stabili
3072 440 3429 495 fundamento
3457 444 3614 510 quis-

345 533 470 596 λοῦς
505 531 733 603 ἐρείδειν
753 549 768 565 ·
797 531 910 593 τοῖς
937 530 992 582 δὲ
1029 530 1197 601 μηδὲν
1216 529 1525 600 κεκτῆσθαι
1553 531 1772 601 βέϐαιον
1805 532 1927 603 μηδ’

2045 545 2142 599 que
2176 530 2341 600 figere
2366 531 2647 593 videatur,
2681 532 2803 586 aliis
2856 532 2996 586 nihil
3033 532 3175 586 iirmi
3227 532 3452 599 habere,
3478 533 3614 587 nihil

345 623 607 692 ἀσφαλές.
635 620 873 693 Βραχεῖα
911 623 1020 694 γάρ
1076 638 1161 685 τις
1215 621 1335 692 ὥρα
1388 621 1651 685 πολλάκις
1705 627 1799 676 καὶ
1832 622 1932 693 μία

2045 621 2195 676 certi.
2230 617 2412 689 Fugax
2456 622 2600 676 enim
2640 622 2775 677 hora
2828 638 2972 692 salpe
3015 632 3072 677 et
3107 636 3443 680 momentum
3482 634 3618 680 tem-

283 742 287 747 -
349 715 490 782 ῥοπὴ
510 713 880 782 διαστήματος
901 713 1153 783 χρονικού
1187 711 1514 782 μεταϐάλλει
1549 712 1685 782 πρὸς
1711 714 1933 766 τούναν-

2045 714 2187 782 poris
2212 714 2401 775 multa,
2432 728 2553 783 qua:
2586 724 2732 768 stare
2778 714 3126 779 videbantur,
3154 715 3380 769 omnino
3405 717 3456 768 in
3483 732 3616 769 con—

345 805 462 858 τίον
496 803 666 871 ἅπαν,
690 806 783 858 καὶ
807 804 988 872 ῥίπτει
1010 804 1183 857 πολλὰ
1214 804 1323 857 τῶν
1356 805 1579 859 ἑστάναι
1632 804 1932 858 δοκούντων

2045 802 2266 855 trarium
2324 812 2550 857 vertunt
2601 814 2656 858 et
2694 805 2759 857 ad
2803 813 3004 858 terram
3027 803 3274 874 afﬂigunt
3304 822 3318 858 :
3350 818 3515 875 atque
3545 808 3615 861 ad

348 897 428 956 είς
453 894 682 963 ἔδαφοςθ
708 895 803 948 καὶ
836 893 902 948 αὖ
958 895 1095 965 πρὸς
1148 896 1497 966 ὑπερήφανον
1553 895 1721 948 ἐνίοτε
1763 895 1933 965 τύχην

346 987 542 1055 ἀνάγει
569 988 637 1041 τὰ
659 989 864 1058 ἀφανῆ.
897 986 1098 1057 Θαῦμα
1126 988 1204 1053 δὲ,
1238 989 1356 1051 πῶς
1386 988 1587 1058 ἀμιγὲς
1630 988 1779 1041 οὐδὲν
1824 987 1933 1039 οὐδ’

348 1078 637 1144 αὐτοτελὲς
677 1079 805 1136 ’τῶν
880 1079 1138 1135 ἁπάντων
1199 1076 1515 1150 εὐρίσκεται
1586 1079 1933 1133 παντάπασιν

348 1170 582 1241 οὐδαμῆ,
637 1169 817 1225 οὐθ’ὃ.
872 1171 982 1225 τῶν
1032 1170 1271 1239 ἀγαθῶν,
1329 1169 1501 1223 οὗθ’ἂ
1554 1170 1663 1222 τῶν
1711 1169 1933 1239 φαύλων

350 1258 490 1316 εἶναι
516 1260 830 1331 νομίζουσιν
861 1262 1138 1332 ἄνθρωποι
1162 1277 1176 1293 ο
1211 1261 1345 1317 ἀλλὰ
1378 1263 1446 1315 τὰ
1471 1260 1717 1330 ἀλλήλων
1754 1260 1932 1331 διηνε-

350 1354 463 1418 κῶς
486 1354 721 1424 πολέμια
755 1355 848 1407 καὶ
875 1357 1157 1424 μαχόμενα
1180 1355 1475 1426 σύντροφόν
1504 1371 1621 1417 πως
1672 1354 1783 1423 ἔχει
1836 1355 1933 1424 τὴν

352 1443 611 1514 βλάστην,
636 1448 729 1498 καὶ
756 1447 886 1514 μίαν
910 1446 1083 1517 δήπου
1107 1447 1231 1500 τινα
1251 1446 1351 1517 τὴν
1376 1449 1457 1510 είς
1507 1445 1623 1514 φῶς
1677 1462 1936 1517 προενεγ-

351 1540 556 1596 κοῠσαν
607 1543 823 1613 μητέρα
857 1543 1182 1615 προΐσχεται
1200 1560 1225 1614 ο.
1241 1546 1337 1597 καὶ
1389 1543 1458 1596 τὰ
1517 1542 1615 1615 τὴν
1670 1541 1933 1596 ἄσπονδον

354 1630 556 1703 ἔχθραν
604 1633 742 1702 πρὸς
805 1633 1013 1702 ἄλληλα
1069 1637 1385 1707 κεκτημένα
1448 1632 1603 1700 ξένας
1659 1634 1816 1698 τινὰς
1878 1636 1937 1688 ἂν

2036 908 2311 947 suuuuum
2363 892 2599 948 fortunae
2646 894 2996 963 splendorem
3029 895 3258 951 obscura
3286 894 3618 967 quandoque

2034 984 2295 1040 evehunt.
2341 985 2536 1047 Mirum
2577 1000 2748 1050 vero,.
2776 989 3054 1055 quomodo
3080 986 3220 1042 nihil
3247 1004 3476 1058 usquam
3505 989 3620 1042 siu-

2034 1092 2246 1139 cerum,
2296 1079 2429 1134 nihil
2480 1079 2549 1133 ab
2594 1080 2743 1134 omni
2773 1089 2931 1150 parte
2971 1081 3274 1150 perlectum
3309 1083 3623 1138 inveniatur

2035 1183 2223 1222 eorum
2254 1171 2522 1235 omnium,
2545 1186 2666 1239 qua:
2692 1186 2789 1225 seu
2817 1171 2961 1226 bona
2986 1188 3083 1227 seu
3119 1174 3259 1227 mala
3289 1190 3408 1229 esse
3440 1175 3622 1228 homi-

2036 1277 2134 1315 nes
2181 1261 2563 1317 arbitrantur:
2608 1264 2703 1318 sed
2753 1279 2868 1325 res.
2920 1264 3023 1318 sibi
3078 1263 3315 1320 invicem
3350 1274 3620 1321 aeternum

2038 1353 2274 1408 inimica:
2320 1364 2375 1409 et
2421 1364 2749 1424 pugnantes.
2783 1357 2933 1411 velut
2984 1356 3149 1426 807
3198 1356 3530 1422 coalescant,
3562 1364 3626 1410 et

2040 1444 2208 1498 unius
2245 1445 2405 1514 quasi
2455 1447 2649 1500 matris
2698 1446 2823 1501 sinu
2864 1447 3043 1502 editas
3074 1462 3133 1500 se
3164 1446 3217 1500 in
3250 1447 3428 1500 lucem
3462 1445 3624 1515 proﬁ-

2038 1540 2295 1589 teantur:
2335 1544 2392 1591 et
2432 1551 2519 1601 ea,
2571 1552 2693 1606 quae
2735 1535 2924 1592 odium
2970 1537 3316 1606 implacabile
3359 1534 3511 1592 inter’
3560 1550 3622 1591 se

2034 1637 2318 1693 exercent,
2359 1629 2620 1683 inusitata
2674 1629 2924 1700 quaedam
2978 1630 3188 1685 hedera
3240 1630 3295 1684 in
3333 1629 3621 1684 hominum

2037 1720 2236 1774 animis
2268 1718 2506 1786 feriant;
2538 1736 2602 1775 ac
2630 1736 2813 1790 neque
2851 1723 3021 1776 vitam
3057 1722 3292 1778 tristitiae
3325 1724 3625 1777 immunem

2036 1809 2292 1879 cuiquam
2322 1811 2639 1882 contingere
2655 1811 2966 1879 videamus,
2993 1829 3097 1869 nec
3122 1813 3397 1868 tristitiam
3415 1813 3627 1889 jucuny

351 1721 638 1791 ἀνθρώπου
688 1723 804 1779 θύει
857 1720 1003 1796 ψυχῇ
1055 1726 1154 1790 τάς
1207 1727 1472 1791 σπονδάς⁸
1499 1728 1595 1780 καὶ
1648 1725 1773 1779 οὐτε
1821 1725 1935 1796 βίον

350 1773 556 1867 ἄλυπον
571 1813 699 1868 ὄντα
721 1815 851 1886 παρ’
866 1773 1049 1871 Legio
1071 1773 1179 1871 ri'iiv
1193 1773 1448 1871 ἀπάνῖων
1467 1773 1933 1889 ὁρῶμεν,[Ρ.ἑθὸι
1969 1773 2005 1827 Β

350 1901 475 1955 οὐτε
503 1904 680 1974 λύπην
697 1905 1047 1960 παντάπασιν
1069 1900 1318 1977 ἀτερπῆ·
1347 1906 1462 1960 ἀλλ’
1489 1903 1933 1976 εἷναισυμὸαίνιι

352 1995 449 2047 καὶ
499 1995 678 2067 λύπην
731 1996 916 2049 αἰτίαν
966 1998 1167 2067 χαρᾶς,
1201 2000 1296 2051 καὶ
1349 1994 1417 2056 αὖ
1487 1994 1700 2068 μητέρα
1758 1997 1934 2067 λύπης

352 2085 547 2155 χαράν.
583 2085 770 2139 Ταῦτα
803 2087 901 2155 μὲν
929 2072 1071 2141 εἶναι
1105 2091 1334 2158 συμφυᾶ
1383 2106 1520 2152 πως,
1552 2090 1649 2141 καὶ
1683 2082 1931 2156 ἐγκατῳ-

351 2174 703 2246 κοδομημένα
757 2177 873 2239 τοῖς
934 2176 1279 2247 πράγμασιν,
1346 2176 1380 2248 ἡ
1436 2180 1604 2249 πεῖρα
1666 2179 1936 2248 ξυγχωρεῖ

355 2268 596 2320 συνιέναι
626 2271 747 2330 ταῖς
808 2269 1203 2338 συνετωτέραις
1262 2267 1493 2339 ψυχαῖς⁹
1528 2270 1591 2322 τὸ
1613 2270 1669 2323 δὲ
1726 2271 1932 2340 μεγέθη

352 2358 449 2412 καὶ
502 2361 875 2430 σμικρότητας
925 2362 1138 2420 τούτοις
1194 2361 1416 2431 διδόναι,
1480 2361 1639 2416 τοῦτο
1666 2362 1711 2415 δ’
1780 2359 1931 2431 οἶμαι

355 2450 622 2520 δήπουθεν
646 2453 721 2513 ὡς
752 2451 821 2503 τὰ
873 2451 1044 2505 πολλὰ
1105 2454 1214 2505 τῶν
1275 2454 1362 2521 ἐφ’
1395 2455 1526 2523 ¹ἡμῖν
1555 2453 1823 2525 ὑπάρχειν
1850 2454 1930 2507 ἓν.

360 2541 458 2599 Ὃς
483 2542 592 2612 γὰρ
614 2543 874 2611 μεγάλοις
902 2545 1115 2611 ἐφίεται
1145 2547 1490 2615 πραγμάτων
1546 2545 1735 2600 θδασιν
1772 2549 1934 2614 ἐγκυ-

358 2616 584 2704 [Grut-iv,
608 2635 820 2705 ἀνάγκη
841 2635 1013 2705 τούτῳ
1043 2637 1136 2689 καὶ
1168 2637 1439 2705 μεγάλους
1466 2637 1793 2706 ὑφίστασθαι
1826 2638 1933 2691 τῶν

357 2726 621 2779 κινδύνων
649 2728 772 2789 τοὺς
828 2728 1105 2792 κλύδωνας
1124 2746 1136 2760 '
1156 2723 1200 2798 ᾧ
1229 2730 1289 2783 δὲ
1340 2730 1701 2801 βραχυτέροις
1738 2729 1935 2783 ἐνδιαι-

359 2815 555 2869 τᾶσθαι
584 2816 862 2885 νομίζεται
887 2817 1168 2887 ἀποχρῶν,
1190 2819 1367 2889 τούτῳ
1402 2819 1463 2871 ’δὶ
1492 2821 1584 2873 καὶ
1640 2819 1934 2889 μετριωτέ-

363 2922 485 2977 ραις
516 2905 813 2978 κεχρῆσθαι
838 2909 957 2972 ταῖς
990 2909 1190 2971 λύπαις
1224 2913 1320 2962 τοῦ
1376 2909 1493 2979 βίον
1548 2908 1745 2978 χρεών.
1777 2910 1935 2961 Βασι-

360 2996 480 3049 λεία
499 2997 678 3051 τοίνυν
704 2996 764 3051 ὲν
787 3000 902 3062 τοῖς
919 2998 1013 3051 τού
1049 2998 1166 3068 βίου
1188 2996 1479 3068 πράγμασι
1510 3000 1764 3068 μέγιστον
1793 2994 1932 3050 εἶναι

2035 1894 2227 1953 ditatis
2253 1916 2483 1969 prorsus
2524 1911 2846 1972 expertem;
2891 1904 2987 1960 sed
3023 1920 3146 1961 esse
3176 1906 3351 1961 soleat
3392 1914 3451 1961 et
3480 1904 3624 1960 laeti-

2037 1990 2125 2045 tia:
2159 1991 2317 2062 origo
2345 1992 2589 2060 tristitia,
2622 2004 2680 2049 et
2711 2011 2907 2051 rursus
2942 1998 3183 2054 tristitia:
3210 2005 3383 2052 mater
3411 1998 3621 2054 lmtitia.

2033 2076 2104 2133 Et
2162 2080 2278 2135 haec
2315 2082 2542 2151 quidem
2603 2100 2727 2140 esse
2778 2086 2946 2143 rebus
2996 2088 3160 2143 insita
3213 2089 3625 2159 quodammodo

2034 2178 2201 2240 atque
2252 2168 2417 2226 inﬁxa
2460 2172 2920 2243 iutclligentiores
2963 2175 3168 2247 quique
3209 2180 3412 2243 sciunt,
3456 2194 3624 2247 expe-

2037 2263 2234 2315 rientia
2264 2278 2464 2332 nempe
2496 2264 2706 2319 edocti.
2739 2268 2809 2320 At
2843 2276 2902 2321 ut
2927 2267 3017 2321 illa
3048 2271 3164 2339 ipsa
3199 2269 3282 2324 vel
3319 2274 3628 2340 augeantur

2034 2349 2121 2403 vel
2177 2348 2523 2418 minuantur,
2562 2355 2616 2410 id
2662 2370 2763 2425 ego
2807 2359 3063 2413 existimo
3090 2375 3260 2430 penes
3290 2376 3390 2416 nos
3413 2376 3535 2416 esse
3566 2369 3627 2416 ut

2035 2443 2359 2512 plurimum.
2423 2446 2527 2512 Qui
2583 2449 2731 2502 enim
2767 2464 2827 2504 se
2885 2440 3222 2520 in'magnas
3266 2453 3619 2523 negotiorum

2036 2535 2214 2587 undas
2246 2536 2836 2606 gestiat‘immergere,
2902 2554 3029 2593 eum
3080 2554 3304 2595 necesse
3368 2551 3453 2594 est
3506 2555 3627 2594 ma-

2034 2638 2171 2694 gnos
2230 2626 2451 2680 'subire
2532 2627 2904 2698 periculorum
2985 2630 3187 2684 ﬂuctus
3245 2647 3260 2689 :
3316 2631 3406 2685 cui
3493 2646 3628 2686 vero

2036 2716 2346 2772 minoribus
2414 2719 2685 2773 interesse
2750 2722 2886 2774 satis
2952 2721 3158 2784 luerit,
3221 2736 3348 2774 eum
3412 2728 3628 2789 olmrli‘t

2036 2806 2503 2863 moderatioribus
2554 2809 2694 2869 allici
2741 2810 2867 2863 vitae
2912 2810 3207 2863 molestiis.
3253 2809 3422 2880 Regia
3472 2826 3626 2866 certe

2034 2895 2273 2965 dignitas
2304 2896 2361 2948 iu
2394 2895 2498 2949 hac
2528 2894 2639 2951 vita
2673 2899 2969 2950 maximum
2996 2913 3118 2951 esse
3149 2898 3383 2951 fortuna:
3417 2899 3627 2953 donum

2036 2987 2412 3049 existimatur,
2456 2997 2513 3040 et
2550 3002 2824 3052 summus,
2852 2991 2898 3043 si
2951 2987 3035 3041 fas
3093 2986 3299 3051 dicere,
3340 2989 3625 3045 felicitatis

360 3082 550 3162 χρῆμα
581 3083 860 3161 νομίζεται
888 3090 1061 3161 τύχης
1088 3092 1200 3151 καὶ,
1237 3090 1304 3144 ἶν’
1339 3090 1506 3153 είπω,
1530 3092 1592 3143 τὸ
1643 3090 1934 3160 κράτιστον

2045 3078 2319 3149 cumulus.
2393 3078 2599 3133 Contra
2659 3074 2853 3147 paucis
2916 3077 3097 3132 obolis
3162 3080 3347 3133 metiri
3411 3083 3624 3148 cupiam

360 3184 463 3253 τῆς
492 3174 841 3259 εὐδαιμονίας
871 3182 1022 3252 ὐψος.
1057 3180 1132 3237 Τὸ
1179 3183 1238 3236 δὲ
1289 3184 1505 3253 μικροῖς
1551 3198 1695 3234 τισιν
1732 3182 1939 3257 ὀϐολοῖς

365 3268 738 3346 ὁρίζεσθαίτῳ
783 3265 879 3327 τοῦ
928 3274 1044 3345 βίου
1093 3275 1194 3345 τὴν
1234 3266 1495 3344 εὐπορίαν
1533 3274 1629 3327 καὶ
1677 3274 1937 3344 τριὸωνοο

316 3360 324 3367 ’
369 3368 576 3438 φορεῖν,
604 3369 697 3420 καὶ
751 3368 937 3421 ἱκανὸν
963 3362 1103 3420 εἶναι
1130 3366 1160 3419 δ
1217 3369 1284 3439 τῇ
1336 3366 1498 3437 φύσει
1534 3367 1595 3420 τὸ
1644 3365 1939 3433 ἀναγκαῖον

371 3461 534 3531 μόνον
562 3449 866 3528 χαρίζεται,
898 3454 1065 3513 τοῦτο
1089 3457 1146 3513 δὲ
1177 3460 1513 3530 κακόδαιμον
1542 3460 1811 3529 φαίνεται,
1847 3459 1942 3512 καὶ

370 3552 576 3605 τούτων
606 3551 748 3616 ἑνὸς.
778 3540 859 3614 οἷς
885 3552 915 3604 ὁ
946 3550 1197 3614 πλεῖστος
1247 3550 1406 3621 ὄχλος
1446 3552 1772 3621 καταρᾶται.
1798 3544 1869 3620 ᾯ
1896 3548 1940 3601 δ’

367 3638 652 3716 ἑκατέροις
680 3647 791 3705 τοῖς
820 3644 956 3714 βίοις
990 3646 1049 3696 ιν
1080 3645 1251 3715 πείρᾳ
1311 3643 1565 3712 γενέσθαι
1615 3642 1939 3711 τετύχηκεν,

368 3736 631 3809 ἄρχεσθαι
656 3734 856 3806 μᾶλλον
884 3728 1094 3805 οὗτοςῆ
1130 3728 1432 3804 βασιλεύειν
1511 3726 1671 3787 ἕλοιτ’
1694 3732 1760 3786 ἂν
1789 3728 1941 3801 οἶμαι

372 3830 519 3899 μάλα
549 3828 863 3897 προθύμως,
883 3826 979 3880 καὶ
999 3828 1207 3896 πένητα
1234 3825 1440 3894 μᾶλλον
1469 3824 1679 3896 τρίϐειν
1734 3818 1870 3892 βίον,
1908 3822 1940 3890 ἢ

373 3923 428 3986 δς
456 3922 682 3992 μυρίαις
718 3918 1195 3987 περιστοιχίζεται
1254 3917 1434 3981 δόξαις
1455 3918 1569 3969 -καὶ
1628 3914 1941 3986 χρήμασινο

370 4016 421 4067 εί
449 4015 493 4067 δ’
533 4011 650 4075 οὖν,
702 4010 906 4079 λεγέτω
946 4028 1027 4074 τις
1077 4007 1385 4079 παρελθὼν,
1423 4008 1541 4070 πῶς
1599 4005 1946 4075 Ἀλέξανδρος

371 4100 581 4168 ἐκεῖνος
613 4106 641 4158 ὁ
674 4104 867 4174 μέγας,
899 4104 928 4156 ὀ
984 4101 1178 4171 μέχρις
1220 4098 1396 4155 ἰνδῶν
1416 4099 1485 4153 τ’ἀι
1525 4098 1627 4168 τῆς
1675 4096 1945 4167 Εὐρώπης
1966 4104 1981 4123 ‘

370 4190 692 4259 διαϐιϐάσας
721 4186 879 4260 ὅπλα,
919 4194 1012 4247 τὸν
1056 4192 1250 4263 εὐτελῆ
1295 4193 1392 4245 τοῦ
1438 4192 1725 4257 Διογένους
1786 4190 1945 4242 πίθον

376 4284 472 4342 καὶ
533 4290 631 4359 τὴν
669 4288 1045 4358 διερῤωγυῖαν
1104 4283 1452 4354 ἀμπέχεσθαι
1506 4282 1710 4351 μᾶλλον
1746 4282 1949 4349 ἐσθῆτα

377 4383 562 4435 ποθεῖν
595 4380 946 4450 munierant
985 4379 1084 4448 τὴν
1134 4376 1236 4469 τῆς
1294 4374 1425 4446 ὅλης
1454 4376 1681 4473 recte;
1735 4390 1795 4427 τε
1853 4373 1947 4427 καὶ
1974 4419 2026 4473 D

378 4475 647 4545 Εὐρώπης
670 4473 812 4543 ἐχειν
855 4471 1055 4541 ἀρχὴν,
1086 4464 1183 4523 καὶ
1226 4468 1316 4521 τὸν
1365 4466 1710 4520 Βαὸυλώνιον
1742 4467 1949 4517 ἐκεῖνον

381 4550 808 4637 περιῢεϐλῆσθαι
877 4562 1146 4615 πλοῦτον*
1212 4559 1336 4612 ὅθεν
1387 4558 1484 4610 καὶ
1543 4558 1603 4610 τι
1653 4556 1789 4609 πολὺ
1853 4555 1956 4623 τῆς

382 4657 663 4730 ῥᾳστώνης
684 4656 845 4728 χεθὲν
875 4654 1087 4724 Δαρείῳ
1114 4652 1211 4706 καὶ
1236 4652 1475 4720 Πέρσαις
1496 4649 1709 4717 ὅνειρον
1756 4647 1956 4714 ἔδειξεν

379 4747 521 4804 εἶναι
606 4748 791 4818 σαφῶς
871 4748 971 4811 τὰς
1054 4744 1317 4806 δοκούσας
1397 4742 1721 4811 εὐδαίμονας
1792 4740 1958 4810 τύχας

378 4841 474 4894 τοῦ
540 4840 682 4910 βίου.
723 4838 891 4892 Οὐδὲν
940 4837 1049 4905 γὰρ
1114 4831 1259 4888 οὕτω
1318 4833 1513 4903 μεστὸν
1572 4830 1808 4899 ὑποψίας
1864 4829 1959 4881 καὶ

384 4926 682 4993 ἀπιστίας,
746 4925 821 4989 ὡς
872 4924 1114 4994 βασιλεία
1179 4924 1276 4994 καῖ
1350 4914 1747 4976 δυναστεύουσα
1811 4914 1954 4988 χείρ.

390 5016 462 5094 ’ᾩ
518 5021 618 5089 μὲν
696 5020 804 5089 γὰρ
873 5015 1253 5089 βασιλεύεσθαί
1307 5031 1425 5078 πως
1481 5012 1800 5081 τετύχηκεν,
1864 5011 1958 5063 ἕνα

391 5107 726 5185 μὸπιονρύτος
756 5110 916 5171 δέδιε,
945 5107 1037 5162 τὸν
1090 5106 1348 5177 βασιλέαο
1405 5105 1572 5173 φαίην
1616 5103 1660 5155 δ’
1713 5103 1801 5168 ἂν,
1850 5102 1959 5153 οὐδ’

386 5208 569 5271 αὐτὸν,
597 5205 645 5256 εί
667 5205 732 5257 τὰ
756 5203 940 5256 δίκαια
964 5199 1275 5268 φυλάττειν,
1294 5198 1439 5259 ὅστις
1467 5195 1582 5249 ποτ’
1598 5194 1663 5247 ἂν
1684 5189 1740 5268 ᾖ,
1763 5190 1956 5256 ἐθέλει,

388 5302 479 5354 καὶ
515 5300 613 5369 τὴν
641 5296 914 5369 λαχοῦσαν
950 5295 1146 5364 μοῖραν
1191 5293 1439 5361 στέργειν
1487 5289 1580 5341 τοῦ
1614 5288 1761 5356 βίουι
1781 5281 1853 5357 τῼ
1900 5286 1958 5338 δὲ

392 5392 695 5464 βασιλεύειν
726 5391 958 5456 ἔξεστιν,
987 5378 1140 5441 οὗτος
1164 5386 1301 5454 μετὰ
1324 5384 1431 5436 τῶν
1462 5382 1720 5452 ἐμφανῶν
1751 5379 1960 5449 ἐχθρῶν

389 5486 610 5548 πλείους
633 5483 862 5553 ἔχεικαὶ
902 5482 1024 5542 τοὺς
1053 5478 1235 5549 κρύφα
1272 5476 1370 5538 τὰς
1424 5475 1641 5536 πλείους
1689 5472 1929 5524 συσκευά

390 5579 581 5646 ζοντας
630 5576 739 5630 τῶν
773 5573 1094 5626 ἐπιϐουλῶν.
1147 5566 1514 5638 Οὐκοκνήσω
1543 5564 1590 5618 δ’
1650 5562 1847 5621 είπεῖν,
1886 5564 1959 5623 ιὶρις

391 5670 487 5724 καὶ
513 5668 707 5729 αὐτοὺς
738 5665 827 5719 ἀεὶ
852 5663 1049 5730 δέδιεν,
1077 5660 1267 5738 ὁπόσοι
1308 5658 1564 5727 φυλάκων
1596 5655 1776 5727 ἔχουσι
1806 5652 1959 5716 τάξιν

2044 3185 2265 3226 omnem
2312 3172 2390 3223 rei
2438 3168 2742 3233 familiaris,
2794 3178 2851 3224 et
2900 3180 3054 3224 veste
3097 3168 3175 3222 uti
3216 3169 3365 3231 trita,
3403 3178 3458 3222 et
3491 3169 3629 3223 satis

2045 3259 2253 3314 habere
2317 3259 2372 3313 id
2435 3258 2585 3329 quod
2649 3267 2868 3313 natura:
2930 3258 3078 3314 solas
3138 3244 3246 3313 res'
3288 3261 3627 3312 necessarias

2044 3349 2382 3420 suppeditat,
2448 3351 2500 3404 id
2547 3359 2604 3405 et
2671 3352 2936 3405 miserum
2999 3348 3253 3409 videtur,
3310 3360 3367 3403 et
3434 3365 3625 3402 eorum

2048 3450 2239 3502 unum,
2267 3450 2389 3506 quin
2404 3437 2548 3506 vulgi
2576 3437 2807 3490 maxima
2829 3450 2953 3505 pars
2969 3435 3337 3490 detestantur.
3364 3434 3467 3501 Qui
3500 3450 3628 3485 vero

2047 3539 2337 3600 Utramque
2387 3530 2514 3584 vita:
2545 3530 2920 3584 conditionem
2954 3539 3218 3597 expertus
3249 3535 3355 3591 cst,
3382 3524 3429 3580 is
3458 3526 3633 3580 multo

2044 3622 2309 3678 libentius
2351 3629 2542 3691 pareat
2588 3636 2755 3691 quam
2806 3619 3063 3689 imperet,
3110 3626 3166 3673 et
3203 3619 3372 3673 vitam
3410 3617 3635 3671 trahere

2046 3718 2266 3783 inopem
2299 3713 2472 3779 antiit,
2506 3729 2669 3784 quam
2705 3728 2826 3784 quae
2862 3710 3109 3766 inﬁnitis
3154 3704 3459 3763 honoribus
3514 3709 3640 3777 epi-

2046 3808 2259 3875 busque
2314 3809 2512 3876 stipata
2573 3807 2666 3861 sit.
2721 3806 2815 3860 Sin
2878 3806 3089 3870 minus,
3137 3800 3375 3875 prodeat
3428 3798 3641 3867 aliquis

2046 3890 2354 3966 doceatque
2407 3912 2528 3961 nos,
2559 3897 2838 3966 quomodo
2885 3894 3197 3948 Alexander
3249 3892 3342 3946 ille
3377 3886 3630 3960 Magnus,

2047 3990 2205 4060 cujus
2257 3988 2519 4059 auspiciis
2584 4005 2735 4042 arma
2793 3987 3025 4056 Europa:
3076 3982 3245 4057 808
3299 3985 3365 4040 ad
3421 3980 3630 4037 Indiam

2048 4094 2221 4150 usque
2246 4089 2629 4150 penetrarunt,
2662 4080 2768 4134 vile
2819 4078 3079 4149 Diogenis
3113 4080 3320 4132 dolium
3351 4076 3632 4141 habitare,

2049 4180 2105 4225 et
2134 4170 2380 4240 ejumietu
2430 4168 2611 4223 lacera
2658 4176 2810 4222 veste
2867 4166 3044 4231 indui,
3071 4166 3317 4236 Optatius
3368 4164 3472 4216 sibi
3505 4179 3633 4218 esse

2050 4263 2337 4317 Confessus
2366 4263 2457 4327 sit,
2495 4275 2657 4329 quam
2695 4260 2837 4313 Asiae
2884 4250 2939 4311 et
2986 4256 3219 4326 Europa:
3253 4258 3423 4310 totius
3453 4256 3630 4323 turpe-

2054 4361 2194 4410 riunt
2251 4355 2553 4425 possidere,
2603 4363 2659 4408 et
2696 4349 3013 4423 Babyloniis
3070 4346 3640 4405 divitiiscumulziri;

2057 4462 2290 4516 quarunt
2342 4444 2514 4509 e‘ﬂusa
2568 4439 2909 4499 abundantia
2964 4441 3124 4496 Dario
3151 4450 3208 4495 et
3242 4438 3423 4494 Persis
3449 4448 3640 4493 osten-

2058 4538 2160 4605 dit,
2199 4553 2409 4592 uternm
2463 4553 2582 4609 esse
2634 4540 2910 4591 somnium
2965 4550 3031 4589 ea
3093 4550 3216 4602 qua:
3259 4529 3639 4586 conditionem

2058 4633 2181 4685 vitm
2241 4633 2545 4685 beatiorem
2624 4629 2804 4684 facere
2877 4626 3283 4681 existimantur.
3340 4618 3647 4679 Enimvero-

2058 4726 2198 4779 nihil
2248 4734 2333 4779 cst
2367 4727 2438 4776 ita
2496 4723 2825 4792 suspicionis
2859 4730 2913 4773 et
2934 4712 3249 4774 dtilidcntiu:
3300 4721 3542 4785 plcitum,
3578 4724 3641 4764 ιιι

2060 4819 2400 4888 principatus
2452 4826 2507 4870 et
2534 4824 2775 4885 potestas
2831 4828 3064 4867 summa.
3109 4809 3246 4864 Nam
3276 4822 3438 4877 quem
3474 4804 3644 4858 alteri.

2060 4911 2341 4964 subditum
2390 4922 2513 4962 esse
2574 4907 2797 4959 fortuna
2843 4903 3040 4968 voluit,
3071 4903 3116 4956 is
3151 4917 3319 4955 unum
3372 4898 3645 4954 duntaxat

2062 4999 2424 5069 pertimescit,
2475 4999 2863 5071 imperatorem
2918 4994 3210 5059 videlicet»;
3244 4993 3347 5048 sed
3379 5005 3448 5045 ne
3489 4991 3638 5043 hunc

2062 5091 2287 5161 quidem
2327 5090 2526 5157 (ausim
2563 5088 2791 5152 (licere),
2813 5088 2856 5141 si
2881 5085 3030 5155 jura,
3063 5087 3376 5154 quicunque
3414 5085 3645 5136 tandem.

2061 5186 2154 5239 ille
2190 5186 2281 5249 sit,
2316 5183 2446 5236 velit
2496 5196 2737 5245 scrvnre,
2765 5187 2820 5233 ct
2875 5194 2939 5232 ea
2971 5192 3092 5248 qua:
3129 5178 3358 5246 contigit
3386 5175 3491 5229 sibi
3522 5173 3637 5226 for-

2054 5283 2194 5330 ‘tuna
2244 5285 2540 5331 contentus
2573 5273 2741 5326 vivat.
2771 5271 2842 5327 At
2885 5271 2973 5324 cui
3006 5268 3280 5338 imperare
3312 5267 3500 5321 datum
3526 5276 3642 5327 est,

2064 5371 2109 5424 is
2140 5380 2339 5441 praeter
2390 5373 2610 5437 apertos
2670 5364 2879 5425 hostes,
2922 5363 3232 5431 complures
3278 5359 3415 5412 alios
3445 5357 3634 5422 habet,

2063 5467 2156 5535 qui
2220 5463 2419 5516 multas
2475 5460 2526 5514 ei
2582 5458 2893 5512 clanculum
2954 5455 3182 5512 insidias
3234 5458 3471 5533 struant.
3519 5449 3636 5505 Nec

2062 5556 2297 5612 verebor
2334 5554 2467 5609 illud
2512 5552 2800 5617 affirmare,
2829 5551 3010 5606 timeri
3039 5550 3107 5604 ab
3135 5563 3202 5603 eo
3228 5542 3633 5614 semperetiam

2066 5652 2212 5720 ipsos
2243 5651 2570 5719 stipatores;
2611 5647 2681 5700 ita
2720 5652 2779 5699 ut
2808 5645 2857 5699 ei
2900 5649 3167 5714 perpetuo
3195 5635 3636 5694 contremiscem

391 5758 560 5829 αὐτῷ,
588 5758 685 5812 καὶ
722 5749 1219 5829 περίεστι·τρέμειν
1250 5734 1362 5815 ἀεὶ,
1396 5749 1491 5801 καὶ
1522 5745 1868 5808 Ταντάλειον,
1901 5761 1945 5798 τη

2056 5763 2107 5801 ιιι
2135 5755 2190 5800 οι
2243 5742 2536 5811 Tantalea,
2566 5749 2625 5795 ut
2675 5740 2861 5807 aiunt,
2894 5746 3006 5792 v.ti
3053 5751 3194 5806 ageu
3215 5735 3270 5788 la
3313 5734 3408 5786 sit.
3460 5727 3600 5787 Haec
