4064 6440
363 280 503 372 ’tnm
763 303 835 378 [Α.
873 321 922 360 c.
969 305 1129 378 ist-:1

1382 311 1827 374 BYZANTINIE
1866 308 2248 374 HISTORIE
2292 314 2437 375 LIB.
2468 314 2623 376 XVI.
2700 314 2838 383 [mc-
2879 326 2899 365 ι
2965 326 3260 367 cuncvz.
3314 314 3363 385 t]

3481 318 3616 382 1062

365 424 527 476 αὐτὸν
551 423 729 494 ἑαυτῷ
768 426 1074 496 κατήγορον
1111 429 1176 481 ἐκ
1203 425 1296 480 τοῦ
1342 426 1610 497 σύνεγγυς
1643 419 1779 501 εἶχε.
1822 430 1918 483 καί

2037 429 2221 497 plures
2260 427 2409 481 inﬁxi
2436 430 2652 497 penitus
2684 431 3011 483 insidebant.
3043 432 3337 501 Pleroqu
3371 449 3529 502 agros
3560 439 3614 487 et

365 514 539 567 πολλά
554 517 673 578 ταῖς
689 516 782 569 τοῦ
808 518 1104 582 συνειδότος
1125 517 1341 592 [P.5i0]
1363 523 1586 590 σκηναῖς
1606 521 1793 586 αὐλιζὸ
1801 524 1938 591 μενά

366 608 416 656 οἱ
449 607 821 674 παραπέπηγε
849 607 1070 678 κέντρα.
1104 611 1213 672 Τὰς
1241 611 1348 681 γὰρ
1372 612 1630 675 πλείστας
1648 613 1937 683 Ῥωμαίων

366 700 547 766 χώρας
574 699 665 750 καὶ
696 700 880 762 πόλεις
908 699 1100 754 θᾶττον
1130 702 1163 770 ἢ
1214 702 1375 770 λόγος
1449 705 1784 775 ἀφελόμενος
1835 705 1936 767 τὰς

372 788 471 856 μὲν
500 790 610 849 τοῖς
636 789 897 853 ἐναντίοις
925 792 1232 861 ἐχαρίσατο,
1257 793 1354 857 τὰς
1380 794 1425 846 δ’
1451 794 1937 865 ἐξηνδραποδίσατο

366 879 461 932 καὶ
524 879 833 948 κατέσκαψε
896 881 1133 953 χεῖρονῆ
1168 884 1264 946 τάς
1318 884 1502 955 Θήϐας
1566 886 1931 956 Ἀλέξανδρος.

364 972 477 1022 Καὶ
524 972 612 1024 διὰ
665 972 823 1025 τοῦτο
889 975 1137 1044 Μάρκιος
1184 975 1401 1040 εὔελπις
1445 979 1643 1048 ἥκιστα
1669 976 1755 1049 ἦν.
1816 980 1937 1032 οὐδὲ

364 1063 599 1132 πάροδον
650 1064 791 1138 olm;
843 1068 924 1128 είς
960 1067 1141 1119 πίστιν
1197 1064 1343 1138 εἶχον
1375 1071 1493 1130 ταῖς
1524 1068 1813 1139 Ῥωμαίων
1835 1074 1935 1140 ψυ-

367 1157 493 1222 χαῖς
528 1157 581 1207 αί
629 1156 881 1225 Μαρκίου
946 1161 1262 1222 συνθέσεις·
1293 1161 1345 1212 οῖ
1392 1179 1450 1213 τε
1528 1162 1816 1232 Ῥωμαίων
1869 1164 1934 1217 αὖ

363 1244 614 1323 πολέμιοι
641 1248 971 1313 φρικώδεσιν
992 1249 1175 1319 ὅρκοις
1217 1251 1380 1304 αὐτὸν
1411 1253 1934 1323 προκατειληφότες,

361 1322 556 1387 ἔπειτα
596 1339 771 1404 μέγαν
795 1340 852 1403 ἐξ
874 1330 1133 1403 ἀσθενοῦς
1170 1343 1288 1405 ταῖς
1317 1343 1543 1406 οἰκείαις
1574 1322 1940 1414 ξυμμεμαχη·

362 1431 519 1490 κότες
546 1428 842 1499 δυνάμεσιν
882 1432 1267 1503 ἐπεπράχεσαν
1289 1452 1301 1467 ·
1335 1434 1401 1496 ἃς
1451 1434 1623 1505 βραχύ
1654 1452 1706 1487 τι
1756 1454 1938 1507 ποιρα⁸

362 1520 699 1589 κροῦσασθαι
732 1522 820 1575 διὰ
855 1525 923 1575 τὰ
953 1525 1159 1595 μητρὸς
1182 1526 1335 1591 δόξας
1365 1527 1576 1597 δάκρυα
1613 1528 1801 1580 ἔλαθεν
1854 1531 1935 1592 είς

360 1612 485 1670 τοῦ,
516 1612 777 1680 ἐσχάτους
824 1613 1076 1683 ὀλέθρους
1116 1616 1455 1686 ὠλισθηκώς.
1488 1619 1561 1671 Σὺ
1588 1618 1634 1671 δ’
1656 1618 1779 1672 οὔτε
1800 1619 1935 1696 βλά-

360 1700 462 1771 ϐην
494 1704 605 1763 τοῖς
654 1702 945 1766 Ῥωμαίων
984 1705 1238 1775 οὐδεμίαν
1269 1710 1545 1785 παρέσχες
1585 1702 1929 1781 πράγμασιν,

358 1788 472 1842 οὗθ’
499 1791 682 1858 ὅρκοις
706 1792 883 1847 οὐδέσι
920 1794 1142 1864 δέσμιον
1172 1799 1398 1851 σεαυτὸν
1455 1801 1930 1870 προκατέστησας.

357 1880 546 1959 Ταῦτα
574 1883 680 1953 γὰρ
711 1883 922 1939 ἅπαντα
956 1888 1426 1958 προκατειληφυῖα
1462 1890 1733 1961 λαμπρῶς
1768 1894 1801 1962 ή
1833 1894 1933 1961 τῆς

357 1975 495 2042 ἐμῆς
531 1975 768 2040 ἀφίξεως
825 1979 1167 2047 ἀνεχαίτισεν
1208 1980 1346 2048 αῦτη
1401 1983 1637 2055 σπουδήθ
1678 1984 1753 2047 ὡς
1794 1981 1933 2039 εἶναι

359 2081 442 2114 σοι
483 2065 647 2133 μηδὲν
692 2066 941 2134 ἐμποδὼν
985 2068 1093 2122 τῶν
1158 2070 1414 2123 ἁπάντων
1459 2076 1575 2134 ταῖς
1639 2077 1935 2145 μητρικαῖς

360 2157 716 2222 παραινέσεσι
775 2158 1079 2214 πείθεσθαι.
1113 2160 1326 2214 Ἔπειθ’
1351 2164 1482 2233 ὁρᾷς
1539 2166 1636 2219 καὶ
1680 2167 1762 2228 είς
1807 2167 1932 2220 ὅσον

357 2246 457 2311 μὲν
490 2242 825 2313 βραχύτητος
877 2247 909 2316 ἡ
974 2246 1259 2318 Ῥωμαίων
1303 2251 1444 2321 ἀρχὴ
1488 2255 1809 2322 συνεστάλη.
1852 2259 1932 2321 είς

352 2337 477 2389 ἶσον
513 2336 568 2388 δὲ
614 2338 804 2400 πενίας
830 2339 898 2392 sit
949 2339 1234 2409 Ῥωμαίων
1286 2343 1456 2415 ἐρρύη
1487 2346 1786 2416 πράγματα
1809 2366 1823 2381 ν
1855 2349 1927 2413 ὡς

355 2427 496 2496 μηδὲ
527 2427 707 2495 λέγειν
740 2429 961 2501 θαρρεῖν
994 2432 1167 2500 φειδοῖ
1223 2434 1322 2503 τῆς
1376 2436 1484 2490 τῶν
1541 2438 1928 2508 ἀκουσομένων

351 2516 555 2582 αἰδοῦς.
587 2520 780 2589 Ὀμως
804 2521 860 2587 ἐξ
894 2523 1014 2583 ἑνός
1047 2524 1110 2589 γέ
1145 2540 1238 2577 του
1284 2524 1512 2593 δηλώσω
1564 2512 1648 2580 σοι
1697 2532 1925 2600 τρόπου.

353 2608 531 2659 ’Ἱσασι
563 2608 663 2677 μὲν
682 2609 790 2678 γὰρ
809 2610 916 2661 τῶν
957 2611 1244 2681 Ῥωμαίων
1265 2615 1361 2667 καὶ
1382 2614 1676 2686 βαρϐάρων
1698 2620 1749 2670 οἱ
1774 2619 1927 2672 πλεῖ-

252 2722 257 2727 ι
350 2714 465 2751 στοι
496 2698 586 2751 τὸν
627 2699 852 2755 πλοῦτον
878 2702 983 2772 πρὸ
1009 2703 1107 2771 τῆς
1142 2704 1453 2774 συγχύσεως
1486 2709 1582 2760 καὶ
1619 2709 1727 2761 τῶν
1751 2710 1915 2777 διωγ-

352 2789 473 2859 μῶν
519 2789 764 2855 ἐκείνων,
804 2791 1001 2855 ὁπόσος
1064 2795 1178 2858 τοῖς
1230 2799 1340 2857 σοῖς
1397 2797 1646 2865 γονεῦσιν
1685 2800 1925 2871 ὑπῆρχεν

345 2883 501 2950 ἡμῖν,
526 2880 586 2933 ἓν
615 2899 671 2935 τε
708 2884 898 2954 χρυσῷ
934 2886 1028 2938 καὶ
1061 2886 1289 2957 ἀργύρῳ
1317 2891 1412 2942 καὶ
1444 2890 1607 2942 λίθων
1636 2893 1730 2944 καὶ
1787 2910 1927 2962 μαρο

344 2976 534 3044 γάρων
559 2977 898 3049 πολυτελείᾳ,
939 2978 997 3030 ἐν
1023 2996 1083 3031 τε
1143 2981 1404 3048 ποίμναις
1464 2983 1559 3035 καὶ
1624 2983 1924 3053 βουκολίοις

2039 520 2202 573 urbes
2238 519 2653 589 Romanis‘cum
2682 521 2975 576 ademisset
3003 564 3016 586 ,
3067 524 3230 592 idque
3279 540 3491 578 summa
3522 536 3616 579 ce;-

2038 609 2254 663 leritate
2281 650 2294 676 ,
2326 611 2522 679 partim
2567 612 2815 667 hostibus
2844 623 3211 677 concesserat,
3243 614 3437 684 partim
3473 615 3610 669 diri-

2040 708 2255 769 puerat,
2289 712 2345 757 et
2376 703 2553 772 pejus,
2604 718 2766 771 quam
2821 704 3037 759 Thebas
3064 705 3388 769 Alexander,
3432 715 3616 759 vasta-

2038 804 2215 845 verat.
2275 792 2489 848 Idcirco
2528 794 2815 848 minimum
2869 807 2985 849 erat
3018 797 3207 850 Martio
3259 799 3409 852 bona:
3455 780 3611 866 spei;

2037 894 2216 948 neque
2251 880 2402 935 illius
2460 882 2743 949 pactiones
2797 884 2938 950 apud
2995 885 3363 939 Romanorum
3394 887 3612 939 animos

2037 970 2245 1024 aditum
2279 971 2447 1025 ullum
2478 972 2752 1027 habebant
2780 973 2844 1026 ad
2881 974 3038 1027 tidem
3066 975 3474 1042 acquirendam.
3506 976 3611 1028 lto—

2040 1078 2327 1117 manorum
2382 1080 2515 1119 vero
2575 1065 2762 1121 hostes
2819 1067 3071 1120 eumdem
3129 1067 3421 1122 horrendis
3464 1069 3614 1137 jura-

2038 1154 2239 1209 mentis
2272 1156 2509 1222 primum
2541 1157 2948 1212 obstrinxerant
2971 1198 2985 1221 ,
3021 1157 3219 1213 deinde
3246 1159 3361 1213 suis
3384 1154 3643 1214 'viribus.

2040 1245 2289 1315 adjutum
2340 1262 2407 1301 ex
2433 1247 2627 1301 humili
2656 1263 2909 1319 magnum
2942 1249 3261 1303 effecerant.
3294 1250 3481 1319 Itaque
3516 1251 3607 1304 ille

2036 1346 2264 1404 propter
2321 1332 2514 1393 matris
2569 1324 2842 1409 lacrjmas
2889 1356 3013 1394 eum
3064 1355 3161 1395 eos
3210 1340 3607 1418 aliquantulum

2035 1427 2197 1495 811
2232 1429 2382 1482 visus
2410 1437 2554 1483 esset
2585 1431 2839 1493 elusisse,
2897 1430 2951 1484 in
2988 1430 3176 1483 ultima
3223 1421 3365 1483 mala
3397 1430 3612 1497 impru-

2043 1518 2181 1571 dens
2227 1518 2480 1587 delapsus
2508 1528 2612 1573 est.
2646 1520 2726 1574 Tu
2760 1537 2891 1575 vero
2936 1537 3034 1575 nec
3084 1520 3398 1573 detrimenti
3455 1522 3612 1590 quid-

2037 1623 2199 1675 quam
2230 1607 2310 1662 rei
2344 1608 2602 1663 Romana:
2625 1611 2879 1674 attulisti,
2911 1626 3010 1665 nec
3048 1621 3097 1665 te
3135 1610 3257 1664 ullis
3284 1610 3611 1679 juramentis

2040 1699 2428 1765 praenedivisti.
2480 1700 2586 1755 Ista
2622 1703 2767 1757 enim
2799 1705 2979 1758 omnia
3029 1704 3184 1771 plane
3218 1706 3515 1757 antevertit
3553 1714 3609 1758 et

2037 1785 2279 1841 inhibuit
2309 1789 2581 1845 adventus
2606 1794 2716 1859 inci
2750 1793 3042 1857 celeritas;
3082 1793 3154 1859 ita
3188 1803 3245 1845 ut
3280 1792 3413 1846 nihil
3446 1792 3608 1861 quid—

2038 1895 2199 1948 quam
2262 1881 2360 1935 ttbi
2396 1882 2596 1947 obstet,
2646 1864 2941 1953 quominus
2977 1884 3170 1936 matris
3206 1883 3606 1937 exhortationi-

2037 1968 2140 2021 bus
2181 1984 2391 2037 pareas.
2440 1969 2599 2025 Vides
2661 1979 2956 2040 praeterea,
3007 1987 3167 2037 quam
3228 1972 3282 2024 in
3314 1982 3603 2041 angustum

2038 2068 2316 2115 contracta
2372 2061 2535 2131 hujus
2588 2062 2802 2132 imperii
2844 2062 3159 2131 magnitudo
3190 2102 3204 2124 ,
3264 2078 3373 2132 quo
3407 2064 3604 2131 inopia:

2035 2152 2257 2206 redacta
2302 2153 2373 2206 sit
2420 2152 2662 2207 Romana
2700 2167 2808 2207 res.
2840 2151 3043 2207 Vereor
3089 2154 3341 2221 equidem
3375 2154 3560 2209 dicere
3584 2194 3602 2217 ,

2037 2250 2096 2297 ut
2124 2243 2468 2298 audientium
2503 2244 2694 2313 pudori
2725 2260 2968 2313 parcam.
3005 2244 3209 2299 Tamen
3251 2245 3303 2299 id
3363 2247 3458 2301 tibi
3493 2264 3601 2301 una

2033 2349 2092 2388 re
2125 2334 2440 2389 declarabo.
2484 2335 2701 2389 Norunt
2734 2335 3102 2389 Romanorum
3158 2346 3213 2390 et
3242 2336 3600 2392 Barbarorum

2030 2422 2307 2493 plerique,
2341 2435 2561 2493 quantae
2593 2426 2755 2479 nobis
2795 2426 3123 2493 parentibus
3156 2427 3263 2481 tuis
3293 2442 3445 2495 opes,
3475 2441 3603 2484 ante

2031 2514 2411 2569 confusionem
2468 2527 2779 2584 temporqu
2818 2526 2872 2570 ct
2918 2516 3286 2571 calatnitosam
3337 2517 3480 2571 illam
3517 2519 3602 2572 fu-

2029 2620 2174 2673 gam,
2231 2607 2281 2659 in
2330 2622 2464 2659 auro
2492 2608 2725 2670 fuerint,
2786 2606 2839 2660 in
2882 2617 3149 2676 argento,
3204 2606 3257 2660 in
3288 2610 3516 2678 gemmis
3544 2620 3601 2664 et

2030 2696 2342 2767 margaritis
2376 2697 2809 2766 pretiosissimis,
2850 2698 2902 2751 in
2930 2698 3184 2769 gregibus
3216 2708 3272 2752 et
3309 2701 3598 2766 armentis,

2027 2789 2263 2858 denique
2311 2791 2363 2842 in
2404 2790 2614 2862 inﬁnita
2645 2789 3018 2858 quorumlibet
3048 2789 3277 2843 altilium
3309 2806 3597 2859 pecorum-

2026 2896 2132 2949 que
2164 2882 2237 2934 vi.
2263 2881 2475 2935 Norunt
2498 2882 2664 2935 etiam
2690 2880 2911 2949 plurimi
2939 2895 3002 2934 ex
3036 2883 3121 2947 iis,
3148 2883 3241 2951 qui
3262 2882 3349 2935 hic
3372 2882 3596 2946 adsunt,

2026 2982 2160 3039 quot
2205 2972 2500 3040 apothecas
2551 2971 2699 3024 omni
2757 2986 2955 3039 genere
2988 2986 3184 3025 earum
3222 2986 3427 3036 rerum,
3460 2985 3598 3041 quas

342 3068 443 3121 καὶ
466 3069 690 3136 μυριάσι
725 3070 993 3123 παντοίων
1026 3069 1357 3140 θρεμμάτων
1383 3073 1477 3125 καὶ
1534 3072 1917 3145 βοσκημάτων.

2028 3073 2167 3117 terra
2216 3063 2424 3132 gignit,
2474 3063 2878 3127 redundantes;
2914 3078 3053 3147 [quae
3102 3062 3341 3127 horrea,
3395 3065 3596 3119 annuis

347 3159 597 3212 Ἴσασιδὲ
633 3158 860 3215 καὶτῶν
914 3160 1277 3230 παρεστώτων
1308 3165 1355 3215 οῖ
1424 3162 1644 3227 πλείους
1689 3165 1751 3218 τὸ
1810 3160 1918 3220 τῶν

2023 3152 2294 3206 fructibus
2321 3162 2376 3206 ct
2405 3153 2620 3205 acervis
2663 3153 2887 3220 gravida
2922 3162 2979 3206 et
3008 3162 3304 3217 coarctata,
3332 3152 3595 3208 habueri-
3690 3172 3691 3175 ‘

340 3251 626 3320 ἡμετέρων
652 3250 849 3320 πλῆθος
873 3251 1189 3320 ἀποθηκῶν,
1211 3253 1268 3306 αἳ
1296 3254 1413 3318 τοῖς
1444 3257 1507 3309 ὲκ
1559 3256 1662 3324 γῆς
1716 3275 1889 3312 παντο

339 3344 532 3405 hicat;
560 3347 895 3414 γεννήμασιν
941 3342 1381 3414 ὑπερεξεχέοντο,
1428 3349 1525 3399 καὶ
1571 3348 1641 3401 τὰ
1693 3352 1917 3418 ταμιεῖα

338 3434 543 3499 ἐκεῖνα,
573 3436 744 3489 ὁπόσα
770 3433 1023 3504 βρίθοντα
1047 3438 1239 3508 κομιδῇ
1263 3440 1375 3501 τοῖς
1409 3439 1643 3509 ἐτησίοις
1677 3443 1912 3508 καρποῖς

336 3541 398 3577 τε
434 3525 528 3578 καὶ
560 3525 850 3595 θησαυροῖς
886 3528 1374 3598 ὲστενοχωροῦντο.
1406 3529 1517 3598 Τῆς
1545 3529 1607 3582 δὲ
1629 3530 1750 3583 καθ’
1777 3532 1917 3600 ήμέ-

341 3631 444 3682 ραν
461 3613 698 3684 ἑκάστην
713 3615 994 3685 τραπέζης
1017 3615 1117 3684 τὴν
1141 3616 1402 3685 ἀφθονίαν
1418 3620 1516 3670 καὶ
1542 3619 1912 3681 πολυτέλειαν,

337 3705 474 3758 ἀλλὰ
508 3688 605 3758 καίι
622 3696 825 3775 ταύτην
849 3706 961 3760 ὅσοι
1009 3708 1258 3776 μετεῖχον
1285 3709 1501 3779 ἐκείνης
1551 3708 1643 3761 καὶ
1692 3726 1914 3778 παραπ-

343 3796 550 3861 έλαυον,
579 3798 756 3870 (quem
784 3796 1046 3863 ἅπαντας,
1089 3798 1156 3851 τά
1180 3815 1241 3850 τε
1271 3800 1407 3852 ἄλλα
1431 3798 1523 3853 καὶ
1545 3799 1620 3861 ὼς
1645 3799 1754 3853 οὐδ’
1785 3800 1913 3869 άχρι

345 3890 434 3940 καὶ
457 3891 513 3950 ές
548 3888 610 3941 τὸ
642 3889 737 3942 τοῦ
769 3889 994 3944 δεκάτου
1025 3889 1189 3960 μέρος
1214 3891 1426 3959 ἐκείνης
1460 3891 1687 3960 ἀνήκειν
1715 3891 1783 3942 τὰ
1810 3891 1909 3960 τῆς

340 3980 624 4050 βασιλικῆς
659 3981 792 4050 ἡμῖν
824 3981 1108 4051 τραπέζης
1136 3981 1361 4035 δύναται
1413 3982 1671 4052 τήμερον.
1722 3980 1909 4044 Οὕτως

336 4056 576 4135 ἀσθενῶς
607 4072 756 4142 ἔσχε,
781 4074 877 4125 καὶ
896 4074 955 4135 ἐς
986 4072 1242 4126 τοσοῦτον
1296 4072 1449 4145 ἔρρει
1479 4074 1573 4126 καὶ
1624 4076 1912 4143 κατενήνε-

337 4181 464 4217 κται
487 4164 773 4234 δυστυχίας
825 4164 894 4217 τὰ
934 4162 1222 4237 Ῥωμαίων
1253 4165 1553 4235 πράγματα
1583 4164 1904 4236 προφανῶς·

336 4253 414 4315 ὡς
446 4252 643 4316 ἐξεῖναι
673 4254 899 4307 σκοπεῖν
931 4269 1013 4318 σε,
1055 4253 1389 4321 γλυκύτατα,
1422 4254 1475 4306 τί
1502 4252 1906 4317 καταλελοιπὼς

338 4345 419 4415 τῷ
447 4346 616 4416 πατρὶ
644 4346 866 4409 καὶτοῖς
887 4363 950 4410 γε
975 4345 1114 4415 ἀμφ’
1142 4344 1303 4398 αὐτὸν
1332 4344 1466 4413 ὁμοῦ
1498 4347 1592 4399 καὶ
1616 4345 1713 4398 σὺν
1738 4345 1902 4414 αὐτῷ,

2019 3260 2163 3298 mus.
2194 3244 2314 3298 Jam
2348 3243 2417 3298 de
2445 3244 2662 3298 lautitia
2695 3254 2751 3297 et
2792 3245 3193 3314 magniﬁcentia
3232 3260 3433 3299 mensae
3454 3262 3595 3314 quo-

2029 3334 2272 3395 tidianae,
2324 3334 2419 3403 qui
2467 3335 2584 3403 ejus
2613 3335 2909 3404 participes
2942 3336 3226 3390 nobiscum
3278 3318 3522 3399 fuerunt,
3556 3336 3594 3391 ii

2017 3424 2207 3478 sciunt
2238 3439 2362 3479 cum
2395 3424 2529 3489 alia,
2569 3432 2685 3478 tum
2714 3439 2816 3478 nec
2846 3425 2913 3478 ad
2944 3424 3211 3479 decimam
3243 3437 3450 3495 partem
3477 3428 3592 3496 pri-

2014 3517 2175 3571 stina:
2201 3515 2349 3570 illius
2380 3514 2799 3585 magnificentiae
2824 3526 2991 3585 posse
3018 3518 3272 3586 progredi
3304 3531 3400 3571 eos
3444 3532 3592 3570 sum-

2017 3618 2147 3678 ptus
2176 3645 2191 3668 ,
2246 3606 2343 3674 qui
2384 3606 2437 3659 in
2470 3620 2714 3659 mensam
2747 3605 3153 3675 imperatoriam
3185 3606 3351 3660 hodie
3377 3622 3405 3659 a
3435 3607 3593 3661 nobis

2017 3699 2194 3762 ﬁunt,
2231 3712 2407 3766 usque
2460 3712 2527 3751 eo
2580 3695 2881 3750 debilitata:
2904 3736 2919 3761 ,
2970 3712 3037 3751 eo
3070 3698 3398 3751 calamitatis
3426 3698 3591 3766 lapse

2012 3799 2143 3844 sunt
2170 3804 2235 3843 ac
2261 3789 2525 3842 demersa:
2561 3788 2740 3856 palam
2774 3802 2865 3841 res
2904 3788 3185 3841 lltnnauae.
3218 3789 3378 3851 Potes
3414 3805 3584 3851 nunc,

2010 3876 2345 3941 dulcissime,
2394 3876 2701 3944 expendere
2731 3913 2746 3935 ,
2796 3873 2929 3942 quid
2959 3882 3013 3926 et
3047 3868 3220 3941 patri,
3261 3883 3320 3927 et
3359 3874 3429 3928 iis
3454 3885 3597 3942 quos

2009 3982 2195 4023 secum
2226 3982 2292 4021 ac
2319 3966 2466 4020 circa
2500 3980 2560 4019 se
2609 3965 2793 4027 habet,
2836 3965 3001 4034 812
3033 3964 3383 4034 relinquens,
3428 3964 3591 4032 quid-

2007 4074 2134 4112 nam
2167 4072 2419 4112 seorsum
2452 4056 2572 4125 ipse
2622 4055 2841 4109 tandem
2876 4055 3169 4108 habiturus
3205 4056 3317 4110 sis.
3348 4055 3494 4124 quod
3526 4064 3582 4108 et

2008 4149 2105 4204 tibi
2130 4159 2186 4203 et
2221 4149 2329 4201 tuis
2360 4146 2628 4201 militibus
2661 4145 2734 4200 sit
2764 4145 2921 4199 satis.
2949 4144 3062 4199 Nec
3106 4145 3250 4199 enim
3279 4144 3396 4199 sine
3418 4147 3588 4200 armis

2007 4237 2449 4308 militaribusque
2499 4235 2673 4307 copiis
2738 4236 3075 4289 constituere
3140 4235 3429 4304 imperium
3479 4236 3589 4290 sibi

2008 4332 2300 4401 quisquam
2349 4338 2564 4398 potest,
2613 4327 2915 4397 praesertim
2953 4326 2999 4380 si
3036 4327 3087 4380 id
3130 4342 3229 4396 per
3271 4338 3441 4381 novas
3496 4344 3584 4382 res

336 4437 393 4488 τί
423 4435 545 4488 ποτ’
574 4437 638 4489 ἂν
663 4434 848 4517 λάϐοις
881 4435 1040 4498 αὐτὸς
1100 4434 1205 4487 ἰδία
1245 4433 1383 4503 πρὸς
1421 4436 1679 4505 εὐπορίαν
1716 4434 1797 4487 σοι
1848 4452 1906 4487 τε

2022 4432 2221 4494 quaerat
2250 4439 2264 4476 ι
2298 4433 2424 4486 nec,
2457 4421 2603 4490 quod
2650 4420 2827 4489 majus
2868 4427 2974 4481 est,
3022 4433 3176 4471 arma
3208 4418 3582 4485 militaresque

336 4529 434 4581 καὶ
470 4530 581 4590 τοῖς
615 4544 677 4596 γε
736 4529 878 4596 ἀμφὶ
928 4527 989 4579 σὲ
1035 4526 1421 4595 στρατιώταις.
1455 4525 1591 4578 Οὔτε
1640 4527 1749 4595 γάρ
1781 4525 1907 4579 ἄνευ

333 4616 513 4671 ὃπλων
541 4618 633 4671 καὶ
655 4617 1060 4684 στρατιωτικῶν
1083 4617 1367 4683 δυνάμεων
1383 4604 1605 4669 δυνατὸν
1628 4614 1908 4684 βασιλείαν

338 4706 712 4770 συνίστασθαι,
739 4706 834 4757 καὶ
861 4705 1094 4774 μάλιστα
1136 4704 1235 4774 τὴν
1268 4706 1331 4755 ἐκ
1356 4702 1723 4775 νεωτερισμοῦ
1741 4717 1757 4733 ⁸
1783 4703 1906 4755 οὔτε

336 4802 632 4869 χρημάτων
661 4796 814 4861 ἄνευ,
836 4797 897 4849 τό
918 4813 982 4864 γε
1012 4796 1195 4863 μεῖζον
1224 4797 1417 4859 εἰπεῖν,
1448 4793 1586 4849 ὅπλα
1619 4794 1716 4846 καὶ
1740 4809 1906 4862 στρα-

332 4894 594 4956 τιωτικὰς
648 4892 793 4952 εἰκὸς
840 4890 1185 4959 ἁθροίζεσθαι
1226 4888 1504 4955 δυνάμεις.
1552 4886 1906 4956 Στρατιωτῶν

333 4985 447 5055 γάρ
468 4984 597 5038 ἄνευ
615 4982 783 5037 ἐνίοτε
810 4982 1021 5052 μεγάλα
1046 4983 1137 5033 καὶ
1155 4979 1278 5034 καθ’
1301 4981 1463 5033 αὐτὸν
1492 4979 1742 5049 ἰσχύοντα
1769 4981 1903 5030 πὰν-

332 5092 427 5138 τες
457 5078 609 5129 ἴσοισι
641 5074 734 5126 τὸν
766 5073 992 5142 χρυσὸν,
1016 5072 1111 5124 καὶ
1140 5072 1315 5140 πάσης
1343 5069 1561 5141 [Ρ.5Η]
1579 5069 1905 5129 Ἑλεπόλεως

339 5166 529 5234 μείζω.
558 5165 693 5233 Πρὶν
721 5164 830 5234 γὰρ
858 5162 1141 5215 αἰσθέσθαι
1166 5163 1290 5223 τοὺς
1318 5160 1555 5225 πλείους,
1591 5160 1903 5226 εὑρίσκεται

335 5258 599 5319 πολλάκις
632 5255 825 5325 ρᾳδίω,
856 5253 1219 5324 προδεδομένη
1259 5255 1370 5314 τοῖς
1396 5251 1673 5319 πολεμίοις
1696 5252 1903 5322 ἡπόλις

332 5346 423 5399 διὰ
454 5346 672 5416 χρυσόν.
700 5340 871 5398 Οἶσθα
892 5345 938 5393 δ’
962 5339 1030 5395 αὖ
1054 5348 1143 5393 καὶ
1163 5343 1282 5402 ὅσος
1306 5342 1368 5393 ὲκ
1388 5340 1495 5393 τῶν
1529 5338 1900 5409 στρατοπέδων

332 5441 448 5502 τοῖς
518 5426 745 5506 άγοιῖσιν
799 5436 953 5506 δχλος
1008 5434 1147 5505 μετά
1196 5432 1453 5484 κινδύνων
1488 5430 1699 5494 ἕπεται,
1762 5432 1900 5499 μήτε

332 5529 583 5598 πολέμων
612 5526 916 5596 παρόντων,
953 5524 1089 5593 μήτε
1122 5522 1327 5592 μισθῶν
1376 5519 1666 5588 διδομένων
1695 5519 1897 5582 αὐτοῖς.

335 5613 431 5680 οἷς
458 5617 565 5688 γὰρ
590 5614 870 5688 ὁρίζεσθαι
899 5615 992 5683 τὸν
1025 5612 1139 5683 βίον
1167 5615 1223 5665 ὲν
1251 5612 1330 5684 τῷ
1364 5611 1553 5682 μισθοῦ
1606 5610 1895 5681 στρατεύε-

338 5710 463 5765 σθαι
494 5711 693 5775 ἔπεισι,
727 5707 931 5770 τούτοις
961 5705 1176 5775 ἀνάγκη
1205 5704 1302 5757 καὶ
1352 5704 1442 5758 τὸν
1507 5703 1605 5772 μὲν
1662 5702 1895 5770 πόλεμον

2011 4518 2183 4584 copiae
2210 4513 2474 4568 videntur
2508 4513 2690 4582 parari
2724 4524 2884 4579 posse
2943 4508 3061 4563 sine
3110 4510 3363 4578 pecunia.
3409 4509 3587 4563 Nemo
3620 4552 3635 4569 ,

2010 4606 2225 4661 scilicet
2253 4604 2357 4659 hoc
2389 4604 2591 4669 nescit,
2624 4602 2802 4671 ipsum
2838 4616 2934 4670 per
2963 4615 3022 4654 se
3046 4615 3241 4653 aurum
3266 4599 3436 4654 multa
3461 4602 3587 4655 sine

2009 4696 2276 4749 militibus
2327 4684 2523 4763 posse,
2575 4693 2689 4746 imo
2740 4695 3003 4759 majorem
3048 4705 3209 4758 quam
3245 4698 3581 4745 tormentum

2008 4785 2178 4839 ullum
2229 4783 2593 4838 murale'vim
2650 4781 2897 4836 habere:
2932 4790 2988 4836 et
3049 4791 3391 4850 compertum
3437 4796 3584 4850 saepe

2005 4885 2111 4939 est,
2175 4875 2368 4930 urbem
2420 4857 2649 4943 propter
2704 4886 2941 4934 aurum,
2983 4880 3278 4940 antequam
3332 4871 3581 4940 plerique

2004 4964 2345 5026 sensissent,
2379 4963 2534 5017 nullo
2578 4962 2763 5016 labore
2795 4962 3046 5016 hostibus
3087 4961 3358 5029 proditam
3387 4960 3576 5014 fuisse.

2006 5057 2128 5111 Scis
2183 5054 2461 5124 denique,
2500 5061 2768 5122 quantum
2806 5053 3072 5107 molestia
3109 5060 3168 5105 et
3211 5052 3578 5121 periculorum

2004 5148 2073 5201 ab
2098 5145 2435 5200 exercitibus
2468 5142 2741 5198 redundet
2767 5145 2821 5196 in
2844 5142 3038 5207 duces,
3073 5157 3200 5195 cum
3229 5156 3331 5196 nec
3373 5142 3575 5195 bellum

2003 5241 2367 5311 gertitur,,nec
2402 5236 2686 5305 stipendia
2724 5236 3134 5304 persolvuntur.
3164 5235 3298 5305 Nam
3337 5235 3430 5303 qui
3459 5249 3573 5288 rem

2003 5333 2391 5398 fortunamque
2419 5342 2640 5382 omnem
2670 5327 2777 5382 sibi
2807 5327 2861 5380 in
2885 5327 3174 5396 stipendiis
3199 5325 3433 5395 positam
3453 5338 3576 5378 esse

2002 5423 2346 5492 intelligunt,
2381 5434 2475 5476 eos
2501 5434 2734 5473 necesse
2764 5426 2848 5472 est
2885 5427 2942 5473 et
2966 5418 3171 5472 bellum
3204 5414 3376 5469 multo
3411 5413 3576 5467 malle

2001 5528 2162 5585 quam
2197 5526 2408 5580 pacem,
2441 5521 2497 5565 et
2543 5524 2735 5579 pacem
2767 5509 2937 5563 multo
2977 5523 3142 5577 quam
3187 5505 3389 5561 bellum
3417 5506 3573 5575 pejo-

2002 5619 2114 5657 rctu
2155 5601 2434 5657 arbitrari.
2468 5600 2537 5655 lis
2565 5598 2837 5668 siquidem
2876 5598 3082 5652 bellum
3123 5612 3233 5651 non
3263 5595 3443 5651 solum
3472 5609 3566 5648 ac-

1998 5691 2238 5765 cipiendi
2281 5691 2580 5760 stipendii,
2621 5689 2717 5747 sed
2761 5697 2818 5746 et
2845 5688 3041 5762 prada:
3073 5687 3299 5757 per‘vim
3346 5685 3573 5756 agenda:
