  <div class='ocr_page' id='page_1' title='image "/cluster/home/n/w/nwhite01/storage/ocr_20150623/148:no.1/coo.31924054870534/538.png"; bbox 0 0 4064 6444; ppageno 0'>
   <div class='ocr_carea' id='block_1_1' title="bbox 293 393 1020 473">
    <p class='ocr_par' dir='ltr' id='par_1_1' title="bbox 293 393 1020 473">
     <span class='ocr_line' id='line_1_1' title="bbox 293 393 1020 473; baseline -0.028 -1"><span class='ocrx_word' id='word_1_1' title='bbox 293 407 432 471; x_wconf 77' lang='lat'><strong>1065</strong></span> <span class='ocrx_word' id='word_1_2' title='bbox 501 393 506 398; x_wconf 82' lang='grc'><em>’</em></span> <span class='ocrx_word' id='word_1_3' title='bbox 643 399 719 473; x_wconf 61' lang='grc' dir='ltr'><strong>[ι.</strong></span> <span class='ocrx_word' id='word_1_4' title='bbox 760 415 809 455; x_wconf 88' lang='lat' dir='ltr'><strong>c.</strong></span> <span class='ocrx_word' id='word_1_5' title='bbox 862 399 1020 472; x_wconf 72' lang='grc' dir='ltr'>«ειη</span> 
     </span>
    </p>
   </div>
   <div class='ocr_carea' id='block_1_2' title="bbox 1236 403 2456 467">
    <p class='ocr_par' dir='ltr' id='par_1_2' title="bbox 1236 403 2456 467">
     <span class='ocr_line' id='line_1_2' title="bbox 1236 403 2456 467; baseline 0.002 -3"><span class='ocrx_word' id='word_1_6' title='bbox 1236 403 1675 466; x_wconf 66' lang='grc' dir='ltr'><strong>ΒΥΖΛΝΤΙΧΛΞ</strong></span> <span class='ocrx_word' id='word_1_7' title='bbox 1711 403 2094 466; x_wconf 69' lang='lat' dir='ltr'><strong>HISTORUE</strong></span> <span class='ocrx_word' id='word_1_8' title='bbox 2121 403 2263 466; x_wconf 88' lang='lat' dir='ltr'><strong>LIB.</strong></span> <span class='ocrx_word' id='word_1_9' title='bbox 2309 404 2456 467; x_wconf 80' lang='lat' dir='ltr'><strong>XVI.</strong></span> 
     </span>
    </p>
   </div>
   <div class='ocr_carea' id='block_1_3' title="bbox 2587 396 3242 471">
    <p class='ocr_par' dir='ltr' id='par_1_3' title="bbox 2587 396 3242 471">
     <span class='ocr_line' id='line_1_3' title="bbox 2587 396 3242 471; baseline -0.003 -19"><span class='ocrx_word' id='word_1_10' title='bbox 2587 396 2724 471; x_wconf 67' lang='grc' dir='ltr'>[ιιιε.</span> <span class='ocrx_word' id='word_1_11' title='bbox 2763 415 2808 454; x_wconf 83' lang='lat' dir='ltr'><strong>.t.</strong></span> <span class='ocrx_word' id='word_1_12' title='bbox 2850 413 3144 456; x_wconf 67' lang='lat' dir='ltr'><strong>cwncuz.</strong></span> <span class='ocrx_word' id='word_1_13' title='bbox 3190 397 3242 471; x_wconf 82' lang='lat' dir='ltr'><strong>l]</strong></span> 
     </span>
    </p>
   </div>
   <div class='ocr_carea' id='block_1_4' title="bbox 3395 401 3532 465">
    <p class='ocr_par' dir='ltr' id='par_1_4' title="bbox 3395 401 3532 465">
     <span class='ocr_line' id='line_1_4' title="bbox 3395 401 3532 465; baseline -0.022 0"><span class='ocrx_word' id='word_1_14' title='bbox 3395 401 3532 465; x_wconf 84' lang='lat'><strong>1066</strong></span> 
     </span>
    </p>
   </div>
   <div class='ocr_carea' id='block_1_5' title="bbox 282 517 1862 596">
    <p class='ocr_par' dir='ltr' id='par_1_5' title="bbox 282 519 1855 596">
     <span class='ocr_line' id='line_1_5' title="bbox 282 519 1855 596; baseline 0.002 -22"><span class='ocrx_word' id='word_1_15' title='bbox 282 522 450 592; x_wconf 65' lang='grc' dir='ltr'>μοσίᾳ.</span> <span class='ocrx_word' id='word_1_16' title='bbox 478 521 615 592; x_wconf 79' lang='grc' dir='ltr'>διῄει</span> <span class='ocrx_word' id='word_1_17' title='bbox 643 521 798 574; x_wconf 82' lang='grc' dir='ltr'>πάντ’</span> <span class='ocrx_word' id='word_1_18' title='bbox 827 520 934 574; x_wconf 80' lang='grc' dir='ltr'><strong>ἀπὸ</strong></span> <span class='ocrx_word' id='word_1_19' title='bbox 991 519 1258 590; x_wconf 76' lang='grc' dir='ltr'>στόματος</span> <span class='ocrx_word' id='word_1_20' title='bbox 1309 523 1609 593; x_wconf 83' lang='grc' dir='ltr'>ἀπότάδην,</span> <span class='ocrx_word' id='word_1_21' title='bbox 1665 523 1855 596; x_wconf 83' lang='grc' dir='ltr'>ὥσπερ</span> 
     </span>
    </p>
   </div>
   <div class='ocr_carea' id='block_1_6' title="bbox 1964 517 3530 596">
    <p class='ocr_par' dir='ltr' id='par_1_6' title="bbox 1964 517 3530 591">
     <span class='ocr_line' id='line_1_6' title="bbox 1964 517 3530 591; baseline -0.005 -14"><span class='ocrx_word' id='word_1_22' title='bbox 1964 523 2049 577; x_wconf 86' lang='lat' dir='ltr'><strong>nia</strong></span> <span class='ocrx_word' id='word_1_23' title='bbox 2095 522 2398 577; x_wconf 87' lang='lat' dir='ltr'><strong>continenti</strong></span> <span class='ocrx_word' id='word_1_24' title='bbox 2436 522 2685 576; x_wconf 87' lang='lat' dir='ltr'><strong>oratione</strong></span> <span class='ocrx_word' id='word_1_25' title='bbox 2719 521 2935 591; x_wconf 86' lang='lat' dir='ltr'><strong>publice</strong></span> <span class='ocrx_word' id='word_1_26' title='bbox 2969 519 3051 575; x_wconf 87' lang='lat' dir='ltr'><strong>sic</strong></span> <span class='ocrx_word' id='word_1_27' title='bbox 3101 517 3530 590; x_wconf 72' lang='lat' dir='ltr'><strong>pronttnt‘abat,</strong></span> 
     </span>
    </p>
   </div>
   <div class='ocr_carea' id='block_1_7' title="bbox 282 609 1862 686">
    <p class='ocr_par' dir='ltr' id='par_1_7' title="bbox 282 609 1854 686">
     <span class='ocr_line' id='line_1_7' title="bbox 282 609 1854 686; baseline 0 -18"><span class='ocrx_word' id='word_1_28' title='bbox 282 615 390 670; x_wconf 75' lang='grc' dir='ltr'><strong>ἀπὸ</strong></span> <span class='ocrx_word' id='word_1_29' title='bbox 421 614 650 686; x_wconf 79' lang='grc' dir='ltr'>βιϐλίου,</span> <span class='ocrx_word' id='word_1_30' title='bbox 707 613 934 684; x_wconf 87' lang='grc' dir='ltr'>μηδαμῆ</span> <span class='ocrx_word' id='word_1_31' title='bbox 983 631 1115 668; x_wconf 87' lang='grc' dir='ltr'>ποτε</span> <span class='ocrx_word' id='word_1_32' title='bbox 1167 609 1584 686; x_wconf 49' lang='grc' dir='ltr'>μήτελγλώττης</span> <span class='ocrx_word' id='word_1_33' title='bbox 1636 616 1854 685; x_wconf 82' lang='grc' dir='ltr'>ὲνιαχοῦ</span> 
     </span>
    </p>
   </div>
   <div class='ocr_carea' id='block_1_8' title="bbox 1964 609 3530 686">
    <p class='ocr_par' dir='ltr' id='par_1_8' title="bbox 1965 611 3530 682">
     <span class='ocr_line' id='line_1_8' title="bbox 1965 611 3530 682; baseline -0.004 -16"><span class='ocrx_word' id='word_1_34' title='bbox 1965 613 2121 681; x_wconf 87' lang='lat' dir='ltr'><strong>quasi</strong></span> <span class='ocrx_word' id='word_1_35' title='bbox 2155 612 2222 666; x_wconf 90' lang='lat' dir='ltr'><strong>de</strong></span> <span class='ocrx_word' id='word_1_36' title='bbox 2244 612 2487 682; x_wconf 84' lang='lat' dir='ltr'><strong>scripto;</strong></span> <span class='ocrx_word' id='word_1_37' title='bbox 2520 619 2709 667; x_wconf 86' lang='lat' dir='ltr'><strong>ut&#39;ncc</strong></span> <span class='ocrx_word' id='word_1_38' title='bbox 2745 613 2930 682; x_wconf 81' lang='lat' dir='ltr'><strong>lingua</strong></span> <span class='ocrx_word' id='word_1_39' title='bbox 2957 611 3092 666; x_wconf 89' lang='lat' dir='ltr'><strong>vitio</strong></span> <span class='ocrx_word' id='word_1_40' title='bbox 3123 611 3402 665; x_wconf 65' lang='lat' dir='ltr'><strong>memoriae</strong></span> <span class='ocrx_word' id='word_1_41' title='bbox 3437 626 3530 663; x_wconf 66' lang='lat' dir='ltr'><strong>us—</strong></span> 
     </span>
    </p>
   </div>
   <div class='ocr_carea' id='block_1_9' title="bbox 282 693 1860 779">
    <p class='ocr_par' dir='ltr' id='par_1_9' title="bbox 282 693 1860 779">
     <span class='ocr_line' id='line_1_9' title="bbox 282 693 1860 779; baseline 0.001 -19"><span class='ocrx_word' id='word_1_42' title='bbox 282 709 372 761; x_wconf 71' lang='lat' dir='ltr'><strong>6t3t</strong></span> <span class='ocrx_word' id='word_1_43' title='bbox 405 707 575 778; x_wconf 84' lang='grc' dir='ltr'>λήθην</span> <span class='ocrx_word' id='word_1_44' title='bbox 614 706 993 777; x_wconf 83' lang='grc' dir='ltr'>ἀκροσφαλοῦς</span> <span class='ocrx_word' id='word_1_45' title='bbox 1038 710 1354 779; x_wconf 83' lang='grc' dir='ltr'>γινομένης,</span> <span class='ocrx_word' id='word_1_46' title='bbox 1420 693 1562 779; x_wconf 77' lang='grc' dir='ltr'>μήτε</span> <span class='ocrx_word' id='word_1_47' title='bbox 1597 710 1696 778; x_wconf 85' lang='grc' dir='ltr'>τῆς</span> <span class='ocrx_word' id='word_1_48' title='bbox 1740 709 1860 762; x_wconf 85' lang='grc' dir='ltr'>δια-</span> 
     </span>
    </p>
   </div>
   <div class='ocr_carea' id='block_1_10' title="bbox 282 799 1858 872">
    <p class='ocr_par' dir='ltr' id='par_1_10' title="bbox 282 799 1858 872">
     <span class='ocr_line' id='line_1_10' title="bbox 282 799 1858 872; baseline 0 -18"><span class='ocrx_word' id='word_1_49' title='bbox 282 801 432 864; x_wconf 86' lang='grc' dir='ltr'>νοίας</span> <span class='ocrx_word' id='word_1_50' title='bbox 469 799 856 870; x_wconf 74' lang='grc' dir='ltr'><strong>ὑστεριζούσης</strong></span> <span class='ocrx_word' id='word_1_51' title='bbox 879 799 1019 854; x_wconf 83' lang='grc' dir='ltr'><strong>κατά</strong></span> <span class='ocrx_word' id='word_1_52' title='bbox 1044 801 1143 868; x_wconf 75' lang='grc' dir='ltr'><strong>τὴν</strong></span> <span class='ocrx_word' id='word_1_53' title='bbox 1199 802 1310 854; x_wconf 85' lang='grc' dir='ltr'><strong>τῶν</strong></span> <span class='ocrx_word' id='word_1_54' title='bbox 1365 801 1675 871; x_wconf 87' lang='grc' dir='ltr'>λεγομένων</span> <span class='ocrx_word' id='word_1_55' title='bbox 1723 801 1858 872; x_wconf 87' lang='grc' dir='ltr'>πρό-</span> 
     </span>
    </p>
   </div>
   <div class='ocr_carea' id='block_1_11' title="bbox 1961 704 3535 774">
    <p class='ocr_par' dir='ltr' id='par_1_11' title="bbox 1961 704 3535 774">
     <span class='ocr_line' id='line_1_11' title="bbox 1961 704 3535 774; baseline -0.001 -16"><span class='ocrx_word' id='word_1_56' title='bbox 1961 705 2107 774; x_wconf 89' lang='lat' dir='ltr'><strong>piatn</strong></span> <span class='ocrx_word' id='word_1_57' title='bbox 2146 704 2434 767; x_wconf 84' lang='lat' dir='ltr'><strong>titubaret,</strong></span> <span class='ocrx_word' id='word_1_58' title='bbox 2487 720 2590 759; x_wconf 90' lang='lat' dir='ltr'><strong>nec</strong></span> <span class='ocrx_word' id='word_1_59' title='bbox 2640 705 2692 758; x_wconf 91' lang='lat' dir='ltr'><strong>in</strong></span> <span class='ocrx_word' id='word_1_60' title='bbox 2738 719 3029 774; x_wconf 81' lang='lat' dir='ltr'><strong>progressu</strong></span> <span class='ocrx_word' id='word_1_61' title='bbox 3058 704 3327 758; x_wconf 82' lang='lat' dir='ltr'><strong>orationis</strong></span> <span class='ocrx_word' id='word_1_62' title='bbox 3379 717 3535 757; x_wconf 88' lang='lat' dir='ltr'><strong>mens</strong></span> 
     </span>
    </p>
   </div>
   <div class='ocr_carea' id='block_1_12' title="bbox 1965 787 3532 866">
    <p class='ocr_par' dir='ltr' id='par_1_12' title="bbox 1965 787 3532 866">
     <span class='ocr_line' id='line_1_12' title="bbox 1965 787 3532 866; baseline -0.001 -18"><span class='ocrx_word' id='word_1_63' title='bbox 1965 793 2173 850; x_wconf 81' lang='lat' dir='ltr'><strong>tardius</strong></span> <span class='ocrx_word' id='word_1_64' title='bbox 2203 804 2590 865; x_wconf 87' lang='lat' dir='ltr'><strong>assequeretur</strong></span> <span class='ocrx_word' id='word_1_65' title='bbox 2605 787 2834 866; x_wconf 50' lang='lat' dir='ltr'><strong>ea.’qu:c</strong></span> <span class='ocrx_word' id='word_1_66' title='bbox 2863 796 3207 860; x_wconf 74' lang='lat' dir='ltr'><strong>dicebantur;</strong></span> <span class='ocrx_word' id='word_1_67' title='bbox 3237 795 3355 859; x_wconf 87' lang='lat' dir='ltr'><strong>sed,</strong></span> <span class='ocrx_word' id='word_1_68' title='bbox 3376 797 3532 863; x_wconf 86' lang='lat' dir='ltr'><strong>quasi</strong></span> 
     </span>
    </p>
   </div>
   <div class='ocr_carea' id='block_1_13' title="bbox 284 884 1862 963">
    <p class='ocr_par' dir='ltr' id='par_1_13' title="bbox 284 884 1862 963">
     <span class='ocr_line' id='line_1_13' title="bbox 284 884 1862 963; baseline -0.001 -17"><span class='ocrx_word' id='word_1_69' title='bbox 284 894 422 948; x_wconf 69' lang='grc' dir='ltr'>οδονο</span> <span class='ocrx_word' id='word_1_70' title='bbox 476 893 592 948; x_wconf 80' lang='grc' dir='ltr'>ἀλλ’</span> <span class='ocrx_word' id='word_1_71' title='bbox 655 884 844 962; x_wconf 77' lang='grc' dir='ltr'>ὥσπερ</span> <span class='ocrx_word' id='word_1_72' title='bbox 884 895 941 944; x_wconf 81' lang='grc' dir='ltr'>ὲν</span> <span class='ocrx_word' id='word_1_73' title='bbox 970 891 1204 963; x_wconf 77' lang='grc' dir='ltr'><strong>ἁρμονίᾳ</strong></span> <span class='ocrx_word' id='word_1_74' title='bbox 1252 892 1345 944; x_wconf 61' lang='grc' dir='ltr'><strong>κα)⁸</strong></span> <span class='ocrx_word' id='word_1_75' title='bbox 1374 891 1534 962; x_wconf 81' lang='grc' dir='ltr'>λύρᾳ,</span> <span class='ocrx_word' id='word_1_76' title='bbox 1565 890 1862 962; x_wconf 81' lang='grc' dir='ltr'>συνηχούν-</span> 
     </span>
    </p>
   </div>
   <div class='ocr_carea' id='block_1_14' title="bbox 1964 884 3537 963">
    <p class='ocr_par' dir='ltr' id='par_1_14' title="bbox 1964 888 3537 961">
     <span class='ocr_line' id='line_1_14' title="bbox 1964 888 3537 961; baseline 0 -20"><span class='ocrx_word' id='word_1_77' title='bbox 1964 889 2016 941; x_wconf 93' lang='lat' dir='ltr'><strong>in</strong></span> <span class='ocrx_word' id='word_1_78' title='bbox 2042 889 2362 960; x_wconf 83' lang='lat' dir='ltr'><strong>symphonia</strong></span> <span class='ocrx_word' id='word_1_79' title='bbox 2395 899 2488 943; x_wconf 93' lang='lat' dir='ltr'><strong>aut</strong></span> <span class='ocrx_word' id='word_1_80' title='bbox 2522 891 2572 943; x_wconf 92' lang='lat' dir='ltr'><strong>in</strong></span> <span class='ocrx_word' id='word_1_81' title='bbox 2601 889 2740 961; x_wconf 79' lang='lat' dir='ltr'><strong>lyra,</strong></span> <span class='ocrx_word' id='word_1_82' title='bbox 2767 902 2890 961; x_wconf 92' lang='lat' dir='ltr'><strong>apte</strong></span> <span class='ocrx_word' id='word_1_83' title='bbox 2917 905 3142 961; x_wconf 86' lang='lat' dir='ltr'><strong>prorsus</strong></span> <span class='ocrx_word' id='word_1_84' title='bbox 3171 899 3227 945; x_wconf 89' lang='lat' dir='ltr'><strong>et</strong></span> <span class='ocrx_word' id='word_1_85' title='bbox 3253 888 3537 959; x_wconf 67' lang='lat' dir='ltr'><strong>aequabili-</strong></span> 
     </span>
    </p>
   </div>
   <div class='ocr_carea' id='block_1_15' title="bbox 282 981 1859 1054">
    <p class='ocr_par' dir='ltr' id='par_1_15' title="bbox 282 981 1859 1054">
     <span class='ocr_line' id='line_1_15' title="bbox 282 981 1859 1054; baseline 0.001 -17"><span class='ocrx_word' id='word_1_86' title='bbox 282 1003 392 1040; x_wconf 85' lang='grc' dir='ltr'><strong>των</strong></span> <span class='ocrx_word' id='word_1_87' title='bbox 438 985 494 1047; x_wconf 76' lang='grc' dir='ltr'>ἐς</span> <span class='ocrx_word' id='word_1_88' title='bbox 532 985 592 1036; x_wconf 90' lang='grc' dir='ltr'><strong>τὸ</strong></span> <span class='ocrx_word' id='word_1_89' title='bbox 641 983 781 1037; x_wconf 83' lang='grc' dir='ltr'>πάνυ</span> <span class='ocrx_word' id='word_1_90' title='bbox 811 1000 891 1036; x_wconf 87' lang='grc' dir='ltr'><strong>τοι</strong></span> <span class='ocrx_word' id='word_1_91' title='bbox 921 982 1120 1050; x_wconf 84' lang='grc' dir='ltr'>εὐφυὲς</span> <span class='ocrx_word' id='word_1_92' title='bbox 1167 982 1262 1036; x_wconf 83' lang='grc' dir='ltr'>καὶ</span> <span class='ocrx_word' id='word_1_93' title='bbox 1309 981 1682 1052; x_wconf 79' lang='grc' dir='ltr'>ἀπεξεσμένον</span> <span class='ocrx_word' id='word_1_94' title='bbox 1747 986 1859 1054; x_wconf 81' lang='grc' dir='ltr'>ἀμ·</span> 
     </span>
    </p>
   </div>
   <div class='ocr_carea' id='block_1_16' title="bbox 283 1077 426 1141">
    <p class='ocr_par' dir='ltr' id='par_1_16' title="bbox 283 1077 426 1141">
     <span class='ocr_line' id='line_1_16' title="bbox 283 1077 426 1141; baseline 0.014 -17"><span class='ocrx_word' id='word_1_95' title='bbox 283 1077 426 1141; x_wconf 86' lang='grc' dir='ltr'>φοῖν.</span> 
     </span>
    </p>
   </div>
   <div class='ocr_carea' id='block_1_17' title="bbox 354 1163 1858 1240">
    <p class='ocr_par' dir='ltr' id='par_1_17' title="bbox 354 1163 1858 1240">
     <span class='ocr_line' id='line_1_17' title="bbox 354 1163 1858 1240; baseline 0.006 -24"><span class='ocrx_word' id='word_1_96' title='bbox 354 1165 430 1218; x_wconf 85' lang='grc' dir='ltr'><strong>Β’.</strong></span> <span class='ocrx_word' id='word_1_97' title='bbox 457 1163 672 1216; x_wconf 82' lang='grc' dir='ltr'><strong>Τούτων</strong></span> <span class='ocrx_word' id='word_1_98' title='bbox 706 1165 750 1216; x_wconf 86' lang='grc' dir='ltr'><strong>δ’</strong></span> <span class='ocrx_word' id='word_1_99' title='bbox 775 1165 946 1228; x_wconf 80' lang='grc' dir='ltr'>οὕτως</span> <span class='ocrx_word' id='word_1_100' title='bbox 972 1167 1226 1235; x_wconf 72' lang='grc' dir='ltr'>ἑχόντων,</span> <span class='ocrx_word' id='word_1_101' title='bbox 1281 1167 1388 1238; x_wconf 73' lang='grc' dir='ltr'>ίδία</span> <span class='ocrx_word' id='word_1_102' title='bbox 1419 1169 1777 1240; x_wconf 82' lang='grc' dir='ltr'>παρειληφὼς</span> <span class='ocrx_word' id='word_1_103' title='bbox 1828 1172 1858 1225; x_wconf 84' lang='grc' dir='ltr'>ὀ</span> 
     </span>
    </p>
   </div>
   <div class='ocr_carea' id='block_1_18' title="bbox 285 1256 1858 1335">
    <p class='ocr_par' dir='ltr' id='par_1_18' title="bbox 285 1256 1858 1335">
     <span class='ocr_line' id='line_1_18' title="bbox 285 1256 1858 1335; baseline 0.004 -26"><span class='ocrx_word' id='word_1_104' title='bbox 285 1256 534 1325; x_wconf 76' lang='grc' dir='ltr'>βασιλεὺς</span> <span class='ocrx_word' id='word_1_105' title='bbox 558 1259 672 1310; x_wconf 78' lang='grc' dir='ltr'>ἐκεῖ</span> <span class='ocrx_word' id='word_1_106' title='bbox 701 1258 791 1310; x_wconf 86' lang='grc' dir='ltr'><strong>τὸν</strong></span> <span class='ocrx_word' id='word_1_107' title='bbox 820 1258 953 1321; x_wconf 88' lang='grc' dir='ltr'>υίὸν,</span> <span class='ocrx_word' id='word_1_108' title='bbox 985 1259 1161 1327; x_wconf 89' lang='grc' dir='ltr'>λόγων</span> <span class='ocrx_word' id='word_1_109' title='bbox 1203 1276 1262 1311; x_wconf 91' lang='grc' dir='ltr'><strong>τε</strong></span> <span class='ocrx_word' id='word_1_110' title='bbox 1300 1261 1480 1314; x_wconf 86' lang='grc' dir='ltr'>πειθοῖ</span> <span class='ocrx_word' id='word_1_111' title='bbox 1511 1261 1606 1314; x_wconf 72' lang='grc' dir='ltr'>καὶ</span> <span class='ocrx_word' id='word_1_112' title='bbox 1657 1280 1858 1335; x_wconf 87' lang='grc' dir='ltr'>πατρι-</span> 
     </span>
    </p>
   </div>
   <div class='ocr_carea' id='block_1_19' title="bbox 281 1349 1859 1418">
    <p class='ocr_par' dir='ltr' id='par_1_19' title="bbox 281 1349 1859 1418">
     <span class='ocr_line' id='line_1_19' title="bbox 281 1349 1859 1418; baseline 0.003 -17"><span class='ocrx_word' id='word_1_113' title='bbox 281 1351 397 1401; x_wconf 87' lang='grc' dir='ltr'><strong>κῶν</strong></span> <span class='ocrx_word' id='word_1_114' title='bbox 453 1349 710 1411; x_wconf 86' lang='grc' dir='ltr'>ἀϐύσσοις</span> <span class='ocrx_word' id='word_1_115' title='bbox 753 1350 1147 1418; x_wconf 73' lang='grc' dir='ltr'><strong>παραινέσεων,</strong></span> <span class='ocrx_word' id='word_1_116' title='bbox 1199 1349 1473 1417; x_wconf 80' lang='grc' dir='ltr'>λογισμῶν</span> <span class='ocrx_word' id='word_1_117' title='bbox 1531 1367 1591 1402; x_wconf 89' lang='grc' dir='ltr'><strong>τε</strong></span> <span class='ocrx_word' id='word_1_118' title='bbox 1632 1352 1859 1405; x_wconf 78' lang='grc' dir='ltr'><strong>ἐκείνων</strong></span> 
     </span>
    </p>
   </div>
   <div class='ocr_carea' id='block_1_20' title="bbox 284 1441 1860 1516">
    <p class='ocr_par' dir='ltr' id='par_1_20' title="bbox 284 1441 1860 1516">
     <span class='ocr_line' id='line_1_20' title="bbox 284 1441 1860 1516; baseline 0.004 -26"><span class='ocrx_word' id='word_1_119' title='bbox 284 1441 604 1509; x_wconf 70' lang='grc' dir='ltr'>ὑπέρτερον,</span> <span class='ocrx_word' id='word_1_120' title='bbox 653 1441 844 1493; x_wconf 80' lang='grc' dir='ltr'>ὁπόσοι</span> <span class='ocrx_word' id='word_1_121' title='bbox 895 1441 1122 1511; x_wconf 78' lang='grc' dir='ltr'>πλήρεις</span> <span class='ocrx_word' id='word_1_122' title='bbox 1181 1442 1288 1495; x_wconf 88' lang='grc' dir='ltr'><strong>τῶν</strong></span> <span class='ocrx_word' id='word_1_123' title='bbox 1355 1443 1656 1510; x_wconf 79' lang='grc' dir='ltr'>μελλόντων</span> <span class='ocrx_word' id='word_1_124' title='bbox 1717 1441 1860 1516; x_wconf 80' lang='grc' dir='ltr'>ἦσαν</span> 
     </span>
    </p>
   </div>
   <div class='ocr_carea' id='block_1_21' title="bbox 284 1531 1858 1605">
    <p class='ocr_par' dir='ltr' id='par_1_21' title="bbox 284 1531 1858 1605">
     <span class='ocr_line' id='line_1_21' title="bbox 284 1531 1858 1605; baseline 0.001 -19"><span class='ocrx_word' id='word_1_125' title='bbox 284 1534 483 1600; x_wconf 79' lang='grc' dir='ltr'>φόϐων,</span> <span class='ocrx_word' id='word_1_126' title='bbox 513 1531 751 1596; x_wconf 77' lang='grc' dir='ltr'>ἔπραττε</span> <span class='ocrx_word' id='word_1_127' title='bbox 785 1534 873 1585; x_wconf 76' lang='grc' dir='ltr'>καὶ</span> <span class='ocrx_word' id='word_1_128' title='bbox 920 1532 1036 1601; x_wconf 83' lang='grc' dir='ltr'>ἆμα</span> <span class='ocrx_word' id='word_1_129' title='bbox 1079 1535 1178 1602; x_wconf 84' lang='grc' dir='ltr'><strong>τῆς</strong></span> <span class='ocrx_word' id='word_1_130' title='bbox 1242 1532 1532 1600; x_wconf 82' lang='grc' dir='ltr'>Ῥωμαίων</span> <span class='ocrx_word' id='word_1_131' title='bbox 1562 1534 1858 1605; x_wconf 82' lang='grc' dir='ltr'>ἡγεμονίας</span> 
     </span>
    </p>
   </div>
   <div class='ocr_carea' id='block_1_22' title="bbox 283 1623 1859 1694">
    <p class='ocr_par' dir='ltr' id='par_1_22' title="bbox 283 1623 1859 1694">
     <span class='ocr_line' id='line_1_22' title="bbox 283 1623 1859 1694; baseline 0 -17"><span class='ocrx_word' id='word_1_132' title='bbox 283 1625 691 1693; x_wconf 75' lang='grc' dir='ltr'>ἀποτεμόμενος</span> <span class='ocrx_word' id='word_1_133' title='bbox 731 1624 897 1692; x_wconf 80' lang='grc' dir='ltr'>μέρος</span> <span class='ocrx_word' id='word_1_134' title='bbox 923 1624 1036 1694; x_wconf 78' lang='grc'><strong>(81)</strong></span> <span class='ocrx_word' id='word_1_135' title='bbox 1061 1623 1314 1693; x_wconf 77' lang='grc' dir='ltr'>ἡγεῖσθαι</span> <span class='ocrx_word' id='word_1_136' title='bbox 1377 1625 1466 1676; x_wconf 81' lang='grc' dir='ltr'><strong>διὰ</strong></span> <span class='ocrx_word' id='word_1_137' title='bbox 1513 1624 1631 1693; x_wconf 85' lang='grc' dir='ltr'>βίου</span> <span class='ocrx_word' id='word_1_138' title='bbox 1663 1627 1859 1694; x_wconf 80' lang='grc' dir='ltr'>παρεῖ-</span> 
     </span>
    </p>
   </div>
   <div class='ocr_carea' id='block_1_23' title="bbox 283 1717 1860 1787">
    <p class='ocr_par' dir='ltr' id='par_1_23' title="bbox 283 1717 1860 1787">
     <span class='ocr_line' id='line_1_23' title="bbox 283 1717 1860 1787; baseline 0 -17"><span class='ocrx_word' id='word_1_139' title='bbox 283 1733 397 1786; x_wconf 78' lang='grc' dir='ltr'>χεν,</span> <span class='ocrx_word' id='word_1_140' title='bbox 429 1717 590 1768; x_wconf 81' lang='grc' dir='ltr'>οἱονεί</span> <span class='ocrx_word' id='word_1_141' title='bbox 632 1734 756 1769; x_wconf 88' lang='grc' dir='ltr'>τινα</span> <span class='ocrx_word' id='word_1_142' title='bbox 802 1717 1150 1786; x_wconf 78' lang='grc' dir='ltr'>σατραπικὴν</span> <span class='ocrx_word' id='word_1_143' title='bbox 1197 1717 1292 1770; x_wconf 78' lang='grc' dir='ltr'><strong>καὶ</strong></span> <span class='ocrx_word' id='word_1_144' title='bbox 1333 1719 1628 1787; x_wconf 77' lang='grc' dir='ltr'>αὐτόνομον</span> <span class='ocrx_word' id='word_1_145' title='bbox 1657 1720 1860 1787; x_wconf 79' lang='grc' dir='ltr'>ἠγεμο-</span> 
     </span>
    </p>
   </div>
   <div class='ocr_carea' id='block_1_24' title="bbox 283 1806 1858 1878">
    <p class='ocr_par' dir='ltr' id='par_1_24' title="bbox 283 1806 1858 1878">
     <span class='ocr_line' id='line_1_24' title="bbox 283 1806 1858 1878; baseline 0 -18"><span class='ocrx_word' id='word_1_146' title='bbox 283 1809 426 1871; x_wconf 85' lang='grc' dir='ltr'>νίαν,</span> <span class='ocrx_word' id='word_1_147' title='bbox 454 1807 588 1875; x_wconf 70' lang='grc' dir='ltr'>πρός</span> <span class='ocrx_word' id='word_1_148' title='bbox 617 1824 676 1860; x_wconf 86' lang='grc' dir='ltr'><strong>τε</strong></span> <span class='ocrx_word' id='word_1_149' title='bbox 699 1806 760 1860; x_wconf 87' lang='grc' dir='ltr'><strong>τὸ</strong></span> <span class='ocrx_word' id='word_1_150' title='bbox 798 1807 1055 1875; x_wconf 75' lang='grc' dir='ltr'><strong>ἀσφαλῶς</strong></span> <span class='ocrx_word' id='word_1_151' title='bbox 1081 1808 1175 1860; x_wconf 74' lang='grc' dir='ltr'><strong>καὶ</strong></span> <span class='ocrx_word' id='word_1_152' title='bbox 1203 1806 1437 1876; x_wconf 86' lang='grc' dir='ltr'>βεϐαίως</span> <span class='ocrx_word' id='word_1_153' title='bbox 1480 1809 1572 1860; x_wconf 77' lang='grc' dir='ltr'><strong>καὶ</strong></span> <span class='ocrx_word' id='word_1_154' title='bbox 1602 1809 1719 1878; x_wconf 79' lang='grc' dir='ltr'><strong>ἅμα</strong></span> <span class='ocrx_word' id='word_1_155' title='bbox 1747 1808 1858 1861; x_wconf 85' lang='grc' dir='ltr'><strong>τῶν</strong></span> 
     </span>
    </p>
   </div>
   <div class='ocr_carea' id='block_1_25' title="bbox 201 1898 1854 1970">
    <p class='ocr_par' dir='ltr' id='par_1_25' title="bbox 201 1898 1854 1970">
     <span class='ocr_line' id='line_1_25' title="bbox 201 1898 1854 1970; baseline 0.002 -18"><span class='ocrx_word' id='word_1_156' title='bbox 201 1941 235 1968; x_wconf 82' lang='grc'><strong>,</strong></span> <span class='ocrx_word' id='word_1_157' title='bbox 281 1900 738 1966; x_wconf 80' lang='grc' dir='ltr'>ὑποπτευομένων</span> <span class='ocrx_word' id='word_1_158' title='bbox 771 1898 954 1968; x_wconf 87' lang='grc' dir='ltr'>φόϐων</span> <span class='ocrx_word' id='word_1_159' title='bbox 977 1898 1053 1961; x_wconf 83' lang='grc' dir='ltr'>ὡς</span> <span class='ocrx_word' id='word_1_160' title='bbox 1087 1901 1426 1970; x_wconf 70' lang='grc' dir='ltr'>πορρωτάτω</span> <span class='ocrx_word' id='word_1_161' title='bbox 1466 1900 1646 1964; x_wconf 84' lang='grc' dir='ltr'>ζῶντα</span> <span class='ocrx_word' id='word_1_162' title='bbox 1675 1901 1854 1956; x_wconf 65' lang='grc' dir='ltr'>διατεν</span> 
     </span>
    </p>
   </div>
   <div class='ocr_carea' id='block_1_26' title="bbox 281 1987 1856 2064">
    <p class='ocr_par' dir='ltr' id='par_1_26' title="bbox 281 1987 1856 2064">
     <span class='ocr_line' id='line_1_26' title="bbox 281 1987 1856 2064; baseline 0.001 -20"><span class='ocrx_word' id='word_1_163' title='bbox 281 1991 414 2045; x_wconf 87' lang='grc' dir='ltr'>λεῖν.</span> <span class='ocrx_word' id='word_1_164' title='bbox 439 1991 509 2042; x_wconf 80' lang='grc' dir='ltr'>Τὸ</span> <span class='ocrx_word' id='word_1_165' title='bbox 537 1991 593 2044; x_wconf 80' lang='grc' dir='ltr'>δὲ</span> <span class='ocrx_word' id='word_1_166' title='bbox 617 1987 704 2060; x_wconf 83' lang='grc' dir='ltr'>ἦν,</span> <span class='ocrx_word' id='word_1_167' title='bbox 749 1991 924 2060; x_wconf 80' lang='grc' dir='ltr'>μῆκος</span> <span class='ocrx_word' id='word_1_168' title='bbox 956 1991 1076 2060; x_wconf 81' lang='grc' dir='ltr'>μὲν,</span> <span class='ocrx_word' id='word_1_169' title='bbox 1110 1987 1235 2044; x_wconf 79' lang='grc' dir='ltr'>ὅσον</span> <span class='ocrx_word' id='word_1_170' title='bbox 1273 1993 1332 2044; x_wconf 87' lang='grc' dir='ltr'><strong>τὸ</strong></span> <span class='ocrx_word' id='word_1_171' title='bbox 1358 1994 1420 2044; x_wconf 80' lang='grc' dir='ltr'><strong>ἐκ</strong></span> <span class='ocrx_word' id='word_1_172' title='bbox 1469 1993 1856 2064; x_wconf 84' lang='grc' dir='ltr'>Διδυμοτείχου</span> 
     </span>
    </p>
   </div>
   <div class='ocr_carea' id='block_1_27' title="bbox 281 2083 1859 2156">
    <p class='ocr_par' dir='ltr' id='par_1_27' title="bbox 281 2083 1859 2156">
     <span class='ocr_line' id='line_1_27' title="bbox 281 2083 1859 2156; baseline 0.003 -21"><span class='ocrx_word' id='word_1_173' title='bbox 281 2085 421 2153; x_wconf 82' lang='grc' dir='ltr'>πρὸς</span> <span class='ocrx_word' id='word_1_174' title='bbox 462 2083 661 2153; x_wconf 75' lang='grc' dir='ltr'>ἄνεμον</span> <span class='ocrx_word' id='word_1_175' title='bbox 687 2083 922 2152; x_wconf 69' lang='grc' dir='ltr'>ζέφυρον</span> <span class='ocrx_word' id='word_1_176' title='bbox 956 2083 1266 2148; x_wconf 79' lang='grc' dir='ltr'>ἀποκλίνον,</span> <span class='ocrx_word' id='word_1_177' title='bbox 1302 2086 1428 2154; x_wconf 85' lang='grc' dir='ltr'>ἄχρι</span> <span class='ocrx_word' id='word_1_178' title='bbox 1463 2102 1568 2138; x_wconf 89' lang='grc' dir='ltr'><strong>που</strong></span> <span class='ocrx_word' id='word_1_179' title='bbox 1615 2086 1724 2138; x_wconf 87' lang='grc' dir='ltr'><strong>τῶν</strong></span> <span class='ocrx_word' id='word_1_180' title='bbox 1759 2089 1859 2156; x_wconf 86' lang='grc' dir='ltr'><strong>τῆς</strong></span> 
     </span>
    </p>
   </div>
   <div class='ocr_carea' id='block_1_28' title="bbox 1895 1861 1931 1912">
    <p class='ocr_par' dir='ltr' id='par_1_28' title="bbox 1895 1861 1931 1912">
     <span class='ocr_line' id='line_1_28' title="bbox 1895 1861 1931 1912; baseline 0 0"><span class='ocrx_word' id='word_1_181' title='bbox 1895 1861 1931 1912; x_wconf 83' lang='grc' dir='ltr'><strong><em>Β</em></strong></span> 
     </span>
    </p>
   </div>
   <div class='ocr_carea' id='block_1_29' title="bbox 279 2174 1902 2248">
    <p class='ocr_par' dir='ltr' id='par_1_29' title="bbox 279 2174 1902 2248">
     <span class='ocr_line' id='line_1_29' title="bbox 279 2174 1902 2248; baseline 0 -18"><span class='ocrx_word' id='word_1_182' title='bbox 279 2176 738 2248; x_wconf 82' lang='grc' dir='ltr'>Χριστουπόλεως</span> <span class='ocrx_word' id='word_1_183' title='bbox 779 2177 1011 2244; x_wconf 75' lang='grc' dir='ltr'>ἔγγιστα</span> <span class='ocrx_word' id='word_1_184' title='bbox 1045 2177 1404 2244; x_wconf 79' lang='grc' dir='ltr'>προαστείωνο</span> <span class='ocrx_word' id='word_1_185' title='bbox 1431 2174 1590 2247; x_wconf 83' lang='grc' dir='ltr'>εὖρος</span> <span class='ocrx_word' id='word_1_186' title='bbox 1638 2178 1706 2240; x_wconf 85' lang='grc' dir='ltr'><strong>δ’,</strong></span> <span class='ocrx_word' id='word_1_187' title='bbox 1734 2179 1858 2232; x_wconf 83' lang='grc' dir='ltr'>ὅσον</span> <span class='ocrx_word' id='word_1_188' title='bbox 1887 2227 1902 2238; x_wconf 60' lang='grc'><strong>,</strong></span> 
     </span>
    </p>
   </div>
   <div class='ocr_carea' id='block_1_30' title="bbox 279 2266 1858 2339">
    <p class='ocr_par' dir='ltr' id='par_1_30' title="bbox 279 2266 1858 2339">
     <span class='ocr_line' id='line_1_30' title="bbox 279 2266 1858 2339; baseline 0.002 -19"><span class='ocrx_word' id='word_1_189' title='bbox 279 2271 340 2320; x_wconf 79' lang='grc' dir='ltr'><strong>τὸ</strong></span> <span class='ocrx_word' id='word_1_190' title='bbox 378 2270 442 2322; x_wconf 80' lang='grc' dir='ltr'><strong>ἐκ</strong></span> <span class='ocrx_word' id='word_1_191' title='bbox 475 2267 746 2338; x_wconf 79' lang='grc' dir='ltr'>Θαλάττης</span> <span class='ocrx_word' id='word_1_192' title='bbox 769 2270 847 2330; x_wconf 86' lang='grc' dir='ltr'><strong>είς</strong></span> <span class='ocrx_word' id='word_1_193' title='bbox 882 2266 1145 2323; x_wconf 83' lang='grc' dir='ltr'>Ξάνθειαν</span> <span class='ocrx_word' id='word_1_194' title='bbox 1177 2267 1326 2321; x_wconf 81' lang='grc' dir='ltr'>ἀνιὸν</span> <span class='ocrx_word' id='word_1_195' title='bbox 1348 2268 1408 2319; x_wconf 85' lang='grc' dir='ltr'><strong>τὸ</strong></span> <span class='ocrx_word' id='word_1_196' title='bbox 1436 2269 1730 2339; x_wconf 87' lang='grc' dir='ltr'>πολίχνιον,</span> <span class='ocrx_word' id='word_1_197' title='bbox 1751 2271 1858 2323; x_wconf 80' lang='grc' dir='ltr'>-καὶ</span> 
     </span>
    </p>
   </div>
   <div class='ocr_carea' id='block_1_31' title="bbox 282 2358 1860 2430">
    <p class='ocr_par' dir='ltr' id='par_1_31' title="bbox 282 2358 1860 2430">
     <span class='ocr_line' id='line_1_31' title="bbox 282 2358 1860 2430; baseline 0 -18"><span class='ocrx_word' id='word_1_198' title='bbox 282 2359 386 2413; x_wconf 80' lang='grc' dir='ltr'>ὅσα</span> <span class='ocrx_word' id='word_1_199' title='bbox 429 2358 625 2428; x_wconf 77' lang='grc' dir='ltr'>μικρὸν</span> <span class='ocrx_word' id='word_1_200' title='bbox 685 2358 950 2411; x_wconf 74' lang='grc' dir='ltr'>ἐπέκεινα</span> <span class='ocrx_word' id='word_1_201' title='bbox 1017 2361 1197 2411; x_wconf 86' lang='grc' dir='ltr'>κεῖται</span> <span class='ocrx_word' id='word_1_202' title='bbox 1270 2359 1469 2428; x_wconf 81' lang='grc' dir='ltr'>χωρία.</span> <span class='ocrx_word' id='word_1_203' title='bbox 1503 2359 1860 2430; x_wconf 77' lang='grc' dir='ltr'>Παρασήμοις</span> 
     </span>
    </p>
   </div>
   <div class='ocr_carea' id='block_1_32' title="bbox 280 2448 1860 2522">
    <p class='ocr_par' dir='ltr' id='par_1_32' title="bbox 280 2448 1860 2522">
     <span class='ocr_line' id='line_1_32' title="bbox 280 2448 1860 2522; baseline -0.001 -19"><span class='ocrx_word' id='word_1_204' title='bbox 280 2467 346 2520; x_wconf 88' lang='grc' dir='ltr'><strong>γε</strong></span> <span class='ocrx_word' id='word_1_205' title='bbox 410 2453 516 2522; x_wconf 83' lang='grc' dir='ltr'>μὴν</span> <span class='ocrx_word' id='word_1_206' title='bbox 559 2449 654 2502; x_wconf 91' lang='grc' dir='ltr'><strong>τοῦ</strong></span> <span class='ocrx_word' id='word_1_207' title='bbox 711 2448 978 2517; x_wconf 80' lang='grc' dir='ltr'>μεγέθους</span> <span class='ocrx_word' id='word_1_208' title='bbox 1020 2449 1315 2518; x_wconf 88' lang='grc' dir='ltr'>συμϐόλοις</span> <span class='ocrx_word' id='word_1_209' title='bbox 1383 2449 1686 2520; x_wconf 82' lang='grc' dir='ltr'>κεχρῆσθαι</span> <span class='ocrx_word' id='word_1_210' title='bbox 1733 2451 1860 2504; x_wconf 79' lang='grc' dir='ltr'><strong>ἐπέ-</strong></span> 
     </span>
    </p>
   </div>
   <div class='ocr_carea' id='block_1_33' title="bbox 277 2538 1860 2612">
    <p class='ocr_par' dir='ltr' id='par_1_33' title="bbox 277 2538 1860 2612">
     <span class='ocr_line' id='line_1_33' title="bbox 277 2538 1860 2612; baseline 0.001 -18"><span class='ocrx_word' id='word_1_211' title='bbox 277 2558 502 2611; x_wconf 79' lang='grc' dir='ltr'>τρεπεν,</span> <span class='ocrx_word' id='word_1_212' title='bbox 556 2541 654 2594; x_wconf 82' lang='grc' dir='ltr'>ὅσα</span> <span class='ocrx_word' id='word_1_213' title='bbox 687 2538 966 2609; x_wconf 82' lang='grc' dir='ltr'>βασιλείας</span> <span class='ocrx_word' id='word_1_214' title='bbox 999 2539 1098 2606; x_wconf 72' lang='grc' dir='ltr'>μέν</span> <span class='ocrx_word' id='word_1_215' title='bbox 1153 2541 1290 2592; x_wconf 75' lang='grc' dir='ltr'>εἰσιν</span> <span class='ocrx_word' id='word_1_216' title='bbox 1323 2541 1496 2612; x_wconf 74' lang='grc' dir='ltr'>ἥττω.</span> <span class='ocrx_word' id='word_1_217' title='bbox 1529 2542 1860 2611; x_wconf 81' lang='grc' dir='ltr'>ἀξιωμάτων</span> 
     </span>
    </p>
   </div>
   <div class='ocr_carea' id='block_1_34' title="bbox 279 2632 1861 2705">
    <p class='ocr_par' dir='ltr' id='par_1_34' title="bbox 279 2632 1861 2705">
     <span class='ocr_line' id='line_1_34' title="bbox 279 2632 1861 2705; baseline 0.003 -19"><span class='ocrx_word' id='word_1_218' title='bbox 279 2633 326 2686; x_wconf 80' lang='grc' dir='ltr'><strong>δ’</strong></span> <span class='ocrx_word' id='word_1_219' title='bbox 360 2633 617 2686; x_wconf 83' lang='grc' dir='ltr'>ἁπάντων</span> <span class='ocrx_word' id='word_1_220' title='bbox 647 2632 822 2685; x_wconf 78' lang='grc' dir='ltr'>ἄλλων</span> <span class='ocrx_word' id='word_1_221' title='bbox 861 2632 1141 2686; x_wconf 79' lang='grc' dir='ltr'>ὲπέκεινα’</span> <span class='ocrx_word' id='word_1_222' title='bbox 1180 2633 1534 2705; x_wconf 80' lang='grc' dir='ltr'>παρήγγελλὲ</span> <span class='ocrx_word' id='word_1_223' title='bbox 1575 2653 1656 2701; x_wconf 89' lang='grc' dir='ltr'><strong>τε,</strong></span> <span class='ocrx_word' id='word_1_224' title='bbox 1685 2636 1861 2690; x_wconf 83' lang='grc' dir='ltr'>καθά-</span> 
     </span>
    </p>
   </div>
   <div class='ocr_carea' id='block_1_35' title="bbox 285 2719 1863 2796">
    <p class='ocr_par' dir='ltr' id='par_1_35' title="bbox 285 2719 1863 2796">
     <span class='ocr_line' id='line_1_35' title="bbox 285 2719 1863 2796; baseline 0.001 -19"><span class='ocrx_word' id='word_1_225' title='bbox 285 2742 395 2792; x_wconf 89' lang='grc' dir='ltr'><strong>περ</strong></span> <span class='ocrx_word' id='word_1_226' title='bbox 423 2721 606 2777; x_wconf 77' lang='grc' dir='ltr'>είκόνα</span> <span class='ocrx_word' id='word_1_227' title='bbox 635 2724 729 2775; x_wconf 77' lang='grc' dir='ltr'>καὶ</span> <span class='ocrx_word' id='word_1_228' title='bbox 767 2724 1022 2796; x_wconf 81' lang='grc' dir='ltr'>ἀφορμήν</span> <span class='ocrx_word' id='word_1_229' title='bbox 1051 2740 1176 2776; x_wconf 85' lang='grc' dir='ltr'>τινα</span> <span class='ocrx_word' id='word_1_230' title='bbox 1232 2725 1478 2794; x_wconf 72' lang='grc' dir='ltr'>μείζονος</span> <span class='ocrx_word' id='word_1_231' title='bbox 1526 2719 1667 2778; x_wconf 84' lang='grc' dir='ltr'>εἶναι</span> <span class='ocrx_word' id='word_1_232' title='bbox 1710 2726 1863 2796; x_wconf 88' lang='grc' dir='ltr'>νομί-</span> 
     </span>
    </p>
   </div>
   <div class='ocr_carea' id='block_1_36' title="bbox 281 2814 940 2880">
    <p class='ocr_par' dir='ltr' id='par_1_36' title="bbox 281 2814 940 2880">
     <span class='ocr_line' id='line_1_36' title="bbox 281 2814 940 2880; baseline 0.005 -14"><span class='ocrx_word' id='word_1_233' title='bbox 281 2816 396 2880; x_wconf 84' lang='grc' dir='ltr'>ζειν</span> <span class='ocrx_word' id='word_1_234' title='bbox 433 2814 575 2868; x_wconf 82' lang='grc' dir='ltr'>τοῦτ’</span> <span class='ocrx_word' id='word_1_235' title='bbox 599 2814 853 2880; x_wconf 71' lang='grc' dir='ltr'>ἐξουσίας</span> <span class='ocrx_word' id='word_1_236' title='bbox 892 2833 940 2869; x_wconf 77' lang='grc' dir='ltr'>ι.</span> 
     </span>
    </p>
   </div>
   <div class='ocr_carea' id='block_1_37' title="bbox 352 2895 1860 2984">
    <p class='ocr_par' dir='ltr' id='par_1_37' title="bbox 352 2895 1860 2984">
     <span class='ocr_line' id='line_1_37' title="bbox 352 2895 1860 2984; baseline 0.001 -22"><span class='ocrx_word' id='word_1_237' title='bbox 352 2908 436 2980; x_wconf 77' lang='grc' dir='ltr'><strong>[Ρ.</strong></span> <span class='ocrx_word' id='word_1_238' title='bbox 467 2895 696 2980; x_wconf 69' lang='grc' dir='ltr'>ειεῙΨ.</span> <span class='ocrx_word' id='word_1_239' title='bbox 725 2928 743 2961; x_wconf 89' lang='grc'><strong><em>‹</em></strong></span> <span class='ocrx_word' id='word_1_240' title='bbox 779 2908 870 2961; x_wconf 75' lang='grc' dir='ltr'><strong>Σοὶ</strong></span> <span class='ocrx_word' id='word_1_241' title='bbox 901 2908 1000 2978; x_wconf 78' lang='grc' dir='ltr'><strong>μὲν</strong></span> <span class='ocrx_word' id='word_1_242' title='bbox 1024 2907 1134 2980; x_wconf 83' lang='grc' dir='ltr'>γὰρ</span> <span class='ocrx_word' id='word_1_243' title='bbox 1162 2909 1397 2978; x_wconf 82' lang='grc' dir='ltr'>εὐφυῶς,</span> <span class='ocrx_word' id='word_1_244' title='bbox 1429 2929 1447 2962; x_wconf 75' lang='grc' dir='ltr'><strong>ι</strong></span> <span class='ocrx_word' id='word_1_245' title='bbox 1483 2911 1670 2980; x_wconf 75' lang='grc' dir='ltr'>φησιν,</span> <span class='ocrx_word' id='word_1_246' title='bbox 1707 2930 1728 2964; x_wconf 74' lang='grc' dir='ltr'>σ</span> <span class='ocrx_word' id='word_1_247' title='bbox 1759 2911 1860 2984; x_wconf 77' lang='grc' dir='ltr'><strong>ἀρ-</strong></span> 
     </span>
    </p>
   </div>
   <div class='ocr_carea' id='block_1_38' title="bbox 281 3002 1862 3074">
    <p class='ocr_par' dir='ltr' id='par_1_38' title="bbox 281 3002 1862 3074">
     <span class='ocr_line' id='line_1_38' title="bbox 281 3002 1862 3074; baseline 0.003 -21"><span class='ocrx_word' id='word_1_248' title='bbox 281 3019 453 3071; x_wconf 88' lang='grc' dir='ltr'>χοντι,</span> <span class='ocrx_word' id='word_1_249' title='bbox 470 3003 562 3055; x_wconf 75' lang='grc' dir='ltr'><strong>καὶ</strong></span> <span class='ocrx_word' id='word_1_250' title='bbox 582 3002 674 3066; x_wconf 80' lang='grc' dir='ltr'><strong>ξύν</strong></span> <span class='ocrx_word' id='word_1_251' title='bbox 697 3019 760 3068; x_wconf 88' lang='grc' dir='ltr'><strong>γε</strong></span> <span class='ocrx_word' id='word_1_252' title='bbox 787 3004 850 3071; x_wconf 77' lang='grc' dir='ltr'>τῇ</span> <span class='ocrx_word' id='word_1_253' title='bbox 870 3004 1222 3074; x_wconf 79' lang='grc' dir='ltr'>προσηκούσῃ</span> <span class='ocrx_word' id='word_1_254' title='bbox 1240 3003 1468 3074; x_wconf 72' lang='grc' dir='ltr'>προνοίᾳ</span> <span class='ocrx_word' id='word_1_255' title='bbox 1485 3005 1640 3056; x_wconf 83' lang='grc' dir='ltr'>ταυτὶ</span> <span class='ocrx_word' id='word_1_256' title='bbox 1665 3005 1733 3058; x_wconf 85' lang='grc' dir='ltr'>τὰ</span> <span class='ocrx_word' id='word_1_257' title='bbox 1762 3005 1862 3074; x_wconf 69' lang='grc' dir='ltr'><strong>μι-</strong></span> 
     </span>
    </p>
   </div>
   <div class='ocr_carea' id='block_1_39' title="bbox 277 3093 1859 3174">
    <p class='ocr_par' dir='ltr' id='par_1_39' title="bbox 277 3093 1859 3174">
     <span class='ocr_line' id='line_1_39' title="bbox 277 3093 1859 3174; baseline 0.003 -30"><span class='ocrx_word' id='word_1_258' title='bbox 277 3110 411 3162; x_wconf 85' lang='grc' dir='ltr'>τρια</span> <span class='ocrx_word' id='word_1_259' title='bbox 441 3093 548 3146; x_wconf 90' lang='grc' dir='ltr'><strong>τῶν</strong></span> <span class='ocrx_word' id='word_1_260' title='bbox 573 3093 830 3163; x_wconf 82' lang='grc' dir='ltr'>ὑπηκόων</span> <span class='ocrx_word' id='word_1_261' title='bbox 860 3093 1149 3147; x_wconf 78' lang='grc' dir='ltr'>διοικοῦντι</span> <span class='ocrx_word' id='word_1_262' title='bbox 1179 3095 1499 3165; x_wconf 83' lang='grc' dir='ltr'>πράγματα,</span> <span class='ocrx_word' id='word_1_263' title='bbox 1523 3097 1736 3174; x_wconf 71' lang='grc' dir='ltr'>ἐξέσται</span> <span class='ocrx_word' id='word_1_264' title='bbox 1763 3096 1859 3166; x_wconf 82' lang='grc' dir='ltr'><strong>δή·</strong></span> 
     </span>
    </p>
   </div>
   <div class='ocr_carea' id='block_1_40' title="bbox 279 3185 1862 3260">
    <p class='ocr_par' dir='ltr' id='par_1_40' title="bbox 279 3185 1862 3260">
     <span class='ocr_line' id='line_1_40' title="bbox 279 3185 1862 3260; baseline 0.003 -22"><span class='ocrx_word' id='word_1_265' title='bbox 279 3202 389 3238; x_wconf 86' lang='grc' dir='ltr'><strong>που</strong></span> <span class='ocrx_word' id='word_1_266' title='bbox 413 3187 503 3238; x_wconf 81' lang='grc' dir='ltr'><strong>καὶ</strong></span> <span class='ocrx_word' id='word_1_267' title='bbox 528 3186 773 3256; x_wconf 79' lang='grc' dir='ltr'>μείζονός</span> <span class='ocrx_word' id='word_1_268' title='bbox 789 3185 908 3239; x_wconf 85' lang='grc' dir='ltr'>ποθ’</span> <span class='ocrx_word' id='word_1_269' title='bbox 926 3187 1218 3256; x_wconf 75' lang='grc' dir='ltr'>ἡγεμονίας</span> <span class='ocrx_word' id='word_1_270' title='bbox 1235 3188 1332 3240; x_wconf 80' lang='grc' dir='ltr'><strong>ἐπε</strong></span> <span class='ocrx_word' id='word_1_271' title='bbox 1341 3187 1622 3259; x_wconf 77' lang='grc' dir='ltr'>ιλημμένῳ</span> <span class='ocrx_word' id='word_1_272' title='bbox 1652 3189 1789 3260; x_wconf 88' lang='grc' dir='ltr'>πρὸς</span> <span class='ocrx_word' id='word_1_273' title='bbox 1807 3188 1862 3242; x_wconf 86' lang='grc' dir='ltr'><strong>τὸ</strong></span> 
     </span>
    </p>
   </div>
   <div class='ocr_carea' id='block_1_41' title="bbox 1964 3185 2823 3260">
    <p class='ocr_par' dir='ltr' id='par_1_41' title="bbox 1968 3187 2823 3258">
     <span class='ocr_line' id='line_1_41' title="bbox 1968 3187 2823 3258; baseline 0 -16"><span class='ocrx_word' id='word_1_274' title='bbox 1968 3187 2264 3258; x_wconf 83' lang='lat' dir='ltr'><strong>aliquando</strong></span> <span class='ocrx_word' id='word_1_275' title='bbox 2318 3187 2567 3257; x_wconf 65' lang='lat' dir='ltr'><strong>ﬁimperii</strong></span> <span class='ocrx_word' id='word_1_276' title='bbox 2609 3188 2783 3258; x_wconf 84' lang='lat' dir='ltr'><strong>potito</strong></span> <span class='ocrx_word' id='word_1_277' title='bbox 2808 3227 2823 3252; x_wconf 93' lang='lat'><strong>,</strong></span> 
     </span>
    </p>
   </div>
   <div class='ocr_carea' id='block_1_42' title="bbox 1962 981 2646 1036">
    <p class='ocr_par' dir='ltr' id='par_1_42' title="bbox 1962 981 2646 1036">
     <span class='ocr_line' id='line_1_42' title="bbox 1962 981 2646 1036; baseline 0.004 -3"><span class='ocrx_word' id='word_1_278' title='bbox 1962 988 2047 1034; x_wconf 92' lang='lat' dir='ltr'><strong>ter</strong></span> <span class='ocrx_word' id='word_1_279' title='bbox 2071 981 2245 1035; x_wconf 73' lang='lat' dir='ltr'><strong>amba:</strong></span> <span class='ocrx_word' id='word_1_280' title='bbox 2271 981 2646 1036; x_wconf 91' lang='lat' dir='ltr'><strong>concinerent.</strong></span> 
     </span>
    </p>
   </div>
   <div class='ocr_carea' id='block_1_43' title="bbox 2033 1151 3534 1234">
    <p class='ocr_par' dir='ltr' id='par_1_43' title="bbox 2033 1151 3534 1234">
     <span class='ocr_line' id='line_1_43' title="bbox 2033 1151 3534 1234; baseline 0.003 -22"><span class='ocrx_word' id='word_1_281' title='bbox 2033 1158 2099 1214; x_wconf 94' lang='lat' dir='ltr'><strong>ll.</strong></span> <span class='ocrx_word' id='word_1_282' title='bbox 2132 1159 2256 1217; x_wconf 68' lang='lat' dir='ltr'><strong>Haec</strong></span> <span class='ocrx_word' id='word_1_283' title='bbox 2280 1177 2407 1218; x_wconf 92' lang='lat' dir='ltr'><strong>cum</strong></span> <span class='ocrx_word' id='word_1_284' title='bbox 2444 1165 2516 1219; x_wconf 87' lang='lat' dir='ltr'><strong>ita</strong></span> <span class='ocrx_word' id='word_1_285' title='bbox 2542 1179 2601 1220; x_wconf 87' lang='lat' dir='ltr'><strong>se</strong></span> <span class='ocrx_word' id='word_1_286' title='bbox 2630 1164 2917 1232; x_wconf 80' lang='lat' dir='ltr'><strong>haberent,</strong></span> <span class='ocrx_word' id='word_1_287' title='bbox 2948 1165 3119 1220; x_wconf 84' lang='lat' dir='ltr'><strong>ﬁlium</strong></span> <span class='ocrx_word' id='word_1_288' title='bbox 3156 1165 3268 1220; x_wconf 89' lang='lat' dir='ltr'><strong>illic</strong></span> <span class='ocrx_word' id='word_1_289' title='bbox 3297 1151 3534 1234; x_wconf 62' lang='lat' dir='ltr'><strong>imperal</strong></span> 
     </span>
    </p>
   </div>
   <div class='ocr_carea' id='block_1_44' title="bbox 1962 1255 3536 1329">
    <p class='ocr_par' dir='ltr' id='par_1_44' title="bbox 1962 1255 3536 1329">
     <span class='ocr_line' id='line_1_44' title="bbox 1962 1255 3536 1329; baseline 0.004 -23"><span class='ocrx_word' id='word_1_290' title='bbox 1962 1255 2321 1324; x_wconf 68' lang='lat' dir='ltr'><strong>torfprivatim</strong></span> <span class='ocrx_word' id='word_1_291' title='bbox 2349 1259 2605 1311; x_wconf 78' lang='lat' dir='ltr'><strong>convenit</strong></span> <span class='ocrx_word' id='word_1_292' title='bbox 2631 1274 2647 1310; x_wconf 88' lang='lat'><strong><em>:</em></strong></span> <span class='ocrx_word' id='word_1_293' title='bbox 2677 1259 2952 1313; x_wconf 77' lang='lat' dir='ltr'><strong>rationum</strong></span> <span class='ocrx_word' id='word_1_294' title='bbox 2984 1261 3038 1314; x_wconf 87' lang='lat' dir='ltr'><strong>vi</strong></span> <span class='ocrx_word' id='word_1_295' title='bbox 3081 1271 3135 1314; x_wconf 89' lang='lat' dir='ltr'><strong>et</strong></span> <span class='ocrx_word' id='word_1_296' title='bbox 3167 1260 3408 1329; x_wconf 80' lang='lat' dir='ltr'><strong>paternis</strong></span> <span class='ocrx_word' id='word_1_297' title='bbox 3438 1261 3536 1312; x_wconf 82' lang='lat' dir='ltr'><strong>ad-</strong></span> 
     </span>
    </p>
   </div>
   <div class='ocr_carea' id='block_1_45' title="bbox 1962 1347 3538 1422">
    <p class='ocr_par' dir='ltr' id='par_1_45' title="bbox 1962 1347 3538 1422">
     <span class='ocr_line' id='line_1_45' title="bbox 1962 1347 3538 1422; baseline 0.006 -24"><span class='ocrx_word' id='word_1_298' title='bbox 1962 1347 2360 1403; x_wconf 89' lang='lat' dir='ltr'><strong>monitionibus</strong></span> <span class='ocrx_word' id='word_1_299' title='bbox 2389 1349 2638 1405; x_wconf 81' lang='lat' dir='ltr'><strong>altiorem</strong></span> <span class='ocrx_word' id='word_1_300' title='bbox 2672 1351 2801 1407; x_wconf 82' lang='lat' dir='ltr'><strong>facit</strong></span> <span class='ocrx_word' id='word_1_301' title='bbox 2831 1353 2901 1407; x_wconf 91' lang='lat' dir='ltr'><strong>iis</strong></span> <span class='ocrx_word' id='word_1_302' title='bbox 2940 1353 3374 1422; x_wconf 84' lang='lat' dir='ltr'><strong>suspicionibus,</strong></span> <span class='ocrx_word' id='word_1_303' title='bbox 3415 1368 3538 1422; x_wconf 60' lang='lat' dir='ltr'><strong>quae.</strong></span> 
     </span>
    </p>
   </div>
   <div class='ocr_carea' id='block_1_46' title="bbox 1963 1437 3532 1516">
    <p class='ocr_par' dir='ltr' id='par_1_46' title="bbox 1963 1437 3532 1516">
     <span class='ocr_line' id='line_1_46' title="bbox 1963 1437 3532 1516; baseline 0.006 -25"><span class='ocrx_word' id='word_1_304' title='bbox 1963 1437 2134 1492; x_wconf 90' lang='lat' dir='ltr'><strong>futuri</strong></span> <span class='ocrx_word' id='word_1_305' title='bbox 2167 1449 2316 1495; x_wconf 89' lang='lat' dir='ltr'><strong>metu</strong></span> <span class='ocrx_word' id='word_1_306' title='bbox 2377 1442 2549 1510; x_wconf 78' lang='lat' dir='ltr'><strong>plenae</strong></span> <span class='ocrx_word' id='word_1_307' title='bbox 2578 1459 2704 1498; x_wconf 89' lang='lat' dir='ltr'><strong>eum</strong></span> <span class='ocrx_word' id='word_1_308' title='bbox 2736 1446 3011 1516; x_wconf 82' lang='lat' dir='ltr'><strong>angebant</strong></span> <span class='ocrx_word' id='word_1_309' title='bbox 3050 1463 3064 1500; x_wconf 87' lang='lat'><strong>:</strong></span> <span class='ocrx_word' id='word_1_310' title='bbox 3099 1446 3261 1501; x_wconf 91' lang='lat' dir='ltr'><strong>simul</strong></span> <span class='ocrx_word' id='word_1_311' title='bbox 3300 1447 3532 1501; x_wconf 79' lang='lat' dir='ltr'><strong>Rornani</strong></span> 
     </span>
    </p>
   </div>
   <div class='ocr_carea' id='block_1_47' title="bbox 1963 1528 3538 1608">
    <p class='ocr_par' dir='ltr' id='par_1_47' title="bbox 1963 1528 3538 1608">
     <span class='ocr_line' id='line_1_47' title="bbox 1963 1528 3538 1608; baseline 0.007 -26"><span class='ocrx_word' id='word_1_312' title='bbox 1963 1528 2180 1597; x_wconf 89' lang='lat' dir='ltr'><strong>imperii</strong></span> <span class='ocrx_word' id='word_1_313' title='bbox 2215 1540 2422 1599; x_wconf 85' lang='lat' dir='ltr'><strong>partem</strong></span> <span class='ocrx_word' id='word_1_314' title='bbox 2461 1535 2716 1602; x_wconf 91' lang='lat' dir='ltr'><strong>recisam,</strong></span> <span class='ocrx_word' id='word_1_315' title='bbox 2751 1538 3044 1607; x_wconf 87' lang='lat' dir='ltr'><strong>regendam</strong></span> <span class='ocrx_word' id='word_1_316' title='bbox 3067 1537 3116 1594; x_wconf 94' lang='lat' dir='ltr'><strong>ci</strong></span> <span class='ocrx_word' id='word_1_317' title='bbox 3157 1538 3401 1608; x_wconf 91' lang='lat' dir='ltr'><strong>quandiu</strong></span> <span class='ocrx_word' id='word_1_318' title='bbox 3425 1538 3538 1593; x_wconf 77' lang='lat' dir='ltr'><strong>vic-‘-</strong></span> 
     </span>
    </p>
   </div>
   <div class='ocr_carea' id='block_1_48' title="bbox 1963 1621 3536 1699">
    <p class='ocr_par' dir='ltr' id='par_1_48' title="bbox 1963 1621 3536 1699">
     <span class='ocr_line' id='line_1_48' title="bbox 1963 1621 3536 1699; baseline 0.008 -28"><span class='ocrx_word' id='word_1_319' title='bbox 1963 1621 2222 1675; x_wconf 73' lang='lat' dir='ltr'><strong>turus’sit</strong></span> <span class='ocrx_word' id='word_1_320' title='bbox 2270 1625 2544 1694; x_wconf 82' lang='lat' dir='ltr'><strong>assignat,</strong></span> <span class='ocrx_word' id='word_1_321' title='bbox 2577 1628 2729 1694; x_wconf 85' lang='lat' dir='ltr'><strong>quasi</strong></span> <span class='ocrx_word' id='word_1_322' title='bbox 2780 1629 3114 1698; x_wconf 86' lang='lat' dir='ltr'><strong>satrapicum</strong></span> <span class='ocrx_word' id='word_1_323' title='bbox 3149 1629 3442 1699; x_wconf 83' lang='lat' dir='ltr'><strong>quemdam</strong></span> <span class='ocrx_word' id='word_1_324' title='bbox 3481 1640 3536 1683; x_wconf 87' lang='lat' dir='ltr'><strong>et</strong></span> 
     </span>
    </p>
   </div>
   <div class='ocr_carea' id='block_1_49' title="bbox 1962 1713 3538 1788">
    <p class='ocr_par' dir='ltr' id='par_1_49' title="bbox 1962 1713 3538 1788">
     <span class='ocr_line' id='line_1_49' title="bbox 1962 1713 3538 1788; baseline 0.007 -24"><span class='ocrx_word' id='word_1_325' title='bbox 1962 1713 2168 1767; x_wconf 90' lang='lat' dir='ltr'><strong>nemini</strong></span> <span class='ocrx_word' id='word_1_326' title='bbox 2200 1715 2481 1770; x_wconf 88' lang='lat' dir='ltr'><strong>subditum</strong></span> <span class='ocrx_word' id='word_1_327' title='bbox 2517 1718 2888 1786; x_wconf 85' lang='lat' dir='ltr'><strong>principatum</strong></span> <span class='ocrx_word' id='word_1_328' title='bbox 2915 1760 2929 1784; x_wconf 92' lang='lat'><strong>,</strong></span> <span class='ocrx_word' id='word_1_329' title='bbox 2995 1736 3196 1788; x_wconf 90' lang='lat' dir='ltr'><strong>nempe</strong></span> <span class='ocrx_word' id='word_1_330' title='bbox 3251 1731 3310 1774; x_wconf 91' lang='lat' dir='ltr'><strong>ut</strong></span> <span class='ocrx_word' id='word_1_331' title='bbox 3367 1723 3538 1775; x_wconf 86' lang='lat' dir='ltr'><strong>tutior</strong></span> 
     </span>
    </p>
   </div>
   <div class='ocr_carea' id='block_1_50' title="bbox 1962 1795 3538 1882">
    <p class='ocr_par' dir='ltr' id='par_1_50' title="bbox 1962 1795 3538 1882">
     <span class='ocr_line' id='line_1_50' title="bbox 1962 1795 3538 1882; baseline 0.007 -26"><span class='ocrx_word' id='word_1_332' title='bbox 1962 1801 2071 1871; x_wconf 82' lang='lat' dir='ltr'><strong>iant</strong></span> <span class='ocrx_word' id='word_1_333' title='bbox 2115 1814 2172 1859; x_wconf 88' lang='lat' dir='ltr'><strong>et</strong></span> <span class='ocrx_word' id='word_1_334' title='bbox 2218 1805 2430 1860; x_wconf 87' lang='lat' dir='ltr'><strong>firmior</strong></span> <span class='ocrx_word' id='word_1_335' title='bbox 2459 1808 2526 1864; x_wconf 87' lang='lat' dir='ltr'><strong>ab</strong></span> <span class='ocrx_word' id='word_1_336' title='bbox 2577 1808 2642 1864; x_wconf 91' lang='lat' dir='ltr'><strong>iis</strong></span> <span class='ocrx_word' id='word_1_337' title='bbox 2695 1826 2816 1879; x_wconf 63' lang='lat' dir='ltr'><strong>qua:</strong></span> <span class='ocrx_word' id='word_1_338' title='bbox 2855 1795 3241 1874; x_wconf 80' lang='lat' dir='ltr'><strong>formidabat,</strong></span> <span class='ocrx_word' id='word_1_339' title='bbox 3281 1813 3538 1882; x_wconf 83' lang='lat' dir='ltr'><strong>periculis</strong></span> 
     </span>
    </p>
   </div>
   <div class='ocr_carea' id='block_1_51' title="bbox 1962 1896 3538 1974">
    <p class='ocr_par' dir='ltr' id='par_1_51' title="bbox 1962 1896 3538 1974">
     <span class='ocr_line' id='line_1_51' title="bbox 1962 1896 3538 1974; baseline 0.005 -26"><span class='ocrx_word' id='word_1_340' title='bbox 1962 1910 2127 1963; x_wconf 88' lang='lat' dir='ltr'><strong>quam</strong></span> <span class='ocrx_word' id='word_1_341' title='bbox 2188 1896 2503 1969; x_wconf 77' lang='lat' dir='ltr'><strong>longissime</strong></span> <span class='ocrx_word' id='word_1_342' title='bbox 2544 1901 2804 1970; x_wconf 73' lang='lat' dir='ltr'><strong>deinceps</strong></span> <span class='ocrx_word' id='word_1_343' title='bbox 2846 1903 3075 1958; x_wconf 87' lang='lat' dir='ltr'><strong>viveret.</strong></span> <span class='ocrx_word' id='word_1_344' title='bbox 3113 1904 3341 1960; x_wconf 61' lang='lat' dir='ltr'><strong>Patebat</strong></span> <span class='ocrx_word' id='word_1_345' title='bbox 3375 1921 3538 1974; x_wconf 82' lang='lat' dir='ltr'><strong>pnt‘ro</strong></span> 
     </span>
    </p>
   </div>
   <div class='ocr_carea' id='block_1_52' title="bbox 1961 1987 3537 2065">
    <p class='ocr_par' dir='ltr' id='par_1_52' title="bbox 1961 1987 3537 2065">
     <span class='ocr_line' id='line_1_52' title="bbox 1961 1987 3537 2065; baseline 0.006 -26"><span class='ocrx_word' id='word_1_346' title='bbox 1961 1999 2024 2040; x_wconf 89' lang='lat' dir='ltr'><strong>ea</strong></span> <span class='ocrx_word' id='word_1_347' title='bbox 2078 1987 2362 2054; x_wconf 84' lang='lat' dir='ltr'><strong>provincia</strong></span> <span class='ocrx_word' id='word_1_348' title='bbox 2389 2028 2406 2054; x_wconf 94' lang='lat'><strong>,</strong></span> <span class='ocrx_word' id='word_1_349' title='bbox 2441 1990 2497 2044; x_wconf 94' lang='lat' dir='ltr'><strong>in</strong></span> <span class='ocrx_word' id='word_1_350' title='bbox 2549 1991 2771 2060; x_wconf 82' lang='lat' dir='ltr'><strong>longum</strong></span> <span class='ocrx_word' id='word_1_351' title='bbox 2822 1992 3121 2062; x_wconf 86' lang='lat' dir='ltr'><strong>quidem,&#39;a</strong></span> <span class='ocrx_word' id='word_1_352' title='bbox 3153 1994 3537 2065; x_wconf 87' lang='lat' dir='ltr'><strong>Didytnoticbo</strong></span> 
     </span>
    </p>
   </div>
   <div class='ocr_carea' id='block_1_53' title="bbox 1962 2078 3539 2154">
    <p class='ocr_par' dir='ltr' id='par_1_53' title="bbox 1962 2078 3539 2154">
     <span class='ocr_line' id='line_1_53' title="bbox 1962 2078 3539 2154; baseline 0.005 -22"><span class='ocrx_word' id='word_1_353' title='bbox 1962 2078 2262 2149; x_wconf 84' lang='lat' dir='ltr'><strong>zephyrum</strong></span> <span class='ocrx_word' id='word_1_354' title='bbox 2295 2097 2487 2137; x_wconf 84' lang='lat' dir='ltr'><strong>versus</strong></span> <span class='ocrx_word' id='word_1_355' title='bbox 2526 2082 2592 2136; x_wconf 87' lang='lat' dir='ltr'><strong>ad</strong></span> <span class='ocrx_word' id='word_1_356' title='bbox 2613 2083 3080 2153; x_wconf 81' lang='lat' dir='ltr'><strong>Christopolitana</strong></span> <span class='ocrx_word' id='word_1_357' title='bbox 3120 2085 3367 2154; x_wconf 75' lang='lat' dir='ltr'><strong>proxime</strong></span> <span class='ocrx_word' id='word_1_358' title='bbox 3403 2086 3539 2140; x_wconf 85' lang='lat' dir='ltr'><strong>sub-</strong></span> 
     </span>
    </p>
   </div>
   <div class='ocr_carea' id='block_1_54' title="bbox 1961 2171 3536 2246">
    <p class='ocr_par' dir='ltr' id='par_1_54' title="bbox 1961 2171 3536 2246">
     <span class='ocr_line' id='line_1_54' title="bbox 1961 2171 3536 2246; baseline 0.004 -23"><span class='ocrx_word' id='word_1_359' title='bbox 1961 2171 2152 2237; x_wconf 86' lang='lat' dir='ltr'><strong>urbia;</strong></span> <span class='ocrx_word' id='word_1_360' title='bbox 2209 2172 2264 2227; x_wconf 89' lang='lat' dir='ltr'><strong>in</strong></span> <span class='ocrx_word' id='word_1_361' title='bbox 2325 2173 2494 2227; x_wconf 88' lang='lat' dir='ltr'><strong>latum</strong></span> <span class='ocrx_word' id='word_1_362' title='bbox 2546 2183 2773 2240; x_wconf 90' lang='lat' dir='ltr'><strong>autem,</strong></span> <span class='ocrx_word' id='word_1_363' title='bbox 2813 2190 2844 2229; x_wconf 88' lang='lat' dir='ltr'><strong>a</strong></span> <span class='ocrx_word' id='word_1_364' title='bbox 2879 2175 3018 2229; x_wconf 86' lang='lat' dir='ltr'><strong>mari</strong></span> <span class='ocrx_word' id='word_1_365' title='bbox 3087 2175 3154 2230; x_wconf 86' lang='lat' dir='ltr'><strong>ad</strong></span> <span class='ocrx_word' id='word_1_366' title='bbox 3211 2177 3536 2246; x_wconf 82' lang='lat' dir='ltr'><strong>Oppidulum</strong></span> 
     </span>
    </p>
   </div>
   <div class='ocr_carea' id='block_1_55' title="bbox 1962 2259 3540 2338">
    <p class='ocr_par' dir='ltr' id='par_1_55' title="bbox 1962 2259 3540 2338">
     <span class='ocr_line' id='line_1_55' title="bbox 1962 2259 3540 2338; baseline 0.005 -24"><span class='ocrx_word' id='word_1_367' title='bbox 1962 2259 2257 2317; x_wconf 82' lang='lat' dir='ltr'><strong>Xanthiatn</strong></span> <span class='ocrx_word' id='word_1_368' title='bbox 2285 2307 2300 2331; x_wconf 92' lang='lat'><strong>,</strong></span> <span class='ocrx_word' id='word_1_369' title='bbox 2343 2275 2398 2318; x_wconf 90' lang='lat' dir='ltr'><strong>et</strong></span> <span class='ocrx_word' id='word_1_370' title='bbox 2424 2266 2590 2335; x_wconf 85' lang='lat' dir='ltr'><strong>paulo</strong></span> <span class='ocrx_word' id='word_1_371' title='bbox 2616 2266 2872 2321; x_wconf 89' lang='lat' dir='ltr'><strong>ulterius.</strong></span> <span class='ocrx_word' id='word_1_372' title='bbox 2902 2265 3007 2322; x_wconf 86' lang='lat' dir='ltr'><strong>Sed</strong></span> <span class='ocrx_word' id='word_1_373' title='bbox 3036 2279 3086 2322; x_wconf 90' lang='lat' dir='ltr'><strong>et</strong></span> <span class='ocrx_word' id='word_1_374' title='bbox 3133 2268 3202 2323; x_wconf 87' lang='lat' dir='ltr'><strong>iis</strong></span> <span class='ocrx_word' id='word_1_375' title='bbox 3233 2268 3540 2338; x_wconf 77' lang='lat' dir='ltr'><strong>insignibus</strong></span> 
     </span>
    </p>
   </div>
   <div class='ocr_carea' id='block_1_56' title="bbox 1963 2356 3540 2432">
    <p class='ocr_par' dir='ltr' id='par_1_56' title="bbox 1963 2356 3540 2432">
     <span class='ocr_line' id='line_1_56' title="bbox 1963 2356 3540 2432; baseline 0.004 -24"><span class='ocrx_word' id='word_1_376' title='bbox 1963 2356 2268 2426; x_wconf 73' lang='lat' dir='ltr'><strong>maiestatis</strong></span> <span class='ocrx_word' id='word_1_377' title='bbox 2309 2358 2384 2412; x_wconf 89' lang='lat' dir='ltr'><strong>uti</strong></span> <span class='ocrx_word' id='word_1_378' title='bbox 2426 2360 2700 2428; x_wconf 90' lang='lat' dir='ltr'><strong>permisit,</strong></span> <span class='ocrx_word' id='word_1_379' title='bbox 2734 2376 2855 2430; x_wconf 66' lang='lat' dir='ltr'><strong>qua:</strong></span> <span class='ocrx_word' id='word_1_380' title='bbox 2885 2377 3144 2431; x_wconf 89' lang='lat' dir='ltr'><strong>supremo</strong></span> <span class='ocrx_word' id='word_1_381' title='bbox 3188 2361 3410 2432; x_wconf 82' lang='lat' dir='ltr'><strong>quidem</strong></span> <span class='ocrx_word' id='word_1_382' title='bbox 3440 2363 3540 2415; x_wconf 89' lang='lat' dir='ltr'><strong>im-</strong></span> 
     </span>
    </p>
   </div>
   <div class='ocr_carea' id='block_1_57' title="bbox 1962 2449 3540 2526">
    <p class='ocr_par' dir='ltr' id='par_1_57' title="bbox 1962 2449 3540 2526">
     <span class='ocr_line' id='line_1_57' title="bbox 1962 2449 3540 2526; baseline 0.006 -23"><span class='ocrx_word' id='word_1_383' title='bbox 1962 2449 2118 2518; x_wconf 88' lang='lat' dir='ltr'><strong>perio</strong></span> <span class='ocrx_word' id='word_1_384' title='bbox 2147 2459 2335 2505; x_wconf 83' lang='lat' dir='ltr'><strong>essent</strong></span> <span class='ocrx_word' id='word_1_385' title='bbox 2369 2451 2628 2508; x_wconf 89' lang='lat' dir='ltr'><strong>inferiora</strong></span> <span class='ocrx_word' id='word_1_386' title='bbox 2649 2493 2664 2517; x_wconf 97' lang='lat'><strong>,</strong></span> <span class='ocrx_word' id='word_1_387' title='bbox 2705 2455 2920 2510; x_wconf 62' lang='lat' dir='ltr'><strong>caeteris</strong></span> <span class='ocrx_word' id='word_1_388' title='bbox 2951 2469 3085 2512; x_wconf 89' lang='lat' dir='ltr'><strong>vero</strong></span> <span class='ocrx_word' id='word_1_389' title='bbox 3114 2456 3540 2526; x_wconf 82' lang='lat' dir='ltr'><strong>quibuscunqne</strong></span> 
     </span>
    </p>
   </div>
   <div class='ocr_carea' id='block_1_58' title="bbox 1961 2542 3539 2621">
    <p class='ocr_par' dir='ltr' id='par_1_58' title="bbox 1961 2542 3539 2621">
     <span class='ocr_line' id='line_1_58' title="bbox 1961 2542 3539 2621; baseline 0.006 -26"><span class='ocrx_word' id='word_1_390' title='bbox 1961 2542 2157 2597; x_wconf 85' lang='lat' dir='ltr'><strong>altiora</strong></span> <span class='ocrx_word' id='word_1_391' title='bbox 2197 2543 2591 2612; x_wconf 76' lang='lat' dir='ltr'><strong>dignitatibus;</strong></span> <span class='ocrx_word' id='word_1_392' title='bbox 2645 2547 3040 2617; x_wconf 64' lang='lat' dir='ltr'><strong>praecepitque,</strong></span> <span class='ocrx_word' id='word_1_393' title='bbox 3073 2559 3133 2603; x_wconf 92' lang='lat' dir='ltr'><strong>ut</strong></span> <span class='ocrx_word' id='word_1_394' title='bbox 3161 2550 3291 2604; x_wconf 85' lang='lat' dir='ltr'><strong>illud</strong></span> <span class='ocrx_word' id='word_1_395' title='bbox 3343 2551 3539 2621; x_wconf 85' lang='lat' dir='ltr'><strong>imagi-</strong></span> 
     </span>
    </p>
   </div>
   <div class='ocr_carea' id='block_1_59' title="bbox 1963 2635 3542 2710">
    <p class='ocr_par' dir='ltr' id='par_1_59' title="bbox 1963 2635 3542 2710">
     <span class='ocr_line' id='line_1_59' title="bbox 1963 2635 3542 2710; baseline 0.004 -23"><span class='ocrx_word' id='word_1_396' title='bbox 1963 2650 2089 2688; x_wconf 88' lang='lat' dir='ltr'><strong>nem</strong></span> <span class='ocrx_word' id='word_1_397' title='bbox 2123 2635 2279 2704; x_wconf 87' lang='lat' dir='ltr'><strong>quasi</strong></span> <span class='ocrx_word' id='word_1_398' title='bbox 2305 2643 2362 2689; x_wconf 86' lang='lat' dir='ltr'><strong>et</strong></span> <span class='ocrx_word' id='word_1_399' title='bbox 2402 2637 2752 2692; x_wconf 89' lang='lat' dir='ltr'><strong>occasionem</strong></span> <span class='ocrx_word' id='word_1_400' title='bbox 2784 2653 2907 2694; x_wconf 86' lang='lat' dir='ltr'><strong>esse</strong></span> <span class='ocrx_word' id='word_1_401' title='bbox 2930 2637 3164 2694; x_wconf 82' lang='lat' dir='ltr'><strong>duceret</strong></span> <span class='ocrx_word' id='word_1_402' title='bbox 3193 2639 3415 2710; x_wconf 81' lang='lat' dir='ltr'><strong>majoris</strong></span> <span class='ocrx_word' id='word_1_403' title='bbox 3445 2656 3542 2710; x_wconf 81' lang='lat' dir='ltr'><strong>po-</strong></span> 
     </span>
    </p>
   </div>
   <div class='ocr_carea' id='block_1_60' title="bbox 1965 2728 2200 2782">
    <p class='ocr_par' dir='ltr' id='par_1_60' title="bbox 1965 2728 2200 2782">
     <span class='ocr_line' id='line_1_60' title="bbox 1965 2728 2200 2782; baseline 0 0"><span class='ocrx_word' id='word_1_404' title='bbox 1965 2728 2200 2782; x_wconf 86' lang='lat' dir='ltr'><strong>testatis.</strong></span> 
     </span>
    </p>
   </div>
   <div class='ocr_carea' id='block_1_61' title="bbox 2036 2909 3537 2984">
    <p class='ocr_par' dir='ltr' id='par_1_61' title="bbox 2036 2909 3537 2984">
     <span class='ocr_line' id='line_1_61' title="bbox 2036 2909 3537 2984; baseline 0.001 -18"><span class='ocrx_word' id='word_1_405' title='bbox 2036 2911 2128 2966; x_wconf 84' lang='lat' dir='ltr'><strong>Ill.</strong></span> <span class='ocrx_word' id='word_1_406' title='bbox 2166 2928 2185 2962; x_wconf 81' lang='grc' dir='ltr'><strong>ι</strong></span> <span class='ocrx_word' id='word_1_407' title='bbox 2223 2909 2347 2965; x_wconf 86' lang='lat' dir='ltr'><strong>Tibi</strong></span> <span class='ocrx_word' id='word_1_408' title='bbox 2374 2910 2552 2972; x_wconf 88' lang='lat' dir='ltr'><strong>enim,</strong></span> <span class='ocrx_word' id='word_1_409' title='bbox 2593 2910 2814 2981; x_wconf 67' lang='lat' dir='ltr'><strong>inquit;</strong></span> <span class='ocrx_word' id='word_1_410' title='bbox 2846 2913 2895 2969; x_wconf 86' lang='lat' dir='ltr'><strong>si</strong></span> <span class='ocrx_word' id='word_1_411' title='bbox 2927 2913 3093 2984; x_wconf 76' lang='lat'><strong>815</strong></span> <span class='ocrx_word' id='word_1_412' title='bbox 3127 2914 3404 2982; x_wconf 88' lang='lat' dir='ltr'><strong>sapienter</strong></span> <span class='ocrx_word' id='word_1_413' title='bbox 3431 2916 3537 2968; x_wconf 84' lang='lat' dir='ltr'><strong>im-</strong></span> 
     </span>
    </p>
   </div>
   <div class='ocr_carea' id='block_1_62' title="bbox 1963 3004 3542 3075">
    <p class='ocr_par' dir='ltr' id='par_1_62' title="bbox 1963 3004 3542 3075">
     <span class='ocr_line' id='line_1_62' title="bbox 1963 3004 3542 3075; baseline 0.004 -18"><span class='ocrx_word' id='word_1_414' title='bbox 1963 3019 2144 3074; x_wconf 87' lang='lat' dir='ltr'><strong>peres.</strong></span> <span class='ocrx_word' id='word_1_415' title='bbox 2174 3014 2230 3059; x_wconf 89' lang='lat' dir='ltr'><strong>et</strong></span> <span class='ocrx_word' id='word_1_416' title='bbox 2262 3019 2349 3068; x_wconf 85' lang='lat' dir='ltr'><strong>ea,</strong></span> <span class='ocrx_word' id='word_1_417' title='bbox 2376 3021 2481 3075; x_wconf 87' lang='lat' dir='ltr'><strong>qua</strong></span> <span class='ocrx_word' id='word_1_418' title='bbox 2515 3004 2697 3072; x_wconf 90' lang='lat' dir='ltr'><strong>decet,</strong></span> <span class='ocrx_word' id='word_1_419' title='bbox 2734 3006 3028 3074; x_wconf 86' lang='lat' dir='ltr'><strong>prudentia</strong></span> <span class='ocrx_word' id='word_1_420' title='bbox 3081 3007 3349 3062; x_wconf 87' lang='lat' dir='ltr'><strong>modicam</strong></span> <span class='ocrx_word' id='word_1_421' title='bbox 3397 3009 3542 3064; x_wconf 90' lang='lat' dir='ltr'><strong>hanc</strong></span> 
     </span>
    </p>
   </div>
   <div class='ocr_carea' id='block_1_63' title="bbox 1965 3096 3544 3168">
    <p class='ocr_par' dir='ltr' id='par_1_63' title="bbox 1965 3096 3544 3168">
     <span class='ocr_line' id='line_1_63' title="bbox 1965 3096 3544 3168; baseline 0.001 -17"><span class='ocrx_word' id='word_1_422' title='bbox 1965 3097 2308 3167; x_wconf 87' lang='lat' dir='ltr'><strong>provinciam</strong></span> <span class='ocrx_word' id='word_1_423' title='bbox 2352 3096 2727 3161; x_wconf 90' lang='lat' dir='ltr'><strong>administres,</strong></span> <span class='ocrx_word' id='word_1_424' title='bbox 2783 3096 2974 3152; x_wconf 87' lang='lat' dir='ltr'><strong>licebit</strong></span> <span class='ocrx_word' id='word_1_425' title='bbox 3024 3097 3278 3162; x_wconf 87' lang='lat' dir='ltr'><strong>fortasse,</strong></span> <span class='ocrx_word' id='word_1_426' title='bbox 3318 3098 3544 3168; x_wconf 81' lang='lat' dir='ltr'><strong>majoris</strong></span> 
     </span>
    </p>
   </div>
   <div class='ocr_carea' id='block_1_64' title="bbox 2910 3189 3543 3258">
    <p class='ocr_par' dir='ltr' id='par_1_64' title="bbox 2910 3189 3543 3258">
     <span class='ocr_line' id='line_1_64' title="bbox 2910 3189 3543 3258; baseline 0.003 -16"><span class='ocrx_word' id='word_1_427' title='bbox 2910 3197 3032 3243; x_wconf 76' lang='lat' dir='ltr'><strong>tuas</strong></span> <span class='ocrx_word' id='word_1_428' title='bbox 3093 3203 3182 3243; x_wconf 85' lang='lat' dir='ltr'><strong>res</strong></span> <span class='ocrx_word' id='word_1_429' title='bbox 3237 3189 3543 3258; x_wconf 87' lang='lat' dir='ltr'><strong>provehere</strong></span> 
     </span>
    </p>
   </div>
   <div class='ocr_carea' id='block_1_65' title="bbox 279 3275 1862 3353">
    <p class='ocr_par' dir='ltr' id='par_1_65' title="bbox 279 3275 1862 3353">
     <span class='ocr_line' id='line_1_65' title="bbox 279 3275 1862 3353; baseline 0 -20"><span class='ocrx_word' id='word_1_430' title='bbox 279 3279 503 3347; x_wconf 80' lang='grc' dir='ltr'>ἄμεινον</span> <span class='ocrx_word' id='word_1_431' title='bbox 553 3279 725 3348; x_wconf 82' lang='grc' dir='ltr'>ἄγειν·</span> <span class='ocrx_word' id='word_1_432' title='bbox 798 3281 891 3333; x_wconf 75' lang='grc' dir='ltr'><strong>καὶ</strong></span> <span class='ocrx_word' id='word_1_433' title='bbox 942 3282 1058 3351; x_wconf 79' lang='grc' dir='ltr'><strong>ἅμα</strong></span> <span class='ocrx_word' id='word_1_434' title='bbox 1116 3275 1198 3344; x_wconf 72' lang='grc' dir='ltr'>οἷς</span> <span class='ocrx_word' id='word_1_435' title='bbox 1258 3282 1468 3353; x_wconf 76' lang='grc' dir='ltr'>ἀφορᾷν</span> <span class='ocrx_word' id='word_1_436' title='bbox 1522 3283 1862 3352; x_wconf 84' lang='grc' dir='ltr'>περιγίνεται</span> 
     </span>
    </p>
   </div>
   <div class='ocr_carea' id='block_1_66' title="bbox 1964 3275 3540 3353">
    <p class='ocr_par' dir='ltr' id='par_1_66' title="bbox 1970 3280 3540 3351">
     <span class='ocr_line' id='line_1_66' title="bbox 1970 3280 3540 3351; baseline 0.001 -17"><span class='ocrx_word' id='word_1_437' title='bbox 1970 3281 2028 3335; x_wconf 90' lang='lat' dir='ltr'><strong>in</strong></span> <span class='ocrx_word' id='word_1_438' title='bbox 2092 3280 2332 3346; x_wconf 82' lang='lat' dir='ltr'><strong>melius,</strong></span> <span class='ocrx_word' id='word_1_439' title='bbox 2391 3280 2667 3351; x_wconf 88' lang='lat' dir='ltr'><strong>simulque</strong></span> <span class='ocrx_word' id='word_1_440' title='bbox 2715 3281 2786 3336; x_wconf 86' lang='lat' dir='ltr'><strong>iis</strong></span> <span class='ocrx_word' id='word_1_441' title='bbox 2835 3281 2930 3350; x_wconf 87' lang='lat' dir='ltr'><strong>qui</strong></span> <span class='ocrx_word' id='word_1_442' title='bbox 2987 3280 3274 3336; x_wconf 84' lang='lat' dir='ltr'><strong>intuentur</strong></span> <span class='ocrx_word' id='word_1_443' title='bbox 3322 3280 3375 3334; x_wconf 90' lang='lat' dir='ltr'><strong>in</strong></span> <span class='ocrx_word' id='word_1_444' title='bbox 3446 3293 3540 3342; x_wconf 89' lang='lat' dir='ltr'><strong>te,</strong></span> 
     </span>
    </p>
   </div>
   <div class='ocr_carea' id='block_1_67' title="bbox 280 3371 1864 3444">
    <p class='ocr_par' dir='ltr' id='par_1_67' title="bbox 280 3371 1864 3444">
     <span class='ocr_line' id='line_1_67' title="bbox 280 3371 1864 3444; baseline 0.004 -22"><span class='ocrx_word' id='word_1_445' title='bbox 280 3371 423 3440; x_wconf 88' lang='grc' dir='ltr'>πρὸς</span> <span class='ocrx_word' id='word_1_446' title='bbox 448 3373 528 3434; x_wconf 66' lang='grc' dir='ltr'>σέ,</span> <span class='ocrx_word' id='word_1_447' title='bbox 559 3371 796 3436; x_wconf 74' lang='grc' dir='ltr'>καὶτοῖς</span> <span class='ocrx_word' id='word_1_448' title='bbox 827 3388 892 3440; x_wconf 89' lang='grc' dir='ltr'><strong>γε</strong></span> <span class='ocrx_word' id='word_1_449' title='bbox 943 3374 1056 3435; x_wconf 83' lang='grc' dir='ltr'>σοῖς</span> <span class='ocrx_word' id='word_1_450' title='bbox 1119 3371 1403 3427; x_wconf 82' lang='grc' dir='ltr'>ὀπώσποτε</span> <span class='ocrx_word' id='word_1_451' title='bbox 1463 3374 1709 3444; x_wconf 82' lang='grc' dir='ltr'>φιλοῦσιν</span> <span class='ocrx_word' id='word_1_452' title='bbox 1773 3377 1864 3443; x_wconf 82' lang='grc' dir='ltr'><strong>ὲγ·</strong></span> 
     </span>
    </p>
   </div>
   <div class='ocr_carea' id='block_1_68' title="bbox 205 3461 1868 3537">
    <p class='ocr_par' dir='ltr' id='par_1_68' title="bbox 205 3461 1868 3537">
     <span class='ocr_line' id='line_1_68' title="bbox 205 3461 1868 3537; baseline 0.002 -20"><span class='ocrx_word' id='word_1_453' title='bbox 205 3498 209 3508; x_wconf 79' lang='grc' dir='ltr'><strong>ι</strong></span> <span class='ocrx_word' id='word_1_454' title='bbox 281 3461 728 3530; x_wconf 64' lang='grc' dir='ltr'>καλλωπίζεσθαι</span> <span class='ocrx_word' id='word_1_455' title='bbox 763 3465 1168 3534; x_wconf 82' lang='grc' dir='ltr'>προτερήμασι,</span> <span class='ocrx_word' id='word_1_456' title='bbox 1204 3465 1298 3518; x_wconf 78' lang='grc' dir='ltr'>καὶ</span> <span class='ocrx_word' id='word_1_457' title='bbox 1331 3464 1542 3528; x_wconf 83' lang='grc' dir='ltr'>τούτοις</span> <span class='ocrx_word' id='word_1_458' title='bbox 1571 3465 1615 3518; x_wconf 79' lang='grc' dir='ltr'>δ’</span> <span class='ocrx_word' id='word_1_459' title='bbox 1647 3462 1714 3522; x_wconf 82' lang='grc' dir='ltr'><strong>αὖ</strong></span> <span class='ocrx_word' id='word_1_460' title='bbox 1777 3467 1868 3537; x_wconf 76' lang='grc' dir='ltr'><strong>βτ-</strong></span> 
     </span>
    </p>
   </div>
   <div class='ocr_carea' id='block_1_69' title="bbox 283 3553 1840 3626">
    <p class='ocr_par' dir='ltr' id='par_1_69' title="bbox 283 3553 1840 3626">
     <span class='ocr_line' id='line_1_69' title="bbox 283 3553 1840 3626; baseline 0.001 -18"><span class='ocrx_word' id='word_1_461' title='bbox 283 3555 449 3617; x_wconf 84' lang='grc' dir='ltr'>ϐαίας</span> <span class='ocrx_word' id='word_1_462' title='bbox 506 3554 816 3623; x_wconf 78' lang='grc' dir='ltr'>λελείψεται</span> <span class='ocrx_word' id='word_1_463' title='bbox 893 3553 1126 3609; x_wconf 74' lang='grc' dir='ltr'>κτᾶσθαι</span> <span class='ocrx_word' id='word_1_464' title='bbox 1208 3554 1540 3626; x_wconf 76' lang='grc' dir='ltr'>προσδοκίας</span> <span class='ocrx_word' id='word_1_465' title='bbox 1607 3557 1701 3610; x_wconf 76' lang='grc' dir='ltr'><strong>ἐπὶ</strong></span> <span class='ocrx_word' id='word_1_466' title='bbox 1755 3556 1840 3611; x_wconf 73' lang='grc' dir='ltr'>σοὶ</span> 
     </span>
    </p>
   </div>
   <div class='ocr_carea' id='block_1_70' title="bbox 282 3621 1873 3722">
    <p class='ocr_par' dir='ltr' id='par_1_70' title="bbox 282 3621 1873 3722">
     <span class='ocr_line' id='line_1_70' title="bbox 282 3621 1873 3722; baseline 0.001 -19"><span class='ocrx_word' id='word_1_467' title='bbox 282 3652 411 3703; x_wconf 78' lang='grc' dir='ltr'>ὅσαι</span> <span class='ocrx_word' id='word_1_468' title='bbox 453 3649 551 3718; x_wconf 76' lang='grc' dir='ltr'>τῆς</span> <span class='ocrx_word' id='word_1_469' title='bbox 588 3621 802 3718; x_wconf 83' lang='grc' dir='ltr'>ἀγαθῆς</span> <span class='ocrx_word' id='word_1_470' title='bbox 849 3647 1048 3715; x_wconf 77' lang='grc' dir='ltr'>φλεϐὸς</span> <span class='ocrx_word' id='word_1_471' title='bbox 1111 3621 1489 3719; x_wconf 65' lang='grc' dir='ltr'>ἀπορρέουσαι</span> <span class='ocrx_word' id='word_1_472' title='bbox 1567 3649 1684 3719; x_wconf 87' lang='grc' dir='ltr'>βίον</span> <span class='ocrx_word' id='word_1_473' title='bbox 1739 3621 1873 3722; x_wconf 59' lang='grc' dir='ltr'>προί</span> 
     </span>
    </p>
   </div>
   <div class='ocr_carea' id='block_1_71' title="bbox 291 3739 1868 3815">
    <p class='ocr_par' dir='ltr' id='par_1_71' title="bbox 291 3739 1868 3815">
     <span class='ocr_line' id='line_1_71' title="bbox 291 3739 1868 3815; baseline 0.001 -21"><span class='ocrx_word' id='word_1_474' title='bbox 291 3741 532 3811; x_wconf 82' lang='grc' dir='ltr'>μνῶνταί</span> <span class='ocrx_word' id='word_1_475' title='bbox 562 3756 747 3810; x_wconf 82' lang='grc' dir='ltr'>σφισιν</span> <span class='ocrx_word' id='word_1_476' title='bbox 773 3739 1085 3808; x_wconf 83' lang='grc' dir='ltr'>εὐδαίμονα.</span> <span class='ocrx_word' id='word_1_477' title='bbox 1116 3741 1358 3807; x_wconf 83' lang='grc' dir='ltr'>Οὐδεμία</span> <span class='ocrx_word' id='word_1_478' title='bbox 1417 3745 1524 3812; x_wconf 79' lang='grc' dir='ltr'><strong>γὰρ</strong></span> <span class='ocrx_word' id='word_1_479' title='bbox 1549 3743 1868 3815; x_wconf 75' lang='grc' dir='ltr'>ἐρρᾳθυμη-</span> 
     </span>
    </p>
   </div>
   <div class='ocr_carea' id='block_1_72' title="bbox 297 3833 1865 3910">
    <p class='ocr_par' dir='ltr' id='par_1_72' title="bbox 297 3833 1865 3910">
     <span class='ocr_line' id='line_1_72' title="bbox 297 3833 1865 3910; baseline 0.003 -24"><span class='ocrx_word' id='word_1_480' title='bbox 297 3835 426 3901; x_wconf 82' lang='grc' dir='ltr'>μὲνη</span> <span class='ocrx_word' id='word_1_481' title='bbox 453 3835 548 3888; x_wconf 79' lang='grc' dir='ltr'>καὶ</span> <span class='ocrx_word' id='word_1_482' title='bbox 590 3833 1059 3900; x_wconf 84' lang='grc' dir='ltr'>ἀνανταγώνιστος</span> <span class='ocrx_word' id='word_1_483' title='bbox 1083 3833 1253 3910; x_wconf 76' lang='grc' dir='ltr'>ἀρετὴ</span> <span class='ocrx_word' id='word_1_484' title='bbox 1289 3833 1558 3904; x_wconf 84' lang='grc' dir='ltr'>λαμπρῶν</span> <span class='ocrx_word' id='word_1_485' title='bbox 1617 3834 1865 3900; x_wconf 81' lang='grc' dir='ltr'>ἀξιοῦται</span> 
     </span>
    </p>
   </div>
   <div class='ocr_carea' id='block_1_73' title="bbox 293 3925 1862 3996">
    <p class='ocr_par' dir='ltr' id='par_1_73' title="bbox 293 3925 1862 3996">
     <span class='ocr_line' id='line_1_73' title="bbox 293 3925 1862 3996; baseline 0.006 -19"><span class='ocrx_word' id='word_1_486' title='bbox 293 3927 488 3995; x_wconf 85' lang='grc' dir='ltr'>γερῶν,</span> <span class='ocrx_word' id='word_1_487' title='bbox 575 3927 750 3979; x_wconf 83' lang='grc' dir='ltr'>ὁπόσα</span> <span class='ocrx_word' id='word_1_488' title='bbox 826 3928 1147 3994; x_wconf 82' lang='grc' dir='ltr'>περιφανεῖς</span> <span class='ocrx_word' id='word_1_489' title='bbox 1212 3925 1470 3996; x_wconf 84' lang='grc' dir='ltr'>βραϐεύει</span> <span class='ocrx_word' id='word_1_490' title='bbox 1540 3931 1862 3996; x_wconf 82' lang='grc' dir='ltr'>στεφάνους.</span> 
     </span>
    </p>
   </div>
   <div class='ocr_carea' id='block_1_74' title="bbox 301 4017 1864 4093">
    <p class='ocr_par' dir='ltr' id='par_1_74' title="bbox 301 4017 1864 4093">
     <span class='ocr_line' id='line_1_74' title="bbox 301 4017 1864 4093; baseline 0.004 -23"><span class='ocrx_word' id='word_1_491' title='bbox 301 4017 454 4070; x_wconf 78' lang='grc' dir='ltr'>Ἐπεὶ</span> <span class='ocrx_word' id='word_1_492' title='bbox 483 4019 576 4071; x_wconf 71' lang='grc' dir='ltr'>καὶ</span> <span class='ocrx_word' id='word_1_493' title='bbox 607 4018 826 4071; x_wconf 88' lang='grc' dir='ltr'>σύνεσιν</span> <span class='ocrx_word' id='word_1_494' title='bbox 856 4017 1046 4088; x_wconf 86' lang='grc' dir='ltr'>ἀνδρὸς</span> <span class='ocrx_word' id='word_1_495' title='bbox 1083 4017 1178 4070; x_wconf 76' lang='grc' dir='ltr'>καὶ</span> <span class='ocrx_word' id='word_1_496' title='bbox 1228 4018 1458 4091; x_wconf 85' lang='grc' dir='ltr'>γνώμην</span> <span class='ocrx_word' id='word_1_497' title='bbox 1524 4021 1864 4093; x_wconf 79' lang='grc' dir='ltr'>ἡγεμονικὴν</span> 
     </span>
    </p>
   </div>
   <div class='ocr_carea' id='block_1_75' title="bbox 281 4109 1863 4180">
    <p class='ocr_par' dir='ltr' id='par_1_75' title="bbox 281 4109 1863 4180">
     <span class='ocr_line' id='line_1_75' title="bbox 281 4109 1863 4180; baseline 0.003 -18"><span class='ocrx_word' id='word_1_498' title='bbox 281 4109 568 4179; x_wconf 68' lang='grc' dir='ltr'>οὔτ’δψις,</span> <span class='ocrx_word' id='word_1_499' title='bbox 615 4109 737 4162; x_wconf 83' lang='grc' dir='ltr'>οὐτε</span> <span class='ocrx_word' id='word_1_500' title='bbox 779 4109 1030 4178; x_wconf 88' lang='grc' dir='ltr'>μαντικοί</span> <span class='ocrx_word' id='word_1_501' title='bbox 1083 4126 1227 4174; x_wconf 89' lang='grc' dir='ltr'>τινες</span> <span class='ocrx_word' id='word_1_502' title='bbox 1277 4110 1554 4180; x_wconf 79' lang='grc' dir='ltr'>τρίποδες,</span> <span class='ocrx_word' id='word_1_503' title='bbox 1617 4113 1671 4166; x_wconf 81' lang='grc' dir='ltr'><strong>εί</strong></span> <span class='ocrx_word' id='word_1_504' title='bbox 1717 4129 1863 4176; x_wconf 83' lang='grc' dir='ltr'>τινες</span> 
     </span>
    </p>
   </div>
   <div class='ocr_carea' id='block_1_76' title="bbox 282 4197 1864 4276">
    <p class='ocr_par' dir='ltr' id='par_1_76' title="bbox 282 4197 1864 4276">
     <span class='ocr_line' id='line_1_76' title="bbox 282 4197 1864 4276; baseline 0.001 -21"><span class='ocrx_word' id='word_1_505' title='bbox 282 4197 400 4255; x_wconf 79' lang='grc' dir='ltr'>εἷεν</span> <span class='ocrx_word' id='word_1_506' title='bbox 425 4199 976 4272; x_wconf 82' lang='grc' dir='ltr'>χρηστηριαζόμενοι,</span> <span class='ocrx_word' id='word_1_507' title='bbox 1010 4201 1125 4263; x_wconf 87' lang='grc' dir='ltr'>τοῖς</span> <span class='ocrx_word' id='word_1_508' title='bbox 1151 4199 1368 4265; x_wconf 83' lang='grc' dir='ltr'>πολλοῖς</span> <span class='ocrx_word' id='word_1_509' title='bbox 1404 4201 1606 4256; x_wconf 76' lang='grc' dir='ltr'>οὑτωσὶ</span> <span class='ocrx_word' id='word_1_510' title='bbox 1657 4221 1864 4276; x_wconf 86' lang='grc' dir='ltr'>προση-</span> 
     </span>
    </p>
   </div>
   <div class='ocr_carea' id='block_1_77' title="bbox 282 4293 1862 4365">
    <p class='ocr_par' dir='ltr' id='par_1_77' title="bbox 282 4293 1862 4365">
     <span class='ocr_line' id='line_1_77' title="bbox 282 4293 1862 4365; baseline 0.004 -19"><span class='ocrx_word' id='word_1_511' title='bbox 282 4295 504 4365; x_wconf 83' lang='grc' dir='ltr'>μαίνειν</span> <span class='ocrx_word' id='word_1_512' title='bbox 543 4295 930 4357; x_wconf 84' lang='grc' dir='ltr'>δύνανται,ῶς</span> <span class='ocrx_word' id='word_1_513' title='bbox 979 4293 1138 4363; x_wconf 73' lang='grc' dir='ltr'><strong>ήὲπὶ</strong></span> <span class='ocrx_word' id='word_1_514' title='bbox 1189 4293 1289 4362; x_wconf 84' lang='grc' dir='ltr'>τῆς</span> <span class='ocrx_word' id='word_1_515' title='bbox 1349 4295 1540 4364; x_wconf 86' lang='grc' dir='ltr'>χρείας</span> <span class='ocrx_word' id='word_1_516' title='bbox 1604 4298 1699 4350; x_wconf 77' lang='grc' dir='ltr'><strong>καὶ</strong></span> <span class='ocrx_word' id='word_1_517' title='bbox 1751 4298 1862 4352; x_wconf 87' lang='grc' dir='ltr'><strong>τῶν</strong></span> 
     </span>
    </p>
   </div>
   <div class='ocr_carea' id='block_1_78' title="bbox 283 4383 1864 4460">
    <p class='ocr_par' dir='ltr' id='par_1_78' title="bbox 283 4383 1864 4460">
     <span class='ocr_line' id='line_1_78' title="bbox 283 4383 1864 4460; baseline 0.003 -21"><span class='ocrx_word' id='word_1_518' title='bbox 283 4385 496 4456; x_wconf 86' lang='grc' dir='ltr'>καιρῶν</span> <span class='ocrx_word' id='word_1_519' title='bbox 528 4384 927 4454; x_wconf 76' lang='grc' dir='ltr'>ἀναλάμπουσα</span> <span class='ocrx_word' id='word_1_520' title='bbox 957 4385 1122 4454; x_wconf 88' lang='grc' dir='ltr'>πεῖρα</span> <span class='ocrx_word' id='word_1_521' title='bbox 1151 4383 1260 4437; x_wconf 89' lang='grc' dir='ltr'><strong>τῶν</strong></span> <span class='ocrx_word' id='word_1_522' title='bbox 1293 4402 1352 4438; x_wconf 91' lang='grc' dir='ltr'><strong>τε</strong></span> <span class='ocrx_word' id='word_1_523' title='bbox 1393 4385 1568 4454; x_wconf 82' lang='grc' dir='ltr'>λόγων</span> <span class='ocrx_word' id='word_1_524' title='bbox 1599 4389 1692 4441; x_wconf 77' lang='grc' dir='ltr'><strong>καὶ</strong></span> <span class='ocrx_word' id='word_1_525' title='bbox 1724 4389 1864 4460; x_wconf 83' lang='grc' dir='ltr'>πρά-</span> 
     </span>
    </p>
   </div>
   <div class='ocr_carea' id='block_1_79' title="bbox 285 4478 1860 4548">
    <p class='ocr_par' dir='ltr' id='par_1_79' title="bbox 285 4478 1860 4548">
     <span class='ocr_line' id='line_1_79' title="bbox 285 4478 1860 4548; baseline 0.001 -16"><span class='ocrx_word' id='word_1_526' title='bbox 285 4478 451 4543; x_wconf 81' lang='grc' dir='ltr'>ξεων.</span> <span class='ocrx_word' id='word_1_527' title='bbox 491 4478 712 4542; x_wconf 79' lang='grc' dir='ltr'>Πολλοῖς</span> <span class='ocrx_word' id='word_1_528' title='bbox 740 4479 850 4548; x_wconf 81' lang='grc' dir='ltr'>γὰρ</span> <span class='ocrx_word' id='word_1_529' title='bbox 879 4478 940 4542; x_wconf 79' lang='grc' dir='ltr'>ἐξ</span> <span class='ocrx_word' id='word_1_530' title='bbox 966 4479 1225 4548; x_wconf 85' lang='grc' dir='ltr'>ἀπειρίας</span> <span class='ocrx_word' id='word_1_531' title='bbox 1280 4480 1308 4530; x_wconf 87' lang='grc' dir='ltr'>ὁ</span> <span class='ocrx_word' id='word_1_532' title='bbox 1347 4480 1711 4547; x_wconf 80' lang='grc' dir='ltr'>φανταστικὸς</span> <span class='ocrx_word' id='word_1_533' title='bbox 1735 4481 1860 4547; x_wconf 88' lang='grc' dir='ltr'>νοῦς</span> 
     </span>
    </p>
   </div>
   <div class='ocr_carea' id='block_1_80' title="bbox 287 4569 1860 4642">
    <p class='ocr_par' dir='ltr' id='par_1_80' title="bbox 287 4569 1860 4642">
     <span class='ocr_line' id='line_1_80' title="bbox 287 4569 1860 4642; baseline 0.003 -21"><span class='ocrx_word' id='word_1_534' title='bbox 287 4569 534 4640; x_wconf 82' lang='grc' dir='ltr'>μεγάλας</span> <span class='ocrx_word' id='word_1_535' title='bbox 559 4569 847 4638; x_wconf 79' lang='grc' dir='ltr'>ὑποτίθησι</span> <span class='ocrx_word' id='word_1_536' title='bbox 881 4570 1133 4623; x_wconf 82' lang='grc' dir='ltr'>πλάττων</span> <span class='ocrx_word' id='word_1_537' title='bbox 1159 4570 1414 4641; x_wconf 82' lang='grc' dir='ltr'>εὐτυχίας</span> <span class='ocrx_word' id='word_1_538' title='bbox 1447 4588 1506 4624; x_wconf 87' lang='grc' dir='ltr'><strong>τε</strong></span> <span class='ocrx_word' id='word_1_539' title='bbox 1542 4573 1636 4625; x_wconf 78' lang='grc' dir='ltr'>καὶ</span> <span class='ocrx_word' id='word_1_540' title='bbox 1683 4589 1860 4642; x_wconf 87' lang='grc' dir='ltr'>μακα-</span> 
     </span>
    </p>
   </div>
   <div class='ocr_carea' id='block_1_81' title="bbox 283 4661 1866 4737">
    <p class='ocr_par' dir='ltr' id='par_1_81' title="bbox 283 4661 1866 4737">
     <span class='ocr_line' id='line_1_81' title="bbox 283 4661 1866 4737; baseline -0.005 -20"><span class='ocrx_word' id='word_1_541' title='bbox 283 4665 565 4737; x_wconf 84' lang='grc' dir='ltr'>ριότητας,</span> <span class='ocrx_word' id='word_1_542' title='bbox 597 4662 850 4732; x_wconf 85' lang='grc' dir='ltr'>καθάπερ</span> <span class='ocrx_word' id='word_1_543' title='bbox 881 4664 935 4714; x_wconf 80' lang='grc' dir='ltr'>αἱ</span> <span class='ocrx_word' id='word_1_544' title='bbox 986 4661 1294 4734; x_wconf 79' lang='grc' dir='ltr'>ζωγράφων</span> <span class='ocrx_word' id='word_1_545' title='bbox 1340 4665 1526 4734; x_wconf 85' lang='grc' dir='ltr'>χεῖρες</span> <span class='ocrx_word' id='word_1_546' title='bbox 1580 4667 1707 4729; x_wconf 78' lang='grc' dir='ltr'><strong>τούς</strong></span> <span class='ocrx_word' id='word_1_547' title='bbox 1763 4665 1866 4720; x_wconf 76' lang='grc' dir='ltr'>τύ..</span> 
     </span>
    </p>
   </div>
   <div class='ocr_carea' id='block_1_82' title="bbox 279 4753 1864 4826">
    <p class='ocr_par' dir='ltr' id='par_1_82' title="bbox 279 4753 1864 4826">
     <span class='ocr_line' id='line_1_82' title="bbox 279 4753 1864 4826; baseline -0.001 -15"><span class='ocrx_word' id='word_1_548' title='bbox 279 4775 422 4821; x_wconf 75' lang='grc' dir='ltr'>πούς</span> <span class='ocrx_word' id='word_1_549' title='bbox 451 4759 565 4819; x_wconf 87' lang='grc' dir='ltr'>τοῖς</span> <span class='ocrx_word' id='word_1_550' title='bbox 586 4753 868 4826; x_wconf 83' lang='grc' dir='ltr'>χρώμασι,</span> <span class='ocrx_word' id='word_1_551' title='bbox 896 4753 1194 4817; x_wconf 87' lang='grc' dir='ltr'>παίζουσαι</span> <span class='ocrx_word' id='word_1_552' title='bbox 1246 4755 1391 4808; x_wconf 87' lang='grc' dir='ltr'><strong>κατά</strong></span> <span class='ocrx_word' id='word_1_553' title='bbox 1421 4755 1482 4806; x_wconf 80' lang='grc' dir='ltr'><strong>τὸ</strong></span> <span class='ocrx_word' id='word_1_554' title='bbox 1537 4755 1864 4826; x_wconf 82' lang='grc' dir='ltr'>βουλόμενον</span> 
     </span>
    </p>
   </div>
   <div class='ocr_carea' id='block_1_83' title="bbox 275 4843 1863 4919">
    <p class='ocr_par' dir='ltr' id='par_1_83' title="bbox 275 4843 1863 4919">
     <span class='ocr_line' id='line_1_83' title="bbox 275 4843 1863 4919; baseline -0.001 -17"><span class='ocrx_word' id='word_1_555' title='bbox 275 4850 384 4919; x_wconf 79' lang='grc' dir='ltr'>τῆς</span> <span class='ocrx_word' id='word_1_556' title='bbox 420 4847 620 4918; x_wconf 69' lang='grc' dir='ltr'>ψυχῆς.</span> <span class='ocrx_word' id='word_1_557' title='bbox 665 4846 731 4899; x_wconf 86' lang='grc' dir='ltr'><strong><em>Ἥ</em></strong></span> <span class='ocrx_word' id='word_1_558' title='bbox 759 4845 802 4898; x_wconf 85' lang='grc' dir='ltr'><strong>δ’</strong></span> <span class='ocrx_word' id='word_1_559' title='bbox 839 4846 904 4898; x_wconf 83' lang='grc' dir='ltr'>ὲκ</span> <span class='ocrx_word' id='word_1_560' title='bbox 932 4844 1043 4896; x_wconf 87' lang='grc' dir='ltr'><strong>τῶν</strong></span> <span class='ocrx_word' id='word_1_561' title='bbox 1099 4844 1446 4914; x_wconf 82' lang='grc' dir='ltr'>πραγμάτων</span> <span class='ocrx_word' id='word_1_562' title='bbox 1499 4848 1687 4916; x_wconf 84' lang='grc' dir='ltr'>πεῖρα,</span> <span class='ocrx_word' id='word_1_563' title='bbox 1751 4843 1863 4901; x_wconf 71' lang='grc' dir='ltr'>οἷον</span> 
     </span>
    </p>
   </div>
   <div class='ocr_carea' id='block_1_84' title="bbox 281 4938 1864 5011">
    <p class='ocr_par' dir='ltr' id='par_1_84' title="bbox 281 4938 1864 5011">
     <span class='ocr_line' id='line_1_84' title="bbox 281 4938 1864 5011; baseline -0.001 -18"><span class='ocrx_word' id='word_1_564' title='bbox 281 4941 530 5011; x_wconf 75' lang='grc' dir='ltr'>ἔμψυχος</span> <span class='ocrx_word' id='word_1_565' title='bbox 559 4938 880 4999; x_wconf 76' lang='grc' dir='ltr'>διδάσκαλος</span> <span class='ocrx_word' id='word_1_566' title='bbox 926 4938 1324 5005; x_wconf 75' lang='grc' dir='ltr'>καθισταμένη,</span> <span class='ocrx_word' id='word_1_567' title='bbox 1387 4938 1560 5006; x_wconf 81' lang='grc' dir='ltr'>μέγαν</span> <span class='ocrx_word' id='word_1_568' title='bbox 1619 4938 1864 5009; x_wconf 76' lang='grc' dir='ltr'>ἐντίθησι</span> 
     </span>
    </p>
   </div>
   <div class='ocr_carea' id='block_1_85' title="bbox 280 5029 1858 5100">
    <p class='ocr_par' dir='ltr' id='par_1_85' title="bbox 280 5029 1858 5100">
     <span class='ocr_line' id='line_1_85' title="bbox 280 5029 1858 5100; baseline 0 -16"><span class='ocrx_word' id='word_1_569' title='bbox 280 5033 434 5098; x_wconf 87' lang='grc' dir='ltr'>νοῦν,</span> <span class='ocrx_word' id='word_1_570' title='bbox 477 5031 572 5084; x_wconf 76' lang='grc' dir='ltr'><strong>καὶ</strong></span> <span class='ocrx_word' id='word_1_571' title='bbox 606 5031 1052 5098; x_wconf 79' lang='grc' dir='ltr'>σωφρονέστερον</span> <span class='ocrx_word' id='word_1_572' title='bbox 1077 5029 1158 5092; x_wconf 85' lang='grc' dir='ltr'><strong>είς</strong></span> <span class='ocrx_word' id='word_1_573' title='bbox 1182 5029 1454 5098; x_wconf 80' lang='grc' dir='ltr'>ἁρμονίαν</span> <span class='ocrx_word' id='word_1_574' title='bbox 1509 5030 1858 5100; x_wconf 84' lang='grc' dir='ltr'>προδείκνυσι</span> 
     </span>
    </p>
   </div>
   <div class='ocr_carea' id='block_1_86' title="bbox 287 5119 1859 5195">
    <p class='ocr_par' dir='ltr' id='par_1_86' title="bbox 287 5119 1859 5195">
     <span class='ocr_line' id='line_1_86' title="bbox 287 5119 1859 5195; baseline -0.001 -19"><span class='ocrx_word' id='word_1_575' title='bbox 287 5125 409 5195; x_wconf 82' lang='grc' dir='ltr'>βίου</span> <span class='ocrx_word' id='word_1_576' title='bbox 437 5125 529 5176; x_wconf 82' lang='grc' dir='ltr'><strong>τὸν</strong></span> <span class='ocrx_word' id='word_1_577' title='bbox 579 5122 887 5192; x_wconf 81' lang='grc' dir='ltr'>ἄνθρωπον.</span> <span class='ocrx_word' id='word_1_578' title='bbox 943 5119 1084 5188; x_wconf 82' lang='grc' dir='ltr'>Ἐγὼ</span> <span class='ocrx_word' id='word_1_579' title='bbox 1109 5120 1165 5173; x_wconf 78' lang='grc' dir='ltr'><strong>δέ</strong></span> <span class='ocrx_word' id='word_1_580' title='bbox 1199 5138 1259 5173; x_wconf 87' lang='grc' dir='ltr'><strong>σε</strong></span> <span class='ocrx_word' id='word_1_581' title='bbox 1293 5123 1386 5174; x_wconf 74' lang='grc' dir='ltr'><strong>καὶ</strong></span> <span class='ocrx_word' id='word_1_582' title='bbox 1411 5122 1668 5190; x_wconf 80' lang='grc' dir='ltr'>φραγμὸν</span> <span class='ocrx_word' id='word_1_583' title='bbox 1697 5123 1859 5175; x_wconf 86' lang='grc' dir='ltr'>οίονεί</span> 
     </span>
    </p>
   </div>
   <div class='ocr_carea' id='block_1_87' title="bbox 280 5213 1866 5286">
    <p class='ocr_par' dir='ltr' id='par_1_87' title="bbox 280 5213 1866 5286">
     <span class='ocr_line' id='line_1_87' title="bbox 280 5213 1866 5286; baseline -0.001 -16"><span class='ocrx_word' id='word_1_584' title='bbox 280 5235 409 5270; x_wconf 86' lang='grc' dir='ltr'>τινα</span> <span class='ocrx_word' id='word_1_585' title='bbox 437 5217 626 5286; x_wconf 86' lang='grc' dir='ltr'>τίθημι</span> <span class='ocrx_word' id='word_1_586' title='bbox 664 5217 762 5282; x_wconf 77' lang='grc' dir='ltr'>τῆς</span> <span class='ocrx_word' id='word_1_587' title='bbox 808 5213 1083 5284; x_wconf 81' lang='grc' dir='ltr'>ἡμετέρας</span> <span class='ocrx_word' id='word_1_588' title='bbox 1141 5214 1316 5284; x_wconf 84' lang='grc' dir='ltr'>ἀρχῆς</span> <span class='ocrx_word' id='word_1_589' title='bbox 1338 5215 1434 5266; x_wconf 63' lang='grc' dir='ltr'><strong>καλ⁸</strong></span> <span class='ocrx_word' id='word_1_590' title='bbox 1488 5215 1866 5283; x_wconf 76' lang='grc' dir='ltr'>ἐπικρατείας,</span> 
     </span>
    </p>
   </div>
   <div class='ocr_carea' id='block_1_88' title="bbox 275 5305 1868 5377">
    <p class='ocr_par' dir='ltr' id='par_1_88' title="bbox 275 5305 1868 5377">
     <span class='ocr_line' id='line_1_88' title="bbox 275 5305 1868 5377; baseline -0.002 -14"><span class='ocrx_word' id='word_1_591' title='bbox 275 5309 361 5372; x_wconf 80' lang='grc' dir='ltr'>ὼς</span> <span class='ocrx_word' id='word_1_592' title='bbox 392 5309 731 5374; x_wconf 79' lang='grc' dir='ltr'>ὲξεῖναίσοι,</span> <span class='ocrx_word' id='word_1_593' title='bbox 757 5308 912 5377; x_wconf 83' lang='grc' dir='ltr'>δίκην</span> <span class='ocrx_word' id='word_1_594' title='bbox 949 5305 1246 5376; x_wconf 82' lang='grc' dir='ltr'>προϐλῆτος</span> <span class='ocrx_word' id='word_1_595' title='bbox 1276 5306 1731 5376; x_wconf 84' lang='grc' dir='ltr'>ἀναδεδειγμένῳ,</span> <span class='ocrx_word' id='word_1_596' title='bbox 1767 5315 1868 5370; x_wconf 67' lang='grc' dir='ltr'>τὰς</span> 
     </span>
    </p>
   </div>
   <div class='ocr_carea' id='block_1_89' title="bbox 1890 4541 1936 4596">
    <p class='ocr_par' dir='ltr' id='par_1_89' title="bbox 1890 4541 1936 4596">
     <span class='ocr_line' id='line_1_89' title="bbox 1890 4541 1936 4596; baseline 0 0"><span class='ocrx_word' id='word_1_597' title='bbox 1890 4541 1936 4596; x_wconf 87' lang='lat' dir='ltr'><strong>D</strong></span> 
     </span>
    </p>
   </div>
   <div class='ocr_carea' id='block_1_90' title="bbox 1967 3372 3544 3443">
    <p class='ocr_par' dir='ltr' id='par_1_90' title="bbox 1967 3372 3544 3443">
     <span class='ocr_line' id='line_1_90' title="bbox 1967 3372 3544 3443; baseline -0.001 -15"><span class='ocrx_word' id='word_1_598' title='bbox 1967 3383 2023 3428; x_wconf 87' lang='lat' dir='ltr'><strong>et</strong></span> <span class='ocrx_word' id='word_1_599' title='bbox 2081 3372 2322 3428; x_wconf 87' lang='lat' dir='ltr'><strong>honores</strong></span> <span class='ocrx_word' id='word_1_600' title='bbox 2390 3380 2516 3428; x_wconf 88' lang='lat' dir='ltr'><strong>tuos</strong></span> <span class='ocrx_word' id='word_1_601' title='bbox 2570 3373 2752 3428; x_wconf 87' lang='lat' dir='ltr'><strong>solent</strong></span> <span class='ocrx_word' id='word_1_602' title='bbox 2819 3382 3100 3443; x_wconf 84' lang='lat' dir='ltr'><strong>utcunque</strong></span> <span class='ocrx_word' id='word_1_603' title='bbox 3179 3373 3284 3427; x_wconf 88' lang='lat' dir='ltr'><strong>sibi</strong></span> <span class='ocrx_word' id='word_1_604' title='bbox 3355 3385 3544 3443; x_wconf 86' lang='lat' dir='ltr'><strong>gratu-</strong></span> 
     </span>
    </p>
   </div>
   <div class='ocr_carea' id='block_1_91' title="bbox 1965 3461 3546 3536">
    <p class='ocr_par' dir='ltr' id='par_1_91' title="bbox 1965 3461 3546 3536">
     <span class='ocr_line' id='line_1_91' title="bbox 1965 3461 3546 3536; baseline -0.002 -14"><span class='ocrx_word' id='word_1_605' title='bbox 1965 3465 2110 3532; x_wconf 88' lang='lat' dir='ltr'><strong>lari,</strong></span> <span class='ocrx_word' id='word_1_606' title='bbox 2172 3479 2298 3536; x_wconf 87' lang='lat' dir='ltr'><strong>spes</strong></span> <span class='ocrx_word' id='word_1_607' title='bbox 2359 3463 2414 3520; x_wconf 92' lang='lat' dir='ltr'><strong>in</strong></span> <span class='ocrx_word' id='word_1_608' title='bbox 2473 3473 2526 3519; x_wconf 91' lang='lat' dir='ltr'><strong>te</strong></span> <span class='ocrx_word' id='word_1_609' title='bbox 2573 3473 2784 3529; x_wconf 88' lang='lat' dir='ltr'><strong>certas,</strong></span> <span class='ocrx_word' id='word_1_610' title='bbox 2816 3465 2960 3520; x_wconf 90' lang='lat' dir='ltr'><strong>bono</strong></span> <span class='ocrx_word' id='word_1_611' title='bbox 3009 3465 3222 3520; x_wconf 84' lang='lat' dir='ltr'><strong>scilicet</strong></span> <span class='ocrx_word' id='word_1_612' title='bbox 3271 3461 3417 3519; x_wconf 83' lang='lat' dir='ltr'><strong>fonte</strong></span> <span class='ocrx_word' id='word_1_613' title='bbox 3447 3463 3546 3519; x_wconf 82' lang='lat' dir='ltr'><strong>de-</strong></span> 
     </span>
    </p>
   </div>
   <div class='ocr_carea' id='block_1_92' title="bbox 1968 3556 3544 3630">
    <p class='ocr_par' dir='ltr' id='par_1_92' title="bbox 1968 3556 3544 3630">
     <span class='ocr_line' id='line_1_92' title="bbox 1968 3556 3544 3630; baseline -0.002 -19"><span class='ocrx_word' id='word_1_614' title='bbox 1968 3557 2196 3619; x_wconf 86' lang='lat' dir='ltr'><strong>rivatas,</strong></span> <span class='ocrx_word' id='word_1_615' title='bbox 2221 3567 2280 3612; x_wconf 86' lang='lat' dir='ltr'><strong>et</strong></span> <span class='ocrx_word' id='word_1_616' title='bbox 2303 3556 2521 3612; x_wconf 86' lang='lat' dir='ltr'><strong>beatam</strong></span> <span class='ocrx_word' id='word_1_617' title='bbox 2544 3556 2710 3611; x_wconf 85' lang='lat' dir='ltr'><strong>vitam</strong></span> <span class='ocrx_word' id='word_1_618' title='bbox 2743 3557 3101 3626; x_wconf 87' lang='lat' dir='ltr'><strong>spondentes,</strong></span> <span class='ocrx_word' id='word_1_619' title='bbox 3129 3556 3402 3624; x_wconf 84' lang='lat' dir='ltr'><strong>integrum</strong></span> <span class='ocrx_word' id='word_1_620' title='bbox 3435 3556 3544 3630; x_wconf 79' lang='lat' dir='ltr'><strong>erit</strong></span> 
     </span>
    </p>
   </div>
   <div class='ocr_carea' id='block_1_93' title="bbox 1968 3646 3544 3714">
    <p class='ocr_par' dir='ltr' id='par_1_93' title="bbox 1968 3646 3544 3714">
     <span class='ocr_line' id='line_1_93' title="bbox 1968 3646 3544 3714; baseline -0.003 -10"><span class='ocrx_word' id='word_1_621' title='bbox 1968 3649 2264 3705; x_wconf 85' lang='lat' dir='ltr'><strong>collocare.</strong></span> <span class='ocrx_word' id='word_1_622' title='bbox 2309 3648 2442 3714; x_wconf 62' lang='lat' dir='ltr'><strong>Quae</strong></span> <span class='ocrx_word' id='word_1_623' title='bbox 2470 3649 2620 3703; x_wconf 87' lang='lat' dir='ltr'><strong>enim</strong></span> <span class='ocrx_word' id='word_1_624' title='bbox 2645 3649 2826 3703; x_wconf 75' lang='lat' dir='ltr'><strong>virtus</strong></span> <span class='ocrx_word' id='word_1_625' title='bbox 2859 3647 3036 3702; x_wconf 88' lang='lat' dir='ltr'><strong>otiosa</strong></span> <span class='ocrx_word' id='word_1_626' title='bbox 3071 3655 3155 3702; x_wconf 91' lang='lat' dir='ltr'><strong>est</strong></span> <span class='ocrx_word' id='word_1_627' title='bbox 3181 3656 3237 3702; x_wconf 92' lang='lat' dir='ltr'><strong>et</strong></span> <span class='ocrx_word' id='word_1_628' title='bbox 3261 3646 3401 3700; x_wconf 90' lang='lat' dir='ltr'><strong>nihil</strong></span> <span class='ocrx_word' id='word_1_629' title='bbox 3447 3646 3544 3700; x_wconf 86' lang='lat' dir='ltr'><strong>ba-</strong></span> 
     </span>
    </p>
   </div>
   <div class='ocr_carea' id='block_1_94' title="bbox 1967 3739 3544 3811">
    <p class='ocr_par' dir='ltr' id='par_1_94' title="bbox 1967 3739 3544 3811">
     <span class='ocr_line' id='line_1_94' title="bbox 1967 3739 3544 3811; baseline -0.001 -14"><span class='ocrx_word' id='word_1_630' title='bbox 1967 3743 2059 3797; x_wconf 89' lang='lat' dir='ltr'><strong>bet</strong></span> <span class='ocrx_word' id='word_1_631' title='bbox 2113 3757 2237 3798; x_wconf 88' lang='lat' dir='ltr'><strong>cum</strong></span> <span class='ocrx_word' id='word_1_632' title='bbox 2295 3756 2406 3810; x_wconf 91' lang='lat' dir='ltr'><strong>quo</strong></span> <span class='ocrx_word' id='word_1_633' title='bbox 2455 3741 2722 3808; x_wconf 91' lang='lat' dir='ltr'><strong>luctetur,</strong></span> <span class='ocrx_word' id='word_1_634' title='bbox 2758 3756 2822 3796; x_wconf 86' lang='lat' dir='ltr'><strong>ea</strong></span> <span class='ocrx_word' id='word_1_635' title='bbox 2875 3739 3116 3810; x_wconf 68' lang='lat' dir='ltr'><strong>praemiis</strong></span> <span class='ocrx_word' id='word_1_636' title='bbox 3152 3739 3456 3811; x_wconf 81' lang='lat' dir='ltr'><strong>magnificis</strong></span> <span class='ocrx_word' id='word_1_637' title='bbox 3487 3752 3544 3795; x_wconf 88' lang='lat' dir='ltr'><strong>et</strong></span> 
     </span>
    </p>
   </div>
   <div class='ocr_carea' id='block_1_95' title="bbox 1967 3831 3543 3901">
    <p class='ocr_par' dir='ltr' id='par_1_95' title="bbox 1967 3831 3543 3901">
     <span class='ocr_line' id='line_1_95' title="bbox 1967 3831 3543 3901; baseline -0.001 -14"><span class='ocrx_word' id='word_1_638' title='bbox 1967 3833 2278 3889; x_wconf 89' lang='lat' dir='ltr'><strong>illustribus</strong></span> <span class='ocrx_word' id='word_1_639' title='bbox 2328 3831 2524 3901; x_wconf 90' lang='lat' dir='ltr'><strong>palmis</strong></span> <span class='ocrx_word' id='word_1_640' title='bbox 2567 3847 2677 3887; x_wconf 87' lang='lat' dir='ltr'><strong>non</strong></span> <span class='ocrx_word' id='word_1_641' title='bbox 2709 3831 2968 3888; x_wconf 87' lang='lat' dir='ltr'><strong>donatur.</strong></span> <span class='ocrx_word' id='word_1_642' title='bbox 3000 3831 3270 3888; x_wconf 85' lang='lat' dir='ltr'><strong>Nimirum</strong></span> <span class='ocrx_word' id='word_1_643' title='bbox 3303 3831 3543 3886; x_wconf 78' lang='lat' dir='ltr'><strong>hominis</strong></span> 
     </span>
    </p>
   </div>
   <div class='ocr_carea' id='block_1_96' title="bbox 1967 3923 3537 3994">
    <p class='ocr_par' dir='ltr' id='par_1_96' title="bbox 1967 3923 3537 3994">
     <span class='ocr_line' id='line_1_96' title="bbox 1967 3923 3537 3994; baseline -0.001 -16"><span class='ocrx_word' id='word_1_644' title='bbox 1967 3923 2410 3993; x_wconf 71' lang='lat' dir='ltr'><strong>intelligentiam,</strong></span> <span class='ocrx_word' id='word_1_645' title='bbox 2442 3933 2498 3978; x_wconf 88' lang='lat' dir='ltr'><strong>et</strong></span> <span class='ocrx_word' id='word_1_646' title='bbox 2544 3925 2787 3980; x_wconf 87' lang='lat' dir='ltr'><strong>animum</strong></span> <span class='ocrx_word' id='word_1_647' title='bbox 2819 3925 2974 3979; x_wconf 90' lang='lat' dir='ltr'><strong>illum</strong></span> <span class='ocrx_word' id='word_1_648' title='bbox 3003 3923 3237 3994; x_wconf 86' lang='lat' dir='ltr'><strong>imperio</strong></span> <span class='ocrx_word' id='word_1_649' title='bbox 3286 3924 3537 3993; x_wconf 85' lang='lat' dir='ltr'><strong>dignum,</strong></span> 
     </span>
    </p>
   </div>
   <div class='ocr_carea' id='block_1_97' title="bbox 1968 4016 3542 4086">
    <p class='ocr_par' dir='ltr' id='par_1_97' title="bbox 1968 4016 3542 4086">
     <span class='ocr_line' id='line_1_97' title="bbox 1968 4016 3542 4086; baseline -0.002 -15"><span class='ocrx_word' id='word_1_650' title='bbox 1968 4033 2068 4072; x_wconf 89' lang='lat' dir='ltr'><strong>nec</strong></span> <span class='ocrx_word' id='word_1_651' title='bbox 2099 4018 2239 4072; x_wconf 82' lang='lat' dir='ltr'><strong>visio</strong></span> <span class='ocrx_word' id='word_1_652' title='bbox 2271 4016 2415 4084; x_wconf 89' lang='lat' dir='ltr'><strong>ulla,</strong></span> <span class='ocrx_word' id='word_1_653' title='bbox 2447 4033 2550 4073; x_wconf 90' lang='lat' dir='ltr'><strong>nec</strong></span> <span class='ocrx_word' id='word_1_654' title='bbox 2581 4017 2806 4072; x_wconf 89' lang='lat' dir='ltr'><strong>vaticini</strong></span> <span class='ocrx_word' id='word_1_655' title='bbox 2853 4016 3118 4086; x_wconf 86' lang='lat' dir='ltr'><strong>tripodes,</strong></span> <span class='ocrx_word' id='word_1_656' title='bbox 3155 4017 3200 4072; x_wconf 89' lang='lat' dir='ltr'><strong>si</strong></span> <span class='ocrx_word' id='word_1_657' title='bbox 3247 4016 3542 4071; x_wconf 68' lang='lat' dir='ltr'><strong>consulam-</strong></span> 
     </span>
    </p>
   </div>
   <div class='ocr_carea' id='block_1_98' title="bbox 1967 4108 3541 4180">
    <p class='ocr_par' dir='ltr' id='par_1_98' title="bbox 1967 4108 3541 4180">
     <span class='ocr_line' id='line_1_98' title="bbox 1967 4108 3541 4180; baseline -0.004 -15"><span class='ocrx_word' id='word_1_658' title='bbox 1967 4119 2079 4176; x_wconf 91' lang='lat' dir='ltr'><strong>tur,</strong></span> <span class='ocrx_word' id='word_1_659' title='bbox 2111 4113 2184 4164; x_wconf 89' lang='lat' dir='ltr'><strong>ita</strong></span> <span class='ocrx_word' id='word_1_660' title='bbox 2217 4110 2438 4180; x_wconf 89' lang='lat' dir='ltr'><strong>populis</strong></span> <span class='ocrx_word' id='word_1_661' title='bbox 2464 4110 2768 4174; x_wconf 89' lang='lat' dir='ltr'><strong>declarant,</strong></span> <span class='ocrx_word' id='word_1_662' title='bbox 2801 4119 2862 4164; x_wconf 86' lang='lat' dir='ltr'><strong>ut</strong></span> <span class='ocrx_word' id='word_1_663' title='bbox 2890 4124 2976 4174; x_wconf 89' lang='lat' dir='ltr'><strong>ea,</strong></span> <span class='ocrx_word' id='word_1_664' title='bbox 2999 4123 3120 4179; x_wconf 74' lang='lat' dir='ltr'><strong>qua:</strong></span> <span class='ocrx_word' id='word_1_665' title='bbox 3142 4108 3195 4163; x_wconf 95' lang='lat' dir='ltr'><strong>in</strong></span> <span class='ocrx_word' id='word_1_666' title='bbox 3237 4124 3339 4164; x_wconf 88' lang='lat' dir='ltr'><strong>usu</strong></span> <span class='ocrx_word' id='word_1_667' title='bbox 3369 4118 3427 4164; x_wconf 89' lang='lat' dir='ltr'><strong>et</strong></span> <span class='ocrx_word' id='word_1_668' title='bbox 3449 4125 3541 4162; x_wconf 69' lang='lat' dir='ltr'><strong>0t:-</strong></span> 
     </span>
    </p>
   </div>
   <div class='ocr_carea' id='block_1_99' title="bbox 1964 4201 3542 4271">
    <p class='ocr_par' dir='ltr' id='par_1_99' title="bbox 1964 4201 3542 4271">
     <span class='ocr_line' id='line_1_99' title="bbox 1964 4201 3542 4271; baseline -0.004 -13"><span class='ocrx_word' id='word_1_669' title='bbox 1964 4201 2284 4258; x_wconf 86' lang='lat' dir='ltr'><strong>casionibus</strong></span> <span class='ocrx_word' id='word_1_670' title='bbox 2308 4203 2516 4268; x_wconf 91' lang='lat' dir='ltr'><strong>elucet,</strong></span> <span class='ocrx_word' id='word_1_671' title='bbox 2539 4201 2813 4256; x_wconf 87' lang='lat' dir='ltr'><strong>dictorum</strong></span> <span class='ocrx_word' id='word_1_672' title='bbox 2847 4202 3227 4271; x_wconf 81' lang='lat' dir='ltr'><strong>factorumque</strong></span> <span class='ocrx_word' id='word_1_673' title='bbox 3251 4201 3542 4271; x_wconf 79' lang='lat' dir='ltr'><strong>experien-</strong></span> 
     </span>
    </p>
   </div>
   <div class='ocr_carea' id='block_1_100' title="bbox 1966 4293 3536 4364">
    <p class='ocr_par' dir='ltr' id='par_1_100' title="bbox 1966 4293 3536 4364">
     <span class='ocr_line' id='line_1_100' title="bbox 1966 4293 3536 4364; baseline -0.001 -14"><span class='ocrx_word' id='word_1_674' title='bbox 1966 4295 2064 4350; x_wconf 88' lang='lat' dir='ltr'><strong>tia.</strong></span> <span class='ocrx_word' id='word_1_675' title='bbox 2115 4295 2196 4350; x_wconf 85' lang='lat' dir='ltr'><strong>Ac</strong></span> <span class='ocrx_word' id='word_1_676' title='bbox 2244 4294 2438 4350; x_wconf 91' lang='lat' dir='ltr'><strong>multis</strong></span> <span class='ocrx_word' id='word_1_677' title='bbox 2469 4293 2692 4363; x_wconf 90' lang='lat' dir='ltr'><strong>quidem</strong></span> <span class='ocrx_word' id='word_1_678' title='bbox 2721 4333 2737 4357; x_wconf 90' lang='lat'><strong>,</strong></span> <span class='ocrx_word' id='word_1_679' title='bbox 2793 4296 2923 4364; x_wconf 88' lang='lat' dir='ltr'><strong>quia</strong></span> <span class='ocrx_word' id='word_1_680' title='bbox 2951 4301 3080 4349; x_wconf 88' lang='lat' dir='ltr'><strong>sunt</strong></span> <span class='ocrx_word' id='word_1_681' title='bbox 3110 4309 3294 4348; x_wconf 91' lang='lat' dir='ltr'><strong>rerum</strong></span> <span class='ocrx_word' id='word_1_682' title='bbox 3339 4293 3536 4356; x_wconf 74' lang='lat' dir='ltr'><strong>rudes,</strong></span> 
     </span>
    </p>
   </div>
   <div class='ocr_carea' id='block_1_101' title="bbox 1965 4385 3537 4459">
    <p class='ocr_par' dir='ltr' id='par_1_101' title="bbox 1965 4385 3537 4459">
     <span class='ocr_line' id='line_1_101' title="bbox 1965 4385 3537 4459; baseline -0.002 -17"><span class='ocrx_word' id='word_1_683' title='bbox 1965 4389 2185 4443; x_wconf 83' lang='lat' dir='ltr'><strong>animus</strong></span> <span class='ocrx_word' id='word_1_684' title='bbox 2215 4387 2516 4459; x_wconf 77' lang='lat' dir='ltr'><strong>imaginum</strong></span> <span class='ocrx_word' id='word_1_685' title='bbox 2549 4387 2748 4458; x_wconf 85' lang='lat' dir='ltr'><strong>plenus</strong></span> <span class='ocrx_word' id='word_1_686' title='bbox 2767 4401 2990 4457; x_wconf 89' lang='lat' dir='ltr'><strong>magnas</strong></span> <span class='ocrx_word' id='word_1_687' title='bbox 3010 4385 3222 4457; x_wconf 80' lang='lat' dir='ltr'><strong>objicit,</strong></span> <span class='ocrx_word' id='word_1_688' title='bbox 3247 4385 3338 4441; x_wconf 92' lang='lat' dir='ltr'><strong>sed</strong></span> <span class='ocrx_word' id='word_1_689' title='bbox 3365 4386 3537 4447; x_wconf 79' lang='lat' dir='ltr'><strong>llrtas.</strong></span> 
     </span>
    </p>
   </div>
   <div class='ocr_carea' id='block_1_102' title="bbox 1966 4477 3537 4549">
    <p class='ocr_par' dir='ltr' id='par_1_102' title="bbox 1966 4477 3537 4549">
     <span class='ocr_line' id='line_1_102' title="bbox 1966 4477 3537 4549; baseline -0.002 -14"><span class='ocrx_word' id='word_1_690' title='bbox 1966 4481 2258 4537; x_wconf 81' lang='lat' dir='ltr'><strong>felicitates</strong></span> <span class='ocrx_word' id='word_1_691' title='bbox 2309 4491 2365 4536; x_wconf 91' lang='lat' dir='ltr'><strong>et</strong></span> <span class='ocrx_word' id='word_1_692' title='bbox 2395 4479 2802 4546; x_wconf 80' lang='lat' dir='ltr'><strong>beatitudines,</strong></span> <span class='ocrx_word' id='word_1_693' title='bbox 2837 4489 2898 4534; x_wconf 89' lang='lat' dir='ltr'><strong>ut</strong></span> <span class='ocrx_word' id='word_1_694' title='bbox 2944 4479 3216 4549; x_wconf 80' lang='lat' dir='ltr'><strong>pictorum</strong></span> <span class='ocrx_word' id='word_1_695' title='bbox 3252 4493 3444 4532; x_wconf 85' lang='lat' dir='ltr'><strong>manus</strong></span> <span class='ocrx_word' id='word_1_696' title='bbox 3473 4477 3537 4532; x_wconf 85' lang='lat' dir='ltr'><strong>ad</strong></span> 
     </span>
    </p>
   </div>
   <div class='ocr_carea' id='block_1_103' title="bbox 1966 4571 3540 4643">
    <p class='ocr_par' dir='ltr' id='par_1_103' title="bbox 1966 4571 3540 4643">
     <span class='ocr_line' id='line_1_103' title="bbox 1966 4571 3540 4643; baseline -0.001 -15"><span class='ocrx_word' id='word_1_697' title='bbox 1966 4575 2183 4628; x_wconf 90' lang='lat' dir='ltr'><strong>libitum</strong></span> <span class='ocrx_word' id='word_1_698' title='bbox 2236 4573 2490 4628; x_wconf 87' lang='lat' dir='ltr'><strong>ludentes</strong></span> <span class='ocrx_word' id='word_1_699' title='bbox 2542 4572 2813 4643; x_wconf 85' lang='lat' dir='ltr'><strong>quidlibet</strong></span> <span class='ocrx_word' id='word_1_700' title='bbox 2861 4571 3146 4627; x_wconf 79' lang='lat' dir='ltr'><strong>coloribus</strong></span> <span class='ocrx_word' id='word_1_701' title='bbox 3198 4573 3540 4641; x_wconf 76' lang='lat' dir='ltr'><strong>exprimunt.</strong></span> 
     </span>
    </p>
   </div>
   <div class='ocr_carea' id='block_1_104' title="bbox 1964 4664 3540 4734">
    <p class='ocr_par' dir='ltr' id='par_1_104' title="bbox 1964 4664 3540 4734">
     <span class='ocr_line' id='line_1_104' title="bbox 1964 4664 3540 4734; baseline -0.003 -13"><span class='ocrx_word' id='word_1_702' title='bbox 1964 4665 2111 4721; x_wconf 89' lang='lat' dir='ltr'><strong>Usus</strong></span> <span class='ocrx_word' id='word_1_703' title='bbox 2136 4675 2319 4720; x_wconf 86' lang='lat' dir='ltr'><strong>autem</strong></span> <span class='ocrx_word' id='word_1_704' title='bbox 2345 4681 2553 4729; x_wconf 89' lang='lat' dir='ltr'><strong>rerum,</strong></span> <span class='ocrx_word' id='word_1_705' title='bbox 2588 4665 2758 4719; x_wconf 88' lang='lat' dir='ltr'><strong>veluti</strong></span> <span class='ocrx_word' id='word_1_706' title='bbox 2791 4664 3052 4734; x_wconf 81' lang='lat' dir='ltr'><strong>magister</strong></span> <span class='ocrx_word' id='word_1_707' title='bbox 3099 4664 3278 4730; x_wconf 77' lang='lat' dir='ltr'><strong>vivus,</strong></span> <span class='ocrx_word' id='word_1_708' title='bbox 3309 4666 3540 4718; x_wconf 90' lang='lat' dir='ltr'><strong>tnultttm</strong></span> 
     </span>
    </p>
   </div>
   <div class='ocr_carea' id='block_1_105' title="bbox 1968 4754 3546 4830">
    <p class='ocr_par' dir='ltr' id='par_1_105' title="bbox 1968 4754 3546 4830">
     <span class='ocr_line' id='line_1_105' title="bbox 1968 4754 3546 4830; baseline -0.001 -19"><span class='ocrx_word' id='word_1_709' title='bbox 1968 4755 2344 4827; x_wconf 66' lang='lat' dir='ltr'><strong>intelligentia:</strong></span> <span class='ocrx_word' id='word_1_710' title='bbox 2380 4756 2660 4819; x_wconf 86' lang='lat' dir='ltr'><strong>infundit,</strong></span> <span class='ocrx_word' id='word_1_711' title='bbox 2683 4764 2739 4810; x_wconf 88' lang='lat' dir='ltr'><strong>et</strong></span> <span class='ocrx_word' id='word_1_712' title='bbox 2771 4757 3022 4830; x_wconf 82' lang='lat' dir='ltr'><strong>homines</strong></span> <span class='ocrx_word' id='word_1_713' title='bbox 3057 4754 3111 4809; x_wconf 90' lang='lat' dir='ltr'><strong>in</strong></span> <span class='ocrx_word' id='word_1_714' title='bbox 3139 4756 3248 4810; x_wconf 87' lang='lat' dir='ltr'><strong>vita</strong></span> <span class='ocrx_word' id='word_1_715' title='bbox 3269 4756 3546 4825; x_wconf 57' lang='lat' dir='ltr'><strong>sapienter</strong></span> 
     </span>
    </p>
   </div>
   <div class='ocr_carea' id='block_1_106' title="bbox 1967 4846 3546 4917">
    <p class='ocr_par' dir='ltr' id='par_1_106' title="bbox 1967 4846 3546 4917">
     <span class='ocr_line' id='line_1_106' title="bbox 1967 4846 3546 4917; baseline -0.002 -15"><span class='ocrx_word' id='word_1_716' title='bbox 1967 4847 2308 4902; x_wconf 86' lang='lat' dir='ltr'><strong>instituenda</strong></span> <span class='ocrx_word' id='word_1_717' title='bbox 2335 4856 2610 4903; x_wconf 85' lang='lat' dir='ltr'><strong>cauttores</strong></span> <span class='ocrx_word' id='word_1_718' title='bbox 2647 4855 2890 4916; x_wconf 71' lang='lat' dir='ltr'><strong>prmstat.</strong></span> <span class='ocrx_word' id='word_1_719' title='bbox 2927 4846 3038 4917; x_wconf 86' lang='lat' dir='ltr'><strong>Ego</strong></span> <span class='ocrx_word' id='word_1_720' title='bbox 3060 4863 3194 4901; x_wconf 91' lang='lat' dir='ltr'><strong>vero</strong></span> <span class='ocrx_word' id='word_1_721' title='bbox 3227 4849 3396 4902; x_wconf 87' lang='lat' dir='ltr'><strong>nostri</strong></span> <span class='ocrx_word' id='word_1_722' title='bbox 3445 4850 3546 4901; x_wconf 84' lang='lat' dir='ltr'><strong>im-</strong></span> 
     </span>
    </p>
   </div>
   <div class='ocr_carea' id='block_1_107' title="bbox 1966 4921 3544 5010">
    <p class='ocr_par' dir='ltr' id='par_1_107' title="bbox 1966 4921 3544 5010">
     <span class='ocr_line' id='line_1_107' title="bbox 1966 4921 3544 5010; baseline -0.001 -15"><span class='ocrx_word' id='word_1_723' title='bbox 1966 4940 2105 5010; x_wconf 84' lang='lat' dir='ltr'><strong>perii</strong></span> <span class='ocrx_word' id='word_1_724' title='bbox 2156 4950 2468 5009; x_wconf 56' lang='lat' dir='ltr'><strong>nostra’qtte</strong></span> <span class='ocrx_word' id='word_1_725' title='bbox 2521 4940 2747 4994; x_wconf 88' lang='lat' dir='ltr'><strong>ditionis</strong></span> <span class='ocrx_word' id='word_1_726' title='bbox 2794 4955 3012 4995; x_wconf 89' lang='lat' dir='ltr'><strong>murum</strong></span> <span class='ocrx_word' id='word_1_727' title='bbox 3055 4921 3212 5010; x_wconf 75' lang='lat' dir='ltr'><strong>quasi</strong></span> <span class='ocrx_word' id='word_1_728' title='bbox 3252 4941 3544 5009; x_wconf 77' lang='lat' dir='ltr'><strong>quemdam</strong></span> 
     </span>
    </p>
   </div>
   <div class='ocr_carea' id='block_1_108' title="bbox 1966 5029 3546 5099">
    <p class='ocr_par' dir='ltr' id='par_1_108' title="bbox 1966 5029 3546 5099">
     <span class='ocr_line' id='line_1_108' title="bbox 1966 5029 3546 5099; baseline 0.001 -15"><span class='ocrx_word' id='word_1_729' title='bbox 1966 5039 2149 5084; x_wconf 84' lang='lat' dir='ltr'><strong>statuo</strong></span> <span class='ocrx_word' id='word_1_730' title='bbox 2171 5039 2243 5094; x_wconf 89' lang='lat' dir='ltr'><strong>te,</strong></span> <span class='ocrx_word' id='word_1_731' title='bbox 2281 5040 2341 5084; x_wconf 90' lang='lat' dir='ltr'><strong>ut</strong></span> <span class='ocrx_word' id='word_1_732' title='bbox 2368 5031 2564 5099; x_wconf 85' lang='lat' dir='ltr'><strong>possis,</strong></span> <span class='ocrx_word' id='word_1_733' title='bbox 2605 5031 2758 5098; x_wconf 83' lang='lat' dir='ltr'><strong>rupis</strong></span> <span class='ocrx_word' id='word_1_734' title='bbox 2779 5030 2953 5083; x_wconf 85' lang='lat' dir='ltr'><strong>instar</strong></span> <span class='ocrx_word' id='word_1_735' title='bbox 2985 5029 3325 5084; x_wconf 89' lang='lat' dir='ltr'><strong>constitutus</strong></span> <span class='ocrx_word' id='word_1_736' title='bbox 3347 5031 3546 5085; x_wconf 79' lang='lat' dir='ltr'><strong>adver-</strong></span> 
     </span>
    </p>
   </div>
   <div class='ocr_carea' id='block_1_109' title="bbox 1968 5119 3546 5190">
    <p class='ocr_par' dir='ltr' id='par_1_109' title="bbox 1968 5119 3546 5190">
     <span class='ocr_line' id='line_1_109' title="bbox 1968 5119 3546 5190; baseline 0.001 -16"><span class='ocrx_word' id='word_1_737' title='bbox 1968 5136 2062 5175; x_wconf 89' lang='lat' dir='ltr'><strong>sus</strong></span> <span class='ocrx_word' id='word_1_738' title='bbox 2096 5119 2296 5175; x_wconf 79' lang='lat' dir='ltr'><strong>ﬂuctus</strong></span> <span class='ocrx_word' id='word_1_739' title='bbox 2343 5136 2411 5188; x_wconf 53' lang='lat' dir='ltr'><strong>ea</strong></span> <span class='ocrx_word' id='word_1_740' title='bbox 2441 5119 2700 5174; x_wconf 84' lang='lat' dir='ltr'><strong>Triballis</strong></span> <span class='ocrx_word' id='word_1_741' title='bbox 2741 5129 3000 5189; x_wconf 84' lang='lat' dir='ltr'><strong>tanquam</strong></span> <span class='ocrx_word' id='word_1_742' title='bbox 3041 5139 3112 5176; x_wconf 77' lang='lat' dir='ltr'><strong>ex</strong></span> <span class='ocrx_word' id='word_1_743' title='bbox 3167 5125 3389 5177; x_wconf 85' lang='lat' dir='ltr'><strong>immani</strong></span> <span class='ocrx_word' id='word_1_744' title='bbox 3422 5138 3546 5190; x_wconf 86' lang='lat' dir='ltr'><strong>pro-</strong></span> 
     </span>
    </p>
   </div>
   <div class='ocr_carea' id='block_1_110' title="bbox 1972 5198 3544 5281">
    <p class='ocr_par' dir='ltr' id='par_1_110' title="bbox 1972 5198 3544 5281">
     <span class='ocr_line' id='line_1_110' title="bbox 1972 5198 3544 5281; baseline -0.001 -17"><span class='ocrx_word' id='word_1_745' title='bbox 1972 5198 2144 5266; x_wconf 74' lang='lat' dir='ltr'><strong>fundo</strong></span> <span class='ocrx_word' id='word_1_746' title='bbox 2173 5211 2635 5274; x_wconf 63' lang='lat' dir='ltr'><strong>effervescentes,</strong></span> <span class='ocrx_word' id='word_1_747' title='bbox 2660 5211 2757 5264; x_wconf 84' lang='lat' dir='ltr'><strong>tibi</strong></span> <span class='ocrx_word' id='word_1_748' title='bbox 2797 5211 3022 5280; x_wconf 83' lang='lat' dir='ltr'><strong>quidem</strong></span> <span class='ocrx_word' id='word_1_749' title='bbox 3052 5221 3384 5281; x_wconf 63' lang='lat' dir='ltr'><strong>tropaeorum</strong></span> <span class='ocrx_word' id='word_1_750' title='bbox 3424 5210 3544 5264; x_wconf 87' lang='lat' dir='ltr'><strong>illu-</strong></span> 
     </span>
    </p>
   </div>
   <div class='ocr_carea' id='block_1_111' title="bbox 1972 5302 3546 5371">
    <p class='ocr_par' dir='ltr' id='par_1_111' title="bbox 1972 5302 3546 5371">
     <span class='ocr_line' id='line_1_111' title="bbox 1972 5302 3546 5371; baseline -0.004 -12"><span class='ocrx_word' id='word_1_751' title='bbox 1972 5304 2170 5359; x_wconf 76' lang='lat' dir='ltr'><strong>atrium</strong></span> <span class='ocrx_word' id='word_1_752' title='bbox 2209 5305 2553 5359; x_wconf 89' lang='lat' dir='ltr'><strong>occasionem</strong></span> <span class='ocrx_word' id='word_1_753' title='bbox 2603 5313 2843 5371; x_wconf 85' lang='lat' dir='ltr'><strong>paratam</strong></span> <span class='ocrx_word' id='word_1_754' title='bbox 2897 5302 3126 5368; x_wconf 88' lang='lat' dir='ltr'><strong>habere,</strong></span> <span class='ocrx_word' id='word_1_755' title='bbox 3167 5302 3326 5356; x_wconf 89' lang='lat' dir='ltr'><strong>nobis</strong></span> <span class='ocrx_word' id='word_1_756' title='bbox 3363 5312 3546 5354; x_wconf 84' lang='lat' dir='ltr'><strong>autem</strong></span> 
     </span>
    </p>
   </div>
   <div class='ocr_carea' id='block_1_112' title="bbox 279 5394 1862 5470">
    <p class='ocr_par' dir='ltr' id='par_1_112' title="bbox 279 5395 1862 5470">
     <span class='ocr_line' id='line_1_112' title="bbox 279 5395 1862 5470; baseline -0.003 -16"><span class='ocrx_word' id='word_1_757' title='bbox 279 5395 394 5454; x_wconf 76' lang='grc' dir='ltr'>οἷον</span> <span class='ocrx_word' id='word_1_758' title='bbox 426 5401 483 5467; x_wconf 82' lang='grc' dir='ltr'><strong>ὲξ</strong></span> <span class='ocrx_word' id='word_1_759' title='bbox 535 5399 767 5470; x_wconf 85' lang='grc' dir='ltr'>ἀχανοῦς</span> <span class='ocrx_word' id='word_1_760' title='bbox 816 5399 1090 5466; x_wconf 80' lang='grc' dir='ltr'>πελάγους</span> <span class='ocrx_word' id='word_1_761' title='bbox 1158 5397 1266 5448; x_wconf 88' lang='grc' dir='ltr'><strong>τῶν</strong></span> <span class='ocrx_word' id='word_1_762' title='bbox 1297 5396 1615 5466; x_wconf 82' lang='grc' dir='ltr'>Τριϐαλλῶν</span> <span class='ocrx_word' id='word_1_763' title='bbox 1674 5415 1862 5465; x_wconf 85' lang='grc' dir='ltr'>τρικυ-</span> 
     </span>
    </p>
   </div>
   <div class='ocr_carea' id='block_1_113' title="bbox 1964 5394 3543 5470">
    <p class='ocr_par' dir='ltr' id='par_1_113' title="bbox 1973 5394 3543 5466">
     <span class='ocr_line' id='line_1_113' title="bbox 1973 5394 3543 5466; baseline -0.004 -16"><span class='ocrx_word' id='word_1_764' title='bbox 1973 5397 2326 5452; x_wconf 88' lang='lat' dir='ltr'><strong>securitatem</strong></span> <span class='ocrx_word' id='word_1_765' title='bbox 2358 5405 2638 5466; x_wconf 71' lang='lat' dir='ltr'><strong>praestare.</strong></span> <span class='ocrx_word' id='word_1_766' title='bbox 2669 5395 2807 5451; x_wconf 90' lang='lat' dir='ltr'><strong>llinc</strong></span> <span class='ocrx_word' id='word_1_767' title='bbox 2834 5394 2926 5449; x_wconf 82' lang='lat' dir='ltr'><strong>ﬁet</strong></span> <span class='ocrx_word' id='word_1_768' title='bbox 2952 5396 3007 5450; x_wconf 91' lang='lat' dir='ltr'><strong>in</strong></span> <span class='ocrx_word' id='word_1_769' title='bbox 3037 5395 3250 5466; x_wconf 89' lang='lat' dir='ltr'><strong>primis,</strong></span> <span class='ocrx_word' id='word_1_770' title='bbox 3274 5402 3543 5463; x_wconf 81' lang='lat' dir='ltr'><strong>uttnagna</strong></span> 
     </span>
    </p>
   </div>
   <div class='ocr_carea' id='block_1_114' title="bbox 283 5488 1110 5562">
    <p class='ocr_par' dir='ltr' id='par_1_114' title="bbox 283 5488 1110 5562">
     <span class='ocr_line' id='line_1_114' title="bbox 283 5488 1110 5562; baseline -0.005 -18"><span class='ocrx_word' id='word_1_771' title='bbox 283 5491 419 5562; x_wconf 78' lang='grc' dir='ltr'>μίας</span> <span class='ocrx_word' id='word_1_772' title='bbox 449 5490 658 5561; x_wconf 86' lang='grc' dir='ltr'>σεαυτῷ</span> <span class='ocrx_word' id='word_1_773' title='bbox 699 5491 798 5562; x_wconf 84' lang='grc' dir='ltr'>μὲν</span> <span class='ocrx_word' id='word_1_774' title='bbox 852 5488 1110 5559; x_wconf 78' lang='grc' dir='ltr'>ἀφορμὰς</span> 
     </span>
    </p>
   </div>
   <div class='ocr_carea' id='block_1_115' title="bbox 1185 5487 1862 5560">
    <p class='ocr_par' dir='ltr' id='par_1_115' title="bbox 1185 5489 1862 5560">
     <span class='ocr_line' id='line_1_115' title="bbox 1185 5489 1862 5560; baseline 0.004 -19"><span class='ocrx_word' id='word_1_775' title='bbox 1185 5489 1454 5560; x_wconf 84' lang='grc' dir='ltr'>λαμπρῶν</span> <span class='ocrx_word' id='word_1_776' title='bbox 1509 5489 1712 5543; x_wconf 81' lang='grc' dir='ltr'>διδόναι</span> <span class='ocrx_word' id='word_1_777' title='bbox 1751 5508 1862 5560; x_wconf 87' lang='grc' dir='ltr'>τρο-</span> 
     </span>
    </p>
   </div>
   <div class='ocr_carea' id='block_1_116' title="bbox 1964 5487 3539 5560">
    <p class='ocr_par' dir='ltr' id='par_1_116' title="bbox 1977 5487 3539 5560">
     <span class='ocr_line' id='line_1_116' title="bbox 1977 5487 3539 5560; baseline -0.004 -17"><span class='ocrx_word' id='word_1_778' title='bbox 1977 5489 2076 5544; x_wconf 86' lang='lat' dir='ltr'><strong>tibi</strong></span> <span class='ocrx_word' id='word_1_779' title='bbox 2134 5489 2204 5543; x_wconf 88' lang='lat' dir='ltr'><strong>ab</strong></span> <span class='ocrx_word' id='word_1_780' title='bbox 2236 5489 2382 5543; x_wconf 89' lang='lat' dir='ltr'><strong>omni</strong></span> <span class='ocrx_word' id='word_1_781' title='bbox 2440 5488 2815 5543; x_wconf 80' lang='lat' dir='ltr'><strong>Romanorum</strong></span> <span class='ocrx_word' id='word_1_782' title='bbox 2871 5503 3072 5560; x_wconf 87' lang='lat' dir='ltr'><strong>genere</strong></span> <span class='ocrx_word' id='word_1_783' title='bbox 3125 5487 3347 5540; x_wconf 81' lang='lat' dir='ltr'><strong>laudum</strong></span> <span class='ocrx_word' id='word_1_784' title='bbox 3391 5501 3539 5553; x_wconf 69' lang='lat' dir='ltr'><strong>seges</strong></span> 
     </span>
    </p>
   </div>
   <div class='ocr_carea' id='block_1_117' title="bbox 1632 5633 2200 5696">
    <p class='ocr_par' dir='ltr' id='par_1_117' title="bbox 1632 5633 2200 5696">
     <span class='ocr_line' id='line_1_117' title="bbox 1632 5633 2200 5696; baseline 0.005 -3"><span class='ocrx_word' id='word_1_785' title='bbox 1632 5633 1975 5696; x_wconf 79' lang='lat' dir='ltr'><strong>Variorum</strong></span> <span class='ocrx_word' id='word_1_786' title='bbox 2013 5642 2200 5696; x_wconf 71' lang='lat' dir='ltr'><strong>notua.</strong></span> 
     </span>
    </p>
   </div>
   <div class='ocr_carea' id='block_1_118' title="bbox 355 5759 1862 5847">
    <p class='ocr_par' dir='ltr' id='par_1_118' title="bbox 355 5769 1844 5847">
     <span class='ocr_line' id='line_1_118' title="bbox 355 5769 1844 5847; baseline -0.003 -17"><span class='ocrx_word' id='word_1_787' title='bbox 355 5775 468 5847; x_wconf 81' lang='lat'><strong>(8|)</strong></span> <span class='ocrx_word' id='word_1_788' title='bbox 512 5773 634 5847; x_wconf 82' lang='grc' dir='ltr'>Τῶν</span> <span class='ocrx_word' id='word_1_789' title='bbox 665 5771 808 5847; x_wconf 53' lang='grc' dir='ltr'>κατὰ</span> <span class='ocrx_word' id='word_1_790' title='bbox 845 5770 1178 5844; x_wconf 77' lang='grc' dir='ltr'>Χαλκιδικὴν</span> <span class='ocrx_word' id='word_1_791' title='bbox 1223 5771 1429 5826; x_wconf 79' lang='grc' dir='ltr'>πόλεων</span> <span class='ocrx_word' id='word_1_792' title='bbox 1459 5769 1844 5842; x_wconf 66' lang='grc' dir='ltr'>ρι’ωΐθοιιιτωη</span> 
     </span>
    </p>
   </div>
   <div class='ocr_carea' id='block_1_119' title="bbox 1964 5759 3540 5847">
    <p class='ocr_par' dir='ltr' id='par_1_119' title="bbox 1964 5759 3540 5832">
     <span class='ocr_line' id='line_1_119' title="bbox 1964 5759 3540 5832; baseline 0.002 -6"><span class='ocrx_word' id='word_1_793' title='bbox 1964 5778 2068 5828; x_wconf 87' lang='lat' dir='ltr'><strong>tam</strong></span> <span class='ocrx_word' id='word_1_794' title='bbox 2103 5759 2358 5830; x_wconf 53' lang='lat' dir='ltr'><strong>Matth&#39;aso</strong></span> <span class='ocrx_word' id='word_1_795' title='bbox 2425 5771 2535 5830; x_wconf 86' lang='lat' dir='ltr'><strong>filio</strong></span> <span class='ocrx_word' id='word_1_796' title='bbox 2595 5773 2804 5832; x_wconf 89' lang='lat' dir='ltr'><strong>indicat</strong></span> <span class='ocrx_word' id='word_1_797' title='bbox 2860 5774 3276 5832; x_wconf 84' lang='lat' dir='ltr'><strong>Cantacuzcnus</strong></span> <span class='ocrx_word' id='word_1_798' title='bbox 3314 5772 3413 5829; x_wconf 89' lang='lat' dir='ltr'><strong>lib.</strong></span> <span class='ocrx_word' id='word_1_799' title='bbox 3467 5789 3540 5829; x_wconf 78' lang='grc' dir='ltr'>ιν·</span> 
     </span>
    </p>
   </div>
   <div class='ocr_carea' id='block_1_120' title="bbox 277 5836 792 5918">
    <p class='ocr_par' dir='ltr' id='par_1_120' title="bbox 277 5836 792 5918">
     <span class='ocr_line' id='line_1_120' title="bbox 277 5836 792 5918; baseline -0.016 -14"><span class='ocrx_word' id='word_1_800' title='bbox 277 5836 407 5918; x_wconf 74' lang='lat' dir='ltr'><strong>cap.</strong></span> <span class='ocrx_word' id='word_1_801' title='bbox 434 5836 518 5901; x_wconf 72' lang='lat' dir='ltr'><strong>l0.</strong></span> <span class='ocrx_word' id='word_1_802' title='bbox 550 5836 792 5899; x_wconf 66' lang='lat' dir='ltr'><strong>Ducasé.</strong></span> 
     </span>
    </p>
   </div>
   <div class='ocr_carea' id='block_1_121' title="bbox 532 5935 1284 5999">
    <p class='ocr_par' dir='ltr' id='par_1_121' title="bbox 532 5935 1284 5999">
     <span class='ocr_line' id='line_1_121' title="bbox 532 5935 1284 5999; baseline 0 -1"><span class='ocrx_word' id='word_1_803' title='bbox 532 5938 808 5998; x_wconf 71' lang='grc' dir='ltr'>Ριιτιιοι..</span> <span class='ocrx_word' id='word_1_804' title='bbox 841 5937 958 5999; x_wconf 74' lang='lat' dir='ltr'><strong>Gtt.</strong></span> <span class='ocrx_word' id='word_1_805' title='bbox 995 5935 1284 5998; x_wconf 72' lang='lat' dir='ltr'><strong>CXLVljll</strong></span> 
     </span>
    </p>
   </div>
   <div class='ocr_carea' id='block_1_122' title="bbox 3048 5937 3122 5999">
    <p class='ocr_par' dir='ltr' id='par_1_122' title="bbox 3048 5937 3122 5999">
     <span class='ocr_line' id='line_1_122' title="bbox 3048 5937 3122 5999; baseline -0.014 0"><span class='ocrx_word' id='word_1_806' title='bbox 3048 5937 3122 5999; x_wconf 68' lang='lat' dir='ltr'><strong>3h</strong></span> 
     </span>
    </p>
   </div>
  </div>
