4064 6460
627 364 760 427 Ῑοῦῖ

910 359 987 437 [Α.
1019 377 1076 416 Il.
1111 360 1271 428 58236,
1300 377 1407 417 IND.
1456 360 1508 435 l]

1835 367 2255 428 NtCEPitont
2296 342 2682 431 essemus

3004 365 3138 438 (inp.
3169 383 3212 424 ι.
3249 382 3526 426 cauncuz.
3565 366 3612 444 l]
3705 377 3803 444 1063

625 478 922 540 tribuatur,
966 492 1259 533 commune
1299 478 1468 548 816
1499 477 1631 533 illud
1675 477 1729 533 in
1778 493 1975 532 omnes
2039 478 2193 533 bene-

2313 480 2514 543 παίων,
2570 485 2683 545 τοῖς
2739 482 2784 534 δ’
2824 484 3119 556 ἡμετέροις
3172 484 3465 552 ἀσφάλειαν
3529 487 3806 559 πράγμασιν.

627 570 810 623 licium
885 569 1216 625 confcrenti.
1276 570 1493 625 Etenim
1550 586 1736 625 rerum
1786 586 1814 624 a
1850 571 1943 640 pri
1987 569 2206 640 cipibus

621 678 900 738 gestarum
933 667 1107 738 gloria
1138 668 1206 722 ab
1237 668 1437 722 animis
1471 666 1821 722 subditorum
1849 682 2008 721 suum
2043 680 2205 721 omne

621 762 860 827 pretium
918 775 1109 814 revera
1154 760 1410 814 sortitur.
1442 758 1651 827 Nempe
1693 758 1748 812 bi
1782 797 1797 824 ,
1850 756 2092 826 quandiu
2122 758 2206 826 ip-

622 854 698 907 sis
727 852 867 907 bene
903 861 989 907 est
1018 892 1032 915 .
1072 852 1290 906 divinos
1348 851 1691 921 principibus
1729 849 1970 906 honores
2001 850 2206 919 imper-

620 946 712 999 tiri
742 946 945 1000 solent.
995 944 1096 1001 Ubi
1131 954 1315 998 autem
1349 944 1491 999 male
1526 960 1641 997 rem
1672 952 1889 1014 gerunt,
1926 941 2205 998 contraria

621 1054 848 1107 prorsus
901 1038 1089 1093 facere
1142 1036 1289 1091 haud
1361 1048 1662 1101 verentur,
1730 1036 1925 1106 quavis
1974 1036 2206 1090 fortuna:

619 1132 925 1186 mulatione
971 1146 1068 1185 eos
1119 1130 1375 1184 facillime
1430 1137 1700 1184 mutante.
1752 1128 1887 1183 Illud
1934 1143 2064 1182 vero
2094 1144 2202 1182 non

622 1224 858 1291 ignoro,
900 1220 1059 1289 queri
1113 1234 1274 1289 posse
1302 1228 1353 1273 te
1384 1217 1451 1272 de
1492 1218 1676 1281 nobis,
1708 1217 1802 1286 qui
1847 1215 1899 1271 id
1936 1215 2206 1288 gratiﬁce-

623 1328 771 1376 mur,
795 1311 940 1380 quod
976 1311 1205 1365 minime
1234 1319 1450 1378 gratum
1470 1324 1594 1364 esse
1621 1308 1837 1371 debeat,
1869 1317 1926 1363 et
1954 1309 2205 1379 volupta-

618 1407 688 1460 tis
720 1405 988 1476 guttnlam
1037 1405 1232 1459 dantes
1265 1419 1633 1457 aerumnarum
1679 1402 1853 1457 maria
1904 1404 1962 1456 in
2009 1410 2058 1456 te
2092 1409 2202 1457 tota

615 1499 983 1552 cll‘undamus.
1019 1496 1303 1565 Siquidem
1357 1511 1420 1551 ea
1478 1512 1578 1566 per
1611 1510 1710 1550 nos
1757 1495 1875 1549 loca
1912 1494 2204 1549 habiturus

617 1607 699 1654 es,
737 1606 859 1660 qua:
886 1588 1102 1643 flamma
1137 1586 1360 1641 hostilis
1383 1586 1634 1656 quotidie
1668 1585 2056 1656 depopulatur,
2082 1600 2207 1655 quas

617 1683 712 1734 diu
743 1692 798 1734 et
845 1692 1011 1734 noctu
1042 1678 1423 1749 grassantibus
1453 1676 1709 1732 barbaris
1740 1692 1847 1732 non
1881 1676 2065 1732 minus
2111 1692 2204 1747 pa-

620 1778 758 1833 tent,
788 1787 951 1841 quam
986 1780 1188 1824 nostra:
1217 1769 1492 1840 regiones.
1516 1768 1663 1835 Quas
1680 1768 1828 1823 enim
1865 1776 2040 1823 terras
2072 1783 2201 1837 per-

2323 570 2415 636 Ἒξ
2446 565 2520 626 ὧν
2550 574 2836 643 περιέσται
2901 591 2985 627 σοι
3037 574 3274 667 μάλιστα
3326 577 3419 630 καὶ¹
3464 577 3490 628 ό
3536 577 3680 642 πολὺς
3727 582 3807 635 τῶν

2309 664 2551 718 ἐπαίνων
2590 668 2754 735 ἐσμὸς
2788 668 2851 720 ὲκ
2877 666 2972 720 τοῦ
3010 664 3193 721 κοινοῦ
3220 669 3328 722 τῶν
3370 669 3627 739 Ῥωμαίων
3646 674 3807 739 γένους,

2308 756 2488 808 κοινὸν
2518 759 2631 820 τοῖς
2682 757 2827 821 ὅλοις
2873 757 3224 829 χαριζομένῳ
3290 760 3434 813 τουτὶ
3473 761 3701 828 τάγαθόν.
3745 760 3810 830 Τῷ

2308 846 2423 900 δντι
2462 848 2572 918 γὰρ
2602 849 2636 918 ἡ
2684 849 2795 903 τῶν
2849 852 3197 920 ἡγεμονικῶν
3226 852 3731 922 εὐγένειαπράξεων
3770 855 3811 907 ἐν

2308 941 2373 1009 τῇ
2406 939 2666 1008 ὑπηκόων
2698 940 2893 1013 γνώμῃ
2924 942 2985 995 τὸ
3015 944 3196 1013 τίμιον
3228 943 3365 1013 ἔχει.
3400 944 3468 997 Εὖ
3493 944 3592 1014 γὰρ
3628 946 3811 1014 πάσχον-

2307 1048 2395 1095 τες
2436 1031 2678 1097 ἰσοθέους
2729 1034 2933 1087 διδόασί
2978 1044 3131 1103 σφισι
3161 1024 3347 1105 τιμάςο
3407 1033 3812 1105 κακοπραγοῦντες

2307 1121 2363 1175 δὲ
2388 1123 2524 1193 δρᾷν
2554 1123 2653 1177 οὐκ
2680 1123 2900 1177 ὀκνοῦσι
2934 1127 3044 1178 πᾶν
3070 1124 3401 1187 τούναντίον,
3450 1126 3561 1183 ταῖς
3602 1126 3812 1177 παντοδα-

2308 1218 2439 1277 παῖς
2480 1214 2577 1269 τοῧ
2613 1216 2731 1286 βίου
2773 1216 2966 1287 τύχαις
2993 1219 3169 1287 ῥᾷστα
3237 1217 3694 1288 συναλλοιούμενοι.
3732 1218 3815 1271 Οὐκ

2306 1310 2490 1378 ἀγνοῶ
2546 1311 2590 1365 δ’
2616 1306 2815 1380 ἔγωγε,
2848 1311 2924 1375 ὡς
2957 1311 3214 1378 ἐγκαλεῖν
3266 1310 3327 1364 τὸ
3353 1313 3453 1381 τῆς
3473 1312 3672 1380 χάριτος
3705 1308 3814 1380 ἔχεις

2305 1402 2437 1471 ἡμῖν
2470 1401 2659 1472 ἄχαρι.
2691 1402 2788 1455 καὶ
2811 1400 2888 1464 ὡς
2914 1399 3231 1469 σταλαγμόν
3283 1416 3367 1454 σοι
3397 1398 3700 1471 παρέχοντες
3747 1399 3816 1450 εὐ.

2306 1494 2583 1566 φροσύνης
2647 1494 2747 1548 ὅλα
2813 1510 2895 1547 σοι
2946 1491 3160 1563 πελάγη
3234 1491 3525 1563 συμφορῶν
3582 1488 3817 1543 ἐπαντλοῦ-

2309 1605 2432 1658 μεν.
2478 1585 2699 1639 Ἐκεῖνα
2724 1585 2830 1656 γάρ
2861 1601 2945 1638 σοι
2970 1584 3286 1654 παρέχομεν
3308 1581 3453 1652 ἔχειν
3488 1582 3669 1652 χωρία,
3689 1580 3815 1632 ὁπόσα

2303 1674 2567 1744 διηνεκῶς
2590 1675 2650 1727 τὸ
2678 1674 2937 1744 πολέμιον
2966 1673 3321 1726 ἐπιδόσκεται
3353 1672 3484 1743 πῦρ,
3521 1674 3607 1725 καὶ
3644 1671 3726 1723 ὅσα
3744 1670 3815 1738 οὐχ

2304 1764 2466 1839 ἦττον
2486 1767 2597 1820 τῶν
2632 1766 2750 1837 μεθ’
2776 1766 2993 1837 ἡμέραν
3041 1766 3136 1819 καὶ
3166 1764 3382 1834 νύκτωρ
3412 1763 3664 1834 δῃούντων
3706 1761 3816 1814 ἐστὶν

615 1862 871 1916 vadendo
904 1861 1079 1917 invias
1126 1876 1190 1915 ac
1225 1860 1473 1915 desertas
1509 1859 1691 1915 facere
1727 1860 1868 1915 haud
1918 1859 2193 1925 desinunt,

2303 1827 2494 1918 ἐθνῶν,
2561 1856 2594 1927 ἢ
2723 1827 2989 1926 ἡμετέρα.
3055 1856 3123 1908 "A
3175 1853 3285 1923 γὰρ
3328 1827 3414 1907 ἀεὶ
3452 1827 3817 1922 κατατρέχοντες

617 1973 647 2010 a
690 1957 824 2008 mari
853 1954 1114 2024 quidem,
1146 1953 1387 2020 piratica:
1430 1969 1495 2008 ex
1533 1953 1659 2007 Asia
1694 1952 1981 2006 Persarum
2004 1951 2198 2021 cupiat,

619 2066 647 2101 a
710 2059 852 2104 terra
912 2058 1096 2101 autem
1151 2054 1356 2116 aperta:
1410 2044 1877 2114 clandestina‘que
1929 2044 2199 2098 Triballo-

616 2157 736 2193 rum
790 2138 1137 2193 incursiones
1187 2148 1244 2192 et
1276 2136 1462 2191 infesti
1494 2138 1794 2198 exercitus.
1827 2153 1920 2194 eas
1955 2154 2054 2191 nos
2099 2138 2198 2192 tibi

615 2231 981 2303 possidendas
1010 2231 1376 2299 assignaittus,
1407 2246 1547 2300 quas
1592 2240 1863 2285 a-ternum
1917 2241 2196 2285 certamen

611 2334 666 2376 et
724 2322 1032 2392 periculum
1111 2322 1316 2391 capiti.
1369 2323 1527 2392 quasi
1597 2323 1924 2378 Tantalcum
1974 2323 2197 2393 aliquod

611 2432 827 2481 saxum,
869 2415 1199 2485 impendens
1233 2415 1414 2469 verius
1441 2415 1646 2470 dixeris
1667 2457 1679 2477 ,
1713 2432 1876 2485 quant
1906 2417 2199 2486 provideo.

612 2510 684 2565 tis
716 2509 881 2563 animi
939 2508 1289 2562 beneficium.
1342 2507 1410 2561 Et
1474 2518 1637 2562 erunt
1683 2507 1910 2576 quidem
1971 2508 2221 2567 omnino'

608 2606 769 2688 insta:
810 2600 1284 2671 expostulationes
1338 2608 1480 2660 tuac.
1521 2599 1566 2653 si
1600 2599 1705 2653 ista
1752 2599 1915 2654 nobis
1955 2600 2198 2668 ohjicerc

614 2695 879 2759 volucris,
918 2691 1127 2746 mederi
1178 2698 1361 2745 autent
1391 2706 1499 2743 non
1538 2689 1831 2744 admodum
1856 2690 2026 2744 facile
2068 2691 2194 2745 erit.

614 2788 729 2843 Nec
757 2786 902 2839 enim
944 2783 1147 2849 nobis;
1194 2782 1446 2852 quamvis
1490 2781 1842 2852 cupientibus
1881 2792 1935 2836 et
1964 2784 2195 2836 multtttn

613 2862 892 2940 sollicitis,
930 2874 1079 2928 aliud
1116 2882 1365 2943 paratum
1415 2872 1558 2938 erit,
1606 2871 1752 2940 quod
1789 2871 1844 2927 in
1882 2872 2065 2949 locum
2096 2887 2196 2954 e9-

610 2985 757 3035 rnm,
795 2983 918 3038 quae
942 2967 1068 3021 data
1097 2963 1326 3026 fuerint,
1355 2964 1778 3019 substituamus.
1804 2964 1970 3018 Vides
1994 2963 2196 3034 quippe

610 3063 667 3116 in
697 3077 941 3116 summas
973 3059 1254 3130 angustias
1273 3059 1572 3113 adductum
1602 3074 1723 3115 esse
1751 3058 2058 3114 Romanum
2095 3060 2196 3114 lm-

2302 1949 2501 2019 ἀτρισῆ
2533 1966 2656 2002 τινα
2691 1950 3025 2020 πράττουσιν
3058 1948 3298 2019 ἐρημίαν
3365 1948 3429 2001 ὲκ
3464 1947 3558 2016 μὲν
3601 1945 3816 2015 θαλάττης

2299 2044 2355 2094 αἱ
2386 2020 2678 2112 λῃστρδιαλ⁵
2707 2039 2815 2093 τῶν
2838 2039 2899 2104 ἐξ
2922 2034 3128 2104 ’Ἄσίας
3155 2038 3416 2109 δυνάμεις
3453 2038 3679 2109 Περσῶν,
3718 2031 3818 2089 ἔπιδ’

2307 2132 2526 2203 ήπείρου
2556 2132 2665 2186 τῶν
2700 2131 3043 2202 Τριϐαλλῶν
3099 2133 3157 2186 αἱ
3204 2132 3435 2203 φανεραὶ
3470 2131 3562 2186 καὶ
3582 2129 3820 2184 λανθάνου-

2299 2242 2388 2278 σαι
2414 2225 2557 2278 κατὰ
2586 2225 2647 2278 τὸ
2701 2225 2924 2296 συνεχὲς
2964 2226 3232 2298 ἐκδρομαὶ
3298 2227 3395 2279 καὶ
3448 2225 3819 2296 στρατοπεδεῖαι,

2298 2315 2472 2370 ταῦτά
2501 2332 2584 2367 σοι
2615 2314 2817 2386 κλῆρον
2841 2315 3253 2386 παρεσχηκέναι
3305 2311 3531 2381 γέγονεν
3583 2310 3819 2382 ἡγεμονίας

2298 2408 2464 2476 ἡμᾶς,
2507 2408 2789 2460 ἄπαυστον
2840 2408 3021 2477 μάχην
3056 2407 3256 2477 μᾶλλον
3287 2409 3458 2462 εἰπεῖν
3505 2408 3593 2461 καὶ
3629 2405 3819 2458 κίνδυνον

2301 2500 2440 2571 ὑπὲρ
2467 2499 2714 2569 κεφαλῆς
2740 2497 3135 2570 αἰωρούμενον,
3181 2499 3348 2553 οἱονεί
3396 2516 3514 2555 τινα
3546 2498 3677 2552 λίθον
3710 2497 3818 2549 Tat-

2302 2595 2534 2655 τάλειον,
2554 2593 2588 2663 ἢ
2611 2591 2872 2663 διανομὴν
2896 2592 3177 2665 προμηθῆ.
3202 2590 3545 2665 [Ρ.5141Καὶ
3570 2590 3728 2645 δίκαια
3744 2585 3816 2659 μιν

2302 2688 2525 2775 ποῖ’ντως
2562 2686 2713 2740 ἔσται
2754 2703 2837 2739 σοι
2874 2688 2944 2740 τὰ
2966 2686 3263 2757 λεγόμενα,
3289 2686 3360 2758 ἦν
3389 2687 3556 2740 ταῦτα
3583 2684 3821 2753 προνέρειν

2297 2773 2487 2853 ἐθέλῃς
2513 2780 2665 2851 ἡμῖν,
2714 2779 2774 2832 οὐ
2816 2778 2964 2849 μάλα
3031 2795 3093 2846 γε
3131 2778 3238 2850 μὴν
3289 2779 3502 2851 ίάσιμα.
3568 2776 3686 2831 (ιὺδὶ
3722 2773 3816 2842 γὰρ,

2298 2875 2501 2944 καίπερ
2536 2871 2783 2927 ἐθέλουσι
2804 2872 2901 2926 καὶ
2946 2870 3120 2925 πολλὰ
3148 2872 3557 2943 σκεπτομένοις,
3594 2870 3708 2941 ἡμῖν
3744 2881 3821 2917 πα-

2300 2967 2488 3041 ρέσται
2542 2967 2710 3037 μέρος
2738 2982 2820 3019 σοι
2848 2966 2988 3036 πλὴν
3015 2965 3111 3020 τοῦ
3134 2965 3385 3029 δοθέντος
3411 2965 3592 3036 ἕτερον
3610 2958 3817 3017 ἀντιδιδό-

2297 3078 2408 3115 ναι,
2458 3059 2626 3130 ὐρᾷς
2654 3058 2764 3129 γάρ
2799 3058 2874 3120 ὡς
2904 3058 2985 3122 είς
3036 3058 3220 3111 στενὸν
3249 3058 3451 3129 κομιδῆ
3491 3057 3556 3111 τά
3591 3051 3820 3122 Ῥωμαίων

609 3154 849 3225 perium,
880 3162 936 3208 et
965 3151 1168 3206 inviam
1201 3166 1340 3221 pene
1373 3166 1439 3206 ac
1478 3150 1649 3206 feram
1678 3151 1837 3207 nobis
1883 3152 1983 3221 pro
2011 3151 2193 3206 omni-

2288 3153 2571 3229 “ἐλήλαται⁴
2590 3152 2912 3220 πράγματα,
2939 3151 3031 3204 καὶ
3071 3150 3271 3214 ἄδατός
3314 3164 3402 3213 τις
3434 3147 3620 3220 μικροῦ
3650 3146 3727 3200 καὶ
3751 3143 3821 3209 θη-

614 3249 721 3302 bus
772 3254 959 3314 patere
995 3243 1173 3299 solam
1221 3242 1474 3297 Thracia:
1518 3243 1836 3313 regionem,
1884 3242 2050 3297 urbes
2093 3259 2192 3296 au-

613 3352 745 3411 tem,
769 3339 934 3410 817
965 3353 1085 3407 quae
1126 3334 1345 3406 generis
1381 3334 1612 3389 Romani
1665 3332 1927 3403 reliquias
1969 3349 2205 3393 conser—_

610 3442 763 3498 vent,
799 3429 1158 3502 paucissimas
1188 3414 1570 3488 circumsta're,
1606 3423 1890 3488 suburbiis
1923 3434 1979 3479 et
2021 3425 2189 3493 ipsas,

608 3526 1007 3595 vestibulisQue
1039 3523 1104 3577 ad
1143 3521 1362 3576 urbium
1398 3528 1654 3573 ornatum
1684 3518 1985 3588 requisitis,
2016 3517 2192 3572 desti-

610 3630 787 3685 tutas;
818 3616 1132 3688 longinquis
1157 3624 1421 3685 praeterea
1453 3611 1679 3677 finibus,
1705 3620 1761 3664 et
1790 3610 1958 3665 vastis
1992 3609 2188 3664 solitu-

610 3713 832 3768 dinibus
862 3710 1187 3781 interjectis,
1215 3722 1245 3762 a
1281 3721 1340 3762 se
1388 3704 1626 3759 invicem
1668 3703 1963 3771 distantes;
1997 3688 2191 3773 quales

605 3806 990 3878 patentissimo
1030 3803 1086 3855 in
1132 3815 1327 3869 campo
1370 3796 1930 3866 numerosissimaque
1965 3796 2188 3867 stipula,

605 3907 732 3969 post
785 3908 1023 3950 messem
1070 3899 1127 3946 et
1178 3891 1399 3952 falcem,
1451 3904 1652 3959 sparsae
1709 3898 1765 3944 et
1816 3889 2191 3944 numerabiles

606 3991 790 4061 spicis.
816 3987 1023 4044 Omitto
1058 3983 1372 4039 intestinam
1409 3983 1750 4054 tragoediam,
1779 3997 1945 4053 quam
1983 3981 2185 4037 civium

606 4083 713 4137 sibi
760 4080 996 4134 invicem
1053 4074 1377 4131 infestorum
1422 4074 1695 4131 discordia
1741 4074 2029 4138 exhibuit;
2080 4089 2189 4143 qua

604 4185 809 4232 lat-tum
844 4181 953 4234 est.
993 4179 1052 4224 ιιι
1086 4169 1458 4229 habitatorum
1496 4169 1679 4239 potius
1713 4166 2006 4222 simulacra
2040 4182 2190 4221 nunc

588 4276 771 4337 quam
806 4263 1143 4319 habitatores
1172 4276 1293 4316 esse
1333 4260 1649 4315 videantur.
1682 4258 1835 4313 Adeo
1865 4274 1956 4313 res
1985 4268 2190 4313 nostrae

605 4362 664 4413 iu
694 4338 952 4428 praesenti
982 4354 1197 4409 aﬂlictae
1226 4362 1389 4416 sunt;
1423 4352 1560 4406 adeo
1590 4350 1783 4405 civiles
1812 4349 1888 4403 illi
1916 4358 1972 4405 et
1998 4339 2190 4419 impla-

2295 3245 2496 3319 ριὼδης
2524 3246 2658 3317 ἡμῖν
2716 3245 2839 3298 ἀντὶ
2870 3245 3088 3299 πάντων
3145 3245 3180 3315 ἡ
3212 3244 3311 3315 τῆς
3367 3243 3585 3316 Θρᾴκης
3621 3239 3820 3311 ἡπλωται

2297 3338 2433 3409 μόνη
2460 3338 2557 3409 γῆο
2606 3338 2790 3403 πόλεις
2813 3338 2858 3392 δ’
2887 3338 3068 3405 ὀλίγαι
3091 3338 3226 3407 περὶ
3263 3336 3440 3409 αὐτὴν
3460 3336 3638 3405 γένους
3664 3327 3820 3387 διαδῶ.

2292 3430 2449 3496 ζουσι
2497 3430 2729 3500 λείψανα
2788 3429 2941 3501 μόλις
2984 3427 3324 3501 Ῥωμαϊκοῦ,
3373 3428 3500 3500 δίχα
3529 3422 3819 3497 προαστείων

2291 3525 2389 3578 καὶ
2410 3515 2572 3577 αὗται
2595 3522 2690 3575 καὶ
2713 3521 2823 3575 τῶν
2855 3521 3220 3591 ὀφειλομένων
3257 3510 3549 3590 προθύρων
3573 3518 3648 3581 είς
3701 3515 3825 3568 εὐκο-

2292 3612 2459 3680 σμίαν
2487 3611 2794 3681 πολιτικὴν,
2822 3610 2921 3666 καὶ
2945 3611 3165 3681 πρόςιγε
3187 3615 3421 3683 μακροῖς
3447 3627 3583 3665 τισιν
3607 3609 3733 3681 ὅροις
3755 3610 3827 3660 και

2288 3700 2657 3770 διαστήμασιν
2690 3699 2967 3769 ἀοικήτοις
3022 3698 3267 3769 ἀλλήλων
3290 3699 3642 3771 διεστηκυῖαι·
3693 3691 3826 3749 καθά-

2294 3809 2400 3863 περ
2435 3798 2494 3845 ἐν
2543 3790 2741 3862 μακρῷ
2771 3791 2941 3861 πεδίῳ
2968 3794 3063 3843 καὶ
3090 3790 3421 3863 παμπληθεῖ
3469 3790 3676 3861 καλάμῃ
3716 3782 3825 3857 μετά

2292 3882 2450 3954 θέρος
2480 3884 2576 3937 καὶ⁹
2601 3882 2868 3953 δρέπανον
2898 3882 3160 3950 σποράδες
3191 3881 3309 3953 ἅμα
3366 3885 3462 3936 καὶ
3513 3881 3824 3954 εὐαρίθμητοι

2292 3979 2547 4049 στάχυες.
2582 3976 2687 4031 Ἐῶ
2710 3975 2819 4047 γὰρ
2843 3974 2940 4047 τὴν
2956 3976 3064 4029 τῶν
3099 3975 3246 4029 ἔνδον
3266 3975 3521 4047 ἀριθμεῖν
3549 3970 3826 4046 τραγῳδίαν.

2293 4069 2575 4141 ἢν“ἡνκατ’
2630 4067 2881 4139 ἀλλήλων
2916 4066 3186 4138 πολύχους
3225 4069 3503 4140 ἐπήνεγκε
3560 4067 3745 4128 στάσις
3770 4063 3825 4123 ὼς

2290 4161 2531 4226 εἰδώλοις
2551 4160 2614 4231 γέ
2638 4170 2782 4215 τισιν
2816 4162 3053 4217 ἐοικέναι
3073 4163 3273 4232 μᾶλλον
3295 4163 3613 4235 οἰκητόρων,
3642 4163 3671 4231 ἢ
3708 4158 3828 4225 aitdi-

2266 4271 2500 4321 -τορσιν.
2526 4252 2682 4307 Οὕτω
2700 4251 2977 4323 δυστυχῶς
3002 4253 3119 4324 ἔχει
3136 4254 3206 4306 τά
3239 4254 3366 4309 καθ’
3401 4233 3546 4327 ἡμᾶς
3572 4253 3826 4325 πράγματα

2292 4344 2410 4409 νῦν,
2442 4344 2540 4398 καὶ
2571 4342 2743 4406 οὕτως
2773 4345 2806 4415 ἡ
2835 4345 2944 4398 τῶν
2982 4345 3130 4414 ἐμῶν
3158 4345 3401 4401 διωκτῶν
3460 4345 3706 4416 ἐμφύλιος
3756 4336 3830 4391 καὶ

605 4451 814 4505 οδωιεε
858 4447 1151 4510 tumultus,
1200 4445 1268 4499 ab
1313 4443 1553 4497 inimicis
1603 4443 1742 4496 meis
1790 4440 2033 4507 excitati,
2080 4457 2189 4496 non

2292 4433 2794 4505 δυσπαραμύθητος
2865 4434 3055 4499 στάσις
3104 4436 3164 4488 ού
3231 4434 3395 4506 μόνον
3455 4437 3702 4505 μεγίστας
3742 4431 3826 4489 τοῖς

610 4543 788 4595 solum
820 4540 1113 4594 maximam
1148 4539 1236 4603 iis,
1268 4536 1363 4606 qui
1396 4533 1690 4603 nequiores
1716 4541 1893 4592 erant,
1928 4542 2191 4603 Opportu-

2295 4526 2648 4597 φαυλοτέροις
2687 4527 2963 4597 παρέσχεν
3008 4527 3188 4598 ἀρχὰς
3236 4529 3314 4590 είς
3370 4528 3588 4598 ἐθισμὸν
3643 4521 3827 4586 ἀταξίας

607 4637 833 4689 nitatem
861 4632 1153 4698 dederunt,
1181 4640 1242 4683 ut
1271 4626 1505 4681 licentia:
1524 4634 1578 4680 et
1612 4624 1971 4679 contumaciae
1999 4640 2189 4680 assue-

2295 4620 2433 4690 όμοῦ
2459 4619 2552 4674 καὶ
2572 4620 2936 4691 τραχύτητος,
2970 4620 3109 4673 ἀλλά
3131 4621 3275 4674 πάνυ
3300 4637 3383 4673 τοι
3408 4621 3612 4690 σφόδρα
3651 4617 3737 4670 καὶ
3755 4618 3827 4675 τὴν

607 4733 844 4791 scereut,
876 4722 974 4778 sed
1009 4730 1065 4775 et
1090 4729 1443 4775 externorum
1480 4715 1535 4768 in
1581 4729 1684 4768 nos
1721 4713 1961 4769 hostium
1991 4726 2186 4786 poten-

2294 4713 2402 4767 τῶν
2429 4711 2742 4782 ἀλλοφύλων
2776 4712 2989 4783 ἐχθρῶν
3042 4712 3165 4766 καθ’
3191 4712 3347 4783 ἡμῶν
3380 4712 3657 4784 ἐπέρρωσε
3700 4704 3826 4759 δύνα-

607 4820 735 4871 tiam
784 4816 947 4885 plane
984 4802 1407 4867 confirmarunt.
1453 4804 1739 4862 Undenam
1794 4806 2025 4881 scilicet,
2077 4808 2183 4864 nisi

2297 4823 2412 4875 μιν.
2433 4807 2504 4858 Ἦ
2533 4805 2698 4885 πόθεν
2727 4804 2953 4860 ἄλλοθεν
2999 4806 3175 4874 μέγας
3224 4803 3346 4857 καθ’
3370 4807 3408 4875 ,ἡ
3419 4804 3535 4872 μῶν
3581 4805 3608 4855 ὁ
3634 4794 3826 4868 Τριϐαλ-

603 4910 754 4974 inde,
783 4879 1065 4961 'l‘riballus
1108 4903 1165 4956 in
1200 4915 1302 4955 nos
1335 4908 1518 4955 tantus
1565 4900 1865 4968 crevisset;
1901 4901 1993 4971 qui
2031 4900 2183 4956 ﬂuvii

2293 4899 2381 4962 λὸς
2404 4879 2668 4968 ἐγεγόῆτιυ
2726 4899 2785 4961 ὃς
2832 4898 3085 4968 καθάπερ
3143 4898 3386 4968 ποταμὸς
3437 4894 3822 4967 πλημμυρήσαςν

604 5005 776 5055 instar
791 4995 1099 5058 cmudans,
1119 5003 1175 5047 et
1194 4992 1394 5047 limites
1415 5008 1543 5047 suos
1561 4991 1723 5063 longe
1744 5004 2181 5064 pratergressus,

601 5092 792 5149 cliusis
822 5088 1083 5145 fluctibus
1114 5095 1327 5156 partem
1359 5085 1573 5155 imperii
1608 5086 1839 5141 Romani
1868 5085 1979 5155 jam
2018 5085 2180 5140 inun-

600 5186 773 5249 davit,
804 5190 1018 5251 partem
1047 5178 1442 5235 iuundaturuut
1477 5192 1535 5233 se
1560 5177 1883 5231 minitatur?
1905 5177 2179 5231 Nimirum

602 5276 719 5338 ille,
749 5276 915 5343 longo
949 5280 1108 5326 terrae
1143 5272 1431 5328 intervallo
1465 5286 1493 5324 a
1528 5270 1691 5324 nobis
1716 5267 1948 5335 divisus,
1978 5283 2047 5322 eo
2076 5283 2178 5321 au-

601 5369 772 5424 daciae
804 5365 1095 5437 processit,
1121 5381 1215 5420 eas
1239 5365 1382 5441 vires
1413 5363 1655 5435 collegit,
1682 5372 1740 5441 ut
1769 5373 1991 5419 nostros
2018 5379 2178 5435 agros

599 5461 753 5516 illius
799 5458 1075 5514 exercitus
1122 5440 1387 5527 perpetuo
1426 5456 1711 5510 incursent
1754 5463 1811 5510 et
1861 5454 2062 5510 subitis
2098 5456 2176 5509 ir-

599 5550 954 5623 ruptionibus
980 5558 1196 5606 vastant
1219 5550 1478 5619 impune;
1505 5547 1738 5602 telorum
1765 5555 1950 5602 autem
1975 5545 2177 5602 strido-

598 5659 717 5699 rem
744 5644 810 5698 ad
846 5650 1065 5699 nostras
1111 5658 1274 5699 aures
1303 5643 1461 5698 facile
1502 5642 1764 5711 perferat,
1799 5639 1945 5694 nulla
1977 5638 2084 5693 alia
2115 5655 2175 5693 re

597 5735 797 5790 fortem
823 5749 881 5790 se
902 5734 957 5789 in
982 5735 1246 5792 vincendo
1272 5734 1560 5797 exhibens,
1585 5731 1689 5786 nisi
1716 5731 1861 5799 quod
1885 5745 1947 5784 ex
1974 5730 2172 5785 Roma-

598 5838 794 5879 norum
816 5826 1213 5885 calamitatibus
1235 5825 1530 5883 consilium
1555 5822 1697 5891 capit
1730 5829 1785 5876 et
1813 5821 1975 5876 vires.
1997 5823 2172 5888 Quem

1420 5946 1448 5961 δ

2291 4993 2388 5044 καὶ
2415 4993 2644 5060 μακροῖς
2669 4990 3000 5061 διαστήμασι
3028 4991 3153 5054 τοὺς
3179 4987 3660 5058 οίκείους⁸ὑπερ6ἀς
3676 4986 3822 5055 ὄρους,

2287 5082 2359 5136 τὰ
2391 5082 2491 5153 μὲν
2515 5082 2613 5152 τῆς
2652 5082 2942 5152 Ῥωμαίων
3002 5083 3301 5153 ἡγεμονίας
3346 5070 3821 5153 παμπληθέσινὴδη

2291 5175 2493 5247 ῥοθίοις
2518 5173 2842 5239 κατέκλυσε,
2867 5173 2935 5227 τὰ
2960 5174 3003 5227 δ’
3030 5176 3246 5229 ἀπειλεῖ
3268 5173 3618 5229 κατακλύσειν
3639 5186 3654 5236 ;
3682 5170 3823 5221 Δυσα-

2291 5265 2580 5336 ριθμὴτοις
2610 5264 2720 5334 γὰρ
2749 5265 3085 5336 διαστήμασι
3146 5266 3247 5335 γῆς
3293 5264 3452 5338 ἡμῶν
3499 5261 3821 5333 ἀφιστάμενος

2286 5357 2554 5437 τοσαύτην
2581 5359 2773 5428 εἴληφε
2827 5356 3034 5428 τόλμαν
3067 5358 3163 5412 καὶ
3199 5356 3449 5427 δύναμιν,
3496 5359 3569 5420 ὡς
3613 5353 3699 5408 καὶ
3742 5348 3820 5416 τὴν
3864 5405 3869 5411 .
3952 5370 3953 5433 Ῑ

2286 5451 2564 5523 ἡμετέραν
2589 5450 2689 5521 ήδη
2723 5452 2963 5522 συνεχῶς
2994 5452 3352 5523 κατατρέχειν
3372 5450 3444 5503 τὰ
3476 5453 3655 5504 τούτου
3680 5458 3818 5513 στρα·

2283 5543 2507 5610 τόπεδα,
2537 5544 2631 5597 καὶ
2663 5543 2890 5615 μηδενὸς
2920 5543 3222 5607 κωλύοντος
3260 5544 3319 5611 ἐξ
3343 5543 3526 5613 ἐφόδου
3552 5535 3817 5611 ληῖζεσίὶαιν

2284 5640 2381 5690 καὶ
2412 5635 2506 5688 τὸν
2553 5635 2664 5690 τῶν
2713 5634 3105 5706 ἐπιδορατίδων
3143 5633 3317 5705 ψόφον
3373 5635 3431 5696 ἐς
3460 5637 3553 5695 τὰς
3582 5629 3816 5701 ἡμετέρας

2283 5727 2430 5799 ἔχειν
2452 5730 2591 5794 τ’έωῖ
2638 5728 2811 5792 ἀκοὰς
2868 5725 3282 5799 παραπέμπειν
3336 5728 3430 5793 καὶ
3471 5725 3629 5781 ταῦτα
3678 5717 3815 5791 μηδὲν

2286 5822 2511 5894 μηδαμῆ
2570 5839 2625 5876 τι
2654 5821 2821 5877 πλέον
2868 5822 3253 5892 γενναιότητος
3281 5824 3574 5891 ’γνώρισμα
3614 5813 3729 5884 πρός
3761 5819 3815 5876 γι
