4064 6510
300 531 432 599 1073
647 529 724 603 [Α.
764 546 815 587 c.
864 529 1022 605 1547]

1279 510 1730 599 BYZANTINIE
1764 534 2154 599 HISTORIA!
2190 535 2340 599 LlB.
2377 535 2536 600 XVI.

3406 520 3543 588 1074

2630 528 2765 601 [ηιμ.
2805 544 2850 581 ι.
2893 540 3189 581 can'ncuz.
3236 523 3295 597 1]

298 659 388 709 καὶ
415 654 576 709 τοῦτό
630 673 722 725 μοι
768 655 876 709 τῶν
922 654 1267 725 μοχθούντων
1300 655 1580 726 λογισμῶν
1615 655 1865 724 ἐγίγνετο

1990 667 2135 723 luam
2169 650 2462 707 contraria;
2494 632 2748 705 factionis
2798 645 3091 702 Telchines
3140 641 3547 712 improbissime

299 744 586 814 κατάλυμα
625 743 877 814 τερπνὸν,
920 739 1037 798 καῖ
1063 743 1364 816 φροντίδων
1407 743 1739 799 όλισθαίνειν
1783 745 1866 807 εἰς

299 835 604 903 ἀπόγνωσιν
666 834 1089 889 κινδυνευουσῶν
1145 835 1320 906 πρᾶός
1375 852 1463 897 ,τις
1515 836 1612 889 καὶ
1674 834 1868 904 γέμων

299 923 633 995 εὐφροσύνης
689 924 965 995 ζέφυρος⁸
1021 925 1273 996 οἰομένῳ,
1337 924 1592 998 καθάπερ
1645 925 1707 979 τὸ
1764 923 1866 998 ἔαρ

300 1016 615 1088 ἐλευθερίαν
671 1018 784 1071 τῶν
836 1021 1135 1090 χειμερίων
1197 1018 1378 1086 νεφῶν
1430 1020 1553 1081 ταῖς
1613 1017 1868 1089 ἡλιακαῖς

299 1107 480 1161 ἀκτῖσι
536 1105 875 1176 παρέχεται,
932 1106 1107 1170 οὕτως
1166 1108 1484 1179 ἐλευθερίαν
1541 1109 1641 1177 τῆς
1706 1122 1871 1160 κατε-

300 1194 498 1267 χούσης
539 1196 681 1268 ὑπὲρ
720 1197 834 1250 τῶν
878 1197 1038 1250 θείων
1066 1198 1356 1268 δογμάτων
1387 1198 1567 1268 λύπης
1612 1199 1870 1268 εὑρήσειν

299 1282 461 1352 κάμέ.
1857 1298 1870 1310 .

366 1378 438 1432 Δ’.
487 1376 640 1429 Ἐπεὶ
667 1377 714 1430 δ’
741 1377 818 1441 ὡς
844 1379 1189 1452 πορρωτάτω
1216 1379 1320 1451 τῆς
1362 1381 1507 1452 ἐμῆς
1536 1380 1638 1453 ἤδη
1667 1382 1874 1451 ἀπόδηο

303 1470 400 1540 μον
452 1468 680 1540 γνώμης
743 1469 929 1541 ἑώρων
968 1472 1151 1538 αὐτὸν,
1203 1473 1298 1527 καὶ
1352 1471 1415 1529 τὸ
1468 1474 1579 1527 τῶν
1629 1473 1872 1543 εὐγενῶν

301 1558 523 1611 ἐκείνων
555 1558 789 1613 ἐλπίδων
835 1558 1035 1614 ἀνθοῦν
1086 1561 1413 1632 ἐνδιαίτημα
1464 1561 1873 1633 μαραινόμενόν

300 1662 359 1699 τε
387 1646 480 1700 καὶ
524 1649 591 1718 τῇ
634 1648 738 1718 τῆς
768 1648 1022 1713 ἐναντίας
1050 1650 1249 1721 μοίρας
1284 1651 1458 1722 κακίᾳ
1500 1650 1872 1722 παραχωροῦν

300 1753 358 1790 τε
383 1737 478 1791 καὶ
508 1738 764 1805 καθάπαξ
801 1739 1141 1811 ἡττώμενον,
1180 1741 1458 1812 βέλτιστον
1488 1741 1702 1810 ἐνδοξεν
1730 1740 1874 1799 εἰναι

304 1846 415 1900 μοι,
444 1829 545 1895 τὰς
594 1832 704 1885 τῶν
753 1833 1040 1906 ζητήσεων
1087 1833 1259 1899 ἄλλας
1309 1834 1493 1902 ἄλλοις
1543 1853 1876 1907 παρακεχω-

230 1918 239 1928 ’
303 1922 491 1994 ρηκότι
547 1926 902 1997 περιφανῶς,
953 1927 1151 1983 ὁπόσαι
1214 1928 1317 2000 τὴν
1381 1928 1493 1984 τῶν
1558 1929 1874 1997 ἀναγκαίων

302 1990 545 2087 πορίζειν
586 1990 804 2090 ἕξουσιν
848 2019 1081 2086 ἔνδειαν,
1123 2020 1217 2074 ἐπὶ
1270 1990 1332 2075 τὸ
1388 1990 1689 2092 προμηθὲς-
1707 2022 1875 2092 ὁμόσε
1910 1990 1954 2046 8

303 2109 399 2176 τῆς
418 2109 512 2164 τοῦ
539 2110 696 2180 φίλου
718 2111 1097 2183 κεχωρηκέναι
1128 2111 1329 2183 ψυχῆς.
1368 2113 1715 2187 Στρατόπεδα
1743 2114 1875 2183 γὰρ,

302 2199 374 2264 ὡς
401 2203 597 2267 εἰπεῖν,
632 2197 912 2270 λογισμῶν
939 2204 1301 2259 παντοδαπῶν
1335 2206 1427 2259 καὶ
1456 2204 1743 2279 ποικίλων,
1779 2205 1874 2276 ὐφ’

303 2290 530 2358 ἡγεμόνι
558 2291 636 2363 τῷ
664 2292 814 2364 ζήλῳ
861 2292 956 2348 τοῦ
991 2294 1304 2366 κρείττονος
1336 2297 1398 2348 ἐν
1441 2297 1566 2364 ἐμοὶ
1608 2296 1877 2368 διηνεκῶς

305 2383 773 2453 συγκροτούμενα,
819 2385 1052 2440 θανάτου
1099 2389 1380 2458 γέμουσαν
1430 2382 1595 2447 εῖναι.
1631 2389 1730 2459 τὴν
1793 2391 1881 2442 iw-

301 2473 492 2527 ταυθοῖ
554 2475 771 2547 σιωπὴν
827 2475 1183 2544 ὑπετίθεντο,
1250 2480 1506 2549 σώματος
1579 2481 1682 2551 μὲν
1747 2479 1879 2544 ἴσως

301 2563 524 2637 ἣκιστα,
549 2565 728 2638 ψυχῆς
758 2584 823 2638 γε
857 2569 965 2640 μὴν
1002 2570 1098 2624 καὶ
1129 2570 1275 2639 μάλα
1306 2571 1568 2639 μάλιστα.
1595 2571 1745 2643 Μηδὲ
1772 2575 1880 2640 γὰρ

303 2660 602 2728 ἀφεστάναι
627 2660 851 2729 δειλίας,
877 2662 1161 2732 αἰσχίστου
1180 2708 1186 2717 .
1208 2664 1544 2735 νοσήματος,
1570 2665 1631 2719 τὸ
1662 2664 1754 2719 τὸν
1783 2664 1878 2718 τοῦ

305 2749 470 2819 ζήλου
512 2749 791 2822 θησαυρὸν
842 2752 1062 2823 ἀφωνία
1115 2754 1308 2825 μακρᾷ
1354 2752 1703 2825 θαλαμεύειν,
1752 2754 1881 2824 μηδ’

304 2835 373 2896 αὖ
401 2842 619 2912 ἀγνοεῖν
667 2844 841 2912 ἡμᾶς,
877 2842 964 2916 [Ρ.
997 2842 1130 2917 518]
1177 2846 1270 2899 τὸν
1309 2845 1369 2899 ἰν
1417 2848 1496 2916 τῷ
1545 2845 1645 2917 τῆς
1676 2845 1883 2913 δειλίας

290 2922 485 3006 κσκότῳ
532 2934 912 3007 κρυπτόμενον
953 2937 1121 2992 πόθον
1147 2938 1259 2993 τῶν
1303 2937 1532 3008 ἀγαθῶν
1564 2940 1766 3011 ἥκιστα
1793 2940 1884 2995 δύ-

1973 740 2330 797 ventilabaut.
2373 740 2615 809 Eratque
2665 737 2800 792 illud
2845 735 2976 790 mihi
3023 734 3327 789 laborantis
3375 732 3581 788 animi.

1970 842 2186 904 gratum
2217 832 2373 905 quasi
2414 830 2803 892 diversorium,
2833 843 3202 896 curarumque
3233 826 3300 881 ad
3344 826 3557 896 despc-~

1971 914 2244 981 rationem
2272 923 2616 994 vergentium
2648 922 2918 987 solamen,
2946 919 3185 990 zephyro
3229 917 3337 972 leni
3379 928 3431 972 et
3458 918 3549 986 ju-

1971 1017 2154 1072 cundo
2198 1014 2347 1071 haud
2392 1014 2664 1069 absimile.
2701 1010 2967 1067 Putabam
3014 1011 3247 1073 scilicet,
3280 1009 3551 1078 quemad-

1972 1106 2196 1162 modum
2231 1122 2329 1162 ver
2379 1104 2625 1160 hibernis
2655 1101 2900 1157 nubibus
2939 1100 3138 1156 liberat
3167 1100 3302 1156 solis
3345 1100 3548 1161 radios,

1973 1199 1992 1255 ἰ
2022 1214 2052 1254 a
2085 1206 2144 1253 et
2169 1213 2259 1254 me
2291 1196 2582 1252 liberatum
2613 1194 2677 1248 iri
2703 1208 2771 1249 eo
2797 1206 3055 1258 ιιιωτοτθ,
3073 1206 3236 1263 quem
3258 1207 3357 1262 pro
3377 1190 3552 1245 sacris

1974 1289 2249 1361 dogmatis
2274 1288 2666 1357 suscepissem.

2044 1380 2137 1437 ιν.
2177 1382 2472 1451 Postquam
2502 1388 2685 1435 autem
2715 1376 3078 1434 animadverti
3109 1375 3550 1430 Cantacuzenum

1972 1471 2293 1543 longissime
2323 1470 2392 1526 ab
2423 1469 2695 1526 sententia
2724 1485 2842 1523 mea
2872 1468 3155 1531 recedere,
3179 1475 3236 1521 et
3262 1465 3555 1535 praeclaras

1974 1567 2099 1624 illas
2119 1556 2269 1638 spes,
2293 1580 2417 1637 quae
2454 1564 2587 1620 mihi
2622 1564 2818 1628 florum
2860 1564 3035 1618 instar
3062 1578 3184 1618 sese
3216 1561 3554 1617 obtulerant.

1976 1674 2340 1723 marcescere,
2375 1672 2441 1712 ac
2488 1656 2664 1728 partis
2715 1656 2964 1712 adversa:
3012 1655 3340 1725 malignitati
3386 1652 3556 1708 semel

1976 1749 2205 1808 omnino
2247 1749 2424 1806 victas
2461 1746 2689 1814 cedere;
2747 1747 3017 1816 optimum
3060 1760 3185 1801 esse
3239 1744 3368 1800 duxi
3423 1743 3559 1798 alias

1977 1841 2272 1914 petitiones
2315 1839 2440 1896 aliis
2483 1839 2648 1911 plane
2680 1838 3018 1909 relinquere,
3051 1852 3146 1893 eas
3192 1852 3392 1904 nempe
3434 1851 3558 1906 qua:

1979 1933 2047 1988 ad
2102 1930 2533 2002 comparandam
2595 1944 2783 1986 rerum
2846 1930 3287 1985 necessariarum
3338 1927 3558 1996 copiam

1982 2022 2341 2093 pertinerent,
2372 2023 2429 2077 in
2460 2037 2583 2077 eam
2625 2030 2810 2077 autem
2850 2036 3042 2078 curam
3092 2018 3416 2076 incumbere
3447 2033 3555 2082 me,

1977 2131 2101 2186 quae
2134 2113 2300 2171 amici
2339 2113 2540 2170 animas
2567 2113 2903 2172 consuleret.
2949 2112 3323 2185 Cogitationes
3353 2112 3561 2182 quippe

1978 2207 2315 2278 multiplices
2355 2216 2414 2262 et
2434 2206 2604 2262 variae
2636 2205 2692 2260 in
2733 2205 2919 2263 animo
2951 2220 3097 2271 meo,
3130 2205 3283 2261 velut
3312 2204 3560 2274 legiones

1978 2299 2250 2372 quaedam,
2276 2298 2662 2355 laudabilioris
2687 2297 2792 2353 zeli
2819 2296 3563 2368 auspiciiszglomerabantur

1979 2402 2272 2466 perpetuo,
2309 2403 2475 2462 atque
2510 2391 2617 2447 hoc
2644 2391 2767 2446 loco
2797 2388 3100 2457 silentium,
3129 2389 3174 2444 si
3205 2390 3388 2445 minus
3417 2388 3562 2444 forte

1980 2485 2238 2555 corpori,
2287 2485 2488 2540 anima:
2536 2493 2690 2538 certe
2753 2481 3098 2537 mortiferum
3152 2495 3379 2550 prorsus
3436 2495 3562 2535 esse

1981 2575 2391 2632 submonebant
2430 2592 2445 2629 :
2485 2587 2588 2629 nec
2630 2573 2777 2628 enim
2813 2572 3021 2627 distare
3067 2571 3136 2626 ab
3183 2571 3418 2642 ignavia,
3460 2570 3560 2640 qui

1982 2669 2214 2724 morbus
2241 2667 2594 2738 turpissimus
2619 2675 2727 2730 est,
2760 2664 2871 2720 alto
2895 2663 3117 2720 silentio
3152 2663 3427 2733 sepultum
3455 2662 3562 2718 zeli

1985 2760 2338 2823 thesaurum;
2389 2770 2568 2826 neque
2616 2756 2782 2811 etiam
2828 2753 2994 2824 822
3038 2747 3421 2818 nescire'nos,
3456 2767 3568 2807 non

1984 2866 2150 2923 posse
2174 2866 2419 2907 amorem
2449 2849 2599 2914 boni,
2627 2848 2673 2903 si
2709 2846 3026 2903 timiditatis
3056 2846 3111 2900 in
3153 2844 3399 2901 tenebris
3425 2844 3566 2899 deli-

1985 2951 2244 3008 tesceret,
2272 2941 2505 2997 sincera:
2537 2939 2664 2995 fidei
2694 2938 2984 2993 veritatem
3013 2950 3365 3006 cognoscere.
3389 2933 3569 2989 Nimi-

305 3029 501 3082 νασθαι
533 3030 765 3084 συνιδεῖν
794 3031 896 3103 τὴν
925 3030 1028 3101 τῆς
1055 3031 1193 3086 Θεοῦ
1244 3033 1563 3109 παρρησίας
1598 3035 1882 3104 ἀλήθειαν.

1990 3048 2110 3087 rum
2141 3033 2236 3104 qui
2275 3030 2595 3104 pervigilem
2626 3030 2726 3086 Dei
2752 3031 2973 3085 oculum
3006 3044 3235 3099 sperans
3263 3027 3376 3083 falli
3405 3040 3568 3096 posse

305 3112 379 3192 ’ῼ
427 3121 539 3192 γὰρ
587 3123 895 3191 προφάσεις
952 3124 1119 3194 δῆθεν
1168 3125 1430 3196 εὐλόγους
1490 3127 1634 3198 ὑπὲρ
1680 3128 1885 3193 δειλίας

1990 3129 2301 3200 speciosum
2336 3127 2469 3184 velit
2503 3125 2786 3183 timiditati
2831 3140 2945 3181 suae
2992 3132 3319 3195 praetextum
3369 3120 3568 3175 obten-

306 3208 569 3263 πλάττειν
600 3208 686 3281 εἴη
722 3210 984 3277 ἐθέλοντι,
1020 3212 1115 3266 τὸν
1153 3212 1458 3283 ἀκοίμητον
1486 3216 1721 3285 οἰομένῳ
1759 3215 1887 3271 λαν·

1990 3220 2144 3286 dere,
2177 3220 2225 3275 is
2271 3219 2378 3276 sibi
2428 3218 2537 3290 ipsi
2586 3217 2913 3288 imprudens
2948 3216 3297 3273 manifestum
3339 3213 3570 3268 exitium

307 3295 492 3351 θάνειν
517 3296 798 3365 ὀφθαλμὸν
828 3297 923 3351 τοῦ
954 3299 1113 3367 Θεοῦ,
1156 3300 1351 3372 λέληθε
1392 3302 1687 3373 προφανῶς
1718 3305 1882 3368 αὐτὸς

1991 3312 2275 3379 moliatur,
2306 3320 2361 3367 et
2406 3298 2464 3366 in
2518 3326 2579 3367 se
2612 3310 2792 3381 ipsum
2835 3308 3011 3379 palam
3054 3322 3212 3361 arma
3263 3313 3568 3358 convertat.

308 3389 502 3442 ἑαυτὸν
558 3388 798 3453 ἀπολλύς
849 3392 944 3444 καὶ
1012 3393 1138 3446 καθ’
1194 3394 1391 3448 ἑαυτοῦ
1448 3395 1886 3465 στρατευόμενος

1990 3406 2203 3477 Quippe
2243 3407 2297 3460 in
2346 3403 2619 3476 ejusmodi
2665 3404 2885 3458 casibus
2930 3410 3081 3456 tanto
3122 3399 3570 3455 excellentiorem

307 3483 595 3555 ἄντικρυς.
628 3482 896 3539 Τοσοῦτον
920 3485 1030 3555 γὰρ
1058 3486 1338 3556 διαφέρειν
1372 3489 1428 3552 ὲς
1457 3489 1557 3558 τὴν
1585 3488 1681 3544 τοῦ
1707 3488 1889 3560 κρείτ-

1990 3515 2113 3557 esse
2142 3498 2398 3554 existimo
2430 3512 2622 3554 vocem
2652 3496 2897 3559 silentio,
2931 3505 3139 3564 quanto
3169 3510 3235 3548 ex
3277 3494 3344 3547 iis
3384 3493 3571 3552 rebus,

304 3592 463 3640 τονος
514 3579 713 3649 μοῖραν
766 3579 950 3648 οίομαι
991 3579 1091 3650 τὴν
1148 3583 1470 3652 παρρησίαν
1515 3582 1753 3637 ἐνταῦθα
1787 3583 1890 3650 τῆς

1992 3607 2116 3664 qua:
2154 3607 2187 3646 a
2216 3599 2364 3646 terra
2408 3589 2727 3660 gignuntur,
2762 3588 2889 3653 illae,
2920 3602 3044 3657 quae
3087 3583 3302 3639 fructus
3335 3597 3466 3638 suos
3510 3581 3578 3635 ad

308 3667 544 3739 σιωπῆς,
581 3669 691 3741 ὅσῳ
724 3670 833 3724 τῶν
864 3673 929 3726 ὲκ
969 3671 1075 3739 γῆς
1108 3675 1399 3741 φυομένων
1438 3676 1615 3729 ὁπόσα
1660 3675 1796 3746 πρὸς
1831 3673 1891 3727 τὸ

309 3760 558 3832 αἰθέριον
585 3764 907 3833 μετεωρίζει
941 3762 1055 3831 φῶς
1084 3763 1216 3826 τοὺς
1257 3764 1510 3835 καρποὺς
1544 3764 1654 3819 τῶν
1686 3768 1743 3818 ὲν
1776 3768 1892 3828 τοῖς

316 3854 535 3916 κόλποις
586 3856 685 3924 τῆς
741 3856 949 3924 μητρὸς
999 3855 1100 3925 γῆς
1159 3856 1595 3925 ταμιευομένων.
1663 3857 1891 3911 Ἐκεῖνοι

325 3945 424 4012 μὲν
449 3944 558 4013 γὰρ
605 3945 698 3998 καὶ
740 3947 846 4014 πρδ
881 3945 1124 4013 γεύσεως
1158 3945 1432 4015 δσφρησίν
1467 3964 1528 4000 τε
1568 3947 1661 4002 καὶ
1691 3948 1894 4016 ὀφθαλ-

320 4037 424 4105 μὸν
455 4038 674 4090 ἑστιῶσι
705 4037 996 4106 λαμπρῶς,
1024 4038 1119 4090 καὶ
1162 4037 1485 4108 χαρίζονται
1525 4055 1588 4106 γε
1622 4039 1765 4109 ἁφῇ,
1800 4042 1895 4105 καὶ

312 4128 561 4199 τέρψεως
595 4129 785 4200 σχεδὸν
814 4130 1028 4199 ἁπάσῃ
1063 4131 1308 4192 ἁπάσαις
1330 4131 1622 4202 αἰσθήσεσι
1655 4132 1895 4200 γίνονται

313 4221 583 4288 ἄγαλμα·
637 4221 844 4275 τούτων
898 4223 952 4276 δὲ
1007 4223 1107 4277 οὐκ
1161 4224 1487 4294 εὐπρόσοδον
1546 4226 1594 4279 οἱ
1651 4226 1896 4279 πλεῖστοι

313 4316 438 4372 ταῖς
471 4315 811 4387 αἰσθήσεσιν,
844 4315 954 4367 οὐδ’
986 4316 1177 4387 ἱλαράν
1222 4334 1282 4369 τε
1335 4318 1430 4370 καὶ
1474 4317 1680 4371 ἄλυπον
1716 4336 1897 4386 παρα-

316 4406 509 4478 χρῆμα
559 4409 899 4478 προσάγουσι
935 4412 1051 4470 τοῖς
1085 4409 1350 4480 χρῄζουσι
1410 4410 1508 4480 τὴν
1555 4411 1770 4464 ἑαυτῶν
1804 4430 1900 4480 φο-

318 4502 446 4574 ρὰν,
482 4499 597 4555 ἀλλ’
638 4501 768 4570 ὃλην
822 4500 950 4570 ὅλης
1004 4501 1079 4565 ὡς
1126 4503 1194 4554 τὰ
1252 4502 1424 4563 πολλὰ
1472 4503 1806 4575 δριμύτητός
1839 4521 1898 4556 τε

319 4595 419 4646 καὶ
451 4592 715 4654 δυσωδίας
747 4592 954 4662 σφόδρα
988 4592 1323 4658 ἀπ’όζουσαν.
1362 4595 1573 4658 Ἄλλως
1601 4613 1660 4648 τε
1691 4600 1784 4649 καὶ
1815 4592 1895 4660 οἷς
1942 4598 1945 4601 ’

1992 3682 2119 3739 οωιί
2170 3683 2359 3738 lumen
2407 3681 2688 3743 attollunt,
2724 3680 3132 3749 prtestantiores
3171 3685 3302 3732 sunt
3333 3676 3420 3738 iis,
3455 3689 3578 3743 qua:

1995 3782 2156 3828 terra».
2183 3771 2375 3827 matris
2405 3770 2460 3824 in
2494 3771 2620 3825 sinu
2649 3768 3048 3824 reconduntur,
3074 3767 3184 3821 illa:
3208 3766 3423 3820 scilicet
3448 3767 3579 3817 odu-

1996 3873 2177 3919 ratum
2225 3872 2619 3933 aspectutnque
2648 3859 2937 3930 splendide
2981 3868 3214 3930 pascunt
3247 3857 3414 3912 etiam
3450 3866 3579 3909 ante

1995 3963 2298 4026 gustatum,
2322 3963 2378 4009 et
2408 3951 2580 4006 tactui
2608 3951 2994 4015 blandiuntur,
3025 3959 3081 4003 et
3105 3947 3256 4003 omni
3285 3946 3456 3999 ferme
3483 3960 3579 3996 vo-

1999 4048 2208 4117 luptate
2244 4026 2442 4100 otnttes
2484 4058 2697 4117 sensus]
2725 4042 3029 4097 oblectant.
3063 4039 3268 4094 Harum
3301 4051 3431 4092 vero
3458 4037 3578 4105 ple-

1997 4151 2184 4206 neque
2215 4149 2323 4190 nec
2346 4132 2566 4188 facilem
2589 4132 2763 4195 aditu,
2799 4145 2901 4186 nec
2928 4128 3260 4201 jucundum,
3295 4141 3397 4181 nec
3424 4141 3581 4179 ama-

2001 4228 2265 4283 ritudinis
2292 4235 2598 4295 expertem,
2627 4223 2868 4278 fructum
2894 4238 3055 4277 suum
3088 4220 3276 4285 statim
3312 4220 3585 4286 cupienti-

2003 4321 2106 4375 bus
2137 4319 2434 4383 esltibcut;
2478 4317 2571 4372 sed
2616 4327 2788 4371 totum
2840 4325 2900 4368 ut
2950 4313 3247 4384 plurimum
3288 4327 3471 4363 acrem
3526 4320 3584 4361 et.
3646 4336 3651 4341 ~

2003 4412 2433 4481 graveolentem.
2485 4409 2563 4465 Ac
2607 4409 2675 4464 iis
2729 4407 2977 4477 quidem,
3028 4421 3169 4475 quos
3219 4404 3308 4458 illa
3361 4402 3582 4455 ιίἰοι-ιιάὶ

2003 4504 2260 4558 libertate
2294 4502 2369 4557 uti
2402 4502 2633 4571 tempori
2669 4500 2774 4569 ipsi
2799 4499 2982 4553 minus
3012 4509 3440 4551 coasentaneum
3475 4505 3582 4548 est.

2009 4596 2345 4666 probabilem
2383 4594 2793 4649 excusationem
2827 4590 3085 4659 relinqui,
3122 4588 3188 4642 ad
3241 4604 3404 4657 quam
3451 4578 3583 4640 cun-

321 4687 402 4757 μὴ
434 4682 582 4739 εἶναι
606 4686 921 4757 παρρησίαν
961 4685 1097 4756 ὁμοῦ
1141 4688 1253 4749 τοῖς
1281 4691 1495 4756 καιροῖς
1525 4688 1740 4752 ἕπεται,
1775 4688 1890 4741 τού-

2004 4691 2237 4760 fugiant,
2271 4688 2585 4758 paucis‘simi
2621 4695 2786 4740 erunt
2811 4684 3032 4755 opinor,
3077 4693 3170 4735 aut
3210 4682 3394 4751 potius
3427 4684 3598 4737 nulli:

316 4796 437 4840 τοις
475 4777 645 4847 δήπου
687 4781 780 4830 καὶ
825 4778 1263 4849 εὐπροφάσιστον
1309 4796 1430 4832 τινα
1473 4778 1657 4850 χώραν
1710 4780 1905 4832 ἀπολο-

320 4872 453 4938 γίας
483 4873 558 4933 εἰς
588 4871 890 4941 ἀπόδρασιν
918 4871 1227 4932 λείπεσθαι,
1249 4871 1474 4941 βραχεῖς
1495 4888 1650 4934 τινας
1682 4871 1899 4936 πάντως

320 4968 357 5037 ἣ
395 4968 633 5036 μηδένας
663 4966 803 5019 εἶναι
831 4968 957 5030 τούς
998 4965 1362 5035 ἀντεροῦντας
1396 4963 1574 5036 οἶμαι.
1603 4967 1758 5037 Μήτε
1796 4970 1904 5035 γὰρ

323 5060 663 5130 παρρησίαν,
683 5056 749 5123 ἧς
780 5060 1028 5128 θεμέλιος
1057 5061 1311 5122 ἄπειστος
1351 5059 1723 5130 προειληφυῖα
1752 5060 1904 5130 γίνε-

329 5166 417 5204 ται
466 5150 638 5219 φιλία,
672 5152 781 5204 τῶν
825 5150 1215 5222 προσηκόντων
1271 5150 1462 5221 πὸρῤω
1504 5151 1736 5221 καιρῶν,
1768 5150 1907 5220 μήτε

330 5246 559 5312 καιροὺς
607 5244 921 5313 παρρησίας
972 5243 1250 5313 rma-3:11;.
1282 5244 1411 5297 ἄνευ
1458 5244 1672 5305 ἐντελές
1709 5260 1760 5296 τι
1813 5244 1907 5296 δύο

330 5340 531 5390 νασθαι
559 5335 714 5407 δρᾷν.
743 5331 893 5388 Εἶναι
915 5334 1025 5403 γὰρ
1056 5336 1147 5387 καὶ
1177 5336 1493 5406 παῤῥησῗαν
1524 5334 1705 5402 φιλίας
1740 5337 1910 5405 χωρὶς

328 5428 629 5499 ἀμαυρὸν’
666 5429 759 5480 καὶ
811 5424 878 5481 αὗ
937 5431 1154 5497 καιρὸν,
1190 5430 1395 5497 ἀμφοῖν
1442 5428 1676 5479 ἐκείνοιν
1727 5427 1912 5480 λειπό-

330 5538 522 5591 μενον,
555 5522 836 5585 περαίνειν
873 5519 947 5590 μὴ
980 5518 1244 5573 δύνασθαι
1287 5518 1398 5571 τῶν
1441 5518 1673 5572 δ-ὀντων
1721 5519 1908 5590 μηδέν.

341 5613 510 5681 Ἦμίν
539 5611 605 5676 δ’,
639 5608 718 5676 οἷς
749 5615 809 5666 τὸ
859 5612 1082 5684 θαρρεῖν
1129 5613 1194 5664 ὲκ
1228 5610 1525 5673 πολυετοῦς
1556 5609 1755 5680 ἐκείνῳ
1789 5628 1915 5664 συν⁴

330 5710 641 5779 τέθραπται
667 5707 851 5777 φιλίας
884 5709 978 5760 καὶ
1004 5705 1244 5777 ὁμιλίας,
1283 5705 1489 5759 ἄτοπον
1524 5699 1668 5758 εἶναι
1714 5702 1910 5770 ἐδόκει,

335 5806 522 5875 σιωπῇ
580 5804 948 5874 καθυφεῖσθαι
996 5803 1124 5866 τοὺς
1173 5800 1285 5855 τῶν
1336 5800 1658 5869 ἀναγκαίων
1713 5799 1771 5862 ὲς
1817 5799 1916 5869 τὴν

338 5897 533 5969 χρείαν
570 5896 817 5968 καιρούς.
1427 5906 1431 5910 ’

415 5992 492 6043 li'.
528 5989 692 6045 ὐθεν
744 5989 962 6060 ὁμιλίας
988 5988 1144 6043 ἒνεκε
1172 5987 1267 6042 καὶ
1312 5982 1427 6051 νῦν
1462 5982 1632 6056 συχνὰ
1662 5981 1917 6039 καλοῦντι

2006 4782 2101 4850 qui
2152 4779 2479 4847 inﬁtientur.
2527 4778 2637 4833 Nec
2670 4778 2819 4831 enim
2856 4775 3080 4831 dicendi
3129 4775 3378 4833 libertas,
3429 4774 3587 4838 Cujus

2006 4882 2092 4928 est
2135 4870 2552 4940 fundamentum
2590 4871 2975 4924 inconcussum
3023 4883 3087 4921 ea
3129 4882 3251 4936 quae
3294 4866 3591 4918 :Illil't'lrnnll.

2006 4964 2271 5029 amicitia,
2306 4962 2518 5033 absque
2550 4969 2865 5031 opportuno
2915 4968 3186 5029 tempore,
3236 4974 3337 5011 uec
3373 4969 3591 5024 tmnpus

2009 5063 2382 5125 opportunum
2431 5055 2642 5122 absque
2685 5053 2774 5106 illa
2822 5051 3043 5106 dicendi
3098 5051 3351 5103 libertate
3409 5062 3588 5118 potrst

2009 5144 2312 5215 quidquam
2345 5142 2573 5213 perfecti
2607 5141 2857 5203 efﬁcere;
2891 5141 2934 5195 si
2970 5138 3192 5210 quidem
3221 5137 3335 5211 ipsa
3367 5138 3584 5189 ιίέριιιιιίὶ

2009 5237 2335 5299 libertas,.6i
2369 5235 2513 5290 absit
2546 5233 2813 5296 amicitia,
2842 5234 2961 5288 leve
3015 5232 3276 5301 quiddam
3327 5243 3383 5283 et
3431 5230 3589 5280 futile

2009 5338 2123 5393 est;
2157 5330 2419 5397 temporis
2444 5336 2624 5380 autem
2652 5327 3057 5394 Opportunitas,
3083 5322 3288 5392 duplLi
3318 5323 3410 5376 iilu
3440 5322 3592 5371 τηιτί-

2012 5422 2089 5476 lio
2121 5420 2406 5483 destituta,
2434 5416 2569 5471 nihil
2597 5417 2899 5487 quidquam
2926 5431 3114 5470 eorum
3140 5430 3259 5484 quae
3283 5428 3421 5480 opus
3440 5419 3590 5475 sunt,

2015 5523 2198 5587 potest
2245 5510 2533 5583 perlicere.
2782 5510 2952 5565 Nobis
2988 5526 3140 5575 vero,
3191 5509 3282 5576 qui
3329 5520 3451 5557 cum
3502 5505 3594 5557 illo

2017 5609 2253 5664 ﬁdenter
2281 5621 2440 5678 agere
2472 5620 2918 5666 consuessemus,
2958 5619 3055 5671 pro
3094 5597 3593 5670 volct'is‘uttticilin!

2017 5697 2683 5769 familiaritatisquejure,
2705 5696 3008 5750 absurdum
3039 5692 3345 5752 videbatur,
3373 5687 3594 5743 sdentiu

1968 5828 1990 5848 ι.
2019 5805 2210 5849 nostro
2254 5791 2454 5862 negligi
2503 5787 2974 5860 opportunitatem
3024 5803 3086 5840 ca
3148 5782 3423 5846 faciendi,
3474 5797 3599 5851 quae

2017 5895 2202 5944 essent
2233 5884 2563 5940 necessaria.
2726 5939 2745 5955 κ
3556 5938 3561 5945 ,

2087 5978 2153 6034 ν.
2183 5977 2555 6046 Quamobrem
2591 5975 2943 6045 colloquendi
2975 5975 3151 6045 gratia
3186 5987 3314 6030 cum
3359 5970 3600 6028 subinde
