4064 6452
596 438 734 507 1075
862 422 949 510 ”[Α.
990 455 1044 494 ιι.
1089 438 1248 507 6856,
1292 459 1377 496 usu
1446 436 1498 512 fl

594 570 682 609 me
711 555 1011 609 etiainuum
1039 568 1340 613 arcesseret
1362 558 1683 629 imperator,
1710 562 1942 618 subinde
1971 574 2023 620 et
2047 565 2165 633 ipse

1785 448 2207 512 NICEPHURI
2248 453 2632 516 GREGOR/E

2944 450 3079 523 [um
3119 465 3165 505 ι.
3200 465 3488 507 cuneus.
3532 449 3579 522 Ι]
3674 455 3779 520 1075

2244 614 2259 628 ,
2298 565 2369 633 τῷ
2399 565 2610 634 βασιλεί
2641 568 2810 637 συχνὰ
2843 569 2935 621 καὶ
2967 566 3115 637 αύτῷ
3147 584 3236 636 μοι
3264 567 3446 637 φοιτᾷν
3470 568 3521 629 ἐς
3541 566 3680 620 αὐτὸν
3706 587 3782 625 πε-

593 661 682 700 me
708 645 775 699 ad
816 662 937 700 cum
971 647 1360 728 conferebam;
1406 653 1608 707 nullam
1647 655 1807 708 aliam
1853 656 1923 709 ob
1950 672 2167 711 causam

2285 656 2427 725 ριῆν,
2467 657 2536 709 δι’
2564 658 2719 711 οὐδέν
2749 676 2802 711 τι
2833 658 2942 711 τῶν
2992 662 3211 712 πάντων
3237 656 3421 726 ἕτερον
3446 658 3539 725 ἐμὲ
3571 657 3657 725 τῆς
3679 677 3782 728 προ·

596 747 715 791 mea
758 754 842 792 me
876 725 1157 794 voluntate
1186 742 1251 794 ad
1286 759 1405 796 eam
1458 760 1680 813 operam
1728 746 2031 801 navandam
2070 748 2171 801 im-

592 828 850 901 pellente,
884 831 927 885 si
960 832 1144 886 cordis
1174 849 1372 886 arcana
1413 838 1626 904 aperire
1654 853 1755 890 nec
1794 837 2041 891 fraudem
2074 854 2174 893 ve-

592 921 742 974 ritati
788 922 970 977 facere
1008 924 1095 977 hic
1124 936 1363 995 oportet.
1394 929 1499 982 nisi
1530 930 1655 998 Quia
1686 930 1939 984 nolebam
1973 933 2170 987 cedere

590 1010 660 1064 iis
689 1013 781 1075 qui
819 1014 1085 1067 terminos
1122 1030 1153 1069 a
1191 1016 1437 1082 patribus
1468 1020 1800 1073 constitutos
1846 1035 2087 1086 movere,
2115 1033 2171 1078 et

590 1101 829 1161 absurda
848 1102 1118 1159 novarum
1137 1107 1457 1175 opinionum
1482 1120 1790 1164 commenta
1818 1112 2170 1169 introducere

590 1193 933 1248 studerent:
979 1204 1145 1265 atque
1201 1209 1259 1254 ut
1312 1215 1437 1253 eum
1485 1200 1753 1266 hortarer,
1803 1202 1857 1256 in
1902 1204 2170 1261 institutis

591 1287 699 1343 sibi
728 1288 944 1343 traditis
993 1290 1226 1349 ﬁrmiter
1270 1302 1329 1345 ut
1362 1302 1758 1361 perseveraret.
1794 1294 1941 1350 Nihil
1988 1297 2168 1366 itaque

591 1396 702 1433 non
748 1380 875 1446 feci,
916 1380 1051 1434 nihil
1087 1396 1194 1435 non
1221 1382 1354 1446 dixi,
1392 1390 1447 1436 et
1482 1398 1568 1437 me
1626 1383 1681 1437 in
1731 1400 1924 1439 omnes
1969 1388 2171 1443 formas

590 1471 754 1528 verti.
789 1480 844 1524 et
870 1466 1107 1539 lapidum
1142 1487 1359 1525 onmem
1404 1474 1547 1527 movi
1578 1490 1590 1537 ;
1618 1491 1764 1529 nunc
1794 1475 2172 1533 blamliorib.:s

592 1576 720 1617 eum
751 1579 817 1617 eo
845 1565 1026 1618 verbis
1060 1565 1371 1634 litterisque
1397 1566 1628 1635 agendo.
1667 1578 1723 1621 ut
1754 1568 1929 1638 ipsius
1954 1581 2167 1624 morem

591 1652 773 1722 primo
807 1654 1296 1720 niansuel‘accrem,
1328 1655 1527 1710 deinde
1579 1656 1732 1712 illum
1779 1659 2040 1713 haberem
2076 1678 2172 1715 vo-

589 1743 791 1799 luntati
843 1762 977 1801 meae
1025 1746 1464 1815 obsequentem;
1509 1764 1654 1805 nunc
1698 1752 2081 1823 redarguendo
2115 1762 2171 1806 et

590 1837 759 1893 animi
814 1837 1119 1892 socordiam
1184 1838 1284 1909 ipsi
1333 1839 1750 1911 exprobrando,
1798 1850 1854 1893 et
1902 1841 2167 1911 quidquid

591 1928 861 1981 malorum
901 1928 953 1981 in
1002 1928 1278 1981 Romanos
1316 1926 1738 1984 invasurumob
1780 1931 1872 1984 illa
1910 1932 2169 1988 Ecclesia:

591 2019 872 2089 naufragia
900 2030 1064 2083 esset,
1087 2021 1454 2088 prredicendo.
1492 2040 1510 2073 ι
1549 2004 1789 2089 Etenim,
1813 2023 2046 2086 aiebam,
2072 2025 2165 2093 qui

591 2104 741 2175 leges
781 2122 813 2159 a
845 2107 1145 2176 majoribus
1195 2108 1335 2164 bene
1382 2113 1710 2165 constitutas
1766 2128 1834 2167 ne
1883 2113 2178 2168 minimum‘

590 2197 816 2265 quidem
867 2197 1073 2252 audent
1117 2200 1346 2269 egredi,
1390 2202 1459 2255 iis
1490 2212 1543 2256 et
1587 2202 1754 2270 hujus
1802 2202 1926 2258 vitae
1976 2218 2173 2259 cursus

588 2287 829 2342 feliciter
859 2290 1132 2358 procedit,
1166 2299 1220 2344 et
1268 2306 1394 2359 spes
1425 2291 1592 2345 futuri
1623 2292 1819 2346 melior
1847 2294 2172 2362 promissam

591 2380 758 2448 justis
816 2381 1128 2435 mercedem
1176 2381 1433 2451 spondet.
1493 2381 1597 2449 Qui
1649 2399 1781 2438 vero
1833 2385 2174 2454 sapientibus

594 2484 887 2541 parentum
917 2473 1156 2531 decretis
1192 2475 1389 2529 nolunt
1430 2475 1719 2542 inhaerere,
1755 2477 1808 2530 in
1835 2478 2174 2545 gravissimis

603 2570 733 2621 vitae
769 2570 1031 2623 arumnis
1062 2552 1470 2638 conﬂictantur,
1522 2578 1577 2625 et
1626 2571 1973 2638 inceptorum
2037 2572 2175 2628 tales

603 2659 956 2735 exitus’ipsis
993 2658 1338 2730 contingunt,
1378 2659 1569 2729 quales
1615 2660 1783 2733 824
1826 2661 2051 2717 minime
2085 2677 2175 2716 ve-

524 2824 528 2828 Α
589 2753 734 2816 lint;
777 2766 841 2807 ac
874 2752 1039 2806 iidem
1070 2760 1193 2822 post
1223 2753 1389 2805 vitam
1425 2752 1491 2806 ad
1530 2740 1963 2809 intolerabiliora
1993 2764 2049 2810 et
2072 2754 2171 2811 de-

590 2843 899 2916 Speratio'ra
926 2845 1067 2898 mala
1097 2843 1402 2914 appellunt.
1440 2862 1459 2897 ι

658 3037 751 3091 Ἦ.
792 3036 1103 3091 Novissime
1130 3044 1185 3089 et
1220 3036 1552 3089 contrariam
1586 3035 1877 3091 factionem
1905 3051 1972 3091 ex
1997 3038 2171 3095 altera

584 3140 746 3201 parte
777 3129 982 3182 instare
1016 3127 1283 3193 intellexi,
1306 3127 1730 3203 clanculumque
1756 3140 1811 3182 et
1834 3130 2012 3198 palam
2043 3145 2170 3184 eum

587 3224 877 3297 instigare,
914 3235 972 3279 ut
1002 3242 1089 3280 me
1115 3214 1309 3281 eisilio
1344 3227 1530 3281 statim
1566 3227 1858 3281 multaret.
1896 3225 2173 3283 Vereban-

2277 747 2482 817 θυμίας
2526 751 2606 812 είς
2638 749 2738 820 τὴν
2771 749 3010 820 σπουδὴν
3055 748 3397 818 ἐγειρούσης,
3429 750 3476 800 εί
3514 749 3609 819 χρὴ
3637 750 3784 816 τὸτῆς

2274 839 2508 908 καρδίας
2557 840 2968 894 ἀνακαλύπτειν
3000 841 3312 913 ἀπόρρητον
3350 839 3588 893 ἐνταυθοῖ
3618 841 3699 893 καὶ
3729 846 3784 913 μὴ

2275 934 2730 1000 παρακρούεσθαι
2756 933 2855 1004 τὴν
2883 933 3167 1003 ἀλήθειαν,
3197 933 3229 1002 ἢ
3257 932 3349 985 τοῦ
3386 933 3458 1001 μὴ
3493 931 3784 1002 καθυφεῖναι,

2273 1014 2354 1084 οἷς
2388 1022 2457 1077 ἂν
2482 1022 2549 1075 δι’
2573 1023 2818 1092 ἐφέσεως
2842 1025 2952 1092 εἴη,
2981 1023 3237 1092 πατέρων
3260 1024 3383 1091 ὅρια
3414 1020 3653 1083 κινοῦσιν,
3673 1022 3788 1074 ἐκτό-

2273 1103 2410 1178 πους
2465 1117 2812 1184 ἀντεισάγειν
2854 1115 3243 1182 καινοφωνίας,
3293 1110 3406 1165 ἀλλ’
3439 1111 3674 1182 ἐμμένειν
3703 1112 3789 1170 τοῖς

2269 1205 2576 1275 δεδομένοις
2609 1206 2847 1275 δόγμασι
2882 1205 3174 1273 παραινεῖν
3209 1200 3484 1271 ἀσφαλῶς.
3514 1200 3614 1251 Καὶ
3634 1193 3692 1267 ἦν
3717 1198 3787 1249 οἰ-

2269 1300 2381 1361 δέν,
2409 1298 2436 1352 ὃ
2467 1298 2544 1370 μὴ
2570 1298 2739 1352 ποιῶν
2763 1298 2857 1351 καὶ
2878 1297 3058 1366 λέγων
3080 1295 3325 1365 ὑπῆρχον
3346 1291 3475 1361 ἐγὼ,
3503 1290 3789 1352 παντοδαπὸς

2271 1393 2620 1460 γιγνόμενος,
2667 1392 2762 1443 καὶ
2798 1389 2976 1443 πάντα
3024 1387 3205 1441 κάλων
3254 1387 3439 1447 κινῶν,
3469 1384 3557 1436 νῦν
3599 1383 3684 1453 μὲν
3720 1382 3790 1434 τὶν

2272 1482 2610 1537 κολακικώτε
2621 1499 2712 1552 ρον
2733 1482 2936 1552 τρόπον
2960 1481 3056 1535 καὶ
3075 1478 3254 1547 λόγοις
3277 1477 3373 1531 καὶ
3393 1475 3666 1546 γράμμασι
3685 1472 3790 1541 πρὸς

2269 1572 2432 1625 αὑτὸν
2476 1570 2912 1641 ἐνδεικνύμενος,
2954 1570 3022 1623 ἶν’
3057 1568 3257 1622 οὑτωσί
3298 1584 3416 1629 πως
3464 1567 3524 1618 τδ
3552 1560 3666 1634 ἦθος
3690 1562 3793 1629 πρόι-

2270 1678 2429 1731 τερον
2458 1660 2827 1721 τιθασσεύσας
2856 1659 3023 1712 αὐτοῦ
3050 1657 3187 1727 πρὸς
3216 1660 3277 1709 τὸ
3302 1656 3613 1727 βουλόμενον
3644 1651 3790 1721 σχοίην

2272 1750 2595 1819 πειθόμενον
2619 1765 2634 1781 ο
2667 1749 2762 1803 νῦν
2789 1732 2849 1803 δ”
2866 1749 3108 1820 ἐλέγχων
3136 1746 3232 1803 καὶ
3258 1745 3440 1818 ψυχῆς
3470 1743 3609 1812 αὐτῷ
3631 1739 3791 1807 νωθρό-

2270 1859 2409 1912 τητα
2449 1842 2751 1906 ὁνεειδίξων,
2785 1840 2874 1912 [Ρ.
2902 1839 3033 1913 519]
3064 1840 3160 1894 καὶ
3211 1840 3311 1893 ὅσα
3350 1834 3642 1907 Ῥωμαίους
3677 1831 3789 1885 δεινὰ

2205 1973 2246 2032 Β
2273 1934 2647 2004 καταλήψεται
2688 1935 2973 2006 προλέγων
3001 1934 3090 1987 διὰ
3119 1934 3188 1986 τὰ
3215 1931 3446 1985 τοιαῦτα
3474 1931 3568 2032 τῇς
3608 1924 3792 1992 Ἐκκληο

2277 2024 2401 2089 σίας
2458 2027 2713 2095 ναυάγια.
2770 2045 2792 2078 ι
2839 2021 2934 2088 Οἷς
2979 2024 3079 2096 μὲν
3132 2024 3243 2094 γὰρ
3296 2024 3408 2077 τῶν
3466 2017 3524 2076 εὖ
3574 2021 3792 2088 κειμένων

2276 2120 2525 2189 πατρίων
2556 2119 2842 2191 (ἔφασκον)
2893 2120 3143 2190 νομίμων
3179 2118 3405 2187 οὐδεμία
3443 2116 3686 2183 τολμᾶται
3717 2126 3795 2163 πα-

2277 2213 2531 2285 ράδασις,
2559 2212 2823 2283 εὔδρομον
2858 2214 2956 2284 μὲν
2980 2214 3080 2284 τὴν
3113 2212 3208 2265 τοῦ
3241 2212 3360 2281 βίου
3394 2209 3560 2280 φοράν
3587 2206 3706 2277 πρὸς
3726 2203 3796 2254 εὖ·

2275 2305 2587 2376 δαιμονίαν,
2625 2306 2884 2359 εὐέλπιδα
2914 2305 2971 2359 δὲ
2998 2307 3100 2374 τὴν
3144 2306 3255 2359 τῶν
3283 2299 3687 2371 ἐπηγγελμένων
3712 2294 3796 2355 τοῖς

2274 2400 2509 2463 δικαίοις
2545 2402 2602 2463 ὲς
2634 2400 2693 2452 τὸ
2748 2398 2944 2470 μέλλον
2971 2382 3422 2452 ἀποκατάστασιν
3466 2389 3600 2446 εἶναι
3620 2407 3632 2421 ·
3662 2381 3730 2448 οἷς
3754 2384 3797 2436 δὲ

2274 2494 2387 2556 τοῖς
2414 2491 2474 2546 εὖ
2507 2493 2790 2562 κειμένοις
2818 2492 2915 2562 οὐχ
2940 2492 3131 2544 ἕπεται
3178 2491 3447 2559 δόγμασιν
3480 2482 3687 2540 ἕπεσθαι
3716 2478 3797 2532 τῶν

2277 2584 2557 2654 πατέρων,
2587 2582 2800 2646 τούτοις
2841 2583 2886 2636 δ’
2919 2569 3200 2653 ἀνήκεστα
3235 2580 3339 2652 μὲν
3386 2579 3456 2633 τὰ
3482 2577 3570 2632 τοῦ
3601 2575 3700 2643 βίον
3723 2585 3798 2621 πε-

2278 2682 2540 2752 ριχωρεῖν
2573 2677 2962 2745 παλαίσματα,
2995 2677 3092 2730 καὶ
3124 2676 3270 2745 μάλα
3315 2676 3435 2734 ταῖς
3463 2667 3797 2752 προαιρέσεσιν

2275 2750 2499 2823 ἐναντία
2528 2768 2640 2822 τῶν
2670 2766 3065 2839 πραττομένων
3106 2766 3173 2819 τὰ
3217 2765 3355 2835 τέλη
3381 2780 3396 2795 ⁸
3429 2759 3729 2830 ἀνηκέστους
3756 2750 3798 2804 δὲ

2275 2862 2373 2916 καὶ
2399 2860 2730 2923 δυσέλπιδας
2763 2858 2967 2930 μᾶλλον
3010 2858 3112 2920 τὰς
3155 2859 3295 2928 μετὰ
3326 2855 3417 2909 τὸν
3449 2854 3560 2925 βίον
3590 2860 3797 2914 καταγω-

2275 2954 2378 3022 γὰς
2405 2952 2676 3022 ἁπαντᾷν.
2718 2970 2737 3004 ι
2984 2988 2991 2993 -

2350 3045 2442 3110 ς’.
2484 3042 2647 3112 Ἀρτι
2683 3041 2740 3094 δὲ
2767 3044 2861 3097 καὶ
2888 3042 2987 3112 τὴν
3024 3038 3418 3109 ἀντικειμένην
3443 3036 3660 3108 φατρίαν
3680 3031 3799 3097 ξυνι-

2276 3132 2433 3187 νόουν
2463 3133 2794 3204 ἐγκειμένην
2819 3133 3112 3204 ἑτέρωθεν,
3143 3132 3321 3202 λάθρα
3351 3147 3410 3183 τε
3438 3128 3532 3183 καὶ
3559 3120 3799 3196 προφανῶς

2278 3224 2442 3279 αὐτὸν
2491 3224 2886 3295 διεγείροντας,
2921 3224 3139 3294 ἐξορίας
3189 3241 3257 3293 με
3300 3222 3437 3293 δρᾷν
3467 3220 3566 3291 τὴν
3588 3214 3802 3301 ταχίστην

590 3329 684 3376 tur
713 3318 1036 3387 quippc,-nt
1074 3318 1294 3385 opinor,
1345 3332 1413 3370 ne
1452 3318 1551 3371 zeli
1601 3318 1753 3372 illius
1798 3316 1971 3371 nostri
2021 3316 2166 3386 igne,

2278 3316 2601 3374 ὑπεύθυνον.
2647 3317 2949 3370 Ἐδεδίεσαν
2990 3319 3118 3386 γὰρ,
3152 3312 3330 3385 οἶμαι,
3369 3317 3442 3388 μὴ
3489 3313 3569 3383 τῷ
3592 3309 3677 3362 τοῦ
3699 3309 3803 3376 ἡμε⁴

590 3411 745 3466 velut
784 3411 1014 3473 ferrum,
1044 3411 1264 3465 tandem
1300 3409 1598 3480 aliquando
1630 3411 1898 3475 mollitus,
1935 3423 2172 3479 propen-

591 3507 705 3568 sior
731 3510 794 3560 ad
829 3504 1164 3560 credendum
1198 3504 1333 3559 mihi
1362 3505 1739 3568 exsisteret,et
1762 3513 1927 3557 totam
1948 3503 2173 3571 laqueo-

591 3615 712 3653 rum
746 3599 965 3653 illorum
995 3596 1244 3651 fraudem
1282 3602 1528 3653 mutatus
1567 3596 1838 3649 eluderet.
1872 3594 2083 3650 Idcirco
2098 3582 2170 3647 ἐι

589 3691 710 3759 ipse
730 3689 929 3743 exinde
957 3703 1133 3743 meam
1167 3688 1361 3759 agendi
1391 3688 1663 3741 rationem
1700 3687 1755 3740 in
1785 3687 2166 3759 projectiorem

548 3770 555 3777 ’
589 3782 873 3843 audaciam
899 3780 1058 3846 verti;
1083 3781 1389 3839 et'liberius
1412 3781 1523 3850 jam
1550 3779 1729 3851 ipsum
1759 3781 1895 3850 ccepi
1916 3796 2167 3851 arguere,

591 3877 802 3952 duabus
842 3875 910 3929 de
939 3874 1154 3928 causis.‘
1180 3872 1395 3952 Quippe
1429 3881 1525 3927 aut
1555 3872 1711 3927 illum
1758 3873 1969 3944 pudore
2000 3873 2169 3928 allec-

592 3982 707 4024 tum
758 3967 887 4022 belli
922 3957 1186 4021 Ecélesiae
1217 3963 1355 4019 illati
1389 3963 1705 4020 violentiam
1741 3980 2171 4035 repressurnm;

589 4070 685 4120 aut
714 4070 863 4117 certe
897 4069 1146 4114 coactum
1176 4058 1244 4112 iri
1275 4058 1537 4139 Byzantio
1564 4058 1976 4131 quamprimum
2003 4059 2168 4114 etiam

591 4170 679 4209 me
722 4153 999 4225 expellere
1028 4169 1040 4204 :
1073 4166 1176 4207 nec
1202 4150 1353 4207 enim
1401 4150 1692 4205 tolerabile
1738 4149 1873 4204 mihi
1901 4165 2022 4207 esse
2053 4150 2172 4220 opi-

589 4250 819 4307 nionum
872 4245 1146 4303 novitates
1204 4244 1409 4300 intueri
1466 4243 1646 4300 oculis
1702 4242 1998 4313 religiosis.
2061 4242 2168 4299 Sed

587 4349 751 4397 erant
783 4356 847 4394 ea
883 4355 1006 4410 quae
1041 4338 1313 4403 dicebam,
1347 4337 1529 4393 inanis
1562 4336 1838 4401 molestia,
1881 4345 1936 4391 et
1965 4336 2170 4395 frustra

588 4432 929 4490 laborabam.
956 4430 1092 4485 Nam
1125 4445 1305 4501 neque
1332 4429 1425 4484 ille
1459 4427 1544 4483 vel
1570 4427 1861 4481 minimum
1884 4428 2172 4483 remittere

590 4526 662 4581 de
715 4541 817 4581 suo
889 4524 983 4587 illo
1045 4522 1329 4593 proposito
1383 4520 1619 4584 statuit;
1668 4529 1828 4589 turpe
1890 4518 2164 4588 siquidem

592 4633 718 4673 esse
763 4616 1020 4678 ducebat,
1074 4622 1292 4667 mutare
1347 4611 1691 4675 institutum,
1721 4621 1776 4666 et
1806 4627 1870 4666 ea
1915 4612 2176 4680 opinione

597 4707 893 4767 desistere,
938 4719 1047 4772 qua
1099 4703 1217 4771 ipse
1269 4702 1338 4757 ab
1386 4699 1544 4756 initio
1601 4700 1953 4765 conﬁrmata,
2007 4703 2176 4755 totius

597 4796 991 4857 controversiae
1037 4809 1179 4849 unus
1221 4794 1469 4849 omnium
1503 4792 1743 4848 maxime
1778 4797 1974 4848 auct‘or
2001 4794 2177 4848 exsti-

596 4894 729 4953 tissus
758 4889 1075 4952 videretur;
1107 4902 1285 4956 neque
1314 4887 1481 4941 etiam
1513 4885 1567 4942 in
1617 4900 1725 4951 me,
1756 4886 1927 4939 multa
1978 4900 2178 4955 expro-

599 4986 851 5039 brantem
895 4982 1353 5051 irridentemque,
1387 4987 1481 5033 aut
1517 4978 1770 5049 privatim
1803 4980 1918 5049 ipse
1951 4979 2176 5049 gravius

598 5073 1043 5135 animadvertere
1092 5072 1373 5138 decrevit,
1424 5079 1521 5126 aut
1573 5070 1695 5125 aliis
1761 5070 2175 5142 impellentibus

599 5162 805 5229 cessit;
838 5163 932 5218 sed
973 5178 1130 5234 aequo
1153 5172 1208 5218 et
1234 5165 1350 5234 pari
1374 5179 1587 5218 mecum
1621 5165 1747 5234 jure
1780 5178 1952 5233 usque
1979 5162 2173 5232 dispu-

602 5268 719 5319 tare
749 5255 1015 5330 perrexit,
1050 5256 1213 5311 solita
1248 5256 1496 5323 lenitate,
1534 5266 1596 5310 ut
1627 5256 1663 5310 ii
1697 5258 1789 5326 qui
1827 5248 2176 5310 adversarios

597 5349 790 5407 lllClSt'l
860 5364 974 5408 non
1034 5357 1306 5418 possunt;
1366 5347 1704 5403 Hadrianum
1780 5346 2171 5415 imperatorem

596 5441 867 5504 feliciter,
924 5449 987 5495 ut
1038 5439 1172 5493 mihi
1227 5439 1463 5500 videtur,
1523 5437 1805 5502 imitatus,
1859 5435 1954 5507 qui
2005 5434 2172 5506 825

596 5532 967 5597 Phavorinum
1003 5531 1393 5602 phiI050phum
1424 5543 1611 5584 secum
1643 5528 1998 5583 altercantem
2031 5527 2178 5583 occi-

596 5629 726 5683 dere
775 5641 901 5681 eum
956 5634 1167 5697 posset,
1210 5623 1506 5692 nequidcm
1556 5620 1918 5685 irascebatur,
1972 5619 2069 5674 sed
2119 5620 2172 5674 in

592 5734 811 5776 morum
872 5717 1337 5773 mansuetudine'
1364 5714 1772 5783 perseverabat,
1824 5723 1879 5766 et
1918 5728 2053 5791 [cum
2106 5726 2172 5764 eo

596 5800 860 5880 tanquam
915 5826 1039 5865 cum
1094 5806 1291 5877 aequali
1346 5805 1645 5860 rixabatur.
1695 5805 1768 5859 Ea
1814 5815 2042 5875 propter
2082 5802 2173 5856 hic

600 5917 818 5982 quaque
871 5902 1260 5980 imperatorem
1308 5900 1342 5956 ii
1376 5899 1469 5979 qui
1501 5897 1731 5954 aderant
1757 5898 2170 5954 admirabantur

2274 3411 2437 3480 τέρου
2469 3409 2635 3481 ζήλου
2666 3409 2827 3478 πυρὶ,
2872 3409 3129 3478 καθάπερ
3161 3407 3410 3478 σίδηρος,
3442 3406 3536 3472 ὀψέ
3571 3417 3687 3455 ποτε
3721 3411 3802 3466 μα’

2272 3501 2497 3571 λαχθεὶς
2525 3501 2933 3571 εὐπαθέστερος
2964 3499 3192 3570 γένηται
3219 3500 3362 3567 πρὸς
3382 3495 3570 3560 πειθὼ,
3600 3491 3683 3547 καὶ
3701 3488 3802 3554 ὅλην

2276 3591 2601 3661 μεταϐαλὼν
2640 3591 2740 3661 τὴν
2771 3593 2880 3644 τῶν
2914 3589 3150 3644 δικτύων
3188 3588 3479 3644 ἐπίϐουλον
3510 3586 3668 3654 Θήραν
3701 3580 3805 3630 ἀνα-

2273 3686 2506 3756 σοδήσῃ.
2535 3685 2627 3739 Διὸ
2657 3685 2752 3739 καὶ
2774 3668 2844 3748 ’ἐς
2876 3683 2938 3738 τδ
2983 3669 3446 3755 παραϐολώτερον
3479 3677 3664 3751 μᾶλλον
3690 3670 3805 3724 ἐκεῖ,

2273 3776 2365 3829 θεν
2417 3777 2509 3829 τὸν
2563 3777 2697 3845 ἐμὸν
2745 3777 2840 3831 καὶ⁵
2881 3775 3043 3837 αὐτὸς
3092 3776 3460 3844 ἀνεχάλκευον
3505 3770 3707 3841 τρόπον,
3730 3760 3803 3815 καὶ

2272 3870 2560 3936 ἀφειδέστε
2575 3886 2665 3939 ρον
2696 3869 2795 3939 ἤδη
2818 3871 2935 3932 τοῖς
2958 3868 3096 3938 πρὸς
3120 3868 3281 3921 αὐτὸν
3302 3867 3544 3936 ἐλέγχοις
3567 3859 3805 3932 ἐχρώμην.
3842 3866 3845 3875 “

2272 3960 2420 4012 δυοῖν
2455 3959 2620 4015 ἕνεκα
2645 3975 2659 3990 ⁸
2697 3959 2731 4030 ἦ
2763 3958 2872 4028 γὰρ
2897 3957 3214 4012 αἰδεσθέντα
3246 3955 3479 4009 παύσειν
3505 3956 3563 4008 τὸ
3585 3950 3668 4004 τοῦ
3694 3942 3806 4000 κατὰ

2273 4051 2373 4119 τῆς
2387 4048 2719 4120 Ἐκκλησίας
2744 4049 2983 4111 πολέμου
3008 4045 3258 4118 ﬁla.wa
3282 4044 3430 4114 κάμὲ
3450 4041 3540 4097 τοῦ
3558 4032 3804 4101 Βυζαντίου

2271 4144 2503 4211 τάχιστα
2523 4145 2700 4195 ποιεῖν
2735 4141 3079 4211 ἠναγκάσθαι
3111 4140 3408 4209 ἐξόριστον,
3426 4135 3572 4207 Μηδὲ
3594 4132 3692 4201 γὰρ
3711 4128 3807 4178 ἀνε-

2272 4254 2307 4291 κ
2321 4237 2401 4287 τὸν
2424 4232 2564 4289 εἶναί
2584 4254 2696 4303 μοι,
2715 4236 2813 4305 τὴν
2830 4235 2939 4288 τῶν
2963 4235 3253 4303 δογμάτων
3274 4228 3619 4300 καινοτομίαν
3640 4218 3805 4292 6:29:11-

2274 4330 2397 4400 μοῖς
2413 4330 2544 4399 όρᾷν
2566 4327 2812 4385 εὐσεὸεϊν
2827 4327 2983 4395 αἰρου
2993 4329 3197 4395 μένοις.
3232 4322 3379 4377 Ἀλλ’
3406 4319 3472 4393 ἦν
3488 4320 3592 4391 ἄρα
3612 4319 3674 4371 τὰ
3686 4311 3809 4380 λεγό-

2281 4438 2421 4492 μενα
2452 4422 2678 4490 μάταιος
2703 4419 2878 4491 ὄχλος,
2917 4424 3013 4473 καὶ
3040 4418 3266 4473 ἐπόνουν
3295 4418 3552 4489 ἀνήνυτα.
3582 4410 3706 4467 οὔτε
3724 4406 3806 4474 γὰρ

2279 4514 2401 4566 οὐδὲ
2443 4514 2618 4585 βραχῦ
2645 4516 2745 4583 τῆς
2776 4511 3091 4582 προθέσεως
3120 4511 3334 4580 ἐκείνης
3377 4511 3575 4569 ἐκεῖνος
3604 4501 3805 4585 ἐνδοῦναι

2286 4583 2598 4675 προῄρηται
2618 4620 2632 4634 ·
2660 4586 2925 4672 αἰσχύνην
2964 4603 3074 4670 γάρ
3108 4600 3358 4670 ἐνόμιζεν
3386 4597 3523 4652 εἷναί
3554 4596 3605 4649 οἱ
3628 4593 3713 4661 τὴν
3732 4583 3803 4675 τού

2284 4668 2500 4767 τράέέᾼιὲ
2528 4668 2842 4765 μετάθεσιν,
2876 4668 2983 4747 και
3004 4668 3105 4764 τὴν
3133 4668 3229 4760 τῆς
3259 4677 3420 4760 δόξης
3467 4668 3805 4759 μεταϐολὴν,ᾖ

2281 4787 2379 4859 τὴν
2412 4789 2567 4858 ίσχὺν
2598 4787 2763 4850 αὐτὸς
2797 4785 2857 4850 ἐξ
2880 4787 3052 4857 ἀρχῆς
3074 4786 3443 4856 χαρισάμενος
3472 4782 3566 4851 τῆς
3588 4780 3704 4846 ὅλης
3727 4769 3807 4840 μά’

2280 4879 2441 4932 λιστα
2472 4879 2691 4932 πάντων
2720 4879 2899 4944 ἔδοξεν
2933 4879 3243 4938 ὑποθέσεως
3264 4876 3438 4937 αῐτιος
3460 4891 3473 4904 ·
3505 4870 3609 4926 οὔτ’
3641 4863 3746 4936 ἐμοί
3766 4875 3804 4911 τι

2279 4973 2453 5028 δεινὸν
2488 4976 2739 5041 ἐπάγειν,
2798 4974 2943 5026 πάνυ
2973 4989 3058 5031 τοι
3089 4969 3419 5041 λοιδοροῦντί
3459 4984 3519 5020 τε
3552 4965 3638 5018 καὶ
3679 4959 3806 5027 χλευ·

2284 5065 2492 5130 άζοντι,
2521 5064 2633 5118 εὖτ’
2666 5064 2882 5119 οἴκοθεν
2914 5064 3079 5127 αὐτὸς
3114 5063 3487 5133 βεϐούλευται,
3530 5057 3644 5110 οὔτε
3674 5053 3804 5145 ξυνως

2283 5156 2524 5211 θούντων
2576 5158 2755 5211 ἄλλων
2815 5158 3242 5228 παρενήνεκῑαι.
3286 5154 3426 5209 Ἀλλ’
3477 5148 3539 5223 ἦν
3585 5145 3682 5201 ἀπὺ
3730 5152 3804 5192 του

2282 5251 2401 5302 ῐσου
2436 5268 2528 5321 μοι
2560 5250 2967 5319 διαλεγόμενος,
3004 5250 3144 5319 μετὰ
3174 5252 3272 5319 τῆς
3302 5245 3564 5316 συνήθους
3599 5236 3803 5321 πραότητ

2278 5359 2371 5405 τος
2400 5342 2508 5404 ἀεὶ,
2543 5340 2735 5411 ὥσπερ
2756 5343 2804 5393 οἱ
2834 5344 2907 5413 μὴ
2934 5341 3225 5410 δυνάμενοι
3256 5341 3380 5402 τοὺς
3410 5333 3666 5419 ἐναντίους
3690 5320 3803 5419 dtu?"

2280 5430 2470 5485 νεσθαι
2493 5446 2507 5461 ·
2543 5432 2644 5501 τὴν
2672 5411 2934 5501 μίμησιν,
2967 5428 3143 5500 οἶμαι,
3180 5432 3317 5501 πρὸς
3360 5411 3625 5499 Ἀδριανὸν
3651 5411 3802 5471 εὐστό-

2282 5540 2391 5592 χως
2418 5524 2638 5591 ἀνάγων
2674 5529 2768 5576 τὸν
2814 5524 3215 5593 αὐτοκράτορα,
3251 5523 3307 5586 ὃς
3356 5521 3498 5586 αὐτῷ
3528 5510 3801 5586 φιλονείκως

2283 5615 2413 5668 ποτὲ
2447 5615 2850 5686 διαφερομένου
2894 5615 3211 5685 Φαϐωρίνου
3243 5614 3335 5668 τοῦ
3375 5610 3667 5681 φιλοσόφου.
3703 5597 3799 5660 έξδν

2224 5720 2234 5730 ·
2278 5708 2653 5773 ἀποκτείνειν,
2682 5709 2708 5759 ὁ
2735 5707 2789 5759 δὲ
2823 5708 3033 5777 οὐδαμῆ
3070 5706 3439 5777 παρωξύνετο,
3470 5698 3578 5753 ἀλλ’
3603 5698 3797 5753 ἐνεκαξλ·

2275 5802 2427 5870 τέρει
2461 5800 2537 5871 τῷ
2569 5801 2820 5872 μειλιχίῳ
2843 5801 2938 5855 τοῦ
2974 5802 3162 5872 ἤθους,
3195 5802 3303 5853 ἀπὸ
3330 5797 3419 5851 τοῦ
3450 5799 3557 5848 ἴσου
3583 5779 3792 5851 διαφερθ

2282 5911 2465 5964 μενος.
2497 5895 2590 5947 Διὸ
2628 5894 2909 5948 κὰνταίθυ.
2939 5895 3136 5965 μᾶλλον
3168 5896 3194 5947 ὀ
3229 5891 3472 5965 βασιλεὺς
3504 5877 3793 5951 ἐθαυμάζετο

2210 4571 2252 4625 D
