4064 6460
284 502 427 568 ιοῖτ
709 496 785 569 [Α.
825 513 875 554 c.
921 495 1084 570 1547}

1241 498 1687 579 ΒΥΖΑΝΤΙΝιΕ
1715 494 2100 559 HISTOBLE
2129 496 2274 559 LIB.
2301 495 2457 558 XVI.

3392 489 3533 555 1078

2590 488 2729 561 [ων.
2765 504 2812 545 ι.
2852 504 3141 546 omnem.
3186 486 3251 561 ί]

280 619 419 688 πρὸς
444 618 554 671 τῶν
580 618 870 687 παρόντων
901 617 989 672 διὰ
1017 618 1080 671 τὸ
1128 592 1222 670 τοῦ
1255 616 1422 687 ἦθους
1450 613 1683 690 ἥμερον,
1717 617 1861 687 ῆπερ

1973 610 2368 683 ωοείεκιιιιοό
2419 621 2564 667 esset
2611 611 2728 666 miti
2771 612 3010 682 ingenio,
3042 625 3206 681 quam
3253 624 3361 670 tne,
3389 609 3535 678 quod

280 708 394 776 ἐγὼ
422 706 512 762 διὰ
538 708 602 762 τὸ
631 708 725 763 τοῦ
751 707 914 778 ζήλου
945 709 1253 779 θυμοειδές.

355 822 432 877 Ζ’.
467 822 688 876 Τούτων
708 822 758 876 δ’
786 821 960 886 οὕτως
983 823 1239 894 ἐχόντων,
1269 822 1365 876 καὶ
1392 820 1537 875 οὕτω
1576 819 1864 892 χωρούσης

280 911 383 979 τῆς
417 910 529 965 τῶν
577 914 921 983 πραγμάτων
964 916 1161 983 τύχης,
1195 913 1305 967 οὐδ’
1354 913 1528 978 οὕτως
1563 909 1634 985 ἦν
1680 913 1861 985 ἡσυχῆ

283 1003 598 1074 καθήμενον
627 1003 816 1077 φέρειν
843 1004 945 1073 ἐμέ
974 1022 989 1036 ·
1019 1004 1136 1058 ἀλλ’
1166 1006 1499 1077 ἐδυσφόρουν
1527 1006 1621 1060 καὶ⁵
1659 1006 1863 1076 ῆσχαλ-

283 1093 396 1158 λον,
433 1093 529 1147 καὶ
565 1096 741 1163 μέσης
772 1094 974 1166 ἥπτετό
1009 1112 1111 1164 μου
1140 1099 1241 1160 τῆς
1290 1098 1518 1169 καρδίας
1547 1097 1608 1151 τὸ
1641 1098 1820 1161 πάθος
1842 1114 1857 1128 ·

283 1183 372 1255 [Ρ.
413 1184 541 1258 520]
577 1187 673 1240 καὶ
714 1188 907 1257 καιρδν
955 1191 1054 1257 τῆς
1103 1189 1244 1259 ἐμῆς
1274 1190 1500 1261 ἐζήτουν
1547 1190 1861 1262 προθέσεως

283 1278 435 1343 ἄξιόν
463 1296 537 1344 τι,
587 1280 718 1347 πρὶν
766 1279 870 1333 ὑπὸ
898 1278 1077 1344 λύπης
1119 1281 1337 1345 παθεῖν,
1375 1281 1716 1354 δεδρακέναι.
1750 1282 1860 1337 Τοῦ

282 1369 345 1423 δὲ
368 1370 563 1440 χρόνου
602 1370 909 1442 χωροῦντος
951 1373 1009 1435 ἐς
1034 1371 1097 1425 τὸ
1125 1372 1220 1426 τοῦ
1255 1373 1605 1444 φθινοπώρου
1659 1375 1858 1446 πέρας,

285 1459 477 1528 ἐπειδὴ
506 1460 585 1530 τῷ
621 1460 833 1529 βασιλεῖ
862 1461 953 1515 διὰ
987 1461 1271 1517 Ματθαῖον
1302 1464 1394 1516 τὸν
1425 1465 1560 1528 υίδν,
1601 1464 1679 1528 ώς
1706 1464 1863 1535 είρη-

284 1565 399 1614 ται,
428 1548 516 1603 διὰ
568 1550 808 1620 σπουδῆς
853 1553 1201 1620 ἀφικνεῖσθαι
1250 1558 1308 1618 ἐς
1344 1556 1730 1625 Διδυμότειχον
1767 1551 1860 1626 ἦν,

285 1639 375 1691 ῖνα
398 1640 463 1707 δὴ
493 1638 837 1708 λυπούμενον
864 1643 1073 1696 ἐκεῖνον
1105 1643 1606 1714 παραμυθούμενος
1635 1647 1730 1709 τὰς
1760 1644 1863 1713 τῆς

285 1714 558 1798 βάσιλίδος
614 1730 849 1800 Εἰρήνης
911 1734 1248 1801 ἐπαγγελίας
1296 1736 1385 1799 είςΔ
1430 1735 1593 1807 ἔργον
1651 1738 1863 1808 ἀγάγῃ,

285 1820 475 1876 τοῦτον
505 1821 614 1889 ἐγὼ
646 1825 739 1875 τὸν
767 1825 962 1895 καιρὸν
986 1827 1195 1895 ἀγαθὸν
1224 1829 1576 1898 ἡγησάμενος
1605 1830 1859 1900 ἕρμαιον,

286 1914 385 1964 καὶ
430 1914 545 1976 τοῖς
578 1917 978 1983 σκοπουμένοις
1028 1920 1291 1982 ἐπιεικῶς
1344 1937 1437 1990 μοι
1486 1923 1858 1991 προσήκοντα,

284 2008 551 2076 πρόσειμι
600 2009 898 2081 κατ’ρίδίαν
949 2012 1152 2083 Είρήνη
1203 2015 1268 2082 τῇ
1308 2013 1566 2082 βασιλίδι,
1614 2015 1709 2070 καὶ
1744 2017 1861 2086 ἅμα

282 2098 381 2151 τοῦ
420 2115 480 2151 τε
515 2096 682 2169 ζήλου
737 2101 897 2171 δῆλον
929 2101 1125 2173 τίθημι
1164 2105 1226 2158 τὸ
1263 2105 1462 2174 φλέγον
1495 2107 1589 2161 καὶ
1632 2107 1762 2170 τούς
1796 2125 1862 2175 γε

288 2186 434 2257 ὑπὲρ
482 2189 769 2254 εὐσεϐείας
815 2191 1097 2263 ἄνθρακας
1155 2195 1524 2250 άνακαλύπτω
1566 2199 1665 2269 τῆς
1721 2199 1863 2269 ἐμῆς

288 2281 540 2349 καρδίας,
568 2284 708 2336 κάπὶ
730 2285 834 2354 νέῳ
862 2288 958 2339 καὶ¹
985 2286 1291 2357 ἀκμάζοντι
1320 2290 1397 2360 τῷ
1430 2290 1523 2345 τοῦ
1546 2291 1740 2355 παιδὸς
1765 2293 1864 2363 τὴν

287 2372 520 2442 καρδίαν
547 2375 686 2438 τέως
735 2377 1122 2448 ἡσχολημένην
1164 2380 1353 2435 πένθει
1393 2381 1494 2452 τοῆς
1529 2383 1741 2437 ἐκείνου
1774 2401 1864 2438 τε·

286 2462 482 2532 λευτῆς
517 2466 842 2520 αίτιώτατον
872 2468 1112 2537 ἔφασκον
1143 2465 1287 2524 εῖναι
1309 2472 1410 2544 τὴν
1435 2472 1545 2526 τῶν
1572 2474 1864 2545 δογμάτων

288 2555 589 2609 κατάλυσιν
613 2573 628 2588 ο
656 2553 721 2628 ἦς
753 2558 781 2611 ό
808 2560 1019 2613 ἐκείνου
1050 2561 1239 2633 πατὴρ
1270 2563 1599 2636 ἐνδιαίτημα
1643 2568 1863 2636 βέϐαιον

291 2646 595 2719 πεπραχὼς
625 2650 723 2721 τὴν
745 2651 979 2719 καρδίαν
1007 2653 1275 2725 μεγίστην
1306 2659 1418 2720 τοῖς
1449 2660 1642 2721 κακοῖς
1674 2660 1865 2714 ἐδεδώ-

289 2757 381 2795 κει
412 2744 587 2811 ῥοπὴν
618 2746 698 2806 είς
725 2745 823 2814 τὴν
857 2746 956 2815 τῆς
988 2747 1188 2811 κακίας
1208 2749 1472 2805 ἐπίδοσιν.
1501 2753 1666 2806 Ταῦτ’
1689 2753 1864 2808 εἰπὼν

289 2836 388 2888 καὶ
419 2836 593 2891 πλείω
623 2840 731 2900 τοῖς
762 2839 1077 2910 εἰρημένοις
1115 2843 1388 2896 ἀκόλουθα
1434 2848 1770 2918 παρενείρας
1799 2852 1863 2903 ἐκ

289 2928 393 2995 τῆς
425 2930 657 3000 Γραφῆς
689 2933 821 3003 ῥᾷον
863 2933 896 3003 ἢ
938 2935 1081 2987 κατὰ
1130 2935 1232 2999 τὰς
1272 2939 1494 3002 ἐλπίδας
1523 2942 1693 3013 αὐτὴν
1735 2947 1865 2996 ἐπε-

289 3020 526 3076 πείκειν.
564 3023 850 3094 Ἀγχίνους
899 3026 1009 3095 γάρ
1055 3024 1191 3082 οὖσα
1222 3034 1378 3098 γυνὴ,
1427 3033 1525 3087 καὶ
1567 3034 1861 3107 δεισαμένη

292 3110 373 3182 μή
439 3113 633 3173 πένθος
684 3116 779 3168 ἐπὶ
840 3117 1026 3171 πένθει
1075 3121 1385 3193 προσλάϐῃρ
1422 3124 1863 3194 παροξυνομένου

287 3205 449 3271 Θεοῦ,
487 3206 718 3277 ξυνῆκεν
768 3210 931 3272 εὐθὺς
964 3212 1058 3264 καὶ
1101 3214 1394 3283 κράτιστος
1424 3211 1494 3286 ἦν
1538 3217 1633 3271 τοῦ
1671 3218 1863 3272 λοιποῦ

1970 703 2149 760 zelum
2190 704 2500 759 animosum
2532 702 2869 771 pmferrem.

2036 816 2151 875 VII.
2182 815 2310 873 Haec
2342 832 2468 871 cum
2499 815 2572 871 ita
2602 825 2808 882 essent,
2837 826 2895 871 et
2926 817 2981 871 in
3009 816 3157 871 hunc
3189 814 3413 868 modum
3450 830 3540 868 res

1964 910 2345 976 succederent,
2377 925 2488 965 nec
2525 919 2639 965 tum
2663 910 2889 979 quidem
2917 910 3071 980 potui
3103 909 3323 979 quietus
3348 911 3540 963 sedere.

1966 1007 2023 1055 et
2070 1001 2349 1071 patienter
2404 999 2595 1067 ferre;
2642 1000 2738 1055 sed
2804 1016 2947 1071 :cgre
2995 1002 3092 1055 tttli
3139 1013 3194 1056 et
3226 1000 3541 1070 indignatus

1964 1105 2111 1154 sunt,
2137 1098 2196 1145 et
2220 1090 2474 1145 intimum
2502 1100 2699 1161 pectus
2723 1091 2882 1145 dolor
2910 1092 3125 1157 attigit;
3153 1100 3316 1160 atque
3342 1106 3543 1160 oppor-

1965 1191 2159 1237 tunum
2193 1198 2261 1237 ex
2292 1197 2361 1237 eo
2387 1192 2602 1252 tempus
2630 1158 2868 1252 cairtavi,
2902 1193 2963 1237 ut
2988 1191 3281 1252 antequam
3315 1182 3540 1236 maerori

1963 1274 2409 1338 succumberem,
2458 1273 2665 1343 aliquid
2701 1274 2985 1343 proposito
3023 1288 3148 1328 meo
3178 1272 3402 1342 dignum
3443 1289 3542 1325 na-

1934 1362 2173 1420 ‘varem.
2206 1365 2481 1436 Tempore
2529 1367 2716 1434 itaque
2742 1362 3244 1435 procedente,’sub
3289 1367 3539 1418 autumni

1963 1455 2151 1520 ﬂuent,
2192 1470 2316 1509 cum
2371 1455 2456 1526 (ut
2501 1454 2763 1526 diximus)
2810 1440 3115 1525 imperator
3166 1455 3401 1510 Mattlta-i
3444 1456 3540 1508 filii

1966 1562 2136 1602 causa
2168 1547 2614 1619 Didymoticltum
2646 1549 2725 1604 ire
2752 1541 3060 1609 festinaret,
3098 1550 3308 1603 tristem
3340 1549 3540 1602 videli-

1965 1648 2056 1695 cet
2104 1653 2231 1694 eum
2262 1638 2673 1703 consolaturus,
2705 1649 2764 1695 et
2796 1623 3166 1711 imperatricis
3203 1641 3388 1695 irencs
3418 1657 3544 1708 pro-

1964 1731 2133 1786 missa
2166 1730 2520 1802 perfecturus
2549 1748 2567 1798 ;
2594 1730 2731 1786 illud
2762 1746 2864 1800 ego
2895 1741 3111 1801 tempus
3152 1732 3205 1784 in
3253 1732 3410 1785 luero
3445 1732 3545 1784 de-

1963 1832 2184 1893 putans,
2220 1830 2279 1878 et
2334 1823 2470 1878 tnilti
2518 1823 2587 1878 ad
2624 1837 2689 1878 ea
2719 1839 2843 1891 quae
2878 1823 3208 1885 meditabar,
3244 1822 3403 1875 valde
3448 1838 3545 1889 op-

1966 1925 2272 1985 portunum
2343 1924 2519 1978 ratus.
2574 1915 2978 1987 imperatricem
3033 1915 3228 1969 lrenen
3282 1916 3538 1984 privatim

1962 2006 2278 2071 convenio;
2308 2006 2410 2060 zeli
2440 2005 2719 2061 fervorem
2767 2004 3007 2070 declaro,
3039 2014 3093 2059 et
3132 2006 3374 2059 animum
3418 2003 3543 2057 reli-

1965 2094 2147 2165 gionis
2170 2110 2361 2153 amore
2391 2095 2784 2151 inﬂammatum
2812 2097 3025 2167 aperio.
3055 2095 3326 2163 Quoniam
3358 2106 3539 2149 autem

1966 2187 2173 2241 recenti
2212 2195 2272 2242 et
2307 2187 2481 2243 crudo
2529 2187 2628 2242 filii
2669 2188 2871 2243 mortui
2905 2187 3180 2242 desiderio
3217 2186 3387 2240 teneri
3426 2186 3543 2239 atti-

1966 2292 2122 2332 mum
2158 2278 2283 2348 ejus
2331 2279 2615 2345 videbam,
2655 2294 2875 2335 causam
2917 2281 3038 2350 ejus
3088 2279 3280 2332 mortis
3318 2277 3541 2332 verissi-

1965 2384 2111 2424 mam
2155 2385 2279 2427 esse
2328 2370 2541 2426 aiiirmo
2590 2372 2907 2443 degmatum
2959 2373 3392 2441 corruptionem,
3448 2368 3540 2422 cui

1968 2469 2125 2529 pater
2154 2462 2397 2518 defuncti
2430 2464 2642 2517 ﬁrmam
2679 2464 2866 2518 sedem
2892 2479 2993 2518 suo
3027 2464 3081 2517 in
3117 2463 3284 2519 corde
3314 2462 3540 2523 fixisset.

1965 2569 2031 2608 ac
2063 2557 2297 2625 proinde
2345 2557 2644 2611 maximum
2673 2556 2943 2627 improbis
2976 2556 3194 2625 pondus
3220 2555 3285 2609 ad
3319 2555 3543 2609 sceleris

1968 2646 2368 2702 incrementum
2396 2647 2720 2703 addidisset.
2748 2647 2875 2703 Haec
2892 2648 3132 2721 locutus,
3148 2664 3271 2702 cum
3302 2654 3359 2702 et
3387 2647 3541 2717 plura

1967 2737 2054 2791 ltis
2086 2736 2268 2792 aﬂinia
2302 2754 2368 2793 ex
2399 2753 2555 2794 sacra
2588 2738 2875 2809 Scriptura
2920 2738 3382 2805 interseruissem,
3407 2738 3540 2793 faci-

1965 2830 2073 2885 lius
2091 2830 2259 2903 826
2289 2847 2451 2901 quam
2471 2846 2821 2902 speraveram
2839 2832 2986 2887 illam
3008 2830 3543 2903 permovi.Prudens

1965 2928 2167 2994 quippe
2197 2925 2417 2989 mulier,
2445 2925 2621 2981 verita
2656 2941 2726 2981 ne
2752 2925 2864 2980 Deo
2896 2925 3230 2981 exacerbato
3265 2926 3435 2980 alium
3472 2941 3542 2980 ex

1965 3019 2073 3073 alio
2120 3019 2332 3076 luctum
2381 3020 2680 3089 acciperet,
2732 3019 3006 3075 intellexit
3050 3022 3256 3085 statim,
3289 3031 3346 3077 et
3401 3024 3540 3077 meis

1966 3108 2152 3164 verbis
2178 3111 2448 3165 acerrime
2476 3110 2678 3167 deinde
2707 3111 3047 3180 patrocinata
3077 3121 3163 3167 est
3190 3128 3206 3177 ;
3244 3129 3346 3168 nec
3376 3113 3543 3169 desiit

1966 3216 2034 3254 ex
2058 3216 2127 3257 eo
2166 3201 2426 3257 insectari
2472 3210 2529 3257 et
2559 3202 2941 3258 acerbioribus
2968 3203 3132 3258 dictis
3170 3204 3328 3275 lupos
3359 3203 3545 3260 Eccle-

284 3300 407 3362 τοῖς
427 3300 578 3369 ἐμοῖς
609 3301 909 3371 συνήγορος
934 3302 1135 3369 λόγοις,
1157 3306 1361 3373 ἥκιστά
1381 3320 1440 3359 τε
1467 3308 1679 3362 ἐκεῖθεν
1698 3310 1860 3380 ἔληγε

1966 3296 2062 3348 sire
2088 3294 2385 3350 incessere.
2423 3293 2605 3365 Cmpit
2638 3295 2839 3351 deinde
2880 3312 3062 3352 meum
3097 3313 3297 3353 nomen
3330 3299 3382 3354 in
3424 3315 3544 3353 om-

287 3389 609 3460 λοιδοροῦσα
660 3396 756 3446 καὶ
804 3394 1186 3467 σκληροτέροις
1218 3398 1345 3461 τοὺς
1395 3399 1497 3469 τῆς
1536 3401 1863 3472 Ἐκκλησίας

286 3484 488 3547 λύκους
525 3484 796 3556 βάλλουσα
848 3485 1204 3557 σκώμμασιν.
1248 3490 1531 3545 Ἐντεῦθεν
1569 3494 1773 3563 τούμὸν
1802 3495 1861 3547 ἐν

282 3579 494 3638 πάσαις
521 3578 704 3630 ἔκειτο
732 3577 1004 3646 γλώσσαις
1038 3580 1230 3649 δνομα,
1257 3584 1492 3651 πρᾶγμα
1515 3586 1862 3651 τετελεκότος

284 3667 493 3738 μικροῦ
523 3672 637 3730 τοῖς
676 3672 819 3732 ὅλοις
852 3672 1207 3740 ἀπογνωσθὲν
1238 3666 1330 3726 καὶ
1362 3674 1587 3745 ἥκιστα,
1621 3680 1750 3748 πρὶν
1781 3683 1863 3743 είς

287 3760 451 3830 ἔργον
487 3759 685 3823 ἐλθεῖν,
718 3761 1097 3830 ἐλπιζόμενον.
1136 3763 1307 3816 Τοῦτο
1339 3768 1459 3829 ταῖς
1489 3767 1862 3836 όδυνωμέναις

293 3850 431 3920 ὑπὲρ
460 3850 557 3920 τῆς
603 3851 929 3920 Ἐκκλησίας
970 3852 1169 3922 ψυχαῖς
1199 3854 1383 3922 ἡδείας
1412 3856 1687 3926 ἀναπνοῆς
1716 3876 1861 3921 τινος

292 3940 468 4003 ἔδοξεν
508 3943 607 4012 ἔαρ
642 3949 738 3996 καὶ
784 3945 993 4011 γλυκὺς
1047 3946 1322 4014 Οησμυρὸς
1368 3948 1732 4018 εὐφροσύνης,
1767 3954 1862 4004 καὶ

287 4034 414 4088 οὐδὲ
462 4037 652 4107 πόρρω
708 4036 961 4107 χρηστῶν
995 4054 1158 4090 τινων
1210 4034 1278 4108 ἦν
1312 4038 1570 4103 ἐλπίδων,
1618 4042 1731 4095 οὐδ’
1779 4044 1862 4098 ἔτι

288 4125 441 4195 μέγα
471 4131 656 4181 πεῖσαι
687 4132 792 4180 καὶ·
810 4128 1034 4198 βασιλέα
1066 4129 1276 4197 λοιπὸν,
1329 4132 1724 4204 συμμαχούσης
1758 4136 1862 4207 ἤδη

285 4219 358 4288 τῇ
391 4214 621 4288 ἀληθείᾳ
655 4220 750 4271 καὶ
790 4219 1084 4289 βασιλίδος.

307 4391 315 4399 η
360 4348 448 4404 Η’.
474 4350 638 4406 Ταῦτ’
669 4351 771 4404 οὐκ
797 4346 866 4423 ἦν
911 4353 1118 4407 ἀνεκτά
1149 4352 1383 4425 διαϐόλῳ
1417 4356 1510 4409 καὶ
1550 4358 1665 4421 τοῖς
1688 4340 1864 4428 ’ἀγγέ-

1967 3386 2122 3440 nium
2171 3401 2268 3441 ore
2304 3387 2536 3452 versari,
2571 3386 2810 3458 perfecta
2867 3404 2951 3454 re,
3002 3405 3125 3459 quae
3148 3391 3240 3445 ‘ab
3285 3392 3543 3446 omnibus

1962 3475 2139 3532 ferme
2169 3477 2458 3547 desperata
2491 3488 2629 3544 erat,
2663 3488 2721 3535 et
2748 3481 3072 3550 priusquam
3109 3483 3346 3551 perfecta
3369 3495 3537 3547 esset,

1964 3568 2194 3624 ntinime
2246 3571 2365 3625 fieri
2418 3586 2578 3641 posse
2634 3572 2942 3631 videbatur.
2993 3574 3047 3627 ld
3104 3575 3304 3649 animis
3368 3575 3537 3628 vicem

1963 3660 2223 3716 Ecclesiae
2254 3662 2570 3717 dolentibus
2603 3663 2779 3718 instar
2805 3667 2951 3718 veris
2990 3664 3115 3727 fttit,
3152 3666 3536 3719 suavissimam

1963 3768 2155 3807 auram
2204 3753 2541 3822 aspirantis;
2592 3753 2638 3807 is
2681 3755 2983 3823 voluptatis
3027 3753 3320 3808 thesaurus
3359 3755 3540 3811 dulcis

1967 3845 2187 3899 habitus
2216 3852 2299 3900 est
2326 3861 2340 3909 ;
2368 3860 2469 3900 nec
2498 3846 2659 3914 longe
2704 3861 2733 3899 a
2767 3847 2909 3900 bona
2951 3846 3135 3917 aliqua
3164 3862 3261 3916 spe
3290 3848 3537 3911 aberam,

1966 3950 2071 3991 nec
2118 3935 2384 4005 deinceps
2440 3940 2673 3991 arduum
2721 3944 2841 3991 erat
2889 3937 3276 4005 imperatorem
3318 3953 3539 4007 quoque

1963 4024 2205 4091 flectere,
2255 4040 2380 4081 cum
2408 4028 2519 4095 jam
2567 4026 2704 4100 ipsa.
2733 4026 3052 4096 imperatrix
3102 4027 3390 4083 nobiscum
3440 4045 3539 4100 pro
3627 4078 3636 4089 ,

1963 4117 2195 4172 veritate
2226 4125 2514 4186 pugnaret.

2032 4360 2169 4416 Vili.
2208 4359 2282 4415 Ea
2316 4360 2533 4416 diabolo
2558 4370 2615 4416 et
2661 4361 2870 4431 angelis
2897 4362 3021 4433 ejus
3052 4363 3357 4418 tolerabilia
3392 4364 3540 4418 haud

286 4446 403 4506 λοις
462 4442 663 4498 αὐτοῦ·
710 4444 846 4498 ἀλλὰ
903 4444 1134 4514 θόρυϐος
1179 4447 1322 4515 σφᾶς
1368 4447 1732 4517 ὴγκαλίζετω
1769 4453 1861 4505 καὶ

1964 4454 2229 4521 fuerunt;
2286 4454 2382 4508 sed
2451 4469 2550 4510 eos
2605 4455 2900 4524 trepidatio
2947 4456 3181 4521 invasit,
3231 4468 3287 4512 et
3344 4459 3541 4526 quavis

290 4537 502 4607 μυρίων
530 4536 777 4590 θανάτων
805 4532 873 4607 ἦν
901 4536 1329 4608 φορτικώτερον.
1366 4540 1458 4591 Διὸ
1502 4543 1598 4593 καὶ
1635 4542 1771 4613 πρδς
1801 4542 1861 4596 ἓν

1966 4556 2144 4615 morte
2188 4545 2413 4615 gravius
2465 4544 2517 4598 id
2568 4544 2636 4599 iis
2676 4546 2855 4601 vlsutu
2902 4555 3010 4600 est.
3049 4546 3299 4602 Coitionc
3357 4547 3541 4617 itaque

286 4629 670 4699 ἀθροιζόμενοι
705 4629 962 4700 σύστημα
1003 4631 1225 4695 πάντες,
1260 4633 1447 4686 ὁπόσοι
1479 4635 1577 4703 τῆς
1622 4638 1861 4706 πονηρᾶς

1968 4633 2131 4696 facta,
2175 4635 2495 4704 quicunque
2540 4649 2709 4703 pravo
2745 4634 2814 4688 de
2865 4650 3029 4706 grege
3080 4637 3261 4705 partiti
3310 4636 3451 4691 inter
3480 4656 3540 4692 sc

288 4722 526 4790 φατρίας
557 4721 654 4785 τὰς
681 4722 791 4773 τῶν
817 4723 876 4774 ἐν
906 4721 1189 4793 Βυζαντίῳ
1234 4725 1665 4795 φροντιστηρίων
1689 4727 1861 4781 διέλα-

1968 4724 2182 4778 fuerant
2213 4725 2636 4796 Byzantinorum
2669 4726 3127 4781 monasteriorum
3161 4727 3540 4795 praefecturas,

287 4828 385 4882 χον
413 4812 722 4883 προεδρίας,
757 4814 851 4865 καὶ
882 4815 988 4881 πρό
1016 4830 1080 4882 γε
1110 4814 1323 4868 τούτων
1351 4817 1378 4868 ό
1416 4816 1509 4868 τὸν
1536 4834 1861 4888 πατριαρχι-

1965 4827 2022 4870 et
2071 4825 2197 4870 ante
2239 4815 2339 4870 hos
2372 4816 2417 4870 is
2452 4816 2545 4887 qui
2597 4817 3018 4886 patriarcltalem
3064 4820 3250 4872 sedent
3293 4820 3537 4882 tenebat,

287 4906 386 4957 κον
412 4902 552 4973 ἔχων
598 4905 868 4974 Ἰσίδωρος
920 4904 1133 4975 θρόνον,
1193 4905 1507 4977 προσῄεσαν
1552 4906 1765 4979 Εἰρήνῃ
1795 4912 1860 4980 τῇ

1967 4908 2246 4976 lsidorus,
2302 4909 2371 4965 ad
2424 4910 2833 4980 imperatriceut
2888 4912 3081 4967 lrenen
3134 4914 3435 4978 accedunt,
3485 4924 3547 4989 et

289 4996 545 5067 βασιλίδι,
582 4996 786 5064 πολλὴν
810 4998 946 5065 ἐμοῦ
977 4996 1216 5068 δρῶντες
1248 5003 1314 5070 τῇ
1343 4999 1558 5071 γλώττῃ
1599 5002 1865 5067 καταδρο-

289 5082 417 5158 μὴν,
458 5090 554 5141 καὶ
613 5088 814 5151 πολλὰς
857 5090 1221 5159 καταχέοντες
1274 5090 1564 5160 λοιδορίας,
1621 5095 1713 5147 καὶ
1765 5095 1862 5166 τὴν

284 5178 427 5250 ἐμὴν
458 5178 814 5245 ἀποσείεσθαι
863 5179 1075 5233 πείθειν
1113 5180 1517 5251 ἐπιχειροῦντες
1558 5182 1864 5254 ὁλοσχερῶς

285 5273 527 5340 ὁμιλίαν.
573 5273 725 5325 Ἐπεὶ
753 5272 808 5324 δέ
836 5272 1007 5325 πολλὰ
1038 5274 1385 5344 μογήσαντες
1406 5275 1613 5344 ἤνυσαν
1649 5276 1747 5344 μὲν
1774 5278 1863 5329 ού-

282 5363 397 5424 δὲν,
436 5362 733 5434 ἠλαύνοντο
777 5363 822 5416 δ’
853 5364 954 5416 οὐκ
1008 5363 1137 5416 ἄνευ
1190 5363 1464 5434 μέμψεων,
1495 5366 1706 5419 ἐκεῖθεν
1759 5384 1863 5435 μα-

286 5455 457 5522 κρῶν,
492 5455 797 5524 γράμματα
850 5456 907 5516 ἐς
960 5454 1194 5524 βασιλέα
1241 5457 1343 5527 τὴν
1380 5457 1488 5509 τῶν
1537 5459 1863 5533 ἀποϐάντων

285 5550 479 5619 ἔχοντα
506 5550 742 5620 δήλωσιν
774 5550 1111 5620 πέμπουσιν,
1144 5551 1428 5617 ἀξιοῦντες
1459 5553 1735 5621 ἀφέμενον
1762 5555 1859 5605 ὅσα

282 5641 337 5694 oi
367 5642 472 5695 άνὰ
503 5645 694 5713 χεῖρας
728 5642 918 5713 ἔτυχεν
952 5642 1080 5695 ὄντα
1114 5643 1394 5712 δημοσίων
1437 5645 1739 5715 φροντίδων
1764 5647 1861 5712 γέ-

288 5736 795 5805 μονταςπράγματα
822 5737 879 5797 ἐς
908 5733 1200 5798 Βυζάντιον
1225 5735 1462 5806 τάχιστα
1487 5736 1859 5803 ἀφικνεῖσθαι,

286 5824 444 5890 σφῶν
501 5824 840 5895 βοηθήσοντα
885 5825 1034 5898 δόξῃ,
1088 5825 1477 5897 κινδυνευούσῃ
1525 5828 1594 5879 τά
1644 5827 1857 5897 καίρια,

287 5916 382 5968 καὶ
408 5916 511 5969 ὅσα
529 5916 622 5971 ἐπὶ
643 5915 852 5982 τούτοις
880 5916 1145 5989 ἀκόλουθα
1170 5912 1239 5989 ἦν
1267 5917 1343 5989 τῷ
1372 5916 1558 5989 σκοπῷ
1581 5933 1595 5949 .
1623 5915 1705 5987 [p‘
1734 5918 1824 5971 δε,
1840 5916 1858 5989 1

1966 4998 2150 5067 lingua
2204 4999 2259 5053 in
2313 5016 2400 5053 me
2448 4998 2652 5054 acriter
2705 4989 3145 5058 invecti-multis
3193 5020 3282 5060 me
3321 5006 3542 5075 probris

1965 5091 2324 5161 coeperiunt,
2376 5091 2561 5161 eique,
2598 5101 2659 5147 ut
2706 5092 2777 5148 ab
2825 5097 2975 5149 omni
3033 5112 3263 5167 prorsus
3321 5114 3538 5153 mecum

1965 5182 2375 5239 consuetudine
2426 5185 2737 5250 abstineat,
2790 5188 3127 5256 persuadere
3173 5191 3535 5244 contendunt.

1967 5275 2073 5331 Sed
2111 5294 2235 5331 cum
2272 5276 2345 5331 illi
2374 5292 2571 5347 magno
2610 5276 2802 5333 labore
2836 5294 2949 5335 non
2978 5279 3147 5337 modo
3173 5280 3314 5334 ttibil
3347 5296 3540 5335 conse-

1966 5369 2078 5423 cuti
2106 5378 2313 5434 essent,
2343 5370 2435 5423 sed
2467 5378 2518 5423 et
2553 5367 2681 5425 inde
2720 5385 2827 5424 non
2861 5370 2981 5427 sine
3010 5371 3197 5426 multis
3237 5373 3537 5439 reprehen-

1967 5460 2219 5514 sionibus
2258 5459 2436 5514 exacti
2491 5469 2718 5524 essent,
2773 5459 2988 5516 litteras
3034 5463 3099 5516 ad
3150 5462 3533 5530 imperatorem

1964 5552 2213 5616 mittunt,
2256 5566 2320 5605 ea
2373 5566 2496 5622 qua:
2542 5551 2859 5606 acciderant
2907 5551 3302 5618 significantes,
3348 5563 3538 5621 postn-

1964 5641 2209 5708 lantque,
2248 5649 2307 5694 ut
2339 5638 2559 5693 omissis
2597 5640 2852 5711 negotiis,
2876 5641 3042 5711 827
3072 5657 3194 5712 quat
3220 5642 3456 5723 plurima
3483 5654 3539 5697 et

1963 5732 2221 5788 civilibus
2277 5736 2427 5789 euris
2473 5734 2635 5803 plena
2687 5749 2801 5804 prae
2852 5735 3107 5792 manibus
3164 5745 3298 5791 tunc
3352 5748 3534 5802 erant,

1968 5823 2286 5894 Byzantium
2338 5824 2580 5893 advolet,
2619 5840 2812 5881 eorum
2852 5826 3083 5897 gloriam
3140 5832 3192 5883 itt
3224 5838 3534 5885 extremum

1966 5918 2263 5975 discrimen
2294 5918 2585 5977 adductam
2621 5917 2972 5976 defensurus.
3027 5920 3123 5978 llis
3175 5922 3281 5978 alia
3331 5921 3536 5979 addunt
