4064 6494
363 472 377 481 ·
488 437 623 508 1081

836 436 916 516 μ.
944 453 996 497 α.
1030 439 1191 515 1548]

1406 450 1856 512 ΒΥΖΑΝΤΙΝΑΞ
1894 451 2286 513 HlSTORl/E
2324 454 2472 518 LIB.
2508 452 2663 516 XVI.

2345 263 2433 278 ,ηια

2794 453 2929 526 [ων.
2957 469 3003 510 t.
3043 468 3340 510 cmncuz.
3388 452 3448 527 2]

3598 458 3741 524 1092

418 632 431 645 κ
484 556 597 612 τῶν
619 556 961 629 δεδογμένων
1007 562 1282 619 ποιεῐσθαι
1314 565 1537 638 βουλὴν,
1577 568 1652 639 μὴ
1700 560 1954 641 θόρυϐον,
1984 568 2049 634 ὡς

2164 569 2233 625 dc
2270 570 2339 626 iis
2364 570 2555 634 rebus,
2584 586 2705 642 qua:
2735 572 2974 628 decrette
3005 585 3234 660 essent;
3268 575 3438 645 829
3480 589 3547 631 ne
3579 576 3624 631 is
3656 587 3737 631 tn-

485 651 1010 723 περιφρονούμενος,
1043 655 1217 710 ἐπιὼν
1260 657 1565 731 άναφλέξῃ,
1602 661 1703 729 τὴν
1734 660 1831 715 τοῦ
1883 661 2055 732 μόθου

483 738 581 793 τοῦ
625 740 876 797 Ἀττικοῦ
912 745 1256 817 μιμούμενος
1289 748 1449 820 Ἔριν
1492 750 1736 820 ἐκείνην,
1768 754 1835 823 ἢν
1866 752 1944 823 τῷ
1976 768 2065 805 τε-

488 830 718 901 ρατώδει
761 833 859 887 τοῦ
909 835 1084 906 μήλου
1143 838 1410 911 μεγίστην
1443 841 1616 895 πάλαι
1647 844 1815 910 φασὶν
1844 843 2060 913 ὑφάψαι

484 923 732 987 στάσεως
759 927 935 995 φλόγα
972 930 1066 983 καὶ
1111 931 1296 1003 μάχην
1332 932 1416 1003 τῷ
1445 934 1554 988 τῶν
1600 926 1742 990 θεῶν
1774 937 2057 1009 συνεδρίῳ,

483 1012 567 1066 ὅτι
600 1012 676 1085 μὴ
718 1018 776 1077 ις
803 1017 907 1087 τὴν
947 1021 1135 1092 κοινὴν
1164 1021 1380 1092 ἐκείνην
1404 1023 1516 1076 τῶν
1560 1025 1663 1096 τῆς
1695 1016 1912 1091 Θέτιδος
1954 1028 2059 1097 γά-

489 1122 606 1176 μων
639 1107 926 1177 τράπεζαν
976 1113 1248 1185 ἐσεκλήθη
1289 1117 1388 1169 καὶ
1421 1116 1584 1187 αὕτη.
1639 1118 1736 1172 Διὰ
1767 1118 1832 1190 δὴ
1887 1120 2062 1176 ταῦτα

490 1200 890 1271 μετάπεμπτος
921 1205 985 1258 ἐκ
1017 1206 1402 1279 Διδυμοτείχου
1434 1215 1529 1266 καὶ
1572 1211 1833 1281 Παλαμᾶς
1865 1214 1921 1275 ἐς
1956 1213 2060 1265 Βυ-

410 1315 437 1377 ri
484 1288 700 1354 ζὰντιον
748 1294 981 1365 τάχιστα
1033 1298 1270 1366 γίνεται.
1323 1301 1435 1355 Καὶ
1490 1303 1575 1356 ῐνα
1617 1306 1720 1355 τὸν
1780 1305 1930 1374 μέσῳ
1966 1304 2061 1358 τοῦ

485 1383 749 1453 φορτικοῦ
785 1387 947 1457 χάριν
976 1390 1259 1458 παρέλθω,
1293 1394 1599 1463 πρὸς-,τοὺς
1637 1397 1764 1451 κατ’
1794 1398 1930 1467 ἐμοῦ
1961 1399 2062 1452 καὶ

482 1474 647 1539 αὐτὸς
699 1476 927 1546 ὁμοίως,
981 1482 1187 1550 μᾶλλον
1233 1484 1281 1538 δ’
1307 1489 1487 1541 είπείν
1547 1489 1876 1558 οἰκειότερον
1915 1491 2060 1544 κατὰ

480 1566 593 1619 τῶν
617 1567 719 1639 τῆς
752 1569 1088 1643 Ἐκκλησίας
1109 1574 1421 1655 δογμάτων,
1452 1580 1724 1650 πολέμους
1753 1582 2058 1649 ὁπλίζεται.

482 1656 593 1710 Καὶ
621 1658 813 1729 ἐπειδὴ
851 1660 946 1716 τδν
971 1664 1161 1732 ἀγῶνα
1198 1665 1374 1736 θυμοῦ
1402 1656 1513 1723 καὶ
1549 1670 1854 1737 κενοδοξίας
1885 1673 2062 1727 πνέων

481 1748 658 1820 εἰσῄει
690 1755 936 1821 μακρᾶς,
970 1752 1109 1824 ἐμοῦ
1142 1758 1352 1828 μηδένα
1377 1761 1651 1832 πάρεδρον
1674 1761 1890 1834 ἔχοντος
1923 1763 2060 1833 σύμ-

483 1856 681 1912 μαχον,
714 1844 856 1914 πλὴν
887 1849 1052 1919 μόνου
1082 1849 1244 1913 Θεοῦ,
1277 1851 1532 1924 καθάπερ
1560 1854 1658 1908 καὶ
1698 1855 1755 1918 ές
1777 1856 1908 1919 τοὺς
1934 1856 2060 1927 πρό-

478 1946 640 2002 τριτα
701 1933 1007 2004 διαλόγους,
1069 1939 1233 2004 αὐτὸς
1281 1942 1423 2011 πρός
1473 1959 1538 2010 γε
1572 1944 1688 2008 τοῖς
1736 1944 1916 2007 ἄλλοις
1959 1947 2057 1999 arati.

478 2023 641 2087 αὐτὸν
671 2023 923 2110 βασιλέα,
951 2027 1011 2082 τὸ
1035 2029 1136 2100 τῆς
1188 2032 1372 2102 ἰσχύος
1406 2033 1721 2103 κεφάλαιον,
1761 2034 2056 2105 κράτιστον

437 2136 451 2148 ·
477 2111 592 2186 εἷχε
649 2117 963 2189 σύμμαχον.
1004 2123 1074 2176 ’Δ
1122 2123 1231 2193 μὲν
1254 2123 1349 2179 οὖν
1385 2125 1510 2195 ἐμοί
1559 2143 1620 2182 τε
1666 2129 1944 2192 κάκείνοις
1994 2130 2055 2183 ιν

477 2209 790 2279 προοιμίοις
843 2211 1154 2283 λελάληται,
1214 2216 1488 2288 μηδεμιᾶς
1523 2219 1583 2282 ἐς
1618 2218 1719 2290 τὴν
1765 2219 2053 2291 παροῦσαν

477 2299 760 2370 ἀφήγησιν
788 2302 984 2373 ἔχοντα
1012 2306 1204 2376 χρείας
1227 2309 1501 2380 ἀνάγκην,
1538 2313 1721 2381 σιωπῇ
1768 2311 2052 2382 παρατρέ-
2087 2313 2097 2323 ”

477 2404 596 2459 χειν
626 2392 968 2465 κεκρίκαμεν
992 2396 1122 2451 δεῖν.
1159 2398 1240 2453 Τά
1260 2399 1305 2452 δ’
1341 2399 1540 2471 ἑφεξῆς
1567 2398 1717 2473 εἶχεν
1743 2401 1910 2458 οὕτω.

2167 663 2424 727 multum,
2448 664 2600 718 velut
2637 664 2949 734 despectus,
2984 667 3295 720 interventu
3327 682 3429 720 suo
3455 667 3740 731 excitaret,

2164 754 2313 809 illam
2365 753 2550 809 fabula
2581 754 2757 810 Attica
2798 755 3141 812 decantatam
3183 758 3523 813 Discordiam
3559 760 3744 814 imita-

2165 854 2362 909 turus,
2416 861 2536 915 qure
2586 846 2736 914 pomi
2807 847 3060 919 prodigio
3117 851 3402 906 maximam
3455 850 3744 905 seditionis

2161 936 2435 990 ﬂammam
2466 946 2523 990 et
2548 952 2791 1008 pugnam
2828 939 2883 992 in
2924 941 3160 999 concilio
3188 941 3416 996 deorum
3452 943 3577 996 ideo
3605 944 3738 996 olim

2161 1028 2485 1084 accendisse
2534 1028 2763 1091 dicitur,
2818 1030 2951 1098 quia
3011 1030 3077 1084 ad
3144 1045 3437 1086 commune
3497 1033 3630 1086 illud
3686 1042 3744 1088 et

2160 1118 2410 1188 nuptiale
2439 1118 2694 1173 Thetidis
2724 1118 3043 1174 convivium
3076 1130 3269 1174 vocata
3315 1120 3462 1174 haud
3521 1120 3739 1174 fuisset.

2161 1211 2532 1276 Quamobrem
2612 1211 3002 1282 Didymotiebo
3059 1213 3362 1267 arcessitus
3419 1212 3790 1281 Byzantiutn'

2160 1307 2399 1360 accurrit
2429 1316 2484 1361 et
2511 1306 2784 1362 Palamas.
2815 1308 2995 1377 Atque
3020 1315 3081 1361 ut
3110 1306 3317 1361 τειειὶιιίἰ
3341 1308 3552 1362 vitandi
3577 1322 3741 1361 causa

2160 1413 2223 1452 ea
2261 1397 2537 1462 omittam,
2581 1413 2703 1467 otiae
2757 1398 3052 1468 interjecto
3110 1408 3353 1467 tempore
3397 1399 3739 1463 acciderunt,

2160 1490 2399 1559 accingit
2424 1489 2589 1544 etiam
2624 1490 2717 1545 ille
2747 1504 2807 1545 se
2835 1490 2903 1545 ad
2938 1490 3139 1545 bellum
3173 1490 3330 1557 mihi,
3365 1490 3474 1543 imo
3505 1489 3590 1561 (ut
3614 1504 3744 1544 con-

2159 1582 2444 1649 gruentius
2491 1581 2704 1652 loquar)
2747 1582 2918 1637 sacris
2981 1581 3240 1637 Ecclesiae
3275 1581 3548 1652 dogmatis
3600 1580 3743 1635 infe-

2164 1672 2420 1727 rendum.
2451 1672 2703 1743 Cumque
2725 1674 2779 1729 in
2810 1683 3095 1730 certamen
3125 1673 3524 1736 descendisset,
3553 1672 3745 1743 ingen-

2163 1771 2271 1817 tem
2300 1764 2559 1834 spiritum
2581 1773 2641 1820 et
2658 1777 2910 1833 magnam
2937 1764 3309 1834 arrogantiam
3332 1778 3443 1833 prae
3461 1778 3519 1817 se
3536 1762 3739 1828 ferens,

2160 1871 2260 1927 ego
2287 1855 2511 1925 quidem
2551 1856 2832 1911 neminem
2880 1854 3178 1920 habebam,
3208 1855 3304 1925 qui
3342 1855 3479 1909 mihi
3521 1854 3742 1908 adesset

2163 1963 2229 2004 ac
2261 1956 2636 2010 succurreret,
2691 1947 2801 2002 Deo
2831 1955 3087 2017 excepto,
3119 1945 3266 2002 sicut
3290 1961 3399 2001 nec
3428 1947 3483 2000 in
3528 1945 3620 1999 illa
3653 1943 3739 1998 di-

2161 2039 2503 2109 sputatione,
2540 2054 2663 2109 qua:
2704 2037 2889 2093 habita
2946 2037 3131 2093 triduo
3185 2045 3314 2092 ante
3363 2036 3584 2102 fuerat;
3633 2035 3739 2090 iste

2159 2136 2367 2192 autetn,
2384 2137 2583 2197 praeter
2598 2137 2851 2192 caeteros,
2870 2129 3047 2198 ipsum
3074 2140 3298 2196 quoque
3325 2126 3737 2195 imperatorem,

2159 2206 2217 2274 in
2249 2233 2361 2288 quo
2407 2232 2623 2273 summa
2673 2219 2895 2274 roboris
2944 2226 3087 2282 erat,
3136 2217 3467 2271 acerrimqu
3496 2215 3738 2283 habebat

2159 2317 2663 2380 propugnatorem.
2718 2309 2852 2376 Quae
2902 2309 3076 2381 igitur
3139 2325 3241 2383 ego
3298 2318 3354 2364 et
3392 2307 3473 2363 illi
3522 2304 3734 2377 praefati

2157 2416 2507 2477 suntus,.ea,
2533 2402 2665 2472 quia
2712 2401 2781 2456 ad
2828 2413 3152 2472 prasentem
3210 2401 3579 2475 narratipnem
3625 2413 3736 2452 non

480 2485 803 2542 necessario
869 2488 1178 2560 pertinent,
1230 2491 1454 2548 silentio
1494 2493 1966 2563 praetermittenda
2005 2491 2216 2565 judico.
2308 2491 2442 2558 Quae
2502 2509 2633 2550 vero
2708 2500 2900 2550 secuta
2954 2496 3120 2560 sunt,
3165 2507 3232 2548 ea
3294 2492 3522 2548 fuerunt
3581 2492 3737 2564 ejus-

476 2577 646 2633 modi.

372 2656 381 2667 ί
550 2674 649 2730 lB'.
680 2676 775 2749 Μὴ
801 2679 995 2749 χρείαν
1021 2679 1261 2749 ἔφασκον
1293 2681 1471 2750 ἔγωγε
1503 2676 1646 2737 εἶναι
1669 2683 1943 2752 δευτέρων
1973 2682 2055 2737 ἔτι

2233 2682 2350 2739 XII.
2382 2684 2657 2755 Negabam
2690 2682 2825 2738 mihi
2849 2697 2991 2752 opus
3010 2694 3132 2738 esse
3161 2654 3336 2736 altera
3357 2679 3733 2751 disputatione

476 2761 743 2833 διαλόγων
772 2769 869 2821 καὶ
898 2769 1108 2842 κρότων
1132 2771 1241 2824 ἀπὸ
1260 2771 1513 2843 γλώττης
1543 2774 1804 2845 μαχίμων
1827 2775 1975 2845 ipsi,
2002 2777 2049 2829 ei

2156 2784 2214 2830 et
2246 2775 2513 2845 pugnacis
2536 2776 2739 2845 linguae
2770 2775 3030 2843 strepitu,
3091 2773 3138 2829 si
3182 2772 3403 2828 stabilia
3449 2782 3735 2828 titanerent

476 2855 687 2924 βέὸαιοι
722 2858 977 2927 μένουσιν
1001 2863 1057 2915 αἱ
1083 2861 1183 2930 τῆς
1211 2864 1485 2935 προτέρας
1518 2866 1735 2936 ἐκείνης
1761 2866 2049 2933 διαλέξεως

2154 2880 2242 2930 ea,
2305 2881 2429 2936 quae
2486 2866 2658 2937 priori
2699 2866 3075 2936 disputatione
3121 2864 3424 2920 constituta
3474 2863 3729 2920 fuissent.

475 2947 860 3011 καταστάσεις.
889 2949 953 3003 Ei
988 2949 1032 3003 δ’
1055 2952 1242 3005 ἐκεῖνα
1273 2954 1592 3009 παντάπασι
1621 2955 1840 3009 λέλυται
1871 2956 1966 3010 καὶ
1993 2957 2049 3020 ἐς

2154 2956 2249 3012 Sin
2309 2956 2403 3012 illa
2469 2958 2698 3012 omnino
2757 2955 2961 3011 abolita
3017 2962 3074 3011 et
3127 2955 3424 3011 oblivionis
3475 2954 3734 3009 ﬂuctibus

473 3038 601 3101 τοὺς
631 3039 805 3110 λήθης
858 3040 1119 3113 ἐρριπται
1161 3043 1395 3115 ῥύακας,
1426 3046 1538 3099 οὐδ’
1582 3047 1727 3101 οὕτω
1764 3065 1856 3116 μοι
1885 3049 2049 3103 πάλιν

2156 3063 2338 3103 mersa
2369 3058 2578 3112 essent,
2630 3062 2701 3104 ne
2751 3046 2832 3103 sic
2862 3046 3087 3117 quidem
3117 3046 3251 3101 mihi
3285 3046 3445 3101 novis
3478 3044 3735 3115 qumstio—
3768 3031 3773 3035 ’

473 3132 745 3202 δευτέρων
772 3133 855 3188 δεῖ
877 3136 1232 3206 συζητήσεών
1256 3155 1317 3191 τε
1342 3140 1437 3193 καὶ
1470 3139 1819 3207 ἀποδείξεων.
1852 3141 1915 3195 Ei
1940 3141 2049 3212 γὰρ

2153 3141 2318 3195 nibus
2369 3137 3006 3209 argumentationibusve
3070 3150 3208 3206 opus
3258 3150 3402 3190 esse.
3460 3133 3517 3189 Si
3582 3132 3732 3187 enim

470 3225 509 3280 ἃ
549 3225 655 3296 πρὸ
684 3226 916 3297 βραχέος
955 3228 1168 3298 βασιλεῖ
1194 3247 1255 3284 τε
1294 3231 1390 3285 καὶ
1423 3232 1743 3305 πατριάρχῃ
1777 3232 2048 3301 δέδοκται,

2155 3247 2277 3302 quae
2307 3231 2473 3301 paulo
2507 3239 2634 3285 ante
2668 3227 2990 3300 imperatori
3054 3238 3111 3283 et
3153 3226 3483 3297 patriarchae
3512 3225 3735 3296 placue-

471 3319 568 3372 νῦν
596 3319 870 3389 ἀραχνίων
920 3319 1138 3376 λέλυται
1165 3325 1391 3392 τρόπον,
1422 3324 1539 3389 πῶς
1567 3324 1634 3379 ἂν
1664 3322 1756 3380 οἷα
1798 3327 1894 3380 καὶ
1933 3327 2048 3381 Ποι-

2155 3334 2303 3391 rant,
2336 3340 2401 3381 ea
2430 3339 2583 3379 nunc
2605 3323 2757 3379 velut
2791 3323 2913 3378 telte
2960 3335 3290 3377 aranearum
3339 3321 3517 3374 soluta
3578 3328 3729 3381 sunt.

473 3411 623 3484 λαμᾷ
652 3414 779 3482 περὶ
827 3414 937 3468 τῶν
994 3414 1177 3468 αὐτῶν
1230 3417 1593 3487 πεπράξεται,
1642 3417 1813 3472 πιστὰ
1839 3435 1902 3472 τε
1952 3420 2049 3473 καὶ

471 3506 974 3577 ἀναμφισϐητήτως
1008 3508 1142 3579 ἡμῖν
1188 3507 1383 3579 ἔχοντα
1431 3512 1648 3583 φανείη,
1699 3511 1750 3562 εί
1805 3510 1916 3581 ἄρα
1952 3511 2048 3563 καὶ

473 3596 636 3661 αὑτός
678 3616 771 3668 μοι
817 3599 1132 3671 ξυμφωνεῖν
1161 3601 1578 3672 ἐπαγγέλλοιτο,
1609 3603 1747 3675 πρὸς
1796 3603 1832 3658 ἃ
1859 3603 1925 3676 δὴ
1953 3605 2047 3658 καὶ

472 3690 822 3760 πειθομένοις
868 3694 1000 3764 ὑμῖν
1044 3693 1325 3764 ὶχρὼμην,
1357 3694 1436 3766 τῷ
1488 3696 1714 3767 μεγέθει
1743 3695 1844 3766 τῆς
1889 3695 2048 3764 ἀξίας

469 3784 722 3837 πλεῖστον
751 3784 908 3855 ὑμῶν
937 3785 1284 3857 λειπόμενος,
1314 3788 1409 3841 καὶ
1438 3786 1557 3857 ἃμα
1583 3789 1653 3858 τῇ
1681 3789 1792 3842 τῶν
1821 3787 2044 3856 τρόπων

469 3877 610 3930 αίδοῑ
642 3879 736 3929 καὶ
772 3877 1066 3947 σεμνότητι
1095 3880 1229 3932 πολὺ
1263 3879 1324 3932 τὸ
1348 3881 1526 3945 ἐνδεές
1550 3897 1610 3934 τε
1632 3882 1729 3934 καὶ
1750 3879 2046 3951 ὑφειμένον

466 3966 531 4022 ἐκ
560 3966 772 4023 πολλῶν
809 3969 1072 4034 πολλάκις
1103 3970 1458 4042 ἐνδεδειχώςῑ

537 4141 622 4216 [Ρ.
652 4141 783 4215 525]
813 4141 912 4198 II".
947 4145 1091 4215 Πρὸς
1131 4143 1275 4216 ἅπερ
1306 4147 1333 4199 ό
1362 4147 1652 4218 Παλαμᾶς,
1697 4164 1716 4198 ι
1744 4147 1869 4201 Οὐδ’
1893 4148 2039 4217 ἐμοὶ,

466 4237 622 4304 φησὶ,
648 4236 938 4304 διαλέξεων
962 4236 1159 4291 δεῖκαὶ
1181 4240 1483 4311 κριτηρίων
1503 4239 1700 4304 ἄλλων,
1725 4238 1872 4305 ἆπαξ
1895 4241 2045 4311 εἱλη-

467 4330 590 4399 φότι
623 4330 692 4382 τὰ
733 4330 868 4398 πρὸς
897 4330 1182 4384 δικαίωσιν
1207 4330 1305 4385 καὶ
1332 4331 1631 4401 ἀσφάλειαν
1653 4332 1909 4402 ἔγγραφα
1930 4332 2041 4386 τῶν

469 4418 595 4485 ἐμοὶ
627 4417 968 4487 λαληθέντων
1006 4416 1296 4472 όπώσποτε
1344 4418 1482 4491 πρὸς
1521 4418 1771 4472 Ἰωάννου
1801 4419 1894 4473 τοῦ
1931 4436 2042 4473 πα-

463 4510 726 4580 τριάρχου
778 4512 874 4562 καὶ
912 4509 1022 4561 τῶν
1064 4509 1185 4561 τότε
1234 4508 1671 4580 συνεδρευόντων
1727 4510 2041 4565 ἐπισκόπων

2153 3416 2432 3486 quomodo
2460 3430 2549 3473 ea.
2580 3429 2702 3484 qua:
2722 3413 2973 3468 Palamas
3002 3411 3195 3466 iisdem
3221 3410 3291 3464 de
3310 3409 3477 3466 rebus
3505 3418 3728 3471 statuet,

2150 3508 2367 3564 sincera
2399 3522 2503 3562 nec
2524 3506 2808 3575 ambigua
2836 3504 3002 3575 830
3026 3503 3153 3559 ﬁdei
3212 3517 3334 3558 esse
3365 3501 3728 3564 videbuntur,

2149 3599 2192 3655 si
2218 3600 2360 3654 forte
2393 3612 2791 3653 concessurum
2829 3611 2888 3652 se
2949 3595 3083 3649 mihi
3121 3594 3212 3649 illa
3262 3593 3604 3665 promiserit,
3660 3593 3730 3646 de

2148 3690 2352 3762 quibus
2380 3705 2476 3745 vos
2501 3699 2667 3744 antea
2724 3687 2858 3744 mibi
2885 3685 3225 3754 assenststis;
3253 3700 3377 3740 eum
3413 3684 3528 3754 ipse
3556 3681 3733 3752 digiti-

2151 3785 2279 3839 tatis
2311 3781 2677 3852 amplitudine
2715 3780 2875 3835 vobis
2908 3779 3141 3834 multum
3196 3776 3426 3831 inferior
3456 3776 3566 3841 sit;
3627 3775 3730 3828 lio-

2147 3883 2364 3930 nestate
2394 3883 2582 3927 autem
2609 3880 2667 3926 et
2705 3886 2924 3926 morum
2984 3869 3254 3940 gravitate
3304 3869 3467 3939 longe
3509 3866 3724 3930 abesse,

2144 3963 2306 4034 longe
2335 3962 2590 4033 superari
2631 3976 2754 4016 sese
2776 3975 2809 4015 a
2849 3960 3030 4027 vobis,
3063 3973 3207 4029 saepe
3232 3966 3290 4012 et
3318 3957 3508 4012 multis
3563 3956 3727 4028 argu-

2145 4054 2348 4109 mentis
2365 4051 2713 4108 ostenderit?

2218 4145 2362 4200 Xlll.
2395 4144 2476 4199 Ad
2500 4145 2621 4199 haec
2640 4143 2894 4198 Palamas
2926 4159 2943 4199 :
2993 4159 3015 4194 ι
3046 4141 3160 4197 Nec
3182 4140 3338 4206 mihi,
3372 4139 3573 4210 inquit,
3603 4139 3727 4194 aliis

2147 4236 2618 4310 disputationibus
2649 4250 2789 4305 opus
2825 4244 2933 4300 est,
2991 4234 3186 4289 aliisve
3216 4232 3465 4303 iudiciis,
3502 4246 3626 4286 cum
3651 4231 3721 4287 ad

2145 4346 2340 4386 eorum
2379 4344 2502 4400 quae
2534 4327 2926 4398 quoquomodo
2951 4326 3089 4403 dixi,
3148 4324 3531 4396 probationem
3588 4338 3723 4378 cou-

2147 4422 2630 4490 (irmatiouemque
2683 4419 2889 4489 scripta
2955 4416 3366 4487 impetraverim
3418 4417 3639 4470 decreta
3686 4429 3721 4470 a

2142 4515 2356 4571 Joanne
2386 4511 2704 4582 patriarcha
2731 4519 2788 4566 et
2815 4511 2883 4565 ab
2912 4510 2979 4565 iis
3006 4511 3100 4580 qui
3128 4523 3253 4564 cum
3278 4508 3372 4561 ilio
3398 4517 3528 4562 tunc
3556 4506 3720 4561 sedc-

464 4601 657 4672 ἐκείνῳ
687 4601 1035 4671 ψηφίσματα.
1083 4619 1103 4652 ι
1141 4599 1281 4669 Πρὸς
1317 4600 1465 4669 ἅπερ
1513 4602 1641 4671 ἐμοὶ
1678 4600 1889 4654 τοιάνδε
1920 4620 2041 4654 ποι-

2151 4610 2296 4675 bant,
2327 4606 2660 4677 episcopis.»
2692 4604 2805 4674 Ego
2836 4617 2965 4657 vero
2991 4603 3108 4656 haec
3137 4600 3343 4670 sutijcci
3372 4615 3389 4654 :
3424 4599 3510 4652 «Si
3541 4598 3720 4653 ea’de-

463 4694 642 4747 εἰσθαι
676 4692 776 4764 τὴν
817 4692 1102 4762 ὑποφοράν
1150 4691 1499 4757 ξυνέπιπτεν.
1543 4710 1562 4744 ι
1607 4692 1669 4745 Ei
1719 4692 1821 4763 μὶν
1848 4692 1914 4762 δὴ
1940 4694 2038 4745 καὶ

2151 4710 2291 4754 creta
2325 4699 2372 4753 is
2404 4696 2499 4766 qui
2533 4696 2742 4751 fecerat
2781 4695 2846 4749 ad
2895 4703 3200 4749 extremum
3251 4700 3368 4745 rata
3408 4690 3717 4751 habuisset,

465 4787 632 4855 μέχρι
661 4787 757 4838 καὶ
791 4784 865 4848 ἐς
899 4786 1051 4848 τέλος
1086 4782 1194 4838 ὑπὸ
1224 4783 1320 4836 τοῦ
1365 4784 1688 4859 δεδρακότος
1733 4785 1942 4837 ἐκείνου
1975 4784 2038 4837 τὸ

461 4879 627 4948 κῦρος
660 4872 805 4949 εἶχεν
831 4880 1039 4941 ἐκεῖνα,
1071 4879 1168 4932 καὶ
1208 4876 1284 4948 μὴ
1315 4880 1416 4930 οὐκ
1461 4877 1542 4939 είς
1581 4871 1802 4947 μακρὰν
1826 4877 2037 4944 ἑτέροις

459 4967 829 5022 διασέσεισταί
857 4986 916 5022 τε
951 4970 1061 5023 κάκ
1107 4967 1325 5040 βάθρων
1362 4967 1843 5037 ἁναμεμόχλευται
1878 4973 2036 5036 στερ-

461 5060 706 5130 ροτέροις
739 5060 1034 5130 γράμμασι
1063 5063 1159 5113 καὶ
1181 5058 1519 5128 ψηφίσμασι,
1558 5059 1639 5110 σοὶ
1665 5056 1766 5124 μὲν
1796 5058 1947 5120 ἴσως,
1980 5059 2029 5110 εί

461 5157 554 5205 καὶ
589 5154 665 5223 μὴ
701 5158 765 5222 τῇ
797 5153 1046 5224 ἀληθείᾳ,
1077 5154 1138 5205 τὸ
1171 5153 1434 5221 παράπαν
1461 5146 1573 5220 εἶχε
1601 5152 1661 5202 τὸ
1694 5150 1936 5219 εὔλογον.
1968 5154 2030 5204 Ei

457 5244 502 5298 δ’
531 5245 681 5313 αὐτῷ
711 5262 775 5313 γε
820 5246 994 5314 δήπου
1038 5245 1116 5314 τῷ
1158 5243 1464 5314 δεδρακότι.
1518 5243 1656 5310 μετὰ
1705 5243 1963 5295 πλειόνων
1998 5244 2032 5314 ἢ

459 5338 728 5408 πρότερον
757 5335 914 5401 αὖθις
943 5338 1053 5391 τῶν
1095 5338 1413 5391 ἐπισκόπων
1443 5335 1555 5409 (85)
1606 5336 2034 5406 συσκεψαμένῳ,

2136 4797 2180 4846 si
2212 4803 2315 4844 nOtt
2342 4790 2531 4844 eadem
2559 4788 2720 4857 paulo
2743 4795 2868 4858 post
2896 4784 3236 4839 ﬁrmioribus
3259 4783 3380 4838 aliis
3408 4782 3628 4851 scriptis
3653 4794 3721 4835 ac

2135 4880 2375 4935 decretis
2403 4878 2740 4959 labefactata
2760 4886 2816 4930 et
2844 4875 3094 4930 funditus
3153 4874 3416 4929 convulsa
3449 4872 3710 4936 fuissent,

2137 4972 2236 5026 tibi
2273 4970 2499 5040 quidem
2531 4972 2786 5030 fortasse,
2815 4970 2919 5021 etsi
2954 4983 3061 5021 non
3090 4967 3337 5029 veritati,
3410 4963 3715 5036 probabilis

2141 5063 2283 5117 ratio
2323 5061 2743 5130 sull'ragaretur.
2795 5059 2949 5125 Quod
2994 5058 3038 5113 si
3071 5058 3189 5128 ipse
3243 5057 3337 5128 qui
3370 5058 3597 5120 fecerat,
3655 5070 3715 5110 re

2141 5170 2327 5209 coram
2367 5153 2635 5223 episcopis
2663 5153 2930 5222 pluribus,
2960 5168 3123 5222 quam
3154 5161 3289 5222 quot
3310 5160 3470 5205 antea
3519 5162 3719 5202 conve-

2139 5254 2357 5308 nerant,
2390 5247 2574 5300 denuo
2599 5245 2933 5308 examinata,
2962 5252 3018 5300 et
3043 5243 3334 5312 multiplici
3361 5242 3712 5296 decretorum

2139 5337 2358 5392 illorum
2391 5336 2528 5391 vitio
2552 5345 2863 5406 perspecto,
2887 5338 3035 5391 omni
3056 5336 3240 5392 studio
3266 5336 3320 5388 in
3351 5334 3404 5388 id
3436 5330 3712 5396 incubuit,

1792 5465 2132 5526 Variorum
2167 5444 2352 5526 notua.

527 5594 649 5668 (83)
680 5595 871 5664 itaque
911 5595 1177 5668 adversus
1206 5594 1486 5668 Palamam
1548 5588 1790 5668 synodus
1841 5600 2027 5668 coacta

453 5663 546 5720 est"
577 5686 605 5719 a
628 5663 836 5719 Joanne
869 5665 1193 5735 patriarcha.
1227 5666 1402 5733 Atque
1436 5663 1564 5717 illud
1600 5675 1684 5718 cst
1707 5663 2022 5735 coneiiium,

451 5739 517 5790 de
541 5752 648 5806 quo
672 5733 946 5806 Gregoras
970 5734 1252 5796 (Historia!
1296 5737 1390 5788 lib.
1427 5749 1535 5795 nx,
1574 5750 1695 5803 cap.
1740 5734 1791 5806 ir,
1824 5748 1880 5786 ll.
1911 5733 2020 5800 18),

2135 5606 2277 5659 pene
2304 5591 2439 5646 orbe
2474 5590 2807 5661 patriarchis
2831 5600 2888 5646 et
2913 5587 3210 5661 episcopis,
3250 5587 3430 5642 octavi
3462 5593 3519 5661 et
3542 5586 3721 5661 ultimi

2132 5656 2354 5716 concilii
2386 5656 2583 5715 nomen
2611 5661 2889 5716 habituro.
2931 5656 3137 5714 Tamen
3176 5656 3417 5712 Joannes
3464 5656 3722 5727 Cyparis-

2129 5733 2300 5786 siotes
2355 5728 2758 5785 Palamicarum
2799 5727 3421 5799 Transgresst'onutrslib.
3456 5742 3514 5789 ι,
3547 5742 3717 5784 scrtn.

455 5797 693 5861 veterem
721 5797 813 5859 ait'
832 5805 1029 5873 fatuam
1058 5806 1457 5874 percrebuisse,
1486 5797 1741 5871 tanquam
1772 5797 2018 5874 Itasresttu
2127 5802 2182 5874 τί,
2204 5817 2327 5868 cap.
2350 5802 2407 5864 4,
2432 5802 2571 5856 duos
2601 5810 2808 5856 tantum
2836 5810 2891 5854 et
2915 5797 3104 5874 viginti
3135 5797 3420 5866 pontifices
3451 5799 3719 5849 adversus

459 5880 704 5932 oninium
739 5870 1030 5933 tuasimam
1059 5870 1399 5944 correctum,
1427 5870 1740 5946 coactisque
1771 5888 1837 5929 ex
1866 5872 2013 5927 oumi
2122 5873 2395 5928 i’aiumam
2423 5874 2919 5944 cuivtssetestatur.
2943 5870 3019 5925 De
3051 5879 3293 5938 tempore
3320 5883 3430 5938 quo
3457 5883 3521 5921 ca
3539 5880 3692 5933 syno-
