4064 6454
862 206 881 249 \

426 411 567 478 ιοῖδ
819 407 896 480 [Α.
937 423 988 465 c.
1036 408 1196 483 L318}

1376 414 1821 475 B'YZAX'TtNJE
1861 414 2248 478 IliSTORLE
2278 417 2420 480 LIB.
2460 420 2616 482 XVI.

2268 246 2275 253 ι
2298 240 2378 257 “mg,

2723 413 2858 487 [ιιιιι.
2899 428 2943 469 1.
2985 398 3279 470 camena.
3317 414 3378 485 2]

3528 417 3664 482 ιοςδ

422 536 514 591 διὰ
540 529 697 586 ταῦτ’
727 530 785 584 ἐν
810 530 1007 601 βραχεῖ
1051 532 1396 601 πραγμάτων
1430 531 1878 600 ἀπηλλαγμένοις
1903 532 1999 584 νέα

2122 551 2257 591 ama:
2318 536 2650 592 commentis
2714 536 2782 591 de
2840 535 3052 606 integro
3092 535 3515 590 constituamus.
3576 535 3676 591 Sin

422 624 670 694 τήμερον
694 620 1100 690 συγκροτείσθω
1119 620 1444 687 δικαστήρια
1476 622 1604 689 περὶ
1630 622 1738 674 τῶν
1761 618 1854 673 τοῦ
1890 621 2002 673 Πα-

425 716 575 786 λαμᾶ
591 712 927 781 παμπόλλων
940 728 998 764 τε
1015 713 1109 764 καὶ
1122 712 1380 764 ποικίλων
1398 710 1455 776 ἐξ
1475 712 1582 764 ὑπα
1593 713 1724 781 ρχῆις
1742 727 2004 779 καινοφωο

427 808 576 861 νιῶν.
606 807 668 862 Ei
688 805 743 858 δὲ
775 804 1113 871 πολύτροπον
1135 803 1196 856 τὸ
1230 803 1328 870 τῆς
1350 802 1517 871 λήθης
1541 803 1749 869 καὶτῆς
1777 801 2001 869 ἀγνοίας

427 900 662 968 νόσημα,
687 899 808 959 ταῖς
837 897 944 949 τῶν
959 895 1265 965 ἀνθρώπων
1286 892 1676 948 ἐνδυναστεῦον
1713 892 2000 955 διανοίαις,

429 990 695 1061 παρέλκοι
726 989 817 1044 τὸν
852 988 1092 1058 ἡγεμόνα
1142 985 1407 1056 λογισμὸν
1449 984 1523 1047 ὡς
1549 986 1618 1037 τά
1659 983 1830 1036 πολλά
1867 982 2002 1053 πρὸς

431 1083 646 1151 ἀπάτης
676 1079 955 1149 κρημνοὺς
983 1081 1047 1131 ἐκ
1071 1079 1373 1148 προοιμίων
1390 1092 1407 1108 ·
1430 1075 1527 1129 τοῦ
1551 1075 1609 1129 δὲ
1641 1075 1836 1146 χρόνου
1865 1073 2004 1144 μετά

435 1175 534 1245 τῆς
567 1175 765 1244 πείρας
812 1174 882 1225 τά
930 1171 1302 1240 πεπραγμένα
1334 1167 1731 1237 γυμνάζοντος,
1780 1166 1841 1218 τὸ
1874 1164 2006 1233 ἁλη-

404 1268 586 1331 θείας
635 1264 1073 1334 ἀνακαθαίρεται
1119 1261 1323 1328 κράτος
1354 1262 1451 1313 καὶ
1491 1259 1559 1314 τὰ
1587 1258 1724 1327 νέφη
1750 1256 1844 1309 τοῦ
1873 1256 2005 1325 ψεύ-

432 1361 557 1420 δους
591 1358 686 1411 καὶ
714 1358 814 1425 τῆς
844 1355 1058 1425 ἀπάτης
1086 1357 1149 1407 ἐκ
1185 1352 1354 1422 μέσου
1388 1350 1659 1420 λαμπρῶς
1696 1349 2002 1411 ἐλαύνεται,

433 1451 533 1504 οὑκ
559 1449 626 1503 ἂν
655 1449 741 1520 εἴη
769 1448 881 1500 τῶν
919 1443 1407 1502 ιίιπεικότωννιιτουτί⁵
1453 1445 1547 1495 καὶ
1589 1442 1704 1512 ἅμα
1732 1441 1838 1494 τῶν
1870 1442 2006 1493 εἰθι-

437 1540 649 1608 σμένων
668 1541 743 1602 ὡς
761 1537 1096 1609 πορρωτάτω
1124 1536 1343 1605 βαδίζον
1363 1535 1601 1605 τρόπων,
1620 1534 1667 1586 εί
1689 1533 1783 1587 καὶ
1809 1549 2005 1602 πατρια-

436 1632 613 1702 ἀρχην
636 1629 721 1702 [Ρ.
752 1629 878 1702 524]
898 1627 1132 1697 τάληθές
1160 1626 1467 1697 ὴγνοηκότα
1485 1627 1768 1694 πρότερον,
1788 1623 1876 1676 διὰ
1908 1623 2007 1690 τὴν

435 1720 537 1792 τῆς
566 1719 863 1790 σαφηνείας
880 1717 987 1770 τῶν
1010 1717 1418 1786 γεγραμμένων
1442 1714 1759 1784 ἐπίκρυψιν,
1782 1711 2008 1766 ἐπιοῦσα

441 1811 581 1884 μετά
618 1811 719 1880 τῆς
776 1808 1159 1878 ἁρμοττούσης
1194 1808 1389 1879 πείρας
1438 1808 1471 1878 ή
1517 1806 1585 1859 τὰ
1612 1805 1869 1875 δρώμενα
1910 1804 2007 1867 ξὺν

440 1904 618 1974 χρόνῳ
665 1901 1022 1970 γυμνάζουσα
1072 1901 1275 1967 γνῶσις
1325 1897 1643 1967 ἐπηνώρθου
1690 1912 1751 1948 τε
1799 1896 1893 1949 καὶ
1929 1889 2010 1956 οἷς

440 1988 704 2067 ἐμμένειν
728 1994 906 2066 χρεὼν
934 1993 1180 2046 ἐδίδασκε
1202 1991 1436 2061 δόγμασι
1458 2007 1519 2042 τε
1549 1990 1641 2043 καὶ
1664 1987 2010 2057 γράμμασιν.

444 2089 683 2144 Ἔπειτα
712 2087 762 2140 εί
793 2088 905 2149 τοῖς
935 2083 1226 2154 προτέροις
1265 2081 1524 2146 καθάπαξ
1567 2081 1676 2133 τῶν
1710 2080 1811 2132 ὃσα
1843 2079 2016 2153 πράτ-

440 2189 596 2228 τεται
637 2173 774 2225 πᾶσι
819 2169 920 2241 τὴν
950 2170 1046 2223 τοῦ
1087 2170 1301 2222 δικαίου
1345 2168 1505 2230 δίδως
1539 2167 1734 2238 ῥοπὴν,
1783 2167 1885 2232 δρα
1940 2165 2015 2236 μὴ

439 2265 565 2321 καθ’
591 2263 789 2318 ἐαυτοῦ
812 2264 913 2331 τὴν
933 2263 1120 2333 ψῆφον
1149 2261 1368 2347 ἐγείρῃς
1391 2262 1501 2315 τῶν
1532 2264 1714 2332 νόμων
1740 2261 1850 2315 τῶν
1880 2260 2012 2323 σῶν,

441 2358 536 2411 καὶ
565 2357 689 2418 ταῖς
745 2352 904 2414 ίδίαις
957 2350 1138 2414 δίκαις
1177 2354 1309 2424 γένῃ
1354 2353 1659 2422 περιπετὴς
1690 2354 1749 2404 ἐν
1798 2352 2012 2420 βραχεῖ.

442 2448 505 2501 Οί
534 2451 646 2515 γὰρ
676 2446 862 2498 ἐκεῖνα
887 2442 957 2495 τὰ
992 2443 1187 2511 πρῶτα
1216 2445 1309 2496 τοῦ
1346 2445 1583 2514 Παλαμᾶ
1613 2443 2016 2514 βεϐαιώσαντες

441 2543 734 2589 επισκοποι
774 2537 1105 2605 γράμματα,
1138 2527 1288 2586 οὗτοι
1318 2535 1414 2591 καὶ
1443 2536 1586 2586 κατά
1621 2534 1841 2585 πάντων
1887 2529 2017 2585 Ῥω-

445 2625 623 2696 μαίων
658 2626 972 2696 ἐγγράερους
1007 2625 1307 2695 ἐξήνεγκαν
1340 2624 1554 2693 Τόμους
1579 2624 1673 2677 καὶ
1700 2620 2017 2692 πολύτροπά

441 2717 564 2768 τινὰ
592 2714 661 2767 τά
697 2714 1027 2784 ψηφίσματα
1046 2729 1061 2744 ’
1096 2713 1165 2766 δι’
1194 2706 1272 2767 ὧν
1302 2712 1379 2783 τῷ
1422 2712 1626 2783 αἰωνίῳ
1672 2712 1808 2781 πυρὶ
1837 2710 2014 2781 παρέ-

442 2806 689 2875 πεμψαν,
719 2806 774 2859 εί
803 2822 954 2867 τινες
996 2800 1129 2867 εἷεν,
1162 2798 1245 2868 οἷς
1278 2804 1413 2875 πρὸς
1463 2803 1773 2873 βουλήσεως
1810 2804 1896 2871 εἴη
1927 2801 2017 2855 τὸν

442 2894 905 2965 Καντακουζηνόν
960 2912 1021 2949 σε
1069 2894 1295 2966 βασιλέα
1336 2911 1396 2948 τε
1449 2894 1704 2963 δέχεσθαι
1752 2895 1848 2947 καὶ
1882 2893 2017 2962 Χρι-

445 2991 664 3042 στιανὸν
716 2988 1054 3041 ἀποκαλεῖνο
1099 2989 1157 3040 ἐν
1194 2987 1443 3056 ὑστέροις
1478 2986 1523 3038 δ’
1567 2985 1809 3039 ἀκόντων
1838 2983 2016 3037 αὑτῶν

443 3080 687 3150 ἐγκρατῆ
741 3080 1007 3147 γεγονότα
1057 3079 1166 3131 τῶν
1220 3077 1511 3148 βασιλείων
1559 3078 1860 3145 σκήπτρων
1921 3076 2017 3129 καὶ

445 3172 651 3242 θρόνων
689 3171 843 3234 ὅλαις
890 3170 1226 3241 ἀνηγόρευον
1268 3168 1495 3239 βασιλέα
1550 3173 1791 3237 φωναῖς,
1846 3167 2015 3238 μικρά

442 3263 553 3317 τῶν
573 3252 793 3315 οἰκείων
822 3262 1052 3315 ἐκείνων
1098 3261 1251 3331 ἀρῶν
1287 3262 1704 3330 φροντίσαντες.
1736 3260 1799 3313 Ei
1825 3259 1916 3312 οὑν
1945 3261 2011 3313 τὰ

445 3357 711 3427 πρότερα,
751 3354 898 3407 κατὰ
938 3354 1038 3415 τὰς
1072 3355 1172 3417 σὰς
1215 3353 1394 3417 δίκας,
1430 3353 1539 3405 τῶν
1575 3352 1890 3406 ἐπισκόπων
1915 3351 2019 3421 ψη-

445 3449 695 3518 φίσματα
750 3445 1036 3515 κάνταῦθα
1094 3446 1329 3516 κρατοίη
1381 3445 1479 3500 καὶ
1536 3446 1860 3516 βεϐαιότερα
1910 3446 2020 3497 τῶν

447 3540 691 3609 ὑστέρων
720 3539 830 3603 εἴη,
864 3537 979 3606 ἐγὼ
1027 3537 1127 3608 μὲν
1155 3539 1258 3592 οὑκ
1289 3537 1355 3591 ἂν
1397 3538 1612 3607 εἴποιμι
1638 3552 1653 3568 ·
1683 3538 1748 3590 σὺ
1783 3536 1826 3588 δ’
1858 3536 2021 3599 αὐτὸς

447 3631 708 3703 essent»;
736 3630 986 3695 δίδαξον,
1012 3632 1120 3700 ὅπη
1154 3631 1426 3700 χωρεϊοτά
1458 3630 1558 3698 τῆς
1588 3630 1889 3696 καταδίκης
1920 3645 2021 3680 πε-

448 3722 715 3793 ριφανῶς.
752 3724 909 3776 Δυοῖν
941 3721 1050 3790 γὰρ
1079 3721 1253 3775 ἐποιτ³
1280 3721 1346 3775 ἂν
1387 3720 1638 3788 θάτερον,
1670 3722 1717 3773 εί
1759 3720 1909 3787 πηγὴ
1942 3719 2022 3772 δι-

447 3815 743 3883 καιοσύνης
801 3813 1134 3884 πρυτανεύει
1161 3815 1288 3873 τοὺς
1339 3813 1438 3881 τῆς
1481 3813 1641 3881 δίκης
1691 3811 1922 3882 ῥύακας.
1950 3812 2021 3862 Ἣ

445 3911 555 3981 γὰρ
604 3907 889 3962 κάνταῦθα
936 3905 1292 3975 προτιμότερ²
1323 3905 1389 3959 ἂν
1440 3905 1669 3975 θείημεν
1703 3905 1772 3957 τά
1804 3903 2019 3970 πρῶτα,

446 4000 591 4058 κατά
612 4000 711 4072 τὴν
752 4003 853 4069 σὴν
899 3998 987 4052 ἐπ’
1027 3998 1257 4060 ἐκείνοις
1315 4000 1500 4066 κρίσιν
1525 4015 1538 4029 ·
1572 3997 1666 4050 καὶ
1705 3995 2022 4066 βεϐαιοῦται

447 4091 637 4145 λοιπὸν
692 4092 720 4142 ὁ
777 4089 921 4145 κατὰ
985 4089 1278 4158 Ῥωμαίων
1333 4087 1751 4157 ἐκφωνούμενος
1814 4086 2023 4139 ἐκεῖθεν

447 4181 894 4252 ἀναθεματισμὸς
944 4180 1032 4234 διὰ
1065 4182 1146 4246 σὲ,
1180 4181 1277 4233 καὶ
1323 4170 1443 4250 ἆμᾶ
1482 4179 1669 4233 λὺεταί
1701 4195 1783 4231 σοι
1827 4178 1888 4229 τὸ
1924 4177 2024 4246 τῆς

450 4273 728 4344 βασιλείας
765 4271 985 4342 ίσχυρδν
1008 4273 1065 4323 ἐν
1099 4270 1293 4342 βραχεῖ,
1316 4273 1413 4325 σὺν
1439 4273 1504 4341 τῇ
1536 4269 1792 4340 εὐσεϐείᾳ
1811 4287 1822 4300 ·
1855 4268 1887 4339 ἢ
1916 4268 2024 4320 τῶν

447 4371 732 4438 προτέρων
762 4365 1165 4434 ἀθετουμένων,
1199 4365 1286 4420 διὰ
1312 4364 1374 4417 τὸ
1404 4365 1506 4433 τῆς
1540 4363 1900 4443 συναρπαγῆς
1932 4365 2026 4415 καὶ

448 4462 545 4527 τῆς
578 4459 796 4526 ἀπάτης
843 4458 1117 4525 ἔγκλημα,
1155 4459 1239 4509 σοὶ
1271 4458 1370 4525 μὲν
1402 4456 1662 4526 κυροῦται
1697 4456 1756 4508 τὸ
1798 4455 1895 4522 τῆς
1928 4455 2025 4523 βα-

2103 630 2306 685 oblivio
2331 638 2387 683 et
2419 628 2747 698 ignorantia,
2779 627 2926 698 quod
2956 627 3129 680 morbi
3171 642 3344 696 genus
3384 626 3673 696 multiplex

2101 729 2206 785 est,
2234 719 2514 774 hominum
2541 719 2739 771 animis
2768 719 2988 787 penitus
3038 717 3361 781 insidentes,
3423 716 3678 770 modera-

2104 814 2300 866 tricem
2331 810 2598 865 rationem
2635 808 2796 863 initio
2822 808 3140 877 plerumque
3174 807 3229 860 in
3253 808 3462 860 erroris
3484 805 3680 875 praeci-

2102 905 2235 974 pitia
2267 902 2511 961 trahunt.
2570 910 2816 969 tempore
2869 908 3054 953 autem
3104 913 3173 952 ex
3211 890 3549 965 experientia
3615 896 3671 951 id

2103 998 2248 1068 quod
2278 1005 2459 1051 actum
2493 994 2564 1047 sit
2590 992 3016 1061 corrigentibus,
3039 991 3291 1044 veritatis
3321 990 3403 1043 vis
3431 990 3677 1044 illustra-

2106 1096 2214 1152 tur,
2252 1084 2638 1152 mendaciique
2670 1092 2727 1137 et
2758 1080 2964 1136 erroris
2993 1081 3186 1135 nubila
3231 1081 3390 1149 plane
3427 1096 3458 1133 e
3499 1079 3679 1133 medio

2104 1177 2409 1246 pelluntur,
2444 1175 2645 1228 mirum
2675 1173 2823 1227 haud
2852 1171 3041 1236 fuerit,
3068 1186 3167 1224 nec
3197 1170 3266 1224 ab
3294 1172 3498 1225 usitato
3525 1183 3678 1222 more

2104 1268 2423 1336 longissime
2453 1266 2635 1327 abeat,
2664 1264 2712 1318 si
2748 1262 3146 1333 patriarcbam,
3186 1261 3293 1329 qui‘
3316 1260 3498 1318 initio.
3534 1261 3678 1328 quod

2104 1374 2168 1413 ea
2199 1374 2321 1424 quae
2352 1359 2555 1427 scripta
2591 1364 2748 1409 erant
2798 1354 3119 1409 obscuriora
3155 1361 3360 1416 essent,
3396 1351 3679 1404 veritatem

2106 1464 2216 1503 non
2251 1448 2483 1511 viderat,
2516 1447 2862 1516 subsequens
2888 1445 3234 1515 experientia
3283 1451 3342 1497 et
3372 1457 3557 1498 rerum
3588 1456 3683 1495 co.

2107 1541 2280 1609 gnitio
2326 1541 2498 1608 (quas
2538 1554 2641 1605 ope
2682 1537 2946 1607 temporis
2998 1536 3226 1606 corrigit
3271 1550 3355 1599 ea,
3413 1550 3534 1604 quin
3562 1544 3680 1587 acta

2107 1633 2256 1695 sunt)
2309 1631 2520 1699 lapsum
2554 1630 2812 1688 erexerit.
2863 1637 2916 1681 et
2944 1627 3110 1696 832
3160 1626 3365 1696 quibus
3403 1626 3683 1679 inhaeren’

2109 1722 2237 1776 dum
2263 1733 2407 1776 esset
2440 1722 2708 1790 dogmatis
2736 1719 3184 1788 praescriptisque
3229 1719 3498 1771 docuerit.
3561 1715 3681 1769 Jam

2111 1830 2262 1877 vero,
2289 1814 2334 1868 si
2362 1813 2429 1867 iis
2465 1826 2691 1882 prorsus
2716 1811 2973 1865 omnibus
2997 1810 3225 1880 justitim
3254 1809 3424 1862 robur
3456 1808 3684 1873 tribuis,

2111 1922 2234 1975 qure
2265 1904 2422 1973 prius
2448 1901 2821 1962 actaJuerint.
2850 1915 2984 1955 cave
3013 1915 3082 1953 ne
3103 1900 3284 1970 legum
3325 1905 3539 1952 tuarum
3572 1895 3689 1949 suf-

2114 1995 2284 2063 fragia
2316 1996 2369 2050 in
2399 2003 2451 2049 te
2479 1993 2658 2062 ipsum
2691 2000 2894 2053 vertas,
2923 1998 2981 2044 et
3021 1989 3243 2060 propria
3275 1987 3548 2042 sententia
3572 1996 3687 2040 sta-

2114 2089 2210 2141 tim
2239 2089 2357 2156 ipse
2380 2083 2646 2140 tenearis.
2704 2083 2808 2147 Qui
2843 2084 2991 2136 enim
3055 2078 3301 2149 episcopi
3355 2078 3539 2147 priora
3597 2077 3688 2130 illa

2114 2179 2349 2235 Palama:
2395 2179 2614 2253 scripta
2655 2174 3077 2237 eunﬂrmarunt,
3142 2172 3179 2226 ii
3236 2173 3400 2226 etiam
3452 2169 3690 2238 scriptos

2113 2271 2316 2325 Tomos
2351 2278 2409 2324 et
2453 2269 2601 2336 varia
2663 2268 2719 2322 in
2767 2282 2958 2322 omnes
2991 2267 3268 2320 Romanos
3326 2261 3548 2317 edidere
3593 2261 3691 2313 de-

2113 2372 2280 2427 creta,
2321 2376 2420 2431 per
2451 2376 2574 2430 quae
2610 2359 2953 2429 sempiterno
2997 2357 3108 2427 igni
3149 2354 3586 2411 devovebantur,
3617 2348 3689 2403 'si

2113 2454 2208 2523 qui
2280 2460 2489 2516 essent,
2519 2450 2722 2520 quibus
2752 2451 3195 2504 Cantacuzenum
3238 2446 3256 2512 (
3283 2456 3333 2499 te
3372 2446 3550 2513 ipsum
3587 2442 3693 2495 sci-

2113 2542 2264 2611 licet)
2299 2550 2355 2598 et
2378 2542 2763 2612 imperatorem
2785 2539 3029 2611 agnosci,
3064 2546 3120 2593 et
3168 2535 3539 2590 Christianum
3590 2547 3694 2599 ap-

2114 2636 2307 2707 pellari
2340 2636 2615 2704 placeret:
2649 2632 2927 2702 iidemque
2970 2640 3022 2686 te
3047 2629 3414 2699 postmodum,
3447 2638 3572 2679 cum
3609 2623 3695 2674 in-

2113 2727 2246 2783 vitis
2288 2728 2356 2782 iis
2385 2735 2603 2796 sceptro
2630 2735 2686 2780 et
2717 2724 2855 2779 solio
2876 2723 3094 2793 potitus
3111 2736 3282 2782 esses,
3302 2722 3689 2789 imperatorem

2118 2835 2227 2875 una
2255 2834 2411 2883 voce,
2444 2817 2562 2872 suis
2624 2816 2733 2870 illis
2793 2812 3274 2870 exsecrationibus
3319 2808 3473 2881 parvi
3514 2806 3691 2870 factis,

2116 2908 2531 2964 renuntiarunt.
2561 2904 2616 2961 Si
2651 2905 2839 2983 igitur,
2881 2913 2942 2958 ut
2971 2915 3026 2958 tu
3062 2900 3324 2965 statuisti,
3349 2899 3534 2969 priora
3576 2897 3696 2962 cpi-

2117 3016 2411 3071 scoporum
2437 2999 2658 3054 decreta
2691 2999 2855 3054 etiam
2889 2996 2978 3050 hic
3005 2995 3244 3056 valeant,
3272 3000 3328 3046 et
3374 2986 3697 3061 posteriori-

2118 3091 2224 3146 bus
2289 3092 2531 3147 tirmiora
2592 3089 2721 3153 sint,
2789 3103 2891 3159 ego
2922 3086 3144 3157 quidem
3177 3083 3344 3139 nolim
3380 3083 3597 3145 dicere;
3637 3089 3695 3133 tu

2041 3173 2087 3263 δ
2118 3193 2252 3233 vero
2284 3179 2401 3246 ipse
2432 3176 2575 3230 haud
2608 3175 2812 3230 dubius
2846 3175 3044 3246 docete
3092 3186 3215 3234 nos,
3277 3184 3541 3263 quorsrmi
3603 3166 3695 3219 illa

2125 3271 2421 3326 interdicta
2456 3277 2646 3338 aperte
2676 3266 2935 3322 evadant.
2977 3265 3220 3319 Duorum
3281 3261 3443 3316 enim
3464 3238 3697 3312 a‘lterum

2118 3377 2382 3437 sequatur
2422 3378 2646 3418 necesse
2674 3370 2781 3427 est,
2816 3362 2859 3414 si
2892 3358 3164 3431 judicium
3201 3356 3443 3411 feramus
3469 3368 3538 3407 cx
3580 3352 3699 3419 ipso

2113 3458 2344 3531 iustitiae
2376 3456 2526 3510 fonte
2552 3453 2882 3508 derivatum.
2940 3449 3156 3518 Quippe
3211 3456 3306 3502 aut
3341 3446 3428 3500 hic
3477 3458 3699 3513 quoque

2119 3551 2331 3621 potiora
2363 3548 2693 3601 habebimus
2715 3560 2782 3599 ea
2806 3559 2929 3613 qua:
2954 3544 3133 3611 priora
3158 3550 3309 3600 sunt.
3345 3537 3517 3592 seculi
3546 3547 3697 3589 tuum

2120 3620 2188 3697 de
2231 3642 2352 3695 aliis
2379 3641 2487 3692 illis
2511 3637 2820 3708 judicium;
2859 3643 3024 3702 atque
3046 3634 3118 3687 ita
3145 3620 3566 3687 coniirmahitur
3600 3628 3700 3680 de-

2122 3750 2271 3788 mum
2300 3730 2799 3799 anathematismus
2860 3729 2914 3781 in
2952 3727 3231 3780 Romanos
3277 3724 3356 3776 tui
3409 3721 3537 3774 odio
3571 3717 3700 3772 inde

2120 3823 2535 3897 pronuntiatus,
2568 3832 2623 3875 et
2661 3820 2823 3875 simul
2855 3818 3203 3872 auctoritatis
3231 3825 3336 3868 tua:
3369 3814 3540 3866 robur
3571 3826 3697 3865 cum

2120 3931 2265 3970 verae
2297 3913 2515 3983 pietatis
2547 3912 2708 3965 laude
2745 3920 3038 3964 evanescet
3065 3926 3082 3975 ;
3133 3918 3227 3961 aut
3267 3907 3333 3959 iis
3367 3920 3489 3973 qua:
3516 3903 3700 3973 priora

2122 4016 2269 4070 sunt,
2301 4002 2456 4057 nihili
2521 4002 2703 4061 factis,
2744 4013 2969 4071 propter
3023 3997 3366 4068 obreptionis
3394 4007 3449 4050 et
3492 3996 3701 4049 flauzis

2123 4098 2357 4160 Crimen,
2392 4094 2489 4147 tibi
2524 4095 2747 4162 quidem
2784 4093 3134 4159 imperatoria
3172 4090 3474 4142 auctoritas
3497 4097 3553 4140 et
3584 4087 3698 4155 pie—

2127 4188 2256 4242 tatis
2291 4188 2411 4240 laus
2439 4186 2646 4239 illibata
2685 4183 2955 4239 asseritur
2984 4199 3000 4248 ;
3063 4183 3297 4236 Palama:
3329 4194 3513 4233 autem
3549 4194 3701 4231 eom-

2124 4288 2327 4343 mcnta,
2361 4279 2529 4332 veluti
2560 4276 2722 4346 833
2753 4275 3026 4330 Cbalanes
3066 4273 3238 4326 turris
3265 4311 3279 4333 ,
3335 4278 3698 4333 evertuntur;

2125 4372 2396 4429 Ecclesia:
2430 4386 2562 4424 vero
2595 4378 2778 4440 partes
2827 4356 3113 4438 disiunctae
3143 4363 3440 4418 concordia
3481 4373 3534 4414 et
3568 4378 3700 4431 pace

2128 4465 2426 4519 sociantur.
2456 4464 2551 4517 Sin
2588 4465 2723 4515 adeo
2768 4461 3099 4530 imperiosus
3148 4458 3429 4511 victoriam
3483 4456 3701 4515 tribuis,

451 4551 657 4612 σιλείας
710 4551 914 4618 κράτος
957 4550 1013 4609 ἐς
1062 4550 1123 4600 τὸ
1158 4549 1337 4602 ἀθῶον
1379 4554 1517 4618 μετὰ
1568 4548 1666 4615 τῆς
1699 4548 2015 4610 εὐσεϐείας·

2127 4559 2238 4611 illic
2270 4557 2490 4625 quidem
2510 4555 2787 4624 prioribus
2821 4553 3083 4613 decretis,
3142 4551 3234 4603 hic
3289 4559 3471 4602 autem
3521 4559 3704 4616 poste—

449 4640 664 4694 λὺοιται
694 4639 737 4693 δ’
766 4642 823 4693 αἱ
869 4639 963 4693 τοῦ
1021 4640 1260 4710 Παλαμᾶ
1307 4638 1687 4706 καινοφωνίαι,
1720 4640 1970 4707 καθάπερ
1994 4639 2021 4690 ὁ

447 4733 548 4800 τῆς
595 4731 852 4801 Χαλάνης
900 4731 1108 4801 πύργος
1130 4745 1144 4760 ·
1180 4729 1517 4781 συνάπτεται
1552 4729 1609 4779 δὲ
1640 4729 1706 4780 τὰ
1755 4727 2022 4781 διεστῶτα

446 4826 545 4895 τῆς
583 4822 913 4894 Ἑκκλησίας
940 4826 1080 4893 μέρη
1111 4822 1249 4892 πρὸς
1279 4822 1533 4891 ὁμόνοιαν
1560 4821 1654 4873 καὶ
1682 4822 1927 4891 εἰρήνην.
1960 4821 2020 4872 Εἰ

448 4913 494 4967 δ’
519 4914 851 4978 αὑθεντικῶς
878 4915 1110 4968 οὑτωσὶν
1139 4916 1256 4966 ἐκεῖ
1281 4913 1379 4982 μὲν
1418 4916 1518 4981 τὴν
1546 4912 1702 4979 νίκην
1731 4915 1843 4974 τοῖς
1878 4929 2016 4981 προ⁴

449 5009 631 5078 τέροις
687 5008 868 5073 δίδως,
902 5007 1156 5061 ἐνταυθοῖ
1193 5007 1251 5060 δὲ
1302 5009 1415 5070 τοῖς
1461 5007 1730 5076 ὑστέροις,
1767 5007 2022 5074 τυραννὶς

448 5102 510 5155 τὸ
547 5102 785 5171 πρᾶγμα
816 5102 913 5154 καὶ
948 5101 1182 5162 κανόνας
1230 5082 1441 5161 πάντας
1485 5099 1815 5168 ὑπερϐαἰνον
1847 5098 2024 5159 θείους

451 5193 544 5245 καὶ
586 5193 980 5264 ἀνθρωπίνους.
1019 5192 1128 5245 Καὶ
1175 5193 1224 5244 εἰ
1256 5191 1490 5259 φοϐερόν
1538 5207 1626 5242 σοι
1660 5190 1720 5243 τὸ
1765 5193 2024 5259 ἐμπεσεῖν

451 5285 526 5347 εἰς
558 5286 749 5356 χεῖρας
797 5283 936 5337 Θεοῦ
981 5283 1182 5348 ζῶντος
1217 5282 1521 5351 νομίζεται,
1570 5281 1690 5348 ῶρα
1723 5300 1804 5337 σοι
1836 5283 2024 5336 λοιπὸν

449 5377 834 5445 ἐκλογίζεσθαι
856 5377 983 5438 τοὺς
1011 5375 1264 5431 ἐντεῦθεν
1292 5376 1513 5444 φόϐους,
1551 5376 1727 5428 ὁποῖοι
1760 5376 1854 5427 καὶ
1883 5377 2022 5439 ὅσοι,

2127 4645 2761 4717 rioribus,tyrannicum
2788 4643 3035 4712 profecto
3062 4643 3194 4695 illud
3257 4651 3341 4695 est
3393 4651 3449 4693 ct
3491 4640 3705 4709 legibus

2124 4738 2385 4793 omnibus
2415 4748 2521 4791 tam
2554 4737 2757 4790 divinis
2806 4752 2969 4805 quam
3022 4735 3277 4790 humanis
3335 4734 3694 4788 contrarium.

2125 4832 2180 4886 Si
2211 4832 2377 4900 igitur
2403 4830 2651 4883 terribile
2684 4844 2805 4883 esse
2835 4829 3119 4882 existimas
3154 4829 3205 4881 in
3240 4843 3435 4880 manus
3476 4826 3565 4880 Dei
3622 4826 3704 4879 vi-

2126 4921 2303 4975 ventis
2329 4922 2597 4979 incidere,
2630 4923 2739 4989 jam
2778 4930 2998 4987 oportet
3025 4931 3265 4988 reputes,
3301 4936 3424 4989 qua‘
3451 4918 3703 4987 etqnalia

2128 5011 2255 5068 inde
2292 5013 2944 5080 pet-icuia-impendeant,
2981 5011 3191 5065 liberos
3236 5009 3458 5063 trahenti
3488 5022 3702 5062 'numc-

2127 5120 2418 5172 rosamque
2454 5106 2860 5168 cognationem,
2922 5113 2978 5157 et
3008 5103 3155 5172 quod
3215 5105 3551 5171 praecipuum
3598 5108 3703 5163 est,

2127 5199 2365 5251 animam
2393 5207 2449 5251 et
2482 5213 2717 5264 corpus;
2755 5208 2819 5249 ex
2853 5198 3058 5264 quibus
3112 5196 3228 5250 hmc
3264 5196 3460 5249 metuit
3495 5193 3701 5262 suppli-

2128 5291 2211 5345 cia
2236 5289 2591 5358 smnpiterna,
2624 5288 2760 5341 illud
2786 5270 3026 5341 inlinitis
3054 5288 3335 5356 variisque
3363 5286 3570 5338 morbis
3605 5283 3700 5337 ob.

2132 5382 2356 5436 noxium
2391 5388 2495 5434 est.
2528 5398 2546 5430 ι

453 5470 645 5532 παῖδάς
682 5486 740 5522 τε
774 5470 952 5540 ἔχοντι
986 5472 1079 5523 καὶ
1108 5470 1369 5536 πλείστην
1398 5470 1742 5536 συγγένειαν.
1774 5471 1868 5522 καὶ
1913 5474 2020 5540 ττρὸ
2060 5490 2122 5541 γε
2158 5477 2369 5528 πάντων
2400 5474 2578 5543 ψυχὴν
2643 5472 2737 5525 καὶ
2776 5471 2970 5541 σῶμαο
3039 5467 3115 5526 ὧν
3147 5471 3221 5539 τῇθ
3253 5469 3352 5539 μὲν
3378 5465 3451 5519 τὰ,
3476 5467 3593 5519 ἐκεῖ
3620 5464 3696 5520 δε.

449 5561 682 5613 δίττεται
714 5562 1072 5632 κολαστήρια,
1114 5560 1189 5628 τῷ
1218 5561 1273 5613 δὲ
1319 5561 1529 5631 μυρίοις
1566 5561 1887 5614 ὑποκεῖσθαι
1923 5564 2015 5617 καὶ
2056 5567 2323 5627 ποικίλοις
2362 5567 2666 5634 σδμπίπτει
2696 5566 2991 5634 νοσήμασι.
3032 5582 3049 5615 ι

523 5653 623 5709 ΙΕ’.
668 5656 788 5708 Τῶν
820 5655 873 5708 δὲ
928 5653 1409 5724 παρακαθημένων
1460 5652 1707 5706 καλάκων
1738 5654 1857 5716 ὲνύς
1888 5671 2032 5717 τινος

414 5774 423 5781 -
449 5747 550 5816 τὴν
584 5747 718 5816 ίμὴν
753 5748 830 5818 τῷ
875 5746 1083 5816 ἀγκῶνι
1112 5747 1349 5817 πλευρὰν
1376 5761 1439 5796 συ
1449 5745 1821 5815 μπιλήσαντός
1850 5763 1909 5798 τε
1934 5744 2031 5799 κειὶ

353 5874 375 5889 .
451 5841 933 5911 ἅνιειπὸντοςηὼς
963 5842 1028 5892 τὰ
1059 5839 1257 5911 ἣδιστα
1282 5840 1462 5910 λέγειν
1510 5838 1686 5910 χρεὼν
1718 5838 2023 5909 βασιλεῦσι,

2200 5657 2316 5711 XV.
2354 5654 2489 5711 Cum
2532 5665 2714 5708 autem
2759 5653 3116 5708 assidentimn
3153 5651 3500 5707 adulatorum
3553 5666 3699 5707 unus

2127 5749 2315 5804 cubito
2357 5763 2535 5803 meum
2573 5748 2714 5802 latus
2750 5747 3062 5818 pressisset,
3100 5756 3155 5801 et
3190 5744 3457 5813 placentia
3490 5743 3698 5814 princi-

2128 5843 2290 5912 pibus
2327 5842 2436 5898 dici
2489 5851 2744 5912 Oporterc
2779 5838 3099 5905 monuisset,
3160 5854 3353 5907 ntagno
3409 5846 3526 5893 tum
3576 5836 3697 5894 zelo
