4064 6468
382 398 524 465 1039
813 391 887 465 [Α.
930 406 980 448 c.
1026 389 1194 463 ιδιε]

1379 391 1822 454 BYZAN'l‘lN/E
1860 391 1964 451 Ill:

2068 387 2248 449 llile
2289 384 2428 448 LIB.
2470 378 2622 444 XVI.
2705 368 2836 450 [om
2877 391 2921 432 t.
2961 384 3254 430 eaarscuz.
3293 366 3352 445 9]

3500 374 3638 438 1090

442 517 516 569 1".
552 512 756 567 Τούτου
785 509 832 561 δ’
855 509 997 563 οὕτω
1027 507 1439 579 κεχωρηκότος,
1473 509 1530 560 ἐν
1570 506 1771 568 λύπαις
1807 499 1950 557 εἶναι

2125 503 2216 557 Ill.
2261 501 2312 556 Is
2343 516 2468 556 cum
2501 500 2694 553 fuisset
2725 497 2892 567 hujus
2917 495 3044 550 belli
3076 494 3275 556 exitus,
3310 493 3504 548 incidit
3531 495 3636 549 int-

369 606 449 676 τῷ
477 605 686 676 βασιλεῖ
710 602 1010 668 ξυνέϐαινε,
1039 601 1138 670 τῆς
1164 619 1224 653 τε
1250 599 1706 670 προσδοκωμένης
1741 597 1950 650 ἐκεῖθεν

376 697 651 766 Περσικῆς
682 695 1026 766 λελειμμένῳ
1058 692 1374 762 συμμαχίας
1402 693 1496 744 καὶ
1520 691 1636 760 ἅμα
1667 691 1822 758 φίλου
1861 705 1952 758 με-

375 788 568 856 γίστην
602 786 749 856 αὐτῷ
804 786 892 838 διὰ
922 785 1038 854 βίου
1068 789 1411 854 τηρήσαντος
1460 782 1674 836 εὔνοιαν
1724 784 1954 851 ἐστερη-

380 881 652 950 μένῳ.Ἒν
672 879 769 946 μὲν
794 879 858 949 δὴ
884 877 1042 930 τοῦτο
1069 881 1168 946 τῆς
1199 877 1340 928 κατὰ
1371 875 1687 944 Τριῦαλλῶν
1720 877 1954 942 ἐκστρα-

375 973 526 1034 τείας
552 969 803 1039 ἐμποδὼν
847 971 1088 1037 ἐγεγόνει
1114 968 1191 1038 τῷ
1223 969 1453 1038 βασιλεῖ,
1488 968 1751 1036 Δεύτερον
1782 965 1860 1029 δέ,
1896 965 1955 1016 τὸ

380 1065 522 1117 κατὰ
545 1062 652 1114 τῶν
678 1060 892 1130 νεφρῶν
937 1060 1049 1131 (86)
1074 1060 1356 1130 ἐνσκῆψαν
1387 1060 1538 1128 αὐτῷ
1569 1061 1698 1128 περὶ
1729 1059 1828 1120 τὰς
1865 1057 1954 1110 0:-

385 1155 536 1222 ρινὰς
579 1154 673 1206 τοῦ
702 1154 852 1224 ἡλίου
880 1154 1090 1223 τροπὰς
1134 1155 1374 1220 νόσημα,
1403 1152 1501 1215 τάς
1545 1169 1604 1214 τε
1649 1151 1954 1221 ἀλγηδόνας

383 1244 632 1314 δριμείας
658 1245 865 1313 ἐπάγον
889 1244 1037 1314 αὐτῷ
1067 1246 1164 1297 καὶ
1190 1245 1288 1316 τὴν
1327 1244 1423 1298 τοῦ
1461 1243 1697 1312 βαδίζειν
1727 1243 1959 1296 ὑποκλέ-

381 1353 516 1389 πτον
552 1336 866 1407 ἐλευθερίαν
882 1354 941 1390 τε
967 1339 1059 1390 καὶ
1091 1335 1396 1408 ῥᾳστώνην,
1442 1338 1535 1390 καὶ
1559 1336 1676 1406 ἅμα
1711 1337 1810 1399 τὰς
1847 1335 1956 1388 τῶν

384 1429 586 1498 ίατρῶν
621 1429 953 1498 ἐπαγγελίας
982 1431 1040 1483 οὐ
1078 1431 1224 1500 μάλα
1249 1447 1332 1482 τοι
1372 1429 1509 1500 πρὸς
1533 1429 1595 1481 τὸ
1617 1426 1809 1480 εὔελπι
1853 1445 1956 1479 κα-

383 1521 562 1590 θαρῶς
584 1521 934 1592 ἀθροίζεσθαι
967 1521 1287 1593 συγχωροῦν
1315 1523 1379 1574 ἐκ
1403 1519 1496 1573 τοῦ
1526 1521 1818 1587 σύνεγγυς.
1850 1519 1960 1573 Καὶ

382 1611 564 1680 τρίτον
589 1613 679 1664 ἐπὶ
707 1612 938 1677 τούτοις,
980 1615 1014 1684 ή
1044 1615 1152 1667 τῶν
1181 1617 1238 1666 ἐν
1271 1615 1385 1676 τοῖς
1423 1613 1669 1666 Γαλάτου
1710 1611 1967 1664 Λατίνων

382 1702 524 1754 κατὰ
559 1702 867 1767 Βυζαντίων
893 1705 951 1770 ἐξ
993 1704 1250 1774 οὐδεμιᾶς
1281 1706 1609 1776 προφάσεως
1644 1704 1955 1756 ἐπανάστα-

386 1811 470 1856 σις
497 1793 633 1864 (87),
666 1796 701 1866 ἢ
759 1796 894 1866 μετά
927 1797 1026 1860 τὰς
1064 1799 1318 1868 Ὀρίωνος
1363 1795 1619 1860 ἐπιτολὰς
1670 1795 1834 1857 εὐθὺς
1865 1811 1962 1846 πε-

2057 602 2278 662 perator
2311 592 2365 645 in
2407 591 2643 655 luctum,
2676 599 2732 642 ut
2780 588 2874 656 qui
2917 585 3080 640 simul
3123 594 3177 640 et
3222 584 3480 642 Persicis.
3516 599 3637 654 qua:

2055 685 2209 739 illinc
2251 689 2591 752 speraverat,
2625 679 2845 734 auxiliis
2880 678 3296 738 destitueretur,
3334 687 3500 738 eteo,
3542 677 3638 745 qui

2058 775 2392 844 singularem
2417 787 2546 844 erga
2573 788 2630 827 se
2660 771 3100 825 benevolentiam
3136 777 3250 833 tota
3272 768 3382 821 vita
3414 783 3638 822 consei—

2057 875 2300 930 voverat,
2333 865 2509 919 amico
2553 865 2866 917 orbaretur.
2911 862 3090 917 Prima
3124 876 3187 926 ea
3239 875 3327 914 res
3360 859 3484 923 fuit,
3515 873 3638 928 quae

2059 959 2407 1028 imperatoris
2441 958 2492 1012 in
2528 957 2802 1011 Triballos
2831 953 3174 1024 expeditioni
3206 952 3503 1008 obstiterit.
3541 952 3636 1005 Αιο

2059 1061 2173 1104 tera
2219 1049 2470 1112 morbus,
2512 1048 2607 1118 qui
2647 1047 2824 1101 eidem
2865 1047 3012 1100 circa
3046 1045 3344 1099 solstitium
3383 1043 3635 1096 aestivum

2059 1143 2111 1196 iu
2143 1157 2302 1194 renes
2330 1141 2550 1202 invasit.
2585 1141 2806 1195 dolores
2832 1139 2989 1194 acres
3023 1137 3279 1200 allerens,
3319 1144 3373 1189 ct
3403 1134 3634 1188 liberam

2060 1231 2348 1287 incedendi
2386 1231 2702 1286 facultatem
2735 1230 3108 1300 supprimens,
3145 1228 3221 1282 ita
3256 1237 3316 1280 ut
3353 1243 3419 1280 ex
3459 1225 3638 1280 medi-

2057 1340 2249 1378 corum
2281 1323 2569 1394 promissis
2603 1337 2726 1392 spes
2761 1339 2869 1377 non
2902 1321 3194 1376 admodum
3224 1319 3345 1374 laeta
3371 1329 3466 1373 aut
3489 1328 3641 1372 certa

2059 1421 2326 1477 continuo
2355 1421 2730 1491 colligeretur.
2770 1421 3015 1474 Tertium
3050 1420 3504 1488 impedimentum
3549 1434 3640 1473 ac-

2061 1515 2250 1581 cessit,
2278 1515 2509 1570 rebellio
2536 1516 2604 1570 ab
2635 1514 2841 1569 Latinis
2869 1515 3124 1570 Galaueis
3150 1515 3416 1569 adversus
3439 1514 3644 1585 Byzan-

2065 1609 2170 1662 tios
2213 1607 2368 1662 nullo
2416 1617 2680 1676 praetextu
2713 1615 2927 1676 coepta;
2968 1623 3090 1676 quae
3139 1607 3208 1662 ab
3254 1605 3478 1662 Orionis
3515 1616 3644 1660 ortu

2061 1700 2248 1755 statim
2294 1699 2511 1754 initium
2541 1699 2776 1768 lhabuit.
2825 1700 2901 1754 De
2947 1715 3034 1766 ea,
3069 1701 3291 1768 paulum
3341 1696 3646 1770 progressi,

2062 1808 2288 1864 agemus
2311 1792 2454 1848 in‘fra
2481 1793 2682 1848 fusius.
2719 1793 2877 1849 Nune
2913 1809 3044 1849 vero
3073 1794 3210 1849 illud
3242 1809 3538 1849 resumam.

384 1889 607 1957 ποίηται
653 1890 750 1949 τὰς
796 1890 1009 1961 ἁρχάςυ
1058 1894 1188 1963 περὶ
1233 1886 1302 1963 ἧς
1363 1891 1558 1961 μικρὸν
1596 1888 1823 1959 ὕστερον
1865 1885 2148 1957 προϊόντες
2176 1886 2423 1958 ξέροῦμεν
2473 1886 2792 1956 πλατυτέρα
2831 1889 2900 1958 τῇ
2952 1887 3195 1961 γλώττῃ.
3226 1888 3340 1942 Νῦν
3373 1886 3421 1941 δ’
3459 1887 3640 1942 ἐκεῖνο

385 1983 704 2054 ἐπαναλήψο
711 2001 832 2052 μαι.

1819 2094 2052 2152 CAPUT
2091 2094 2204 2153 VII.

384 2191 562 2247 Persa:
591 2193 860 2261 praedones
891 2193 946 2245 in
978 2191 1254 2246 Thraciam
1281 2189 1495 2261 efosia
1526 2187 1826 2259 trajiciunt.
1882 2187 2100 2258 Equites
2130 2187 2466 2258 circumjecta
2515 2187 2729 2261 Bizynaz
2773 2191 2894 2261 urbi
2940 2190 3055 2245 loca
3087 2189 3383 2260 incursant.
3438 2190 3644 2248 Pedites

454 2260 676 2316 ulterius
710 2271 946 2332 pergunt.
991 2263 1271 2316 Matt/usus
1326 2260 1718 2316 Cantacuzemts
1757 2275 1875 2332 cum
1905 2275 2070 2332 parua
2104 2275 2288 2332 manu
2333 2261 2412 2332 his
2463 2260 2711 2313 occurrit.
2764 2260 2992 2314 Barbari
3038 2261 3304 2317 Romanos
3354 2265 3644 2331 conspicati

453 2335 578 2402 quid
603 2323 821 2402 egerint:
857 2332 1007 2403 Acris
1041 2348 1238 2403 pugna.
1275 2331 1518 2385 Mattlttci
1572 2323 2226 2403 strenuitas..'_Ejusdem_
2255 2329 2312 2380 in
2362 2331 2531 2384 hostes
2571 2339 2764 2403 temere
2809 2333 3000 2386 invecti
3047 2332 3362 2403 periculum.
3409 2323 3642 2388 Barbari

457 2397 810 2456 internecione
834 2402 1008 2455 deleti.
1042 2397 1332 2475 ’l’r'wclara:
1358 2417 1475 2471 spes
1526 2415 1603 2475 ex.
1642 2397 1837 2452 illustri
1885 2399 2122 2475 victoria.
2179 2399 2436 2470 Equestre
2487 2401 2798 2470 praedonum
2852 2397 3136 2472 agmen'ab
3180 2402 3294 2472 ipso
3324 2405 3643 2475 imperatore

459 2475 655 2544 partim
682 2487 894 2536 caesum,
931 2472 1126 2542 partim
1156 2477 1341 2540 prwda
1372 2469 1553 2541 erepta
1575 2469 1753 2539 fusum
1783 2477 1831 2522 et
1867 2471 2180 2538 dispersum.

463 2587 540 2644 A'.
572 2590 732 2658 ’Δρτι
765 2585 860 2640 τοῦ
911 2586 1063 2657 ἡλίου
1112 2585 1211 2650 τὰς
1246 2586 1468 2658 θερινὰς
1501 2585 1707 2656 τροπὰς
1753 2586 1963 2656 παραλ-

2139 2585 2180 2644 l.
2225 2586 2421 2644 Statim
2452 2599 2576 2660 post
2599 2591 2850 2646 aestivum
2881 2592 3176 2649 solstitium
3209 2593 3500 2650 Persarum
3529 2609 3647 2650 ma-

387 2683 699 2746 λάττοντος,
733 2679 977 2752 Περσική
1011 2697 1092 2743 τις
1136 2679 1368 2748 δύναμις
1404 2679 1542 2749 (88),
1576 2678 1635 2744 ἐξ
1663 2679 1964 2746 αὐτονόμου

391 2776 487 2828 καὶ⁸
518 2772 817 2844 λῃστρικῆς
850 2772 984 2841 ἄλλη
1013 2770 1238 2826 ἄλλοθεν
1260 2769 1600 2842 ἡθροισμένη
1632 2771 1842 2840 τροφῆς
1871 2767 1966 2820 καὶ

391 2868 622 2935 διαίτης,
657 2867 715 2928 ἐς
741 2865 964 2936 Θρᾴκην
993 2863 1054 2929 ἐξ
1093 2864 1276 2927 Ἀσίας
1314 2862 1611 2933 πεποίηται
1637 2864 1738 2933 τὴν
1767 2860 1963 2915 διάϐα-

394 2977 502 3015 σιν.
537 2959 646 3012 Καὶ
667 2958 964 3029 ἐπειδήπερ
1015 2954 1192 3009 ὁπόσα
1241 2955 1514 3027 Θαλάττης
1545 2955 1714 3024 ἐγγὺς
1750 2953 1966 3028 ὑπῆρχε

391 3053 569 3123 χωρία
599 3052 730 3106 πᾶσι
762 3047 1018 3114 καθάπαξ
1041 3049 1296 3118 ἀοίκητον
1335 3044 1476 3102 εἶναι
1501 3048 1816 3101 συνέϐαινεν
1838 3049 1969 3117 ἐρη-

394 3143 526 3211 μίαν
546 3142 636 3196 διά
676 3159 740 3208 γε
768 3143 869 3204 τὰς
917 3143 1162 3212 συνεχεῖς
1205 3140 1315 3194 τῶν
1366 3140 1576 3210 ἐχθρῶν
1604 3140 1852 3208 ἐφόδους,
1886 3138 1966 3201 είς

391 3235 502 3290 δύω
525 3233 766 3305 σχίζεται
803 3233 1026 3304 μοίραςο
1063 3232 1283 3286 καὶτῶν
1310 3233 1412 3302 μὲν
1433 3233 1694 3301 ἱππέωνὴ
1729 3229 1966 3300 φάλαγξ,

388 3331 470 3390 εἰς
505 3327 809 3390 διακοσίους
831 3324 916 3398 [Ρ.
941 3323 1067 3394 52η
1096 3324 1189 3378 καὶ
1216 3323 1424 3392 χιλίους
1454 3323 1546 3377 τὸν
1573 3323 1810 3393 ἀριθμὸν
1837 3324 1968 3376 ἀνα-

392 3416 656 3486 φέρουσα,
694 3414 788 3466 ἐπὶ
817 3413 884 3466 τὰ
913 3413 1016 3466 ὅσα
1053 3412 1184 3482 περὶ
1215 3409 1450 3482 Βιζύνην
1490 3411 1602 3464 εἰσὶ
1631 3411 1813 3481 χωρία
1840 3410 1967 3474 τοὺς

389 3505 626 3576 δρόμους
653 3504 804 3563 ὅλαις
833 3502 1034 3574 ἠλαυνε
1083 3505 1204 3565 ταῖς
1239 3502 1446 3572 ἡνίαις·
1481 3501 1515 3572 ἡ
1549 3502 1607 3555 δὲ
1651 3501 1855 3572 πεζικὴ
1876 3501 1968 3554 δύ-

391 3615 576 3668 ναμις,
609 3599 674 3650 ἐκ
702 3596 782 3658 δὶς
813 3594 1157 3648 ἑπτακοσίων
1190 3594 1445 3659 εὐζώνων
1491 3594 1704 3664 ἀνδρῶν
1737 3610 1967 3662 συγκει-

393 3691 532 3761 μένη
577 3671 672 3742 καὶ
709 3686 871 3757 αῦτη.
899 3687 1268 3757 δυτικωτέραν
1299 3686 1600 3755 πεποίηται
1631 3687 1734 3755 τὴν
1759 3685 1965 3756 ὁρμήν.

389 3783 682 3838 Συνέδαινε
753 3780 864 3849 γὰρ
925 3779 1059 3851 αὐτῇ
1121 3782 1222 3850 τήν
1269 3797 1328 3833 τε
1377 3779 1639 3848 Ῥοδόπην
1705 3778 1768 3831 τὸ
1819 3777 1965 3848 ὅρος.

394 3877 486 3930 καὶ
509 3877 632 3931 ὅσαι
659 3875 791 3942 περὶ
839 3873 1218 3944 Διδυμότειχον
1278 3871 1434 3927 οὖσαι
1481 3871 1806 3942 τυγχάνουσι
1874 3871 1970 3922 πό-

389 3969 526 4034 λεις,
554 3968 612 4033 ἐξ
641 3967 975 4040 ὑπερδεξίων
1001 3966 1248 4037 ἀφεμένῃ
1267 3965 1366 4035 τὴν
1400 3965 1588 4034 ἔφοδον
1615 3966 1700 4035 ἐφ’
1717 3965 1816 4018 ὅσα
1837 3965 1962 4018 ἐπέ.

393 4077 548 4114 κεινα
587 4061 764 4113 κεῖται
795 4059 972 4130 χωρία
1002 4058 1279 4110 ποιεῖσθαι
1301 4072 1314 4084 ⁸
1355 4049 1430 4110 ῶν
1457 4055 1727 4127 Ματθαίῳ
1768 4055 1848 4126 τῷ
1871 4054 1967 4108 τοῦ

393 4151 665 4225 βασιλέως
705 4151 804 4221 υίῷ
863 4151 963 4221 τὴν
997 4150 1332 4220 ἐπιτροπὴν,
1366 4147 1444 4212 ὡς
1473 4148 1734 4220 ἀνωτέρω
1767 4147 1969 4219 διείλη-

394 4261 548 4305 πται,
583 4244 904 4315 κεκτημένῳ
933 4243 992 4296 οὗ
1028 4243 1177 4312 μάλα
1200 4259 1286 4296 τοι
1317 4241 1542 4295 ἀνεκτὸν
1564 4240 1825 4312 ἐνομίσθη
1846 4240 1968 4295 κατ’

395 4337 644 4402 ἐξουσίαν
679 4336 912 4406 ἀπονητὶ
939 4335 1276 4404 ποιήσασθαι
1315 4335 1415 4406 τὴν
1437 4335 1536 4404 τῆς
1569 4333 1722 4398 λείας
1755 4334 1969 4389 ἐκεῖθεν

394 4429 556 4481 ἐᾶσαι
589 4427 715 4490 τοὺς
743 4426 958 4496 Πέρσας
1010 4425 1342 4494 ἀπαγωγήν.
1389 4423 1600 4494 Ῥᾴδιον
1625 4423 1670 4476 δ’
1689 4423 1892 4494 ἥκιστα
1911 4423 1972 4477 ὃν

394 4521 458 4571 ἐκ
494 4519 662 4587 μόνης
707 4516 808 4585 τῆς
859 4515 1396 4586 Γρατιανουπόλεως,
1440 4516 1498 4568 ἐν
1531 4508 1798 4588 ᾖτουτονὶ
1823 4533 1974 4585 τηνι-

393 4610 570 4663 mina
618 4613 872 4680 παρεῖναι
906 4608 1210 4673 ξυνέσαινε,
1249 4606 1480 4678 στρατὸν
1511 4611 1625 4672 τοῖς
1669 4607 1972 4678 βαρϐάροις

394 4703 690 4767 ἀντίπαλον
721 4701 1069 4771 παραχρῆμα
1101 4703 1452 4769 συναγαγεῖν,
1491 4703 1556 4754 ἐκ
1602 4702 1711 4754 τῶν
1741 4702 1971 4755 ἐνόντων

393 4796 742 4865 τριακοσίους
801 4795 1003 4858 ἱππέας
1050 4793 1400 4864 ἀνειληφὼς,
1441 4795 1536 4847 καὶ
1585 4794 1820 4864 πεζικήν
1846 4813 1970 4848 τινα

397 4887 674 4956 φάλαγγα,
711 4887 952 4956 μεγάλην
981 4885 1283 4956 ἐϐράϐευσε
1308 4884 1376 4938 δι’
1409 4884 1625 4938 ἀϐάτων
1656 4886 1873 4956 χωρίων
1895 4887 1972 4957 τῷ

395 4981 580 5050 δρόμῳ
616 4981 713 5048 τὴν
742 4977 1047 5048 ταχύτητα.
1107 4979 1182 5049 μὴ
1240 4977 1383 5051 λάθῃ
1425 4977 1676 5045 φυγοῦσι
1710 4981 1848 5048 μετὰ
1874 4982 1972 5049 τῆς

393 5072 543 5134 λείας
569 5075 602 5142 ἡ
632 5071 898 5143 λῃστρικὴ
926 5071 1175 5140 δύναμις.
1204 5069 1386 5123 Τόπου
1412 5070 1706 5141 τοιγαροῦν
1733 5072 1972 5142 ἐντυχὼν

396 5165 818 5235 ἐπιτηδειότητι,
865 5165 934 5218 δι’
979 5158 1042 5219 οὗ
1076 5164 1175 5232 τὴν
1227 5164 1581 5235 ἀναστροφὴν
1620 5166 1670 5217 οἱ
1703 5165 1971 5236 βάρϐαροι

2067 2696 2193 2748 nus,
2225 2683 2320 2754 qui
2362 2684 2456 2739 alii
2500 2685 2724 2740 aliunde
2769 2700 2836 2739 ex
2881 2684 3110 2741 licentia
3153 2697 3209 2741 et
3251 2688 3545 2742 latrocinio
3591 2691 3642 2742 iu

2068 2791 2240 2830 unum
2265 2790 2661 2843 convenerant,
2689 2778 2972 2864 trajiciunt
2997 2795 3064 2834 cx
3089 2779 3218 2836 Asia
3247 2781 3300 2835 in
3327 2782 3642 2839 Thraciam.

2065 2867 2234 2938 836
2265 2868 2456 2932 Iidem,
2484 2871 2612 2940 quia
2643 2870 2762 2924 loca
2793 2872 2978 2926 omnia
3012 2873 3148 2926 mari
3181 2873 3358 2928 vicina
3399 2875 3472 2928 ob
3513 2891 3646 2929 eou-

2071 2958 2251 3014 tinuas
2290 2959 2529 3014 hostium
2570 2961 2915 3030 irruptiones
2945 2971 3098 3016 vasta
3139 2970 3196 3017 et
3241 2963 3646 3019 habitatoribus

2066 3065 2239 3106 vacua
2285 3053 2677 3120 occurrebant,
2731 3053 2998 3123 bipartito
3042 3069 3102 3109 se
3154 3053 3545 3110 distribuunt:
3589 3067 3650 3110 ct

2066 3143 2340 3212 equestris
2369 3143 2592 3214 quidem
2622 3145 2848 3217 cohors,
2873 3146 3172 3228 quaemille.
3192 3154 3249 3201 et
3278 3147 3649 3202 ducentorum

2065 3233 2313 3302 equitum
2345 3243 2484 3299 erat,
2535 3233 2595 3290 in
2630 3250 2796 3306 agros
2840 3235 3058 3308 Bizyna:
3097 3237 3219 3292 urbi
3260 3237 3656 3308 circumjectos

2066 3324 2206 3379 laxis
2239 3324 2471 3380 habenis
2505 3326 2826 3393 invehitur;
2865 3327 3141 3398 pedestris
3183 3339 3392 3396 autem,
3431 3345 3552 3400 qua:
3582 3347 3653 3384 eis

2068 3417 2155 3474 bis
2213 3419 2582 3492 septingentis
2639 3419 2964 3476 hominibus
3011 3421 3286 3492 expeditis
3334 3411 3654 3490 constabat,

2069 3509 2242 3579 magis
2279 3524 2533 3564 occasum
2572 3525 2766 3567 versus
2796 3511 3216 3582 impressionem
3255 3511 3406 3568 facit.
3437 3511 3656 3582 Nempe

2067 3603 2148 3666 hi,
2176 3603 2443 3674 Rhodope
2474 3615 2662 3661 monte
2689 3616 2747 3660 et
2777 3605 3016 3676 oppidis,
3045 3622 3168 3676 quae
3205 3608 3351 3664 circa
3388 3607 3648 3680 Didymo~

2069 3695 2277 3750 tichum
2305 3696 2410 3751 sita
2436 3706 2584 3762 sunt,
2615 3697 2684 3752 ad
2709 3696 2957 3752 dextram
2987 3697 3214 3764 relictis,
3244 3699 3302 3754 in
3327 3699 3653 3755 ulteriorem

2069 3788 2373 3858 regionem,
2411 3789 2466 3843 id
2510 3797 2596 3844 est
2640 3788 3020 3856 Chalcidicen,
3068 3791 3405 3861 irrumpunt,
3425 3793 3552 3866 .cui,
3587 3803 3651 3847 us

2076 3895 2239 3951 supra
2303 3881 2511 3936 dictum
2565 3890 2673 3949 est,
2734 3882 3026 3938 Mattheus
3087 3883 3436 3955 imperatoris
3506 3886 3656 3941 filius

2079 3983 2335 4044 praerat.
2371 3972 2472 4028 llic
2499 3972 2695 4030 Persas
2734 3974 2888 4030 omni
2923 3975 3149 4031 licentia
3179 3985 3234 4032 et
3265 3977 3419 4032 nullo
3459 3977 3661 4032 labore-

2073 4063 2314 4135 praedam
2346 4065 2474 4135 inde
2507 4064 2734 4135 impune
2765 4074 3023 4123 avertere
3048 4070 3158 4122 nan
3194 4067 3665 4124 tolerandum'rae-

2073 4167 2182 4222 tus,
2217 4172 2344 4212 cum
2377 4127 2537 4212 facile
2587 4157 2736 4212 haud
2788 4169 2937 4214 esset
2981 4174 3048 4214 ex
3095 4160 3212 4216 sola
3255 4161 3659 4230 Gratianopoli,

2076 4248 2170 4303 ubi
2208 4249 2325 4318 ipse
2370 4257 2485 4303 tum
2534 4246 2678 4304 forte
2712 4249 3060 4316 versabatur,
3112 4265 3308 4322 cogere
3341 4253 3646 4306 exercitum

2073 4339 2416 4396 debellandis
2439 4339 2696 4396 Barbaris
2719 4355 2929 4411 parem,
2959 4357 3028 4396 ex
3057 4341 3126 4397 iis
3157 4343 3254 4412 qui
3281 4343 3511 4398 aderant
3541 4353 3652 4398 tre-

2074 4446 2266 4491 centos
2294 4436 2512 4505 equites
2552 4443 2610 4489 et
2657 4434 2968 4504 pedestrem
3009 4435 3304 4492 cohortem
3350 4437 3559 4497 sumit;
3587 4453 3650 4494 ac

2073 4543 2144 4583 ne
2171 4527 2452 4583 latronum
2486 4542 2678 4596 agmen
2707 4543 2831 4584 sese
2859 4543 2986 4583 eum
3019 4529 3203 4598 praeda
3247 4528 3432 4584 subito
3473 4529 3652 4600 prori-

2073 4624 2210 4694 piat,
2255 4637 2454 4694 magno
2486 4621 2712 4677 itineris
2732 4621 3066 4690 compendio
3101 4636 3326 4678 cursum
3374 4636 3474 4690 per
3504 4619 3649 4673 invia

2074 4717 2364 4772 accelerat.
2416 4714 2624 4770 Locum
2674 4729 2812 4768 vero
2857 4724 3250 4784 opportunum'
3280 4723 3493 4777 nactus,
3545 4725 3648 4779 qua

2074 4808 2307 4864 redituri
2337 4808 2524 4862 hostes
2554 4807 2912 4876 putabantur,
2945 4820 3079 4861 suos
3107 4805 3182 4860 ibi
3224 4805 3279 4858 in
3313 4804 3526 4859 insidiis
3553 4821 3646 4866 p0-

2075 4901 2196 4956 nit:
2227 4907 2341 4952 tum
2369 4897 2634 4967 quosdam
2657 4895 2946 4966 expeditos
2975 4895 3316 4966 speculatum
3345 4893 3644 4964 praemittit.

2075 4992 2154 5046 Ex
2181 4989 2382 5060 quibus
2406 5002 2531 5043 cum
2558 4985 2880 5051 audivisset,
2912 4985 2970 5039 in
3012 4983 3194 5054 praeda
3218 4983 3430 5054 agenda
3471 4982 3650 5035 adhuc

2075 5091 2372 5150 occupatos
2397 5094 2521 5134 esse
2552 5077 2824 5132 Barbaros
2851 5086 2907 5130 et
2940 5091 2972 5130 ο
3005 5076 3208 5130 castris
3234 5075 3396 5144 longe
3421 5073 3645 5133 abesse;

2079 5175 2280 5227 milites
2311 5186 2440 5226 suos
2477 5170 2691 5223 modice
2716 5169 2874 5238 jubet
2908 5167 3205 5238 prandere.
3257 5167 3328 5222 At
3376 5165 3477 5227 illi,
3517 5178 3645 5231 qu'a

394 5256 527 5326 δρᾷν
560 5258 892 5325 ἐνομίζοντο,
925 5257 1027 5326 τήν
1069 5273 1128 5308 τε
1159 5255 1442 5324 ἐφεδρείαν
1473 5255 1707 5310 ἐνταῦθα
1738 5259 1964 5327 πεποίη-

2078 5281 2184 5322 non
2222 5264 2520 5326 habebant,
2554 5261 2700 5315 unde
2720 5275 2917 5331 aquam
2952 5261 3238 5315 haurirent
3271 5257 3336 5311 ad
3369 5247 3529 5325 837
3563 5269 3645 5308 re-

396 5364 486 5398 ται
517 5347 738 5400 καὶτῶν
767 5347 1018 5410 εὐζώνων
1070 5347 1247 5409 ἐνίους
1284 5344 1649 5416 προῦπεμπεν
1682 5350 1762 5410 είς
1797 5365 1966 5401 κατι·

398 5441 638 5509 σκοπήνο
673 5441 764 5509 dep?
795 5434 870 5496 ὧν
907 5439 1036 5508 περὶ
1065 5437 1163 5508 τὴν
1194 5437 1344 5490 λείαν
1375 5438 1722 5508 ἀσχολεῖσθαι
1775 5442 1969 5511 uappa

2080 5357 2466 5429 stinguendam
2497 5354 2669 5420 sitim,
2695 5343 2860 5424 quam
2893 5365 2950 5408 et
2985 5368 3184 5408 cursus
3217 5346 3552 5418 defetigatio,
3590 5355 3646 5400 et

2080 5447 2228 5500 illius
2257 5443 2600 5514 tempestatis
2638 5443 2807 5498 ardor
2847 5441 3129 5510 attulerat,
3158 5441 3324 5496 armis
3351 5437 3647 5510 expetlicnv

1736 5586 2081 5650 Variorum
2122 5595 2305 5650 noue.

466 5715 578 5790 (isti)
611 5713 906 5790 Qautacuz.
931 5712 1028 5790 lib.
1068 5727 1149 5790 tv,
1175 5726 1296 5778 cap.
1332 5709 1420 5767 lO.
1441 5710 1708 5790 “poetae.

466 5780 576 5857 (is?)
620 5785 815 5853 chua
841 5783 1061 5855 copiose
1111 5781 1404 5838 Cantaeuz.
1440 5780 1534 5836 lib.
1570 5797 1642 5847 tv,
1685 5796 1808 5854 cap.
1856 5782 1946 5853 il,

400 5856 485 5913 12.
553 5856 782 5912 DL'CANG.

2125 5711 2410 5782 (83}_Rcm
2446 5720 2634 5770 narrat
2664 5713 3077 5770 Cantacuzenus
3123 5707 3220 5765 lib.
3285 5718 3364 5774 tv,
3403 5711 3523 5770 cap.
3581 5697 3641 5752 to

2089 5780 2230 5839 extr.
2257 5780 2491 5840 Duuaxo.
3507 5791 3512 5796 ‘
