  <div class='ocr_page' id='page_1' title='image "/cluster/home/n/w/nwhite01/storage/ocr_20150623/148:no.1/coo.31924054870534/554.png"; bbox 0 0 4064 6452; ppageno 0'>
   <div class='ocr_carea' id='block_1_1' title="bbox 261 345 988 419">
    <p class='ocr_par' dir='ltr' id='par_1_1' title="bbox 261 345 988 419">
     <span class='ocr_line' id='line_1_1' title="bbox 261 345 988 419; baseline 0.01 -7"><span class='ocrx_word' id='word_1_1' title='bbox 261 347 395 412; x_wconf 76' lang='lat'><strong>1097</strong></span> <span class='ocrx_word' id='word_1_2' title='bbox 628 345 703 418; x_wconf 68' lang='grc' dir='ltr'><strong>[Α-</strong></span> <span class='ocrx_word' id='word_1_3' title='bbox 741 363 792 401; x_wconf 82' lang='lat' dir='ltr'><strong>c-</strong></span> <span class='ocrx_word' id='word_1_4' title='bbox 824 346 988 419; x_wconf 63' lang='lat'><strong>15481</strong></span> 
     </span>
    </p>
   </div>
   <div class='ocr_carea' id='block_1_2' title="bbox 1244 312 1819 419">
    <p class='ocr_par' dir='ltr' id='par_1_2' title="bbox 1244 312 1819 414">
     <span class='ocr_line' id='line_1_2' title="bbox 1244 312 1819 414; baseline 0.005 -5"><span class='ocrx_word' id='word_1_5' title='bbox 1244 312 1702 414; x_wconf 33' lang='lat' dir='ltr'><strong>bt&#39;ZAN&#39;rIN/E&#39;</strong></span> <span class='ocrx_word' id='word_1_6' title='bbox 1737 354 1819 413; x_wconf 88' lang='lat' dir='ltr'><strong>Hl</strong></span> 
     </span>
    </p>
   </div>
   <div class='ocr_carea' id='block_1_3' title="bbox 1924 312 3283 419">
    <p class='ocr_par' dir='ltr' id='par_1_3' title="bbox 1924 348 3283 419">
     <span class='ocr_line' id='line_1_3' title="bbox 1924 348 3283 419; baseline -0.001 -21"><span class='ocrx_word' id='word_1_7' title='bbox 1924 352 2126 414; x_wconf 63' lang='lat' dir='ltr'><strong>0am;</strong></span> <span class='ocrx_word' id='word_1_8' title='bbox 2170 352 2318 413; x_wconf 58' lang='lat' dir='ltr'><strong>LIB,</strong></span> <span class='ocrx_word' id='word_1_9' title='bbox 2361 353 2554 414; x_wconf 71' lang='lat' dir='ltr'><strong>xv”,</strong></span> <span class='ocrx_word' id='word_1_10' title='bbox 2635 348 2770 419; x_wconf 77' lang='lat' dir='ltr'><strong>[:ue.</strong></span> <span class='ocrx_word' id='word_1_11' title='bbox 2803 363 2848 399; x_wconf 78' lang='grc' dir='ltr'>ι.</span> <span class='ocrx_word' id='word_1_12' title='bbox 2891 358 3184 400; x_wconf 61' lang='lat' dir='ltr'><strong>cumcur.</strong></span> <span class='ocrx_word' id='word_1_13' title='bbox 3224 348 3283 415; x_wconf 63' lang='grc'><strong>2]</strong></span> 
     </span>
    </p>
   </div>
   <div class='ocr_carea' id='block_1_4' title="bbox 3397 351 3547 445">
    <p class='ocr_par' dir='ltr' id='par_1_4' title="bbox 3397 351 3547 445">
     <span class='ocr_line' id='line_1_4' title="bbox 3397 351 3547 445; baseline 0 -36"><span class='ocrx_word' id='word_1_14' title='bbox 3397 351 3547 445; x_wconf 21' lang='grc' dir='ltr'>Ῑίῑυδν</span> 
     </span>
    </p>
   </div>
   <div class='ocr_carea' id='block_1_5' title="bbox 256 465 1819 542">
    <p class='ocr_par' dir='ltr' id='par_1_5' title="bbox 256 468 1819 542">
     <span class='ocr_line' id='line_1_5' title="bbox 256 468 1819 542; baseline 0.002 -23"><span class='ocrx_word' id='word_1_15' title='bbox 256 483 485 532; x_wconf 86' lang='grc' dir='ltr'>στασαν,</span> <span class='ocrx_word' id='word_1_16' title='bbox 509 469 608 521; x_wconf 69' lang='grc' dir='ltr'>καὶ</span> <span class='ocrx_word' id='word_1_17' title='bbox 629 468 876 532; x_wconf 78' lang='grc' dir='ltr'>πλείονος</span> <span class='ocrx_word' id='word_1_18' title='bbox 894 468 961 522; x_wconf 80' lang='grc' dir='ltr'>αὖ</span> <span class='ocrx_word' id='word_1_19' title='bbox 994 470 1394 540; x_wconf 75' lang='grc' dir='ltr'><strong>ἐπειλημμένοι</strong></span> <span class='ocrx_word' id='word_1_20' title='bbox 1419 470 1559 542; x_wconf 78' lang='grc' dir='ltr'>πρὸς</span> <span class='ocrx_word' id='word_1_21' title='bbox 1589 472 1650 524; x_wconf 84' lang='grc' dir='ltr'><strong>τδ</strong></span> <span class='ocrx_word' id='word_1_22' title='bbox 1681 470 1819 525; x_wconf 77' lang='grc' dir='ltr'>ἀναν</span> 
     </span>
    </p>
   </div>
   <div class='ocr_carea' id='block_1_6' title="bbox 1924 465 3537 542">
    <p class='ocr_par' dir='ltr' id='par_1_6' title="bbox 1948 465 3537 541">
     <span class='ocr_line' id='line_1_6' title="bbox 1948 465 3537 541; baseline -0.004 -18"><span class='ocrx_word' id='word_1_23' title='bbox 1948 486 2071 524; x_wconf 89' lang='lat' dir='ltr'><strong>rum</strong></span> <span class='ocrx_word' id='word_1_24' title='bbox 2110 480 2264 541; x_wconf 88' lang='lat' dir='ltr'><strong>septa</strong></span> <span class='ocrx_word' id='word_1_25' title='bbox 2293 471 2402 525; x_wconf 82' lang='lat' dir='ltr'><strong>alia</strong></span> <span class='ocrx_word' id='word_1_26' title='bbox 2424 480 2591 539; x_wconf 90' lang='lat' dir='ltr'><strong>atque</strong></span> <span class='ocrx_word' id='word_1_27' title='bbox 2618 470 2723 524; x_wconf 90' lang='lat' dir='ltr'><strong>alia</strong></span> <span class='ocrx_word' id='word_1_28' title='bbox 2750 469 2857 523; x_wconf 88' lang='lat' dir='ltr'><strong>late</strong></span> <span class='ocrx_word' id='word_1_29' title='bbox 2879 466 3335 523; x_wconf 78' lang='lat' dir='ltr'><strong>circumducunt:</strong></span> <span class='ocrx_word' id='word_1_30' title='bbox 3362 465 3537 518; x_wconf 68' lang='lat' dir='ltr'><strong>fossas</strong></span> 
     </span>
    </p>
   </div>
   <div class='ocr_carea' id='block_1_7' title="bbox 245 542 1835 632">
    <p class='ocr_par' dir='ltr' id='par_1_7' title="bbox 245 542 1835 632">
     <span class='ocr_line' id='line_1_7' title="bbox 245 542 1835 632; baseline 0 -18"><span class='ocrx_word' id='word_1_31' title='bbox 245 575 341 623; x_wconf 83' lang='grc' dir='ltr'><strong>τες</strong></span> <span class='ocrx_word' id='word_1_32' title='bbox 367 542 538 615; x_wconf 83' lang='grc' dir='ltr'><strong>τόπού</strong></span> <span class='ocrx_word' id='word_1_33' title='bbox 595 561 841 632; x_wconf 78' lang='grc' dir='ltr'><strong>πύργους</strong></span> <span class='ocrx_word' id='word_1_34' title='bbox 873 579 932 615; x_wconf 89' lang='grc' dir='ltr'><strong>τε</strong></span> <span class='ocrx_word' id='word_1_35' title='bbox 974 562 1289 632; x_wconf 79' lang='grc' dir='ltr'><strong>ᾠκοδόμουν</strong></span> <span class='ocrx_word' id='word_1_36' title='bbox 1326 562 1835 632; x_wconf 80' lang='grc' dir='ltr'><strong>δυσανταγώνιστον</strong></span> 
     </span>
    </p>
   </div>
   <div class='ocr_carea' id='block_1_8' title="bbox 246 653 1837 727">
    <p class='ocr_par' dir='ltr' id='par_1_8' title="bbox 246 653 1837 727">
     <span class='ocr_line' id='line_1_8' title="bbox 246 653 1837 727; baseline 0.002 -22"><span class='ocrx_word' id='word_1_37' title='bbox 246 653 619 724; x_wconf 80' lang='grc' dir='ltr'><strong>κεκτημένους</strong></span> <span class='ocrx_word' id='word_1_38' title='bbox 650 659 712 707; x_wconf 83' lang='grc' dir='ltr'>τὸ</span> <span class='ocrx_word' id='word_1_39' title='bbox 741 654 901 724; x_wconf 75' lang='grc' dir='ltr'>ὕψος,</span> <span class='ocrx_word' id='word_1_40' title='bbox 944 656 1039 709; x_wconf 73' lang='grc' dir='ltr'>καὶ</span> <span class='ocrx_word' id='word_1_41' title='bbox 1065 655 1183 726; x_wconf 85' lang='grc' dir='ltr'>ἆμα</span> <span class='ocrx_word' id='word_1_42' title='bbox 1211 655 1364 727; x_wconf 80' lang='grc' dir='ltr'><strong>τείχη</strong></span> <span class='ocrx_word' id='word_1_43' title='bbox 1390 656 1487 710; x_wconf 67' lang='grc' dir='ltr'>καὶ</span> <span class='ocrx_word' id='word_1_44' title='bbox 1514 655 1837 726; x_wconf 83' lang='grc' dir='ltr'>περιϐόλους</span> 
     </span>
    </p>
   </div>
   <div class='ocr_carea' id='block_1_9' title="bbox 1946 561 3536 634">
    <p class='ocr_par' dir='ltr' id='par_1_9' title="bbox 1946 561 3536 634">
     <span class='ocr_line' id='line_1_9' title="bbox 1946 561 3536 634; baseline -0.004 -18"><span class='ocrx_word' id='word_1_45' title='bbox 1946 572 2215 634; x_wconf 68' lang='lat' dir='ltr'><strong>prreterca</strong></span> <span class='ocrx_word' id='word_1_46' title='bbox 2246 571 2301 617; x_wconf 82' lang='lat' dir='ltr'><strong>ct</strong></span> <span class='ocrx_word' id='word_1_47' title='bbox 2324 562 2664 617; x_wconf 87' lang='lat' dir='ltr'><strong>munitiones</strong></span> <span class='ocrx_word' id='word_1_48' title='bbox 2721 561 3051 625; x_wconf 78' lang='lat' dir='ltr'><strong>muliuntur,</strong></span> <span class='ocrx_word' id='word_1_49' title='bbox 3079 568 3134 613; x_wconf 91' lang='lat' dir='ltr'><strong>et</strong></span> <span class='ocrx_word' id='word_1_50' title='bbox 3190 572 3536 627; x_wconf 56' lang='lat' dir='ltr'><strong>quacunque</strong></span> 
     </span>
    </p>
   </div>
   <div class='ocr_carea' id='block_1_10' title="bbox 1945 652 3220 711">
    <p class='ocr_par' dir='ltr' id='par_1_10' title="bbox 1945 652 3220 711">
     <span class='ocr_line' id='line_1_10' title="bbox 1945 652 3220 711; baseline -0.002 -2"><span class='ocrx_word' id='word_1_51' title='bbox 1945 655 2161 709; x_wconf 87' lang='lat' dir='ltr'><strong>aditum</strong></span> <span class='ocrx_word' id='word_1_52' title='bbox 2201 654 2459 711; x_wconf 75' lang='lat' dir='ltr'><strong>hostibus</strong></span> <span class='ocrx_word' id='word_1_53' title='bbox 2488 654 2770 709; x_wconf 84' lang='lat' dir='ltr'><strong>difficilem</strong></span> <span class='ocrx_word' id='word_1_54' title='bbox 2794 653 2994 707; x_wconf 90' lang='lat' dir='ltr'><strong>minari</strong></span> <span class='ocrx_word' id='word_1_55' title='bbox 3021 652 3220 708; x_wconf 78' lang='lat' dir='ltr'><strong>solent.</strong></span> 
     </span>
    </p>
   </div>
   <div class='ocr_carea' id='block_1_11' title="bbox 251 745 3534 820">
    <p class='ocr_par' dir='ltr' id='par_1_11' title="bbox 251 745 3534 820">
     <span class='ocr_line' id='line_1_11' title="bbox 251 745 3534 820; baseline 0.001 -19"><span class='ocrx_word' id='word_1_56' title='bbox 251 748 478 818; x_wconf 85' lang='grc' dir='ltr'>μακρὰν</span> <span class='ocrx_word' id='word_1_57' title='bbox 501 749 600 820; x_wconf 83' lang='grc' dir='ltr'>τὴν</span> <span class='ocrx_word' id='word_1_58' title='bbox 637 749 983 819; x_wconf 78' lang='grc' dir='ltr'><strong>εὐρυχωρίαν</strong></span> <span class='ocrx_word' id='word_1_59' title='bbox 1030 750 1256 820; x_wconf 70' lang='grc' dir='ltr'>ἔχοντας</span> <span class='ocrx_word' id='word_1_60' title='bbox 1306 750 1502 815; x_wconf 85' lang='grc' dir='ltr'>ἀλλους</span> <span class='ocrx_word' id='word_1_61' title='bbox 1530 752 1620 803; x_wconf 74' lang='grc' dir='ltr'><strong>ἐπ’</strong></span> <span class='ocrx_word' id='word_1_62' title='bbox 1654 750 1834 811; x_wconf 77' lang='grc' dir='ltr'>ἄλλοις</span> <span class='ocrx_word' id='word_1_63' title='bbox 1871 752 2101 819; x_wconf 78' lang='grc' dir='ltr'>συχνοὺς</span> <span class='ocrx_word' id='word_1_64' title='bbox 2133 750 2529 819; x_wconf 62' lang='grc' dir='ltr'>περιήλαυνον</span> <span class='ocrx_word' id='word_1_65' title='bbox 2558 748 2657 800; x_wconf 74' lang='grc' dir='ltr'>καὶ</span> <span class='ocrx_word' id='word_1_66' title='bbox 2700 749 2838 818; x_wconf 84' lang='grc' dir='ltr'>πρός</span> <span class='ocrx_word' id='word_1_67' title='bbox 2865 765 2929 815; x_wconf 90' lang='grc' dir='ltr'><strong>γε</strong></span> <span class='ocrx_word' id='word_1_68' title='bbox 2995 745 3075 799; x_wconf 77' lang='grc' dir='ltr'>ἔτι</span> <span class='ocrx_word' id='word_1_69' title='bbox 3141 747 3388 818; x_wconf 77' lang='grc' dir='ltr'><strong>τάφρους</strong></span> <span class='ocrx_word' id='word_1_70' title='bbox 3432 749 3534 803; x_wconf 80' lang='grc' dir='ltr'>καὶ</span> 
     </span>
    </p>
   </div>
   <div class='ocr_carea' id='block_1_12' title="bbox 251 838 3057 915">
    <p class='ocr_par' dir='ltr' id='par_1_12' title="bbox 251 838 3057 915">
     <span class='ocr_line' id='line_1_12' title="bbox 251 838 3057 915; baseline 0.001 -23"><span class='ocrx_word' id='word_1_71' title='bbox 251 840 594 912; x_wconf 81' lang='grc' dir='ltr'><strong>ὀχυρώματα</strong></span> <span class='ocrx_word' id='word_1_72' title='bbox 618 842 705 896; x_wconf 76' lang='grc' dir='ltr'><strong>ἐπ’</strong></span> <span class='ocrx_word' id='word_1_73' title='bbox 756 844 939 906; x_wconf 83' lang='grc' dir='ltr'>αὐτοῖς</span> <span class='ocrx_word' id='word_1_74' title='bbox 968 844 1067 898; x_wconf 78' lang='grc' dir='ltr'>καὶ</span> <span class='ocrx_word' id='word_1_75' title='bbox 1127 845 1229 896; x_wconf 86' lang='grc' dir='ltr'>ὅσα</span> <span class='ocrx_word' id='word_1_76' title='bbox 1272 844 1552 913; x_wconf 75' lang='grc' dir='ltr'>πολεμίοις</span> <span class='ocrx_word' id='word_1_77' title='bbox 1596 844 2049 915; x_wconf 73' lang='grc' dir='ltr'><strong>δυσεπιχείρητον</strong></span> <span class='ocrx_word' id='word_1_78' title='bbox 2085 842 2371 897; x_wconf 79' lang='grc' dir='ltr'>ἀπειλοῦσι</span> <span class='ocrx_word' id='word_1_79' title='bbox 2398 844 2497 913; x_wconf 79' lang='grc' dir='ltr'>τὴν</span> <span class='ocrx_word' id='word_1_80' title='bbox 2532 841 2765 912; x_wconf 85' lang='grc' dir='ltr'>πάροδον</span> <span class='ocrx_word' id='word_1_81' title='bbox 2795 838 3057 911; x_wconf 77' lang='grc' dir='ltr'>ὤρυττον.</span> 
     </span>
    </p>
   </div>
   <div class='ocr_carea' id='block_1_13' title="bbox 247 933 1840 1005">
    <p class='ocr_par' dir='ltr' id='par_1_13' title="bbox 247 933 1840 1005">
     <span class='ocr_line' id='line_1_13' title="bbox 247 933 1840 1005; baseline 0.001 -18"><span class='ocrx_word' id='word_1_82' title='bbox 247 940 266 972; x_wconf 67' lang='grc'><strong>⁸</strong></span> <span class='ocrx_word' id='word_1_83' title='bbox 320 933 396 987; x_wconf 89' lang='grc' dir='ltr'><strong>Γ’.</strong></span> <span class='ocrx_word' id='word_1_84' title='bbox 426 936 587 1005; x_wconf 83' lang='grc' dir='ltr'>Ἀρτι</span> <span class='ocrx_word' id='word_1_85' title='bbox 612 935 784 988; x_wconf 79' lang='grc' dir='ltr'>δὲκαὶ</span> <span class='ocrx_word' id='word_1_86' title='bbox 815 935 1070 988; x_wconf 78' lang='grc' dir='ltr'>ναυτικὸν</span> <span class='ocrx_word' id='word_1_87' title='bbox 1100 934 1453 989; x_wconf 76' lang='grc' dir='ltr'><strong>συνίστασθαι</strong></span> <span class='ocrx_word' id='word_1_88' title='bbox 1482 934 1840 1005; x_wconf 76' lang='grc' dir='ltr'><strong>βουληθέντος</strong></span> 
     </span>
    </p>
   </div>
   <div class='ocr_carea' id='block_1_14' title="bbox 242 1024 1836 1096">
    <p class='ocr_par' dir='ltr' id='par_1_14' title="bbox 242 1024 1836 1096">
     <span class='ocr_line' id='line_1_14' title="bbox 242 1024 1836 1096; baseline -0.001 -17"><span class='ocrx_word' id='word_1_89' title='bbox 242 1025 341 1079; x_wconf 83' lang='grc' dir='ltr'>τοῦ</span> <span class='ocrx_word' id='word_1_90' title='bbox 371 1025 635 1096; x_wconf 84' lang='grc' dir='ltr'>βασιλέως</span> <span class='ocrx_word' id='word_1_91' title='bbox 687 1024 1147 1096; x_wconf 76' lang='grc' dir='ltr'>Καντακουξηνοῠ</span> <span class='ocrx_word' id='word_1_92' title='bbox 1198 1025 1286 1078; x_wconf 81' lang='grc' dir='ltr'>διὰ</span> <span class='ocrx_word' id='word_1_93' title='bbox 1335 1026 1436 1089; x_wconf 80' lang='grc' dir='ltr'>τὰς</span> <span class='ocrx_word' id='word_1_94' title='bbox 1484 1026 1689 1096; x_wconf 76' lang='grc' dir='ltr'>συχνάς</span> <span class='ocrx_word' id='word_1_95' title='bbox 1727 1024 1836 1077; x_wconf 83' lang='grc' dir='ltr'><strong>τῶν</strong></span> 
     </span>
    </p>
   </div>
   <div class='ocr_carea' id='block_1_15' title="bbox 244 1115 1837 1190">
    <p class='ocr_par' dir='ltr' id='par_1_15' title="bbox 244 1115 1837 1190">
     <span class='ocr_line' id='line_1_15' title="bbox 244 1115 1837 1190; baseline -0.001 -20"><span class='ocrx_word' id='word_1_96' title='bbox 244 1115 533 1190; x_wconf 73' lang='grc' dir='ltr'>Περσικῶν</span> <span class='ocrx_word' id='word_1_97' title='bbox 562 1116 847 1188; x_wconf 76' lang='grc' dir='ltr'>δυνάμεων</span> <span class='ocrx_word' id='word_1_98' title='bbox 872 1117 1095 1186; x_wconf 78' lang='grc' dir='ltr'>ἐφόδους</span> <span class='ocrx_word' id='word_1_99' title='bbox 1119 1119 1229 1170; x_wconf 85' lang='grc' dir='ltr'><strong>κάκ</strong></span> <span class='ocrx_word' id='word_1_100' title='bbox 1257 1116 1361 1185; x_wconf 85' lang='grc' dir='ltr'>τῆς</span> <span class='ocrx_word' id='word_1_101' title='bbox 1398 1117 1587 1182; x_wconf 71' lang='grc' dir='ltr'>Ἄσίας</span> <span class='ocrx_word' id='word_1_102' title='bbox 1612 1117 1668 1180; x_wconf 75' lang='grc' dir='ltr'>ἐς</span> <span class='ocrx_word' id='word_1_103' title='bbox 1699 1117 1837 1189; x_wconf 78' lang='grc' dir='ltr'><strong>Θρᾴ-</strong></span> 
     </span>
    </p>
   </div>
   <div class='ocr_carea' id='block_1_16' title="bbox 243 1206 1835 1280">
    <p class='ocr_par' dir='ltr' id='par_1_16' title="bbox 243 1206 1835 1280">
     <span class='ocr_line' id='line_1_16' title="bbox 243 1206 1835 1280; baseline -0.001 -19"><span class='ocrx_word' id='word_1_104' title='bbox 243 1225 350 1276; x_wconf 90' lang='grc' dir='ltr'><strong>κην</strong></span> <span class='ocrx_word' id='word_1_105' title='bbox 401 1206 619 1278; x_wconf 82' lang='grc' dir='ltr'>νύκτωρ</span> <span class='ocrx_word' id='word_1_106' title='bbox 662 1208 758 1261; x_wconf 79' lang='grc' dir='ltr'>καὶ</span> <span class='ocrx_word' id='word_1_107' title='bbox 811 1208 929 1278; x_wconf 81' lang='grc' dir='ltr'>μεθ’</span> <span class='ocrx_word' id='word_1_108' title='bbox 988 1209 1206 1279; x_wconf 77' lang='grc' dir='ltr'><strong>ἡμέραν</strong></span> <span class='ocrx_word' id='word_1_109' title='bbox 1244 1208 1546 1275; x_wconf 88' lang='grc' dir='ltr'>διαϐάσεις,</span> <span class='ocrx_word' id='word_1_110' title='bbox 1594 1208 1690 1263; x_wconf 74' lang='grc' dir='ltr'>καὶ</span> <span class='ocrx_word' id='word_1_111' title='bbox 1717 1207 1835 1280; x_wconf 76' lang='grc' dir='ltr'>ἅμα</span> 
     </span>
    </p>
   </div>
   <div class='ocr_carea' id='block_1_17' title="bbox 241 1301 1836 1376">
    <p class='ocr_par' dir='ltr' id='par_1_17' title="bbox 241 1301 1836 1376">
     <span class='ocr_line' id='line_1_17' title="bbox 241 1301 1836 1376; baseline 0 -21"><span class='ocrx_word' id='word_1_112' title='bbox 241 1320 271 1355; x_wconf 89' lang='grc' dir='ltr'><strong>τ</strong></span> <span class='ocrx_word' id='word_1_113' title='bbox 292 1301 370 1364; x_wconf 82' lang='grc' dir='ltr'><strong>,ὺς</strong></span> <span class='ocrx_word' id='word_1_114' title='bbox 414 1302 477 1353; x_wconf 82' lang='grc' dir='ltr'>ὲκ</span> <span class='ocrx_word' id='word_1_115' title='bbox 507 1302 777 1371; x_wconf 81' lang='grc' dir='ltr'>θαλάττης</span> <span class='ocrx_word' id='word_1_116' title='bbox 799 1303 1291 1372; x_wconf 76' lang='grc' dir='ltr'>οἰκονομικώτερον</span> <span class='ocrx_word' id='word_1_117' title='bbox 1312 1305 1515 1376; x_wconf 85' lang='grc' dir='ltr'>τρόπον</span> <span class='ocrx_word' id='word_1_118' title='bbox 1540 1305 1836 1374; x_wconf 86' lang='grc' dir='ltr'>κουφίσαν-</span> 
     </span>
    </p>
   </div>
   <div class='ocr_carea' id='block_1_18' title="bbox 241 1394 1830 1466">
    <p class='ocr_par' dir='ltr' id='par_1_18' title="bbox 241 1394 1830 1466">
     <span class='ocr_line' id='line_1_18' title="bbox 241 1394 1830 1466; baseline 0.003 -21"><span class='ocrx_word' id='word_1_119' title='bbox 241 1411 330 1456; x_wconf 82' lang='grc' dir='ltr'><strong>τος</strong></span> <span class='ocrx_word' id='word_1_120' title='bbox 363 1394 564 1462; x_wconf 83' lang='grc' dir='ltr'>φόρους</span> <span class='ocrx_word' id='word_1_121' title='bbox 592 1394 938 1464; x_wconf 80' lang='grc' dir='ltr'>βουλομένοις</span> <span class='ocrx_word' id='word_1_122' title='bbox 953 1396 1240 1466; x_wconf 81' lang='grc' dir='ltr'>καταίρειν</span> <span class='ocrx_word' id='word_1_123' title='bbox 1269 1398 1348 1458; x_wconf 88' lang='grc' dir='ltr'><strong>είς</strong></span> <span class='ocrx_word' id='word_1_124' title='bbox 1373 1398 1466 1449; x_wconf 76' lang='grc' dir='ltr'>τὸν</span> <span class='ocrx_word' id='word_1_125' title='bbox 1489 1399 1599 1450; x_wconf 82' lang='grc' dir='ltr'>τῶν</span> <span class='ocrx_word' id='word_1_126' title='bbox 1622 1396 1830 1462; x_wconf 77' lang='grc' dir='ltr'>Βυζαν-</span> 
     </span>
    </p>
   </div>
   <div class='ocr_carea' id='block_1_19' title="bbox 239 1486 1831 1563">
    <p class='ocr_par' dir='ltr' id='par_1_19' title="bbox 239 1486 1831 1563">
     <span class='ocr_line' id='line_1_19' title="bbox 239 1486 1831 1563; baseline 0.004 -27"><span class='ocrx_word' id='word_1_127' title='bbox 239 1486 372 1537; x_wconf 84' lang='grc' dir='ltr'>τίων</span> <span class='ocrx_word' id='word_1_128' title='bbox 390 1486 608 1550; x_wconf 84' lang='grc' dir='ltr'>λιμένα,</span> <span class='ocrx_word' id='word_1_129' title='bbox 643 1486 671 1540; x_wconf 83' lang='grc' dir='ltr'><strong>δ</strong></span> <span class='ocrx_word' id='word_1_130' title='bbox 699 1488 940 1556; x_wconf 86' lang='grc' dir='ltr'>μάλιστα</span> <span class='ocrx_word' id='word_1_131' title='bbox 967 1491 1080 1551; x_wconf 80' lang='grc' dir='ltr'>τοῖς</span> <span class='ocrx_word' id='word_1_132' title='bbox 1111 1490 1362 1553; x_wconf 84' lang='grc' dir='ltr'>Λατίνοις</span> <span class='ocrx_word' id='word_1_133' title='bbox 1391 1487 1460 1563; x_wconf 83' lang='grc' dir='ltr'>ἧν</span> <span class='ocrx_word' id='word_1_134' title='bbox 1488 1491 1574 1544; x_wconf 74' lang='grc' dir='ltr'>ἀεὶ</span> <span class='ocrx_word' id='word_1_135' title='bbox 1598 1490 1831 1563; x_wconf 79' lang='grc' dir='ltr'>βοηθοῦν</span> 
     </span>
    </p>
   </div>
   <div class='ocr_carea' id='block_1_20' title="bbox 240 1580 1831 1656">
    <p class='ocr_par' dir='ltr' id='par_1_20' title="bbox 240 1580 1831 1656">
     <span class='ocr_line' id='line_1_20' title="bbox 240 1580 1831 1656; baseline 0.005 -26"><span class='ocrx_word' id='word_1_136' title='bbox 240 1580 334 1631; x_wconf 72' lang='grc' dir='ltr'>καὶ</span> <span class='ocrx_word' id='word_1_137' title='bbox 363 1582 757 1648; x_wconf 85' lang='grc' dir='ltr'>κραταιότερον</span> <span class='ocrx_word' id='word_1_138' title='bbox 791 1581 979 1644; x_wconf 75' lang='grc' dir='ltr'>αὐτοῖς</span> <span class='ocrx_word' id='word_1_139' title='bbox 1035 1582 1095 1634; x_wconf 78' lang='grc' dir='ltr'>τὸ</span> <span class='ocrx_word' id='word_1_140' title='bbox 1124 1581 1389 1651; x_wconf 72' lang='grc' dir='ltr'>δύνασθαι</span> <span class='ocrx_word' id='word_1_141' title='bbox 1444 1583 1712 1656; x_wconf 80' lang='grc' dir='ltr'>διηνεκῶς</span> <span class='ocrx_word' id='word_1_142' title='bbox 1739 1585 1831 1654; x_wconf 82' lang='grc' dir='ltr'><strong>ὲρ-</strong></span> 
     </span>
    </p>
   </div>
   <div class='ocr_carea' id='block_1_21' title="bbox 243 1669 1829 1744">
    <p class='ocr_par' dir='ltr' id='par_1_21' title="bbox 243 1669 1829 1744">
     <span class='ocr_line' id='line_1_21' title="bbox 243 1669 1829 1744; baseline 0.004 -21"><span class='ocrx_word' id='word_1_143' title='bbox 243 1669 574 1741; x_wconf 77' lang='grc' dir='ltr'>γαζόμενον,</span> <span class='ocrx_word' id='word_1_144' title='bbox 602 1672 863 1727; x_wconf 81' lang='grc' dir='ltr'>ὑπόνοιαν</span> <span class='ocrx_word' id='word_1_145' title='bbox 886 1673 1044 1744; x_wconf 80' lang='grc' dir='ltr'>ἔσχον</span> <span class='ocrx_word' id='word_1_146' title='bbox 1075 1675 1221 1744; x_wconf 86' lang='grc' dir='ltr'>μάλα</span> <span class='ocrx_word' id='word_1_147' title='bbox 1261 1674 1541 1744; x_wconf 86' lang='grc' dir='ltr'>θρασεῖαν,</span> <span class='ocrx_word' id='word_1_148' title='bbox 1570 1678 1666 1730; x_wconf 82' lang='grc' dir='ltr'>καὶ</span> <span class='ocrx_word' id='word_1_149' title='bbox 1694 1677 1829 1730; x_wconf 76' lang='grc' dir='ltr'>ἐδει-</span> 
     </span>
    </p>
   </div>
   <div class='ocr_carea' id='block_1_22' title="bbox 2020 932 3534 1003">
    <p class='ocr_par' dir='ltr' id='par_1_22' title="bbox 2020 932 3534 1003">
     <span class='ocr_line' id='line_1_22' title="bbox 2020 932 3534 1003; baseline 0.003 -17"><span class='ocrx_word' id='word_1_150' title='bbox 2020 934 2107 990; x_wconf 89' lang='lat' dir='ltr'><strong>Ill.</strong></span> <span class='ocrx_word' id='word_1_151' title='bbox 2142 934 2371 989; x_wconf 90' lang='lat' dir='ltr'><strong>Demum</strong></span> <span class='ocrx_word' id='word_1_152' title='bbox 2395 948 2521 988; x_wconf 90' lang='lat' dir='ltr'><strong>cum</strong></span> <span class='ocrx_word' id='word_1_153' title='bbox 2549 933 2851 1003; x_wconf 76' lang='lat' dir='ltr'><strong>imperator</strong></span> <span class='ocrx_word' id='word_1_154' title='bbox 2866 932 3285 989; x_wconf 83' lang='lat' dir='ltr'><strong>Cantacuzenus</strong></span> <span class='ocrx_word' id='word_1_155' title='bbox 3297 934 3534 990; x_wconf 87' lang='lat' dir='ltr'><strong>classem</strong></span> 
     </span>
    </p>
   </div>
   <div class='ocr_carea' id='block_1_23' title="bbox 1946 1026 3536 1099">
    <p class='ocr_par' dir='ltr' id='par_1_23' title="bbox 1946 1026 3536 1099">
     <span class='ocr_line' id='line_1_23' title="bbox 1946 1026 3536 1099; baseline 0 -17"><span class='ocrx_word' id='word_1_156' title='bbox 1946 1028 2224 1082; x_wconf 55' lang='lat' dir='ltr'><strong>instruere</strong></span> <span class='ocrx_word' id='word_1_157' title='bbox 2245 1026 2607 1091; x_wconf 82' lang='lat' dir='ltr'><strong>decrevisset,</strong></span> <span class='ocrx_word' id='word_1_158' title='bbox 2638 1026 2710 1081; x_wconf 91' lang='lat' dir='ltr'><strong>ob</strong></span> <span class='ocrx_word' id='word_1_159' title='bbox 2734 1026 2958 1081; x_wconf 88' lang='lat' dir='ltr'><strong>crebros</strong></span> <span class='ocrx_word' id='word_1_160' title='bbox 2985 1026 3327 1082; x_wconf 77' lang='lat' dir='ltr'><strong>Pursicarum</strong></span> <span class='ocrx_word' id='word_1_161' title='bbox 3353 1030 3536 1099; x_wconf 87' lang='lat' dir='ltr'><strong>copia-</strong></span> 
     </span>
    </p>
   </div>
   <div class='ocr_carea' id='block_1_24' title="bbox 1945 1106 3533 1189">
    <p class='ocr_par' dir='ltr' id='par_1_24' title="bbox 1945 1106 3533 1189">
     <span class='ocr_line' id='line_1_24' title="bbox 1945 1106 3533 1189; baseline 0.002 -18"><span class='ocrx_word' id='word_1_162' title='bbox 1945 1134 2070 1172; x_wconf 90' lang='lat' dir='ltr'><strong>rum</strong></span> <span class='ocrx_word' id='word_1_163' title='bbox 2100 1118 2357 1173; x_wconf 89' lang='lat' dir='ltr'><strong>incursus</strong></span> <span class='ocrx_word' id='word_1_164' title='bbox 2377 1106 2686 1189; x_wconf 70' lang='lat' dir='ltr'><strong>earumque</strong></span> <span class='ocrx_word' id='word_1_165' title='bbox 2721 1133 2787 1174; x_wconf 76' lang='lat' dir='ltr'><strong>ex</strong></span> <span class='ocrx_word' id='word_1_166' title='bbox 2816 1119 2947 1174; x_wconf 83' lang='lat' dir='ltr'><strong>Asia</strong></span> <span class='ocrx_word' id='word_1_167' title='bbox 2987 1120 3041 1173; x_wconf 92' lang='lat' dir='ltr'><strong>in</strong></span> <span class='ocrx_word' id='word_1_168' title='bbox 3092 1119 3384 1176; x_wconf 84' lang='lat' dir='ltr'><strong>Thraciam</strong></span> <span class='ocrx_word' id='word_1_169' title='bbox 3430 1138 3533 1176; x_wconf 90' lang='lat' dir='ltr'><strong>no-</strong></span> 
     </span>
    </p>
   </div>
   <div class='ocr_carea' id='block_1_25' title="bbox 1943 1210 3532 1282">
    <p class='ocr_par' dir='ltr' id='par_1_25' title="bbox 1943 1210 3532 1282">
     <span class='ocr_line' id='line_1_25' title="bbox 1943 1210 3532 1282; baseline 0.002 -17"><span class='ocrx_word' id='word_1_170' title='bbox 1943 1220 2176 1266; x_wconf 88' lang='lat' dir='ltr'><strong>cturnas</strong></span> <span class='ocrx_word' id='word_1_171' title='bbox 2237 1210 3086 1282; x_wconf 81' lang='lat' dir='ltr'><strong>diurnasquetransvectiones;</strong></span> <span class='ocrx_word' id='word_1_172' title='bbox 3121 1212 3380 1282; x_wconf 81' lang='lat' dir='ltr'><strong>idemque</strong></span> <span class='ocrx_word' id='word_1_173' title='bbox 3438 1214 3532 1276; x_wconf 88' lang='lat' dir='ltr'><strong>iis.</strong></span> 
     </span>
    </p>
   </div>
   <div class='ocr_carea' id='block_1_26' title="bbox 1922 1300 3536 1374">
    <p class='ocr_par' dir='ltr' id='par_1_26' title="bbox 1922 1300 3536 1374">
     <span class='ocr_line' id='line_1_26' title="bbox 1922 1300 3536 1374; baseline 0.002 -18"><span class='ocrx_word' id='word_1_174' title='bbox 1922 1301 2036 1373; x_wconf 88' lang='lat' dir='ltr'><strong>_qui</strong></span> <span class='ocrx_word' id='word_1_175' title='bbox 2071 1303 2135 1356; x_wconf 83' lang='lat' dir='ltr'><strong>ad</strong></span> <span class='ocrx_word' id='word_1_176' title='bbox 2169 1300 2532 1373; x_wconf 82' lang='lat' dir='ltr'><strong>Byzantinum</strong></span> <span class='ocrx_word' id='word_1_177' title='bbox 2559 1310 2780 1371; x_wconf 89' lang='lat' dir='ltr'><strong>portum</strong></span> <span class='ocrx_word' id='word_1_178' title='bbox 2831 1304 3111 1374; x_wconf 83' lang='lat' dir='ltr'><strong>appellere</strong></span> <span class='ocrx_word' id='word_1_179' title='bbox 3140 1305 3368 1369; x_wconf 78' lang='lat' dir='ltr'><strong>vellent,</strong></span> <span class='ocrx_word' id='word_1_180' title='bbox 3432 1306 3536 1360; x_wconf 88' lang='lat' dir='ltr'><strong>tri-</strong></span> 
     </span>
    </p>
   </div>
   <div class='ocr_carea' id='block_1_27' title="bbox 1941 1394 3538 1460">
    <p class='ocr_par' dir='ltr' id='par_1_27' title="bbox 1941 1394 3538 1460">
     <span class='ocr_line' id='line_1_27' title="bbox 1941 1394 3538 1460; baseline 0.003 -11"><span class='ocrx_word' id='word_1_181' title='bbox 1941 1394 2203 1450; x_wconf 89' lang='lat' dir='ltr'><strong>butorum</strong></span> <span class='ocrx_word' id='word_1_182' title='bbox 2236 1395 2587 1450; x_wconf 85' lang='lat' dir='ltr'><strong>nauticornm</strong></span> <span class='ocrx_word' id='word_1_183' title='bbox 2606 1402 2746 1449; x_wconf 85' lang='lat' dir='ltr'><strong>onus</strong></span> <span class='ocrx_word' id='word_1_184' title='bbox 2770 1394 3029 1460; x_wconf 90' lang='lat' dir='ltr'><strong>prudenti</strong></span> <span class='ocrx_word' id='word_1_185' title='bbox 3068 1398 3281 1452; x_wconf 80' lang='lat' dir='ltr'><strong>ratione</strong></span> <span class='ocrx_word' id='word_1_186' title='bbox 3302 1397 3538 1454; x_wconf 88' lang='lat' dir='ltr'><strong>minuis-</strong></span> 
     </span>
    </p>
   </div>
   <div class='ocr_carea' id='block_1_28' title="bbox 1942 1488 3534 1561">
    <p class='ocr_par' dir='ltr' id='par_1_28' title="bbox 1942 1488 3534 1561">
     <span class='ocr_line' id='line_1_28' title="bbox 1942 1488 3534 1561; baseline 0.002 -17"><span class='ocrx_word' id='word_1_187' title='bbox 1942 1501 2047 1550; x_wconf 74' lang='lat' dir='ltr'><strong>set.</strong></span> <span class='ocrx_word' id='word_1_188' title='bbox 2119 1488 2439 1560; x_wconf 70' lang='lat' dir='ltr'><strong>cuiusmodi</strong></span> <span class='ocrx_word' id='word_1_189' title='bbox 2466 1489 2706 1543; x_wconf 90' lang='lat' dir='ltr'><strong>consilio</strong></span> <span class='ocrx_word' id='word_1_190' title='bbox 2735 1488 3038 1559; x_wconf 90' lang='lat' dir='ltr'><strong>plurimum</strong></span> <span class='ocrx_word' id='word_1_191' title='bbox 3085 1506 3306 1561; x_wconf 87' lang='lat' dir='ltr'><strong>semper</strong></span> <span class='ocrx_word' id='word_1_192' title='bbox 3351 1491 3534 1547; x_wconf 87' lang='lat' dir='ltr'><strong>Latini</strong></span> 
     </span>
    </p>
   </div>
   <div class='ocr_carea' id='block_1_29' title="bbox 1943 1577 3531 1648">
    <p class='ocr_par' dir='ltr' id='par_1_29' title="bbox 1943 1577 3531 1648">
     <span class='ocr_line' id='line_1_29' title="bbox 1943 1577 3531 1648; baseline 0.001 -16"><span class='ocrx_word' id='word_1_193' title='bbox 1943 1578 2295 1648; x_wconf 76' lang='lat' dir='ltr'><strong>profecerant</strong></span> <span class='ocrx_word' id='word_1_194' title='bbox 2327 1585 2384 1631; x_wconf 89' lang='lat' dir='ltr'><strong>et</strong></span> <span class='ocrx_word' id='word_1_195' title='bbox 2405 1577 2711 1648; x_wconf 90' lang='lat' dir='ltr'><strong>potentiam</strong></span> <span class='ocrx_word' id='word_1_196' title='bbox 2752 1593 2905 1631; x_wconf 90' lang='lat' dir='ltr'><strong>suam</strong></span> <span class='ocrx_word' id='word_1_197' title='bbox 2963 1579 3020 1633; x_wconf 91' lang='lat' dir='ltr'><strong>in</strong></span> <span class='ocrx_word' id='word_1_198' title='bbox 3079 1578 3209 1634; x_wconf 87' lang='lat' dir='ltr'><strong>dies</strong></span> <span class='ocrx_word' id='word_1_199' title='bbox 3238 1590 3531 1648; x_wconf 79' lang='lat' dir='ltr'><strong>auxerant,</strong></span> 
     </span>
    </p>
   </div>
   <div class='ocr_carea' id='block_1_30' title="bbox 1941 1666 3532 1738">
    <p class='ocr_par' dir='ltr' id='par_1_30' title="bbox 1941 1666 3532 1738">
     <span class='ocr_line' id='line_1_30' title="bbox 1941 1666 3532 1738; baseline 0 -17"><span class='ocrx_word' id='word_1_200' title='bbox 1941 1669 2317 1738; x_wconf 87' lang='lat' dir='ltr'><strong>suspicionem</strong></span> <span class='ocrx_word' id='word_1_201' title='bbox 2350 1666 2597 1721; x_wconf 86' lang='lat' dir='ltr'><strong>habuere</strong></span> <span class='ocrx_word' id='word_1_202' title='bbox 2642 1666 2679 1720; x_wconf 89' lang='lat' dir='ltr'><strong>ii</strong></span> <span class='ocrx_word' id='word_1_203' title='bbox 2723 1666 3136 1736; x_wconf 77' lang='lat' dir='ltr'><strong>gravissimam,</strong></span> <span class='ocrx_word' id='word_1_204' title='bbox 3198 1667 3532 1722; x_wconf 84' lang='lat' dir='ltr'><strong>timuerunt-</strong></span> 
     </span>
    </p>
   </div>
   <div class='ocr_carea' id='block_1_31' title="bbox 244 1759 1819 1852">
    <p class='ocr_par' dir='ltr' id='par_1_31' title="bbox 244 1763 1819 1839">
     <span class='ocr_line' id='line_1_31' title="bbox 244 1763 1819 1839; baseline 0.004 -23"><span class='ocrx_word' id='word_1_205' title='bbox 244 1780 347 1818; x_wconf 90' lang='grc' dir='ltr'><strong>σαν</strong></span> <span class='ocrx_word' id='word_1_206' title='bbox 382 1764 458 1834; x_wconf 86' lang='grc' dir='ltr'>μὴ</span> <span class='ocrx_word' id='word_1_207' title='bbox 489 1763 1125 1835; x_wconf 85' lang='grc' dir='ltr'>θαλαττοκρατησάντων</span> <span class='ocrx_word' id='word_1_208' title='bbox 1164 1766 1456 1836; x_wconf 84' lang='grc' dir='ltr'>Ῥωμαίων</span> <span class='ocrx_word' id='word_1_209' title='bbox 1488 1766 1819 1839; x_wconf 77' lang='grc' dir='ltr'>ύπορρυεῖσσ</span> 
     </span>
    </p>
   </div>
   <div class='ocr_carea' id='block_1_32' title="bbox 1924 1759 3534 1852">
    <p class='ocr_par' dir='ltr' id='par_1_32' title="bbox 1940 1759 3534 1833">
     <span class='ocr_line' id='line_1_32' title="bbox 1940 1759 3534 1833; baseline -0.001 -17"><span class='ocrx_word' id='word_1_210' title='bbox 1940 1776 2071 1832; x_wconf 90' lang='lat' dir='ltr'><strong>que.</strong></span> <span class='ocrx_word' id='word_1_211' title='bbox 2097 1777 2167 1816; x_wconf 92' lang='lat' dir='ltr'><strong>ne</strong></span> <span class='ocrx_word' id='word_1_212' title='bbox 2198 1760 2475 1833; x_wconf 84' lang='lat' dir='ltr'><strong>Byzantiis</strong></span> <span class='ocrx_word' id='word_1_213' title='bbox 2494 1760 2669 1815; x_wconf 85' lang='lat' dir='ltr'><strong>maris</strong></span> <span class='ocrx_word' id='word_1_214' title='bbox 2706 1759 2944 1830; x_wconf 89' lang='lat' dir='ltr'><strong>imperio</strong></span> <span class='ocrx_word' id='word_1_215' title='bbox 2997 1761 3210 1831; x_wconf 88' lang='lat' dir='ltr'><strong>potitis,</strong></span> <span class='ocrx_word' id='word_1_216' title='bbox 3261 1760 3378 1816; x_wconf 88' lang='lat' dir='ltr'><strong>suis</strong></span> <span class='ocrx_word' id='word_1_217' title='bbox 3401 1777 3534 1817; x_wconf 72' lang='lat' dir='ltr'><strong>vero</strong></span> 
     </span>
    </p>
   </div>
   <div class='ocr_carea' id='block_1_33' title="bbox 239 1854 1829 1929">
    <p class='ocr_par' dir='ltr' id='par_1_33' title="bbox 239 1854 1829 1929">
     <span class='ocr_line' id='line_1_33' title="bbox 239 1854 1829 1929; baseline 0.001 -20"><span class='ocrx_word' id='word_1_218' title='bbox 239 1857 281 1927; x_wconf 77' lang='grc' dir='ltr'><strong>ή</strong></span> <span class='ocrx_word' id='word_1_219' title='bbox 313 1855 493 1909; x_wconf 84' lang='grc' dir='ltr'>αὐτῶν</span> <span class='ocrx_word' id='word_1_220' title='bbox 542 1854 773 1926; x_wconf 86' lang='grc' dir='ltr'>δύναμις</span> <span class='ocrx_word' id='word_1_221' title='bbox 823 1857 962 1925; x_wconf 87' lang='grc' dir='ltr'><strong>μετά</strong></span> <span class='ocrx_word' id='word_1_222' title='bbox 1013 1858 1114 1926; x_wconf 79' lang='grc' dir='ltr'>τῆς</span> <span class='ocrx_word' id='word_1_223' title='bbox 1146 1856 1243 1910; x_wconf 85' lang='grc' dir='ltr'>τοῦ</span> <span class='ocrx_word' id='word_1_224' title='bbox 1292 1857 1519 1927; x_wconf 79' lang='grc' dir='ltr'>κέρδους</span> <span class='ocrx_word' id='word_1_225' title='bbox 1564 1860 1829 1929; x_wconf 75' lang='grc' dir='ltr'>εὐπορίας</span> 
     </span>
    </p>
   </div>
   <div class='ocr_carea' id='block_1_34' title="bbox 241 1948 1832 2024">
    <p class='ocr_par' dir='ltr' id='par_1_34' title="bbox 241 1948 1832 2024">
     <span class='ocr_line' id='line_1_34' title="bbox 241 1948 1832 2024; baseline -0.001 -20"><span class='ocrx_word' id='word_1_226' title='bbox 241 1950 458 2024; x_wconf 75' lang='grc' dir='ltr'>αὐξήσῃ</span> <span class='ocrx_word' id='word_1_227' title='bbox 508 1950 743 2021; x_wconf 82' lang='grc' dir='ltr'>τάχιστα</span> <span class='ocrx_word' id='word_1_228' title='bbox 786 1948 1116 2018; x_wconf 75' lang='grc' dir='ltr'>Ῥωμαίους.</span> <span class='ocrx_word' id='word_1_229' title='bbox 1161 1951 1228 2002; x_wconf 84' lang='grc'><strong>’0</strong></span> <span class='ocrx_word' id='word_1_230' title='bbox 1260 1950 1315 2003; x_wconf 78' lang='grc' dir='ltr'>δὲ</span> <span class='ocrx_word' id='word_1_231' title='bbox 1360 1950 1601 2019; x_wconf 78' lang='grc' dir='ltr'>μάλιστα</span> <span class='ocrx_word' id='word_1_232' title='bbox 1642 1952 1709 2005; x_wconf 78' lang='grc' dir='ltr'>ἐκ</span> <span class='ocrx_word' id='word_1_233' title='bbox 1735 1950 1832 2005; x_wconf 78' lang='grc' dir='ltr'><strong>τοῦ</strong></span> 
     </span>
    </p>
   </div>
   <div class='ocr_carea' id='block_1_35' title="bbox 241 2041 1831 2114">
    <p class='ocr_par' dir='ltr' id='par_1_35' title="bbox 241 2041 1831 2114">
     <span class='ocr_line' id='line_1_35' title="bbox 241 2041 1831 2114; baseline 0.001 -18"><span class='ocrx_word' id='word_1_234' title='bbox 241 2042 591 2114; x_wconf 77' lang='grc' dir='ltr'>παραχρῆμα</span> <span class='ocrx_word' id='word_1_235' title='bbox 620 2042 717 2095; x_wconf 67' lang='grc' dir='ltr'>καὶ</span> <span class='ocrx_word' id='word_1_236' title='bbox 746 2041 1014 2110; x_wconf 88' lang='grc' dir='ltr'>σύνεγγυς</span> <span class='ocrx_word' id='word_1_237' title='bbox 1039 2041 1240 2112; x_wconf 77' lang='grc' dir='ltr'>ἔθραυε</span> <span class='ocrx_word' id='word_1_238' title='bbox 1264 2044 1364 2112; x_wconf 76' lang='grc' dir='ltr'>τὴν</span> <span class='ocrx_word' id='word_1_239' title='bbox 1383 2044 1610 2098; x_wconf 76' lang='grc' dir='ltr'>ἐκείνων</span> <span class='ocrx_word' id='word_1_240' title='bbox 1629 2044 1831 2114; x_wconf 67' lang='grc' dir='ltr'>ψυχὴν,</span> 
     </span>
    </p>
   </div>
   <div class='ocr_carea' id='block_1_36' title="bbox 236 2129 1831 2209">
    <p class='ocr_par' dir='ltr' id='par_1_36' title="bbox 236 2129 1831 2209">
     <span class='ocr_line' id='line_1_36' title="bbox 236 2129 1831 2209; baseline 0.003 -22"><span class='ocrx_word' id='word_1_241' title='bbox 236 2136 274 2204; x_wconf 85' lang='grc' dir='ltr'><strong>ή</strong></span> <span class='ocrx_word' id='word_1_242' title='bbox 304 2135 404 2202; x_wconf 81' lang='grc' dir='ltr'>τῆς</span> <span class='ocrx_word' id='word_1_243' title='bbox 438 2129 572 2188; x_wconf 83' lang='grc' dir='ltr'>Χίου</span> <span class='ocrx_word' id='word_1_244' title='bbox 604 2134 883 2203; x_wconf 85' lang='grc' dir='ltr'>πρόφασις</span> <span class='ocrx_word' id='word_1_245' title='bbox 918 2130 1010 2206; x_wconf 81' lang='grc' dir='ltr'><strong>ἦν.</strong></span> <span class='ocrx_word' id='word_1_246' title='bbox 1061 2134 1372 2189; x_wconf 80' lang='grc' dir='ltr'>Ἐδεδίεσαν</span> <span class='ocrx_word' id='word_1_247' title='bbox 1404 2136 1537 2205; x_wconf 75' lang='grc' dir='ltr'>γὰρ,</span> <span class='ocrx_word' id='word_1_248' title='bbox 1591 2138 1668 2209; x_wconf 82' lang='grc' dir='ltr'>μὴ</span> <span class='ocrx_word' id='word_1_249' title='bbox 1722 2138 1831 2209; x_wconf 81' lang='grc' dir='ltr'>πρὸ</span> 
     </span>
    </p>
   </div>
   <div class='ocr_carea' id='block_1_37' title="bbox 242 2225 1831 2301">
    <p class='ocr_par' dir='ltr' id='par_1_37' title="bbox 242 2225 1831 2301">
     <span class='ocr_line' id='line_1_37' title="bbox 242 2225 1831 2301; baseline 0.002 -21"><span class='ocrx_word' id='word_1_250' title='bbox 242 2228 477 2300; x_wconf 80' lang='grc' dir='ltr'>βραχέος</span> <span class='ocrx_word' id='word_1_251' title='bbox 514 2227 595 2280; x_wconf 82' lang='grc' dir='ltr'>ἔτι</span> <span class='ocrx_word' id='word_1_252' title='bbox 625 2227 735 2280; x_wconf 84' lang='grc' dir='ltr'><strong>τῶν</strong></span> <span class='ocrx_word' id='word_1_253' title='bbox 785 2226 1076 2297; x_wconf 67' lang='grc' dir='ltr'>ὁμοφύλων</span> <span class='ocrx_word' id='word_1_254' title='bbox 1122 2225 1428 2291; x_wconf 79' lang='grc' dir='ltr'>ἐπιϐούλως</span> <span class='ocrx_word' id='word_1_255' title='bbox 1476 2229 1831 2301; x_wconf 83' lang='grc' dir='ltr'>ἀφελομένων</span> 
     </span>
    </p>
   </div>
   <div class='ocr_carea' id='block_1_38' title="bbox 236 2320 1830 2399">
    <p class='ocr_par' dir='ltr' id='par_1_38' title="bbox 236 2320 1830 2399">
     <span class='ocr_line' id='line_1_38' title="bbox 236 2320 1830 2399; baseline -0.002 -23"><span class='ocrx_word' id='word_1_256' title='bbox 236 2322 628 2385; x_wconf 76' lang='grc' dir='ltr'>καταπλεύσας</span> <span class='ocrx_word' id='word_1_257' title='bbox 661 2323 690 2375; x_wconf 85' lang='grc' dir='ltr'><strong>ό</strong></span> <span class='ocrx_word' id='word_1_258' title='bbox 718 2320 829 2375; x_wconf 86' lang='grc' dir='ltr'><strong>τῶν</strong></span> <span class='ocrx_word' id='word_1_259' title='bbox 870 2320 1160 2390; x_wconf 85' lang='grc' dir='ltr'>Ῥωμαίων</span> <span class='ocrx_word' id='word_1_260' title='bbox 1212 2321 1417 2399; x_wconf 31' lang='grc' dir='ltr'>στόλος,</span> <span class='ocrx_word' id='word_1_261' title='bbox 1447 2321 1605 2386; x_wconf 80' lang='grc' dir='ltr'>αὖθις</span> <span class='ocrx_word' id='word_1_262' title='bbox 1659 2321 1830 2393; x_wconf 75' lang='grc' dir='ltr'>αὐτὴν</span> 
     </span>
    </p>
   </div>
   <div class='ocr_carea' id='block_1_39' title="bbox 232 2411 1827 2482">
    <p class='ocr_par' dir='ltr' id='par_1_39' title="bbox 232 2411 1827 2482">
     <span class='ocr_line' id='line_1_39' title="bbox 232 2411 1827 2482; baseline -0.001 -15"><span class='ocrx_word' id='word_1_263' title='bbox 232 2413 526 2482; x_wconf 84' lang='grc' dir='ltr'>ἀφέληται,</span> <span class='ocrx_word' id='word_1_264' title='bbox 588 2413 718 2482; x_wconf 71' lang='grc' dir='ltr'>πρὶν</span> <span class='ocrx_word' id='word_1_265' title='bbox 766 2411 1050 2482; x_wconf 69' lang='grc' dir='ltr'>εἰληφέναι</span> <span class='ocrx_word' id='word_1_266' title='bbox 1081 2412 1174 2464; x_wconf 83' lang='grc' dir='ltr'>τὸν</span> <span class='ocrx_word' id='word_1_267' title='bbox 1207 2412 1287 2475; x_wconf 89' lang='grc' dir='ltr'><strong>είς</strong></span> <span class='ocrx_word' id='word_1_268' title='bbox 1321 2415 1658 2482; x_wconf 74' lang='grc' dir='ltr'>συντήρησιν</span> <span class='ocrx_word' id='word_1_269' title='bbox 1688 2430 1827 2482; x_wconf 81' lang='grc' dir='ltr'>κρα-</span> 
     </span>
    </p>
   </div>
   <div class='ocr_carea' id='block_1_40' title="bbox 228 2503 1829 2577">
    <p class='ocr_par' dir='ltr' id='par_1_40' title="bbox 228 2503 1829 2577">
     <span class='ocr_line' id='line_1_40' title="bbox 228 2503 1829 2577; baseline 0 -18"><span class='ocrx_word' id='word_1_270' title='bbox 228 2507 524 2577; x_wconf 87' lang='grc' dir='ltr'>ταιοτέραν</span> <span class='ocrx_word' id='word_1_271' title='bbox 587 2506 906 2576; x_wconf 82' lang='grc' dir='ltr'>ἀρκέσαντα</span> <span class='ocrx_word' id='word_1_272' title='bbox 956 2503 1152 2573; x_wconf 77' lang='grc' dir='ltr'>χρόνον</span> <span class='ocrx_word' id='word_1_273' title='bbox 1214 2504 1376 2575; x_wconf 75' lang='grc' dir='ltr'>αὐτῇ.</span> <span class='ocrx_word' id='word_1_274' title='bbox 1415 2504 1582 2558; x_wconf 85' lang='grc' dir='ltr'>Ὅθεν</span> <span class='ocrx_word' id='word_1_275' title='bbox 1645 2507 1829 2568; x_wconf 85' lang='grc' dir='ltr'>αίτίας</span> 
     </span>
    </p>
   </div>
   <div class='ocr_carea' id='block_1_41' title="bbox 230 2592 1824 2669">
    <p class='ocr_par' dir='ltr' id='par_1_41' title="bbox 230 2592 1824 2669">
     <span class='ocr_line' id='line_1_41' title="bbox 230 2592 1824 2669; baseline -0.003 -17"><span class='ocrx_word' id='word_1_276' title='bbox 230 2599 358 2652; x_wconf 82' lang='grc' dir='ltr'>καθ’</span> <span class='ocrx_word' id='word_1_277' title='bbox 386 2599 604 2669; x_wconf 74' lang='grc' dir='ltr'>ἡμέραν</span> <span class='ocrx_word' id='word_1_278' title='bbox 636 2598 815 2668; x_wconf 81' lang='grc' dir='ltr'>μάχης</span> <span class='ocrx_word' id='word_1_279' title='bbox 839 2597 1141 2665; x_wconf 67' lang='grc' dir='ltr'>βάπτοντες</span> <span class='ocrx_word' id='word_1_280' title='bbox 1160 2592 1299 2667; x_wconf 76' lang='grc' dir='ltr'>ἦσαν</span> <span class='ocrx_word' id='word_1_281' title='bbox 1318 2596 1484 2658; x_wconf 82' lang='grc' dir='ltr'>ἄλλας</span> <span class='ocrx_word' id='word_1_282' title='bbox 1508 2595 1597 2648; x_wconf 79' lang='grc' dir='ltr'><strong>ἐπ’</strong></span> <span class='ocrx_word' id='word_1_283' title='bbox 1613 2597 1824 2664; x_wconf 80' lang='grc' dir='ltr'>ἄλλαις,</span> 
     </span>
    </p>
   </div>
   <div class='ocr_carea' id='block_1_42' title="bbox 232 2691 1827 2761">
    <p class='ocr_par' dir='ltr' id='par_1_42' title="bbox 232 2691 1827 2761">
     <span class='ocr_line' id='line_1_42' title="bbox 232 2691 1827 2761; baseline -0.002 -15"><span class='ocrx_word' id='word_1_284' title='bbox 232 2692 391 2746; x_wconf 79' lang='grc' dir='ltr'>οὐδὲν</span> <span class='ocrx_word' id='word_1_285' title='bbox 439 2691 784 2761; x_wconf 82' lang='grc' dir='ltr'>κεκτημένας</span> <span class='ocrx_word' id='word_1_286' title='bbox 821 2691 1043 2759; x_wconf 74' lang='grc' dir='ltr'>ίσχυρὸν</span> <span class='ocrx_word' id='word_1_287' title='bbox 1096 2691 1191 2743; x_wconf 75' lang='grc' dir='ltr'>καὶ</span> <span class='ocrx_word' id='word_1_288' title='bbox 1220 2691 1601 2760; x_wconf 79' lang='grc' dir='ltr'>εὐπρόσωπον,</span> <span class='ocrx_word' id='word_1_289' title='bbox 1628 2691 1827 2760; x_wconf 73' lang='grc' dir='ltr'>φόνους</span> 
     </span>
    </p>
   </div>
   <div class='ocr_carea' id='block_1_43' title="bbox 234 2782 1822 2853">
    <p class='ocr_par' dir='ltr' id='par_1_43' title="bbox 234 2782 1822 2853">
     <span class='ocr_line' id='line_1_43' title="bbox 234 2782 1822 2853; baseline -0.003 -15"><span class='ocrx_word' id='word_1_290' title='bbox 234 2802 299 2838; x_wconf 80' lang='grc' dir='ltr'><strong>τε</strong></span> <span class='ocrx_word' id='word_1_291' title='bbox 330 2782 667 2848; x_wconf 48' lang='grc' dir='ltr'>Βυζαντίων,</span> <span class='ocrx_word' id='word_1_292' title='bbox 692 2782 1057 2853; x_wconf 75' lang='grc' dir='ltr'>ἐργαζόμενοι</span> <span class='ocrx_word' id='word_1_293' title='bbox 1082 2825 1098 2848; x_wconf 90' lang='grc'><strong>,</strong></span> <span class='ocrx_word' id='word_1_294' title='bbox 1135 2782 1320 2853; x_wconf 86' lang='grc' dir='ltr'>κρύφα</span> <span class='ocrx_word' id='word_1_295' title='bbox 1361 2784 1460 2852; x_wconf 80' lang='grc' dir='ltr'>μὲν</span> <span class='ocrx_word' id='word_1_296' title='bbox 1491 2784 1550 2836; x_wconf 77' lang='grc' dir='ltr'><strong>τὸ</strong></span> <span class='ocrx_word' id='word_1_297' title='bbox 1584 2783 1822 2853; x_wconf 82' lang='grc' dir='ltr'>πρῶτον,</span> 
     </span>
    </p>
   </div>
   <div class='ocr_carea' id='block_1_44' title="bbox 231 2855 1825 2949">
    <p class='ocr_par' dir='ltr' id='par_1_44' title="bbox 231 2874 1825 2949">
     <span class='ocr_line' id='line_1_44' title="bbox 231 2874 1825 2949; baseline -0.001 -20"><span class='ocrx_word' id='word_1_298' title='bbox 231 2877 746 2946; x_wconf 81' lang='grc' dir='ltr'>ὲκκεκαλυμμένως</span> <span class='ocrx_word' id='word_1_299' title='bbox 797 2874 1069 2929; x_wconf 75' lang='grc' dir='ltr'>δ’.ἐπειτα</span> <span class='ocrx_word' id='word_1_300' title='bbox 1123 2876 1218 2930; x_wconf 78' lang='grc' dir='ltr'>καὶ</span> <span class='ocrx_word' id='word_1_301' title='bbox 1270 2877 1411 2948; x_wconf 80' lang='grc' dir='ltr'>πλὴν</span> <span class='ocrx_word' id='word_1_302' title='bbox 1467 2877 1672 2949; x_wconf 71' lang='grc' dir='ltr'>σκηνῆς</span> <span class='ocrx_word' id='word_1_303' title='bbox 1726 2876 1825 2929; x_wconf 63' lang='grc' dir='ltr'><strong>καὶ⁵</strong></span> 
     </span>
    </p>
   </div>
   <div class='ocr_carea' id='block_1_45' title="bbox 227 2966 1577 3038">
    <p class='ocr_par' dir='ltr' id='par_1_45' title="bbox 227 2966 1577 3038">
     <span class='ocr_line' id='line_1_45' title="bbox 227 2966 1577 3038; baseline 0.004 -19"><span class='ocrx_word' id='word_1_304' title='bbox 227 2966 605 3038; x_wconf 76' lang='grc' dir='ltr'>προσωπείου.</span> <span class='ocrx_word' id='word_1_305' title='bbox 1574 3036 1577 3037; x_wconf 19' lang='grc' dir='ltr'><em>ν</em></span> 
     </span>
    </p>
   </div>
   <div class='ocr_carea' id='block_1_46' title="bbox 274 3057 1823 3134">
    <p class='ocr_par' dir='ltr' id='par_1_46' title="bbox 274 3057 1823 3134">
     <span class='ocr_line' id='line_1_46' title="bbox 274 3057 1823 3134; baseline 0.002 -21"><span class='ocrx_word' id='word_1_306' title='bbox 274 3057 377 3114; x_wconf 85' lang='grc' dir='ltr'><strong>’Δ’.</strong></span> <span class='ocrx_word' id='word_1_307' title='bbox 401 3061 624 3114; x_wconf 82' lang='grc' dir='ltr'>Τούτων</span> <span class='ocrx_word' id='word_1_308' title='bbox 650 3061 696 3115; x_wconf 89' lang='grc' dir='ltr'>δ’</span> <span class='ocrx_word' id='word_1_309' title='bbox 726 3059 871 3118; x_wconf 75' lang='grc' dir='ltr'>οὕτω</span> <span class='ocrx_word' id='word_1_310' title='bbox 920 3061 1241 3134; x_wconf 85' lang='grc' dir='ltr'>δρωμένων,</span> <span class='ocrx_word' id='word_1_311' title='bbox 1297 3060 1663 3132; x_wconf 80' lang='grc' dir='ltr'>ὲθελοκωφεῖν</span> <span class='ocrx_word' id='word_1_312' title='bbox 1708 3062 1823 3116; x_wconf 75' lang='grc' dir='ltr'>ὲδόο</span> 
     </span>
    </p>
   </div>
   <div class='ocr_carea' id='block_1_47' title="bbox 1943 1855 3527 1927">
    <p class='ocr_par' dir='ltr' id='par_1_47' title="bbox 1943 1855 3527 1927">
     <span class='ocr_line' id='line_1_47' title="bbox 1943 1855 3527 1927; baseline 0.001 -16"><span class='ocrx_word' id='word_1_313' title='bbox 1943 1859 2189 1927; x_wconf 92' lang='lat' dir='ltr'><strong>ipsorum</strong></span> <span class='ocrx_word' id='word_1_314' title='bbox 2235 1857 2449 1913; x_wconf 79' lang='lat' dir='ltr'><strong>viribus</strong></span> <span class='ocrx_word' id='word_1_315' title='bbox 2474 1871 2600 1911; x_wconf 90' lang='lat' dir='ltr'><strong>cum</strong></span> <span class='ocrx_word' id='word_1_316' title='bbox 2625 1855 2764 1911; x_wconf 86' lang='lat' dir='ltr'><strong>lucri</strong></span> <span class='ocrx_word' id='word_1_317' title='bbox 2798 1856 3091 1912; x_wconf 90' lang='lat' dir='ltr'><strong>occasione</strong></span> <span class='ocrx_word' id='word_1_318' title='bbox 3128 1856 3527 1917; x_wconf 88' lang='lat' dir='ltr'><strong>dilabentibus.</strong></span> 
     </span>
    </p>
   </div>
   <div class='ocr_carea' id='block_1_48' title="bbox 1938 1948 3530 2020">
    <p class='ocr_par' dir='ltr' id='par_1_48' title="bbox 1938 1948 3530 2020">
     <span class='ocr_line' id='line_1_48' title="bbox 1938 1948 3530 2020; baseline 0.002 -20"><span class='ocrx_word' id='word_1_319' title='bbox 1938 1962 2025 2003; x_wconf 90' lang='lat' dir='ltr'><strong>res</strong></span> <span class='ocrx_word' id='word_1_320' title='bbox 2048 1948 2299 2003; x_wconf 85' lang='lat' dir='ltr'><strong>Romana</strong></span> <span class='ocrx_word' id='word_1_321' title='bbox 2326 1960 2645 2020; x_wconf 79' lang='lat' dir='ltr'><strong>augeretur.</strong></span> <span class='ocrx_word' id='word_1_322' title='bbox 2682 1948 2813 2017; x_wconf 82' lang='lat' dir='ltr'><strong>Quae</strong></span> <span class='ocrx_word' id='word_1_323' title='bbox 2836 1960 3021 2003; x_wconf 89' lang='lat' dir='ltr'><strong>autem</strong></span> <span class='ocrx_word' id='word_1_324' title='bbox 3055 1948 3329 2019; x_wconf 55' lang='lat' dir='ltr'><strong>praecipua</strong></span> <span class='ocrx_word' id='word_1_325' title='bbox 3387 1950 3530 2004; x_wconf 90' lang='lat' dir='ltr'><strong>ratio</strong></span> 
     </span>
    </p>
   </div>
   <div class='ocr_carea' id='block_1_49' title="bbox 1934 2041 3528 2112">
    <p class='ocr_par' dir='ltr' id='par_1_49' title="bbox 1934 2041 3528 2112">
     <span class='ocr_line' id='line_1_49' title="bbox 1934 2041 3528 2112; baseline 0 -18"><span class='ocrx_word' id='word_1_326' title='bbox 1934 2042 2123 2095; x_wconf 79' lang='lat' dir='ltr'><strong>statim</strong></span> <span class='ocrx_word' id='word_1_327' title='bbox 2157 2041 2498 2111; x_wconf 87' lang='lat' dir='ltr'><strong>etpropiore</strong></span> <span class='ocrx_word' id='word_1_328' title='bbox 2527 2051 2676 2096; x_wconf 91' lang='lat' dir='ltr'><strong>metu</strong></span> <span class='ocrx_word' id='word_1_329' title='bbox 2726 2057 2919 2096; x_wconf 85' lang='lat' dir='ltr'><strong>eorum</strong></span> <span class='ocrx_word' id='word_1_330' title='bbox 2982 2041 3203 2096; x_wconf 85' lang='lat' dir='ltr'><strong>animos</strong></span> <span class='ocrx_word' id='word_1_331' title='bbox 3265 2041 3528 2112; x_wconf 89' lang='lat' dir='ltr'><strong>perculit.</strong></span> 
     </span>
    </p>
   </div>
   <div class='ocr_carea' id='block_1_50' title="bbox 1934 2131 3528 2198">
    <p class='ocr_par' dir='ltr' id='par_1_50' title="bbox 1934 2131 3528 2198">
     <span class='ocr_line' id='line_1_50' title="bbox 1934 2131 3528 2198; baseline -0.001 -11"><span class='ocrx_word' id='word_1_332' title='bbox 1934 2148 1999 2188; x_wconf 87' lang='lat' dir='ltr'><strong>ea</strong></span> <span class='ocrx_word' id='word_1_333' title='bbox 2035 2131 2139 2187; x_wconf 85' lang='lat' dir='ltr'><strong>fuit</strong></span> <span class='ocrx_word' id='word_1_334' title='bbox 2168 2131 2337 2188; x_wconf 86' lang='lat' dir='ltr'><strong>Chios</strong></span> <span class='ocrx_word' id='word_1_335' title='bbox 2372 2134 2576 2189; x_wconf 88' lang='lat' dir='ltr'><strong>insula.</strong></span> <span class='ocrx_word' id='word_1_336' title='bbox 2601 2134 2950 2190; x_wconf 84' lang='lat' dir='ltr'><strong>Verebantur</strong></span> <span class='ocrx_word' id='word_1_337' title='bbox 2980 2135 3214 2198; x_wconf 85' lang='lat' dir='ltr'><strong>scilicet,</strong></span> <span class='ocrx_word' id='word_1_338' title='bbox 3244 2151 3314 2190; x_wconf 92' lang='lat' dir='ltr'><strong>ne</strong></span> <span class='ocrx_word' id='word_1_339' title='bbox 3342 2134 3528 2197; x_wconf 81' lang='lat' dir='ltr'><strong>istam,</strong></span> 
     </span>
    </p>
   </div>
   <div class='ocr_carea' id='block_1_51' title="bbox 1933 2226 3529 2299">
    <p class='ocr_par' dir='ltr' id='par_1_51' title="bbox 1933 2226 3529 2299">
     <span class='ocr_line' id='line_1_51' title="bbox 1933 2226 3529 2299; baseline 0.003 -23"><span class='ocrx_word' id='word_1_340' title='bbox 1933 2241 2098 2295; x_wconf 88' lang='lat' dir='ltr'><strong>quam</strong></span> <span class='ocrx_word' id='word_1_341' title='bbox 2151 2226 2315 2294; x_wconf 84' lang='lat' dir='ltr'><strong>paulo</strong></span> <span class='ocrx_word' id='word_1_342' title='bbox 2339 2234 2468 2280; x_wconf 91' lang='lat' dir='ltr'><strong>ante</strong></span> <span class='ocrx_word' id='word_1_343' title='bbox 2505 2226 2801 2296; x_wconf 87' lang='lat' dir='ltr'><strong>populares</strong></span> <span class='ocrx_word' id='word_1_344' title='bbox 2836 2227 2920 2282; x_wconf 91' lang='lat' dir='ltr'><strong>sui</strong></span> <span class='ocrx_word' id='word_1_345' title='bbox 2961 2226 3126 2299; x_wconf 59' lang='lat'><strong>8&amp;3</strong></span> <span class='ocrx_word' id='word_1_346' title='bbox 3170 2243 3268 2296; x_wconf 89' lang='lat' dir='ltr'><strong>per</strong></span> <span class='ocrx_word' id='word_1_347' title='bbox 3300 2227 3529 2281; x_wconf 86' lang='lat' dir='ltr'><strong>insidias</strong></span> 
     </span>
    </p>
   </div>
   <div class='ocr_carea' id='block_1_52' title="bbox 1932 2316 3601 2388">
    <p class='ocr_par' dir='ltr' id='par_1_52' title="bbox 1932 2316 3601 2388">
     <span class='ocr_line' id='line_1_52' title="bbox 1932 2316 3601 2388; baseline 0.002 -18"><span class='ocrx_word' id='word_1_348' title='bbox 1932 2316 2321 2379; x_wconf 83' lang='lat' dir='ltr'><strong>abstulissent,</strong></span> <span class='ocrx_word' id='word_1_349' title='bbox 2377 2316 2627 2371; x_wconf 82' lang='lat' dir='ltr'><strong>Romana</strong></span> <span class='ocrx_word' id='word_1_350' title='bbox 2685 2318 2884 2372; x_wconf 82' lang='lat' dir='ltr'><strong>classis</strong></span> <span class='ocrx_word' id='word_1_351' title='bbox 2940 2318 3169 2388; x_wconf 88' lang='lat' dir='ltr'><strong>appulsa</strong></span> <span class='ocrx_word' id='word_1_352' title='bbox 3232 2318 3521 2388; x_wconf 81' lang='lat' dir='ltr'><strong>reciperet.</strong></span> <span class='ocrx_word' id='word_1_353' title='bbox 3596 2328 3601 2333; x_wconf 80' lang='lat'><strong>‘</strong></span> 
     </span>
    </p>
   </div>
   <div class='ocr_carea' id='block_1_53' title="bbox 1934 2408 3530 2479">
    <p class='ocr_par' dir='ltr' id='par_1_53' title="bbox 1934 2408 3530 2479">
     <span class='ocr_line' id='line_1_53' title="bbox 1934 2408 3530 2479; baseline 0.002 -18"><span class='ocrx_word' id='word_1_354' title='bbox 1934 2423 2037 2462; x_wconf 76' lang='lat' dir='ltr'><strong>nec</strong></span> <span class='ocrx_word' id='word_1_355' title='bbox 2064 2408 2203 2463; x_wconf 86' lang='lat' dir='ltr'><strong>satis</strong></span> <span class='ocrx_word' id='word_1_356' title='bbox 2225 2410 2329 2479; x_wconf 82' lang='lat' dir='ltr'><strong>ipsi</strong></span> <span class='ocrx_word' id='word_1_357' title='bbox 2356 2410 2626 2479; x_wconf 88' lang='lat' dir='ltr'><strong>temporis</strong></span> <span class='ocrx_word' id='word_1_358' title='bbox 2665 2410 2938 2466; x_wconf 86' lang='lat' dir='ltr'><strong>haberent</strong></span> <span class='ocrx_word' id='word_1_359' title='bbox 2965 2410 3033 2464; x_wconf 91' lang='lat' dir='ltr'><strong>ad</strong></span> <span class='ocrx_word' id='word_1_360' title='bbox 3091 2426 3217 2465; x_wconf 89' lang='lat' dir='ltr'><strong>eam</strong></span> <span class='ocrx_word' id='word_1_361' title='bbox 3271 2410 3530 2467; x_wconf 75' lang='lat' dir='ltr'><strong>firmiori-</strong></span> 
     </span>
    </p>
   </div>
   <div class='ocr_carea' id='block_1_54' title="bbox 1932 2500 3587 2582">
    <p class='ocr_par' dir='ltr' id='par_1_54' title="bbox 1932 2500 3587 2582">
     <span class='ocr_line' id='line_1_54' title="bbox 1932 2500 3587 2582; baseline 0.002 -28"><span class='ocrx_word' id='word_1_362' title='bbox 1932 2500 2038 2554; x_wconf 89' lang='lat' dir='ltr'><strong>bus</strong></span> <span class='ocrx_word' id='word_1_363' title='bbox 2067 2502 2344 2582; x_wconf 62' lang='lat' dir='ltr'><strong>prasidiis</strong></span> <span class='ocrx_word' id='word_1_364' title='bbox 2371 2502 2813 2558; x_wconf 82' lang='lat' dir='ltr'><strong>custodiendam.</strong></span> <span class='ocrx_word' id='word_1_365' title='bbox 2869 2502 3008 2558; x_wconf 85' lang='lat' dir='ltr'><strong>Belli</strong></span> <span class='ocrx_word' id='word_1_366' title='bbox 3066 2502 3253 2573; x_wconf 87' lang='lat' dir='ltr'><strong>itaque</strong></span> <span class='ocrx_word' id='word_1_367' title='bbox 3300 2504 3526 2575; x_wconf 81' lang='lat' dir='ltr'><strong>gerendi</strong></span> <span class='ocrx_word' id='word_1_368' title='bbox 3582 2538 3587 2541; x_wconf 64' lang='grc' dir='ltr'><strong>ι</strong></span> 
     </span>
    </p>
   </div>
   <div class='ocr_carea' id='block_1_55' title="bbox 1932 2588 3529 2661">
    <p class='ocr_par' dir='ltr' id='par_1_55' title="bbox 1932 2588 3529 2661">
     <span class='ocr_line' id='line_1_55' title="bbox 1932 2588 3529 2661; baseline 0.006 -22"><span class='ocrx_word' id='word_1_369' title='bbox 1932 2600 2135 2641; x_wconf 85' lang='lat' dir='ltr'><strong>causas</strong></span> <span class='ocrx_word' id='word_1_370' title='bbox 2160 2588 2298 2643; x_wconf 88' lang='lat' dir='ltr'><strong>alias</strong></span> <span class='ocrx_word' id='word_1_371' title='bbox 2332 2606 2399 2644; x_wconf 83' lang='lat' dir='ltr'><strong>cx</strong></span> <span class='ocrx_word' id='word_1_372' title='bbox 2428 2590 2551 2645; x_wconf 77' lang='lat' dir='ltr'><strong>aliis</strong></span> <span class='ocrx_word' id='word_1_373' title='bbox 2578 2591 2827 2661; x_wconf 77' lang='lat' dir='ltr'><strong>quotidie</strong></span> <span class='ocrx_word' id='word_1_374' title='bbox 2860 2592 3181 2659; x_wconf 75' lang='lat' dir='ltr'><strong>nectebant,</strong></span> <span class='ocrx_word' id='word_1_375' title='bbox 3241 2609 3346 2649; x_wconf 89' lang='lat' dir='ltr'><strong>nec</strong></span> <span class='ocrx_word' id='word_1_376' title='bbox 3390 2595 3529 2649; x_wconf 83' lang='lat' dir='ltr'><strong>vali-</strong></span> 
     </span>
    </p>
   </div>
   <div class='ocr_carea' id='block_1_56' title="bbox 1930 2672 3526 2753">
    <p class='ocr_par' dir='ltr' id='par_1_56' title="bbox 1930 2672 3526 2753">
     <span class='ocr_line' id='line_1_56' title="bbox 1930 2672 3526 2753; baseline 0.008 -26"><span class='ocrx_word' id='word_1_377' title='bbox 1930 2672 2029 2729; x_wconf 87' lang='lat' dir='ltr'><strong>das</strong></span> <span class='ocrx_word' id='word_1_378' title='bbox 2057 2690 2161 2730; x_wconf 79' lang='lat' dir='ltr'><strong>nec</strong></span> <span class='ocrx_word' id='word_1_379' title='bbox 2194 2680 2524 2746; x_wconf 71' lang='lat' dir='ltr'><strong>speciosus;</strong></span> <span class='ocrx_word' id='word_1_380' title='bbox 2572 2690 2627 2735; x_wconf 90' lang='lat' dir='ltr'><strong>et</strong></span> <span class='ocrx_word' id='word_1_381' title='bbox 2685 2681 3072 2753; x_wconf 74' lang='lat' dir='ltr'><strong>Byzantiorum</strong></span> <span class='ocrx_word' id='word_1_382' title='bbox 3138 2689 3339 2751; x_wconf 66' lang='lat' dir='ltr'><strong>caules,</strong></span> <span class='ocrx_word' id='word_1_383' title='bbox 3384 2686 3526 2741; x_wconf 90' lang='lat' dir='ltr'><strong>clam</strong></span> 
     </span>
    </p>
   </div>
   <div class='ocr_carea' id='block_1_57' title="bbox 1929 2767 3531 2850">
    <p class='ocr_par' dir='ltr' id='par_1_57' title="bbox 1929 2767 3531 2850">
     <span class='ocr_line' id='line_1_57' title="bbox 1929 2767 3531 2850; baseline 0.011 -31"><span class='ocrx_word' id='word_1_384' title='bbox 1929 2767 2130 2836; x_wconf 88' lang='lat' dir='ltr'><strong>primo,</strong></span> <span class='ocrx_word' id='word_1_385' title='bbox 2161 2769 2363 2826; x_wconf 87' lang='lat' dir='ltr'><strong>deinde</strong></span> <span class='ocrx_word' id='word_1_386' title='bbox 2393 2782 2583 2843; x_wconf 86' lang='lat' dir='ltr'><strong>aperte</strong></span> <span class='ocrx_word' id='word_1_387' title='bbox 2605 2776 2745 2829; x_wconf 77' lang='lat' dir='ltr'><strong>citra</strong></span> <span class='ocrx_word' id='word_1_388' title='bbox 2793 2790 3016 2830; x_wconf 61' lang='lat' dir='ltr'><strong>scenam</strong></span> <span class='ocrx_word' id='word_1_389' title='bbox 3050 2789 3105 2833; x_wconf 91' lang='lat' dir='ltr'><strong>et</strong></span> <span class='ocrx_word' id='word_1_390' title='bbox 3149 2780 3359 2835; x_wconf 77' lang='lat' dir='ltr'><strong>larvam</strong></span> <span class='ocrx_word' id='word_1_391' title='bbox 3398 2796 3531 2850; x_wconf 62' lang='lat' dir='ltr'><strong>per:</strong></span> 
     </span>
    </p>
   </div>
   <div class='ocr_carea' id='block_1_58' title="bbox 1927 2859 3063 2927">
    <p class='ocr_par' dir='ltr' id='par_1_58' title="bbox 1927 2859 3063 2927">
     <span class='ocr_line' id='line_1_58' title="bbox 1927 2859 3063 2927; baseline 0.012 -16"><span class='ocrx_word' id='word_1_392' title='bbox 1927 2859 2241 2927; x_wconf 86' lang='lat' dir='ltr'><strong>petrabant.</strong></span> <span class='ocrx_word' id='word_1_393' title='bbox 3056 2864 3063 2869; x_wconf 60' lang='grc'><em>”</em></span> 
     </span>
    </p>
   </div>
   <div class='ocr_carea' id='block_1_59' title="bbox 1998 3044 3522 3131">
    <p class='ocr_par' dir='ltr' id='par_1_59' title="bbox 1998 3044 3522 3131">
     <span class='ocr_line' id='line_1_59' title="bbox 1998 3044 3522 3131; baseline 0.012 -31"><span class='ocrx_word' id='word_1_394' title='bbox 1998 3044 2090 3101; x_wconf 85' lang='lat' dir='ltr'><strong>IV.</strong></span> <span class='ocrx_word' id='word_1_395' title='bbox 2119 3045 2243 3101; x_wconf 64' lang='lat' dir='ltr'><strong>Haec</strong></span> <span class='ocrx_word' id='word_1_396' title='bbox 2275 3063 2402 3103; x_wconf 88' lang='lat' dir='ltr'><strong>cum</strong></span> <span class='ocrx_word' id='word_1_397' title='bbox 2433 3050 2506 3106; x_wconf 89' lang='lat' dir='ltr'><strong>ita</strong></span> <span class='ocrx_word' id='word_1_398' title='bbox 2545 3052 2760 3119; x_wconf 84' lang='lat' dir='ltr'><strong>fierent,</strong></span> <span class='ocrx_word' id='word_1_399' title='bbox 2807 3054 3055 3126; x_wconf 72' lang='lat' dir='ltr'><strong>Byzantii</strong></span> <span class='ocrx_word' id='word_1_400' title='bbox 3093 3070 3292 3131; x_wconf 87' lang='lat' dir='ltr'><strong>sponte</strong></span> <span class='ocrx_word' id='word_1_401' title='bbox 3319 3063 3522 3121; x_wconf 82' lang='lat' dir='ltr'><strong>obsur-</strong></span> 
     </span>
    </p>
   </div>
   <div class='ocr_carea' id='block_1_60' title="bbox 223 3138 1819 3229">
    <p class='ocr_par' dir='ltr' id='par_1_60' title="bbox 223 3148 1813 3224">
     <span class='ocr_line' id='line_1_60' title="bbox 223 3148 1813 3224; baseline 0.001 -18"><span class='ocrx_word' id='word_1_402' title='bbox 223 3168 362 3206; x_wconf 83' lang='grc' dir='ltr'>κουν</span> <span class='ocrx_word' id='word_1_403' title='bbox 381 3149 671 3214; x_wconf 75' lang='grc' dir='ltr'>Βυζάντιοι</span> <span class='ocrx_word' id='word_1_404' title='bbox 694 3170 709 3184; x_wconf 81' lang='grc' dir='ltr'><strong>ο</strong></span> <span class='ocrx_word' id='word_1_405' title='bbox 738 3153 896 3207; x_wconf 79' lang='grc' dir='ltr'>τοῦτο</span> <span class='ocrx_word' id='word_1_406' title='bbox 923 3153 1026 3223; x_wconf 87' lang='grc' dir='ltr'>μὲν</span> <span class='ocrx_word' id='word_1_407' title='bbox 1059 3155 1149 3206; x_wconf 85' lang='grc' dir='ltr'>καὶ</span> <span class='ocrx_word' id='word_1_408' title='bbox 1173 3148 1479 3224; x_wconf 74' lang='grc' dir='ltr'>εἰρηνεύειν</span> <span class='ocrx_word' id='word_1_409' title='bbox 1515 3154 1813 3218; x_wconf 55' lang='grc' dir='ltr'>ἐθέλοντες</span> 
     </span>
    </p>
   </div>
   <div class='ocr_carea' id='block_1_61' title="bbox 1924 3138 3521 3229">
    <p class='ocr_par' dir='ltr' id='par_1_61' title="bbox 1926 3138 3521 3226">
     <span class='ocr_line' id='line_1_61' title="bbox 1926 3138 3521 3226; baseline 0.011 -32"><span class='ocrx_word' id='word_1_410' title='bbox 1926 3138 2116 3195; x_wconf 87' lang='lat' dir='ltr'><strong>dnisse</strong></span> <span class='ocrx_word' id='word_1_411' title='bbox 2153 3139 2509 3208; x_wconf 88' lang='lat' dir='ltr'><strong>videbantur,</strong></span> <span class='ocrx_word' id='word_1_412' title='bbox 2539 3146 2739 3215; x_wconf 88' lang='lat' dir='ltr'><strong>partim</strong></span> <span class='ocrx_word' id='word_1_413' title='bbox 2803 3153 2933 3220; x_wconf 88' lang='lat' dir='ltr'><strong>quia</strong></span> <span class='ocrx_word' id='word_1_414' title='bbox 2991 3166 3183 3221; x_wconf 88' lang='lat' dir='ltr'><strong>pacem</strong></span> <span class='ocrx_word' id='word_1_415' title='bbox 3237 3155 3521 3226; x_wconf 81' lang='lat' dir='ltr'><strong>volebant,</strong></span> 
     </span>
    </p>
   </div>
   <div class='ocr_carea' id='block_1_62' title="bbox 222 3242 1815 3315">
    <p class='ocr_par' dir='ltr' id='par_1_62' title="bbox 222 3242 1815 3315">
     <span class='ocr_line' id='line_1_62' title="bbox 222 3242 1815 3315; baseline 0.002 -20"><span class='ocrx_word' id='word_1_416' title='bbox 222 3242 390 3296; x_wconf 74' lang='grc' dir='ltr'>τοῦτο</span> <span class='ocrx_word' id='word_1_417' title='bbox 410 3244 467 3297; x_wconf 80' lang='grc' dir='ltr'>δὲ</span> <span class='ocrx_word' id='word_1_418' title='bbox 502 3246 599 3299; x_wconf 79' lang='grc' dir='ltr'>καὶ</span> <span class='ocrx_word' id='word_1_419' title='bbox 615 3245 713 3315; x_wconf 83' lang='grc' dir='ltr'>τὴν</span> <span class='ocrx_word' id='word_1_420' title='bbox 737 3244 888 3315; x_wconf 85' lang='grc' dir='ltr'>σφῶν</span> <span class='ocrx_word' id='word_1_421' title='bbox 911 3244 1096 3299; x_wconf 84' lang='grc' dir='ltr'>αὐτῶν</span> <span class='ocrx_word' id='word_1_422' title='bbox 1123 3244 1473 3310; x_wconf 80' lang='grc' dir='ltr'>ξυννοοῦντες</span> <span class='ocrx_word' id='word_1_423' title='bbox 1505 3246 1815 3314; x_wconf 84' lang='grc' dir='ltr'>ἀσθένειαν,</span> 
     </span>
    </p>
   </div>
   <div class='ocr_carea' id='block_1_63' title="bbox 223 3336 1819 3408">
    <p class='ocr_par' dir='ltr' id='par_1_63' title="bbox 223 3336 1819 3408">
     <span class='ocr_line' id='line_1_63' title="bbox 223 3336 1819 3408; baseline 0.003 -20"><span class='ocrx_word' id='word_1_424' title='bbox 223 3336 487 3405; x_wconf 77' lang='grc' dir='ltr'>πολυειδῆ</span> <span class='ocrx_word' id='word_1_425' title='bbox 507 3353 631 3391; x_wconf 86' lang='grc' dir='ltr'>τινα</span> <span class='ocrx_word' id='word_1_426' title='bbox 657 3340 752 3391; x_wconf 76' lang='grc' dir='ltr'>καὶ</span> <span class='ocrx_word' id='word_1_427' title='bbox 783 3336 1042 3408; x_wconf 83' lang='grc' dir='ltr'>ποικίλην</span> <span class='ocrx_word' id='word_1_428' title='bbox 1071 3337 1167 3391; x_wconf 84' lang='grc' dir='ltr'>τοῦ</span> <span class='ocrx_word' id='word_1_429' title='bbox 1193 3338 1390 3408; x_wconf 89' lang='grc' dir='ltr'>χρόνου</span> <span class='ocrx_word' id='word_1_430' title='bbox 1444 3338 1660 3403; x_wconf 89' lang='grc' dir='ltr'>τούτοις</span> <span class='ocrx_word' id='word_1_431' title='bbox 1690 3341 1819 3393; x_wconf 80' lang='grc' dir='ltr'>έπε-</span> 
     </span>
    </p>
   </div>
   <div class='ocr_carea' id='block_1_64' title="bbox 219 3426 1819 3497">
    <p class='ocr_par' dir='ltr' id='par_1_64' title="bbox 219 3426 1819 3497">
     <span class='ocr_line' id='line_1_64' title="bbox 219 3426 1819 3497; baseline 0.003 -19"><span class='ocrx_word' id='word_1_432' title='bbox 219 3426 535 3492; x_wconf 85' lang='grc' dir='ltr'>νεγκόντος,</span> <span class='ocrx_word' id='word_1_433' title='bbox 565 3428 630 3479; x_wconf 73' lang='grc' dir='ltr'>ἐκ</span> <span class='ocrx_word' id='word_1_434' title='bbox 658 3426 754 3479; x_wconf 83' lang='grc' dir='ltr'>τοῦ</span> <span class='ocrx_word' id='word_1_435' title='bbox 789 3426 1270 3497; x_wconf 84' lang='grc' dir='ltr'>περιφρονητικῶς</span> <span class='ocrx_word' id='word_1_436' title='bbox 1325 3427 1660 3482; x_wconf 80' lang='grc' dir='ltr'>διατίθεσθαι</span> <span class='ocrx_word' id='word_1_437' title='bbox 1689 3433 1819 3493; x_wconf 81' lang='grc' dir='ltr'>τοὺς</span> 
     </span>
    </p>
   </div>
   <div class='ocr_carea' id='block_1_65' title="bbox 220 3498 1818 3590">
    <p class='ocr_par' dir='ltr' id='par_1_65' title="bbox 220 3498 1818 3590">
     <span class='ocr_line' id='line_1_65' title="bbox 220 3498 1818 3590; baseline 0.003 -20"><span class='ocrx_word' id='word_1_438' title='bbox 220 3518 372 3570; x_wconf 68' lang='grc' dir='ltr'>κατὰ</span> <span class='ocrx_word' id='word_1_439' title='bbox 406 3498 656 3588; x_wconf 63' lang='grc' dir='ltr'>διαδοχήν</span> <span class='ocrx_word' id='word_1_440' title='bbox 699 3516 810 3570; x_wconf 86' lang='grc' dir='ltr'><strong>τῶν</strong></span> <span class='ocrx_word' id='word_1_441' title='bbox 856 3519 1105 3588; x_wconf 80' lang='grc' dir='ltr'>ἁρχικῶν</span> <span class='ocrx_word' id='word_1_442' title='bbox 1144 3516 1589 3590; x_wconf 77' lang='grc' dir='ltr'>ἐπειλημμένους</span> <span class='ocrx_word' id='word_1_443' title='bbox 1619 3521 1684 3573; x_wconf 82' lang='grc' dir='ltr'>ὲκ</span> <span class='ocrx_word' id='word_1_444' title='bbox 1715 3538 1818 3574; x_wconf 83' lang='grc' dir='ltr'>πα-</span> 
     </span>
    </p>
   </div>
   <div class='ocr_carea' id='block_1_66' title="bbox 219 3605 1819 3682">
    <p class='ocr_par' dir='ltr' id='par_1_66' title="bbox 219 3605 1819 3682">
     <span class='ocr_line' id='line_1_66' title="bbox 219 3605 1819 3682; baseline 0.003 -21"><span class='ocrx_word' id='word_1_445' title='bbox 219 3605 383 3661; x_wconf 88' lang='grc' dir='ltr'><strong>λαιοῦ</strong></span> <span class='ocrx_word' id='word_1_446' title='bbox 418 3608 475 3671; x_wconf 76' lang='grc' dir='ltr'>ἒς</span> <span class='ocrx_word' id='word_1_447' title='bbox 500 3609 603 3661; x_wconf 88' lang='grc' dir='ltr'>ὅσα</span> <span class='ocrx_word' id='word_1_448' title='bbox 638 3609 925 3679; x_wconf 83' lang='grc' dir='ltr'>πολιτικήν</span> <span class='ocrx_word' id='word_1_449' title='bbox 948 3626 1007 3663; x_wconf 92' lang='grc' dir='ltr'><strong>τε</strong></span> <span class='ocrx_word' id='word_1_450' title='bbox 1042 3608 1138 3662; x_wconf 72' lang='grc' dir='ltr'><strong>καὶ</strong></span> <span class='ocrx_word' id='word_1_451' title='bbox 1163 3611 1520 3681; x_wconf 75' lang='grc' dir='ltr'>οἰκονομικὴν</span> <span class='ocrx_word' id='word_1_452' title='bbox 1543 3612 1819 3682; x_wconf 21' lang='grc' dir='ltr'>ἔχεινπρό-</span> 
     </span>
    </p>
   </div>
   <div class='ocr_carea' id='block_1_67' title="bbox 216 3699 1818 3774">
    <p class='ocr_par' dir='ltr' id='par_1_67' title="bbox 216 3699 1818 3774">
     <span class='ocr_line' id='line_1_67' title="bbox 216 3699 1818 3774; baseline 0.003 -22"><span class='ocrx_word' id='word_1_453' title='bbox 216 3716 378 3753; x_wconf 84' lang='grc' dir='ltr'>νοιαν</span> <span class='ocrx_word' id='word_1_454' title='bbox 408 3700 518 3751; x_wconf 82' lang='grc' dir='ltr'>τῶν</span> <span class='ocrx_word' id='word_1_455' title='bbox 541 3699 803 3770; x_wconf 83' lang='grc' dir='ltr'>ὑπηκόων</span> <span class='ocrx_word' id='word_1_456' title='bbox 834 3700 973 3770; x_wconf 80' lang='grc' dir='ltr'>ὁμοῦ</span> <span class='ocrx_word' id='word_1_457' title='bbox 1002 3704 1099 3754; x_wconf 76' lang='grc' dir='ltr'>καὶ</span> <span class='ocrx_word' id='word_1_458' title='bbox 1128 3700 1238 3754; x_wconf 85' lang='grc' dir='ltr'><strong>τῶν</strong></span> <span class='ocrx_word' id='word_1_459' title='bbox 1257 3701 1535 3772; x_wconf 87' lang='grc' dir='ltr'>δημοσίων</span> <span class='ocrx_word' id='word_1_460' title='bbox 1559 3704 1818 3774; x_wconf 84' lang='grc' dir='ltr'>πραγμά-</span> 
     </span>
    </p>
   </div>
   <div class='ocr_carea' id='block_1_68' title="bbox 220 3789 1815 3867">
    <p class='ocr_par' dir='ltr' id='par_1_68' title="bbox 220 3789 1815 3867">
     <span class='ocr_line' id='line_1_68' title="bbox 220 3789 1815 3867; baseline 0.003 -22"><span class='ocrx_word' id='word_1_461' title='bbox 220 3811 332 3846; x_wconf 86' lang='grc' dir='ltr'><strong>των</strong></span> <span class='ocrx_word' id='word_1_462' title='bbox 355 3807 369 3824; x_wconf 83' lang='grc'><strong>’</strong></span> <span class='ocrx_word' id='word_1_463' title='bbox 400 3793 500 3846; x_wconf 90' lang='grc' dir='ltr'><strong>οὐκ</strong></span> <span class='ocrx_word' id='word_1_464' title='bbox 527 3789 627 3846; x_wconf 76' lang='grc' dir='ltr'>οἶδ’</span> <span class='ocrx_word' id='word_1_465' title='bbox 659 3794 845 3847; x_wconf 83' lang='grc' dir='ltr'>ὅντινα</span> <span class='ocrx_word' id='word_1_466' title='bbox 869 3792 958 3866; x_wconf 87' lang='grc' dir='ltr'><strong>[Ρ.</strong></span> <span class='ocrx_word' id='word_1_467' title='bbox 984 3792 1112 3865; x_wconf 76' lang='grc'><strong>551]</strong></span> <span class='ocrx_word' id='word_1_468' title='bbox 1135 3793 1339 3862; x_wconf 83' lang='grc' dir='ltr'>τρόπον</span> <span class='ocrx_word' id='word_1_469' title='bbox 1354 3796 1587 3859; x_wconf 76' lang='grc' dir='ltr'>ἐκείνοις</span> <span class='ocrx_word' id='word_1_470' title='bbox 1611 3796 1815 3867; x_wconf 78' lang='grc' dir='ltr'>ἣκιστα</span> 
     </span>
    </p>
   </div>
   <div class='ocr_carea' id='block_1_69' title="bbox 228 3882 1813 3954">
    <p class='ocr_par' dir='ltr' id='par_1_69' title="bbox 228 3882 1813 3954">
     <span class='ocr_line' id='line_1_69' title="bbox 228 3882 1813 3954; baseline 0.003 -20"><span class='ocrx_word' id='word_1_471' title='bbox 228 3882 574 3953; x_wconf 83' lang='grc' dir='ltr'>βουλομένοις</span> <span class='ocrx_word' id='word_1_472' title='bbox 627 3885 849 3951; x_wconf 76' lang='grc' dir='ltr'>εἰδέναι,</span> <span class='ocrx_word' id='word_1_473' title='bbox 885 3884 962 3947; x_wconf 87' lang='grc' dir='ltr'>ὡς</span> <span class='ocrx_word' id='word_1_474' title='bbox 1005 3889 1136 3945; x_wconf 78' lang='grc' dir='ltr'>τοὺς</span> <span class='ocrx_word' id='word_1_475' title='bbox 1164 3883 1402 3954; x_wconf 84' lang='grc' dir='ltr'>βεϐαίως</span> <span class='ocrx_word' id='word_1_476' title='bbox 1428 3886 1525 3938; x_wconf 78' lang='grc' dir='ltr'>καὶ</span> <span class='ocrx_word' id='word_1_477' title='bbox 1553 3886 1813 3953; x_wconf 73' lang='grc' dir='ltr'>ἀσφαλῶς</span> 
     </span>
    </p>
   </div>
   <div class='ocr_carea' id='block_1_70' title="bbox 224 3967 1810 4044">
    <p class='ocr_par' dir='ltr' id='par_1_70' title="bbox 224 3967 1810 4044">
     <span class='ocr_line' id='line_1_70' title="bbox 224 3967 1810 4044; baseline -0.003 -18"><span class='ocrx_word' id='word_1_478' title='bbox 224 3971 376 4041; x_wconf 82' lang='grc' dir='ltr'>βιοῦν</span> <span class='ocrx_word' id='word_1_479' title='bbox 408 3974 715 4039; x_wconf 72' lang='grc' dir='ltr'>ἐθέλοντας,</span> <span class='ocrx_word' id='word_1_480' title='bbox 740 3975 837 4027; x_wconf 74' lang='grc' dir='ltr'>καὶ</span> <span class='ocrx_word' id='word_1_481' title='bbox 865 3973 1134 4044; x_wconf 82' lang='grc' dir='ltr'>φοϐεροὺς</span> <span class='ocrx_word' id='word_1_482' title='bbox 1155 3973 1253 4042; x_wconf 84' lang='grc' dir='ltr'>μὲν</span> <span class='ocrx_word' id='word_1_483' title='bbox 1279 3967 1419 4024; x_wconf 77' lang='grc' dir='ltr'>εῖναι</span> <span class='ocrx_word' id='word_1_484' title='bbox 1437 3974 1551 4034; x_wconf 83' lang='grc' dir='ltr'>τοῖς</span> <span class='ocrx_word' id='word_1_485' title='bbox 1571 3971 1810 4042; x_wconf 79' lang='grc' dir='ltr'>ἐχθροῖς,</span> 
     </span>
    </p>
   </div>
   <div class='ocr_carea' id='block_1_71' title="bbox 222 4049 1812 4134">
    <p class='ocr_par' dir='ltr' id='par_1_71' title="bbox 222 4049 1812 4134">
     <span class='ocr_line' id='line_1_71' title="bbox 222 4049 1812 4134; baseline -0.002 -16"><span class='ocrx_word' id='word_1_486' title='bbox 222 4065 509 4127; x_wconf 77' lang='grc' dir='ltr'>ποθεινοὺς</span> <span class='ocrx_word' id='word_1_487' title='bbox 535 4065 594 4120; x_wconf 84' lang='grc' dir='ltr'>δὲ</span> <span class='ocrx_word' id='word_1_488' title='bbox 625 4049 951 4134; x_wconf 65' lang='grc' dir='ltr'>τοῖξφίλοις</span> <span class='ocrx_word' id='word_1_489' title='bbox 985 4064 1094 4130; x_wconf 76' lang='grc' dir='ltr'>ἀεὶ,</span> <span class='ocrx_word' id='word_1_490' title='bbox 1123 4065 1222 4133; x_wconf 90' lang='grc' dir='ltr'><strong>οὐχ</strong></span> <span class='ocrx_word' id='word_1_491' title='bbox 1255 4064 1384 4117; x_wconf 80' lang='grc' dir='ltr'>ὅταν</span> <span class='ocrx_word' id='word_1_492' title='bbox 1415 4066 1475 4116; x_wconf 83' lang='grc' dir='ltr'>ἐν</span> <span class='ocrx_word' id='word_1_493' title='bbox 1508 4063 1812 4131; x_wconf 77' lang='grc' dir='ltr'>ὀφθαλμοῖς</span> 
     </span>
    </p>
   </div>
   <div class='ocr_carea' id='block_1_72' title="bbox 216 4156 1810 4230">
    <p class='ocr_par' dir='ltr' id='par_1_72' title="bbox 216 4156 1810 4230">
     <span class='ocr_line' id='line_1_72' title="bbox 216 4156 1810 4230; baseline 0 -22"><span class='ocrx_word' id='word_1_494' title='bbox 216 4157 449 4229; x_wconf 74' lang='grc' dir='ltr'>ἔρχηται</span> <span class='ocrx_word' id='word_1_495' title='bbox 470 4158 540 4211; x_wconf 80' lang='grc' dir='ltr'>τὰ</span> <span class='ocrx_word' id='word_1_496' title='bbox 573 4159 725 4211; x_wconf 86' lang='grc' dir='ltr'>δεινά</span> <span class='ocrx_word' id='word_1_497' title='bbox 754 4156 1277 4230; x_wconf 79' lang='grc' dir='ltr'>παρασκευάζεσθαι</span> <span class='ocrx_word' id='word_1_498' title='bbox 1300 4157 1500 4228; x_wconf 79' lang='grc' dir='ltr'>χρεὼν,</span> <span class='ocrx_word' id='word_1_499' title='bbox 1518 4156 1596 4210; x_wconf 80' lang='grc' dir='ltr'><strong>ὅτ’</strong></span> <span class='ocrx_word' id='word_1_500' title='bbox 1623 4156 1810 4226; x_wconf 74' lang='grc' dir='ltr'>ὄνησιν</span> 
     </span>
    </p>
   </div>
   <div class='ocr_carea' id='block_1_73' title="bbox 215 4246 1811 4319">
    <p class='ocr_par' dir='ltr' id='par_1_73' title="bbox 215 4246 1811 4319">
     <span class='ocr_line' id='line_1_73' title="bbox 215 4246 1811 4319; baseline -0.001 -18"><span class='ocrx_word' id='word_1_501' title='bbox 215 4248 479 4317; x_wconf 80' lang='grc' dir='ltr'>οὐδεμίαν</span> <span class='ocrx_word' id='word_1_502' title='bbox 511 4247 626 4318; x_wconf 80' lang='grc' dir='ltr'>ἔχει</span> <span class='ocrx_word' id='word_1_503' title='bbox 680 4248 744 4301; x_wconf 72' lang='grc' dir='ltr'><strong>τὺ</strong></span> <span class='ocrx_word' id='word_1_504' title='bbox 805 4248 1156 4319; x_wconf 79' lang='grc' dir='ltr'>σπούδασμα,</span> <span class='ocrx_word' id='word_1_505' title='bbox 1211 4247 1348 4301; x_wconf 84' lang='grc' dir='ltr'><strong>ἀλλά</strong></span> <span class='ocrx_word' id='word_1_506' title='bbox 1386 4246 1674 4319; x_wconf 80' lang='grc' dir='ltr'>πόρρωθεν</span> <span class='ocrx_word' id='word_1_507' title='bbox 1721 4246 1811 4299; x_wconf 73' lang='grc' dir='ltr'>ἀεὶ</span> 
     </span>
    </p>
   </div>
   <div class='ocr_carea' id='block_1_74' title="bbox 220 4324 1806 4411">
    <p class='ocr_par' dir='ltr' id='par_1_74' title="bbox 220 4324 1806 4411">
     <span class='ocr_line' id='line_1_74' title="bbox 220 4324 1806 4411; baseline 0 -20"><span class='ocrx_word' id='word_1_508' title='bbox 220 4339 480 4410; x_wconf 81' lang='grc' dir='ltr'>μελετᾷν,</span> <span class='ocrx_word' id='word_1_509' title='bbox 510 4342 634 4393; x_wconf 89' lang='grc' dir='ltr'>τίνα</span> <span class='ocrx_word' id='word_1_510' title='bbox 666 4356 727 4391; x_wconf 86' lang='grc' dir='ltr'><strong>τε</strong></span> <span class='ocrx_word' id='word_1_511' title='bbox 789 4338 899 4411; x_wconf 82' lang='grc' dir='ltr'>χρὴ</span> <span class='ocrx_word' id='word_1_512' title='bbox 935 4336 1275 4411; x_wconf 77' lang='grc' dir='ltr'>προορᾶσθαι</span> <span class='ocrx_word' id='word_1_513' title='bbox 1326 4339 1423 4392; x_wconf 77' lang='grc' dir='ltr'><strong>καὶ</strong></span> <span class='ocrx_word' id='word_1_514' title='bbox 1448 4324 1570 4392; x_wconf 82' lang='grc' dir='ltr'><strong>τίνᾶ</strong></span> <span class='ocrx_word' id='word_1_515' title='bbox 1603 4338 1806 4406; x_wconf 82' lang='grc' dir='ltr'>φυλάτο</span> 
     </span>
    </p>
   </div>
   <div class='ocr_carea' id='block_1_75' title="bbox 210 4430 1808 4503">
    <p class='ocr_par' dir='ltr' id='par_1_75' title="bbox 210 4430 1808 4503">
     <span class='ocr_line' id='line_1_75' title="bbox 210 4430 1808 4503; baseline -0.003 -16"><span class='ocrx_word' id='word_1_516' title='bbox 210 4434 434 4499; x_wconf 87' lang='grc' dir='ltr'>τεσθαι,</span> <span class='ocrx_word' id='word_1_517' title='bbox 466 4435 560 4488; x_wconf 73' lang='grc' dir='ltr'><strong>καὶ</strong></span> <span class='ocrx_word' id='word_1_518' title='bbox 590 4432 656 4486; x_wconf 80' lang='grc' dir='ltr'>αὖ</span> <span class='ocrx_word' id='word_1_519' title='bbox 683 4434 805 4486; x_wconf 88' lang='grc' dir='ltr'>τίνα</span> <span class='ocrx_word' id='word_1_520' title='bbox 832 4431 1156 4503; x_wconf 84' lang='grc' dir='ltr'>προσίεσθαι</span> <span class='ocrx_word' id='word_1_521' title='bbox 1179 4433 1272 4484; x_wconf 65' lang='grc' dir='ltr'><strong>καὶ⁸</strong></span> <span class='ocrx_word' id='word_1_522' title='bbox 1302 4430 1642 4486; x_wconf 78' lang='grc' dir='ltr'>οἰκειοῦσθαι</span> <span class='ocrx_word' id='word_1_523' title='bbox 1670 4432 1808 4503; x_wconf 78' lang='grc' dir='ltr'>πρὸς</span> 
     </span>
    </p>
   </div>
   <div class='ocr_carea' id='block_1_76' title="bbox 1924 3232 3519 3320">
    <p class='ocr_par' dir='ltr' id='par_1_76' title="bbox 1924 3232 3519 3320">
     <span class='ocr_line' id='line_1_76' title="bbox 1924 3232 3519 3320; baseline 0.011 -35"><span class='ocrx_word' id='word_1_524' title='bbox 1924 3232 2123 3303; x_wconf 86' lang='lat' dir='ltr'><strong>partim</strong></span> <span class='ocrx_word' id='word_1_525' title='bbox 2152 3234 2279 3304; x_wconf 88' lang='lat' dir='ltr'><strong>quia</strong></span> <span class='ocrx_word' id='word_1_526' title='bbox 2300 3250 2453 3291; x_wconf 88' lang='lat' dir='ltr'><strong>suam</strong></span> <span class='ocrx_word' id='word_1_527' title='bbox 2480 3235 2859 3296; x_wconf 83' lang='lat' dir='ltr'><strong>infirmitatem</strong></span> <span class='ocrx_word' id='word_1_528' title='bbox 2889 3245 3330 3314; x_wconf 81' lang='lat' dir='ltr'><strong>perspiciebant;</strong></span> <span class='ocrx_word' id='word_1_529' title='bbox 3355 3264 3519 3320; x_wconf 82' lang='lat' dir='ltr'><strong>quam</strong></span> 
     </span>
    </p>
   </div>
   <div class='ocr_carea' id='block_1_77' title="bbox 1922 3324 3518 3411">
    <p class='ocr_par' dir='ltr' id='par_1_77' title="bbox 1922 3324 3518 3411">
     <span class='ocr_line' id='line_1_77' title="bbox 1922 3324 3518 3411; baseline 0.011 -33"><span class='ocrx_word' id='word_1_530' title='bbox 1922 3324 2006 3380; x_wconf 89' lang='lat' dir='ltr'><strong>eis</strong></span> <span class='ocrx_word' id='word_1_531' title='bbox 2042 3325 2405 3395; x_wconf 87' lang='lat' dir='ltr'><strong>multiplicem</strong></span> <span class='ocrx_word' id='word_1_532' title='bbox 2436 3340 2489 3385; x_wconf 88' lang='lat' dir='ltr'><strong>et</strong></span> <span class='ocrx_word' id='word_1_533' title='bbox 2523 3330 2731 3387; x_wconf 86' lang='lat' dir='ltr'><strong>variam</strong></span> <span class='ocrx_word' id='word_1_534' title='bbox 2771 3333 2890 3404; x_wconf 90' lang='lat' dir='ltr'><strong>ipse</strong></span> <span class='ocrx_word' id='word_1_535' title='bbox 2919 3339 3186 3407; x_wconf 90' lang='lat' dir='ltr'><strong>temporis</strong></span> <span class='ocrx_word' id='word_1_536' title='bbox 3218 3339 3405 3411; x_wconf 87' lang='lat' dir='ltr'><strong>lapsus</strong></span> <span class='ocrx_word' id='word_1_537' title='bbox 3434 3352 3518 3396; x_wconf 87' lang='lat' dir='ltr'><strong>at-</strong></span> 
     </span>
    </p>
   </div>
   <div class='ocr_carea' id='block_1_78' title="bbox 1926 3419 3519 3499">
    <p class='ocr_par' dir='ltr' id='par_1_78' title="bbox 1926 3419 3519 3499">
     <span class='ocr_line' id='line_1_78' title="bbox 1926 3419 3519 3499; baseline 0.016 -28"><span class='ocrx_word' id='word_1_538' title='bbox 1926 3419 2149 3479; x_wconf 84' lang='lat' dir='ltr'><strong>tulerat.</strong></span> <span class='ocrx_word' id='word_1_539' title='bbox 2178 3436 2247 3474; x_wconf 93' lang='lat' dir='ltr'><strong>eo</strong></span> <span class='ocrx_word' id='word_1_540' title='bbox 2279 3421 2428 3491; x_wconf 89' lang='lat' dir='ltr'><strong>quod</strong></span> <span class='ocrx_word' id='word_1_541' title='bbox 2465 3422 2501 3477; x_wconf 90' lang='lat' dir='ltr'><strong>ii</strong></span> <span class='ocrx_word' id='word_1_542' title='bbox 2535 3425 2630 3495; x_wconf 89' lang='lat' dir='ltr'><strong>qui</strong></span> <span class='ocrx_word' id='word_1_543' title='bbox 2674 3427 3046 3499; x_wconf 85' lang='lat' dir='ltr'><strong>principatum</strong></span> <span class='ocrx_word' id='word_1_544' title='bbox 3073 3448 3139 3487; x_wconf 72' lang='lat' dir='ltr'><strong>ex</strong></span> <span class='ocrx_word' id='word_1_545' title='bbox 3167 3438 3519 3496; x_wconf 76' lang='lat' dir='ltr'><strong>successiom</strong></span> 
     </span>
    </p>
   </div>
   <div class='ocr_carea' id='block_1_79' title="bbox 1917 3511 3518 3603">
    <p class='ocr_par' dir='ltr' id='par_1_79' title="bbox 1917 3511 3518 3603">
     <span class='ocr_line' id='line_1_79' title="bbox 1917 3511 3518 3603; baseline 0.016 -39"><span class='ocrx_word' id='word_1_546' title='bbox 1917 3511 2129 3581; x_wconf 86' lang='lat' dir='ltr'><strong>jamdiu</strong></span> <span class='ocrx_word' id='word_1_547' title='bbox 2191 3517 2478 3582; x_wconf 82' lang='lat' dir='ltr'><strong>tenebant,</strong></span> <span class='ocrx_word' id='word_1_548' title='bbox 2564 3534 2660 3576; x_wconf 90' lang='lat' dir='ltr'><strong>eas</strong></span> <span class='ocrx_word' id='word_1_549' title='bbox 2726 3537 2891 3580; x_wconf 88' lang='lat' dir='ltr'><strong>curas</strong></span> <span class='ocrx_word' id='word_1_550' title='bbox 2948 3526 3340 3596; x_wconf 76' lang='lat' dir='ltr'><strong>neglexissent,</strong></span> <span class='ocrx_word' id='word_1_551' title='bbox 3394 3549 3518 3603; x_wconf 74' lang='lat' dir='ltr'><strong>qua:</strong></span> 
     </span>
    </p>
   </div>
   <div class='ocr_carea' id='block_1_80' title="bbox 1920 3604 3516 3691">
    <p class='ocr_par' dir='ltr' id='par_1_80' title="bbox 1920 3604 3516 3691">
     <span class='ocr_line' id='line_1_80' title="bbox 1920 3604 3516 3691; baseline 0.016 -35"><span class='ocrx_word' id='word_1_552' title='bbox 1920 3604 2263 3673; x_wconf 76' lang='lat' dir='ltr'><strong>privatorum</strong></span> <span class='ocrx_word' id='word_1_553' title='bbox 2294 3608 2460 3663; x_wconf 85' lang='lat' dir='ltr'><strong>rebus</strong></span> <span class='ocrx_word' id='word_1_554' title='bbox 2496 3619 2553 3666; x_wconf 90' lang='lat' dir='ltr'><strong>et</strong></span> <span class='ocrx_word' id='word_1_555' title='bbox 2587 3611 2824 3681; x_wconf 71' lang='lat' dir='ltr'><strong>publica:</strong></span> <span class='ocrx_word' id='word_1_556' title='bbox 2845 3615 3067 3673; x_wconf 88' lang='lat' dir='ltr'><strong>utilitati</strong></span> <span class='ocrx_word' id='word_1_557' title='bbox 3101 3621 3322 3689; x_wconf 81' lang='lat' dir='ltr'><strong>politira</strong></span> <span class='ocrx_word' id='word_1_558' title='bbox 3385 3639 3516 3691; x_wconf 88' lang='lat' dir='ltr'><strong>pro-</strong></span> 
     </span>
    </p>
   </div>
   <div class='ocr_carea' id='block_1_81' title="bbox 1920 3692 3520 3774">
    <p class='ocr_par' dir='ltr' id='par_1_81' title="bbox 1920 3692 3520 3774">
     <span class='ocr_line' id='line_1_81' title="bbox 1920 3692 3520 3774; baseline 0.017 -27"><span class='ocrx_word' id='word_1_559' title='bbox 1920 3695 2166 3750; x_wconf 80' lang='lat' dir='ltr'><strong>videntia</strong></span> <span class='ocrx_word' id='word_1_560' title='bbox 2255 3702 2728 3773; x_wconf 70' lang='lat' dir='ltr'><strong>meonomicisquc</strong></span> <span class='ocrx_word' id='word_1_561' title='bbox 2791 3709 3101 3764; x_wconf 87' lang='lat' dir='ltr'><strong>rationibus</strong></span> <span class='ocrx_word' id='word_1_562' title='bbox 3196 3692 3520 3774; x_wconf 50' lang='lat' dir='ltr'><strong>consulunt.</strong></span> 
     </span>
    </p>
   </div>
   <div class='ocr_carea' id='block_1_82' title="bbox 1923 3786 3511 3877">
    <p class='ocr_par' dir='ltr' id='par_1_82' title="bbox 1923 3786 3511 3877">
     <span class='ocr_line' id='line_1_82' title="bbox 1923 3786 3511 3877; baseline 0.016 -37"><span class='ocrx_word' id='word_1_563' title='bbox 1923 3786 2133 3858; x_wconf 74' lang='lat' dir='ltr'><strong>Nempe</strong></span> <span class='ocrx_word' id='word_1_564' title='bbox 2169 3789 2223 3843; x_wconf 89' lang='lat' dir='ltr'><strong>hi</strong></span> <span class='ocrx_word' id='word_1_565' title='bbox 2278 3793 2471 3846; x_wconf 90' lang='lat' dir='ltr'><strong>nescio</strong></span> <span class='ocrx_word' id='word_1_566' title='bbox 2519 3796 2800 3864; x_wconf 84' lang='lat' dir='ltr'><strong>quoinodo</strong></span> <span class='ocrx_word' id='word_1_567' title='bbox 2851 3801 3147 3856; x_wconf 84' lang='lat' dir='ltr'><strong>noluerant</strong></span> <span class='ocrx_word' id='word_1_568' title='bbox 3182 3805 3511 3877; x_wconf 77' lang='lat' dir='ltr'><strong>intelligere,</strong></span> 
     </span>
    </p>
   </div>
   <div class='ocr_carea' id='block_1_83' title="bbox 1919 3882 3511 3967">
    <p class='ocr_par' dir='ltr' id='par_1_83' title="bbox 1919 3882 3511 3967">
     <span class='ocr_line' id='line_1_83' title="bbox 1919 3882 3511 3967; baseline 0.016 -37"><span class='ocrx_word' id='word_1_569' title='bbox 1919 3894 2017 3934; x_wconf 73' lang='lat' dir='ltr'><strong>eos</strong></span> <span class='ocrx_word' id='word_1_570' title='bbox 2047 3882 2452 3967; x_wconf 52' lang='lat' dir='ltr'><strong>qui‘tranquilli</strong></span> <span class='ocrx_word' id='word_1_571' title='bbox 2477 3900 2542 3941; x_wconf 87' lang='lat' dir='ltr'><strong>ac</strong></span> <span class='ocrx_word' id='word_1_572' title='bbox 2561 3889 2742 3942; x_wconf 91' lang='lat' dir='ltr'><strong>securi</strong></span> <span class='ocrx_word' id='word_1_573' title='bbox 2770 3889 2956 3945; x_wconf 75' lang='lat' dir='ltr'><strong>vivere</strong></span> <span class='ocrx_word' id='word_1_574' title='bbox 2983 3893 3176 3958; x_wconf 71' lang='lat' dir='ltr'><strong>vvlint,</strong></span> <span class='ocrx_word' id='word_1_575' title='bbox 3216 3906 3385 3967; x_wconf 87' lang='lat' dir='ltr'><strong>atque</strong></span> <span class='ocrx_word' id='word_1_576' title='bbox 3440 3904 3511 3955; x_wconf 88' lang='lat' dir='ltr'><strong>ab</strong></span> 
     </span>
    </p>
   </div>
   <div class='ocr_carea' id='block_1_84' title="bbox 1921 3953 3511 4058">
    <p class='ocr_par' dir='ltr' id='par_1_84' title="bbox 1921 3953 3511 4058">
     <span class='ocr_line' id='line_1_84' title="bbox 1921 3953 3511 4058; baseline 0.014 -37"><span class='ocrx_word' id='word_1_577' title='bbox 1921 3953 2177 4027; x_wconf 52' lang='lat' dir='ltr'><strong>hostibus</strong></span> <span class='ocrx_word' id='word_1_578' title='bbox 2221 3975 2446 4042; x_wconf 78' lang='lat' dir='ltr'><strong>quidem</strong></span> <span class='ocrx_word' id='word_1_579' title='bbox 2479 3978 2675 4042; x_wconf 90' lang='lat' dir='ltr'><strong>metui,</strong></span> <span class='ocrx_word' id='word_1_580' title='bbox 2705 3979 2773 4032; x_wconf 74' lang='lat' dir='ltr'><strong>ali</strong></span> <span class='ocrx_word' id='word_1_581' title='bbox 2802 3981 2994 4035; x_wconf 86' lang='lat' dir='ltr'><strong>amicis</strong></span> <span class='ocrx_word' id='word_1_582' title='bbox 3027 3995 3211 4041; x_wconf 88' lang='lat' dir='ltr'><strong>autem</strong></span> <span class='ocrx_word' id='word_1_583' title='bbox 3244 3953 3511 4058; x_wconf 74' lang='lat' dir='ltr'><strong>perpetuo</strong></span> 
     </span>
    </p>
   </div>
   <div class='ocr_carea' id='block_1_85' title="bbox 1915 4064 3510 4142">
    <p class='ocr_par' dir='ltr' id='par_1_85' title="bbox 1915 4064 3510 4142">
     <span class='ocr_line' id='line_1_85' title="bbox 1915 4064 3510 4142; baseline 0.016 -27"><span class='ocrx_word' id='word_1_584' title='bbox 1915 4064 2090 4134; x_wconf 77' lang='lat' dir='ltr'><strong>diligi,</strong></span> <span class='ocrx_word' id='word_1_585' title='bbox 2114 4081 2342 4121; x_wconf 89' lang='lat' dir='ltr'><strong>necesse</strong></span> <span class='ocrx_word' id='word_1_586' title='bbox 2391 4084 2534 4135; x_wconf 87' lang='lat' dir='ltr'><strong>esse,</strong></span> <span class='ocrx_word' id='word_1_587' title='bbox 2568 4087 2676 4126; x_wconf 88' lang='lat' dir='ltr'><strong>nnn</strong></span> <span class='ocrx_word' id='word_1_588' title='bbox 2700 4074 2922 4142; x_wconf 79' lang='lat' dir='ltr'><strong>quando</strong></span> <span class='ocrx_word' id='word_1_589' title='bbox 2972 4077 3300 4136; x_wconf 83' lang='lat' dir='ltr'><strong>obversatur</strong></span> <span class='ocrx_word' id='word_1_590' title='bbox 3333 4086 3510 4141; x_wconf 85' lang='lat' dir='ltr'><strong>oculis</strong></span> 
     </span>
    </p>
   </div>
   <div class='ocr_carea' id='block_1_86' title="bbox 1917 4157 3510 4232">
    <p class='ocr_par' dir='ltr' id='par_1_86' title="bbox 1917 4157 3510 4232">
     <span class='ocr_line' id='line_1_86' title="bbox 1917 4157 3510 4232; baseline 0.015 -23"><span class='ocrx_word' id='word_1_591' title='bbox 1917 4157 2226 4225; x_wconf 87' lang='lat' dir='ltr'><strong>periculum</strong></span> <span class='ocrx_word' id='word_1_592' title='bbox 2260 4159 2537 4216; x_wconf 86' lang='lat' dir='ltr'><strong>instruere</strong></span> <span class='ocrx_word' id='word_1_593' title='bbox 2568 4178 2648 4229; x_wconf 87' lang='lat' dir='ltr'><strong>se,</strong></span> <span class='ocrx_word' id='word_1_594' title='bbox 2686 4180 2810 4219; x_wconf 86' lang='lat' dir='ltr'><strong>cum</strong></span> <span class='ocrx_word' id='word_1_595' title='bbox 2862 4168 3066 4224; x_wconf 87' lang='lat' dir='ltr'><strong>nullam</strong></span> <span class='ocrx_word' id='word_1_596' title='bbox 3100 4172 3262 4229; x_wconf 85' lang='lat' dir='ltr'><strong>habet</strong></span> <span class='ocrx_word' id='word_1_597' title='bbox 3304 4176 3510 4232; x_wconf 83' lang='lat' dir='ltr'><strong>utilita-</strong></span> 
     </span>
    </p>
   </div>
   <div class='ocr_carea' id='block_1_87' title="bbox 1921 4250 3509 4333">
    <p class='ocr_par' dir='ltr' id='par_1_87' title="bbox 1921 4250 3509 4333">
     <span class='ocr_line' id='line_1_87' title="bbox 1921 4250 3509 4333; baseline 0.015 -30"><span class='ocrx_word' id='word_1_598' title='bbox 1921 4258 2031 4304; x_wconf 90' lang='lat' dir='ltr'><strong>tem</strong></span> <span class='ocrx_word' id='word_1_599' title='bbox 2067 4250 2356 4321; x_wconf 83' lang='lat' dir='ltr'><strong>diligentia</strong></span> <span class='ocrx_word' id='word_1_600' title='bbox 2385 4272 2398 4317; x_wconf 90' lang='lat'><strong>;</strong></span> <span class='ocrx_word' id='word_1_601' title='bbox 2432 4257 2525 4311; x_wconf 85' lang='lat' dir='ltr'><strong>sed</strong></span> <span class='ocrx_word' id='word_1_602' title='bbox 2561 4259 2722 4329; x_wconf 80' lang='lat' dir='ltr'><strong>longo</strong></span> <span class='ocrx_word' id='word_1_603' title='bbox 2746 4270 2872 4315; x_wconf 87' lang='lat' dir='ltr'><strong>ante</strong></span> <span class='ocrx_word' id='word_1_604' title='bbox 2903 4278 3077 4333; x_wconf 83' lang='lat' dir='ltr'><strong>nsque</strong></span> <span class='ocrx_word' id='word_1_605' title='bbox 3109 4281 3297 4322; x_wconf 85' lang='lat' dir='ltr'><strong>secum</strong></span> <span class='ocrx_word' id='word_1_606' title='bbox 3334 4272 3509 4326; x_wconf 84' lang='lat' dir='ltr'><strong>medi-</strong></span> 
     </span>
    </p>
   </div>
   <div class='ocr_carea' id='block_1_88' title="bbox 1917 4343 3503 4433">
    <p class='ocr_par' dir='ltr' id='par_1_88' title="bbox 1917 4343 3503 4433">
     <span class='ocr_line' id='line_1_88' title="bbox 1917 4343 3503 4433; baseline 0.015 -38"><span class='ocrx_word' id='word_1_607' title='bbox 1917 4343 2044 4433; x_wconf 80' lang='lat' dir='ltr'><strong>tari,</strong></span> <span class='ocrx_word' id='word_1_608' title='bbox 2118 4360 2434 4414; x_wconf 71' lang='lat' dir='ltr'><strong>ecquaenam</strong></span> <span class='ocrx_word' id='word_1_609' title='bbox 2472 4350 2781 4419; x_wconf 74' lang='lat' dir='ltr'><strong>pra-videri,</strong></span> <span class='ocrx_word' id='word_1_610' title='bbox 2836 4369 3156 4424; x_wconf 69' lang='lat' dir='ltr'><strong>ccqumnam</strong></span> <span class='ocrx_word' id='word_1_611' title='bbox 3210 4367 3503 4430; x_wconf 56' lang='lat' dir='ltr'><strong>praecaveri</strong></span> 
     </span>
    </p>
   </div>
   <div class='ocr_carea' id='block_1_89' title="bbox 1918 4442 3506 4517">
    <p class='ocr_par' dir='ltr' id='par_1_89' title="bbox 1918 4442 3506 4517">
     <span class='ocr_line' id='line_1_89' title="bbox 1918 4442 3506 4517; baseline 0.016 -29"><span class='ocrx_word' id='word_1_612' title='bbox 1918 4444 2209 4504; x_wconf 85' lang='lat' dir='ltr'><strong>oporteat;</strong></span> <span class='ocrx_word' id='word_1_613' title='bbox 2274 4448 2388 4495; x_wconf 93' lang='lat' dir='ltr'><strong>tum</strong></span> <span class='ocrx_word' id='word_1_614' title='bbox 2424 4442 2589 4497; x_wconf 91' lang='lat' dir='ltr'><strong>etiam</strong></span> <span class='ocrx_word' id='word_1_615' title='bbox 2638 4445 2769 4514; x_wconf 85' lang='lat' dir='ltr'><strong>quid</strong></span> <span class='ocrx_word' id='word_1_616' title='bbox 2805 4459 3098 4517; x_wconf 86' lang='lat' dir='ltr'><strong>apparatus</strong></span> <span class='ocrx_word' id='word_1_617' title='bbox 3120 4467 3285 4509; x_wconf 85' lang='lat' dir='ltr'><strong>causa</strong></span> <span class='ocrx_word' id='word_1_618' title='bbox 3328 4457 3506 4513; x_wconf 85' lang='lat' dir='ltr'><strong>adsci-</strong></span> 
     </span>
    </p>
   </div>
   <div class='ocr_carea' id='block_1_90' title="bbox 215 4521 1819 4615">
    <p class='ocr_par' dir='ltr' id='par_1_90' title="bbox 215 4521 1805 4597">
     <span class='ocr_line' id='line_1_90' title="bbox 215 4521 1805 4597; baseline -0.002 -17"><span class='ocrx_word' id='word_1_619' title='bbox 215 4521 700 4596; x_wconf 83' lang='grc' dir='ltr'>παρασκευὴν,ὧν</span> <span class='ocrx_word' id='word_1_620' title='bbox 727 4527 895 4596; x_wconf 88' lang='grc' dir='ltr'>μήπω</span> <span class='ocrx_word' id='word_1_621' title='bbox 927 4526 1026 4596; x_wconf 81' lang='grc' dir='ltr'>μὲν</span> <span class='ocrx_word' id='word_1_622' title='bbox 1057 4526 1324 4597; x_wconf 79' lang='grc' dir='ltr'>πάρεστιν</span> <span class='ocrx_word' id='word_1_623' title='bbox 1355 4526 1388 4594; x_wconf 87' lang='grc' dir='ltr'><strong>ή</strong></span> <span class='ocrx_word' id='word_1_624' title='bbox 1415 4523 1597 4596; x_wconf 86' lang='grc' dir='ltr'>χρεία,</span> <span class='ocrx_word' id='word_1_625' title='bbox 1622 4524 1805 4593; x_wconf 85' lang='grc' dir='ltr'>μέλλει</span> 
     </span>
    </p>
   </div>
   <div class='ocr_carea' id='block_1_91' title="bbox 1924 4521 3501 4615">
    <p class='ocr_par' dir='ltr' id='par_1_91' title="bbox 1924 4528 3501 4615">
     <span class='ocr_line' id='line_1_91' title="bbox 1924 4528 3501 4615; baseline 0.014 -33"><span class='ocrx_word' id='word_1_626' title='bbox 1924 4528 2181 4584; x_wconf 71' lang='lat' dir='ltr'><strong>scendum</strong></span> <span class='ocrx_word' id='word_1_627' title='bbox 2218 4531 2696 4603; x_wconf 81' lang='lat' dir='ltr'><strong>adquirendumve</strong></span> <span class='ocrx_word' id='word_1_628' title='bbox 2728 4539 2798 4593; x_wconf 90' lang='lat' dir='ltr'><strong>sit</strong></span> <span class='ocrx_word' id='word_1_629' title='bbox 2829 4556 3020 4595; x_wconf 88' lang='lat' dir='ltr'><strong>eorum</strong></span> <span class='ocrx_word' id='word_1_630' title='bbox 3045 4559 3169 4615; x_wconf 59' lang='lat' dir='ltr'><strong>(tua!</strong></span> <span class='ocrx_word' id='word_1_631' title='bbox 3204 4548 3325 4601; x_wconf 77' lang='lat' dir='ltr'><strong>usui</strong></span> <span class='ocrx_word' id='word_1_632' title='bbox 3361 4565 3501 4603; x_wconf 87' lang='lat' dir='ltr'><strong>nou-</strong></span> 
     </span>
    </p>
   </div>
   <div class='ocr_carea' id='block_1_92' title="bbox 211 4617 1807 4689">
    <p class='ocr_par' dir='ltr' id='par_1_92' title="bbox 211 4617 1807 4689">
     <span class='ocr_line' id='line_1_92' title="bbox 211 4617 1807 4689; baseline -0.001 -18"><span class='ocrx_word' id='word_1_633' title='bbox 211 4619 276 4671; x_wconf 82' lang='grc' dir='ltr'>δὲ</span> <span class='ocrx_word' id='word_1_634' title='bbox 306 4617 402 4671; x_wconf 81' lang='grc' dir='ltr'>τοῦ</span> <span class='ocrx_word' id='word_1_635' title='bbox 426 4620 623 4689; x_wconf 90' lang='grc' dir='ltr'>χρόνου</span> <span class='ocrx_word' id='word_1_636' title='bbox 654 4618 875 4689; x_wconf 76' lang='grc' dir='ltr'>ῥέοντος</span> <span class='ocrx_word' id='word_1_637' title='bbox 896 4618 992 4670; x_wconf 76' lang='grc' dir='ltr'>καὶ</span> <span class='ocrx_word' id='word_1_638' title='bbox 1029 4617 1379 4680; x_wconf 71' lang='grc' dir='ltr'>παντοδαπὰς</span> <span class='ocrx_word' id='word_1_639' title='bbox 1416 4618 1512 4670; x_wconf 75' lang='grc' dir='ltr'>καὶ</span> <span class='ocrx_word' id='word_1_640' title='bbox 1546 4617 1807 4679; x_wconf 75' lang='grc' dir='ltr'>παντοίας</span> 
     </span>
    </p>
   </div>
   <div class='ocr_carea' id='block_1_93' title="bbox 217 4706 1807 4780">
    <p class='ocr_par' dir='ltr' id='par_1_93' title="bbox 217 4706 1807 4780">
     <span class='ocr_line' id='line_1_93' title="bbox 217 4706 1807 4780; baseline -0.004 -15"><span class='ocrx_word' id='word_1_641' title='bbox 217 4710 519 4773; x_wconf 78' lang='grc' dir='ltr'>πλέκοντος</span> <span class='ocrx_word' id='word_1_642' title='bbox 550 4712 665 4773; x_wconf 88' lang='grc' dir='ltr'>τοῖς</span> <span class='ocrx_word' id='word_1_643' title='bbox 699 4708 1008 4780; x_wconf 80' lang='grc' dir='ltr'>ἀνθρώποις</span> <span class='ocrx_word' id='word_1_644' title='bbox 1055 4707 1154 4770; x_wconf 87' lang='grc' dir='ltr'><strong>τάς</strong></span> <span class='ocrx_word' id='word_1_645' title='bbox 1177 4706 1345 4778; x_wconf 85' lang='grc' dir='ltr'>τύχας</span> <span class='ocrx_word' id='word_1_646' title='bbox 1366 4722 1379 4736; x_wconf 81' lang='grc'><strong><em>⁸</em></strong></span> <span class='ocrx_word' id='word_1_647' title='bbox 1416 4706 1537 4760; x_wconf 73' lang='grc' dir='ltr'>οὐδὲ</span> <span class='ocrx_word' id='word_1_648' title='bbox 1565 4707 1807 4759; x_wconf 86' lang='grc' dir='ltr'>συνιέναι</span> 
     </span>
    </p>
   </div>
   <div class='ocr_carea' id='block_1_94' title="bbox 211 4799 1807 4871">
    <p class='ocr_par' dir='ltr' id='par_1_94' title="bbox 211 4799 1807 4871">
     <span class='ocr_line' id='line_1_94' title="bbox 211 4799 1807 4871; baseline -0.003 -14"><span class='ocrx_word' id='word_1_649' title='bbox 211 4804 565 4866; x_wconf 83' lang='grc' dir='ltr'>παντάπασι,</span> <span class='ocrx_word' id='word_1_650' title='bbox 624 4801 731 4855; x_wconf 86' lang='grc' dir='ltr'>τίνι</span> <span class='ocrx_word' id='word_1_651' title='bbox 781 4802 875 4853; x_wconf 84' lang='grc' dir='ltr'>καὶ</span> <span class='ocrx_word' id='word_1_652' title='bbox 906 4801 1016 4871; x_wconf 83' lang='grc' dir='ltr'><strong>ὅσῳ</strong></span> <span class='ocrx_word' id='word_1_653' title='bbox 1046 4800 1365 4871; x_wconf 82' lang='grc' dir='ltr'>δικαιοσύνη</span> <span class='ocrx_word' id='word_1_654' title='bbox 1418 4800 1557 4871; x_wconf 69' lang='grc' dir='ltr'>πρὸς</span> <span class='ocrx_word' id='word_1_655' title='bbox 1588 4799 1807 4853; x_wconf 86' lang='grc' dir='ltr'>ἀδικίαν</span> 
     </span>
    </p>
   </div>
   <div class='ocr_carea' id='block_1_95' title="bbox 210 4887 1805 4964">
    <p class='ocr_par' dir='ltr' id='par_1_95' title="bbox 210 4887 1805 4964">
     <span class='ocr_line' id='line_1_95' title="bbox 210 4887 1805 4964; baseline -0.002 -18"><span class='ocrx_word' id='word_1_656' title='bbox 210 4894 625 4964; x_wconf 82' lang='grc' dir='ltr'>συγκρινομένη</span> <span class='ocrx_word' id='word_1_657' title='bbox 654 4892 923 4961; x_wconf 79' lang='grc' dir='ltr'>διαφέρει,</span> <span class='ocrx_word' id='word_1_658' title='bbox 950 4893 1310 4964; x_wconf 84' lang='grc' dir='ltr'>χρηματικῶν</span> <span class='ocrx_word' id='word_1_659' title='bbox 1346 4909 1405 4945; x_wconf 89' lang='grc' dir='ltr'><strong>τε</strong></span> <span class='ocrx_word' id='word_1_660' title='bbox 1427 4887 1495 4945; x_wconf 82' lang='grc' dir='ltr'>αὖ</span> <span class='ocrx_word' id='word_1_661' title='bbox 1526 4891 1805 4962; x_wconf 87' lang='grc' dir='ltr'>προσόδων</span> 
     </span>
    </p>
   </div>
   <div class='ocr_carea' id='block_1_96' title="bbox 213 4985 1802 5057">
    <p class='ocr_par' dir='ltr' id='par_1_96' title="bbox 213 4985 1802 5057">
     <span class='ocr_line' id='line_1_96' title="bbox 213 4985 1802 5057; baseline -0.002 -18"><span class='ocrx_word' id='word_1_662' title='bbox 213 4988 535 5057; x_wconf 76' lang='grc' dir='ltr'>προμήθεια</span> <span class='ocrx_word' id='word_1_663' title='bbox 564 4987 660 5039; x_wconf 74' lang='grc' dir='ltr'>καὶ</span> <span class='ocrx_word' id='word_1_664' title='bbox 686 4986 869 5039; x_wconf 86' lang='grc' dir='ltr'>ὅπλων</span> <span class='ocrx_word' id='word_1_665' title='bbox 893 4986 1090 5055; x_wconf 83' lang='grc' dir='ltr'>κτῆσις</span> <span class='ocrx_word' id='word_1_666' title='bbox 1107 4986 1245 5057; x_wconf 80' lang='grc' dir='ltr'>πρὸς</span> <span class='ocrx_word' id='word_1_667' title='bbox 1276 4985 1539 5055; x_wconf 84' lang='grc' dir='ltr'>ἀμέλειαν</span> <span class='ocrx_word' id='word_1_668' title='bbox 1574 4985 1802 5039; x_wconf 77' lang='grc' dir='ltr'><strong>τούτων⁸</strong></span> 
     </span>
    </p>
   </div>
   <div class='ocr_carea' id='block_1_97' title="bbox 210 5077 1860 5151">
    <p class='ocr_par' dir='ltr' id='par_1_97' title="bbox 210 5077 1860 5151">
     <span class='ocr_line' id='line_1_97' title="bbox 210 5077 1860 5151; baseline 0.001 -19"><span class='ocrx_word' id='word_1_669' title='bbox 210 5080 299 5132; x_wconf 77' lang='grc' dir='ltr'>ἔτι</span> <span class='ocrx_word' id='word_1_670' title='bbox 322 5096 382 5131; x_wconf 88' lang='grc' dir='ltr'><strong>τε</strong></span> <span class='ocrx_word' id='word_1_671' title='bbox 430 5079 721 5132; x_wconf 78' lang='grc' dir='ltr'>πολιτειῶν</span> <span class='ocrx_word' id='word_1_672' title='bbox 759 5077 1012 5148; x_wconf 82' lang='grc' dir='ltr'>εὐνομίαι</span> <span class='ocrx_word' id='word_1_673' title='bbox 1055 5080 1150 5131; x_wconf 77' lang='grc' dir='ltr'>καὶ</span> <span class='ocrx_word' id='word_1_674' title='bbox 1178 5079 1406 5141; x_wconf 82' lang='grc' dir='ltr'>κανόνες</span> <span class='ocrx_word' id='word_1_675' title='bbox 1429 5080 1696 5151; x_wconf 77' lang='grc' dir='ltr'>ἀῤῥεπεῖς</span> <span class='ocrx_word' id='word_1_676' title='bbox 1728 5080 1806 5133; x_wconf 85' lang='grc' dir='ltr'>δι·</span> <span class='ocrx_word' id='word_1_677' title='bbox 1856 5129 1860 5133; x_wconf 87' lang='grc'>.</span> 
     </span>
    </p>
   </div>
   <div class='ocr_carea' id='block_1_98' title="bbox 210 5169 1805 5242">
    <p class='ocr_par' dir='ltr' id='par_1_98' title="bbox 210 5169 1805 5242">
     <span class='ocr_line' id='line_1_98' title="bbox 210 5169 1805 5242; baseline -0.001 -18"><span class='ocrx_word' id='word_1_678' title='bbox 210 5171 534 5242; x_wconf 86' lang='grc' dir='ltr'>καστηρίων</span> <span class='ocrx_word' id='word_1_679' title='bbox 551 5171 686 5240; x_wconf 82' lang='grc' dir='ltr'>ὁμοῦ</span> <span class='ocrx_word' id='word_1_680' title='bbox 721 5171 818 5224; x_wconf 75' lang='grc' dir='ltr'>καὶ</span> <span class='ocrx_word' id='word_1_681' title='bbox 846 5169 1250 5242; x_wconf 84' lang='grc' dir='ltr'>βουλευτηρίων</span> <span class='ocrx_word' id='word_1_682' title='bbox 1286 5172 1424 5242; x_wconf 71' lang='grc' dir='ltr'>πρὸς</span> <span class='ocrx_word' id='word_1_683' title='bbox 1450 5172 1805 5241; x_wconf 83' lang='grc' dir='ltr'>ἀστάθμητον</span> 
     </span>
    </p>
   </div>
   <div class='ocr_carea' id='block_1_99' title="bbox 209 5260 1803 5332">
    <p class='ocr_par' dir='ltr' id='par_1_99' title="bbox 209 5260 1803 5332">
     <span class='ocr_line' id='line_1_99' title="bbox 209 5260 1803 5332; baseline -0.001 -16"><span class='ocrx_word' id='word_1_684' title='bbox 209 5264 314 5316; x_wconf 72' lang='grc' dir='ltr'>καὶ</span> <span class='ocrx_word' id='word_1_685' title='bbox 345 5262 753 5332; x_wconf 84' lang='grc' dir='ltr'>συγκεχυμένον</span> <span class='ocrx_word' id='word_1_686' title='bbox 800 5261 935 5331; x_wconf 79' lang='grc' dir='ltr'>βίον.</span> <span class='ocrx_word' id='word_1_687' title='bbox 974 5262 1207 5331; x_wconf 86' lang='grc' dir='ltr'>Ὅμοιον</span> <span class='ocrx_word' id='word_1_688' title='bbox 1239 5261 1350 5329; x_wconf 73' lang='grc' dir='ltr'>γὰρ</span> <span class='ocrx_word' id='word_1_689' title='bbox 1377 5261 1444 5314; x_wconf 81' lang='grc' dir='ltr'>ἂν</span> <span class='ocrx_word' id='word_1_690' title='bbox 1473 5262 1585 5331; x_wconf 76' lang='grc' dir='ltr'>εἴη,</span> <span class='ocrx_word' id='word_1_691' title='bbox 1610 5260 1803 5330; x_wconf 82' lang='grc' dir='ltr'>ὥσπερ</span> 
     </span>
    </p>
   </div>
   <div class='ocr_carea' id='block_1_100' title="bbox 208 5349 1800 5430">
    <p class='ocr_par' dir='ltr' id='par_1_100' title="bbox 208 5349 1800 5430">
     <span class='ocr_line' id='line_1_100' title="bbox 208 5349 1800 5430; baseline -0.001 -26"><span class='ocrx_word' id='word_1_692' title='bbox 208 5352 283 5406; x_wconf 82' lang='grc' dir='ltr'>ἂν</span> <span class='ocrx_word' id='word_1_693' title='bbox 307 5352 361 5403; x_wconf 84' lang='grc' dir='ltr'><strong>εί</strong></span> <span class='ocrx_word' id='word_1_694' title='bbox 403 5367 489 5414; x_wconf 90' lang='grc' dir='ltr'><strong>τις</strong></span> <span class='ocrx_word' id='word_1_695' title='bbox 549 5349 926 5420; x_wconf 72' lang='grc' dir='ltr'>παραϐάλλειν</span> <span class='ocrx_word' id='word_1_696' title='bbox 979 5350 1226 5420; x_wconf 80' lang='grc' dir='ltr'>βούλοιτο</span> <span class='ocrx_word' id='word_1_697' title='bbox 1261 5351 1358 5404; x_wconf 76' lang='grc' dir='ltr'>καὶ</span> <span class='ocrx_word' id='word_1_698' title='bbox 1388 5350 1640 5430; x_wconf 49' lang='grc' dir='ltr'>θεωρεῖν(</span> <span class='ocrx_word' id='word_1_699' title='bbox 1675 5351 1800 5404; x_wconf 83' lang='grc' dir='ltr'>ὅσον</span> 
     </span>
    </p>
   </div>
   <div class='ocr_carea' id='block_1_101' title="bbox 206 5438 1798 5513">
    <p class='ocr_par' dir='ltr' id='par_1_101' title="bbox 206 5438 1798 5513">
     <span class='ocr_line' id='line_1_101' title="bbox 206 5438 1798 5513; baseline 0 -20"><span class='ocrx_word' id='word_1_700' title='bbox 206 5442 271 5493; x_wconf 70' lang='grc' dir='ltr'>ἐν</span> <span class='ocrx_word' id='word_1_701' title='bbox 306 5439 534 5506; x_wconf 85' lang='grc' dir='ltr'>πελάγει</span> <span class='ocrx_word' id='word_1_702' title='bbox 581 5438 829 5507; x_wconf 75' lang='grc' dir='ltr'>διαφέρει</span> <span class='ocrx_word' id='word_1_703' title='bbox 873 5439 1056 5502; x_wconf 79' lang='grc' dir='ltr'>καλῶς</span> <span class='ocrx_word' id='word_1_704' title='bbox 1117 5440 1476 5511; x_wconf 75' lang='grc' dir='ltr'>οίακιζομένη</span> <span class='ocrx_word' id='word_1_705' title='bbox 1527 5441 1665 5505; x_wconf 77' lang='grc' dir='ltr'>ναῦς</span> <span class='ocrx_word' id='word_1_706' title='bbox 1698 5442 1798 5513; x_wconf 82' lang='grc' dir='ltr'>τῆς</span> 
     </span>
    </p>
   </div>
   <div class='ocr_carea' id='block_1_102' title="bbox 206 5530 1801 5602">
    <p class='ocr_par' dir='ltr' id='par_1_102' title="bbox 206 5530 1801 5602">
     <span class='ocr_line' id='line_1_102' title="bbox 206 5530 1801 5602; baseline 0 -15"><span class='ocrx_word' id='word_1_707' title='bbox 206 5534 343 5587; x_wconf 76' lang='grc' dir='ltr'>ἄνευ</span> <span class='ocrx_word' id='word_1_708' title='bbox 373 5532 579 5585; x_wconf 84' lang='grc' dir='ltr'>οἰάκων</span> <span class='ocrx_word' id='word_1_709' title='bbox 608 5537 702 5582; x_wconf 75' lang='grc' dir='ltr'>καὶ</span> <span class='ocrx_word' id='word_1_710' title='bbox 732 5530 925 5602; x_wconf 79' lang='grc' dir='ltr'>πόρρω</span> <span class='ocrx_word' id='word_1_711' title='bbox 952 5530 1155 5593; x_wconf 83' lang='grc' dir='ltr'>παντὸς</span> <span class='ocrx_word' id='word_1_712' title='bbox 1184 5532 1506 5602; x_wconf 66' lang='grc' dir='ltr'>προμηθοῦς</span> <span class='ocrx_word' id='word_1_713' title='bbox 1527 5536 1642 5596; x_wconf 88' lang='grc' dir='ltr'>τοῖς</span> <span class='ocrx_word' id='word_1_714' title='bbox 1672 5535 1801 5587; x_wconf 88' lang='grc' dir='ltr'>πολ-</span> 
     </span>
    </p>
   </div>
   <div class='ocr_carea' id='block_1_103' title="bbox 206 5608 1793 5697">
    <p class='ocr_par' dir='ltr' id='par_1_103' title="bbox 206 5608 1793 5697">
     <span class='ocr_line' id='line_1_103' title="bbox 206 5608 1793 5697; baseline 0.003 -23"><span class='ocrx_word' id='word_1_715' title='bbox 206 5623 324 5686; x_wconf 84' lang='grc' dir='ltr'>λοῖς</span> <span class='ocrx_word' id='word_1_716' title='bbox 353 5621 584 5685; x_wconf 81' lang='grc' dir='ltr'>ἐκείνοις</span> <span class='ocrx_word' id='word_1_717' title='bbox 614 5622 712 5673; x_wconf 71' lang='grc' dir='ltr'>καὶ</span> <span class='ocrx_word' id='word_1_718' title='bbox 763 5618 1064 5692; x_wconf 82' lang='grc' dir='ltr'>ἀνημέροις</span> <span class='ocrx_word' id='word_1_719' title='bbox 1112 5608 1368 5693; x_wconf 29' lang='grc' dir='ltr'>κκύμασν</span> <span class='ocrx_word' id='word_1_720' title='bbox 1399 5626 1757 5697; x_wconf 78' lang='grc' dir='ltr'>ἐπιπηδώσης</span> <span class='ocrx_word' id='word_1_721' title='bbox 1779 5641 1793 5656; x_wconf 77' lang='grc'><strong><em>⁸</em></strong></span> 
     </span>
    </p>
   </div>
   <div class='ocr_carea' id='block_1_104' title="bbox 208 5708 1797 5787">
    <p class='ocr_par' dir='ltr' id='par_1_104' title="bbox 208 5708 1797 5787">
     <span class='ocr_line' id='line_1_104' title="bbox 208 5708 1797 5787; baseline 0.004 -22"><span class='ocrx_word' id='word_1_722' title='bbox 208 5708 294 5776; x_wconf 74' lang='grc' dir='ltr'><strong>οἷς</strong></span> <span class='ocrx_word' id='word_1_723' title='bbox 328 5711 509 5780; x_wconf 69' lang='grc' dir='ltr'>πιλλῷ</span> <span class='ocrx_word' id='word_1_724' title='bbox 558 5712 735 5781; x_wconf 80' lang='grc' dir='ltr'>δήπου</span> <span class='ocrx_word' id='word_1_725' title='bbox 768 5712 977 5782; x_wconf 89' lang='grc' dir='ltr'>βέλτιον</span> <span class='ocrx_word' id='word_1_726' title='bbox 1021 5713 1088 5765; x_wconf 86' lang='grc' dir='ltr'>ἂν</span> <span class='ocrx_word' id='word_1_727' title='bbox 1137 5711 1205 5786; x_wconf 82' lang='grc' dir='ltr'>ἦν</span> <span class='ocrx_word' id='word_1_728' title='bbox 1254 5716 1393 5768; x_wconf 70' lang='grc' dir='ltr'>οἴκοι</span> <span class='ocrx_word' id='word_1_729' title='bbox 1448 5720 1797 5787; x_wconf 70' lang='grc' dir='ltr'>καἿημένονς</span> 
     </span>
    </p>
   </div>
   <div class='ocr_carea' id='block_1_105' title="bbox 205 5802 1795 5882">
    <p class='ocr_par' dir='ltr' id='par_1_105' title="bbox 205 5802 1795 5882">
     <span class='ocr_line' id='line_1_105' title="bbox 205 5802 1795 5882; baseline 0.001 -23"><span class='ocrx_word' id='word_1_730' title='bbox 205 5804 418 5870; x_wconf 79' lang='grc' dir='ltr'>ἀδοξεῖν</span> <span class='ocrx_word' id='word_1_731' title='bbox 473 5806 569 5858; x_wconf 69' lang='grc' dir='ltr'>καὶ</span> <span class='ocrx_word' id='word_1_732' title='bbox 604 5808 783 5874; x_wconf 80' lang='grc' dir='ltr'>μισεῖν</span> <span class='ocrx_word' id='word_1_733' title='bbox 816 5802 1141 5877; x_wconf 64' lang='grc' dir='ltr'>παρρησίαν</span> <span class='ocrx_word' id='word_1_734' title='bbox 1192 5807 1330 5876; x_wconf 81' lang='grc' dir='ltr'>ὁμοῦ</span> <span class='ocrx_word' id='word_1_735' title='bbox 1384 5810 1479 5861; x_wconf 72' lang='grc' dir='ltr'><strong>καὶ</strong></span> <span class='ocrx_word' id='word_1_736' title='bbox 1506 5811 1795 5882; x_wconf 84' lang='grc' dir='ltr'>πολιτικὴν</span> 
     </span>
    </p>
   </div>
   <div class='ocr_carea' id='block_1_106' title="bbox 460 5901 1237 5961">
    <p class='ocr_par' dir='ltr' id='par_1_106' title="bbox 460 5901 1237 5961">
     <span class='ocr_line' id='line_1_106' title="bbox 460 5901 1237 5961; baseline 0.001 -1"><span class='ocrx_word' id='word_1_737' title='bbox 460 5901 729 5960; x_wconf 71' lang='grc' dir='ltr'>Ριισῖιιυι..</span> <span class='ocrx_word' id='word_1_738' title='bbox 771 5904 885 5960; x_wconf 81' lang='lat' dir='ltr'><strong>Gn.</strong></span> <span class='ocrx_word' id='word_1_739' title='bbox 931 5901 1037 5960; x_wconf 80' lang='lat' dir='ltr'><strong>CX</strong></span> <span class='ocrx_word' id='word_1_740' title='bbox 1052 5901 1237 5961; x_wconf 86' lang='lat' dir='ltr'><strong>LVlll</strong></span> 
     </span>
    </p>
   </div>
   <div class='ocr_carea' id='block_1_107' title="bbox 1914 4620 3503 4705">
    <p class='ocr_par' dir='ltr' id='par_1_107' title="bbox 1914 4620 3503 4705">
     <span class='ocr_line' id='line_1_107' title="bbox 1914 4620 3503 4705; baseline 0.014 -31"><span class='ocrx_word' id='word_1_741' title='bbox 1914 4620 2044 4674; x_wconf 86' lang='lat' dir='ltr'><strong>dum</strong></span> <span class='ocrx_word' id='word_1_742' title='bbox 2074 4623 2293 4687; x_wconf 89' lang='lat' dir='ltr'><strong>quidem</strong></span> <span class='ocrx_word' id='word_1_743' title='bbox 2318 4634 2468 4693; x_wconf 88' lang='lat' dir='ltr'><strong>sunt,</strong></span> <span class='ocrx_word' id='word_1_744' title='bbox 2496 4628 2591 4683; x_wconf 85' lang='lat' dir='ltr'><strong>sed</strong></span> <span class='ocrx_word' id='word_1_745' title='bbox 2623 4630 2958 4699; x_wconf 89' lang='lat' dir='ltr'><strong>procedente</strong></span> <span class='ocrx_word' id='word_1_746' title='bbox 2996 4641 3265 4705; x_wconf 63' lang='lat' dir='ltr'><strong>tempore.</strong></span> <span class='ocrx_word' id='word_1_747' title='bbox 3310 4638 3503 4697; x_wconf 78' lang='lat' dir='ltr'><strong>multi-</strong></span> 
     </span>
    </p>
   </div>
   <div class='ocr_carea' id='block_1_108' title="bbox 1913 4713 3504 4803">
    <p class='ocr_par' dir='ltr' id='par_1_108' title="bbox 1913 4713 3504 4803">
     <span class='ocr_line' id='line_1_108' title="bbox 1913 4713 3504 4803; baseline 0.014 -36"><span class='ocrx_word' id='word_1_748' title='bbox 1913 4713 2193 4784; x_wconf 86' lang='lat' dir='ltr'><strong>plicesque</strong></span> <span class='ocrx_word' id='word_1_749' title='bbox 2225 4725 2283 4771; x_wconf 85' lang='lat' dir='ltr'><strong>et</strong></span> <span class='ocrx_word' id='word_1_750' title='bbox 2305 4719 2488 4774; x_wconf 79' lang='lat' dir='ltr'><strong>varios</strong></span> <span class='ocrx_word' id='word_1_751' title='bbox 2512 4720 2832 4780; x_wconf 88' lang='lat' dir='ltr'><strong>hominibus</strong></span> <span class='ocrx_word' id='word_1_752' title='bbox 2860 4741 3021 4782; x_wconf 91' lang='lat' dir='ltr'><strong>casus</strong></span> <span class='ocrx_word' id='word_1_753' title='bbox 3051 4737 3288 4795; x_wconf 84' lang='lat' dir='ltr'><strong>texente,</strong></span> <span class='ocrx_word' id='word_1_754' title='bbox 3313 4734 3504 4803; x_wconf 85' lang='lat' dir='ltr'><strong>profu-</strong></span> 
     </span>
    </p>
   </div>
   <div class='ocr_carea' id='block_1_109' title="bbox 1914 4809 3499 4895">
    <p class='ocr_par' dir='ltr' id='par_1_109' title="bbox 1914 4809 3499 4895">
     <span class='ocr_line' id='line_1_109' title="bbox 1914 4809 3499 4895; baseline 0.016 -39"><span class='ocrx_word' id='word_1_755' title='bbox 1914 4812 2037 4858; x_wconf 87' lang='lat' dir='ltr'><strong>tura</strong></span> <span class='ocrx_word' id='word_1_756' title='bbox 2076 4814 2251 4859; x_wconf 91' lang='lat' dir='ltr'><strong>sunt:</strong></span> <span class='ocrx_word' id='word_1_757' title='bbox 2288 4809 2602 4875; x_wconf 85' lang='lat' dir='ltr'><strong>noluerant,</strong></span> <span class='ocrx_word' id='word_1_758' title='bbox 2637 4813 2881 4884; x_wconf 88' lang='lat' dir='ltr'><strong>inquam,</strong></span> <span class='ocrx_word' id='word_1_759' title='bbox 2908 4818 3024 4873; x_wconf 68' lang='lat' dir='ltr'><strong>ha&#39;c</strong></span> <span class='ocrx_word' id='word_1_760' title='bbox 3078 4820 3112 4874; x_wconf 92' lang='lat' dir='ltr'><strong>ii</strong></span> <span class='ocrx_word' id='word_1_761' title='bbox 3166 4822 3499 4895; x_wconf 72' lang='lat' dir='ltr'><strong>intelligere,</strong></span> 
     </span>
    </p>
   </div>
   <div class='ocr_carea' id='block_1_110' title="bbox 1909 4896 3500 4989">
    <p class='ocr_par' dir='ltr' id='par_1_110' title="bbox 1909 4896 3500 4989">
     <span class='ocr_line' id='line_1_110' title="bbox 1909 4896 3500 4989; baseline 0.019 -41"><span class='ocrx_word' id='word_1_762' title='bbox 1909 4912 2012 4951; x_wconf 90' lang='lat' dir='ltr'><strong>nec</strong></span> <span class='ocrx_word' id='word_1_763' title='bbox 2045 4898 2176 4967; x_wconf 88' lang='lat' dir='ltr'><strong>quid</strong></span> <span class='ocrx_word' id='word_1_764' title='bbox 2212 4909 2553 4970; x_wconf 89' lang='lat' dir='ltr'><strong>etquantum</strong></span> <span class='ocrx_word' id='word_1_765' title='bbox 2598 4908 2810 4978; x_wconf 83' lang='lat' dir='ltr'><strong>justitia</strong></span> <span class='ocrx_word' id='word_1_766' title='bbox 2847 4896 3127 4983; x_wconf 66' lang='lat' dir='ltr'><strong>iniustitia)</strong></span> <span class='ocrx_word' id='word_1_767' title='bbox 3183 4933 3500 4989; x_wconf 80' lang='lat' dir='ltr'><strong>comparata</strong></span> 
     </span>
    </p>
   </div>
   <div class='ocr_carea' id='block_1_111' title="bbox 1909 4991 3496 5083">
    <p class='ocr_par' dir='ltr' id='par_1_111' title="bbox 1909 4991 3496 5083">
     <span class='ocr_line' id='line_1_111' title="bbox 1909 4991 3496 5083; baseline 0.018 -43"><span class='ocrx_word' id='word_1_768' title='bbox 1909 4998 2159 5056; x_wconf 73' lang='lat' dir='ltr'><strong>praestet;</strong></span> <span class='ocrx_word' id='word_1_769' title='bbox 2200 4991 2333 5059; x_wconf 89' lang='lat' dir='ltr'><strong>quid</strong></span> <span class='ocrx_word' id='word_1_770' title='bbox 2375 4996 2623 5062; x_wconf 65' lang='lat' dir='ltr'><strong>pecuniae</strong></span> <span class='ocrx_word' id='word_1_771' title='bbox 2655 5000 2885 5075; x_wconf 63' lang='lat' dir='ltr'><strong>provisa!</strong></span> <span class='ocrx_word' id='word_1_772' title='bbox 2911 5017 3306 5079; x_wconf 86' lang='lat' dir='ltr'><strong>armorumque</strong></span> <span class='ocrx_word' id='word_1_773' title='bbox 3342 5014 3496 5083; x_wconf 86' lang='lat' dir='ltr'><strong>copia</strong></span> 
     </span>
    </p>
   </div>
   <div class='ocr_carea' id='block_1_112' title="bbox 1908 5086 3496 5172">
    <p class='ocr_par' dir='ltr' id='par_1_112' title="bbox 1908 5086 3496 5172">
     <span class='ocr_line' id='line_1_112' title="bbox 1908 5086 3496 5172; baseline 0.018 -39"><span class='ocrx_word' id='word_1_774' title='bbox 1908 5094 2098 5134; x_wconf 84' lang='lat' dir='ltr'><strong>earum</strong></span> <span class='ocrx_word' id='word_1_775' title='bbox 2134 5097 2320 5137; x_wconf 86' lang='lat' dir='ltr'><strong>rerum</strong></span> <span class='ocrx_word' id='word_1_776' title='bbox 2350 5086 2656 5155; x_wconf 82' lang='lat' dir='ltr'><strong>ncglcctui;</strong></span> <span class='ocrx_word' id='word_1_777' title='bbox 2715 5092 2848 5160; x_wconf 83' lang='lat' dir='ltr'><strong>quid</strong></span> <span class='ocrx_word' id='word_1_778' title='bbox 2898 5093 3138 5168; x_wconf 84' lang='lat' dir='ltr'><strong>denique</strong></span> <span class='ocrx_word' id='word_1_779' title='bbox 3173 5104 3496 5172; x_wconf 78' lang='lat' dir='ltr'><strong>respublica:</strong></span> 
     </span>
    </p>
   </div>
   <div class='ocr_carea' id='block_1_113' title="bbox 1907 5171 3493 5271">
    <p class='ocr_par' dir='ltr' id='par_1_113' title="bbox 1907 5171 3493 5271">
     <span class='ocr_line' id='line_1_113' title="bbox 1907 5171 3493 5271; baseline 0.014 -45"><span class='ocrx_word' id='word_1_780' title='bbox 1907 5171 2050 5228; x_wconf 88' lang='lat' dir='ltr'><strong>bene</strong></span> <span class='ocrx_word' id='word_1_781' title='bbox 2074 5184 2296 5231; x_wconf 67' lang='lat' dir='ltr'><strong>moratae</strong></span> <span class='ocrx_word' id='word_1_782' title='bbox 2318 5186 2372 5231; x_wconf 92' lang='lat' dir='ltr'><strong>et</strong></span> <span class='ocrx_word' id='word_1_783' title='bbox 2398 5189 2654 5235; x_wconf 87' lang='lat' dir='ltr'><strong>constans</strong></span> <span class='ocrx_word' id='word_1_784' title='bbox 2686 5183 3018 5253; x_wconf 69' lang='lat' dir='ltr'><strong>jutliciorum</strong></span> <span class='ocrx_word' id='word_1_785' title='bbox 3048 5192 3216 5271; x_wconf 64' lang='grc'>844,</span> <span class='ocrx_word' id='word_1_786' title='bbox 3265 5171 3327 5252; x_wconf 82' lang='lat' dir='ltr'><strong>ac</strong></span> <span class='ocrx_word' id='word_1_787' title='bbox 3359 5199 3493 5252; x_wconf 74' lang='lat' dir='ltr'><strong>ueli—</strong></span> 
     </span>
    </p>
   </div>
   <div class='ocr_carea' id='block_1_114' title="bbox 1906 5263 3489 5358">
    <p class='ocr_par' dir='ltr' id='par_1_114' title="bbox 1906 5263 3489 5358">
     <span class='ocr_line' id='line_1_114' title="bbox 1906 5263 3489 5358; baseline 0.018 -41"><span class='ocrx_word' id='word_1_788' title='bbox 1906 5263 2254 5321; x_wconf 83' lang='lat' dir='ltr'><strong>berationunt</strong></span> <span class='ocrx_word' id='word_1_789' title='bbox 2284 5270 2423 5323; x_wconf 91' lang='lat' dir='ltr'><strong>ordo</strong></span> <span class='ocrx_word' id='word_1_790' title='bbox 2455 5270 2578 5325; x_wconf 78' lang='lat' dir='ltr'><strong>vita:</strong></span> <span class='ocrx_word' id='word_1_791' title='bbox 2602 5273 2824 5331; x_wconf 67' lang='lat' dir='ltr'><strong>incertre</strong></span> <span class='ocrx_word' id='word_1_792' title='bbox 2851 5263 3268 5342; x_wconf 45' lang='lat' dir='ltr'><strong>ctconfusi—onis</strong></span> <span class='ocrx_word' id='word_1_793' title='bbox 3294 5290 3489 5358; x_wconf 69' lang='lat' dir='ltr'><strong>plenaz.</strong></span> 
     </span>
    </p>
   </div>
   <div class='ocr_carea' id='block_1_115' title="bbox 1904 5351 3491 5443">
    <p class='ocr_par' dir='ltr' id='par_1_115' title="bbox 1904 5351 3491 5443">
     <span class='ocr_line' id='line_1_115' title="bbox 1904 5351 3491 5443; baseline 0.02 -36"><span class='ocrx_word' id='word_1_794' title='bbox 1904 5351 2141 5411; x_wconf 86' lang='lat' dir='ltr'><strong>Perinde</strong></span> <span class='ocrx_word' id='word_1_795' title='bbox 2180 5359 2325 5413; x_wconf 89' lang='lat' dir='ltr'><strong>enim</strong></span> <span class='ocrx_word' id='word_1_796' title='bbox 2349 5359 2535 5428; x_wconf 88' lang='lat' dir='ltr'><strong>fuerit,</strong></span> <span class='ocrx_word' id='word_1_797' title='bbox 2566 5380 2632 5418; x_wconf 89' lang='lat' dir='ltr'><strong>ac</strong></span> <span class='ocrx_word' id='word_1_798' title='bbox 2656 5366 2699 5420; x_wconf 89' lang='lat' dir='ltr'><strong>si</strong></span> <span class='ocrx_word' id='word_1_799' title='bbox 2730 5370 2855 5437; x_wconf 89' lang='lat' dir='ltr'><strong>quis</strong></span> <span class='ocrx_word' id='word_1_800' title='bbox 2881 5351 3309 5443; x_wconf 62' lang='lat' dir='ltr'><strong>comparatione</strong></span> <span class='ocrx_word' id='word_1_801' title='bbox 3334 5383 3491 5439; x_wconf 85' lang='lat' dir='ltr'><strong>insti-</strong></span> 
     </span>
    </p>
   </div>
   <div class='ocr_carea' id='block_1_116' title="bbox 1907 5451 3490 5542">
    <p class='ocr_par' dir='ltr' id='par_1_116' title="bbox 1907 5451 3490 5542">
     <span class='ocr_line' id='line_1_116' title="bbox 1907 5451 3490 5542; baseline 0.017 -41"><span class='ocrx_word' id='word_1_802' title='bbox 1907 5456 2023 5502; x_wconf 89' lang='lat' dir='ltr'><strong>tuta</strong></span> <span class='ocrx_word' id='word_1_803' title='bbox 2048 5451 2325 5507; x_wconf 71' lang='lat' dir='ltr'><strong>testimare</strong></span> <span class='ocrx_word' id='word_1_804' title='bbox 2351 5454 2504 5519; x_wconf 79' lang='lat' dir='ltr'><strong>velit,</strong></span> <span class='ocrx_word' id='word_1_805' title='bbox 2539 5469 2807 5526; x_wconf 88' lang='lat' dir='ltr'><strong>quantum</strong></span> <span class='ocrx_word' id='word_1_806' title='bbox 2841 5463 2894 5516; x_wconf 92' lang='lat' dir='ltr'><strong>in</strong></span> <span class='ocrx_word' id='word_1_807' title='bbox 2921 5467 3057 5519; x_wconf 89' lang='lat' dir='ltr'><strong>mari</strong></span> <span class='ocrx_word' id='word_1_808' title='bbox 3091 5471 3244 5525; x_wconf 85' lang='lat' dir='ltr'><strong>navis</strong></span> <span class='ocrx_word' id='word_1_809' title='bbox 3280 5474 3490 5542; x_wconf 83' lang='lat' dir='ltr'><strong>optimo</strong></span> 
     </span>
    </p>
   </div>
   <div class='ocr_carea' id='block_1_117' title="bbox 1902 5542 3489 5631">
    <p class='ocr_par' dir='ltr' id='par_1_117' title="bbox 1902 5542 3489 5631">
     <span class='ocr_line' id='line_1_117' title="bbox 1902 5542 3489 5631; baseline 0.017 -38"><span class='ocrx_word' id='word_1_810' title='bbox 1902 5542 2276 5611; x_wconf 79' lang='lat' dir='ltr'><strong>gubernaculo</strong></span> <span class='ocrx_word' id='word_1_811' title='bbox 2301 5543 2568 5603; x_wconf 85' lang='lat' dir='ltr'><strong>instructa</strong></span> <span class='ocrx_word' id='word_1_812' title='bbox 2601 5552 2783 5619; x_wconf 90' lang='lat' dir='ltr'><strong>potior</strong></span> <span class='ocrx_word' id='word_1_813' title='bbox 2807 5552 2878 5607; x_wconf 89' lang='lat' dir='ltr'><strong>sit</strong></span> <span class='ocrx_word' id='word_1_814' title='bbox 2898 5568 2962 5608; x_wconf 90' lang='lat' dir='ltr'><strong>ea</strong></span> <span class='ocrx_word' id='word_1_815' title='bbox 2992 5572 3115 5625; x_wconf 66' lang='lat' dir='ltr'><strong>qua:</strong></span> <span class='ocrx_word' id='word_1_816' title='bbox 3157 5561 3277 5615; x_wconf 92' lang='lat' dir='ltr'><strong>sine</strong></span> <span class='ocrx_word' id='word_1_817' title='bbox 3310 5563 3489 5631; x_wconf 77' lang='lat' dir='ltr'><strong>clavo,</strong></span> 
     </span>
    </p>
   </div>
   <div class='ocr_carea' id='block_1_118' title="bbox 1904 5632 3485 5723">
    <p class='ocr_par' dir='ltr' id='par_1_118' title="bbox 1904 5632 3485 5723">
     <span class='ocr_line' id='line_1_118' title="bbox 1904 5632 3485 5723; baseline 0.017 -38"><span class='ocrx_word' id='word_1_818' title='bbox 1904 5632 2024 5687; x_wconf 87' lang='lat' dir='ltr'><strong>sine</strong></span> <span class='ocrx_word' id='word_1_819' title='bbox 2049 5633 2157 5688; x_wconf 90' lang='lat' dir='ltr'><strong>ulla</strong></span> <span class='ocrx_word' id='word_1_820' title='bbox 2178 5649 2363 5690; x_wconf 85' lang='lat' dir='ltr'><strong>rerum</strong></span> <span class='ocrx_word' id='word_1_821' title='bbox 2402 5640 2738 5708; x_wconf 85' lang='lat' dir='ltr'><strong>provisione.</strong></span> <span class='ocrx_word' id='word_1_822' title='bbox 2774 5647 3135 5703; x_wconf 67' lang='lat' dir='ltr'><strong>aestuantibus</strong></span> <span class='ocrx_word' id='word_1_823' title='bbox 3162 5653 3485 5723; x_wconf 69' lang='lat' dir='ltr'><strong>aSperisque</strong></span> 
     </span>
    </p>
   </div>
   <div class='ocr_carea' id='block_1_119' title="bbox 1902 5723 3485 5798">
    <p class='ocr_par' dir='ltr' id='par_1_119' title="bbox 1902 5723 3485 5798">
     <span class='ocr_line' id='line_1_119' title="bbox 1902 5723 3485 5798; baseline 0.015 -22"><span class='ocrx_word' id='word_1_824' title='bbox 1902 5723 2161 5781; x_wconf 85' lang='lat' dir='ltr'><strong>fluctibus</strong></span> <span class='ocrx_word' id='word_1_825' title='bbox 2185 5727 2410 5786; x_wconf 78' lang='lat' dir='ltr'><strong>insiliat.</strong></span> <span class='ocrx_word' id='word_1_826' title='bbox 2467 5732 2723 5791; x_wconf 83' lang='lat' dir='ltr'><strong>Profecto</strong></span> <span class='ocrx_word' id='word_1_827' title='bbox 2755 5736 3073 5793; x_wconf 85' lang='lat' dir='ltr'><strong>hominibus</strong></span> <span class='ocrx_word' id='word_1_828' title='bbox 3127 5741 3234 5795; x_wconf 90' lang='lat' dir='ltr'><strong>illis</strong></span> <span class='ocrx_word' id='word_1_829' title='bbox 3292 5744 3485 5798; x_wconf 75' lang='lat' dir='ltr'><strong>melius</strong></span> 
     </span>
    </p>
   </div>
   <div class='ocr_carea' id='block_1_120' title="bbox 1901 5817 3484 5904">
    <p class='ocr_par' dir='ltr' id='par_1_120' title="bbox 1901 5817 3484 5904">
     <span class='ocr_line' id='line_1_120' title="bbox 1901 5817 3484 5904; baseline 0.015 -34"><span class='ocrx_word' id='word_1_830' title='bbox 1901 5818 2077 5870; x_wconf 84' lang='lat' dir='ltr'><strong>multo</strong></span> <span class='ocrx_word' id='word_1_831' title='bbox 2110 5817 2309 5875; x_wconf 81' lang='lat' dir='ltr'><strong>fuisset</strong></span> <span class='ocrx_word' id='word_1_832' title='bbox 2338 5822 2487 5877; x_wconf 92' lang='lat' dir='ltr'><strong>domi</strong></span> <span class='ocrx_word' id='word_1_833' title='bbox 2512 5826 2704 5882; x_wconf 89' lang='lat' dir='ltr'><strong>sedere</strong></span> <span class='ocrx_word' id='word_1_834' title='bbox 2731 5829 3000 5898; x_wconf 80' lang='lat' dir='ltr'><strong>ingloriis,</strong></span> <span class='ocrx_word' id='word_1_835' title='bbox 3029 5831 3401 5904; x_wconf 84' lang='lat' dir='ltr'><strong>fiduciamque</strong></span> <span class='ocrx_word' id='word_1_836' title='bbox 3431 5846 3484 5893; x_wconf 89' lang='lat' dir='ltr'><strong>et</strong></span> 
     </span>
    </p>
   </div>
   <div class='ocr_carea' id='block_1_121' title="bbox 3005 5925 3084 5986">
    <p class='ocr_par' dir='ltr' id='par_1_121' title="bbox 3005 5925 3084 5986">
     <span class='ocr_line' id='line_1_121' title="bbox 3005 5925 3084 5986; baseline 0.025 -2"><span class='ocrx_word' id='word_1_837' title='bbox 3005 5925 3084 5986; x_wconf 78' lang='lat'><strong>35</strong></span> 
     </span>
    </p>
   </div>
  </div>
