4064 6462
640 371 780 437 1103
989 367 1068 438 ΙΔ.
1111 384 1166 422 τι.
1210 367 1376 434 6856,
1421 383 1526 421 ικι).
1575 367 1627 439 1]

1847 373 2277 435 NICEPHORI
2321 376 2715 436 GlLEGORE

2612 239 2660 250 ..κ

2969 373 3098 446 {me
3137 388 3184 431 3.
3227 386 3504 430 CANTACL‘l.
3540 377 3589 450 Ξ]

3723 383 3814 447 111.5.

636 489 786 542 tluvii
826 498 884 542 et
911 486 1109 540 marini
1136 487 1313 550 sinus,
1349 500 1544 556 magna
1574 499 1755 539 arente
1785 495 1840 538 et
1898 486 2017 540 limi
2060 485 2228 540 utrin-

2343 491 2435 542 καὶ
2494 489 2590 541 τοῦ
2651 491 2902 561 πορθμοῦ
2957 491 3018 544 τὸ
3074 493 3250 562 πέρας
3296 491 3460 545 ἐστίν.
3505 492 3630 544 Ἐκεῖ
3669 495 3748 560 γὰρ
3778 499 3814 562 ἐξ

635 598 741 651 que
772 579 1118 636 accumulata
1149 578 1232 634 vis
1258 581 1398 633 ostia
1433 575 1695 643 obstruit,
1721 593 1786 632 ac
1821 579 1910 632 vix
1939 585 2234 648 angustum

634 676 927 745 quemdam
958 682 1013 727 et
1035 680 1326 743 penetratu
1363 670 1644 726 difficilem
1692 671 1900 724 aditum
1931 671 2232 740 relinquit;

632 782 902 840 quantum
935 781 1134 836 nempe
1165 780 1399 819 currens
1427 763 1629 818 fluvius
1663 764 1769 818 sibi
1815 763 1930 834 ipse
1980 779 2235 820 necessa-

631 869 717 922 rio
746 863 970 935 rumpit.
1005 862 1142 916 Tota
1161 847 1294 915 vero
1323 860 1580 931 utrinque
1607 858 1842 914 latitudo
1901 875 2012 913 non
2070 858 2236 914 modo

2341 582 2851 650 ἀντιπεριστάσεως
2882 581 2992 635 τῶν
3023 582 3116 636 δύο
3166 585 3415 653 περάτων
3435 582 3520 635 τοῦ
3552 601 3602 636 τε
3640 589 3814 656 ποταμοῦ

2343 673 2436 725 καὶ
2478 671 2575 725 τοῦ
2634 672 2924 726 θαλαττίου
2994 673 3196 726 κόλπου
3249 673 3412 744 πολλὴ
3461 680 3818 748 συσσωρευομίνη

2339 766 2567 834 ψάμμος
2618 781 2678 817 τε
2728 765 2822 818 καὶ
2882 764 2998 826 ἰλὺς
3044 766 3386 836 ἑκατέρωθεν
3436 769 3526 818 καὶ
3575 769 3821 822 ὰποθιιοῦςιι

2340 863 2401 915 τὸ
2437 860 2634 928 στόμα,
2679 861 2776 913 καὶ
2821 859 2980 928 μόλις
3033 860 3228 930 στενήν
3273 876 3394 912 τινα
3440 861 3529 913 καὶ
3574 860 3822 931 δυσέμϐολον

631 959 846 1030 magnis
878 952 1200 1016 triremibus
1242 950 1510 1020 impervia
1548 959 1815 1015 remanet,
1863 949 1960 1003 sed
2009 957 2068 1003 et
2091 950 2228 1004 bire-

2338 955 2568 1023 ἀφιείσα
2589 952 2829 1022 διέχειαν
2861 951 3086 1022 βάθους,
3116 951 3252 1022 ὅσην
3285 951 3348 1022 δὴ
3379 952 3672 1023 καταρρέων
3704 956 3725 1007 ό
3753 971 3819 1008 πο-

631 1067 750 1106 mes
784 1062 1156 1120 quaecunque,
1195 1054 1248 1100 et
1294 1057 1467 1098 vacua
1514 1043 1682 1099 etiam
1724 1040 1962 1112 navigia,
2004 1049 2234 1112 propter

633 1159 789 1214 aquae
820 1137 1235 1210 supernatantis
1273 1136 1603 1205 paucitatem
1635 1137 1759 1190 illac
1779 1135 1859 1206 (ut
1883 1134 2102 1204 opinor)
2127 1134 2233 1190 dif-

635 1235 850 1291 ficulter
881 1232 1213 1303 plerumque
1252 1229 1592 1282 transierint.
1621 1227 1882 1298 Reliquas
1915 1242 2047 1282 vero
2069 1227 2230 1294 duas,

631 1337 688 1382 ct
709 1341 804 1382 eas
829 1340 951 1394 quae
980 1331 1255 1376 vetustate
1295 1320 1608 1374 laborantes
1635 1320 1984 1374 novabantur
2028 1319 2083 1374 in
2118 1335 2235 1376 me-

631 1424 764 1484 lius,
795 1417 1012 1473 hostilis
1053 1414 1273 1469 flamma
1296 1412 1467 1485 848
1488 1413 1798 1484 absumpsit
1830 1413 1922 1467 illa
1982 1412 2074 1468 die
2106 1429 2232 1468 cum

631 1516 850 1573 caateris
872 1515 1154 1580 omnibus,
1186 1528 1307 1584 quae
1338 1521 1582 1566 cremata
1615 1519 1766 1566 sunt.

2345 1050 2522 1117 ταμὸς
2580 1045 2641 1110 ἐξ
2684 1045 2934 1113 ἀνάγκης
2982 1045 3270 1114 ῥήγνυσιν,
3314 1045 3632 1112 ἑκατέρωθεν
3667 1047 3716 1099 τὸ
3757 1050 3825 1100 πᾶν

2335 1138 2494 1209 εὖρος
2533 1136 2737 1191 ἄϐατον
2763 1136 2825 1188 ού
2856 1136 3018 1205 μόνον
3054 1135 3322 1204 μεγάλαις
3351 1135 3643 1189 καταλείπει
3669 1140 3822 1209 τριήρε-

2339 1240 2446 1294 σιν,
2501 1229 2640 1283 ἀλλὰ
2693 1230 2788 1282 καὶ
2843 1229 2945 1281 ὅσα
2996 1228 3204 1298 δίκροέ
3257 1229 3322 1281 ἂν
3353 1229 3439 1298 εἴη
3486 1229 3574 1282 καὶ
3619 1232 3728 1284 κενὰ
3753 1232 3822 1284 τῶν

2338 1323 2566 1389 πλοίων,
2595 1321 2685 1375 διὰ
2715 1321 2814 1392 τὴν
2848 1320 2943 1374 τοῦ
2997 1319 3418 1386 ἐπιπολάζοντος
3473 1321 3646 1385 ὕδατος
3688 1321 3829 1393 βραχυ-

2338 1433 2502 1487 τητα,
2534 1415 2630 1468 καὶ
2654 1413 2830 1468 ταῦτα
2866 1414 3244 1485 δυσπόρευτον
3293 1409 3448 1481 οῐμαι
3494 1414 3555 1467 ἂν
3591 1415 3676 1484 τὴν
3715 1416 3826 1470 δίοδον
3858 1437 3862 1444 ·

2339 1507 2454 1578 ἐχοι
2479 1507 2554 1570 ὠς
2597 1505 2668 1558 τὰ
2701 1505 2910 1560 πολλὰ,
2934 1506 3001 1557 Δί
3035 1505 3080 1558 δ’
3129 1505 3318 1573 ⁹ἑτεραι
3373 1503 3464 1555 δύο
3501 1505 3627 1573 μετὰ
3667 1503 3826 1556 καὶτῶν

634 1610 1105 1680 ἐγκαινιζομένων
1168 1609 1232 1659 ὲκ
1291 1605 1658 1675 παλαιότητος
1729 1605 1825 1658 ἐπὶ
1898 1606 1961 1660 τὸ
2016 1604 2230 1676 βέλτιον
2269 1602 2537 1674 πολεμίου
2567 1601 2741 1672 πυρὸς
2805 1600 2971 1670 ἔργον
3035 1597 3172 1668 ἐμοῦ
3200 1601 3312 1661 τοῖς
3339 1597 3672 1668 φλεγομένοις
3697 1599 3830 1651 ἅπασιν

631 1708 814 1778 ἐκείνῃ
856 1705 1181 1775 γεγένηνται
1215 1705 1282 1773 τῇ
1321 1701 1526 1772 ἡμέρᾳ.

703 1803 789 1858 Ill.
833 1801 981 1854 Nihil
1013 1799 1199 1868 itaque
1240 1797 1431 1852 hostes
1455 1798 1737 1866 lcunetati,
1799 1799 2025 1868 quando
2084 1797 2238 1854 omni
2273 1803 2317 1862 Β

627 1898 954 1952 fruebantur
986 1903 1042 1947 et
1069 1901 1500 1962 quantacunque
1531 1891 1790 1946 volebant
1817 1891 2060 1958 licentia,
2083 1892 2236 1947 nullo

625 1991 817 2046 labore
844 1985 1303 2048 transvehuntur,
1337 1992 1393 2037 et
1430 1989 1597 2037 totam
1650 1997 1875 2053 quoque
1923 1983 2232 2052 oppositam

625 2097 776 2137 oram
824 2079 1156 2135 incendunt.
1188 2075 1269 2130 Ac
1299 2083 1432 2130 tunc
1463 2075 1607 2129 forte
1639 2074 1941 2130 violentior
1972 2075 2043 2129 ab
2078 2084 2234 2129 arcto

625 2179 891 2248 ingruens
915 2184 1117 2228 ventus
1150 2184 1276 2226 eum
1311 2168 1505 2224 urbem
1536 2168 1710 2222 multo
1751 2178 1805 2223 et
1841 2168 2034 2239 rapido
2056 2169 2231 2230 fumo,

623 2281 741 2326 tuin
774 2265 972 2338 majori
1002 2264 1194 2320 dolore
1218 2261 1424 2318 civium
1458 2260 1627 2316 corda
1671 2261 1953 2330 implevit,
1990 2268 2234 2330 quantus

621 2362 882 2417 videlicet
935 2360 982 2412 is
1038 2360 1147 2421 est,
1195 2371 1360 2427 quem
1391 2353 1636 2410 dedecus
1670 2353 1834 2410 simul
1868 2362 1924 2407 et
1968 2353 2229 2412 damnum

621 2454 865 2526 pariunt.
895 2451 966 2505 Et
994 2449 1187 2504 videre
1208 2459 1328 2502 erat
1362 2461 1470 2501 una
1501 2445 1592 2500 die
1619 2446 1951 2501 exteriorem
2009 2460 2230 2498 omnem

624 2548 784 2603 urbis
811 2535 1070 2601 ornatum
1097 2543 1284 2597 statim
1313 2541 1581 2605 deletum,
1617 2540 1688 2593 ita
1726 2548 1784 2592 ut
1823 2539 2110 2592 hominum
2144 2553 2232 2593 sa-

623 2641 846 2698 niorum
880 2637 1057 2694 oculis
1091 2636 1345 2708 lacrymte
1380 2634 1687 2688 cierentur.

693 2822 783 2880 IV.
823 2820 934 2875 Nec
961 2831 1093 2872 vero
1131 2815 1209 2871 illi
1245 2816 1348 2872 hoc
1372 2817 1594 2882 solum;
1645 2817 1739 2870 sed
1775 2826 1830 2869 et
1857 2815 1997 2886 palis
2030 2830 2228 2884 quain-

621 2917 878 2990 plurimis
925 2925 982 2970 et
1033 2913 1215 2968 omnis
1271 2911 1492 2980 generis
1536 2909 1816 2962 asseribus
1871 2908 2036 2976 longo
2099 2917 2228 2958 ante

621 3011 860 3084 provisis
945 2992 1093 3061 nun‘c
1154 3004 1378 3058 demum
1439 3002 1580 3056 ultra
1669 2999 1938 3070 pristinos
2019 2997 2228 3052 limites

622 3085 830 3159 mmirla
864 3107 1217 3171 promovent,
1246 3104 1301 3150 et
1331 3094 1566 3148 multum
1631 3089 1794 3162 spatii
1854 3105 1950 3159 per
1987 3087 2225 3142 editiora

2415 1795 2502 1867 [Ρ.
2527 1792 2656 1865 554]
2676 1789 2750 1849 Γ’.
2781 1792 2964 1860 Μηδὲν
2985 1791 3031 1843 δ’
3054 1786 3148 1844 οῦν
3182 1791 3230 1844 οἱ
3259 1790 3508 1858 πολέμιοι
3532 1789 3830 1858 μελλήσειντες.

2341 1889 2468 1943 ἐπεί
2515 1904 2572 1956 γε
2603 1887 2790 1948 ἀδείας
2831 1886 3055 1955 ἁπάσης
3075 1921 3091 1946 ,
3122 1883 3326 1953 ὁπόσης
3361 1881 3660 1944 ἐϐούλοντο,
3691 1880 3831 1947 σςόὸρι

2340 1982 2638 2045 ἀπέλαυον,
2671 1980 2907 2046 ἀπονητὶ
2955 1979 3244 2039 διαϐάντες
3300 1975 3614 2045 ἐμπιπρῶσι
3662 1976 3736 2026 καὶ
3770 1975 3830 2042 τὴν

2340 2078 2517 2150 πέραν
2551 2079 2770 2130 ἃπασαν
2818 2074 3023 2142 ὁμοίιος
3075 2070 3362 2141 παράλιον.
3403 2069 3616 2140 Πνεῦμα
3657 2067 3702 2120 δὲ
3743 2067 3833 2119 κατὰ

2337 2170 2511 2239 τύχην
2554 2166 2649 2220 ἀπ’
2679 2163 2888 2236 ἄρκτου
2939 2162 3141 2232 ρεῦσαν
3181 2160 3540 2230 σφοδρότερον
3569 2155 3733 2238 πολλοῦ
3772 2155 3831 2223 μὲν

2337 2265 2435 2317 καὶ
2487 2261 2684 2332 ταχέος
2745 2259 3016 2330 ἐνέπλησε
3087 2261 3186 2331 τὴν
3241 2261 3372 2314 τῶνι
3408 2257 3692 2322 Βυζαντίων
3731 2255 3833 2307 πόλιν

2337 2355 2573 2420 καπνοῦ,
2599 2354 2848 2417 πλείονος
2904 2355 2961 2408 δὲ
3013 2353 3113 2426 τὴν
3156 2355 3390 2424 καρδίαν
3430 2355 3528 2424 τῆς
3561 2352 3728 2419 λύπης,
3748 2352 3832 2412 ὅσην

2335 2446 2600 2518 αἰσχύνης
2627 2447 2676 2500 θ’
2709 2447 2849 2516 ὁμοῦ
2893 2446 2990 2500 καὶ
3020 2445 3227 2517 ζημίας
3255 2448 3604 2516 προΐσχουσιν
3645 2443 3832 2503 abluta

2337 2541 2448 2593 Kal.
2481 2535 2550 2612 ἦν
2581 2541 2710 2593 ἰδεῖν
2736 2541 3062 2610 αὐθημερὸν
3087 2541 3180 2604 τὸν
3208 2540 3316 2604 ἔξω
3363 2541 3542 2594 πάντα
3581 2540 3752 2605 κόσμον
3771 2536 3833 2600 τῆς

2335 2630 2546 2692 πόλεως
2595 2630 2654 2682 ὲν
2713 2628 2913 2700 βραχεῖ
2973 2629 3388 2699 μαραινόμενόν
3442 2644 3500 2681 τε
3555 2628 3642 2680 καὶ
3683 2624 3835 2694 δάκρυε

2334 2721 2786 2792 προκαλούμενον
2819 2721 3065 2774 συνετῶν
3088 2721 3261 2789 όφθα).
3271 2721 3414 2791 μῶν.

2404 2817 2481 2869 Δ’.
2519 2815 2593 2866 Ού
2634 2815 2797 2884 μόνον
2825 2814 2902 2878 δὲ,
2937 2813 3075 2868 ἀλλὰ
3118 2816 3215 2866 καὶ
3260 2811 3632 2884 χαρακώματα
3674 2809 3835 2862 πλεῖστα

2333 2910 2430 2961 καὶ
2469 2906 2691 2969 σανίδας
2726 2906 2993 2962 παντοίας
3032 2906 3567 2976 προετοιμασάμενοι
3606 2900 3832 2975 πόρρωθεν,

2331 3004 2391 3054 ὲν
2415 3002 2592 3071 τούτῳ
2622 3001 2717 3055 τοῦ
2749 3002 2944 3070 χρόνου
2999 3001 3069 3053 τὰ
3100 3001 3256 3072 τείχη
3310 3000 3422 3053 τῶν
3456 3001 3710 3070 προτέρων
3738 3006 3833 3061 παρ’

2333 3092 2658 3156 εκϐαλόντες
2709 3093 2873 3162 ὅρων,
2928 3090 3126 3145 πολλοῦ
3183 3107 3332 3156 τινος
3398 3091 3672 3160 ἐδράξαντο
3719 3085 3830 3137 τόπον

621 3204 897 3264 occupant
923 3209 938 3259 ;
964 3205 1201 3259 eumque
1243 3189 1426 3243 locum
1459 3184 1672 3241 crebris
1727 3191 1784 3238 et
1817 3179 2225 3250 multiplicibus

2338 3189 2475 3256 πρὶς
2513 3186 2626 3240 τῶν
2674 3188 3134 3257 μετεωροτὲρων·
3184 3185 3244 3238 ὃν
3291 3185 3359 3257 δὴ
3421 3185 3623 3246 στύλοις
3673 3177 3830 3235 πυκνοῖς

561 3305 568 3312 ‘
619 3289 762 3360 palis
782 3285 1080 3348 obvallant,
1118 3299 1181 3337 ac
1220 3279 1612 3349 triangularent
1667 3275 1722 3328 in
1752 3274 1983 3328 fomlam
2031 3281 2225 3327 exten-

621 3381 797 3443 dunt;
834 3390 948 3431 tum
981 3388 1222 3444 superne
1255 3370 1469 3426 tabulas
1520 3367 1854 3438 impingunt,
1897 3381 1960 3420 ac
2019 3381 2225 3435 prepu-

621 3471 985 3544 gnaculorum
1034 3476 1088 3522 ct
1119 3464 1397 3520 aeriarum
1435 3459 1872 3531 ambulationum
1905 3455 2079 3510 instar
2103 3457 2225 3509 al'li-

619 3574 778 3637 gunt.
799 3563 1026 3618 Summa
1047 3558 1242 3614 deinde
1266 3553 1551 3625 diligentia
1577 3560 1633 3607 et
1652 3551 1821 3607 multa
1855 3564 2019 3603 manu
2047 3555 2219 3601 totum

619 3659 1058 3725 circumquaque
1089 3647 1439 3706 territorium
1474 3644 1618 3700 fossa
1647 3644 1898 3712 cingunt,
1925 3641 2023 3695 viri
2055 3640 2220 3696 simul

619 3761 677 3807 et
737 3741 996 3812 feininaa,‘
1042 3743 1170 3800 totis
1223 3739 1482 3796 noctibus
1524 3737 1847 3808 vigilantes;
1911 3743 2098 3804 atque,
2161 3745 2220 3790 ut

618 3860 762 3916 opus
787 3840 1119 3902 accelerent,
1159 3835 1375 3892 nullum
1425 3832 1603 3888 noctis
1653 3845 1716 3886 ac
1742 3829 1852 3920 d/iei
1920 3829 2218 3884 discrimen

612 3951 845 4018 statuun
855 3945 892 3991 ι.

698 4118 758 4171 V.
786 4114 1015 4171 Crebris
1058 4110 1280 4167 interim
1343 4105 1853 4180 oppugnationibus
1910 4103 2218 4160 sollicitata:

619 4210 870 4284 Byzantii
900 4217 1093 4276 portae.
1128 4213 1179 4257 et
1211 4201 1516 4261 praesertim
1541 4200 1648 4256 illa:
1668 4215 1862 4266 naves,
1898 4213 2036 4269 quas
2068 4213 2099 4252 a
2123 4214 2217 4252 na-

617 4303 840 4360 varchis
886 4299 1190 4356 subductas
1210 4304 1376 4365 atque
1403 4293 1460 4347 in
1493 4303 1674 4347 tutum
1707 4300 1955 4360 receptas
1992 4298 2049 4344 et
2073 4304 2214 4359 prae-

619 4399 762 4456 sidio
793 4397 1032 4450 munitas
1057 4391 1323 4445 diximus.
1357 4385 1464 4441 Sed
1493 4383 1770 4456 Byzantiis
1800 4381 1969 4454 8&9
1997 4381 2216 4437 fortiter

619 4485 1114 4563 prepugnantibus,
1152 4480 1398 4549 undique
1419 4476 1497 4532 illi
1525 4475 1962 4546 repellebantur,
2000 4474 2215 4529 multis-

619 4548 1083 4656 quenvt‘ilneribus
1107 4548 1353 4638 acceptis
1389 4569 1746 4624 recedebant.
1807 4567 2015 4622 Verum
2047 4567 2213 4622 iidem
2253 4548 2295 4602 Ῑ)

621 4675 790 4733 maris
822 4671 1054 4742 imperio
1082 4666 1268 4739 potiti,
1304 4666 1378 4719 ita
1417 4673 1476 4718 ut
1517 4662 1776 4717 volebant
1813 4669 1867 4715 et
1899 4669 1960 4715 ut
2006 4661 2216 4731 pridem

624 4765 919 4824 machinati
941 4764 1186 4824 fuerant,
1247 4774 1355 4814 non
1385 4755 1551 4812 modo
1610 4757 1895 4810 universas
1968 4768 2222 4824 compre-

622 4861 944 4918 hendebant
999 4855 1286 4912 onerarias
1339 4867 1532 4916 naves,
1569 4867 1692 4920 quae
1730 4851 1800 4906 ab
1860 4851 2218 4922 Hellesponto

624 4954 950 5028 Byzantium
984 4948 1245 5004 advenire
1271 4946 1637 5013 festinarent;
1662 4943 1758 5000 sed
1785 4955 1842 5000 et
1872 4957 2219 5016 quaecunque

623 5066 690 5103 ex
725 5048 900 5101 Ponto
927 5042 1148 5098 Euxino
1197 5042 1535 5094 frumentum
1572 5037 1935 5104 adveherent,
1991 5051 2086 5094 eas
2125 5051 2221 5106 pa-

626 5143 760 5195 riter
783 5151 977 5192 omnes
1037 5143 1228 5203 portus
1271 5145 1493 5186 accessu
1534 5129 1804 5184 arcebant
1851 5129 2216 5199 diripiebant-

623 5249 764 5304 quc;
791 5230 1107 5296 factumque
1149 5225 1298 5285 inde,
1357 5232 1416 5277 ut
1441 5224 1706 5278 frumenti
1737 5234 1792 5278 et
1820 5223 2051 5277 aliarum
2129 5239 2215 5277 re-

622 5341 745 5380 rum
781 5319 1216 5378 necessariarum
1253 5316 1436 5384 inopia
1471 5315 1524 5368 in
1559 5315 1693 5370 urbe
1723 5314 2037 5370 exsisteret.

705 5510 790 5564 Vl.
835 5503 1159 5576 lmperatrix
1186 5507 1372 5556 autem
1410 5499 1588 5565 lrcne,
1625 5500 1715 5555 cui
1749 5499 1896 5556 istud
1933 5503 2213 5570 negotium

621 5603 972 5676 repentinum
1000 5597 1301 5662 acciderat,
1329 5610 1454 5649 cum
1479 5610 1546 5649 ex
1571 5595 1721 5649 omni
1753 5604 1909 5664 parte
1939 5610 2216 5650 commea-

620 5713 710 5754 tus
752 5704 939 5752 essent
971 5690 1282 5754 interclusi,
1335 5688 1528 5760 paucis
1581 5687 1875 5754 militibus,
1925 5688 2020 5758 qui
2071 5688 2211 5743 forte

617 5793 871 5850 aderant,
920 5784 1158 5840 Manueli
1206 5782 1318 5836 lilio
1353 5781 1476 5835 urbi
1517 5791 1630 5844 tum
1671 5782 1930 5849 praefecto
1971 5782 2208 5848 traditis,

622 5885 774 5954 iubet
809 5882 1130 5953 Byzantium
1177 5877 1494 5945 circumire,
1533 5884 1587 5931 et
1625 5877 1690 5930 ad
1731 5876 1944 5931 hostem
1978 5878 2210 5949 propul-

2336 3282 2431 3334 καὶ
2465 3282 2826 3344 πολυπλόκοις
2869 3280 3385 3350 διασταυρώσαντές
3416 3296 3473 3332 τε
3504 3278 3592 3331 καὶ
3621 3268 3834 3342 παρεκτεί-

2333 3391 2528 3437 ναντες
2566 3377 2622 3438 ἐς
2668 3375 2939 3446 τρίγωνον
2977 3360 3187 3444 σχῆμα,
3219 3373 3316 3425 καὶ
3357 3373 3444 3425 ἐπ’
3484 3371 3653 3430 αὐτοῖς
3683 3361 3834 3419 σανίδες

2333 3467 2630 3529 ὲλάσαντές
2683 3483 2743 3519 τε
2792 3469 2886 3520 καὶ
2929 3466 3393 3539 προσηλώσαντες
3449 3465 3598 3533 δίκην
3632 3459 3831 3520 ἐπάλξεωι

2331 3564 2429 3613 καὶ
2487 3558 2746 3629 αἰθερίων
2796 3560 3138 3630 περιπάτων,
3191 3553 3310 3612 εἶτα
3365 3557 3566 3626 σπουδῇ
3617 3548 3832 3606 καὶπθὶυ·

2329 3649 2516 3721 χειρία
2568 3650 2752 3702 πᾶσαν
2797 3649 2894 3718 τὴν
2943 3647 3133 3718 κύκλῳ
3183 3646 3642 3718 περιταφρεύουσι
3686 3641 3832 3712 χώραν,

2329 3745 2528 3817 ἄνδρες
2579 3743 2716 3816 ὁμοῦ
2769 3747 2863 3796 καὶ
2915 3743 3202 3810 γυναῖκες,
3235 3741 3368 3802 ὅλας
3418 3735 3831 3799 νύκτας,ὰΰπνου;

2329 3837 2708 3901 διατελοῦντες
2754 3837 2852 3891 καὶ
2901 3834 3073 3907 μηδὲν
3118 3835 3229 3887 τῶν
3278 3835 3507 3904 ἡμερῶν
3550 3827 3831 3898 διαφερούςας

2327 3931 2645 3995 δεικνύντες
2719 3931 2779 3993 ἐς
2855 3928 2956 3998 τὴν
3029 3923 3587 3994 κατεσπουδασμένην
3639 3914 3830 3988 ὲργαπεαν

2328 4024 2568 4093 ἐκείνην.

2403 4116 2478 4171 E"
2525 4116 2615 4170 Ἑν
2646 4115 2820 4186 τοὺτῳ
2860 4115 3054 4185 συὶ(ναῖ
3086 4112 3392 4183 προσϐολαὶ
3422 4111 3560 4165 κατὰ
3585 4107 3680 4160 τῶν
3706 4097 3830 4154 πυλῶν

2327 4211 2430 4281 τῆς
2459 4209 2670 4272 πόλεως
2703 4209 2972 4277 ἐγίνοντο,
3003 4209 3100 4260 καὶ
3131 4205 3366 4276 μάλιστα
3417 4207 3555 4257 κατὰ
3597 4201 3690 4253 τῶν
3726 4197 3830 4262 εἰμ’

2331 4304 2508 4373 μένων
2537 4301 2693 4367 νεῶν,
2730 4300 2817 4367 ἃς,
2856 4300 2930 4363 ὡς
2964 4300 3306 4370 εἰρήκειμεν,
3331 4300 3382 4350 οἱ
3416 4297 3666 4365 ναύαρχοι
3693 4285 3829 4342 καθεὶ-

2325 4395 2597 4452 κύσαντες
2649 4395 2729 4458 εἰς
2784 4392 3092 4461 ἀσφάλειαν
3145 4392 3360 4463 ἢγαγόν
3408 4409 3468 4444 τε
3513 4389 3599 4442 καὶ
3639 4376 3830 4453 ’φρουρὰν

2327 4491 2458 4560 περὶ
2517 4487 2690 4549 αὑτὰς
2747 4485 3007 4555 ἔστησαν.
3074 4485 3468 4554 Ἀμυνομένων
3515 4481 3558 4534 δ’
3611 4473 3830 4546 εὐρώστως

2323 4584 2432 4637 τῶν
2463 4580 2806 4647 Βυζαντίων,
2861 4578 3216 4650 ὲξεκρούοντο
3253 4576 3586 4648 πανταχόθεν
3625 4573 3706 4624 καὶ
3728 4561 3829 4628 ειπῂ-

2324 4693 2456 4731 εσαν
2489 4675 2786 4746 τραύματα
2817 4674 3049 4726 πλεῖστα
3091 4671 3360 4733 λαϐόντες
3381 4687 3394 4702 ·
3429 4671 3562 4738 πλὴν
3592 4669 3666 4720 ὅτι
3693 4660 3828 4712 Gaia:-

2327 4769 2798 4836 τοκρατήσαντες,
2833 4766 2909 4828 ὡς
2933 4764 3222 4817 ἐϐούλοντό
3252 4779 3309 4815 τε
3341 4764 3438 4816 καὶ
3490 4760 3646 4814 πάλαι
3681 4759 3830 4821 ἐμη1²’

2323 4863 2515 4925 νῶντο,
2543 4861 2602 4912 ού
2641 4860 2800 4928 μόνον
2853 4859 3030 4921 πάσας
3081 4856 3397 4928 ἐχειροῦντο
3442 4855 3538 4917 τὰς
3574 4851 3627 4915 ἐξ
3662 4845 3827 4908 Ἑλλητ·

2322 4955 2519 5006 πόντου
2556 4951 2846 5022 καταίρειν
2875 4953 2931 5012 ἐς
2960 4949 3259 5014 Βυζάντιον
3305 4945 3656 5016 ἐπειγομένοις
3683 4948 3827 5006 φορτη’

2321 5045 2452 5112 γοὺς
2486 5044 2643 5112 νῆας,
2668 5043 2806 5096 ἀλλὰ
2845 5044 2940 5095 καὶ
2970 5043 3094 5095 ὃσαι
3124 5042 3224 5112 τὴν
3249 5039 3602 5110 σιτοπομπίαν
3632 5026 3825 5099 ἐκόμιζον

2324 5141 2388 5190 ὲκ
2421 5137 2512 5191 τοῦ
2550 5137 2828 5200 Εὐξείνου,
2870 5136 3052 5198 πάσας
3085 5138 3282 5206 ἐπίσης
3323 5133 3506 5204 εἶργον
3543 5129 3626 5184 τοῦ
3657 5124 3823 5179 εἴσπλου

2321 5233 2420 5284 καὶ
2473 5227 3032 5300 ὲξτινὸραποδξζοντο’
3085 5229 3163 5290 ὡς
3204 5228 3455 5281 ἐντεῦθεν
3505 5226 3680 5277 σπάνιν
3716 5218 3826 5279 ἐγγε-

2322 5320 2510 5373 νέσθαι
2536 5322 2604 5389 τῇ
2643 5317 2798 5370 πόλει
2834 5319 2984 5370 σίτου
3027 5320 3121 5370 καὶ
3151 5318 3260 5370 τῶν
3301 5319 3470 5379 ἄλλως
3499 5316 3706 5382 ἐχόντων
3738 5305 3822 5355 ἐπι·

2321 5415 2444 5483 τηδε
2455 5414 2568 5467 ίων.

2394 5509 2485 5575 (ζ’.
2534 5509 2596 5561 'll
2621 5509 2677 5562 δὲ
2713 5507 2872 5578 βασιλ
2899 5523 2925 5571 ς
2957 5507 3186 5578 Εἰρήνη,
3215 5507 3311 5560 τοῦ
3355 5503 3658 5570 πράγματος
3697 5491 3822 5552 ali?“

2317 5601 2432 5653 δίου
2471 5601 2939 5670 συμπεπτωκότος
2990 5599 3127 5670 αὐτῇ
3183 5601 3275 5651 καὶ
3321 5599 3425 5652 τῶν
3452 5591 3698 5664 προσόδων
3723 5585 3816 5632 ἀπο·

2318 5692 2725 5760 κεκλεισμένων
2776 5692 3133 5761 πανταχόθεν,
3171 5689 3506 5761 στρατιώτας
3545 5685 3631 5754 μὲν
3658 5674 3813 5736 ὀλίγους

2317 5789 2380 5838 ὲκ
2433 5785 2541 5838 τῶν
2603 5785 3029 5854 παρατυχόντων
3085 5784 3252 5837 δοῦσα
3315 5784 3388 5852 τῷ
3446 5781 3536 5848 υἱῲ
3588 5765 3814 5828 Μινονίῖλν

3746 5870 3813 5891 ρι-

3775 5894 3790 5904 ὀ

2317 5879 2598 5948 ἐπιτρόπῳ
2647 5878 2951 5949 τηνικαῦτὰ
3004 5895 3064 5947 γε
3110 5878 3223 5933 ὖντι
3274 5880 3376 5933 τῶν
3425 5871 3715 5938 Βυζαντίων»
3746 5878 3772 5912 π
