4064 6460
598 374 734 440 Illi
887 376 963 447 [Α.
1001 392 1061 430 ιι.
1102 376 1264 442 6857,
1308 394 1417 433 txn.
1460 380 1519 452 Ξ]
1817 383 2203 456 NICEPHOR

2161 384 2239 443 BI
2278 381 2661 443 GREGORIE
2937 373 3069 446 [ιιιρ.
3109 390 3153 429 ι.
3193 387 3464 429 cannam.
3492 370 3543 444 εὶ]
3665 377 3764 443 1112

488 482 501 491 ’
594 496 814 551 cuniam
865 511 959 551 vos
1010 505 1067 552 et
1117 513 1291 560 arma.
1341 509 1565 570 praptcr
1625 501 1949 574 principalis
2000 518 2093 557 am

2164 503 2178 556 i
2212 509 2257 562 Α
2286 502 2411 565 θεν,
2440 501 2531 554 διὰ
2581 500 2680 570 τὴν
2724 498 2832 551 τῶν
2873 496 3172 564 βασιλικῶν
3227 494 3545 564 πρυτανείων
3597 497 3764 561 σπάνιν,

591 589 903 658 penuriam,
941 589 1011 644 de
1049 589 1213 644 domo
1252 606 1525 661 quemque
1551 595 1991 661 contributuros.
2025 604 2083 647 ut
2114 602 2170 648 et

2162 610 2170 646 ‘.
2280 592 2416 660 πρὸς
2445 589 2789 661 κατασκευὴν
2823 589 2933 659 (98)
2967 590 3061 643 καὶ
3107 587 3364 642 σύστασιν
3396 588 3625 655 ναυτικῆς
3650 589 3767 642 δυνά-

510 716 519 723 -
590 680 784 735 amicis
806 680 959 736 cbari
988 692 1039 736 et
1067 681 1320 736 hostibus
1347 683 1626 737 metuendi
1659 699 1927 739 essemus.
1961 685 2115 738 Deiot

2165 706 2169 733 ι
2284 694 2468 745 μεως’
2510 679 2598 732 ἵνα
2625 696 2684 732 τε
2732 681 2848 742 τοῖς
2891 679 2991 747 μὲν
3025 677 3201 746 φίλοις
3243 669 3388 740 ὦμεν
3436 676 3664 732 ποθεινοὶ.
3689 682 3770 740 τοῖς

588 770 813 826 domum
836 787 1030 827 omnes
1052 788 1177 827 cuni
1198 773 1493 836 abiissetis.
1514 774 1723 828 nemini
1755 785 1997 830 vestrum
2021 791 2169 830 cura:

2278 770 2324 823 δ’
2364 768 2581 839 ἐχθροῖς
2610 770 2835 840 φοϐεροί
2861 784 2876 800 '
2909 768 3083 822 ἔπειτ’
3132 768 3311 821 οἶκαδε
3357 769 3514 820 πᾶσιν
3546 769 3774 839 ἀναχωρή-

588 859 714 926 fuit,
748 862 1049 934 quidquam
1080 865 1261 920 facere
1290 881 1479 920 earum
1514 882 1721 932 rerum,
1759 882 1895 938 quas
1929 867 2168 936 propriae

2167 894 2168 900 η
2281 879 2441 914 σασιν
2470 862 2571 915 οὐκ
2614 862 2881 931 ἐμέλησεν
2919 862 3100 916 οὐδενὶ
3153 862 3281 929 περὶ
3312 859 3514 923 ούδενδς
3538 856 3602 913 ὧν
3632 864 3772 929 ἐπηγ-

590 953 848 1009 utilitatis
904 970 1069 1010 causa
1124 956 1366 1013 facturos
1414 972 1515 1013 vos
1565 959 1961 1028 promisissetis
2004 978 2019 1014 :
2069 960 2165 1015 sed

2277 952 2532 1021 γείλασθε
2582 954 2716 1023 δρᾷν
2749 956 2844 1007 ἐπὶ
2874 953 2952 1023 τῷ
2984 954 3133 1022 σφῶν
3171 954 3349 1006 αὐτῶν
3383 952 3624 1022 ὠφελίμῳ
3644 971 3657 984 ⁵
3687 954 3771 1006 ἀλλ’

585 1042 755 1098 verba
783 1054 966 1100 vestra
999 1046 1053 1099 in
1088 1047 1301 1117 ignotos
1343 1050 1492 1105 aeris
1535 1058 1744 1105 tractus
1785 1067 1933 1106 aurae
1982 1052 2166 1107 statim

2275 1041 2447 1116 αὖραί
2489 1064 2635 1110 τινες
2678 1048 2805 1110 τοὺς
2843 1048 3143 1115 ὑμετέρους
3176 1045 3366 1113 λόγους
3414 1046 3560 1114 ἀέρος
3602 1047 3778 1109 κόλποις

587 1134 947 1192 distulerunt.
984 1138 1054 1192 At
1088 1155 1257 1200 nunc,
1286 1156 1411 1194 cum
1444 1141 1515 1195 ob
1553 1142 1743 1196 oculos
1775 1142 1950 1210 posita
1983 1142 2167 1199 intue-

2277 1138 2493 1209 ἀδήλοις
2529 1138 2791 1209 ἐξαπίνης
2819 1138 3218 1209 διεμερίσαντο.
3253 1136 3365 1189 Νῦν
3397 1135 3485 1189 οὖν
3508 1136 3603 1205 πρὸ
3625 1137 3779 1204 ὀφθαλ-

488 1240 493 1245 '
586 1225 722 1279 mini
755 1241 841 1294 ea,
876 1243 998 1297 qua:
1024 1229 1243 1284 illorum
1285 1244 1595 1300 temporum
1643 1232 1973 1302 negligentia
2006 1234 2093 1289 nol

2281 1232 2400 1302 μῶν
2464 1232 2697 1301 κείμενα
2754 1231 3048 1303 βλέποντες
3110 1229 3146 1285 ἃ
3198 1230 3558 1299 προύξένησεν
3604 1231 3779 1299 mihi;

586 1318 819 1383 invexit,
867 1320 925 1373 in
971 1319 1137 1391 855
1185 1322 1305 1392 ipso
1353 1324 1546 1378 saltem
1603 1324 1861 1390 articulo,
1904 1328 2167 1396 periculis

2274 1312 2388 1375 τότ’
2448 1322 2682 1391 ἀμέλεια
2737 1321 3039 1391 σκέψασθε,
3091 1320 3146 1373 τί
3195 1320 3280 1374 δεῖ
3336 1321 3485 1390 δρᾷν,
3523 1319 3606 1371 ἐπὶ
3653 1319 3778 1387 ξυροῦ

584 1407 697 1477 jam
748 1408 1100 1475 instantibus,
1135 1419 1191 1465 et
1235 1411 1403 1481 capiti
1458 1427 1582 1466 cum
1635 1414 1874 1469 violenta
1927 1416 2164 1486 quadam

2275 1405 2462 1467 λοιπὸν
2508 1414 2618 1467 τῶν
2676 1415 2863 1467 κακῶν
2914 1413 3218 1483 ἱσταμένων
3265 1413 3362 1466 καὶ
3410 1412 3543 1481 ὑπὲρ
3590 1410 3780 1479 κεφαλῆς

588 1508 646 1552 et
681 1498 983 1555 inevitabili
1038 1501 1365 1582 necessitate
1400 1503 1868 1572 impendentibus,
1901 1506 2035 1576 quid
2067 1522 2167 1563 vos

2275 1507 2411 1577 ἡμῖν
2459 1505 2853 1576 αἰωρουμένων
2899 1505 2955 1567 ἐς
2986 1505 3047 1559 τὸ
3102 1504 3275 1575 βίαιόν
3325 1521 3385 1557 τε
3432 1505 3522 1557 καὶ
3563 1502 3779 1570 ἄφυκτον.

589 1588 770 1645 facere
794 1600 1046 1660 oporteat
1071 1592 1443 1648 considerate.
1479 1593 1689 1649 Videtis
1715 1595 1921 1665 quippe
1954 1597 2010 1649 in
2044 1611 2163 1651 ma-

2286 1596 2483 1668 Ὀρᾶτε
2513 1597 2644 1668 γὰρ,
2675 1596 2751 1660 ὡς
2790 1598 2848 1649 ἐν
2886 1599 3004 1658 ταῖς
3051 1594 3452 1658 ἐπιθαλαττίοις
3497 1593 3681 1659 πόλεσι,
3714 1595 3783 1646 καὶ

587 1680 789 1737 ritimis
840 1681 1179 1748 civitatibus,
1227 1693 1394 1754 atque
1436 1685 1491 1740 in
1531 1687 1633 1741 hac
1670 1687 1906 1741 maxime
1943 1689 2165 1747 urbium

2279 1689 2518 1758 μάλιστα
2551 1688 2743 1742 πασῶν
2768 1690 2833 1759 τῇ
2877 1687 3110 1757 βασιλίδι
3154 1687 3326 1758 ταύτῃ
3359 1690 3463 1741 τῶν
3515 1686 3713 1748 πόλεων,
3736 1684 3783 1738 ἂν

585 1771 858 1843 principe,
890 1773 935 1829 si
981 1774 1107 1843 quis
1140 1790 1208 1829 cx
1241 1775 1495 1832 hostibus
1530 1778 1824 1848 imperium
1873 1779 2040 1833 maris
2076 1780 2167 1833 ina

2273 1781 2335 1831 τὸ
2365 1780 2824 1851 θαλαττοκρατεῖν
2853 1779 3123 1851 ἀφέληταί
3161 1798 3244 1842 τις
3285 1776 3395 1833 τῶν
3435 1777 3784 1846 πολεμίων,τὸν

586 1863 770 1929 vadat,
804 1866 985 1919 statim
1032 1868 1233 1939 cuique
1265 1868 1559 1923 imminere
1591 1885 1834 1939 praesens
1861 1871 1986 1926 vitae
2017 1874 2165 1938 peri-

2198 1860 2240 1916 Β
2270 1874 2402 1944 περὶ⁵
2438 1871 2533 1927 τοῦ
2581 1874 2680 1943 ζῇν
2733 1873 2896 1934 εὐθὺς
2942 1873 3295 1942 ἐπεκρέμασε
3352 1869 3606 1933 κίνδυνον,
3634 1869 3691 1939 ἢν
3729 1868 3782 1936 μή

588 1956 810 2025 culum;
845 1958 951 2013 nisi
984 1958 1108 2029 quis
1137 1961 1299 2030 plane
1331 1962 1463 2016 velit
1486 1962 1717 2017 liberam
1750 1965 1918 2018 vitam
1962 1980 2166 2021 terum-

2269 1983 2355 2029 τις
2407 1965 2569 2037 ἐθέλῃ
2620 1965 2912 2035 προφανῶς
2962 1964 3249 2034 ἐλευθέρου
3303 1963 3421 2033 βίου
3474 1960 3781 2032 βαρυδαίμοισ

586 2063 722 2103 nosa
754 2057 812 2103 et
841 2048 1102 2106 Tantalea
1135 2052 1372 2122 quadam
1418 2064 1760 2123 permutare,
1806 2058 2166 2128 pecuniisque

2269 2062 2365 2111 καὶ
2415 2056 2750 2111 Ταντάλειον
2797 2050 2909 2109 οἷον
2955 2054 3316 2118 ἀλλάξασθαι,
3354 2057 3447 2109 καὶ
3490 2052 3784 2122 ζημιωθῆναι

587 2150 644 2195 et
676 2140 915 2211 prmdiis,
956 2143 1066 2198 imo
1103 2146 1368 2200 uxoribus
1419 2155 1476 2201 et
1524 2147 1721 2204 liberis
1753 2149 1885 2219 ipsis
1918 2150 2164 2205 multari.

2273 2150 2374 2219 μὲν
2400 2150 2703 2218 χρημάτων
2739 2147 2832 2200 καὶ
2861 2146 3068 2211 οἰκιῶν,
3106 2145 3451 2214 ζημιωθῆναι
3480 2144 3532 2197 δέ
3556 2142 3784 2211 γυναικῶν

586 2233 829 2288 Duorum
870 2235 1019 2290 enim
1061 2236 1297 2291 alterum
1344 2248 1721 2309 consequatur
1767 2254 1992 2295 necesse
2040 2252 2164 2307 est;

2268 2242 2367 2294 καὶ
2419 2240 2623 2292 παίδων
2674 2239 2876 2291 αὐτῶν.
2927 2239 3081 2290 Δυοϊν
3126 2238 3235 2305 γὰρ
3289 2236 3477 2305 ἕψεται
3523 2230 3785 2301 θάτερον,ῆ

591 2336 651 2378 ιιι
677 2334 773 2380 aut
796 2325 929 2393 vita,
963 2339 1060 2381 aut
1088 2327 1157 2384 iis
1181 2329 1347 2384 rebus
1377 2329 1536 2384 vivus
1564 2330 1855 2399 spolietur,
1885 2339 1941 2386 et
1977 2333 2167 2403 copio-

2266 2335 2365 2401 τῆς
2402 2331 2648 2402 κεφαλῆς
2680 2331 2712 2401 ἦ
2752 2331 2862 2384 τῶν
2890 2332 3149 2384 τοιούτων
3201 2328 3492 2398 στέρεσθαι
3528 2327 3688 2388 ζῶντα
3720 2324 3788 2375 καὶ

586 2432 709 2472 sum
735 2417 841 2472 sibi
868 2417 966 2474 diu
997 2428 1276 2490 noctuque
1305 2421 1562 2500 poculum
1592 2421 1736 2478 fellis
1763 2425 1882 2493 ipse
1914 2423 2165 2480 misceat.

2268 2420 2611 2479 πδλλαπλοῦν
2638 2424 2727 2477 τὸν
2747 2423 2846 2491 τῆς
2873 2423 3099 2494 πικρίας
3122 2421 3377 2493 κρατῆρα
3401 2420 3584 2488 κιρνᾷν
3613 2416 3784 2480 νύκτωρ

587 2509 857 2578 Agedum,
901 2519 1149 2567 vestrum
1194 2512 1329 2567 mihi
1376 2514 1621 2568 animum
1676 2514 1924 2571 indicare
1970 2531 2040 2572 ne
2087 2518 2169 2587 pi—

2269 2519 2387 2588 ἅμα
2417 2517 2513 2570 καὶ
2555 2516 2673 2584 μεθ’
2717 2516 2932 2587 ἡμέραν
2971 2513 3134 2576 αὐτὸς
3178 2512 3378 2581 ἐαυτῷ.
3424 2512 3555 2579 Φέρε
3606 2508 3686 2562 οὖν
3719 2508 3788 2558 τὸν

587 2610 735 2672 geat,
762 2611 907 2659 utet
939 2605 1057 2675 ipse
1087 2605 1417 2677 intelligam,
1454 2622 1585 2661 num
1627 2624 1725 2663 vos
1758 2608 1958 2677 prioris
1992 2609 2171 2679 negli-

2268 2610 2534 2679 ὑμέτερον
2583 2608 2709 2676 ἐμοὶ
2774 2606 2971 2675 δηλοῦν
3022 2604 3108 2677 [Ρ.
3162 2602 3288 2675 539]
3347 2604 3422 2674 μὴ
3470 2601 3787 2667 κατοκνήσητι

586 2693 788 2761 gentia:
842 2694 1129 2763 paeniteat.
1186 2693 1323 2749 Nam
1388 2694 1856 2765 quemadmodum
1914 2709 2069 2759 oves,
2121 2694 2169 2749 si

2266 2705 2489 2772 τρόπον,
2533 2705 2617 2756 ῐνα
2656 2703 2772 2770 γνῶ
2824 2701 2919 2755 καὶ
2953 2700 3136 2763 αὐτὸς,
3174 2700 3224 2750 εί
3268 2699 3371 2766 τῆς
3404 2695 3658 2769 προτέρας
3680 2709 3789 2745 κατ-

585 2794 864 2855 pastorem
915 2788 1072 2857 sequi
1123 2786 1457 2855 detrectent,
1508 2788 1555 2844 si
1603 2788 1653 2844 ei
1704 2787 2069 2844 adversentur
2113 2795 2169 2841 et

2269 2796 2475 2863 έγνωτε
2524 2793 2809 2861 ἀμελείας.
2860 2791 3147 2857 Ἀνάλογον
3207 2788 3318 2857 γάρ
3346 2792 3523 2849 ἐστιν,
3554 2786 3620 2848 ὡς
3652 2781 3788 2836 καθά-

587 2880 922 2935 contrariam
960 2882 1106 2936 viam
1154 2881 1234 2937 ire
1279 2881 1468 2947 velint,
1502 2896 1612 2935 non
1645 2880 1877 2936 dubium
1921 2893 2003 2936 est
2030 2878 2164 2949 quin

2267 2905 2376 2958 περ
2431 2886 2651 2955 ποιμένι
2706 2884 2895 2946 παντὶ,
2940 2883 2996 2958 ἐί
3052 2884 3129 2953 μὴ
3176 2885 3247 2934 τά
3305 2880 3552 2950 πρόϐατα
3607 2871 3792 2928 ἕπεσθαι

586 2970 773 3024 statim
807 2970 1064 3039 peritura
1088 2974 1221 3039 sint,
1255 2974 1310 3027 in
1340 2973 1645 3044 praecipitia
1669 2985 1727 3028 et
1752 2973 2046 3043 voragines
2073 2978 2169 3025 aut

2268 2978 2535 3052 βούλοιτο,
2570 2977 2686 3031 ἀλλ’
2721 2975 3029 3031 ἀντιϐαίνοι
3074 2976 3170 3028 καὶ
3216 2974 3318 3040 τὴν
3363 2971 3605 3025 ἐναντίαν
3630 2964 3793 3020 ὁδεύειν

588 3061 647 3114 in
679 3060 893 3116 medios
932 3062 1092 3132 lupos
1126 3062 1394 3133 tlelapsre;
1427 3064 1546 3133 pari
1588 3063 1799 3118 ratione
1832 3063 1878 3117 si
1923 3063 2168 3132 impera-

2267 3071 2462 3135 ἐθέλοι,
2520 3071 2619 3123 οὐκ
2667 3068 2860 3140 ἄδηλον
2895 3066 2963 3121 ἀν
3028 3066 3136 3135 εἴη,
3167 3065 3243 3126 ὡς
3293 3065 3421 3117 ὅσον
3473 3062 3569 3115 οὐκ
3609 3059 3695 3130 ήδη
3730 3071 3794 3108 τι·

588 3152 805 3208 toribus
826 3154 1125 3209 ducibusve
1151 3155 1359 3210 subditi
1391 3156 1539 3209 baud
1572 3155 1973 3222 obsequantur,
1998 3153 2041 3207 si
2076 3168 2168 3209 re-

2196 3213 2235 3235 η
2272 3163 2550 3235 θνήξεται,
2582 3163 2849 3232 κρημνοῖς
2897 3161 2997 3214 καὶ
3063 3157 3304 3229 φάραγξι
3332 3157 3427 3211 καὶ
3465 3155 3637 3217 λύκοις
3674 3166 3795 3219 περι-

588 3254 856 3315 pugnent,
898 3246 944 3301 si
985 3246 1363 3311 oblucteutur,
1399 3247 1468 3302 ab
1498 3246 1666 3301 exitio
1696 3258 1752 3301 et
1782 3246 1994 3301 ultimis
2020 3246 2164 3302 cala-

2193 3213 2236 3273 ο
2877 3213 3160 3321 βασιλεύσι
3193 3213 3288 3302 καὶ
3316 3249 3577 3320 ἡγεμόσιν
3604 3213 3792 3317 ἀνδρῶν.

587 3337 871 3393 mitatibus
904 3354 1012 3393 non
1050 3340 1213 3409 longe
1243 3348 1393 3395 certe
1426 3340 1725 3395 abluerint.
1764 3358 1781 3389 ι

2267 3345 2335 3416 ἢν
2374 3344 2449 3415 μὴ
2476 3343 2752 3413 σύνδρομα
2849 3341 2918 3395 τὰ
2942 3340 3050 3394 τῶν
3093 3342 3378 3411 ὑπηκόων,
3409 3341 3523 3394 ἀλλ’
3553 3333 3793 3401 ἀντιϐαίνῃ

2267 3439 2362 3491 καὶ
2404 3438 2772 3508 ἀντιπράττῃ,
2803 3436 2865 3489 οὐ
2897 3435 3089 3507 πόρρω
3123 3436 3175 3503 γ’
3212 3434 3279 3487 ἂν
3320 3430 3435 3488 εἷεν
3487 3430 3690 3501 ὀλέθρον
3725 3426 3796 3481 καὶ

2011 3574 2023 3590 ,
2265 3528 2455 3583 δεινῶν
2480 3528 2588 3599 τῶν
2618 3529 2888 3599 ἐσχάτων.
2940 3548 2960 3580 ι
3655 3541 3670 3561 κ

658 3619 747 3674 Ill.
788 3618 886 3674 His
913 3618 1157 3690 Byzantii
1186 3619 1391 3675 auditis
1431 3620 1589 3690 plura
1620 3620 1822 3676 addere
1868 3620 2167 3692 imperato-

2337 3621 2414 3674 I".
2443 3620 2660 3673 Τούτων
2694 3622 2951 3690 αὐτήκοοι
2996 3620 3281 3690 γεγονότες
3331 3619 3611 3684 Βυζάντιοι
3639 3611 3792 3670 οὐκέτι

584 3710 889 3766 rcm‘baud
941 3711 1088 3782 passi
1140 3721 1515 3782 consurgunt;
1571 3727 1759 3781 pacem
1795 3726 1921 3767 cum
1956 3711 2166 3768 Latinis

2267 3710 2440 3765 πλείω
2476 3711 2746 3782 συνείρειν
2766 3713 2895 3765 εἴων
2928 3715 3018 3765 τδν
3049 3713 3277 3784 βασιλέα
3307 3729 3325 3747 ο
3366 3710 3484 3767 ἀλλ’
3517 3706 3797 3765 ἀναστάντες

584 3820 693 3860 una
727 3819 919 3860 omnes
962 3817 1097 3859 voce
1145 3805 1466 3875 repuiliaut;
1517 3820 1671 3859 suam
1724 3804 1873 3860 illam
1923 3804 2163 3875 priorem

2271 3805 2370 3875 μιᾷ
2403 3806 2555 3875 φωνῇ
2605 3805 2808 3868 πάντες
2837 3794 3144 3860 ἀπείπαντο
3189 3806 3290 3875 μὲν
3325 3805 3428 3876 τὴν
3458 3805 3563 3859 τῶν
3593 3801 3800 3855 Λατίνων

581 3894 969 3967 negligentiam
1003 3893 1289 3958 damnant,
1306 3894 1759 3967 pollicenturque
1782 3910 1865 3959 se,
1891 3894 2162 3964 quidquid

2266 3897 2519 3966 εἰρήνην,
2551 3896 2909 3964 κατέγνωσαν
2945 3896 2990 3951 δ’
3021 3896 3250 3960 ἑαυτοὺς
3274 3900 3375 3966 τῆς
3407 3899 3533 3966 πρὶν
3558 3888 3799 3962 ἀμελείας.

581 3985 845 4049 habeant,
873 3974 940 4039 id
978 3999 1142 4041 omne
1187 3985 1332 4039 ultro
1382 3999 1482 4055 pro
1531 3984 1678 4039 virili
1727 3984 2162 4049 contributuros,

2266 3988 2604 4056 ἐπαγγελίας
2650 4006 2710 4042 τε
2744 3989 2956 4052 ἔδοσαν,
3008 3988 3293 4051 ἐθελοντὰς
3345 3985 3707 4055 συνεισφέρειν
3740 3978 3799 4039 εἰς

582 4078 670 4135 vel
700 4078 744 4134 si
768 4079 973 4134 liberos
1002 4078 1234 4149 publica:
1264 4078 1522 4133 utilitatis
1555 4092 1717 4132 causa
1748 4085 1964 4167 mutare
1998 4091 2165 4146 pecu-

2266 4079 2462 4148 ἐράνου
2501 4081 2675 4151 φοράν
2728 4080 2800 4134 τὰ
2840 4081 3140 4147 προσόντα,
3187 4081 3280 4133 καὶ
3326 4078 3520 4139 παῖδας
3568 4067 3799 4133 αύτοῦςεὶ

536 4239 544 4255 ι
580 4171 675 4226 nia
703 4171 869 4243 856
893 4179 1165 4241 oporteat.
1211 4171 1280 4227 Et
1323 4172 1443 4227 haec
1479 4169 1705 4241 quidem
1748 4164 1823 4225 ita
1858 4184 1919 4225 se
1957 4169 2136 4224 habue

2265 4169 2379 4224 δέοι
2422 4172 2724 4242 χρημάτων
2766 4168 3128 4257 ἀλλάττεσθαξ
3158 4173 3347 4241 κοινῆς
3374 4168 3633 4234 ὡφελείας
3655 4164 3800 4257 ἑνεκα.

580 4271 733 4327 runt,
764 4273 821 4317 et
853 4262 922 4317 ad
957 4278 1056 4317 sua
1082 4264 1317 4333 quisque
1348 4262 1746 4318 discesserunt.
1788 4261 1981 4331 Magna
2008 4261 2164 4316 deiu-

2267 4265 2375 4317 Καὶ
2406 4264 2579 4317 ταῦτα
2613 4264 2713 4334 μὲν
2752 4262 2944 4317 τοῦτον
2972 4250 3222 4333 ἔσχετὸν
3268 4262 3494 4331 τρόπον,
3529 4260 3618 4312 καὶ
3656 4250 3797 4317 ἁπηλ·

582 4352 653 4407 de
682 4362 735 4407 et
764 4352 1053 4408 ambitiosa
1094 4354 1452 4409 contentione
1500 4353 1701 4407 bellum
1748 4352 2002 4423 apparari
2050 4367 2163 4408 cu:-

2264 4357 2525 4410 λάττοντο
2563 4351 2646 4419 είς
2675 4356 2744 4409 τὰ
2787 4357 2894 4409 ῐδια
2935 4356 3181 4410 ἔκαστοι.
3228 4355 3411 4427 Πολλὴ
3448 4355 3505 4407 δέ
3539 4369 3619 4414 τις
3649 4345 3777 4402 ἐντεῦ

581 4454 738 4513 ptum
763 4461 777 4497 :
800 4455 965 4513 atque
991 4444 1047 4498 in
1072 4444 1461 4500 construendis
1492 4443 1745 4506 navibus,
1774 4445 1831 4497 in
1862 4443 2162 4498 missilibus

2267 4448 2360 4501 θεν
2394 4448 2645 4516 ἐφαίνετο
2679 4449 2807 4519 περὶ
2864 4447 2963 4517 τὴν
3018 4447 3234 4499 ὅπλισιν
3288 4448 3320 4516 ἡ
3386 4442 3678 4514 φιλοτιμία,
3727 4433 3800 4488 xli

586 4535 882 4588 tormentis
915 4535 1220 4602 majoribus
1250 4534 1670 4603 minoribusque
1710 4534 2063 4597 fabricandis,
2108 4536 2161 4588 in

2200 4558 2241 4612 [ι
2268 4541 2419 4607 ὀξεῖά
2440 4558 2526 4603 τις
2555 4535 2624 4611 ἦν
2650 4540 2685 4612 ἠ
2716 4540 2921 4609 σπουδὴ
2952 4540 3084 4610 περί
3115 4556 3172 4593 τε
3206 4537 3554 4607 κατασκευὴν
3578 4532 3702 4586 νεῶν
3726 4528 3802 4580 καὶ

584 4624 896 4695 legionibus
934 4625 1173 4695 denique
1202 4640 1299 4681 seu
1337 4625 1625 4680 navalibus
1662 4641 1758 4679 sou
1805 4626 2164 4682 terrestribus

2276 4636 2622 4705 πετροϐόλων
2656 4634 3072 4704 μηχανημάτων
3121 4632 3371 4703 μεγάλων
3411 4647 3470 4683 τε
3501 4628 3591 4681 καὶ
3622 4619 3802 4695 μικρῶν

587 4719 936 4773 mercenario
985 4720 1161 4774 milite
1203 4720 1568 4789 complendis.
1608 4736 1734 4776 acre
1777 4722 2019 4776 studium
2070 4738 2166 4777 ex-

2274 4728 2373 4782 καὶ
2398 4722 2789 4796 μισθοφορικοῦ
2822 4723 3077 4793 στρατοῦ.
3109 4724 3223 4775 ὅσοι
3258 4739 3317 4774 τε
3351 4724 3408 4785 ἐς
3450 4720 3547 4781 τὰς
3581 4709 3802 4770 ναυτικὰς

589 4812 747 4866 stitit.
791 4811 1028 4867 Pecunia
1077 4811 1263 4883 itaque
1306 4812 1373 4867 ad
1421 4813 1523 4867 bos
1568 4824 1822 4883 sumptus
1849 4814 2163 4881 deficiente,

2272 4818 2532 4887 δυνάμεις
2565 4817 2659 4868 καὶ
2685 4818 2798 4868 ὅσοι
2828 4814 2884 4876 ἐς
2907 4813 3006 4876 τὰς
3036 4813 3269 4876 πεζικὰς
3297 4812 3590 4882 ἀρκέσουσι
3629 4805 3804 4874 φάλαγσ

588 4904 952 4975 exigebantur
981 4921 1011 4960 a
1038 4905 1316 4977 Byzantiis
1345 4906 1593 4975 quaedam
1624 4906 1963 4972 volentibus;
1995 4908 2168 4977 pluri-

2274 4926 2400 4978 γας.
2431 4907 2594 4961 Ὅθεν
2624 4905 2926 4977 χρημάτων
2954 4904 3055 4957 οὐκ
3100 4905 3270 4957 ὄντων
3316 4903 3397 4966 είς
3434 4902 3533 4972 τὴν
3572 4897 3801 4962 δαπάνην.

590 5010 678 5048 ma
720 4995 878 5050 valde
935 4996 1143 5053 invitis.
1195 4997 1557 5053 Mittebantur
1599 4997 1732 5053 item
1770 5013 1867 5067 per
1900 4999 2063 5053 urbes
2112 5007 2167 5052 et

2273 4998 2578 5070 ἐπράττετο
2607 5000 2743 5068 πρὸς
2778 4995 3088 5061 Βυζαντίων
3117 4995 3237 5049 ἔνια
3281 4995 3380 5065 μὲν
3421 4992 3554 5064 παρ’
3583 4990 3800 5044 ἑκόντων,

591 5103 753 5159 agros
792 5087 1059 5155 Thracia},
1096 5089 1191 5159 qui
1239 5090 1528 5158 pecuniam
1583 5088 1637 5143 in
1693 5103 2015 5143 communes
2048 5087 2171 5142 illos

2276 5093 2345 5146 τά
2372 5092 2431 5145 δὲ
2462 5090 2691 5144 πλεῖστα
2716 5090 2870 5157 παρᾶ
2906 5088 3112 5159 σφόδρα
3136 5087 3399 5141 ἀκόντων.
3440 5083 3802 5150 Ἐξεπέμποντο

589 5181 1047 5253 necessariosque
1070 5196 1202 5237 usus
1226 5190 1605 5253 corrogarent.
1772 5226 1781 5238 .

2277 5185 2334 5237 δὲ
2370 5184 2465 5238 καὶ
2493 5183 2544 5235 οἱ
2568 5182 2667 5245 τάς
2691 5181 2975 5252 Θρᾳκικάς
3002 5178 3531 5250 ἀργυρολογήσοντες
3551 5174 3717 5232 πόλεις
3733 5164 3805 5220 καὶ

1718 5278 1734 5289 ’
2280 5276 2464 5348 χώρας
2506 5275 2609 5347 τῆς
2640 5273 2831 5344 κοινῆς
2878 5274 2975 5327 καὶ
3023 5272 3329 5342 ἀναγκαίας
3372 5267 3605 5339 ταυτησὶ
3650 5258 3805 5334 χρείας

1048 5420 1057 5427 .
2279 5370 2490 5423 εἵνεκα.

662 5460 751 5516 ιν.
795 5463 973 5518 Latini
1007 5480 1137 5520 vero
1171 5465 1382 5533 aliquot
1418 5463 1725 5527 onerarias,
1759 5477 1880 5533 qua:
1911 5461 2036 5515 valli
2087 5460 2172 5513 iu-

2352 5465 2426 5516 A'.
2464 5462 2651 5526 ἔΕνίας
2685 5477 2749 5528 γε
2788 5460 2899 5531 μὴν
2921 5461 2972 5512 οί
2997 5457 3214 5512 Λατῖνοι
3245 5454 3351 5510 τῶν
3398 5454 3519 5508 δσαι
3569 5438 3804 5521 προτειχὲ-

595 5563 708 5607 star
739 5569 828 5618 μοι
844 5564 955 5609 tum
978 5569 1169 5608 eorum
1197 5554 1519 5624 implebant,
1553 5560 1840 5621 postquam
1877 5550 2171 5622 Byzantio-

2283 5570 2491 5623 σματος
2521 5552 2678 5623 δίκην
2712 5551 2935 5613 ὁλκάδες
2966 5551 3060 5602 τὸν
3091 5548 3295 5601 οἰκεῖον
3332 5544 3599 5616 ἐπλήρουν
3641 5533 3804 5632 itit-‘2“

594 5659 718 5700 rum
750 5648 985 5702 ballistis
1019 5647 1296 5717 submergi
1335 5656 1392 5701 et
1425 5645 1695 5715 confringi
1737 5644 2015 5707 viderunt,
2047 5659 2171 5699 om-

2281 5644 2703 5717 καταγνυμένας
2746 5660 2806 5697 τε
2852 5644 2951 5698 και⁵
2998 5641 3265 5714 δυομένας
3306 5643 3537 5712 ὁρωντες
3584 5630 3681 5687 ὐπδ
3717 5630 3803 5677 τῶν

1952 5736 2299 5817 νδιυίοτυιη
2335 5745 2523 5798 notae.

677 5842 789 5912 (98)
824 5843 958 5898 Vide
986 5844 1359 5901 Cantaeuzen.
1397 5843 1600 5899 Ηίθεοι.
1639 5844 1731 5901 lib.
1768 5859 1840 5909 tv,
1869 5858 1989 5913 cap.
2012 5842 2180 5898 5c16.
2223 5842 2428 5898 BOIHN.
