4064 6452
385 344 531 409 1113
819 344 898 417 [Α.
940 362 990 403 c.
1039 349 1198 421 1549]
1418 357 1862 418 ΒΥΖΑΝΤΙΝίΕ
1891 360 1958 418 Π]

2063 360 2271 420 0111),;
2298 359 2443 421 ιω,
2477 325 2663 421 XV”,
2747 351 2878 427 [ιιιρ.
2918 371 2965 411 ι.
3003 367 3299 409 uanam.
3339 354 3396 425 5]
3510 354 3649 420 1:15

381 462 689 526 Βυζαντίων
704 467 1047 535 πετροϐόλων
1072 471 1482 540 μηχανημάτων
1502 474 1732 542 τάχιστα
1770 473 1952 535 πάσας

2063 488 2156 527 nes
2186 473 2595 542 quamprimum
2635 472 2762 527 inde
2796 472 3151 527 transtulere.
3201 473 3278 526 Ex
3322 471 3416 525 illo
3460 481 3643 528 autem

378 556 586 608 ἐκεῖθεν
635 556 710 618 ὡς
758 559 1099 627 πορρωτάτω
1129 562 1477 629 μετήνεγκαν
1501 578 1516 594 ⁶
1541 566 1637 636 καὶ
1675 559 1745 634 ἦν
1772 564 1958 616 λοιπὸν

2063 580 2255 619 eorum
2311 564 2532 627 mmnia,
2571 579 2677 634 qua
2707 575 2926 635 portum
2979 564 3306 634 respiciunt,
3362 562 3646 617 indefensa

376 650 443 701 τὰ
490 651 548 701 ἐν
588 649 665 720 τῷ
708 650 914 721 λιμένει
974 654 1129 724 τείχη
1161 655 1311 724 σφῶν
1343 657 1595 725 βοηθείας
1626 659 1719 712 καὶ
1747 659 1955 729 σκέπης

374 741 719 794 παντάπασιν
743 741 944 812 ἔρημα.
967 744 1128 798 Ὀθεν
1160 744 1408 823 ἔπεμπον
1455 749 1554 817 μὲν
1596 751 1653 803 ἐν
1694 748 1950 818 Γεννούᾳ,

380 827 630 896 ἔπεμπον
660 829 704 882 δ’
729 833 966 904 ἐνῬόδῳ
993 836 1120 895 τοὺς
1143 836 1176 905 ῆ
1215 836 1472 908 βοήθειαν
1504 839 1710 892 ἐκεῖθεν
1729 839 1957 903 ἄξοντας

379 920 412 988 ἢ
453 920 580 984 τοὺς
614 921 716 989 τὴν
740 925 967 994 εἰρήνην
988 927 1445 996 πρεσϐεύσοντας.
1476 931 1707 985 Γέννουα
1738 928 1960 1000 μέν¹οὓν

382 1011 552 1073 ίδίους
569 1012 769 1082 ἔχουσα
811 1018 1077 1085 θορύϐους
1094 1021 1187 1072 καὶ
1214 1022 1462 1087 γείτονας
1496 1021 1671 1093 μάχας
1688 1023 1960 1077 ἀπείπατο

373 1104 613 1172 πέμπειν
644 1104 917 1174 βοήθειαν.
936 1109 1129 1162 Ῥόδιοι
1152 1110 1195 1162 δ’
1230 1112 1608 1182 ἐκπέμπουσιν
1641 1115 1804 1177 εὐθὺς
1825 1114 1955 1185 μίαν

374 1197 575 1266 τριήρη
618 1198 756 1266 μετὰ
808 1199 918 1252 τῶν
954 1201 1053 1272 τὴν
1104 1206 1331 1273 εἰρήνην
1379 1205 1866 1275 πρεσϐευσόντων·
1900 1206 1952 1259 οἳ

346 1287 546 1361 ’πολλὰ
579 1289 679 1358 μὲν
718 1290 986 1355 εἰπόντες,
1017 1296 1140 1347 ἐπεὶ
1186 1295 1505 1362 ἐληλύθασι,
1544 1298 1715 1359 πολλὰ
1746 1298 1792 1368 δ’
1816 1300 1955 1368 ἀκη-

373 1379 579 1445 κοότες,
617 1381 727 1433 τῶν
759 1382 1221 1450 ⁸σπουδαζομένων
1263 1387 1470 1457 ἤνυσαν
1496 1388 1671 1454 οὐδὲν,
1711 1367 1808 1443 άέε
1854 1367 1954 1444 οὐκ

373 1470 830 1538 ἐπαγγειλάμενοι
880 1475 1020 1543 μήτε
1074 1475 1168 1528 τοῦ
1219 1476 1521 1545 ληφθέντος
1575 1481 1637 1532 ἐν
1686 1484 1752 1552 τῇ
1801 1483 1952 1554 μάχῃ

375 1562 540 1616 τόπου
586 1563 697 1615 τῶν
729 1566 1015 1642 προτέρων
1054 1568 1216 1637 ὁρίων
1261 1570 1520 1624 ἐπέκεινα
1551 1575 1691 1642 μήτε
1737 1571 1838 1641 τῆς
1863 1590 1955 1638 γε-

374 1654 607 1723 νομένης
647 1655 814 1726 ἄλλης
868 1638 988 1711 ὑπ’)-
1020 1661 1169 1728 σφῶν
1218 1662 1421 1731 ζημίας
1468 1638 1746 1718 ἀπόδοσιν.
1784 1638 1951 1719 ’Ὅθεν

374 1746 469 1798 καὶ
502 1745 750 1817 ἀπῄεσαν
793 1745 950 1812 αὖθις
993 1753 1049 1813 ἐς
1097 1751 1276 1805 Ῥόδον
1324 1753 1635 1824 ἄπρακτοι·
1683 1756 1825 1825 πλὴν
1872 1757 1955 1809 ὅτι

377 1839 549 1891 πολλὰ
590 1841 698 1893 τῶν
748 1843 1061 1910 πολυτελῶν
1108 1847 1416 1916 κειμηλίων
1442 1849 1533 1901 καὶ
1573 1850 1874 1919 χρημάτων
1906 1852 1954 1902 οἱ

374 1932 574 1997 ἐντοῖς
602 1933 847 1988 Γαλάτου
878 1936 1161 2007 ἐνθέμενοι
1191 1942 1254 2008 τῇ
1295 1938 1478 2010 Ῥοδίᾳ
1500 1942 1798 2011 τριήρει-ἐς
1841 1941 1957 1993 Ῥό-

374 2021 465 2074 δον
488 2022 557 2075 δι’
585 2022 780 2077 αὺτῶθ
799 2027 1070 2090 ἔπεμπον,
1099 2027 1331 2091 δεδιότες
1361 2030 1605 2099 περὶτοῦ
1639 2030 1952 2099 μέλλοντος.

374 2108 558 2167 *Ησαν
587 2116 630 2168 δ’
657 2116 707 2169 οἳ
738 2119 834 2171 καὶ
860 2121 1126 2185 γυναῖκας
1158 2122 1254 2176 καλ⁸
1285 2122 1480 2184 παῖδας
1505 2122 1753 2187 ἐξέθεντο
1783 2125 1872 2177 διὰ
1896 2126 1956 2177 τὸ

264 2258 271 2265 .
374 2205 464 2259 τοῦ
498 2207 784 2286 μέλλοντος
816 2209 1036 2280 ἄδηλον.

443 2297 531 2369 [Ρ.
565 2297 696 2370 540]
729 2300 804 2354 Ε’.
850 2300 1008 2354 Ἐπεί
1035 2318 1101 2368 γε
1136 2304 1244 2372 μὴν
1275 2305 1335 2356 ατ
1361 2322 1422 2357 τε
1462 2306 1520 2358 ἐν
1554 2305 1834 2377 Βυζαντίῳ
1861 2309 1957 2359 καὶ

374 2389 579 2461 ἀλλαχῆ
595 2393 1044 2464 ναυπηγούμεναι
1063 2397 1310 2467 τριήρεις
1325 2400 1830 2467 συνεσκευάσθησαν
1852 2400 1953 2471 ήδη

375 2480 451 2548 τῷ
469 2479 697 2550 βασιλεῖ,
720 2483 952 2551 μεγάλαι
978 2485 1079 2554 μὲν
1091 2486 1269 2552 ἐννέα,
1298 2489 1553 2557 μονήρεις
1570 2489 1625 2542 δὲ
1646 2490 1740 2543 καὶ
1753 2491 1956 2561 διήρεις

375 2574 614 2638 πλείους,
651 2575 837 2628 πολλοὶ
873 2575 1051 2631 δὲκαὶ
1081 2578 1193 2631 τῶν
1246 2581 1302 2631 ἐν
1357 2580 1637 2651 Βυζαντίῳ
1687 2583 1956 2636 πλουσίων

375 2663 784 2734 φιλοτιμότερον
805 2668 886 2731 είς
906 2668 1135 2740 τοῦργον
1160 2671 1499 2736 διατεθέντες
1532 2674 1770 2742 λέμϐους
1795 2693 1958 2739 στρα⁸

374 2756 628 2822 τιὼτιδας
666 2760 759 2813 καὶ
816 2762 1018 2815 ἀκάτια
1064 2765 1540 2817 συνεσκευάσαντό
1586 2782 1644 2817 τε
1694 2766 1789 2818 καὶ
1822 2766 1955 2832 ἐξὼο

375 2855 576 2908 πλισαν
607 2855 668 2920 ἐξ
713 2855 922 2918 οἰκείας
957 2856 1227 2925 δαπάνης,
1266 2859 1658 2929 μετάπεμπτοι
1706 2861 1955 2930 γίνονται

375 2946 473 3000 καὶ
500 2949 624 3000 ὅσαι
655 2948 778 3001 κατ’
807 2947 973 3011 ἄλλας
1003 2949 1112 3002 τῶν
1141 2950 1399 3020 ὑπηκόων
1428 2947 1569 3023 ἦσαν
1601 2953 1813 3006 πόλεων
1835 2970 1851 2985 ο
1879 2950 1956 3007 ὧν

374 3040 430 3092 αἱ
458 3039 556 3110 μέν
588 3039 786 3111 καιροῦ
811 3039 1228 3111 λαμϐανόμεναι
1250 3043 1468 3113 νύκτωρ
1494 3044 1745 3116 ἀπῄεσαν
1773 3047 1832 3109 ἐς
1863 3045 1955 3099 τὸν

2064 670 2292 724 prorsus
2325 664 2382 709 et
2425 655 2570 709 nuda
2615 667 2793 711 erant.
2845 656 3111 711 Misereat
3158 655 3345 724 itaque
3376 654 3646 720 Genuam,

2061 756 2117 801 et
2144 747 2210 801 ad
2242 746 2479 801 insulam
2517 746 2796 810 Rhodum,
2831 748 2922 815 qui
2956 748 3040 800 vel
3076 747 3276 801 auxilia
3309 746 3394 800 vel
3439 745 3648 814 legatos

2063 839 2216 908 pacis
2243 839 2507 901 auctores
2533 839 2835 894 exstituros
2866 839 2994 894 inde
3027 839 3291 894 accirent.
3339 838 3415 894 Ac
3455 837 3646 893 Genua

2063 930 2309 999 quidem,
2339 946 2407 986 eo
2439 940 2584 1001 quod
2617 928 2858 1001 propriis
2900 931 3142 996 motibus
3170 930 3481 1000 vicinisque
3531 929 3649 985 bel-

2061 1021 2131 1076 lis
2181 1021 2481 1087 laboraret,
2541 1021 2763 1076 mittere
2817 1020 3025 1075 auxilia
3084 1020 3385 1074 recusavit.
3444 1018 3646 1073 Rhodii

2060 1127 2194 1168 vero
2226 1128 2389 1167 unam
2421 1113 2603 1168 statim
2629 1112 2910 1167 triremem
2942 1113 3174 1166 mittunt
3200 1126 3325 1165 cum
3357 1111 3550 1179 legatis
3579 1109 3647 1164 de

2060 1217 2196 1273 pace
2245 1204 2473 1259 acturis.
2534 1203 2601 1258 lli
2657 1219 2782 1259 cum
2849 1203 3152 1268 venissent,
3212 1203 3382 1256 multa
3436 1201 3648 1265 dixere,

2062 1297 2233 1350 multa
2266 1296 2396 1351 item
2445 1296 2749 1351 audivere:
2803 1311 2998 1350 eorum
3052 1304 3258 1355 autem,
3291 1309 3410 1362 que
3462 1292 3647 1345 facere

2060 1388 2375 1453 studebant,
2437 1388 2573 1441 nihil
2632 1386 3022 1457 perfecerunt;
3079 1384 3304 1455 quando
3351 1398 3531 1452 neque
3590 1381 3647 1435 id

2062 1480 2189 1538 loci.
2220 1480 2366 1549 quod
2408 1480 2548 1534 ultra
2583 1480 2847 1548 prisﬁnos
2892 1478 3101 1533 limites
3147 1479 3203 1531 in
3236 1476 3380 1530 bello
3410 1489 3648 1542 occupa-

2058 1583 2281 1649 verant,
2316 1574 2675 1627 restituturos
2726 1587 2865 1638 esse,
2900 1586 2960 1626 se
3008 1569 3433 1640 pollicebantur,
3469 1581 3651 1636 neque

2061 1665 2246 1720 damni
2277 1665 2577 1735 quidquam
2624 1679 2671 1739 al
2699 1679 2758 1718 se
2808 1662 2953 1723 illati
3001 1669 3334 1717 resarturos.
3389 1658 3646 1714 Rhodum

2060 1758 2245 1825 itaque
2268 1756 2431 1827 857
2460 1754 2696 1811 redeunt
2746 1753 2951 1810 infecta
3005 1768 3086 1818 re,
3138 1752 3241 1807 nisi
3283 1750 3431 1820 quod
3474 1748 3644 1803 multa

2060 1863 2128 1903 ex
2157 1849 2396 1919 pretiosa
2421 1846 2748 1917 supellectili
2776 1856 2830 1901 et
2859 1861 2926 1901 ex
2956 1844 3247 1906 thesauris,
3285 1841 3513 1896 Rhodia:
3540 1840 3641 1893 tri-

2064 1941 2199 1994 remi
2247 1939 2417 1996 iuturi
2458 1949 2608 1993 metu
2668 1937 2950 2006 imposita,
2993 1936 3218 1991 Galata'i
3250 1933 3509 1989 Rhodum
3540 1947 3643 2003 per

2062 2050 2160 2088 eos
2196 2033 2486 2087 miserunt.
2522 2032 2696 2086 Fuere
2730 2034 2895 2085 etiam
2926 2029 3017 2098 qui
3073 2042 3274 2081 uxores
3324 2026 3643 2095 liberosque

2063 2126 2451 2196 imposuerint,
2486 2124 2618 2194 quid
2650 2124 2896 2178 futurum
2929 2132 3075 2176 esset
3111 2120 3332 2174 incerti.

2135 2311 2200 2368 Υ.
2232 2309 2368 2365 Cum
2392 2325 2524 2364 vero
2553 2324 2645 2364 eas
2674 2311 2960 2370 triremes,
2991 2321 3112 2376 quae
3142 2305 3390 2375 Byzantii
3424 2313 3481 2359 et
3504 2303 3640 2358 alibi

2064 2411 2396 2459 constructae
2436 2384 2613 2461 erant,
2650 2409 2871 2471 paratas
2897 2399 3013 2470 jam
3064 2398 3295 2452 haberet
3328 2397 3651 2466 imperator,

2064 2511 2288 2567 magnas
2317 2496 2543 2566 quidem
2580 2509 2802 2559 novem,
2837 2506 3094 2547 muneres
3115 2500 3296 2544 autem
3320 2505 3385 2541 ac
3417 2489 3652 2542 biremes

2066 2590 2293 2658 plures,
2349 2597 2409 2645 .el
2473 2585 2902 2658 Byzantinorum
2943 2583 3178 2639 divitum
3233 2581 3421 2643 multi,
3459 2588 3654 2633 navata

2063 2681 2414 2735 ambitiosius
2452 2693 2643 2748 opera,
2700 2676 2969 2730 militares
3003 2674 3220 2729 lembos
3268 2682 3325 2727 et
3373 2669 3654 2725 naviculas

2062 2778 2474 2840 comparassent
2495 2783 2559 2821 ac
2596 2766 2836 2836 prOpriis
2868 2765 3186 2835 sumptibus
3242 2760 3606 2815 armavissent
3634 2795 3652 2823 ,

2061 2860 2337 2915 arcessitae
2379 2859 2546 2914 etiam
2579 2874 2659 2913 eae
2693 2871 2890 2912 omnes
2914 2872 3037 2925 qua:
3062 2855 3116 2908 in
3155 2854 3283 2908 aliis
3315 2849 3530 2919 imperii
3562 2866 3656 2903 ur-

2062 2954 2228 3007 l‘ibus
2251 2961 2431 3005 erant.
2478 2951 2682 3005 Harum
2724 2950 2879 3012 aliae,
2926 2948 3107 3002 oblata
3147 2945 3456 3002 occasione.
3486 2952 3652 2995 noctu

2062 3043 2421 3114 Byzantiuum
2454 3042 2510 3096 iu
2542 3051 2762 3111 portum
2795 3054 3043 3103 evasere,
3078 3046 3369 3107 postquam
3429 3035 3653 3090 Latinas

374 3132 485 3185 τῶν
523 3133 836 3197 Βυζαντίων
867 3133 1083 3202 λιμένα,
1124 3135 1281 3203 μόλις
1320 3136 1682 3191 λανθάνουσαι
1713 3138 1813 3203 τὰς
1846 3141 1954 3192 Λα·

2065 3138 2321 3192 triremes
2347 3148 2491 3204 aegre
2517 3133 2862 3195 fefellissent,
2900 3146 3022 3200 quae
3062 3139 3326 3199 perpetuo
3365 3127 3657 3197 speculan-

374 3221 584 3295 τινικὰς
610 3223 883 3292 τριήρεις,
926 3226 983 3278 αἳ
1009 3225 1274 3294 διηνεκῶς
1314 3229 1674 3300 ἐπιτηροῦσαι
1722 3232 1818 3285 καὶ
1854 3249 1961 3285 πα-

374 3313 817 3385 ραφυλάττουσαι
846 3317 1132 3388 πόρρωθεν
1152 3318 1394 3373 ἐκώλυον
1420 3321 1513 3375 τὸν
1537 3321 1793 3376 εἴσπλουν
1819 3323 1964 3376 ἐκεί-

373 3422 505 3465 νων,
534 3405 737 3476 αἵθριοι
766 3407 1288 3493 διανηυκτερεύουσαι
1330 3412 1422 3466 τὸν
1451 3412 1733 3484 χειμέριον
1767 3414 1961 3486 χρόνον

374 3498 602 3553 ἐκεῖνον.
642 3489 906 3552 Ἐνταῦθα
935 3500 1045 3572 γὰρ
1088 3503 1147 3555 τὸ
1178 3489 1435 3557 ναυτικὸν
1473 3505 1654 3558 ἐκεῖνο
1700 3505 1962 3573 πελάγιον

375 3590 465 3643 ἀεὶ
495 3589 963 3646 δειπνοποιεῖσθαί
999 3611 1059 3647 τε
1093 3596 1186 3648 καὶ
1219 3597 1691 3667 ἀριστοποιεῖσθαι
1720 3598 1817 3651 καὶ
1849 3616 1951 3651 κα-

379 3681 587 3736 θεύδειν
621 3682 670 3735 οἱ
716 3684 1048 3756 τριηράρχαι
1088 3686 1403 3756 ἠνάγκαζον
1428 3703 1443 3719 ·
1499 3688 1576 3751 ὡς
1633 3682 1957 3756 συμϐαίνειν

379 3772 656 3840 ἐντεῦθεν,
681 3775 1090 3845 πολιορκεῖσθαι
1114 3777 1216 3847 μὲν
1244 3764 1570 3842 Βυζαντίους
1591 3779 1655 3831 ἐκ
1687 3778 1959 3847 θαλάττης

376 3864 486 3918 ὑπὸ
517 3865 782 3934 Λατίνων,
807 3865 1222 3937 πολιορκεῖσθαι
1251 3868 1297 3922 δ’
1328 3865 1394 3922 αὗ
1432 3868 1493 3933 ἐξ
1527 3868 1761 3939 ἠπείρου
1795 3868 1964 3922 Λατί-

377 3974 502 4021 νους
525 3959 628 4010 ὑπὸ
666 3960 976 4028 Ῥωμαίων,
1001 3961 1100 4015 καὶ
1124 3958 1264 4015 εἶναι
1291 3961 1552 4030 δεσμίους
1588 3961 1648 4025 ἐξ
1677 3960 1957 4032 ἑκατέρων

381 4050 679 4121 ἑκατέρους
710 4054 806 4106 καὶ
828 4052 919 4105 ὑπ’
943 4052 1193 4125 ἀλλήλων
1224 4052 1513 4123 ἀλλήλους.

2066 3239 2155 3285 tes
2210 3227 2651 3295 insidiantesque
2709 3224 3111 3293 elonginquo,
3169 3231 3225 3276 et
3276 3220 3514 3274 hiberno
3562 3217 3657 3271 illo

2066 3332 2316 3391 tempore
2342 3319 2447 3374 sub
2493 3318 2586 3373 dio
2647 3324 3082 3386 pernoctautes,
3145 3313 3213 3368 ab
3274 3312 3526 3382 ingressu
3562 3325 3658 3363 eas

2061 3413 2343 3468 arcebant.
2404 3400 2487 3464 Ibi
2548 3408 2708 3463 enim:
2758 3407 3009 3461 nauticas
3063 3405 3182 3460 illas
3213 3404 3403 3479 capias
3452 3403 3507 3456 in
3547 3401 3659 3455 alto
3757 3462 3775 3481 τ

2060 3514 2282 3575 semper
2310 3505 2644 3560 ﬂuctuantes
2673 3515 2729 3559 et
2751 3516 3002 3566 ctenare,
3040 3510 3097 3555 et
3124 3498 3418 3570 prandere,
3444 3505 3499 3550 et
3527 3495 3659 3550 dor-

2061 3599 2202 3654 mire
2242 3596 2551 3652 triremium
2589 3592 2829 3663 praefecti
2863 3591 3155 3663 cogebant.
3186 3590 3327 3644 llinc
3369 3587 3555 3651 fiebat,
3593 3595 3657 3639 ut

2063 3689 2201 3744 mari
2228 3688 2450 3758 quidem
2488 3682 2737 3756 Byzantii
2771 3680 3061 3747 a-Latinis,
3090 3689 3235 3735 terra
3260 3685 3442 3733 autem
3473 3675 3653 3731 Latini

2063 3796 2096 3835 a
2130 3779 2405 3851 Byzantiis
2429 3776 2837 3838 obsiderentur;
2888 3788 2951 3828 ac
2985 3773 3065 3825 sie
3094 3770 3315 3838 utrique
3364 3769 3433 3823 ab
3483 3766 3656 3822 utris-

2063 3889 2171 3944 que
2208 3880 2264 3927 et
2290 3887 2333 3935 ,ιι
2378 3884 2438 3924 se
2470 3868 2705 3923 invicem
2789 3867 2844 3922 hi
2875 3876 3043 3937 atque
3079 3863 3156 3920 illi
3192 3860 3362 3916 vincti
3404 3869 3659 3914 teneren-

2070 3974 2181 4020 ιιιτ.

1835 4143 2071 4201 CAPUT
2117 4142 2181 4198 V.

386 4242 635 4314 Byzantii
661 4258 688 4296 ε
714 4251 868 4313 portu
894 4245 951 4297 in
981 4244 1150 4298 altum
1185 4246 1572 4313 provehantur;
1602 4244 1757 4299 rudes
1787 4243 2025 4313 plerique
2047 4249 2093 4296 et
2118 4237 2490 4314 inexercitati.~
2522 4234 2767 4314 (Iastium
2795 4246 2981 4314 napem
3007 4228 3311 4314 onerariam
3338 4226 3645 4314 in'cendunt.

458 4296 775 4367 latinorum
806 4316 969 4367 anxia
1019 4296 2083 4370 deliberatius—burna:icedendum'esse
2133 4317 2398 4364 statuunt.
2451 4305 2607 4362 Solus
2653 4304 2950 4359 nauarchus
2996 4301 3322 4372 refragatur.
3380 4296 3648 4351 Instructa

453 4400 673 4437 suorum
702 4383 869 4437 classe
901 4382 1254 4453 Byzantinam
1283 4394 1572 4452 exspectat,
1605 4384 1885 4440 consilium
1927 4382 1992 4437 ex
2024 4399 2081 4437 re
2114 4391 2387 4450 capturus.

454 4481 532 4532 A'.
573 4481 733 4549 Ἀρτι
765 4479 821 4534 δέ
849 4479 944 4533 τοῦ
979 4474 1140 4550 ἔαρος
1173 4481 1604 4552 ἐπιλάμποντος,
1630 4483 1728 4534 καὶ
1758 4480 1868 4533 τῶν
1896 4495 1955 4531 τε

2133 4476 2177 4532 1.
2209 4476 2350 4531 Vere
2407 4473 2593 4530 statim
2642 4470 2973 4540 aﬂ’ulgeute,
3014 4469 3107 4524 ubi
3140 4466 3450 4537 asperiores
3497 4467 3647 4520 venti

386 4572 596 4643 ἀγρίων
640 4574 966 4642 πνευμάτων
1010 4573 1110 4642 τὴν
1144 4572 1434 4642 χειμερίαν
1478 4575 1698 4643 ἐκείνην
1735 4574 1963 4645 αὐλητι-

385 4663 490 4727 κήν
519 4662 881 4731 τρεψαμένων
910 4662 970 4725 ἐς
1001 4663 1063 4716 τὸ
1092 4664 1402 4727 καθεύδειν,
1436 4664 1534 4717 καὶ
1572 4664 1790 4733 μακρᾶς
1820 4663 1960 4734 ὁμοῦ

387 4755 492 4823 τῆς
537 4755 783 4826 γαλήνης
838 4756 1318 4828 ἐπιχωριαζούσης
1370 4758 1484 4820 τοῖς
1534 4756 1800 4826 κύμασιν,
1838 4758 1964 4810 imi.

390 4848 570 4900 πάντα
597 4844 666 4917 ἦν
692 4850 757 4902 ἐκ
777 4865 835 4901 τε
875 4849 981 4918 γῆς
1018 4849 1116 4903 καὶ
1133 4849 1405 4918 θαλάττης
1443 4850 1836 4919 ἀπηρτισμένα
1868 4852 1964 4905 καὶ

336 4982 353 4987 -
384 4938 542 4990 οὐδὲν
570 4939 681 4992 τῶν
715 4942 772 5002 ἐς
809 4939 990 5009 μάχην
1018 4940 1335 5010 ἀνηκόντων
1362 4938 1687 5012 ἐπιτηδείων
1718 4941 1831 5004 τοῖς
1860 4941 1966 4993 Βυ-

388 5027 627 5094 ζαντίοις
674 5031 944 5097 ἐλείπετο,
981 5033 1463 5102 παρεσκευάζοντο
1499 5033 1640 5103 πρὸς
1672 5031 1965 5102 ἀναγωγήν

387 5116 730 5189 ἑκατέρωθεν
774 5121 831 5173 αἱ
860 5121 1132 5190 τριήρεις,
1170 5120 1233 5174 ἔκ
1258 5138 1316 5173 τε
1346 5119 1455 5173 τῶν
1483 5122 1637 5184 ἐντὸς
1666 5119 1966 5186 Βυζαντίου

388 5211 534 5278 φημὶ
593 5211 836 5280 νεωρίων
866 5212 961 5264 καὶ
1019 5211 1104 5264 ἐτι
1155 5208 1326 5283 οὗπερ
1384 5212 1630 5282 ἔφθημεν
1677 5213 1968 5283 εἰρηκότες

389 5301 766 5387 ναυστάθμου,
795 5303 934 5371 πρὸς
974 5301 1034 5354 ὃν
1064 5303 1124 5367 ἐξ
1163 5303 1515 5373 αὐτοσχεδίου
1555 5301 1824 5374 βιασθεῖσι
1855 5307 1970 5366 τοῖς

389 5394 683 5464 ναυάρχοις
741 5396 801 5449 ἐν
859 5396 1058 5465 ἀρχαῖς
1105 5396 1206 5464 τῆς
1257 5398 1437 5468 μάχης
1485 5396 1969 5464 καταπεφευγέναι

392 5481 787 5550 ξυμπέπτωκε,
823 5485 978 5554 παρὰ
1011 5483 1114 5548 τὰς
1155 5485 1250 5537 τοῦ
1290 5483 1534 5554 ποταμοῦ
1589 5483 1725 5554 (99),
1767 5483 1970 5555 δηλαδὴ

392 5571 624 5635 ἐκϐολὰς
683 5572 821 5627 ἔνθα
858 5573 1045 5628 καὶτὸ
1100 5573 1193 5628 τοῦ
1256 5574 1549 5627 θαλαττίου
1606 5574 1785 5644 κέρως
1829 5576 1965 5628 ἀνα-

391 5676 424 5691 ι.

2063 4584 2163 4624 sua
2191 4568 2282 4623 illa
2321 4566 2557 4621 hiberna
2585 4563 2747 4619 sibila
2773 4562 3096 4632 sopiverunt
3122 4569 3178 4615 et
3205 4572 3401 4628 magna
3436 4555 3494 4610 in
3516 4554 3653 4609 mari

2065 4658 2440 4730 tranquillitas
2477 4655 2711 4719 exstitit,
2749 4652 2998 4725 Byzantii
3031 4690 3048 4715 ,
3081 4648 3326 4720 perfecto
3354 4645 3503 4703 omni
3546 4654 3656 4699 ter-

2067 4752 2229 4807 restri
2267 4750 2561 4818 navalique
2591 4755 2858 4816 apparatu
2880 4784 2896 4810 ,
2932 4743 3080 4797 nulla
3114 4757 3174 4797 re
3216 4739 3285 4795 ad
3321 4738 3523 4794 bellum
3558 4752 3658 4791 ne-

2063 4841 2306 4898 cessaria
2344 4838 2662 4904 deﬁciente,
2695 4851 2864 4893 naves
2910 4834 3083 4906 858
3134 4829 3442 4904 provehere
3489 4829 3545 4883 in
3577 4827 3659 4881 al-

2067 4949 2184 4992 tum
2213 4947 2412 5008 parant
2441 4935 2510 4990 ab
2544 4942 2783 5002 utroque
2832 4932 2956 4987 loco
2982 4947 2997 4998 ;
3031 4944 3229 4999 nempe
3275 4938 3333 4983 et
3358 4926 3431 4982 ab
3460 4924 3530 4980 iis
3557 4941 3656 4978 nas

2068 5027 2306 5091 valibus,
2340 5041 2464 5094 quae
2489 5024 2634 5078 intra
2659 5022 2854 5077 urbem
2891 5028 3040 5086 sunt,
3064 5028 3127 5075 'et
3151 5019 3220 5074 ab
3251 5019 3344 5073 illa
3365 5030 3528 5085 quam
3561 5030 3658 5068 su—

2068 5132 2165 5186 pra
2209 5114 2640 5170 memoravimus
2703 5110 2986 5173 statione,
3033 5109 3100 5163 ad
3153 5123 3318 5178 quam
3372 5105 3548 5161 coacti
3588 5120 3656 5159 ex

2070 5209 2375 5279 improviso
2398 5205 2661 5262 navarchi
2698 5204 2803 5260 sub
2830 5204 3050 5259 initium
3082 5202 3210 5258 belli
3244 5201 3608 5270 confugerant
3636 5217 3651 5262 ;

2064 5305 2139 5359 ab
2166 5304 2327 5359 ostiis
2351 5303 2477 5358 dico
2509 5300 2785 5366 ﬂuminis,
2819 5310 2877 5356 et
2908 5300 2979 5355 ab
3007 5299 3200 5356 ultimo
3222 5298 3379 5353 sinus
3412 5294 3655 5355 Ceratini

2069 5371 2317 5449 recessu:
2352 5393 2420 5447 Et
2451 5407 2534 5447 em
2588 5391 2812 5461 quidem
2847 5405 3038 5453 naves,
3074 5404 3197 5458 quae
3226 5386 3489 5458 Byzantio
3518 5399 3651 5456 pro-

2067 5484 2229 5539 fecta:
2259 5484 2363 5540 sub
2399 5498 2680 5553 vesperam
2736 5482 2792 5536 in
2850 5483 3022 5537 altum
3070 5464 3262 5535 delatae
3289 5486 3422 5534 sunt
3444 5520 3457 5538 .
3490 5477 3656 5532 debe-

2068 5576 2203 5631 bant
2271 5574 2463 5633 saltem
2523 5574 2925 5644 aliquantulum
2982 5572 3249 5642 temporis
3296 5569 3526 5626 modica:
3565 5573 3651 5628 sui

1745 5689 2089 5752 Variorum
2128 5698 2316 5751 notae.

467 5787 580 5860 (99)
613 5789 882 5863 Barbysw,
908 5808 1004 5850 seu
1032 5792 1301 5865 Barbyssi,
1358 5794 1524 5866 vulgo
1559 5794 1883 5860 Chartarici,’
1907 5794 1974 5850 de
2004 5810 2113 5866 quo
2144 5794 2350 5864 Gyllius
2379 5793 2474 5851 lib.
2513 5809 2571 5859 ιι,
2603 5808 2723 5863 cap.
2759 5793 2813 5858 5,
2834 5791 2908 5847 De
2936 5789 3171 5858 Bosporo
3207 5788 3398 5845 Thrnc.
3433 5786 3642 5844 Bome.

2954 6008 2983 6017 ,ν
