4064 6478
437 362 575 429 1115
612 383 620 391 ·
717 358 795 432 [Α.
837 376 893 415 »ι-
937 359 1101 426 6857.
1145 360 1349 433 150.2]
1637 364 2021 424 NlCEl‘llttli

2126 364 2488 424 iiiiiGtmE
2768 359 2904 432 [una
2952 376 2990 415 ι.
3029 376 3314 417 ΩΛΝΤΔΕῦΖ.
3342 361 3420 433 '3]
3566 365 3690 432 1116

432 479 816 546 exercitationi
851 481 1004 545 dare,
1036 496 1099 537 ac
1139 481 1377 552 primum
1428 480 1575 535 inter
1613 494 1672 534 se
1704 479 2016 543 decertare,

2126 479 2360 532 παύεται
2392 479 2560 548 ἄκρον
2609 479 2708 549 (Ι).
2740 480 2805 532 Al
2849 480 2948 550 μὲν
2992 475 3086 533 οὖν
3119 481 3183 533 ὲκ
3227 480 3526 545 Βυζαντίου
3572 482 3691 550 περὶ

433 581 487 626 et
542 570 923 640 remigationis
979 571 1289 641 periculum
1344 568 1638 640 separatim
1676 568 1877 623 facere.
1905 569 2015 624 Nec

2126 571 2306 641 δείλην
2334 570 2493 639 ὀψίαν
2533 571 2933 633 ὲκπλεύσασαι,
2960 573 3079 626 δέον
3123 574 3317 637 καιρόν
3354 590 3485 626 τινα
3519 573 3693 628 δοῦναι

432 650 581 717 enim
609 662 747 716 mari
779 678 973 717 omnes
997 663 1274 732 remisque
1306 671 1687 724 assueverant,
1722 660 1816 714 sed
1845 659 2019 726 ligna-

2126 664 2404 735 γυμνασίᾳ
2433 664 2606 734 μικρᾷ
2632 663 2784 732 γοῦν,
2816 666 2911 718 καὶ
2946 665 3461 736 ἀνθαμιλλήσασθαι
3500 670 3696 735 1:945:5-

434 751 639 807 tionem
703 752 955 823 plerique
991 753 1346 823 ligonemque
1397 750 1746 807 redolebant.
1789 749 1862 804 At
1912 748 2019 802 illae

2126 772 2215 827 ρον
2267 756 2403 826 πρὸς
2458 756 2717 826 ἀλλήλας,
2750 758 2845 811 καὶ
2880 759 3082 827 πεῖραν
3131 758 3230 826 τῆς
3259 757 3510 827 εἰρεσίας
3544 758 3695 826 ποιή-

430 857 733 911 progressa:
760 859 944 900 remos
997 844 1271 909 inhibent,
1309 859 1419 899 non
1450 841 1750 897 admodum
1789 854 2018 910 compo-

2126 845 2317 900 σασθαι
2358 846 2483 901 καθ’
2513 847 2742 910 έαυτάςο
2767 847 2903 917 μηδὲ
2939 850 3048 918 γάρ
3076 844 3215 903 εἶναι
3251 849 3467 909 πάντας
3495 849 3552 900 έν
3583 864 3699 899 συν-

432 935 540 990 site
566 943 663 990 aut
687 936 909 990 militari
945 935 1166 999 ordine,
1206 936 1302 990 sed
1339 944 1547 991 temere
1562 933 1856 988 maximam
1893 947 2017 1002 par-

2126 938 2273 1009 ηθεία
2322 937 2591 1007 θαλάττης
2637 941 2730 992 καὶ
2788 937 3002 1008 κώπης,
3051 937 3168 991 ἀλλ’
3205 935 3520 1001 ἀπάξοντας
3577 935 3697 996 τοὺς

431 1036 541 1082 tem
571 1026 1027 1101 inaequaliterque
1084 1030 1456 1101 remigantes,
1487 1036 1545 1084 et
1574 1042 1606 1082 a
1654 1020 1808 1082 recto
1848 1040 2015 1081 cursu

2126 1030 2339 1094 πλείους
2367 1031 2750 1101 δενδροτομίας
2775 1049 2835 1084 τε
2866 1031 2962 1085 καὶ
2990 1031 3304 1098 σκαπάνηςο
3336 1031 3396 1082 al.
3426 1029 3483 1081 δὲ
3510 1029 3697 1096 μικρὸν

430 1120 773 1176 aberrantes.

2126 1118 2393 1189 προσᾶσαι
2430 1117 2695 1189 σχάζουσι
2745 1120 2847 1183 τὰς
2880 1119 3097 1185 κώπας,
3143 1119 3204 1172 οὗ
3237 1119 3387 1188 μάλα
3423 1118 3525 1171 σὺν
3552 1118 3697 1183 τάξει

429 1212 527 1264 καὶ
547 1211 742 1283 κόσμῳ
765 1216 1138 1289 στρατηγικῷ,
1162 1216 1277 1269 ἀλλ’
1299 1217 1358 1270 έν
1386 1214 1632 1287 ἀκοσμίᾳ
1653 1214 1717 1266 τδ
1735 1212 2011 1278 πλεῖστον,
2051 1211 2149 1267 καὶ
2211 1211 2645 1284 έτεροζυγοῦσαν
2712 1212 2810 1283 τὴν
2841 1212 3080 1284 εἰρεσίαν
3115 1211 3465 1281 ποιούμεναι,
3499 1207 3696 1263 καὶτοῦ

2768 359 2904 432 [μιν.
2952 376 2990 415 ι.
3029 376 3314 417 ΩΛΝΤΔΕῦΖ.
3342 361 3420 434 '3]

430 1303 619 1368 εὐθέος
647 1307 1064 1379 παραγομένην.

500 1401 570 1456 ll.
600 1402 737 1458 Cum
767 1418 899 1459 vero
926 1419 1033 1459 nox
1068 1405 1182 1475 jam
1212 1404 1430 1460 adesset
1461 1413 1519 1459 et
1552 1404 1635 1459 ita:
1662 1403 1817 1474 juxta
1850 1399 2011 1454 littus

429 1504 560 1549 ante
582 1494 879 1551 orientales
916 1495 1159 1567 Byzantii
1198 1510 1389 1551 muros
1426 1494 1830 1556 constitissent,
1854 1490 2009 1546 venti

430 1593 547 1639 tum
575 1584 750 1640 coorti
781 1602 809 1640 a
842 1596 989 1643 terra
1027 1578 1334 1641 tumultum"
1373 1587 1519 1657 apud
1547 1600 1716 1640 naves
1758 1583 2009 1638 fecerunt

431 1690 496 1730 ac
519 1676 801 1746 paululum
825 1692 919 1733 eas
946 1678 1270 1748 perturbare
1301 1677 1401 1732 visi
1432 1685 1583 1734 sunt.
1609 1679 1679 1731 At
1711 1674 2007 1731 secun‘dam

431 1767 656 1823 circiter
700 1766 878 1824 nectis
950 1769 1192 1839 vigiliam
1249 1768 1489 1824 triremis
1540 1767 1838 1838 expedita,
1886 1780 2011 1835 quae

430 1861 596 1930 paulo
628 1870 755 1915 ante
778 1860 1118 1931 speculatum
1167 1861 1334 1915 missa
1365 1860 1546 1915 fuerat
1566 1899 1581 1925 ,
1611 1873 1828 1914 summa
1855 1856 2012 1912 festi-

430 1953 657 2007 natione
687 1953 932 2020 accedit,
986 1954 1317 2023 nuntiatque
1349 1952 1646 2007 maximam
1684 1950 2012 2006 Latinorum

437 2049 746 2102 onerariam
781 2048 959 2116 plenis
986 2046 1124 2102 velis
1175 2046 1247 2101 ab
1297 2044 1656 2116 Hellesponto
1706 2042 2013 2115 profectam

370 2126 378 2134 ’
437 2137 719 2192 advenire.
750 2137 944 2193 Statim
969 2138 1156 2209 itaque
1192 2136 1455 2192 navarehi
1482 2151 1677 2207 magna
1712 2150 1836 2190 cum
1872 2132 2015 2188 {ldu-

437 2229 521 2282 cia
554 2229 737 2284 nautis
787 2246 851 2286 ac
901 2230 1239 2295 vectoribus,
1287 2228 1396 2284 illis
1424 2236 1485 2282 ut
1513 2227 1803 2297 remigem,
1837 2225 1926 2280 bis
1956 2230 2017 2279 ut

434 2331 725 2388 capessant
773 2336 968 2387 arma,
1031 2320 1237 2376 inﬂatis
1284 2318 1533 2376 classicis
1595 2317 1730 2372 dant
1769 2316 2014 2386 signum.

435 2412 792 2482 Diligentiore
823 2413 993 2485 859
1022 2414 1208 2484 itaque
1238 2411 1586 2482 navigatione
1612 2409 1857 2480 provecti
1881 2423 2017 2463 one-

436 2506 637 2561 rariam
671 2523 836 2577 quam
862 2508 1151 2562 celerrime
1175 2504 1640 2567 circumveniunt,
1674 2512 1728 2558 et
1763 2500 2017 2557 contrahi

437 2597 557 2651 \ela
596 2597 891 2668 imperant.
925 2598 995 2652 At
1024 2598 1102 2653 illi
1134 2612 1331 2668 parere
1355 2596 1518 2650 initio
1547 2596 1763 2659 nolunt,
1791 2594 1889 2649 sed
1919 2608 2019 2664 pu-

437 2706 599 2759 gnam
625 2706 688 2745 ac
716 2692 924 2746 bellum
959 2693 1175 2746 ineunt.
1208 2690 1331 2745 Mox
1367 2688 1532 2745 iidem
1564 2687 1752 2743 densis
1772 2687 2018 2756 undique

439 2783 567 2838 telis
591 2783 800 2847 obruti,
833 2799 960 2838 cum
1010 2781 1205 2838 liceret
1230 2781 1503 2837 militibus
1543 2780 1684 2836 facta
1711 2779 2018 2849 irruptione

439 2892 538 2931 eos
580 2877 895 2944 trucidare,
944 2878 1151 2933 cedunt
1190 2877 1369 2943 inviti,
1410 2886 1467 2933 et
1500 2890 1701 2931 manus
1740 2873 2018 2930 tendendo

439 2970 876 3026 misericordiam
910 2978 1237 3042 exposcunt.
1285 2968 1393 3025 Sed
1422 2984 1519 3024 eos
1565 2968 1702 3022 nihil
1757 2967 1851 3021 illa
1879 2966 2020 3035 juvit

438 3060 781 3132 supplicatio
827 3080 841 3115 :
882 3060 1152 3130 siquidem
1206 3066 1389 3114 nautae
1438 3059 1652 3129 aliquot
1696 3058 1765 3113 de
1803 3057 2018 3113 triremi

2189 1398 2275 1470 [Ρ.
2297 1397 2423 1470 541]
2453 1397 2528 1454 B'.
2562 1399 2718 1453 Ἐπεὶ
2747 1400 2803 1454 δὲ
2827 1400 2924 1453 καὶ
2953 1400 3052 1465 νὺξ
3073 1399 3254 1468 παρῆν
3283 1398 3390 1470 ήδη
3423 1399 3518 1450 καὶ
3542 1391 3694 1451 αὗται

2120 1507 2199 1544 πα
2208 1494 2274 1559 ρὰ
2295 1489 2385 1545 τὸν
2402 1491 2649 1567 αἰγιαλὸν
2675 1487 2816 1564 ἦσαν
2845 1491 3115 1563 ὁρμοῦσαι
3143 1491 3245 1563 πρὸ
3270 1492 3385 1545 τῶν
3419 1489 3573 1561 ἑῴων
3606 1491 3695 1542 τοῦ

2119 1584 2416 1646 Βυζαντίου
2446 1585 2665 1655 τειχῶν,
2700 1584 2859 1655 ἐπῄει
2885 1583 2942 1650 ἒξ
2962 1582 3236 1651 ἀπογείων
3254 1583 3591 1650 πνευμάτων
3619 1578 3701 1633 θὸ-

2123 1678 2288 1749 ρυϐος
2333 1678 2457 1740 ταῖς
2502 1676 2664 1730 ναυσὶ
2713 1677 2809 1730 καὶ
2839 1675 3220 1746 διαταράττειν
3249 1675 3433 1728 ἐδόκει
3489 1673 3696 1743 μικρόν.

2121 1770 2257 1838 Περὶ
2314 1769 2371 1822 δὲ
2412 1767 2672 1837 δευτέραν
2728 1766 2976 1837 φυλακὴν
3034 1767 3135 1835 τῆς
3172 1767 3371 1828 νυκτὸς
3423 1760 3562 1837 ἧκεν
3607 1764 3697 1834 ὅ)ῃ

2119 1863 2324 1933 σπουδῇ
2355 1862 2494 1932 πρὸς
2519 1861 2688 1923 αὑτὰς
2709 1861 2742 1931 ή
2767 1860 2905 1931 πρὸς
2933 1858 3287 1929 κατασκοπὴν
3312 1859 3458 1912 Eme
3470 1859 3700 1927 μφθεῖσα

2115 1953 2224 2022 πρὸ
2261 1951 2491 2022 βραχέος
2518 1950 2937 2022 ταχυναυτοῦσα
2972 1952 3229 2022 τριήρης,
3265 1949 3574 2016 Λατινικὴν
3619 1947 3699 2000 ὀλ-

2115 2034 2254 2099 ιῐάδα
2305 2047 2575 2116 μεγίστην
2638 2043 2982 2114 ἀγγέλλουσα
3041 2042 3316 2113 πλήρεσιν
3387 2040 3581 2102 ίστίοις
3646 2040 3701 2104 ἐξ

2124 2131 2524 2209 Ἑλλησπόντου
2575 2137 2959 2208 ἀναγομένηνο
2993 2136 3106 2188 διαὶ
3166 2134 3285 2205 ἅμα
3328 2135 3381 2187 oi
3443 2133 3698 2204 ναύαρχοι

2117 2230 2297 2302 πολλῷ
2322 2231 2399 2299 τῷ
2435 2229 2725 2303 θαρροῦντι
2751 2232 2865 2293 τοῖς
2889 2246 2955 2282 τει
2997 2231 3229 2291 ναύταις
3256 2230 3355 2280 καὶ
3391 2226 3696 2288 ἐπιϐάταις,

2115 2325 2229 2384 τοῖς
2263 2323 2360 2393 μὲν
2396 2323 2489 2375 ἰπὶ
2527 2322 2626 2392 τὴν
2656 2321 2928 2390 εἰρεσίαν,
2951 2321 3068 2380 τοῖς
3098 2318 3143 2372 δ’
3174 2318 3268 2371 ἐπὶ
3309 2317 3383 2370 τὰ
3411 2316 3555 2370 ὅπλα
3595 2333 3698 2386 χω·

2121 2418 2235 2486 ρεῖν
2269 2409 2566 2486 ἐσήμαινον
2594 2418 2660 2486 τῇ
2695 2416 2975 2482 σάλπιγγι.
3009 2412 3448 2481 Σπουδαιότερον
3483 2409 3582 2476 μὲν
3611 2407 3697 2461 οὖν

2117 2511 2211 2562 τὸν
2246 2509 2477 2563 ἔκπλουν
2525 2488 2910 2578 τιτοιηστίιι.ι.εἶθοι⁵
2934 2506 3170 2576 τάχιστα
3219 2503 3322 2575 τήν
3356 2502 3563 2558 ὁλκάδα
3608 2518 3690 2553 πε·

2124 2601 2470 2671 ριεκύκλουν,
2501 2600 2596 2654 καὶ
2622 2600 2721 2670 τὴν
2754 2599 2949 2670 ὀθόνην
2980 2598 3273 2653 καθέλκειν
3310 2597 3390 2668 (2)
3426 2595 3694 2649 ἐκέλευον.

2131 2694 2198 2746 Ἦ
2227 2693 2273 2747 δ’
2306 2694 2404 2765 ρύχ
2444 2694 2689 2765 ὑπήκουε
2735 2693 2804 2747 τά
2843 2692 3060 2764 πρῶτα,
3110 2691 3249 2747 ἀλλά
3288 2690 3474 2761 μάχης
3504 2688 3697 2760 ἥπτετο

2121 2789 2218 2842 καὶ
2275 2785 2542 2853 πολέμου.
2589 2785 2747 2839 Ἐπεὶ
2788 2784 2845 2838 δὲ
2897 2784 2968 2838 τά
3016 2800 3082 2852 γε
3138 2783 3267 2853 βέλη
3305 2781 3454 2837 κατά
3505 2777 3699 2847 πλῆθος

2122 2878 2464 2950 πανταχόθεν
2509 2878 2754 2951 ἐπῄεσάν
2808 2892 2982 2947 σφισι,
3020 2875 3117 2931 καὶ
3151 2874 3357 2946 περιῆν
3391 2876 3506 2937 τοῖς
3550 2869 3694 2923 ὀπλίυ

2121 2989 2243 3034 ταις
2270 2970 2576 3042 είσπηδῶσι
2606 2969 2856 3040 φονεύειν
2890 2971 3060 3039 σφᾶς,
3097 2969 3356 3022 ένέδοσάν
3396 2984 3457 3020 τε
3487 2966 3699 3023 ἄκοντες

2126 3049 2220 3121 καὶ
2252 3067 2445 3135 χεῖρας
2485 3062 2696 3134 ὤρεγον
2722 3063 2803 3124 είς
2829 3057 3015 3116 οἶκτον
3042 3060 3522 3132 παρακαλοῦντες.
3566 3053 3695 3108 Ἀλλ’

440 3154 751 3208 enerariaxn
795 3152 1093 3208 incendere
1129 3159 1422 3220 occupant,
1457 3162 1514 3205 et
1536 3149 1803 3219 qttidquid
1832 3149 2016 3203 homi-

2126 3157 2331 3211 ὤναντο
2375 3158 2473 3227 τῆς
2518 3156 2925 3228 παρακλήσεως
2966 3156 3120 3209 οὐδέν
3146 3171 3162 3188 ’
3214 3155 3341 3209 ἐπεὶ
3403 3153 3698 3225 φθάσαντες

428 3245 575 3298 'nnm
608 3245 755 3299 intus
780 3256 897 3297 erat
924 3243 1280 3305 comburunt,
1318 3242 1393 3296 ita
1428 3251 1490 3295 ut
1532 3240 1750 3295 ﬂamma
1780 3241 1848 3295 ad
1882 3241 2025 3296 mul-

444 3348 556 3391 tam
586 3347 805 3392 noctem
830 3352 928 3407 per
955 3351 1105 3425 mare
1124 3350 1345 3390 sursum
1371 3334 1587 3390 sublata
1624 3334 1914 3389 reluxerit.

516 3518 609 3572 ΙΙΙ.
641 3518 777 3572 Dum
807 3517 897 3572 isti
942 3516 995 3572 in
1034 3516 1122 3571 his
1162 3524 1528 3586 occupantur,
1571 3515 1755 3571 Latini
1791 3515 1936 3571 inter
1965 3531 2025 3572 se

444 3611 794 3675 deliberant,
832 3625 1032 3679 magno
1077 3624 1335 3664 curarum
1385 3617 1523 3663 aestu
1570 3606 1938 3674 ﬂuctuantes,
1969 3618 2027 3664 et

444 3713 756 3759 extremum
804 3702 1000 3756 salutis
1058 3716 1173 3757 sure
1212 3701 1511 3757 discrimen
1548 3709 1759 3756 tantum
1791 3716 1900 3756 non
1953 3702 2026 3757 ob

446 3797 641 3851 oculos
677 3795 915 3866 positum
949 3795 1250 3851 intuentes.
1284 3793 1391 3849 Alii
1417 3792 1601 3864 itaque
1629 3808 1823 3850 omnes
1856 3793 2028 3849 tutius

448 3906 568 3946 esse
598 3888 916 3944 statuebant
942 3887 1083 3942 mari
1122 3886 1401 3949 excedere,
1421 3895 1479 3942 et
1506 3886 1793 3942 castellum
1818 3886 2023 3942 tutari:

447 3995 553 4035 nec
581 3981 726 4035 enim
770 3995 928 4049 posse
953 3996 1013 4037 se
1049 3996 1165 4052 pne
1211 3980 1499 4036 hominum
1528 3979 1806 4050 paucitate
1834 3978 1890 4033 in
1916 3978 2028 4034 duo

448 4072 590 4127 bella
621 4072 889 4138 distrahi,
947 4082 1092 4127 terra
1148 4073 1314 4129 simul
1347 4073 1597 4143 marique
1651 4071 1895 4126 infesta:
1931 4087 2030 4141 pu-

447 4179 609 4233 gnant
660 4164 863 4234 quippe
917 4163 1207 4220 adversam
1266 4173 1559 4235 utramque
1600 4164 1824 4234 potius,
1863 4177 2027 4233 quam

449 4260 678 4310 alteram
708 4257 1009 4311 secundam
1048 4255 1186 4311 lore.
1225 4256 1388 4312 Solus
1413 4256 1725 4310 navarchus
1753 4255 2027 4311 constanti

448 4362 512 4400 ac
546 4362 811 4417 generosa
846 4346 1017 4401 animi
1076 4347 1363 4415 praesentia
1403 4345 1651 4400 omnium
1706 4345 2031 4400 adversatus

448 4450 534 4495 est
565 4440 853 4496 sententiis
886 4457 900 4494 :
935 4439 1370 4494 animadversam
1411 4438 1559 4493 enim
1586 4454 1617 4491 a
1647 4452 1706 4492 se
1735 4446 1791 4492 et
1821 4437 2030 4507 impro-

2127 3248 2257 3304 ἔνιοι
2295 3249 2407 3304 τῶν
2448 3249 2664 3305 ναυτῶν
2708 3250 2772 3302 ὲκ
2815 3248 2917 3317 τῆς
2961 3249 3230 3319 τριήρους
3273 3251 3377 3317 τήν
3418 3263 3480 3300 τε
3512 3242 3697 3298 ὁλκάδα

2127 3341 2438 3409 ὑφάπτουσι
2474 3342 2567 3396 καὶ
2595 3343 2722 3404 τοὺς
2752 3339 2902 3394 ἔνδον
2948 3339 3200 3402 ἅπαντας
3233 3338 3565 3410 ὲμπιπρῶσι
3593 3334 3695 3407 (3),

2127 3433 2223 3488 καὶ
2249 3434 2281 3504 ή
2312 3433 2442 3502 φλδε
2469 3436 2634 3503 ήρετο
2665 3431 2928 3500 πελάγιος
2955 3431 3047 3485 ἐπὶ
3084 3430 3254 3503 πολλῇ
3287 3434 3355 3502 τῇ
3388 3428 3567 3484 νυκτί.

2195 3526 2272 3581 Γ’.
2317 3524 2538 3579 Τούτων
2586 3525 2635 3575 δ’
2683 3525 3103 3594 ἀσχολουμένων
3154 3524 3285 3595 περὶ
3335 3522 3532 3585 ταῦτα,
3563 3516 3696 3574 κατά

2131 3620 2272 3689 σφᾶς
2301 3619 2502 3681 αὐτοὺς
2538 3616 2895 3670 ἐϐουλεύοντο
2925 3617 2974 3669 οἱ
3003 3617 3249 3678 Λατῖνοι,
3283 3615 3489 3684 πολλὴν
3518 3627 3692 3682 τρικυο

2131 3715 2261 3783 μίαν
2290 3713 2507 3783 ἔχοντες
2531 3710 2814 3778 λογισμῶν
2838 3712 2936 3763 καὶ
2964 3710 3095 3771 τοὺς
3127 3709 3401 3779 ἐσχάτους
3429 3703 3698 3762 κινδύνους

2129 3804 2281 3872 σφῶν
2303 3804 2485 3857 αὺτῶν
2528 3803 2754 3872 μονονοὺ
2802 3800 2910 3871 πρδ
2949 3800 3247 3870 ὀφθαλμῶν
3289 3799 3613 3868 ἱσταμένους
3644 3797 3694 3845 ό·

2133 3897 2355 3968 ρῶντες.
2387 3897 2450 3949 Oi
2479 3894 2580 3966 μὲν
2606 3891 2702 3948 οὖν
2730 3894 2884 3948 ἄλλοι
2908 3894 3114 3957 πάντες
3141 3892 3550 3963 ἀσφαλέστερον
3570 3881 3696 3941 εἶναι

2129 3987 2476 4059 ἐψηφίζοντο,
2508 3986 2915 4048 καταλιπόντας
2956 3985 3056 4056 τὴν
3106 3984 3384 4039 θάλατταν
3426 3981 3695 4052 φυλάττειν

2127 4083 2190 4133 τὸ
2243 4067 2539 4147 φρούριον
2599 4077 2739 4148 μηδὲ
2802 4076 2913 4147 γὰρ
2941 4076 3206 4131 δύνασθαι
3254 4076 3322 4129 δι’
3370 4070 3694 4143 ὀλιγανδρίαν

2130 4172 2267 4244 πρὸς
2288 4172 2381 4225 δύο
2412 4170 2732 4241 μερίζεσθαι
2761 4172 2964 4241 μάχας,
2997 4167 3134 4239 όμοῢ
3171 4169 3313 4222 κατά
3348 4168 3500 4238 σφῶν
3526 4159 3695 4217 Emod—

2133 4281 2243 4326 σας.
2264 4262 2328 4316 ἐκ
2361 4279 2427 4315 τε
2458 4262 2562 4334 γῆς
2593 4262 2688 4315 καὶ
2721 4261 2995 4331 θαλάττης
3017 4275 3032 4290 °
3064 4261 3260 4314 θᾶττον
3294 4260 3496 4328 μεντᾶν
3523 4252 3694 4308 ἑκατέ-

2137 4372 2245 4427 ρων
2278 4356 2597 4425 ἀποτυχεῖν,
2633 4354 2666 4423 ἢ
2720 4354 2851 4423 μιᾶς
2882 4370 3028 4416 τινος
3063 4347 3690 4421 εὑμενοῦςπειραθῆναε.

2132 4446 2308 4506 Μόνος
2338 4444 2383 4498 δ’
2417 4447 2445 4497 ὁ
2491 4441 2763 4515 ναύαρχος
2800 4444 2939 4514 μετά
2989 4442 3253 4510 σταθεροῦ
3307 4442 3405 4495 καὶ
3450 4433 3680 4507 γενναίῡυ

450 4533 634 4587 initam
681 4534 851 4588 fuisse
879 4531 1213 4602 imperitiam
1242 4530 1502 4585 Romana:
1532 4529 1743 4592 classis,
1792 4545 1913 4598 quae
1936 4545 2021 4583 su-

2132 4534 2227 4587 τοῦ
2256 4534 2357 4605 τῆς
2377 4534 2554 4604 ψυχῆς
2588 4533 3024 4602 παραστήματος
3052 4534 3174 4594 ταῖς
3207 4532 3429 4585 πάντων
3457 4525 3690 4588 ἀντέλεγε

450 4626 659 4694 periori
692 4625 782 4679 die
812 4639 1160 4696 nequaquam
1195 4624 1501 4678 secundum
1536 4622 1829 4678 militarem
1860 4623 2021 4692 legen

2136 4627 2362 4697 ψήφοις.
2401 4625 2876 4694 Κατασκέψασθαι
2903 4624 3009 4694 γὰρ
3042 4624 3252 4692 ἔφασκε
3296 4624 3391 4675 καὶ
3430 4611 3692 4681 καταγνῶ-

452 4725 509 4772 ct
530 4717 783 4772 solvisset
805 4728 862 4771 et
886 4717 952 4772 ad
983 4728 1201 4787 portum
1230 4715 1458 4786 appulsa
1499 4726 1678 4782 esset;
1740 4724 2021 4786 eaproptet

2138 4737 2227 4773 vat
2257 4718 2354 4774 τοῦ
2394 4717 2704 4788 Ῥωμαϊκοῦ
2743 4718 2938 4770 στόλου
2971 4716 3173 4787 πολλὴν
3205 4715 3482 4786 ἀπειρίαν,
3512 4710 3690 4770 ἀναγο’

453 4825 563 4863 non
586 4811 745 4878 longe
768 4825 796 4863 a
818 4809 1029 4864 meliori
1050 4823 1146 4876 spe
1173 4807 1366 4863 abesse
1389 4823 1466 4863 se.
1493 4808 1629 4865 Cum
1651 4809 1819 4879 igitur
1840 4809 2021 4864 viriun

2142 4816 2307 4885 μένου
2360 4830 2421 4865 τε
2454 4812 2551 4864 καὶ
2603 4811 2963 4878 καταίροντος
2995 4812 3062 4880 τῇ
3118 4809 3422 4881 προτεραίᾳ
3447 4805 3518 4876 μὴ
3568 4793 3691 4854 κατὰ

454 4904 697 4957 maxima
732 4918 860 4971 pars
906 4910 1003 4962 aut
1037 4916 1232 4956 omnes
1281 4900 1464 4971 potius
1504 4902 1650 4956 vires
1680 4903 1731 4955 in
1758 4894 1892 4957 'mari
1924 4904 2021 4957 sit:

2139 4904 2343 4978 νόμους
2379 4905 2808 4977 στρατηγικοὺς,
2847 4903 2945 4957 καὶ
2964 4902 3025 4955 οὐ
3051 4904 3243 4974 πόρρω
3272 4900 3361 4954 διὰ
3389 4896 3552 4953 ταῦτα
3569 4905 3688 4961 χρηο

454 5001 661 5056 essent,
697 4990 753 5044 in
788 5006 856 5046 eo
881 4990 1065 5046 aiebat
1090 5000 1367 5061 oportere,
1395 4991 1439 5047 si
1471 5007 1577 5048 non
1610 5007 1793 5059 omne,
1836 5002 1892 5048 at
1932 5008 2032 5063 po-

458 5084 731 5140 tissimum
769 5084 939 5156 860
968 5084 1209 5140 studium
1241 5099 1468 5157 ponere.

2139 5005 2283 5052 στῶν
2329 4994 2471 5052 εἶναι
2516 4997 2773 5050 ἐλπίδων.
2826 4995 2938 5064 Τῆς
2996 4992 3128 5062 γοῦν
3193 4992 3439 5053 πλείονος
3497 4982 3687 5055 μοιραί,

2147 5090 2347 5161 μᾶλλον
2376 5089 2434 5143 δὲ
2465 5087 2561 5142 τοῦ
2607 5087 2809 5148 παντθις
2844 5086 3083 5156 κράτους
3112 5086 3172 5139 έν
3217 5087 3284 5156 τῇ
3320 5081 3548 5146 θαλάττῃ
3589 5084 3688 5124 κεν

2150 5183 2337 5251 μένου,
2372 5176 2513 5233 εἶναι
2536 5180 2745 5249 ἔφασκε
2771 5178 2884 5231 δεῖν
2910 5176 3171 5239 ἐνταῦθα,
3203 5176 3252 5228 εί
3289 5176 3362 5246 μὴ
3385 5172 3479 5243 τὴν
3506 5165 3682 5233 πᾶσιν.

2071 5337 2087 5353 .
2145 5274 2244 5341 τὴν
2276 5271 2406 5340 γοῦν
2441 5272 2665 5325 πλείονα
2692 5270 2865 5324 θεῖναι
2892 5269 3156 5339 σπουδήν.

1809 5424 2143 5486 Variorum
2178 5430 2365 5485 notae.

532 5557 609 5626 (l)
640 5558 716 5613 De
769 5559 982 5613 marino
1037 5558 1131 5614 illo
1190 5557 1391 5620 Cornu,
1433 5573 1531 5612 seu
1581 5556 1829 5611 Ccratino
1883 5556 2030 5617 sinu,

459 5630 629 5699 multa
658 5628 866 5699 Gyllius
898 5630 1055 5695 il)id.,
1098 5629 1193 5683 lib.
1238 5647 1275 5694 ι,
1309 5644 1428 5697 cap.
1459 5628 1511 5680 5.
1543 5627 1757 5699 ΒοινιδΓ

535 5698 613 5767 (2)
639 5694 793 5761 Quod
827 5701 993 5770 vulgo
1021 5694 1282 5764 dicimus,
1301 5694 1503 5770 baisser
1533 5697 1581 5750 lc
1606 5694 1863 5770 purillon.
1890 5696 2036 5770 Illum

463 5765 733 5836 Gregoras
763 5770 856 5823 lib.
888 5765 1150 5838 v'prioris
1181 5769 1451 5833 llismriat,
1478 5765 1613 5836 cap.
1637 5769 1690 5838 4,
1752 5765 2037 5838 abnepote-

470 5835 670 5890 πέτασε
704 5843 802 5900 τὰς
862 5835 1073 5906 ὀθόνας,
1106 5839 1221 5893 ἀλλ’
1253 5840 1446 5908 ἔμενεν
1476 5835 1783 5911 ὴρεμοῦτκν
1838 5835 1930 5891 Ubi
1960 5838 2041 5888 ίη·

3542 5545 3563 5579 ε
3605 5520 3684 5573 καὶ

3552 5593 3682 5649 ποῦς·

2148 5563 2359 5621 terpres
2385 5591 2400 5616 ,
2451 5549 2580 5604 velis
2641 5548 2906 5621 ttondttnt_
2933 5545 3185 5621 expansis
3217 5554 3431 5621 :‘ntox.
3457 5531 3538 5621 ‘55?

2146 5612 2285 5692 αὑτὴ
2315 5612 2696 5674 διαπετάσασα
2725 5618 2824 5678 τὰς
2853 5612 3073 5686 ὀθόναςι
3128 5612 3395 5684 λαμϐάνει
3430 5612 3517 5674 τὴν

2152 5694 2302 5763 μίαν,
2345 5692 2585 5763 Ducam.
2983 5755 3014 5763 __
3058 5706 3061 5709 ’
3369 5752 3398 5763 ..

2224 5745 2300 5829 (ὅ)
2337 5745 2756 5814 (Imitacnzenus
2792 5774 2905 5812 rem
2948 5755 3106 5810 aliter
3133 5763 3340 5819 narrat,
3369 5752 3551 5807 lib.17,
3581 5745 3678 5801 ςθρ·

2158 5833 2239 5890 Η,
2285 5848 2401 5903 pag.
2447 5833 2549 5899 ’ἷξε
2583 5830 2787 5886 ct7-i5.
2836 5829 3045 5882 Botvtx.
