4064 6444
400 381 535 447 Illi

790 381 862 452 [Α.
904 397 956 438 c.
1001 381 1160 453 isis]

402 584 455 640 st
504 585 788 652 πλείστας,
821 588 1123 644 ἐπιλέκτων
1154 591 1442 661 ἐμπλήσας
1490 593 1821 664 ὁπλομάχων
1847 612 1975 648 ναυ-

404 680 530 744 τῶν,
570 681 670 735 καὶ
710 683 1083 754 τριηράρχους
1131 684 1432 755 ἐπιστήσας
1481 686 1614 749 τοὺς
1659 686 1804 755 μάλα
1858 688 1980 757 ἀρί-

407 789 582 839 στους,
619 775 713 830 καὶ
748 776 949 845 μικρὸν
993 777 1090 829 τοῦ
1120 777 1343 847 λιμένος
1388 779 1620 848 προϐὰς,
1658 780 1844 834 ἴστατο
1878 798 1978 833 πε-

407 865 648 934 ριμένων
701 868 760 921 ἐν
819 866 972 934 τάξει
1022 869 1111 921 τὸν
1171 868 1282 922 τῶν
1335 869 1649 933 Βυζαντίων
1690 871 1980 937 ἐπίπλουν,

407 957 549 1011 δυοῖν
586 957 727 1028 ἔχων
768 961 826 1012 ἐν
881 959 958 1031 νῷ
1014 960 1421 1032 διαπράξασθαι
1478 960 1743 1033 θάτερον·
1777 966 1826 1016 εί
1884 965 1984 1033 μὲν

408 1049 550 1105 κατὰ
583 1050 785 1121 νόμους
835 1052 986 1122 ὁρῴη
1026 1052 1428 1122 στρατηγικοὺς
1452 1053 1725 1117 ’ἐπιόντας
1764 1055 1851 1108 ἐπ’
1884 1057 1986 1109 αῦ-

409 1143 521 1206 τδν,
557 1144 817 1214 πρύμναν
854 1162 915 1198 τε
950 1146 1289 1217 κρούσασθαι
1320 1148 1418 1201 καὶ
1444 1147 1553 1203 τῶν
1579 1148 1716 1202 νεῶν
1743 1149 1987 1218 ἐκπηδὴέ

411 1257 613 1304 σαντας
644 1240 795 1304 ἐντὸς
820 1241 1075 1308 γενέσθαι
1110 1241 1204 1294 τοῦ
1234 1242 1501 1314 φρουρίου
1532 1242 1768 1311 πλησίον
1814 1243 1988 1296 ἑστῶ-

411 1346 534 1393 τοςο
563 1333 613 1385 εί
639 1331 685 1384 δ’
717 1327 833 1396 οῦν,
865 1331 1032 1402 ὁμόσε
1062 1336 1265 1403 χωρεῖν
1304 1335 1363 1395 ἐς
1389 1334 1517 1397 τοὺς
1554 1334 1878 1403 πολεμίους.

1378 389 1817 448 ΒΥΖᾹΝἹ“1Χ.Ε
1858 390 2240 450 ΙΗΞΓῌΙΠιΕ
2272 394 2417 455 LIB.
2448 392 2641 453 XVII.

466 492 539 547 A'.
577 493 740 548 Ὅθεν
772 497 1017 566 μεγάλας
1052 498 1151 567 μὲν
1198 500 1356 552 ἐννέα
1401 502 1675 572 τριήρεις,
1707 503 1966 572 μονήρεις
2003 514 2043 564 Α

2749 386 2886 460 [ων.
2927 390 2991 445 ι.
3013 404 3306 444 οιιΝτΑευῑ.
3348 388 3405 460 3]

3519 390 3656 458 1118

2152 507 2255 565 IV“
2287 508 2475 577 Itaque
2514 509 2609 563 ille
2650 509 2904 564 triremes
2943 526 3167 581 magnas
3199 497 3419 575 novem,
3457 518 3514 564 et
3545 524 3664 562 mo-

2082 614 2246 654 neres
2274 600 2733 670 quamplurimas.
2754 610 3046 655 nautarum
3076 611 3414 656 armatorum
3447 599 3660 654 delectu

2079 692 2349 761 complet;
2385 691 2721 747 trierarchos
2753 692 2982 762 praeficit
3007 693 3525 763 praestantissimos;
3548 701 3662 744 tum

2080 783 2245 853 paulo
2292 785 2437 838 ultra
2464 791 2682 853 portum
2715 798 3082 865 progressus,
3133 784 3524 853 Byzantiorum
3573 781 3669 834 ad-

2082 885 2308 930 ventum
2332 874 2601 929 instructa
2633 864 2749 930 acie
2775 876 2884 930 illic
2914 884 3024 930 stat
3045 885 3391 944 exspectans,
3428 874 3665 927 duorum

2086 968 2178 1022 ille
2211 968 2445 1024 alterum
2498 967 2749 1023 facturus
2791 985 2805 1023 :
2860 968 2906 1022 si
2960 982 3054 1021 eos
3097 967 3318 1036 quidem
3362 966 3664 1021 secundum

2088 1060 2295 1114 bellica:
2344 1059 2480 1140 artis
2515 1069 2785 1128 przecepta
2835 1059 3133 1127 procedere
3170 1059 3436 1111 adversus
3485 1071 3542 1110 se
3583 1057 3669 1109 vi-

2088 1152 2237 1214 deat,
2280 1153 2504 1220 puppim
2538 1160 2918 1205 retroaeturus
2943 1189 2957 1213 ,
2999 1149 3315 1218 relictisque
3350 1148 3580 1201 navibus
3612 1147 3666 1200 in

2089 1244 2377 1298 castellum
2428 1244 2742 1312 proximum
2798 1241 3163 1307 introiturus;
3216 1237 3299 1294 sin
3338 1238 3521 1296 minus
3548 1277 3564 1303 ,
3603 1236 3670 1291 ad

2090 1347 2323 1403 pugnam
2368 1333 2708 1403 proditurus.

1864 1444 2091 1501 CKl‘UT
2134 1448 2218 1501 Vl.

416 1538 576 1613 Terra
611 1549 660 1593 et
687 1542 823 1613 mari
850 1542 919 1593 ad
951 1558 1179 1613 pugnant
1231 1544 1357 1597 itur.
1394 1539 1533 1605 Quid
1584 1539 1896 1613 Byzantium
1946 1539 2106 1593 classi
2143 1539 2391 1613 obfuerit.
2429 1540 2545 1606 Quo
2577 1546 2760 1597 ordine
2812 1560 2974 1599 naves
3018 1545 3385 1613 processerint.
3443 1541 3678 1613 Notatur

486 1612 902 1682 trierarcltorum
929 1608 1109 1682 culpa.
1147 1612 1391 1682 Byzantii
1416 1628 1594 1664 omnes
1632 1608 1813 1664 “subito
1845 1620 1984 1663 metu
2017 1608 2284 1682 perculsi;
2335 1612 2391 1662 in
2426 1629 2574 1667 mare
2622 1614 2890 1667 desiliunt.
2946 1608 3141 1668 Clades
3176 1615 3432 1667 maxima.
3466 1612 3675 1665 .Iustum

492 1678 585 1748 Dei
631 1680 915 1748 judicium.
974 1678 1288 1736 Latinorum
1340 1683 1636 1734 nauarchus
1691 1682 1768 1733 rei
1833 1678 2093 1733 miraculo
2166 1680 2501 1748 obstupescit.
2571 1682 2764 1737 Vacuis
2814 1683 3029 1736 navibus
3080 1686 3301 1747 potitur.
3369 1682 3680 1748 Byzantina:

485 1742 667 1802 classis
700 1749 869 1822 altera
908 1767 1033 1817 pars
1078 1755 1130 1804 in
1172 1752 1413 1804 eamdem
1459 1750 1824 1804 calamitatem
1875 1751 2083 1803 incidit.
2123 1742 2471 1805 Terreslrium
2514 1754 2787 1822 copiarum
2836 1742 3119 1814 trepidatio
3169 1770 3271 1807 non
3302 1742 3498 1807 minor.
3532 1750 3681 1805 Lati-

486 1835 676 1895 norum
703 1820 923 1887 atquitas
951 1829 1000 1873 et
1023 1822 1327 1875 clementia.

487 1928 573 2001 [P.
613 1929 741 2002 542]
784 1929 863 1986 A'.
901 1932 1059 1987 Ἐπεὶ
1098 1933 1144 1986 δ’
1178 1934 1393 2004 ἡμέρας
1416 1933 1725 2003 γενομένης
1754 1932 1999 2005 ὁμιχλώ-

2170 1934 2207 1988 l.
2246 1935 2341 1990 Dic
2390 1944 2587 1991 exorto
2631 1937 2934 1993 nebulosus
2977 1935 3200 2005 quidam
3243 1946 3442 1989 ventus
3476 1950 3506 1988 a
3544 1934 3681 1987 mari

419 2021 506 2083 δές
536 2039 590 2073 τι
637 2023 942 2093 καταρρέον
1001 2025 1066 2077 ἐκ
1101 2024 1632 2099 πελάγουςπνεῦμα
1686 2025 1745 2078 τὸ
1777 2024 2001 2097 θαρρεῖν

422 2111 625 2182 ἀφῄρει
657 2112 787 2175 τοὺς
838 2111 1186 2179 Βυζαντίους,
1217 2114 1651 2183 ἐνθαρσέστερος
1680 2117 1706 2167 ὁ
1752 2115 1863 2167 τῶν
1893 2116 2005 2168 Λα-

422 2201 587 2255 τίνων
616 2202 865 2270 ἐγίγνετο
890 2202 1187 2274 ναύαρχος.
1224 2202 1505 2275 Συνῄεσαν
1544 2204 1590 2257 δ’
1632 2206 1780 2275 ὅμως
1805 2205 2003 2270 ἔξωθεν

430 2291 529 2362 μὲν
560 2293 615 2344 αί
648 2291 879 2355 πεζικαὶ
916 2295 1027 2346 τῶν
1066 2292 1357 2362 Ῥωμαίων
1390 2292 1671 2362 φάλαγγες
1707 2292 1847 2361 μετὰ
1877 2291 2005 2343 πολ-

426 2384 535 2437 λῶν
564 2383 662 2438 καὶ
694 2382 1192 2454 μεγάλωντθυρεῶν
1218 2384 1298 2454 (4)
1337 2385 1434 2437 καὶ
1466 2383 1828 2437 παντοδαπῶν
1861 2401 2003 2453 φρυ-

428 2473 635 2542 γάνων,
678 2474 779 2527 ὅσα
810 2474 988 2545 τροφὴ
1027 2473 1105 2544 τῷ
1138 2474 1272 2544 πυρὶ
1298 2474 1626 2527 καθίσταται
1663 2474 1964 2545 πρόχειρος
1986 2489 2001 2505 ο

429 2566 798 2637 προύφαίνετο
833 2566 891 2619 δέ
922 2567 1014 2619 καὶ
1055 2568 1082 2617 ὁ
1119 2565 1304 2628 στόλος
1335 2566 1438 2636 ἤδη
1469 2567 1742 2635 κάμπτων
1781 2567 1885 2634 τὴν
1912 2567 2006 2619 τοῦ

316 2652 335 2659 ’
432 2658 733 2724 Βυζαντίου
773 2657 990 2729 βορείαν
1022 2657 1224 2727 ἄκραν,
1256 2658 1387 2710 ἔνθα
1414 2659 1616 2728 πύργοι
1650 2675 1709 2710 τε
1735 2657 1830 2711 δύο
1868 2661 2010 2730 ἀνῳ-

432 2752 762 2822 κοδόμηνται
793 2750 959 2804 λίθων
1003 2749 1216 2803 λευκῶν
1263 2751 1359 2804 καὶ
1398 2750 1792 2819 ἁπεξεσμένων
1859 2752 1917 2814 ἐς
1950 2751 2010 2803 τὸ

432 2844 537 2914 τῆς
562 2844 835 2915 ἁρμονίας
864 2842 1087 2911 εὐφυὲς,
1117 2842 1215 2895 καλ¹
1240 2841 1357 2911 ἅμα
1398 2841 1713 2910 Δημητρίου
1744 2841 1838 2894 τοῦ
1873 2841 2013 2911 μάρ-

430 2952 594 3007 τυρος
629 2934 844 3006 ῐδρυται
872 2934 1020 3002 ἱερόν
1059 2933 1158 3001 (5).
1198 2932 1389 2996 Ἔδοξε
1419 2932 1466 2985 δ’
1498 2933 1684 2994 αὐτοῖς
1708 2931 2008 3001 ἐπίμοχθος

433 3028 469 3097 ὴ
495 3025 692 3096 καμπὴ
728 3025 817 3079 διὰ
848 3023 948 3086 τὰς
980 3024 1100 3075 ἐκεῖ
1148 3023 1443 3092 γινομένας
1492 3022 1581 3076 ἀεὶ
1611 3022 1931 3083 θαλαττίους
1952 3020 2011 3073 ἐ-

433 3117 590 3180 λικάς
619 3133 679 3170 τε
708 3115 805 3171 καὶ
827 3107 943 3168 οἷόν
975 3130 1131 3176 τινας
1154 3112 1545 3183 λαϐυρίνθους,
1582 3113 1729 3166 κατὰ
1750 3112 1852 3179 τὴν
1880 3111 2011 3182 παρ’

439 3208 698 3278 Ἕλλησιν
731 3204 1004 3278 ᾀδομένην
1043 3202 1288 3256 Σκύλλαν
1316 3202 1413 3255 καὶ
1438 3201 1742 3273 Χάρυϐδιν,
1772 3202 1840 3270 ἣν
1871 3203 2015 3254 ἐκεῖ·

436 3316 520 3355 νοι
556 3268 701 3353 κατὰ
884 3268 1133 3366 πορθμὸν
1171 3289 1311 3348 εἷναί
1358 3268 1544 3363 φασιν,
1589 3293 1646 3357 ὃς
1681 3268 1885 3363 μεταξὺ
1917 3292 2013 3345 τοῦ
2043 3268 2084 3325 c

438 3409 498 3448 τε
545 3388 807 3444 Ἰταλικοῦ
847 3387 1067 3457 Ῥηγίου
1104 3385 1197 3439 καὶ
1239 3386 1338 3455 τῆς
1364 3385 1656 3455 Σικελικῆς
1694 3386 1878 3438 κεῖται
1905 3385 2018 3437 Με-

442 3487 633 3556 σήνης.
662 3479 908 3551 Ἐσφηλε
935 3477 981 3531 δ’
1007 3478 1207 3543 αὐτοὺς
1249 3478 1306 3540 ἐς
1325 3477 1394 3530 τὰ
1418 3478 1656 3544 μάλιστα
1677 3476 1801 3530 τότε
1836 3479 1931 3531 καὶ
1958 3477 2018 3531 τὸ

443 3576 517 3647 μὴ
571 3573 837 3639 ἀνάλογον
889 3571 1039 3640 ἔχειν
1087 3570 1148 3623 ἐν
1204 3571 1317 3632 τοῖς
1372 3568 1481 3622 τῶν
1537 3569 1674 3622 νεῶν
1712 3568 2019 3638 κοιλώμασι

440 3670 594 3724 κάτω
625 3665 721 3738 τὴν
754 3663 985 3735 ψάμμον
1014 3663 1093 3734 (6)
1118 3679 1134 3693 ·
1164 3664 1302 3731 ὅπερ
1345 3661 1505 3715 εἴωθε
1535 3664 1651 3726 τοῖς
1693 3663 1786 3715 ἐπὶ
1815 3662 2016 3716 θάλατ-

441 3777 543 3814 ταν
568 3760 656 3813 ἀεὶ
686 3755 1077 3810 ναυστολοῦσιν
1128 3755 1363 3824 ἔρεισμα
1393 3754 1642 3822 γίνεσθαί
1671 3771 1731 3807 τε
1760 3755 1853 3808 καὶ
1883 3750 2021 3811 εἶναι

441 3850 535 3906 τοῦ
563 3848 698 3903 πλοῦ
724 3849 821 3904 καὶ
849 3848 1097 3918 θεμέλιος
1122 3849 1439 3917 κράτιστος.

512 3945 591 3998 B'.
620 3942 753 3996 Δέον
781 3936 874 3995 οῦν
901 3940 1044 3992 κατὰ
1079 3939 1332 4010 μέτωπον
1368 3938 1678 4009 στήσαντας
1710 3936 1838 4001 τοὺς
1866 3954 2024 4010 τριη-

448 4040 687 4111 ράρχους
716 4037 814 4098 τὰς
844 4032 979 4095 ναῦς
1007 4031 1392 4102 ἀντιπρώρους
1438 4032 1559 4092 ταῖς
1583 4031 1697 4083 τῶν
1742 4029 2023 4098 πολεμίων

445 4131 604 4185 ναυσὶ
656 4128 751 4181 καὶ
802 4126 911 4179 ἀπὸ
952 4123 1121 4195 μόνης
1167 4122 1266 4193 τῆς
1318 4122 1541 4194 πρώτης
1571 4121 1842 4186 ἐκπλῆξαι
1892 4121 2023 4183 θέας

446 4224 666 4287 αὖτοὺς,
701 4222 751 4273 οι
783 4219 841 4272 δὲ
875 4219 976 4287 τῆς
1009 4213 1400 4290 προσηκούσης
1431 4214 1855 4275 ἐκπεπτωκότες
1884 4213 2028 4280 γνὼ-

450 4334 608 4378 σεως,
653 4315 785 4385 μίαν
817 4312 968 4381 παρὰ
1004 4312 1134 4379 μίαν
1170 4309 1518 4378 κάμπτοντες
1549 4310 1649 4374 τὴν
1676 4307 1856 4376 ἄκραν
1880 4304 2027 4358 ἐκεί-

449 4427 544 4479 νην
576 4407 892 4475 ὐπέφαινον.
928 4402 1133 4473 Πρώτη
1183 4402 1284 4471 μέν
1316 4400 1409 4454 οὖν
1465 4402 1500 4471 ’ἡ
1550 4399 1816 4469 ναυαρχὶς
1855 4398 2029 4451 ἐδείκ-

450 4515 597 4563 νυτο,
635 4497 798 4568 σχολῇ
827 4494 1091 4549 κατιοῦσα
1137 4493 1232 4546 καὶ
1268 4491 1570 4564 βιαζομένη
1604 4491 1750 4560 μάλα
1793 4489 2028 4561 πλησίον

2105 2024 2330 2094 ingruit.
2369 2024 2445 2079 Ea
2499 2040 2590 2083 res
2631 2034 2694 2079 ut
2730 2026 3008 2096 Byzantiis
3042 2025 3296 2079 fiduciam
3339 2024 3580 2086 ademit,
3611 2024 3683 2078 ita
3751 2005 3777 2017 ’ί

2105 2117 2421 2172 Latinorum
2468 2118 2744 2172 navarcho
2775 2119 2989 2172 animos
3029 2118 3263 2172 addidit.
3297 2116 3687 2171 Convenerant

2105 2220 2288 2265 tamen
2318 2211 2662 2265 extrinsecus
2690 2211 2979 2281 pedestres
3016 2210 3392 2265 Romanorum
3427 2208 3687 2262 cohortes

2105 2315 2229 2353 cum
2257 2300 2462 2370 «:lypcis
2499 2298 2686 2353 multis
2709 2308 2765 2353 et
2796 2299 3041 2365 magnis,
3087 2298 3217 2353 item
3252 2312 3378 2351 cum
3422 2296 3570 2350 omni
3610 2298 3688 2349 fo-

2106 2392 2303 2445 mitum
2360 2394 2603 2460 genere,
2669 2400 2940 2460 quotquot
2993 2390 3206 2444 scilicet
3245 2398 3494 2458 prompta
3546 2386 3689 2455 ignis

2108 2484 2442 2538 nutrimenta
2475 2491 2626 2536 sunt.
2670 2482 2986 2552 Apparebat
3019 2491 3203 2535 autem
3230 2490 3287 2536 et
3330 2479 3541 2544 classis,
3569 2493 3693 2547 qua:

2110 2576 2331 2631 lioreale
2354 2576 2466 2646 jam
2500 2574 3024 2630 circumvchebatur
3070 2573 3316 2644 Byzantii
3370 2578 3691 2641 promonto-

2112 2669 2291 2732 rium;
2326 2667 2419 2721 nbi
2470 2674 2653 2720 turres
2679 2665 2803 2719 dure
2848 2664 3129 2720 aediﬁcat?
3159 2672 3287 2717 sunt
3313 2661 3491 2730 lapide
3528 2659 3691 2724 albo,

2109 2759 2175 2812 ad
2223 2760 2546 2812 concinnam
2576 2758 2766 2813 solidae
2799 2765 3098 2811 structurae
3128 2755 3367 2824 Speciem
3403 2752 3645 2822 expetito
3675 2770 3689 2806 :

2111 2869 2220 2922 quo
2257 2853 2419 2906 etiam
2460 2854 2583 2909 loco
2644 2853 2910 2921 templum
2968 2852 3094 2905 divo
3129 2848 3406 2903 Demetrio
3451 2848 3693 2918 positum

2112 2944 2378 2998 occurrit.
2404 2944 2569 2999 Visus
2596 2958 2733 2997 vero
2764 2942 2899 3011 ipsis
2933 2940 3158 3010 iniquus
3186 2940 3275 2994 hic
3302 2938 3474 2993 flexus
3502 2937 3574 2992 ob
3599 2952 3697 2992 eos

2115 3038 2209 3103 qui
2241 3033 2356 3088 illic
2396 3048 2619 3102 semper
2643 3032 2937 3094 exsistunt,
2963 3030 3131 3084 maris
3155 3029 3393 3084 vortices
3426 3038 3481 3082 et
3524 3042 3697 3096 quos-

2114 3125 2238 3179 dam
2263 3123 2420 3194 quasi
2445 3123 2796 3194 labyrinthos
2817 3163 2833 3186 ,
2860 3122 3052 3192 quales
3079 3121 3187 3176 illae
3217 3137 3246 3175 a
3277 3119 3480 3174 Graecis
3497 3120 3699 3173 decan~

2118 3224 2241 3270 tata:
2277 3216 2459 3287 Scylla
2497 3223 2553 3278 et
2589 3213 2922 3283 Charybdis,
2955 3227 3093 3282 quas
3125 3214 3178 3265 in
3221 3212 3314 3264 illo
3358 3211 3521 3276 freto,
3552 3209 3700 3279 quod

2118 3315 2202 3361 est
2229 3306 2374 3361 inter
2400 3304 2651 3360 Italicum
2691 3304 2962 3375 Rhegium
2993 3311 3049 3357 et
3087 3301 3326 3356 Siculam
3356 3301 3700 3366 Messanam,

2120 3400 2252 3454 sitas
2274 3413 2396 3453 esse
2428 3397 2638 3451 dicunt.
2660 3395 2852 3451 Obfuit
2874 3404 3060 3449 autem
3090 3393 3197 3448 illis
3223 3403 3353 3447 tunc
3380 3392 3701 3462 plurimum,
3772 3434 3781 3439 .

2120 3490 2266 3560 quod
2317 3488 2371 3542 in
2424 3488 2631 3543 carinis
2670 3487 2927 3543 idoneam
2975 3486 3222 3541 saburra:
3247 3485 3410 3556 861
3445 3485 3555 3539 vim
3593 3497 3704 3537 non

2120 3582 2421 3645 haberent;
2455 3596 2576 3650 qua:
2606 3595 2696 3634 res
2758 3580 2826 3634 iis
2857 3579 2952 3649 qui
3000 3579 3234 3633 navibus
3274 3592 3425 3639 mare
3457 3576 3708 3645 quotidi.

2121 3671 2489 3745 p'ereurrunt,
2523 3670 2905 3727 fulcimentum
2962 3686 3083 3726 esse
3139 3670 3282 3726 solet
3335 3678 3393 3725 et
3450 3669 3706 3725 firmissi—

2123 3785 2273 3824 mum
2298 3768 2669 3840 navigationis
2696 3766 3140 3823 fundamentum.

2194 3944 2261 3999 ll.
2290 3942 2570 3999 Debebant
2593 3950 2746 3998 certe
2772 3941 3068 3997 trierarchi
3102 3941 3177 3997 ita
3208 3953 3377 3994 naves
3415 3938 3709 4000 collocare.

2127 4044 2187 4091 ut
2220 4036 2468 4091 obversis
2510 4033 2565 4088 in
2608 4033 2842 4087 frontem
2893 4032 3074 4101 proris
3098 4032 3180 4087 vel
3214 4031 3393 4102 primo
3444 4029 3710 4098 adspectu

2127 4126 2340 4182 hostem
2366 4128 2764 4194 perterrerent.
2789 4122 2861 4177 At
2881 4122 2943 4186 ii,
2966 4129 3153 4177 mente
3185 4120 3430 4182 alienati.
3468 4118 3714 4188 singulas

2128 4220 2273 4274 inter
2302 4215 2632 4272 ﬂectendum
2658 4213 3096 4285 promontorium
3121 4211 3509 4268 ostendebant.
3530 4210 3713 4265 Prima
3736 4255 3749 4264 .

2129 4309 2573 4380 conspiciebatur
2603 4307 2758 4361 navis
2785 4310 3066 4376 praetoria.
3099 4300 3245 4358 lente
3274 4318 3334 4357 se
3377 4302 3550 4374 ipsam
3592 4314 3713 4354 mo-

2130 4402 2266 4460 vens
2308 4411 2363 4457 et
2413 4400 2661 4472 proxime
2699 4414 2853 4454 oram
2899 4397 3109 4453 littoris
3148 4396 3406 4467 navigare
3436 4409 3627 4464 magna
3660 4392 3714 4446 vi

2133 4495 2497 4553 contendens.
2523 4492 2662 4548 Tum
2701 4491 2949 4555 alteraet
2968 4492 3141 4545 altera
3171 4505 3201 4543 a
3228 4498 3381 4558 tergo
3416 4486 3712 4550 subibant;

451 4593 542 4645 τὸν
570 4589 741 4645 πλοῦν
775 4587 1051 4641 ποιεῖσθαι
1085 4586 1189 4655 τῆς
1213 4586 1316 4655 γῆς
1337 4603 1351 4618 ·
1384 4585 1480 4638 καὶ
1530 4582 1898 4654 μετ’,ἐκείνην
1931 4584 2013 4636 ἀπ

2135 4589 2277 4646 serie
2306 4586 2539 4657 quadam
2573 4595 2630 4640 et
2649 4584 2821 4639 veluti
2848 4590 3044 4638 catena
3069 4582 3411 4636 cohaerentes
3438 4578 3542 4632 illae
3572 4578 3717 4633 inter

450 4685 619 4756 οὐρᾶς
645 4682 841 4754 ἐτέραν
892 4681 1049 4749 δίκην
1084 4677 1331 4750 ὁρμαθοῦ
1374 4680 1471 4733 καὶ
1516 4679 1705 4748 σειρᾶς
1757 4677 2026 4746 ἐχομένας

452 4778 703 4848 ἀλλήλων
735 4778 793 4839 ἐς
825 4774 1032 4843 μῆκοςο
1066 4769 1323 4840 πρύμναν
1356 4786 1414 4822 τε
1442 4768 1671 4839 πρώρας
1708 4767 1875 4837 ἄλλης
1907 4767 2028 4834 ἐχο-

457 4868 627 4938 μένην
663 4866 757 4920 καὶ
796 4863 972 4927 οὕτως
1012 4860 1308 4932 ἀμοιϐαδὸν
1350 4860 1569 4924 ἁπάσας
1597 4861 1689 4912 καὶ
1738 4855 2026 4927 παραλλὰξ

455 4960 649 5031 ἑτέραν
719 4957 919 5028 ἐτέρας
973 4951 1353 5024 ἐξηρτημένας
1411 4953 1504 5004 καὶ
1565 4949 1851 5019 στοιχηδόν
1911 4963 2031 5010 πως

455 5051 748 5117 πλεούσας,
783 5050 889 5112 ἕως
918 5046 1223 5118 προσέσχον
1255 5044 1332 5113 τῷ
1371 5042 1600 5114 αἰγιαλῷ
1638 5041 1717 5112 τῷ
1742 5043 1807 5095 ἐκ
1841 5039 2032 5111 διαμέ-

454 5160 585 5214 τρου
618 5142 713 5196 καὶ
740 5141 859 5194 κατ’
887 5139 1104 5192 εὐθεῖαν
1129 5137 1226 5191 τοῦ
1262 5136 1556 5191 Λατινικοῦ
1585 5137 1829 5206 κειμένῳ
1855 5151 2030 5204 φρου-

460 5236 598 5304 ρίου,
633 5236 940 5307 ἀπέχουσαι
967 5231 1071 5300 τῆς
1116 5229 1223 5298 γῆς
1263 5227 1609 5298 ήμιπλέθρου
1643 5229 1792 5296 μεῖον
1839 5225 1938 5296 (7).
1970 5224 2033 5276 Ei

460 5328 561 5398 μὲν
592 5323 688 5383 οὖν
736 5324 1016 5381 κάνταῦθα
1060 5322 1350 5392 γενόμεναι
1390 5322 1489 5382 τὰς
1538 5318 1767 5390 πρώρας
1803 5318 1899 5372 ἐπὶ
1936 5335 2035 5387 με-

2132 4696 2192 4736 se
2221 4679 2444 4749 longum
2482 4676 2536 4730 in
2589 4684 2824 4730 tractum
2848 4713 2863 4739 ,
2917 4673 3149 4743 singulae
3200 4670 3539 4742 singularum
3575 4684 3717 4738 pup-

2134 4771 2245 4841 pim
2277 4785 2438 4839 prora
2466 4768 2852 4835 contingentes
2898 4781 2913 4819 :
2959 4775 3016 4819 et
3069 4763 3149 4819 sic
3193 4778 3387 4818 omnes
3418 4801 3435 4825 ,
3484 4760 3716 4814 invicem

2135 4860 2475 4928 alternisque
2504 4858 2623 4913 alia:
2652 4873 2719 4911 ex
2750 4857 2872 4910 aliis
2921 4871 3098 4918 nexae,
3140 4852 3448 4910 continenti
3478 4840 3717 4923 quOdam

2136 4953 2331 5007 ordine
2394 4950 2715 5021 navigantes
2769 4949 3187 5018 procedebant;
3243 4948 3419 5002 donec
3457 4944 3525 4999 ad
3561 4945 3718 5000 littus

2137 5042 2298 5107 illud,
2326 5041 2472 5112 quod
2495 5050 2579 5096 est
2604 5055 2635 5095 e
2666 5040 2889 5110 regione
2916 5037 3099 5094 Latini
3124 5039 3335 5093 castelli
3358 5037 3520 5105 eique
3549 5033 3716 5089 rectis

2136 5135 2300 5190 lineis
2334 5133 2655 5204 opponitur,
2688 5133 2931 5203 appulsae
2978 5141 3108 5186 sunt
3133 5171 3148 5193 ,
3185 5131 3370 5184 minus
3398 5123 3716 5197 semijugeri

2140 5229 2320 5298 spatio
2349 5245 2379 5282 a
2413 5240 2557 5282 terra
2581 5226 2872 5280 distantes.
2898 5224 3056 5291 Quod
3088 5224 3132 5278 si
3159 5224 3272 5276 illic
3300 5222 3493 5275 saltem
3526 5231 3721 5287 proras

2094 5338 2111 5352 ι
2140 5317 2352 5374 Latinis
2395 5318 2448 5372 in
2503 5317 2741 5372 frontem
2797 5316 3156 5387 obiecissent,
3191 5324 3355 5381 atque.
3404 5310 3476 5361 ita
3528 5305 3721 5362 conﬂi-

1813 5457 2154 5519 Variorum
2198 5466 2386 5518 notae.

534 5600 612 5669 (4)
639 5596 815 5669 Nostri
852 5595 1109 5669 pavesade
1136 5599 1354 5669 vocant.
1396 5590 1640 5669 Ducam.
1699 5657 1729 5669 ,ν
1790 5646 1793 5647 ν

640 5669 719 5741 De
737 5656 933 5741 quas.
968 5663 1225 5741 Demetrii
1246 5662 1376 5741 laede
1402 5660 1635 5741 etillius
1669 5657 1777 5713 situ
1810 5656 2035 5741 copjusc

461 5727 678 5806 egimus
708 5727 770 5792 in.
793 5734 1199 5803 Constantinop.
1238 5730 1436 5787 Christ.
1467 5731 1562 5785 lib.
1591 5745 1665 5791 tv.
1723 5739 1859 5784 sect.
1892 5727 1947 5791 6,
1982 5743 2036 5781 n.

463 5812 556 5870 55.
591 5809 824 5866 Ducena.

3272 5514 3293 5542 Ι

2213 5589 2291 5655 (6)
2318 5559 2648 5642 Saburram.
2674 5628 2686 5640 .
2711 5625 2724 5638 .
2748 5621 2764 5639 .
2796 5584 3065 5655 Ducum.
3162 5624 3176 5655 ἶ

2217 5641 2293 5727 (71
2331 5657 2466 5713 Cod.
2500 5672 2603 5711 ms.
2635 5655 2702 5710 ad
2752 5654 3055 5727 marginth
3088 5689 3103 5711 ,
3164 5647 3485 5716 Σημεὶωσλι
3534 5643 3617 5695 ὅτι
3660 5641 3721 5697 τὸ

2150 5721 2386 5798 πλέθρον
2414 5729 2532 5782 ἐστὶ
2559 5727 2777 5797 πηχέων
2820 5721 2933 5794 ρ).γ’
2996 5722 3238 5774 “nemo.
3712 5744 3713 5747 η

2428 5933 2452 5959 Ι
