4064 6480
423 352 561 421 1119
709 349 784 421 [Α.
829 364 887 404 ιι.
924 346 1085 414 6857,
1122 361 1231 402 me.
1272 343 1330 419 2]

418 467 582 541 gendi
613 474 832 536 tempus
850 472 1259 534 exspectassent
1280 505 1295 530 ,
1322 463 1485 530 bene,
1515 462 1737 533 opinor,
1769 464 2001 520 habuis-

2125 463 2295 517 rdmou
2353 464 2471 525 τοῖς
2527 462 2782 526 Λατίνοις
2846 463 3095 529 ἵστασαν,
3149 460 3545 533 περιμένουσαι
3588 462 3681 531 τὴν
3712 499 3732 509 -

417 568 529 616 set.
564 558 680 615 lmo
700 558 745 614 si
777 556 1008 613 littorali
1032 557 1124 613 ilia
1153 556 1503 628 navigatione
1539 570 1652 611 non
1686 556 1999 627 interrupta

2125 556 2374 627 ὒραψτῆς
2392 556 2725 625 προσὸολῆς,
2759 550 2818 610 εὖ
2846 557 2913 610 ἂν
2933 553 3085 626 οἶμαι
3112 551 3260 628 εἶχεν
3278 574 3292 589 ·
3324 556 3360 626 ἢ
3383 558 3445 608 τό
3481 572 3542 624 γε
3569 556 3682 625 βέλ-

417 650 821 720 processissent
851 648 1018 705 simili
1037 649 1199 705 modo
1220 664 1395 719 usque
1420 646 1489 702 ad
1520 657 1827 703 extremum
1849 647 2001 711 freti,

2125 647 2366 721 tsov,'_[P.
2394 648 2522 719 545]
2549 650 2597 702 εί
2629 649 2705 720 μὴ
2733 648 3061 719 διακίψασαι
3087 652 3181 703 τὶν
3206 648 3476 717 παράλιον
3494 649 3685 703 ἐκεῖνον

419 745 517 798 ubi
552 742 813 799 videlicet
848 752 907 800 et
927 743 1067 798 alias
1085 758 1255 797 naves
1286 742 1505 798 stetisse
1532 742 1796 804 diximus.
1837 750 2002 811 atque

2125 738 2285 793 πλοῦν
2317 740 2676 811 προύχώρουν
2726 731 2930 812 ὁμοίως
2979 743 3108 813 ἄχρι
3162 743 3263 811 τῆς
3317 742 3579 812 ἐσχατιᾶς
3604 743 3687 797 τοῦ

1619 352 2041 415 NICEPHORI
2082 351 2470 413 GREGouaa
2755 342 2890 416 [rw-
2931 359 2973 399 ι-
3016 356 3311 401 ελκτλουιο
3350 341 3410 415 51

3553 347 3675 411 11ἒο

284 884 305 895 ς
414 836 577 892 illinc
606 850 736 916 cum
780 836 999 893 caeteris
1042 850 1275 891 reversae
1303 845 1498 891 contra
1531 836 1747 891 hostem
1788 842 2011 891 servato

2125 831 2392 901 πορθμοῦ,
2433 832 2541 903 ὅπη
2594 833 2798 904 δηλαδὴ
2850 834 2947 887 καὶ
3000 833 3103 903 τὰς
3158 832 3327 897 ἄλλας
3379 834 3689 904 εἰρήκειμεν

419 925 614 981 ordine
642 936 920 997 provecta:
962 935 1171 989 essent,
1204 925 1348 981 bene
1379 926 1460 980 sic
1506 940 1727 997 quoque
1767 924 2010 997 (Opinor)

2125 923 2396 991 ίστασθαι,
2426 925 2689 981 κάκεῖθεν
2712 926 2851 996 ὁμοῦ
2885 927 3008 990 ταῖς
3053 926 3244 991 ἄλλαις
3275 925 3691 998 ἐπαναστρέψα-

420 1016 732 1073 habuisset.
783 1017 892 1073 Sed
922 1017 1086 1073 aliam
1118 1017 1267 1073 Deus
1298 1026 1540 1073 mentem
1573 1031 1778 1091 pavore
1805 1016 2009 1088 injecto

2125 1034 2207 1072 σαι
2237 1018 2332 1073 τὸν
2361 1018 2632 1073 ἐπίπλουν
2660 1019 2718 1072 ἰν
2744 1018 2901 1086 τάξει
2927 1019 3071 1073 κατὰ
3099 1018 3212 1072 τῶν
3244 1011 3527 1090 πολεμίων
3557 1023 3651 1072 ἐπο
3670 1050 3695 1060 -

415 1108 627 1177 attulit,
679 1121 737 1166 et
771 1118 1003 1180 repente
1037 1109 1187 1165 vices
1233 1110 1465 1164 mutavit
1493 1109 1764 1178 vanisque
1809 1121 2005 1163 eorum

2125 1109 2292 1174 aiivro,
2314 1111 2414 1169 κο).
2447 1111 2628 1187 οὕτως
2658 1111 2718 1167 εῦ
2749 1112 2817 1167 ἂν
2850 1106 3011 1183 οἴμαι
3045 1111 3211 1184 εἶχεν.
3245 1112 3365 1167 Νῦν
3408 1113 3467 1165 δὲ
3509 1111 3623 1165 ἀλλ’
3649 1112 3695 1164 ἐ-

412 1199 584 1257 dietis
607 1215 674 1257 ac
703 1201 871 1257 minis
897 1200 1122 1256 fortuna
1163 1201 1351 1257 exitus
1379 1200 1694 1255 contrarios
1717 1197 1893 1255 dedit.

2125 1203 2282 1275 πέραν
2310 1204 2340 1258 ὁ
2375 1203 2589 1274 δαίμων
2632 1204 2839 1260 ἔδωκεν
2894 1205 3110 1261 ιννοιαν
3171 1206 3270 1262 καὶ
3307 1204 3516 1260 δειλίαν
3544 1221 3560 1238 ⁸
3603 1205 3693 1258 καὶ

419 1296 764 1367 μετήνεγκεν
827 1296 1027 1369 ἀθρόον
1077 1297 1177 1351 καὶ
1226 1294 1594 1369 περιέστησεν
1657 1295 1717 1359 ἐς
1761 1293 2083 1350 τούναντίον
2119 1297 2220 1363 τὰς
2277 1299 2388 1354 τῶν
2440 1301 2820 1373 καυχημάτων
2870 1304 2968 1359 καὶ
3023 1302 3267 1358 ἀπειλῶν
3324 1300 3626 1365 ἀποϐάσεις
3665 1302 3696 1375 ἡ

413 1411 577 1466 τυχη.
2594 1448 2605 1455 κ

484 1488 578 1544 Ill.
615 1489 753 1545 Nam
801 1487 968 1561 862
1013 1501 1154 1557 quos
1196 1486 1489 1557 oportebat
1544 1485 1806 1552 beroice,
1863 1484 2011 1540 sicut

2190 1486 2268 1544 Γ.
2304 1487 2437 1543 Δέον
2462 1489 2573 1559 γὰρ
2597 1491 2855 1561 ἡρωϊκῶς
2885 1496 3027 1545 κατὰ
3054 1490 3154 1554 τὰς
3186 1491 3531 1559 ἐπαγγελίας
3560 1490 3698 1560 ἀγω-

414 1581 816 1650 promiserant,
867 1595 1148 1652 pugnare;
1189 1579 1231 1634 ii
1274 1588 1472 1634 contra
1524 1577 1751 1648 trepidi,
1788 1576 2011 1632 nemine

2125 1580 2397 1649 νίσασθαι,
2442 1585 2491 1637 οί
2513 1584 2559 1638 δ’
2615 1583 2920 1655 ὑπότρομοι
2969 1585 3256 1654 γενόμενοι
3313 1584 3419 1655 (8),
3480 1574 3699 1655 μηδενὸς

416 1674 748 1741 obsistente,
798 1674 955 1730 nullo
1001 1687 1104 1728 nec
1133 1670 1329 1727 stricto
1359 1670 1544 1742 gladio
1572 1685 1676 1726 nec
1708 1669 1926 1725 vibrato
1952 1671 2009 1725 in

2125 1674 2602 1746 ἀντιπράττοντος,
2656 1653 2796 1748 μήτε
2848 1653 3038 1747 ξίφους
3095 1653 3697 1750 γυμνωθ-έντοςίτμήτε

419 1778 522 1820 eos
563 1766 696 1829 telo,
728 1765 874 1822 versi
928 1765 983 1819 in
1025 1764 1208 1836 fugam
1241 1778 1436 1819 omnes
1480 1778 1548 1818 ex
1589 1761 1852 1818 tabulatis
1892 1762 2010 1817 bini

2125 1766 2308 1837 βέλους
2342 1765 2430 1820 ἐπ’
2462 1767 2664 1831 αὐτοὺς
2694 1767 3207 1837 ἀκροϐολισθέντος,
3245 1769 3486 1838 ἔφευγον
3535 1770 3700 1824 am-

420 1858 609 1912 statim
633 1858 890 1928 ternique
918 1856 1064 1914 ftede
1092 1866 1149 1912 et
1169 1855 1400 1911 confuse
1429 1854 1744 1927 subjectum
1774 1856 1830 1910 in
1863 1869 2013 1909 mare

2125 1877 2230 1926 τες,
2274 1860 2386 1914 τῶν
2433 1864 2924 1933 καταστρωμάτων
2965 1861 3229 1933 ἐξαίφνης
3283 1864 3487 1918 σύνδυό
3517 1882 3576 1917 τε
3613 1866 3702 1918 καὶ

418 1949 773 2006 desiliebant.
830 1950 910 2005 Ae
957 1949 994 2003 ii
1048 1949 1294 2020 quidem,
1350 1942 1445 2019 qui
1492 1962 1626 2002 nare
1681 1947 2012 2013 didicerant,

2125 1955 2371 2027 σύντρεις
2424 1954 2775 2025 ἐκπηδῶντες
2826 1957 2921 2021 ξὺν
2958 1956 3137 2010 οὐδενὶ
3188 1957 3384 2027 κόσμῳ
3427 1958 3569 2011 κατὰ
3608 1958 3703 2027 τῆς

417 2042 649 2112 abjectis
678 2043 846 2099 armis
876 2057 1020 2112 aegre
1053 2042 1109 2097 in
1149 2052 1352 2098 terram
1392 2041 1723 2097 evadebant.
1757 2041 2013 2110 Plerique

2125 2050 2491 2121 ὑποκειμένης
2524 2049 2797 2118 Θαλάττης
2822 2065 2836 2080 ·
2879 2043 2955 2104 ὧν
2988 2051 3038 2104 el
3085 2049 3189 2119 μὲν
3240 2050 3601 2122 διανήχεσθαι
3631 2054 3703 2105 εί-

419 2142 607 2189 autem
635 2150 917 2190 armorum
942 2135 1188 2206 pondere
1218 2135 1700 2206 deprimebantur.
1734 2135 1803 2190 Et
1823 2136 2014 2191 videre

417 2212 541 2281 erat
576 2227 860 2298 (miserum
887 2243 1021 2283 sane
1054 2229 1455 2299 spectaculum)
1510 2214 1565 2284 in
1595 2229 1808 2301 gurgite
1843 2230 2017 2299 palpi-

424 2318 628 2383 tantes,
676 2321 958 2376 terribiles
993 2321 1118 2375 illos
1145 2330 1201 2375 et
1232 2321 1542 2390 arrogantia
1571 2322 1745 2377 elatos
1776 2321 2015 2378 bellato-

417 2427 530 2474 res.
568 2412 804 2482 piscium
833 2426 1281 2484 cancrorumque
1312 2413 1487 2470 instar
1522 2413 1629 2469 sibi
1663 2414 1900 2470 invicem
1936 2426 2017 2471 te-

415 2504 1022 2574 naciterdnbterentes,
1049 2517 1110 2563 ut
1143 2522 1429 2577 cmergere
1464 2507 1609 2562 haud
1646 2516 1891 2586 possent,
1918 2509 2013 2565 sed

417 2595 472 2651 in
511 2605 786 2666 posteram
815 2597 960 2653 diem
991 2613 1020 2652 a
1047 2597 1265 2653 fortuna
1293 2606 1730 2662 reservarentur,
1769 2599 2017 2668 piscibus

418 2691 874 2747 convivatoribus
908 2690 1025 2746 suis
1056 2692 1280 2762 epulum
1311 2691 1414 2760 ipsi
1447 2690 1652 2746 daturi.
1690 2692 1841 2747 Adeo
1874 2693 2017 2748 facta

420 2785 625 2856 injuria
666 2794 921 2841 auctores
963 2786 1183 2856 injuriae
1220 2801 1288 2840 ex
1336 2785 1579 2842 fortibus
1611 2786 1862 2842 imbelles
1894 2788 2019 2842 red-

417 2878 502 2933 dit
534 2896 548 2932 :
576 2878 714 2934 adeo
733 2878 947 2934 heroici
980 2878 1212 2949 spiritus
1252 2879 1359 2933 hoc
1381 2877 1534 2958 ipso,
1555 2878 1702 2949 quod
1737 2894 1795 2934 se
1822 2879 2019 2935 adver-

418 2987 516 3028 sus
553 2971 723 3028 Deum
749 2972 1136 3029 contumacius
1166 2972 1410 3044 erigunt,
1458 2970 1701 3027 infelicia
1741 2972 2017 3028 exsistunt

418 3066 660 3122 fortuna;
688 3066 954 3122 ludibria.

2116 2143 2288 2206 δὸτες,
2318 2145 2608 2216 ῥίπτοητες
2634 2144 2703 2197 τὰ
2744 2144 2909 2205 ὅπλα,
2949 2143 3108 2213 μόλις
3153 2146 3209 2208 ἐς
3237 2144 3345 2213 γῆν
3380 2145 3700 2210 ἐξέπιπτον

2117 2236 2167 2288 oi
2191 2235 2249 2288 δὲ
2290 2235 2513 2300 πλείους
2554 2234 2634 2307 τῷ
2667 2235 2822 2306 βάρει
2846 2234 2958 2290 τῶν
2995 2235 3180 2290 ὃπλων
3208 2236 3565 2291 κατεδύοντο.
3599 2238 3702 2291 Καὶ

2116 2324 2186 2400 ἦν
2228 2329 2357 2382 ίδεῖν
2389 2328 2571 2399 θέαμα
2621 2330 2884 2395 ἐλεεινὸν,
2920 2330 3307 2400 ἀσπαίροντας
3352 2331 3415 2382 ἐν
3454 2329 3535 2399 τῷ
3565 2329 3701 2401 βυθῷ

2117 2428 2243 2489 τοὺς
2297 2424 2567 2494 φοϐεροὺς
2621 2424 2720 2478 καὶ
2779 2423 3094 2494 μετεώρους
3148 2422 3403 2486 ἐκείνους
3461 2424 3700 2488 ὁπλίτας,

2117 2517 2277 2588 δίκην
2305 2516 2508 2587 ἰχθύων
2544 2515 2643 2570 καὶ
2669 2515 2972 2585 καρκίνων,
3002 2514 3098 2568 καὶ
3130 2514 3385 2583 ἀλλήλων
3417 2515 3700 2588 ἐχομένους

2119 2587 2295 2677 ἀπρὶξ
2338 2609 2434 2661 καὶ
2458 2607 2718 2662 ἀναδῦναι
2755 2605 2832 2678 μὴ
2874 2604 3237 2676 δυναμένους,
3281 2606 3428 2660 ἀλλὰ
3459 2587 3705 2676 ταμιευο-

2122 2703 2324 2773 μένους
2346 2703 2404 2765 ἐς
2437 2701 2537 2771 τὴν
2568 2701 2869 2773 ὑστεραίαν
2907 2700 3013 2754 ὑπὸ
3043 2701 3145 2769 τῆς
3175 2704 3349 2771 τύχης
3387 2700 3700 2770 ἑστιάτορας

2119 2795 2321 2858 αὐτοὺς
2352 2796 2467 2859 τοῖς
2497 2793 2713 2849 ἐαυτῶν
2741 2793 3067 2865 δαιτυμόσιν
3105 2794 3184 2865 (9)
3216 2793 3445 2848 ἔσεσθαι
3478 2791 3701 2863 ἰχθύσιν.

2121 2883 2312 2948 Οὕτως
2339 2883 2639 2954 ἀνάνδρους
2669 2884 2733 2939 τὸ
2789 2885 2999 2939 ἀδικεῖν
3036 2886 3184 2939 ποιεῖ
3228 2886 3360 2949 τοὺς
3410 2885 3701 2955 ἀνδρείους,

2121 2979 2216 3033 καὶ
2259 2977 2519 3047 παίγνιον
2559 2978 2825 3049 δυστυχὲς
2855 2977 2925 3033 τὰ
2965 2978 3187 3048 ἡρωῖκὰ
3219 2979 3467 3034 δεικνύει
3513 2982 3701 3050 φρονή-

2125 3086 2273 3140 ματα
2301 3068 2369 3122 τδ
2400 3066 2538 3123 Θεοῦ
2576 3067 3042 3139 κατεπαίρεσθαι.

494 3150 585 3218 ῑγ.
615 3160 886 3216 Nimirum
919 3162 980 3224 it,
1010 3163 1137 3229 quia
1170 3168 1299 3215 ante
1325 3175 1563 3231 pugnam
1594 3160 1689 3215 diu
1714 3170 2014 3231 noctuque,

2193 3166 2268 3216 A'.
2308 3162 2466 3217 Ἐπεὶ
2495 3161 2608 3234 γὰρ
2642 3161 2751 3231 πρὸ
2794 3161 2898 3231 τῆς
2949 3160 3153 3231 μάχης,
3192 3159 3421 3231 νύκτωρ
3465 3160 3557 3215 καὶ
3595 3157 3715 3228 μεθ’-

423 3257 612 3323 lingua
649 3255 1276 3312 contumeliosissimum
1326 3255 1513 3311 viduis
1542 3257 1879 3328 pupillisque
1914 3258 2019 3330 By-

426 3348 669 3407 zantinis
725 3349 933 3405 bellum
991 3347 1336 3416 inferentes,
1399 3352 1598 3421 quovis
1636 3352 1794 3408 hoste
1831 3355 2020 3425 pejora

421 3448 905 3513 perpetraverant,
938 3439 1365 3511 tabularumque
1398 3450 1454 3496 et
1485 3443 1840 3513 palorumad
1881 3444 2023 3500 clas-

426 3536 505 3590 sis
539 3549 699 3589 usum
760 3535 1259 3605 comparandorum
1304 3534 1527 3589 nomine
1565 3543 1708 3590 totas
1735 3543 1790 3590 et
1828 3535 2022 3591 domos

420 3640 748 3687 everterant
801 3639 858 3687 et
904 3647 1039 3701 opes
1083 3630 1472 3701 diripuerant,
1526 3645 1593 3685 ac
1635 3630 1688 3684 in
1748 3628 2020 3702 ejusmodi

432 3724 771 3780 facinoribus
828 3724 1059 3793 spiritus
1114 3724 1238 3779 illos
1277 3723 1503 3779 Martios
1545 3723 1657 3795 jam
1706 3731 1823 3778 tum
1872 3738 2022 3778 con-

430 3826 817 3887 sumpserant;
854 3817 981 3872 iJeo
1012 3825 1215 3888 praeter
1266 3816 1584 3886 opinionem
1619 3814 1878 3872 fluetibus
1908 3831 2025 3869 ma-

430 3907 684 3979 rlnisque
740 3908 1053 3980 gurgitibus
1105 3909 1349 3979 absorpti
1391 3907 1684 3979 praeclaras
1736 3907 1851 3963 illic
1897 3922 2027 3976 Spes

431 4003 617 4060 subito
649 4004 1051 4075 sepeliverunt,
1085 4013 1253 4075 atque
1281 4019 1348 4059 ex
1378 4007 1513 4059 orbe
1537 4003 1645 4060 hoc
1669 4002 1922 4059 terrestri
1960 4003 2024 4057 in

432 4094 723 4150 humidum
783 4104 840 4150 et
879 4095 933 4149 in
994 4094 1297 4165 profundas
1345 4110 1517 4166 aquas
1574 4092 1828 4149 translati
1872 4102 2023 4154 sunt,

2124 3257 2342 3328 ἡμέραν
2371 3253 2463 3309 ἀεὶ
2512 3253 2939 3326 στρατευόμενοι
2992 3250 3176 3321 πολλῷ
3215 3251 3296 3323 τῷ
3325 3251 3433 3322 τῆς
3472 3251 3703 3321 γλώττης

2124 3347 2403 3419 ὑϐρίζοντι
2429 3346 2573 3400 κατὰ
2603 3344 2718 3399 τῶν
2741 3342 3061 3409 Βυζαντίων
3090 3341 3285 3413 χηρῶν
3315 3344 3420 3396 καὶ
3443 3341 3702 3413 ὀρφανῶν,

2124 3442 2346 3496 πάντων
2374 3438 2656 3511 πολεμίων
2683 3437 2855 3509 ἔδρων
2884 3430 3032 3490 οῦτοι
3063 3436 3132 3489 τὰ
3157 3436 3436 3508 χείριστα,
3461 3436 3556 3491 καὶ
3578 3452 3700 3506 προ-

2125 3534 2288 3603 φάσει
2321 3532 2411 3586 διὰ
2444 3532 2548 3595 τὰς
2577 3529 2712 3594 ναῦς
2738 3529 2970 3583 σανίδων
3001 3528 3099 3582 καὶ
3140 3528 3419 3582 στυπτίων
3443 3529 3567 3589 ὅλας
3591 3524 3701 3579 ἀνέ-

2121 3641 2328 3694 τρεπον
2354 3624 2556 3690 οἰκίας,
2584 3624 2683 3676 καὶ
2709 3621 2839 3684 ὅλας
2870 3619 3063 3684 οὐσίας
3095 3619 3587 3690 ἡνδραποδίζοντο,
3607 3617 3701 3669 κάν

2124 3721 2238 3780 τοῖς
2263 3716 2530 3780 τοιούτοις
2560 3713 3029 3786 προανηλώκεσαν
3065 3713 3164 3782 τῆς
3199 3713 3439 3784 ἅρεῖκῆς
3464 3710 3703 3779 ἀνδρείας

2123 3809 2217 3863 τὸν
2254 3809 2422 3877 ὄγκον
2461 3809 2690 3869 ἐκεῖνον,
2742 3804 2938 3859 ἔλαθον
2986 3802 3196 3874 κύμασι
3236 3803 3332 3857 καὶ
3393 3802 3575 3874 βυθοῐς
3616 3800 3704 3852 θα-

2124 3901 2365 3962 λαττίοις
2399 3897 2497 3952 νῦν
2537 3896 2791 3951 ἐνταυθοῖ
2832 3897 2931 3960 τὰς
2957 3896 3213 3964 γενναίας
3260 3893 3539 3965 θάψαντες
3565 3891 3703 3946 ἐλπί-

2125 3997 2223 4060 δας
2275 3994 2474 4065 ἀθρόον
2515 3992 2614 4046 καὶ
2672 3989 2771 4044 τοῦ
2825 3988 3204 4062 ἡπειρωτικοῦ
3263 3987 3359 4042 τὸν
3403 3988 3566 4059 ὑγρὸν
3617 3987 3702 4040 καὶ.

2127 4086 2468 4160 ὑποϐρύχιον
2511 4081 2884 4151 ἀλλαξάμενοι
2923 4081 3063 4153 βίον.
3105 4080 3197 4152 Τῷ
3230 4079 3338 4152 γὰρ
3370 4077 3702 4151 ἡμαρτηκότι

430 4186 769 4243 Delietorum
798 4186 1003 4259 quippe
1042 4187 1380 4243 conscientia
1402 4164 1742 4257 oppressam
1778 4196 2021 4241 mentem

2125 4178 2222 4234 τοῦ
2276 4176 2584 4239 συνειδότος
2651 4174 2939 4246 βρίθοντας
2990 4170 3209 4243 ἔχοντες
3230 4170 3571 4240 -λογισμοὺς,
3614 4164 3702 4219 καὶ

432 4281 747 4345 habebant,
803 4256 860 4335 et
900 4256 1220 4351 pupillares
1276 4279 1399 4336 illas
1431 4280 1513 4351 (ut
1548 4293 1649 4350 par
1681 4280 1789 4349 est)
1831 4294 2021 4350 preces

2128 4269 2680 4342 ἀναμιμνησκόμενοι
2716 4266 2960 4336 δεήσεων
2990 4262 3219 4317 ἐκείνων
3264 4261 3598 4332 ὀρφανικῶν,
3629 4256 3698 4363 ὡνς

431 4375 596 4447 863
655 4373 1113 4445 miserabilesq’ue
1173 4374 1447 4445 lacrymas
1498 4372 2021 4429 reminiscebantur.

2128 4363 2297 4427 ἔοικε,
2338 4362 2434 4416 καὶ
2478 4359 2734 4430 δακρύων
2759 4357 3037 4444 ἐλεεινῶν,
3070 4355 3262 4426 ῶσπερ
3311 4352 3617 4425 μεθυούσας
3638 4352 3702 4402 εἷ·

432 4467 806 4534 Quamobrem
848 4474 904 4520 et
934 4465 1192 4521 manibus
1220 4465 1289 4545 ad
1324 4479 1476 4519 arma
1528 4463 1812 4519 tractanda
1865 4463 2021 4533 quasi

2128 4472 2226 4526 χον
2264 4453 2362 4515 τὰς
2397 4453 2588 4523 χεῖρας
2642 4449 2779 4545 πρὸς
2823 4439 2967 4503 ὅπλα
3021 4447 3123 4500 καὶ
3166 4444 3534 4517 ἀκροσφαλεῖς
3579 4439 3698 4545 app;

430 4525 628 4621 ebriis,
661 4564 719 4613 et
770 4554 1009 4626 pedibus
1049 4555 1118 4609 ad
1155 4540 1489 4609 movendum
1522 4569 1724 4624 corpus
1761 4525 2021 4609 vacillan-

2129 4525 2378 4617 κινήσεις
2424 4545 2553 4607 τοὺς
2605 4525 2795 4608 πόδας,
2851 4541 2946 4597 καὶ
2980 4541 3099 4611 ἃμα
3153 4536 3567 4611 τεθραυσμένην
3610 4530 3700 4601 τὴν

435 4646 589 4702 tibus
621 4625 942 4716 torpebant.
976 4644 1174 4700 Animo
1208 4652 1391 4699 autem
1421 4643 1602 4699 fracto
1634 4660 1697 4699 ac
1734 4646 2021 4701 vulnerato

2126 4640 2376 4696 διάνοιαν
2426 4638 2486 4700 ἐς
2525 4636 2626 4700 τὰς
2658 4634 2799 4706 πρὸς
2843 4633 2904 4687 τὸ
2942 4634 3198 4703 κρεῖττον
3232 4631 3483 4692 ἐλπίδας,
3528 4625 3699 4716 ἔργοις

431 4737 576 4792 bene
637 4715 864 4807 sperare
915 4736 1067 4792 haud
1133 4744 1388 4808 poterant
1436 4753 1452 4790 :
1514 4737 1637 4808 ipso
1691 4745 1807 4792 tum
1868 4739 2019 4795 exitu

2130 4732 2243 4795 τοῖς
2269 4727 2576 4801 τηνικαῦτα
2608 4726 3002 4798 μανθάνοντες,
3047 4725 3139 4778 ὅτε
3178 4724 3346 4795 μηδέν
3373 4737 3555 4791 σφισιν
3584 4715 3700 4784 5'96-

433 4828 642 4893 edocti,
698 4845 822 4885 eum
853 4829 922 4885 iis
978 4828 1133 4892 nihil.
1161 4828 1459 4899 proderat,
1495 4844 1607 4884 non
1664 4843 1919 4900 oportere
1967 4831 2021 4887 in

2131 4823 2226 4887 λος
2256 4818 2347 4894 ἦν,
2381 4819 2461 4893 μὴ
2495 4816 2635 4873 εἶναι
2668 4817 2848 4891 χρεὼν
2878 4819 2941 4871 ἐν
2986 4819 3099 4881 τοῖς
3128 4816 3316 4878 ὅπλοις
3348 4816 3447 4878 τὰς
3474 4808 3699 4909 χρηστῗς

436 4924 608 4978 armis
659 4921 859 4977 bonam
897 4938 1049 4993 spem
1083 4921 1347 4979 collocari
1378 4961 1395 4988 ,
1448 4922 1555 4979 nisi
1599 4924 1831 4994 aequitas
1880 4923 2021 4980 adsit

2134 4916 2354 4986 ἀνέχειν
2405 4912 2654 4975 ἐλπίδας.
2694 4911 2761 4981 ἢν
2797 4910 2872 4981 μὴ
2921 4911 3074 4981 παρῇ
3113 4906 3174 4962 τὸ
3205 4907 3416 4963 δίκαιον
3446 4903 3578 4975 μετὰ
3610 4903 3698 4965 τῆς

436 5028 564 5067 cum
628 5021 780 5068 recta
842 5013 1065 5083 pietatis
1094 5015 1308 5071 ratione
1338 5012 1652 5086 conjuncta.
1707 5015 1839 5082 Quae
1876 5016 2021 5071 enim

2133 5010 2229 5065 τοῦ
2281 5008 2531 5063 εὐσεϐεῖν
2565 5006 2885 5077 εὐθύτητος.
2925 5006 3126 5068 Μόνοις
3176 5004 3289 5072 γὰρ
3312 5004 3420 5065 τοῖς
3468 5006 3560 5052 σὺν
3586 4995 3698 5064 δίκῃ

432 5102 582 5176 juste
618 5103 759 5160 facta
791 5112 939 5170 sunt,
981 5120 1046 5160 ea
1094 5105 1210 5160 sola
1243 5102 1413 5160 animi
1446 5103 1619 5160 robur
1649 5104 1868 5160 firmum
1900 5119 2021 5160 sus-

2135 5103 2444 5177 δρωμένοις
2478 5102 2540 5155 τὸ
2563 5100 2863 5172 δυνάμενον
2889 5099 2988 5169 τῆς
3018 5097 3201 5167 ψυχῆς
3231 5094 3486 5167 ἀσφαλῶς
3511 5087 3696 5162 ἐρεδε·

1795 5236 2136 5301 Variorum
2177 5248 2367 5301 nota).

2224 5392 2588 5460 Δαιτυμόνες
2621 5389 2673 5443 δ’
2699 5389 2765 5455 ἐς
2788 5388 3005 5457 δώματ’
3037 5388 3186 5443 ἴσιιν
3202 5388 3368 5443 θείου
3391 5380 3694 5460 βασιλῆος.

2141 5459 2479 5544 δαιτυμόνας
2506 5461 2902 5544 interpretatur
2923 5460 3281 5544 ἐστιάτοραςξ
3303 5469 3357 5513 et
3380 5459 3484 5539 vim
3508 5465 3698 5544 turum-

2142 5548 2252 5602 que
2280 5530 2653 5601 significandi.
2681 5531 2958 5585 convivam
2987 5546 3195 5602 nempe
3226 5539 3281 5585 et
3308 5530 3693 5602 conai_va_torem.

2141 5595 2192 5657 ei
2227 5595 2502 5657 vocabulo
2518 5613 2837 5671 competere
2865 5605 3063 5655 docent
3094 5595 3688 5671 lexieograplti._'l‘amett

2142 5674 2291 5744 apud
2322 5662 2661 5744 Gregorium
2687 5662 3025 5727 Nazianzen.
3086 5681 3228 5726 orat.
3268 5662 3626 5744 Satanam
3646 5667 3693 5712 ct

2141 5739 2887 5813 δαιτυμὼν⁷ορυοιιυηιιιι·ι
2947 5743 3059 5797 imo
3114 5753 3169 5796 et
3227 5742 3369 5809 apud
3421 5739 3689 5813 Gregoralll

2145 5809 2351 5886 ipsum.
2385 5809 2654 5869 Ilistflib.
2694 5828 2846 5879 χχιιι,
2881 5828 3004 5885 pag.
3037 5813 3164 5879 582,
3190 5813 3288 5868 lin.
3339 5814 3435 5868 ult.
3466 5809 3656 5865 BOIVIN-

514 5399 596 5472 (8)
626 5396 782 5472 lianc
837 5393 1281 5472 Graecanjcarum
1341 5393 1563 5472 navium
1621 5391 1835 5472 cladem
1892 5390 2034 5472 mul-

443 5473 518 5527 tis
580 5462 747 5524 ctiam
802 5474 993 5521 narrat
1042 5464 1467 5520 Cantaeuzenus
1514 5464 1571 5518 d.
1611 5478 1736 5533 cap.
1776 5462 1832 5516 H
1883 5470 2031 5516 extr.

443 5543 688 5597 Ducam.
1328 5545 1340 5553 ·

517 5612 595 5682 (9)
632 5610 1038 5682 Interpretatns
1055 5620 1200 5682 sum,
1226 5604 1454 5682 piscigus
1473 5603 1899 5682 coniectoribus
1922 5605 2034 5682 suis

447 5673 662 5751 epulum
689 5673 1006 5751 ipsidqturt’
1024 5676 1138 5751 ;_id
1161 5675 1309 5751 quod
1345 5673 1622 5751 Gregoras
1645 5675 1874 5751 ipschni
1935 5674 2037 5729 fal-

450 5742 558 5811 lor.
590 5742 789 5805 sensit.
843 5742 1070 5804 Homeri
1106 5742 1482 5813 Scholiastes;
1510 5746 1576 5803 ad
1609 5742 1758 5800 hunc
1787 5742 2034 5814 Odyssea?

447 5822 494 5888 δ,
521 5822 617 5881 6‘21
655 5835 873 5875 versum
917 5837 931 5874 :
1912 5822 1927 5832 κ

3964 4970 3967 5155 J
