4064 6448
450 355 580 420 11⁵21
837 353 915 425 μ.
957 368 1002 409 c.
1052 354 1212 427 1549]

1430 360 1883 423 ΒΥΖΑΝΤΙΝίΕ
1922 362 2005 421 lli

2116 362 2312 420 ORDE
2352 322 2498 421 Llil.
2541 361 2726 421 XVII.
2804 354 2938 427 [ιιιιν.
2975 370 3017 408 ι.
3060 367 3353 408 cauracuz.
3392 354 3450 425 5]
3565 357 3703 419 1122

443 469 535 523 ταί
580 486 639 522 τε
681 471 775 524 καὶ
828 472 890 524 τὸ
942 473 1146 544 θάρρος
1198 475 1256 526 ἐν
1296 477 1690 544 περιστάσεσιν
1732 477 2015 543 ἀκλὸνητοι

2136 485 2390 540 tentant,
2445 485 2503 531 et
2572 474 2824 529 fiduciam
2886 467 3374 529 circumstantibus
3440 471 3703 545 periculis

445 560 578 630 ἔχει.
616 558 726 615 καὶ
763 561 871 633 γὰρ
910 564 958 616 εί
1003 563 1142 618 κατὰ
1184 565 1290 618 τῶν
1335 567 1632 636 ἀλλοτρίων
1679 567 1749 620 τὰ
1793 568 2022 621 τοιαῦτα

445 652 708 720 γινόμενα
740 653 837 705 ;ὦν
861 653 1219 724 ἀδικημάτων
1247 656 1531 709 εὐθύνεται
1561 657 1697 727 πρὸς
1723 657 1818 711 τοῦ
1839 658 2021 710 κοινοῦ

448 741 713 795 δεσπότου
746 743 907 811 Θεοῦ,
943 745 1124 817 πολλῷ
1158 744 1243 818 [Ρ.
1275 746 1402 819 544]
1438 748 1640 818 μᾶλλον
1665 751 1714 803 εί
1747 750 2024 820 ὁμόφυλον

445 832 533 902 εἴη
564 835 625 885 τὸ
654 834 1031 905 ἀδικούμενον.
1655 903 1659 907 ,

519 926 596 981 E'.
628 927 701 981 To
725 929 779 982 δὲ
808 929 959 997 ξένον
985 932 1164 985 ἐκεῖνο
1194 930 1375 1004 θέαμα
1409 931 1628 1003 βλέπων
1661 933 1689 985 ὁ
1719 934 1825 986 τῶν
1848 934 2021 988 Λατί-

444 1033 551 1068 νων
588 1019 861 1087 ναύαρχος
893 1020 1179 1090 πόρῥωθεν
1212 1021 1274 1073 τὸ
1305 1022 1409 1088 μέν
1444 1022 1662 1093 πρῶτον
1707 1023 2023 1093 διηπορεῖτο

447 1108 567 1159 καθ’
601 1110 819 1173 ἑαυτὸν,
852 1112 945 1162 καί
969 1129 1091 1165 τινα
1137 1112 1387 1181 ἐνόμιζεν
1425 1110 1566 1166 εἶναι
1597 1112 1889 1183 ὑπόκρισιν
1928 1113 2023 1165 καὶ

436 1199 927 1272 δραματουργῶν
980 1203 1172 1256 ἔπειτα
1230 1203 1375 1272 ἔγνω
1423 1203 1718 1275 θεομηνίαν
1765 1200 1906 1258 εἶναι
1960 1205 2022 1257 τὸ

447 1294 681 1362 πρᾶγμα
713 1293 860 1363 σαφῆ
884 1310 896 1321 ·
932 1296 1024 1346 καὶ
1056 1295 1236 1365 ἡσυχῆ
1284 1296 1845 1366 παρακελευσάμενος
1872 1298 2024 1367 ἐρέτ-

444 1399 555 1436 τειν
592 1384 652 1437 τὸ
682 1384 779 1453 τῆς
819 1387 1134 1456 ἡγεμονίδος
1168 1388 1444 1458 πλήρωμα
1486 1389 1683 1461 προῄει
1715 1390 2023 1459 παραγγεί-

445 1476 539 1538 λας
569 1476 797 1531 ἕπεσθαι
829 1480 920 1531 καὶ
954 1479 1052 1542 τὰς
1092 1478 1258 1542 ἄλλας
1286 1481 1536 1552 τριήρεις
1575 1484 1828 1533 κατόπιν.
1869 1480 2021 1532 Ἐπεὶ

444 1564 490 1617 δ’
538 1566 709 1620 ἐλθὼν
764 1571 925 1634 κενὰς
967 1570 1064 1635 τὰς
1107 1570 1422 1640 Ῥωμαϊκὰς
1464 1571 1524 1623 τὸ
1575 1570 1841 1640 παράπαν
1894 1563 2020 1640 εὗρε

445 1661 713 1730 τριήρεις,
747 1661 1160 1737 ἀναδησάμενος
1205 1654 1356 1714 εἷλκέ
1400 1678 1462 1714 τε
1498 1663 1676 1725 πάσας
1709 1661 1892 1731 ἠρέμα
1926 1666 2021 1714 καὶ

446 1747 789 1816 ὑπέστρεφεν
812 1750 961 1817 ἄγων
989 1750 1045 1811 ἐς
1072 1748 1133 1800 τὸ
1167 1749 1275 1801 τῶν
1303 1749 1550 1802 Λατίνων
1582 1750 1817 1804 ἐπίνειον
1880 1751 2020 1818 πλὴν

2134 568 2516 623 inconcussam
2552 565 2780 620 faciunt.
2836 562 2971 619 Nam
3032 565 3076 620 si
3129 564 3399 635 ejusmodi
3431 563 3700 634 injurias,

2128 658 2296 712 etiam
2332 657 2658 726 alienigenis
2701 655 2891 718 factas,
2919 656 3227 709 communis
3255 656 3498 710 omnium
3530 654 3695 710 domi-

2133 764 2237 802 nus
2266 748 2413 802 Deus
2461 747 2774 811 ulciscitur,
2807 746 2982 801 multo
3027 746 3228 820 magis,
3265 747 3310 802 si
3347 746 3419 801 sit
3454 746 3702 817 ejusdem

2132 838 2312 908 gentis
2346 837 2397 892 id
2426 879 2443 904 ,
2483 837 2630 907 quod
2666 837 2920 908 injuriarn
2953 852 3181 907 passum-
3203 846 3309 891 est.

2201 927 2267 982 ν.
2308 926 2477 983 Atrei
2507 926 2852 982 insolentiam
2878 942 2908 982 e
2933 926 3231 997 longinquo
3257 926 3704 981 auimadvertens

2102 1009 2450 1074 ‘Latinorum
2483 1019 2818 1083 .navarchus
2858 1019 3132 1088 ambigere
3167 1018 3343 1087 primo
3389 1032 3598 1084 secum,
3646 1025 3705 1071 et

2129 1110 2419 1180 quamdam
2450 1126 2572 1166 esse
2594 1112 2646 1166 id
2677 1110 3082 1166 simulationem
3106 1109 3410 1179 fabulmque
3431 1109 3704 1167 actionem

2133 1212 2363 1270 putare:
2395 1202 2594 1258 deinde
2629 1217 2926 1273 agnoscere
2958 1203 3216 1266 furorem,
3239 1215 3358 1256 esse
3393 1202 3544 1255 illum
3584 1199 3701 1253 evi-

2129 1292 2349 1345 dentem’
2382 1280 2526 1347 irati
2580 1293 2856 1348 Numinis.
2916 1293 3054 1349 Tum
3103 1307 3199 1347 eos
3248 1293 3342 1362 qui
3393 1291 3701 1362 praetoriam

2128 1382 2310 1435 navim
2348 1383 2957 1452 complebant,'placide
2988 1391 3048 1439 ut
3075 1383 3403 1453 remigarent
3431 1382 3699 1445 hortatus,
3768 1441 3782 1457 .

2128 1474 2501 1542 progreditur,
2526 1474 2679 1543 sequi
2707 1473 2875 1545 jussis
2899 1483 2955 1529 et
2984 1474 3108 1529 aliis
3133 1491 3162 1529 a
3186 1487 3336 1545 tergo
3366 1474 3701 1528 triremibus.

2126 1562 2420 1633 Pestquam
2453 1564 2695 1626 advenit.
2733 1576 2789 1619 et
2823 1567 3042 1635 penitus
3075 1581 3275 1621 vacuas
3303 1580 3470 1623 naves
3504 1566 3704 1620 Roma-

2128 1668 2227 1706 nas
2256 1653 2506 1721 offendit,
2541 1656 2795 1724 religatas
2828 1672 3019 1711 omnes
3056 1658 3256 1712 sensim
3291 1657 3515 1710 trahens
3548 1665 3603 1709 et
3635 1658 3700 1709 ad

2127 1743 2451 1799 Latinorum
2492 1748 2681 1800 navale
2712 1747 2988 1802 adducens
3016 1750 3331 1814 revertitur,
3358 1749 3601 1817 exceptis
3636 1748 3704 1803 iis

456 1834 577 1886 ὅσαι
617 1835 828 1905 διήρεις
859 1853 919 1889 τε
951 1837 1048 1890 καὶ
1084 1838 1343 1907 μονήρεις
1396 1839 1493 1892 καὶ
1543 1838 1735 1908 λέμϐοι
1784 1839 2015 1908 πλήθους

2130 1837 2467 1901 triremibus,
2500 1839 2818 1892 moneribu<
2849 1850 2904 1892 et
2939 1839 3152 1904 lembis,
3184 1840 3275 1908 qui
3314 1856 3424 1906 prae
3455 1841 3701 1895 multitu~

445 1925 607 1979 ἕνεκα
639 1927 929 2000 διαδρᾶσαι
958 1931 1058 2000 τὴν
1082 1930 1286 1984 ἅλωσιν
1320 1932 1601 2002 ὑπερόριοι
1633 1933 1738 1984 τῶν
1760 1933 2025 1986 κινδύνων

1640 2028 1667 2038 ρ

446 2016 715 2086 ἐγένοντο.
1485 2036 1511 2049 τ

517 2112 607 2177 ς’.
642 2113 861 2166 Τούτων
910 2114 955 2165 δ’
1015 2117 1073 2179 ἐς
1125 2116 1283 2170 τοῦτο
1330 2117 1504 2188 τύχης
1552 2118 2020 2188 κατενεχθεισῶν,

445 2204 731 2271 ἐφαίνοντο
778 2196 1137 2262 ἐπιπλέουσαι
1186 2211 1289 2280 ἥδη
1329 2213 1424 2265 καὶ
1455 2212 1576 2264 ὅσαι
1617 2210 1771 2281 παρὰ
1808 2212 1904 2275 τὰς
1933 2214 2025 2263 ἐκ-

446 2295 629 2361 δολὰς,
663 2296 739 2359 ὡς
787 2300 1130 2370 εἰρήκειμεν,
1172 2295 1601 2356 ἵσταντοπάλαι
1645 2302 1738 2355 τοῦ
1774 2301 2021 2372 ποταμοῦ

420 2388 695 2458 ,τριήρεις
721 2390 980 2460 μέγισται
1014 2394 1113 2462 μὲν
1144 2396 1314 2464 τρεῖς,
1347 2396 1535 2464 μείους
1558 2397 1613 2448 δὲ
1646 2396 2017 2467 παμπληθεῖς.

457 2481 612 2534 Ἐπεὶ
642 2484 699 2536 δὲ
734 2487 873 2539 κατά
907 2487 1082 2557 μέσην
1132 2492 1424 2560 γενόμεναι
1470 2489 1568 2561 τὴν
1619 2492 1846 2561 πορείαν
1890 2493 2020 2562 ἐρή-

452 2590 585 2642 μους
607 2575 815 2645 ἀνδρῶν
845 2577 1146 2648 ἑλκομένας
1173 2576 1311 2633 εἶδον
1337 2582 1440 2634 ὑπὸ
1479 2583 1586 2635 τῶν
1618 2584 1894 2653 πολεμίων
1921 2586 2018 2649 τὰς

436 2664 750 2739 ὁμοφύλους
800 2670 957 2736 νῆας,
989 2669 1225 2742 ἔστησαν
1255 2670 1446 2744 ὥσπερ
1488 2677 1594 2728 τινὶ
1637 2675 1816 2747 νάρκῃ
1848 2677 2016 2746 πεδη-

444 2755 620 2810 Οεῖσαι
666 2761 761 2811 καὶ
805 2761 881 2831 μὴ
924 2760 1223 2832 δυνάμεναι
1277 2765 1415 2832 μήτε
1444 2764 1634 2833 πρόσω
1683 2763 1810 2834 μήτ’
1842 2766 2016 2819 ὀπίσω

448 2850 722 2903 ποιεῖσθαι
759 2852 853 2906 τὸν
888 2852 1074 2919 πλοῦν,
1113 2854 1218 2916 ἕως
1268 2857 1380 2918 τοῖς
1425 2855 1633 2924 ὁμοίοις
1664 2860 1780 2919 ταῖς
1826 2857 2016 2921 ἄλλαις

446 2942 803 3012 περιέπιπτον
840 2947 933 3002 καὶ
960 2942 1120 3001 αὗται
1156 2949 1368 3010 κακοῖς.
1401 2943 1509 3001 Ἦν
1546 2949 1657 3017 γὰρ
1698 2938 2014 3016 ίδείνέἰιοὺς

445 3035 537 3086 καὶ
580 3034 786 3088 τούτων
826 3036 973 3089 άπαν
1006 3039 1067 3090 τὸ
1112 3039 1411 3108 πλήρωμα,
1466 3040 1837 3109 τριηράρχους
1872 3039 2011 3109 ὁμοῦ

438 3127 535 3177 καὶ
567 3126 789 3193 ναύτας,
832 3128 972 3181 κατὰ
998 3128 1242 3200 κεφαλῆς
1282 3131 1339 3192 ἐς
1386 3131 1660 3183 θάλατταν
1711 3132 2011 3196 πίπτοντας

438 3217 530 3270 τὸν
562 3218 749 3287 ὅμοιον
803 3221 910 3284 τοῖς
955 3221 1357 3291 προπεπονθόσι
1403 3224 1625 3292 τρόπον,
1666 3223 1799 3294 πρὶν
1844 3223 1876 3292 ἢ
1923 3241 2015 3292 γε·

443 3309 806 3378 γυμνωμένον
832 3311 1138 3365 θεάσασθαι
1167 3313 1321 3382 ξίφος
1347 3314 1443 3366 καὶ
1468 3319 1599 3385 πρὶν
1627 3315 1892 3385 πολεμίας
1923 3318 2012 3369 αἰ-

445 3404 669 3456 σθέσθαι
703 3404 845 3467 τινὸς
874 3404 1204 3475 ἀπειλούσης
1243 3405 1394 3475 βοῆς.

512 3496 586 3550 Z'.
617 3496 941 3565 Διενείματο
978 3496 1022 3549 δ’
1058 3498 1262 3567 ὁμοίως
1310 3497 1374 3549 τὺ
1404 3499 1504 3566 τῆς
1557 3498 1759 3562 δειλίας
1796 3500 2014 3570 ἐκείνης

438 3582 609 3637 δεινὸν
645 3589 740 3637 καὶ
769 3587 882 3638 ὅσοι
918 3586 1070 3655 παρὰ
1101 3585 1190 3639 τὸν
1217 3587 1465 3654 αίγιαλθν
1498 3590 1592 3661 καὶ
1617 3590 1745 3651 τοὺς
1770 3588 2012 3660 πύργους

442 3673 584 3748 ἦσαν
615 3679 873 3740 ἑστῶτες,
904 3679 1097 3731 Μεστὰ
1122 3679 1231 3747 γὰρ
1260 3675 1327 3749 ἦν
1359 3679 1572 3732 ἅπαντα
1599 3681 1771 3751 ὄχλων
1799 3698 2012 3735 παντο-

436 3773 651 3836 δαπῶν,
705 3772 766 3823 οὐ
802 3772 965 3839 μόνον
1018 3771 1084 3823 τά
1117 3769 1165 3823 τ’
1201 3770 1352 3823 ἔνδον
1382 3771 1567 3824 πυλῶν
1601 3773 1696 3824 καὶ
1750 3774 1850 3825 ὅσα
1901 3773 2012 3826 τῶν

439 3868 615 3931 ἕκτος,
650 3864 782 3918 ἀλλὰ
816 3865 909 3917 καὶ
938 3863 998 3915 τὸ
1048 3861 1190 3917 κατὰ
1235 3862 1332 3925 τὰς
1366 3862 1621 3926 ἐπάλξεις
1658 3864 1863 3933 πλῆθος
1916 3868 2011 3919 ἀν-

439 3959 579 4030 δρῶν
616 3956 848 4026 ἀριθμὸν
878 3956 1057 4009 πάντα
1087 3954 1255 4008 νικῶν
1282 3950 1383 4027 ἦν·
1411 3947 1486 4008 ὧν
1511 3954 1635 4009 οὗτε
1666 3954 2010 4025 σαλπιγκτὴς

438 4049 506 4124 ἦν
538 4068 644 4114 τις,
684 4047 808 4102 οὕτε
857 4066 909 4102 τι
958 4047 1257 4118 κύμϐαλον,
1289 4045 1400 4099 οὖτ⁹
1429 4046 1580 4099 οὐδὲν
1618 4047 1789 4100 ὁπόσα
1820 4047 2010 4099 εἴωθεν

442 4146 499 4192 ἐν
527 4139 787 4208 πολέμοις
816 4134 1120 4205 εύθαρσοῦς
1153 4137 1586 4207 παραστήματος
1623 4134 1873 4202 γίνεσθαι
1899 4152 2009 4187 πα..

443 4228 772 4302 ρακλητικὰ,
805 4228 974 4297 λήθης
1000 4227 1217 4299 μακρᾶς
1243 4242 1386 4287 τινος
1416 4225 1524 4277 τῶν
1551 4227 1608 4277 ἐν
1634 4224 1845 4288 τούτοις
1870 4242 2010 4296 χρη-

447 4322 641 4390 σίμων,
684 4318 785 4371 οὐκ
819 4312 918 4369 οἶδ’
962 4315 1158 4367 ὁπόθεν
1200 4312 1291 4366 καὶ
1342 4313 1511 4379 ὅπως,
1543 4313 2011 4383 ἐπιπλανηθείσης

442 4411 576 4472 τέως
610 4408 704 4461 καὶ
720 4401 1158 4474 ’διανεμηθείσης
1188 4402 1287 4463 τὰς
1324 4399 1614 4470 Ῥωμαίων
1634 4399 1832 4469 ψυχάς.
1852 4400 2011 4454 Ἀλλὰ

444 4498 582 4566 πλὴν
612 4494 709 4547 τοῦ
753 4495 1013 4547 ἀναπνεῖν
1060 4491 1322 4561 ἄντικρυς
1361 4484 1505 4541 εἶναι
1537 4490 1738 4550 πάντες
1788 4489 2009 4543 ἐδόκουν

441 4598 621 4661 νεκροι
647 4605 661 4618 ο
698 4583 1100 4655 συνωθούμενοι
1153 4598 1217 4650 γε
1268 4581 1376 4651 μὴν
1428 4579 1520 4632 ὑπ’
1555 4579 1798 4650 ἀλλήλων
1835 4583 1894 4635 ἐν
1939 4583 2006 4652 τῇ

398 4658 409 4668 ⁸
440 4658 576 4754 πρὸς
619 4680 686 4733 τὰ
719 4680 865 4732 ἔνδον
909 4678 1056 4746 φυγῇ
1101 4670 1430 4726 συνέπιπτόν
1459 4687 1519 4722 τε
1551 4671 1647 4724 κα)⁵
1672 4672 2010 4724 συνεπάτουν

440 4776 731 4846 ἀλλήλους,
760 4776 854 4825 καί
873 4771 1049 4824 ταῦτα
1087 4768 1183 4821 καὶ
1213 4767 1393 4820 αὐτῶν
1418 4764 1527 4818 τῶν
1558 4764 1834 4834 πολεμίων
1857 4766 2013 4833 ἐστη-

441 4870 638 4931 κότων,
669 4863 767 4917 καὶ
792 4859 1083 4931 θεωμένων
1130 4858 1358 4920 ἀτενῶς,
1401 4856 1496 4909 καὶ
1541 4853 1749 4924 σφόδρα
1774 4857 1911 4924 πρὸς
1948 4853 2011 4906 τὸ

441 4959 536 5011 τοῦ
558 4956 835 5028 δράματος
866 4952 1336 5021 ἐκπεπληγμένων
1360 4947 1665 5020 παράδοξον
1694 4963 1710 4980 ο
1739 4946 1880 5001 ὥστε
1916 4949 2012 5001 καὶ

442 5032 561 5104 δέον
599 5048 826 5119 σκιρτᾷν
858 5045 1102 5107 ἐκείνους
1156 5041 1262 5095 ὑπὸ
1306 5041 1403 5110 τῆς
1466 5039 1710 5110 μεγάλης
1756 5039 2011 5108 εὐτυχίας

444 5143 678 5212 ἐκείνηῖ,
710 5140 820 5194 τῶν
861 5138 918 5191 δὲ
964 5138 1058 5189 καὶ
1104 5134 1298 5205 ἠλέουν
1342 5134 1478 5188 ἔνιοι
1519 5133 1646 5197 τοὺς
1680 5133 2007 5202 πάσχοντας,

446 5238 538 5290 καὶ
572 5233 763 5303 στῆναι
790 5229 1243 5302 παρεκελεύοντο,
1277 5228 1373 5281 καὶ
1404 5227 1543 5295 σφᾶς
1574 5225 1773 5287 αὐτοὺς
1807 5225 2012 5279 οἰκτεί-

444 5347 561 5402 ρειν
587 5329 684 5396 τῆς
708 5322 1089 5395 δαιμονιώδους
1117 5321 1285 5389 ὲᾷὀων
1310 5323 1538 5388 ταυτησὶ
1574 5337 1638 5371 συ
1648 5322 1885 5389 μςορᾶς,
1917 5319 2012 5371 καὶ

447 5422 520 5490 μὴ
543 5420 719 5489 μάτην
736 5416 879 5471 οὕτω
897 5412 1201 5485 προδιῖδόναι
1219 5410 1442 5484 [Ρ.545]
1460 5410 1703 5478 θανάτῳ,
1721 5410 2011 5473 διώκοντος

443 5512 699 5583 μηδενρς.
727 5507 914 5569 Οὕτως
928 5504 1396 5575 ἀνυπέρϐλητοντδ
1418 5505 1517 5571 τῆς
1543 5518 1694 5572 συμφ
1713 5502 1844 5571 ορᾶς
1866 5502 2012 5554 ἐκεί·

376 5582 385 5585 ’
446 5582 543 5674 νης
580 5603 774 5664 πάθος,
807 5604 902 5654 καὶ
936 5598 1102 5670 μηδὲν
1138 5595 1526 5656 καταλελοιπὸς
1555 5594 1662 5645 τῶν
1696 5591 1782 5661 ἐφ’
1803 5593 2012 5662 ὁμοίοις

444 5697 611 5751 πάλαι
666 5695 1145 5767 παραδειγμάτων,
1191 5689 1522 5761 ἁμιλλᾶσθαι
1574 5686 1773 5758 ῥᾳδίως
1836 5684 2011 5755 τούτῳ

442 5789 898 5861 παρατιθέμενον.
1334 5786 1343 5793 ’

2128 1929 2257 1982 dine
2303 1936 2598 1999 antequam
2640 1938 2970 1998 caperentur
3010 1930 3133 2003 fuga
3161 1930 3331 1999 elapsi
3366 1943 3516 1986 extra
3551 1933 3703 2003 peri.

2128 2010 2327 2071 culum.
2342 2019 2452 2090 jam
2481 2030 2660 2073 erant.
2990 2070 2995 2073 _

2126 2112 2129 2121 '
2199 2110 2287 2167 Vl.
2324 2112 2461 2164 Cum
2519 2110 2603 2164 hae
2658 2110 2713 2164 in
2771 2126 2889 2164 eam
2944 2112 3307 2167 calamitatem
3356 2112 3697 2176 incidissent,

2125 2201 2498 2256 cernebantur
2549 2194 2846 2256 subeuntes
2870 2203 2982 2274 jam
3022 2215 3077 2257 et
3125 2219 3203 2258 eae
3251 2204 3526 2269 triremes,
3577 2223 3699 2275 quae

2127 2293 2363 2363 pridem,
2403 2301 2459 2346 ut
2495 2293 2756 2356 diximus,
2788 2293 2854 2346 ad
2891 2296 3028 2347 ostia
3067 2293 3218 2349 ﬂuvii
3252 2296 3489 2359 stabant,
3527 2299 3701 2351 maxi-

2126 2400 2223 2438 mae
2249 2386 2473 2454 quidem
2501 2393 2633 2451 tres,
2656 2390 2894 2473 minores
2922 2396 3099 2441 autem
3132 2387 3292 2454 longe
3315 2388 3582 2456 plurimm.
3607 2387 3698 2444 Ea:

2118 2471 2288 2544 864
2319 2474 2501 2527 medio
2536 2474 2588 2527 in
2635 2471 2823 2539 curSu,
2859 2491 3054 2530 vacuas
3097 2475 3412 2533 hominibus
3450 2479 3590 2533 trahi
3625 2481 3697 2534 ab

2121 2564 2373 2641 hostibus
2404 2580 2628 2619 suorum
2666 2582 2834 2620 naves
2868 2567 2961 2622 ubi
2994 2570 3269 2633 viderunt,
3302 2578 3504 2625 stetere
3535 2572 3695 2641 quasi

2120 2639 2406 2724 torpedine
2436 2657 2619 2725 aliqua
2660 2658 2993 2724 constrictae,
3031 2667 3089 2712 ut
3120 2674 3219 2714 nec
3250 2660 3505 2730 progredi
3552 2639 3694 2716 ultra

2117 2757 2359 2817 possent,
2390 2763 2493 2804 nec
2532 2750 2650 2803 vela
2685 2759 2984 2804 retrorsum
3035 2749 3187 2815 dare,
3225 2752 3399 2806 donec
3452 2752 3586 2822 ipsae
3634 2738 3691 2807 in

2117 2839 2315 2893 similia
2348 2840 2486 2894 mala
2535 2841 2869 2895 inciderunt.
2906 2840 3042 2894 Nam
3082 2851 3138 2896 et
3169 2841 3436 2923 quidquid
3483 2843 3539 2897 in
3585 2843 3695 2898 illis

2116 2931 2402 2987 hominum
2445 2933 2569 3000 fuit,
2604 2949 2699 2987 eos
2745 2948 2938 2988 omnes
2977 2934 3167 2989 videre
3218 2943 3335 2988 erat
3377 2934 3690 2997 confestim,

2120 3022 2449 3077 trierarchos
2482 3024 2687 3092 pariter
2709 3034 2765 3077 et
2790 3033 3007 3086 nautas,
3044 3022 3188 3078 volvi
3221 3023 3274 3076 in
3307 3032 3493 3093 caput,
3526 3039 3694 3079 ruen-

2119 3117 2200 3164 tes
2232 3111 2285 3164 in
2315 3126 2487 3175 mare,
2525 3113 2718 3167 eodem
2759 3113 2921 3166 modo
2952 3123 3116 3182 atque
3141 3129 3237 3169 eos
3269 3116 3361 3183 qui
3394 3115 3539 3168 idem
3566 3127 3693 3170 ante

2116 3207 2256 3271 passi
2286 3203 2520 3268 fuerant,
2544 3213 2834 3274 antequam
2858 3210 3120 3258 nudatum
3142 3219 3329 3259 ensem
3356 3208 3688 3274 aspicerent,

2113 3303 2211 3348 aut
2236 3295 2531 3351 clamorem
2563 3296 2734 3349 ullum
2763 3296 3002 3350 hostium
3037 3296 3308 3351 minacem
3339 3297 3617 3374 audirent.

2184 3494 2295 3550 νη.
2325 3493 2666 3549 Pervadebat
2707 3502 2888 3549 autem
2922 3496 3125 3567 pariter
3175 3497 3265 3552 ille
3300 3505 3476 3553 terror
3502 3509 3557 3555 et
3592 3515 3690 3556 eos

2113 3600 2327 3673 omnes,
2378 3585 2470 3656 qui
2513 3586 2668 3654 juxta
2709 3587 2866 3642 littus
2911 3603 2977 3642 ac
3027 3603 3210 3644 turres
3250 3590 3485 3645 stabant.
3520 3591 3692 3646 Erant

2110 3679 2486 3733 enim‘omnia
2544 3678 2693 3732 omni
2744 3678 3029 3733 hominum
3079 3696 3279 3752 genere
3324 3682 3530 3750 plena:
3586 3699 3701 3737 nec.

2096 3770 2274 3824 modo
2314 3770 2457 3823 intra
2488 3780 2675 3841 portas
2700 3779 2752 3823 et
2777 3782 2957 3833 extra,
2991 3762 3175 3825 sed’et.
3209 3774 3443 3826 summis
3475 3775 3528 3826 in
3555 3789 3691 3829 inte-

2111 3864 2274 3916 nibus
2300 3860 2594 3915 multitudo
2622 3869 2743 3915 erat
2772 3862 2967 3931 quovis
2995 3877 3226 3916 numero
3252 3866 3465 3931 major;
3498 3865 3550 3918 in
3579 3881 3689 3933 qua

2111 3969 2215 4007 nec
2247 3953 2467 4008 tubicen
2500 3952 2811 4022 quisquam,
2855 3967 2957 4007 nec
2989 3953 3301 4022 cymbalum
3335 3959 3504 4008 ullum
3543 3968 3685 4021 erat,

2112 4058 2288 4114 neque
2311 4043 2610 4113 quidquam
2633 4058 2823 4098 eorum
2843 4058 2964 4113 quae
2991 4045 3165 4098 solent
3195 4046 3250 4099 iu
3285 4046 3427 4100 bello
3457 4062 3690 4116 praesen.

2111 4137 2183 4191 tis
2231 4135 2400 4189 animi
2452 4135 2621 4188 robur
2657 4134 2925 4192 excitare.
2969 4134 3191 4205 Scilicet
3231 4151 3421 4191 earum
3476 4154 3686 4203 rerum,

2110 4241 2232 4296 quae
2283 4240 2395 4280 tum
2447 4225 2610 4281 utiles
2655 4227 2908 4292 fuissent,
2943 4243 3133 4297 magna
3186 4229 3437 4298 quaedam
3483 4230 3689 4284 oblivio

2114 4320 2487 4393 Romanorum
2543 4319 2777 4384 animos,
2830 4319 3016 4373 nescio
3075 4319 3221 4373 unde
3276 4330 3333 4373 et
3386 4322 3685 4389 quomodo,
3764 4312 3771 4315 “

2116 4412 2390 4465 invaserat
2441 4419 2496 4464 et
2541 4421 2890 4478 corruperat;
2945 4426 3009 4465 ac
3057 4412 3421 4481 reSpiratione
3458 4424 3688 4483 excepta

2041 4515 2082 4571 [ι
2114 4505 2491 4574 mortuiplane
2508 4519 2702 4558 omnes
2719 4519 2837 4558 esse
2860 4504 3210 4569 videbantur,
3240 4507 3522 4561 trudentes
3548 4508 3690 4563 alius

2111 4598 2304 4664 alium,
2334 4598 2465 4652 dum
2500 4597 2554 4651 in
2586 4597 2849 4652 interiora
2882 4596 3117 4666 fugiunt,
3142 4597 3612 4669 procidebantque
3635 4612 3691 4663 et

2113 4706 2174 4746 se
2225 4691 2456 4746 invicem
2505 4689 2892 4760 proterebant;
2942 4690 3110 4760 idque
3164 4706 3289 4745 cum
3347 4692 3535 4746 hostes
3583 4693 3689 4763 ipsi

2113 4790 2324 4836 starent
2352 4783 2663 4851 intentique
2687 4792 3028 4850 spectarent,
3056 4791 3108 4837 ct
3135 4781 3204 4836 ad
3247 4784 3322 4865 rei
3353 4783 3687 4843 miraculum

2110 4872 2269 4927 valde
2297 4873 2753 4942 obstupescerent
2774 4889 2790 4939 ;
2814 4873 2888 4928 ita
2913 4882 2973 4928 ut
2990 4889 3129 4944 quos
3151 4876 3223 4930 ob
3243 4890 3500 4947 magnum
3531 4878 3688 4932 illum

2112 4982 2427 5022 successum
2461 4966 2736 5021 exsultare
2773 4971 3041 5037 oportuit,
3073 4984 3140 5024 ex
3169 4970 3237 5024 iis
3260 4972 3511 5026 nonnulli
3546 4973 3691 5027 cala-

2113 5060 2343 5115 mitosos
2382 5058 2505 5114 illos
2544 5060 2966 5125 miserarentur,
3009 5070 3065 5117 et
3100 5072 3247 5117 atare
3275 5063 3555 5133 juberent,
3591 5064 3690 5119 ob-

2113 5159 2581 5220 testarenturque,
2631 5162 2691 5205 ut
2737 5152 2792 5205 in
2831 5150 2996 5225 865
3045 5153 3138 5208 illa
3176 5154 3330 5209 clade
3379 5170 3411 5208 a
3459 5154 3689 5210 sinistro

2111 5243 2298 5312 aliquo
2326 5244 2487 5312 genio
2518 5243 2759 5297 inunissa
2797 5243 2945 5313 ipsos
2984 5245 3066 5299 sui
3094 5246 3400 5310 misererct,
3433 5261 3570 5300 neve
3614 5246 3690 5302 ita

2115 5344 2319 5388 temere
2346 5345 2508 5388 vrtam
2532 5334 2852 5403 proderent,
2879 5338 3097 5391 nemine
3123 5332 3512 5406 persequente.
3536 5337 3688 5392 Adeo

2112 5427 2314 5478 malum
2384 5418 2519 5478 illud
2577 5423 2800 5477 modum
2865 5430 3084 5478 omnem
3143 5431 3485 5489 excesserat;
3548 5424 3686 5477 adeo

2109 5529 2323 5579 eorum,
2345 5529 2466 5583 quae
2492 5528 2734 5582 unquam
2762 5516 2815 5568 in
2847 5514 2967 5582 pari
2997 5528 3160 5568 causa
3186 5512 3529 5577 acciderunt,
3552 5513 3687 5566 nihil

2112 5616 2253 5669 erat,
2295 5605 2441 5674 quod
2491 5620 2617 5660 cum
2664 5606 2773 5661 isto
2814 5605 3074 5659 collatura
3128 5604 3287 5658 facile
3326 5612 3515 5673 posset
3555 5620 3689 5657 con-

2114 5701 2359 5754 tendere.
