4064 6532
330 391 464 453 1129
684 389 760 456 [Α.
800 400 851 440 c.
900 388 1058 456 1550]

1263 389 1707 450 ΒῩΖΑΝΤΙΝᾸΞ
1743 389 2127 452 IIISTORUE
2162 391 2309 451 LlB.
2349 389 2568 453 XVIII.

3424 385 3559 452 113')

2662 385 2794 456 [ιιιρ.
2835 400 2876 438 ι.
2919 398 3208 440 cauncuz.
3253 384 3310 457 4]

326 507 500 567 πεέαις
532 505 814 565 παντοίαις
850 504 1122 573 περιϊέναι
1149 521 1163 537 ·
1197 506 1289 558 καὶ
1319 505 1614 576 χρημάτων
1644 507 1878 572 ἐπαγγε-

1986 506 2175 565 accire.
2197 516 2254 561 et
2282 506 2429 560 omni
2462 505 2792 560 adulationis
2817 514 3038 574 genere,
3062 511 3227 573 atque
3256 509 3424 558 etiam
3448 519 3550 572 pe-

319 594 459 654 λίαις
500 593 594 643 καὶ
634 593 919 661 χορηγίαις
960 592 1211 660 ἀφθόνοις
1245 594 1357 645 τῶν
1393 610 1458 659 γε
1500 593 1674 646 ἄλλων
1717 597 1809 647 καὶ
1849 593 1885 647 ἃ

316 686 426 738 τῶν
456 685 513 736 ἐν
546 683 646 753 βίῳ
676 684 859 736 καλῶν
891 689 984 737 καὶ
1012 684 1208 754 τιμίων
1236 684 1435 754 ψυχαῖς
1468 684 1533 738 ἂν
1564 686 1649 755 εἴη
1668 685 1886 752 ,φιλοδὸ-

320 777 429 839 ξοις
462 775 584 828 κατ’
612 776 801 844 ἔφεσιν
837 775 1133 844 πειρᾶσθαί
1169 792 1237 844 με
1274 776 1483 827 πείθειν
1518 777 1609 828 καὶ
1640 776 1793 843 ἄγειν
1828 778 1884 838 ἐς

317 868 376 918 τό
407 881 559 933 σφισι
593 864 916 935 βουλόμενον
942 879 955 893 ·
985 859 1061 917 ὧν
1085 864 1152 916 τὰ
1189 864 1288 933 μὲν
1320 864 1419 933 ἤδη
1450 865 1788 934 ἐχορηγεῖτο,
1818 865 1886 916 τὰ

315 958 359 1008 δ’
384 955 629 1024 ἔμελλεν.
661 956 848 1025 ᾭοντο
876 955 983 1023 γὰρ
1011 952 1079 1007 δι’
1106 954 1224 1016 ἐνὸς
1255 953 1390 1024 ἐμοῦ
1419 971 1484 1024 γε
1515 956 1696 1018 εὐθὺς,
1729 957 1780 1007 εί
1805 972 1885 1007 τι·

319 1048 413 1109 νές
430 1049 547 1099 ποτ’
568 1047 655 1117 ἄρ’
677 1043 807 1112 εἶεν,
835 1048 927 1097 καὶ
953 1045 1058 1115 ὅπη
1084 1045 1384 1113 διαιτᾷντο,
1413 1047 1619 1103 πάντας
1644 1046 1884 1115 ἐτέρους,

313 1139 506 1203 ὁπόσοι
536 1138 890 1192 ἀνθίστανται
920 1137 1054 1207 πρὸς
1083 1139 1253 1190 ὁπόσα
1276 1137 1353 1205 τῷ
1382 1137 1619 1207 Παλαμᾷ
1648 1135 1887 1205 βλασφη-

320 1232 498 1298 μεῖται
553 1229 715 1282 καινὰ
764 1229 857 1281 καὶ
901 1226 1113 1296 ἔκφυλα
1161 1228 1443 1297 δόγματα,
1494 1226 1887 1296 προσάξεσθαι.

328 1316 470 1368 Ἀλλ’
495 1311 636 1386 ἦσαν
681 1315 792 1385 ἄρα
837 1309 1054 1378 πάντως
1100 1315 1369 1386 ἄνθρακες
1409 1317 1460 1368 oi
1504 1316 1614 1368 τῶν
1660 1316 1890 1368 ἐλπίδων

314 1408 547 1470 ἐκείνοις
588 1406 871 1478 θησαυροί.
914 1406 986 1458 Τδ
1027 1406 1135 1474 γὰρ
1182 1406 1551 1475 ἀνενδεέςέμέ
1589 1406 1696 1458 τῶν
1723 1409 1891 1473 ἀναγ-

317 1499 488 1551 καίων
539 1497 632 1550 καὶ
667 1499 701 1568 ἡ
731 1495 997 1569 τάληθοῦς
1049 1497 1247 1565 ἐκλογὴ
1306 1498 1505 1567 λήρους
1545 1496 1890 1566 ἔπειθ’ήγεῖο

317 1592 444 1643 σθαι
470 1591 539 1643 τὰ
569 1592 857 1658 λεγόμενα.
1222 1572 1253 1579 ”

1993 597 2277 652 cuniarum
2300 597 2691 667 pollicitatione
2712 597 2940 650 ambire.
2960 595 3037 651 Ac
3064 596 3099 650 ii
3127 595 3347 665 quidem
3373 588 3557 649 conati

1990 688 2154 758 8'72
2184 697 2314 742 sunt
2342 688 2561 742 ﬂectere
2588 701 2694 752 me,
2721 696 2776 740 et
2816 688 2882 740 ad
2912 703 2973 741 ea
3006 703 3125 757 quae
3149 688 3352 741 vellent
3382 685 3556 741 addu-

1993 797 2139 844 cere,
2176 781 2390 836 liberali
2428 780 2724 851 largitione
2757 793 2880 835 cum
2915 764 3145 833 aliarum
3198 795 3403 841 rerum,
3440 788 3552 832 tum

1992 886 2183 949 earum
2218 869 2542 940 praiScrtim,
2571 881 2711 937 quin,
2741 869 2866 937 quia
2914 869 3155 937 pulchra
3178 880 3304 924 sunt
3337 884 3400 924 ac
3430 884 3554 938 pre-

1995 963 2170 1027 tiosae,
2216 960 2414 1015 animis
2460 961 2645 1029 gloriae
2709 959 2924 1029 cupidis
2969 960 3262 1027 plurimum
3317 958 3551 1015 blandiri

1992 1061 2242 1123 possunt.
2286 1051 2529 1117 Quarum
2582 1065 2763 1104 rerum
2818 1049 2935 1103 aliae
2977 1050 3087 1119 jam
3117 1049 3405 1109 dabantur,
3435 1048 3553 1103 alia:

1991 1152 2181 1214 postea
2215 1145 2353 1200 datze
2380 1142 2631 1197 fuissent.
2664 1141 2933 1196 Putabant
2956 1139 3212 1194 videlicet
3239 1155 3358 1193 mea
3390 1139 3555 1193 unius

1986 1247 2152 1302 Opera
2189 1234 2371 1287 statim
2429 1232 2748 1300 adjum-tnm
2798 1230 2864 1283 iri
2898 1230 3033 1299 ipsis
3063 1230 3306 1297 reliquos
3335 1242 3553 1288 omnes.

1987 1323 2301 1392 quicunque
2360 1321 2632 1385 ii.forent,
2665 1330 2720 1376 et
2769 1319 3416 1389 ubicunque’degerent,
3458 1321 3554 1388 qui

1986 1428 2181 1475 novam
2214 1422 2271 1466 et
2296 1412 2618 1466 insolentem
2655 1410 2956 1480 blasphemi
2985 1410 3216 1465 Palama:
3245 1410 3551 1499 doctrina'm

1987 1503 2407 1577 impugnareat.’
2421 1501 2567 1567 Quas
2595 1508 2775 1554 autem
2806 1501 2879 1553 illi
2910 1514 3034 1569 spes
3062 1507 3448 1568 conceperant,
3478 1512 3556 1549 ea:

1987 1609 2094 1646 non
2128 1609 2320 1647 aurum
2355 1593 2449 1647 sed
2500 1593 2666 1661 palea:
2698 1600 2876 1645 erant.
2903 1591 3037 1645 Nam
3084 1589 3229 1659 quod
3264 1588 3430 1642 rebus
3463 1601 3557 1640 ne-

319 1686 575 1741 cessat-iis
624 1700 750 1761 [non
779 1699 1049 1746 carerem,
1087 1694 1143 1741 et
1192 1685 1477 1740 veritatem
1513 1684 1660 1740 ultro
1698 1688 2009 1756 profiterer,
2043 1689 2247 1744 idcirco
2317 1689 2452 1743 mihi
2484 1750 2487 1753 _
2517 1688 2675 1743 facile
2738 1685 3132 1758 persuadebam
3167 1699 3304 1739 vana
3345 1696 3467 1739 esse
3496 1691 3556 1737 et

316 1780 511 1846 frivola
540 1793 665 1849 quae
699 1778 1181 1863 illiloquerentur.

388 1874 464 1926 E'.
493 1873 556 1925 ’Θ
582 1872 625 1923 δ’
649 1872 904 1924 ἁπάντων
933 1872 1168 1941 μάλιστα
1191 1871 1287 1942 τὴν
1312 1872 1633 1936 ἐλπίζουσαν
1657 1872 1882 1944 γνώμην

2060 1875 2120 1929 ν.
2151 1872 2255 1928 Sed
2282 1882 2472 1928 eorum
2492 1871 2745 1926 .animum
2791 1867 3195 1938 exspectatione
3226 1880 3553 1935 suspensum

315 1960 610 2029 ἐστήρικτο
660 1963 755 2014 καὶ¹
800 1963 1212 2033 ἀνακεκίρᾶσθαί
1268 1981 1421 2032 σφισι
1473 1962 1541 2017 δι’
1578 1966 1709 2018 αὐτό
1760 1983 1882 2017 τινα

314 2053 508 2123 ἡδονὴν
553 2054 674 2114 ταῖς
723 2050 937 2105 ἐλπίσιν
985 2055 1180 2116 ἐποίει,
1233 2053 1295 2104 τὸ
1345 2055 1442 2123 τῆς
1488 2054 1884 2124 πατριαρχείας

316 2145 536 2212 ἀξίωμα
559 2139 625 2213 ἦν
647 2158 661 2172 ·
687 2142 713 2195 ὃ
737 2142 928 2197 δώσειν
950 2144 1148 2199 αὐτίκα
1178 2146 1323 2215 μάλα
1350 2163 1442 2216 μοι
1464 2148 1882 2216 ἐπηγγέλλοντο,

314 2238 418 2305 τῆς
457 2237 646 2305 χρείας
683 2235 1056 2306 διωθουμένης
1083 2237 1455 2306 ’σφοδρότερον
1496 2233 1592 2291 καὶ
1616 2237 1729 2302 ξτοῦ
1774 2254 1887 2289 καιο

321 2326 416 2395 ροῦ
446 2325 892 2404 προκαλουμένου
921 2325 1011 2377 τὸν
1043 2326 1487 2398 προστησόμενον
1513 2325 1882 2396 ἀπαραίτητα.

321 2416 558 2493 ’ξικουόν
583 2433 646 2484 γε
679 2416 785 2487 μὴν
811 2415 870 2481 ἐξ
896 2415 1031 2491 ἐμοῦ
1063 2418 1473 2471 τάναντιώτατα
1501 2418 1700 2471 πάντα.
1731 2415 1883 2486 Πρῶη

314 2525 409 2561 τον
452 2510 550 2576 μὲν
589 2507 697 2576 γὰρ
737 2509 1098 2576 καθηπτόμην
1137 2507 1354 2576 ὁμαλῶς
1389 2524 1506 2570 πως
1545 2508 1723 2559 αὐτῶν
1760 2505 1890 2575 περὶ

311 2594 392 2651 ὧν
428 2600 556 2667 ἡμῖν
590 2597 984 2669 ὑπισχνοῦντο,
1020 2598 1137 2660 πῶς
1172 2598 1272 2651 οὐκ
1306 2598 1527 2650 ὀκνοῦσι
1559 2600 1670 2659 τοῖς
1704 2598 1889 2658 αὐτοῖς

314 2687 712 2760 ἐγχειροῦντες,
758 2690 794 2742 ἃ
838 2686 1102 2749 πολλάκις
1138 2687 1348 2739 εἰποῦσι
1389 2687 1485 2740 καὶ
1524 2686 1888 2755 ἀποτυχοῦσιν

312 2780 564 2847 ἀκριϐῶς
589 2779 888 2845 ἐγνωκέναι
918 2778 1340 2849 ξυμπέπτωκεν,
1369 2777 1444 2840 ὡς
1472 2777 1643 2847 πηλοῦ
1674 2779 1769 2830 καὶ
1799 2781 1888 2829 κό-

320 2887 453 2932 νεως
497 2869 651 2922 οὐδὲν
697 2870 819 2939 ἐμοὶ
867 2870 1146 2940 διαφέρειν
1193 2868 1342 2922 δοκεῖ
1384 2868 1455 2921 τὰ
1500 2867 1746 2932 τοιαῦτα,
1794 2868 1889 2921 καὶ

311 2961 487 3015 ταῦτα
517 2961 632 3026 νῦν,
660 2962 746 3014 ὅτε
778 2961 1012 3024 πίστεως
1040 2962 1268 3029 ἄρνησις
1293 2962 1627 3013 ἀπαιτεῖται.
1660 2959 1750 3022 Ὠς
1783 2960 1890 3027 γὰρ

311 3054 379 3106 ἐν
412 3056 615 3113 κακοῖ;’
638 3053 889 3121 εὐτυχεῖν
923 3040 1246 3121 δυστύχημα
1290 3051 1584 3120 μέγιστον,
1619 3047 1791 3112 οὕτως
1832 3050 1890 3101 ἐν

311 3146 505 3205 κακοῖς
564 3143 771 3206 ἀδοξεῖν
826 3142 936 3195 τῶν
992 3143 1388 3212 εὐτυχημάτων
1443 3143 1502 3194 τὸ
1561 3140 1887 3208 κράτιστον,

1985 1980 2093 2019 una
2120 1980 2208 2020 res
2239 1965 2472 2019 maxime
2498 1961 2876 2023 confirmabat,
2911 1974 2974 2013 ac
3002 1959 3243 2027 ipsorum
3276 1958 3391 2028 spei
3420 1971 3555 2026 qua-

1985 2058 2107 2112 dam
2160 2057 2442 2127 voluptate
2490 2055 2718 2110 admista
2744 2051 3157 2109 blandiebatur.
3192 2050 3269 2104 Ea
3307 2057 3426 2104 erat
3459 2062 3555 2117 pa-

1988 2148 2303 2203 triarchalis
2337 2147 2596 2217 dignitas,
2653 2160 2816 2215 quam
2866 2143 2995 2196 mihi
3036 2141 3219 2195 statim
3255 2139 3554 2194 collaturos

1986 2256 2044 2296 se
2082 2240 2246 2294 iidem
2297 2237 2711 2308 promittebant,
2741 2249 2864 2290 cum
2915 2240 2972 2286 et
3017 2231 3313 2285 necessitas
3337 2229 3554 2299 gravior

1987 2332 2352 2393 incumberet,
2397 2339 2452 2384 et
2500 2315 2557 2383 ut
2588 2327 2785 2396 aliquis
2807 2326 2941 2407 [sine
2986 2325 3092 2377 ulla
3126 2322 3477 2377 cunctatione
3500 2320 3550 2374 ei

1987 2422 2201 2476 muneri
2240 2421 2633 2491 praeficeretur,
2660 2433 2746 2473 res
2800 2418 2916 2485 ipsa
2965 2416 3250 2485 ﬂagitaret.
3276 2412 3555 2468 Tamen'ii

1987 2530 2053 2567 ex
2090 2530 2175 2567 tne
2209 2511 2481 2565 contraria
2527 2510 2686 2579 plane
2740 2507 2923 2561 omnia
2958 2505 3307 2559 audiverunt.
3336 2503 3414 2557 Ac
3440 2503 3554 2571 pri-

1989 2617 2137 2655 mum
2176 2601 2398 2670 quidem
2429 2615 2592 2669 super
2623 2598 2689 2651 iis
2723 2597 2907 2658 rebus,
2941 2610 3076 2664 quas
3108 2594 3238 2647 mihi
3270 2593 3556 2662 promitte-

1990 2696 2144 2756 bant,
2209 2709 2306 2749 eos
2359 2686 3175 2761 leniter'ohju‘rgabam,quod
3234 2686 3378 2755 ipsos
3444 2699 3552 2739 non

1989 2786 2202 2856 pigeret
2251 2786 2441 2839 eadem
2492 2797 2683 2837 rursus
2731 2789 2967 2843 tentare,
3005 2792 3126 2847 quae
3174 2791 3298 2831 cum
3349 2774 3553 2828 frustra

1990 2891 2134 2945 saepe
2193 2874 2479 2932 dixissent,
2536 2869 3011 2926 evidentissimum
3067 2866 3227 2924 foret.
3282 2862 3552 2932 ejusmodi

1989 2981 2078 3020 res
2110 2967 2253 3035 apud
2293 2978 2379 3018 me
2455 2962 2690 3017 nihilum
2753 2960 2864 3013 luto
2915 2972 2980 3012 ac
3027 2957 3250 3027 pulvere
3298 2953 3551 3017 diﬂ'erre;

1989 3058 2287 3129 praesertim
2344 3056 2451 3110 hoc
2499 3064 2763 3123 tempore,
2787 3066 2910 3106 cum
2947 3049 3256 3118 exigeretur
3290 3045 3415 3099 fidei
3459 3043 3554 3097 ab-

1986 3148 2215 3222 juratio.
2262 3145 2555 3201 Enimvero
2608 3143 2753 3198 sicut
2806 3143 2951 3196 inter
3003 3137 3290 3211 improbos:
3335 3134 3550 3189 felicem

311 3216 550 3290 Ἔπειτα
592 3235 797 3302 ἔλεγον,
843 3235 917 3296 ὡς
963 3231 1270 3303 βασιλεῦσιν
1312 3232 1431 3284 οῦσι
1473 3230 1651 3302 χρεὼν
1697 3234 1773 3301 μὴ
1817 3232 1883 3284 τὰ

1987 3216 2107 3291 esse
2156 3235 2387 3288 maxima
2455 3240 2601 3287 esset
2655 3228 2972 3291 infelicitas,
3013 3226 3086 3280 ita
3141 3223 3285 3293 apud
3330 3221 3553 3277 eosdem

308 3329 622 3397 καθήκοντα
654 3326 860 3394 νόμιμα
892 3324 1072 3377 ἑκοντὶ
1104 3324 1465 3392 παρκδιάγειν
1490 3321 1626 3392 ὁμοῦ
1659 3329 1749 3375 καὶ
1775 3322 1883 3374 τῶν

308 3418 479 3483 ἱερῶν
515 3416 614 3485 τῆς
653 3416 748 3468 τοῦ
790 3415 924 3468 Θεοῦ
965 3415 1260 3485 ἐκκλησίας
1303 3413 1592 3480 κιγκλίδων
1637 3413 1881 3465 ἐλαύνειν

306 3509 436 3577 ἡυει
463 3507 721 3576 τοιούτῳ,
756 3505 959 3576 ἥκιστά
989 3521 1135 3569 τινος
1168 3504 1383 3572 φειδοῦς
1484 3503 1756 3565 κολάσεως
1789 3518 1882 3571 με·

308 3597 635 3665 σιτευούσης
674 3596 768 3648 καὶ
809 3594 1146 3665 ὑφαιρούσης
1180 3596 1279 3664 τὴν
1313 3594 1409 3647 τοῦ
1455 3594 1690 3662 κράτους
1729 3591 1886 3644 ἀσέλ-

307 3705 493 3761 γειαν·
518 3689 629 3742 ἀλλ’
657 3691 857 3757 ἰατροῖς
884 3688 1085 3757 μᾶλλον
1118 3688 1401 3756 γίγνεσθαι
1422 3689 1562 3741 πάνυ
1587 3686 1885 3757 προθύμως

307 3778 542 3849 καινᾶμα
558 3777 845 3840 κολασταῖς
878 3778 964 3849 [Ρ.
995 3775 1123 3847 549]
1155 3775 1263 3831 τῶν
1298 3777 1551 3846 ἀθέσμων
1584 3777 1758 3829 σάλων
1790 3776 1883 3828 καὶ

313 3873 632 3941 ἐκτροπῶν,
670 3872 722 3922 εῐ
761 3888 822 3938 γε
866 3870 1215 3940 βουλομένοις
1252 3870 1494 3923 εὐσεϐεῖν
1527 3869 1651 3939 είηη
1671 3869 1744 3921 Τὸ
1786 3869 1882 3939 μὲν

312 3963 426 4032 γὰρ
460 3964 606 4027 ἄξιον
636 3963 847 4032 θρήνων
882 3962 1107 4031 μακρῶν
1135 3962 1229 4013 καὶ
1260 3963 1316 4023 ἐς
1345 3960 1404 4012 τὸ
1437 3960 1628 4028 μέλλον
1664 3960 1885 4029 μνήμης

313 4056 383 4105 ἐκ
412 4054 520 4106 τῶν
551 4053 820 4121 ὀψιγόνων
846 4053 989 4122 πρὸς
1023 4051 1317 4121 ἀπέχθειάν
1348 4067 1405 4101 τε
1438 4050 1530 4101 aut
1563 4048 1720 4119 ῦὸριν
1752 4052 1884 4101 ἁναο

312 4144 618 4214 τρεγούσης
656 4143 955 4213 ὁλοσχερῶς
1000 4143 1094 4212 (ἐῶ
1135 4143 1240 4211 γὰρ
1281 4141 1354 4203 ὡς
1396 4141 1743 4209 ἐγνωσμένης
1782 4139 1881 4210 ἤδη

315 4236 632 4305 μεμνῆσθαι
662 4237 760 4304 τῆς
798 4234 968 4288 ἀϊδίου
1010 4233 1206 4302 φλογὸς
1242 4233 1492 4303 ἐκείνης,
1525 4231 1560 4301 ἢ
1594 4233 1707 4292 τοῖς
1743 4231 1883 4283 οὕτω

316 4328 349 4396 β
378 4326 525 4377 οὐσιν
550 4326 863 4395 ἡπείληται)
892 4342 908 4355 ο
938 4324 998 4376 τὸ
1024 4324 1068 4376 δ’
1094 4321 1364 4392 ὑμνούσα;
1393 4319 1640 4389 γλώσσας
1667 4321 1886 4374 ἀπαιτεῖ

310 4419 426 4472 τῶν
466 4435 524 4469 τε
567 4418 663 4470 νῦν
700 4417 867 4469 ὄντων
912 4416 1019 4469 τῶν
1062 4432 1121 4467 τε
1161 4414 1542 4483 γενησομένων
1582 4412 1889 4484 ἀνθρώπων

314 4508 561 4560 εὐσεϐῶν
597 4511 692 4561 καὶ
732 4508 843 4578 ἅμα
883 4508 1060 4577 ψυχῆς
1100 4507 1374 4575 ἀκήρατον
1407 4504 1744 4577 εὐφροσύνην
1766 4544 1781 4568 ,
1815 4506 1882 4575 ἢν

315 4605 399 4671 μὴ
430 4600 748 4653 τελευτῶσιν
777 4600 968 4656 αἰῶσιν
1000 4600 1272 4670 ἀκούομεν
1302 4598 1758 4667 ἀπονενεμῆσθαι.
1860 4588 1863 4589 ν

1987 3328 2290 3383 honoribus
2322 3339 2524 3379 carere
2580 3321 2869 3377 maximam
2902 3334 3021 3375 esse
3055 3318 3396 3372 felicitatem.
3421 3312 3550 3368 Aie-

1985 3420 2110 3475 bam
2141 3427 2405 3489 praeterea
2456 3429 2563 3468 non
2612 3412 2817 3468 debere
2858 3409 3155 3478 principes,
3186 3422 3305 3474 qua:
3332 3403 3553 3471 sapien-

1988 3523 2071 3567 ter
2086 3509 2382 3566 constituta
2419 3513 2626 3564 essent,
2650 3519 2713 3558 ea
2748 3504 2891 3557 ultro
2921 3498 3246 3575 transgredi,
3284 3505 3340 3551 et
3371 3509 3556 3549 saero-

1987 3601 2193 3656 sanctis
2255 3596 2515 3654 Ecclesiae
2575 3594 2671 3648 Dei
2722 3591 2886 3663 873
2937 3589 3194 3644 cancellis
3245 3586 3352 3640 isto
3400 3600 3553 3640 more

1985 3689 2302 3754 excludere,
2358 3695 2419 3740 ut
2468 3698 2569 3739 nec
2630 3682 2935 3737 moderatio
2965 3680 3098 3745 ulla,
3128 3692 3228 3732 nec
3285 3674 3554 3730 examinis

1980 3779 2294 3848 interpositi
2325 3776 2587 3831 severitas
2620 3781 2945 3842 potestatem
2974 3771 3297 3823 insolentem
3331 3780 3553 3821 coerce-

1987 3881 2090 3926 ret.
2116 3871 2256 3938 Qnin
2293 3869 2405 3923 imo
2428 3875 2681 3936 oportere
2708 3879 2823 3928 eos,
2857 3863 2902 3917 si
2936 3859 3176 3927 religiosi
3205 3866 3411 3924 essent,
3440 3870 3554 3910 me.-

1987 3965 2138 4017 dicos
2165 3970 2219 4015 et
2248 3951 3080 4028 castigatorespromptissimos
3109 3949 3371 4004 exsistere
3397 3961 3553 4001 erro-

1985 4066 2107 4105 rum
2142 4065 2203 4104 ae
2222 4046 2670 4117 depravationem
2696 4043 2867 4098 sacris
2896 4039 3107 4110 legibus
3130 4037 3548 4093 contrariarum.

1985 4144 2120 4198 Nam
2155 4140 2285 4194 illud
2310 4138 2529 4208 quidem
2562 4132 2978 4204 deplorandum,
3008 4129 3376 4197 memoriaque
3404 4125 3551 4195 apud
3588 4179 3600 4191 ,

1986 4243 2239 4304 posteros
2299 4227 2646 4284 odiosissima
2720 4240 2784 4279 ac
2857 4222 3276 4293 probrosissima
3325 4220 3547 4289 dignum

1985 4331 2070 4377 est
2129 4320 2210 4391 (ut
2256 4319 2447 4374 sileam
2481 4317 2725 4369 ﬂammas
2760 4313 3143 4383 sempiternas,
3173 4326 3307 4380 quas
3331 4309 3422 4364 'iis
3452 4307 3549 4377 qui

1986 4392 2067 4468 sic
2091 4411 2282 4465 vivunt
2332 4407 2648 4470 destinatas,
2697 4403 2938 4474 cogitare
2988 4402 3115 4456 licet
3147 4411 3204 4455 ut
3226 4402 3334 4470 jam
3362 4400 3554 4455 decre-

1988 4504 2126 4572 tas);
2161 4503 2267 4555 hoc
2303 4516 2434 4555 vero
2482 4497 2700 4552 laudem
2745 4504 2801 4551 et
2832 4493 3357 4550 commendationem
3387 4489 3555 4557 exigit

1914 4574 1957 4630 θ
1985 4596 2054 4650 ab
2088 4593 2404 4650 hominibus
2460 4592 2590 4662 piis,
2627 4590 2720 4660 qui
2771 4604 2920 4642 nunc
2964 4586 3179 4652 vivunt,
3236 4586 3398 4654 quive
3448 4599 3553 4637 un-

311 4710 482 4767 quam
531 4691 731 4749 victuri
787 4701 954 4758 sunt;
995 4701 1049 4747 et
1093 4693 1365 4746 sinceram
1421 4700 1662 4747 meretur
1711 4689 1881 4744 animi
1917 4690 2277 4758 voluptatem,
2309 4685 2525 4754 qualem
2563 4697 2678 4738 aevo
2712 4679 3008 4736 immortali
3075 4679 3372 4747 repositam
3430 4693 3551 4733 esse

313 4791 616 4847 credimus.

391 4880 482 4948 τῖ’.
511 4883 666 4935 Οὕτω
688 4880 867 4934 τοίνυν
894 4879 1048 4949 ἡμῶν
1077 4880 1365 4947 ἀπογνοὺς,
1392 4868 1515 4932 sitsi.
1539 4879 1635 4931 τὸν
1659 4879 1760 4949 ἤδη
1789 4880 1887 4950 ῥη-

314 4971 480 5024 θέντα
512 4968 572 5033 ὲξ
596 4969 837 5027 Ἀθωνος
863 4966 1022 5037 ὅρους
1050 4965 1254 5036 ἥκοντα
1285 4967 1386 5037 ἤδη
1414 4966 1688 5027 τεθέαται.
1719 4968 1881 5028 εὐθὺς

317 5064 414 5115 καὶ
442 5060 517 5130 μὴ
540 5060 680 5113 πάνυ
702 5076 786 5111 τοι
812 5058 1017 5129 σφόδρα
1042 5057 1637 5129 προθυμουμένωνιτῶν
1660 5057 1884 5108 ἐπισκό-

313 5171 436 5207 πων
458 5154 554 5220 τῆς
576 5152 705 5211 τέως
733 5148 1044 5217 σωζομένης
1067 5149 1335 5218 ἐπαρχίας
1358 5150 1490 5218 (Μ).
1517 5151 1591 5211 είς
1618 5149 1885 5218 πατριάρ-

312 5263 422 5317 χην
464 5242 849 5310 προϐάλλεται,
891 5240 956 5292 δι’
980 5238 1129 5291 οὐδὲν
1169 5239 1356 5308 ἕτερον
1401 5239 1743 5303 ἐπισπεύσας
1784 5241 1881 5310 τὴν

231 5400 237 5413 ι
266 5338 279 5349 ’
312 5335 484 5388 αὐτοῦ
515 5335 782 5401 προϐολὴν
804 5372 818 5394 ,
849 5332 882 5401 ἢ
915 5333 993 5383 ὅτι
1024 5331 1157 5400 πρὸς
1187 5330 1425 5398 διωγμὸν
1455 5319 1711 5400 ἀριστα”ό
1743 5332 1882 5401 ἀνὴρ
1910 5358 1918 5367 “

315 5424 588 5495 ἐπεφύκει
622 5414 718 5477 καί
750 5422 978 5493 ὖργανον
1009 5418 1076 5492 ἦν
1111 5422 1246 5492 πρὸς
1279 5422 1547 5491 τιμωρίας
1586 5422 1881 5495 ἀπανθρώ-

2007 4876 2013 4881 ’
2059 4874 2148 4930 Vl.
2183 4873 2273 4928 Sic
2306 4870 2397 4926 ille
2431 4884 2688 4925 successu
2717 4868 3002 4937 desperato
3033 4881 3061 4920 a
3090 4865 3252 4920 nobis
3278 4863 3550 4919 discessit.

1983 4964 2189 5018 Deinde
2248 4962 2528 5015 hominem
2580 4975 2745 5028 supra
2794 4966 3182 5019 memoratum,
3214 4955 3307 5025 qui
3335 4955 3444 5025 jam
3486 4969 3551 5007 ex

1989 5058 2129 5112 Atho
2162 5040 2344 5109 monte
2390 5053 2705 5111 advenerat.
2738 5051 3108 5120 conspicatus,
3136 5047 3424 5102 confestim
3452 5062 3554 5102 nec

1985 5147 2277 5203 admodum
2343 5138 2690 5214 cupientibus
2737 5141 3010 5212 episcopis
3054 5141 3171 5211 ejus
3233 5140 3550 5210 provinciae,

1985 5256 2106 5309 qua:
2144 5248 2272 5293 tunc
2328 5237 2475 5291 salva
2529 5236 2790 5298 restabat,
2820 5235 3185 5302 patriarcham
3237 5231 3552 5303 eligendum

1983 5331 2262 5402 proponit.
2294 5327 2427 5381 Eum
2461 5342 2593 5382 vero
2630 5342 2742 5381 non
2778 5322 2941 5381 aliam
2984 5336 3054 5381 ot)
3091 5339 3305 5381 causam
3334 5336 3552 5392 promo-

1986 5441 2115 5479 vere
2147 5423 2446 5491 fcstinavit,
2495 5421 2599 5476 nisi
2628 5421 2756 5490 quia
2800 5419 2868 5473 ad
2905 5419 3265 5475 exercendam
3297 5429 3549 5484 per5ecu-
3638 5406 3655 5421 ⁸

1664 5523 1993 5604 variorum
2036 5550 2219 5605 noue.

391 5649 506 5713 (Ml
539 5647 631 5700 Sic
664 5644 801 5698 infra
834 5657 952 5711 cap.
977 5643 1030 5714 ὅ,
1089 5652 1225 5698 sect.
1252 5645 1305 5697 '5.
1369 5642 1617 5714 Κᾰπειδὴ
1660 5642 1882 5714 Θρᾴκης

316 5710 582 5781 ἐπέκεινα
617 5715 819 5767 πλείων
849 5710 947 5766 οὐκ
973 5710 1038 5782 ἧν
1066 5715 1307 5782 ἐπαρχία
1342 5710 1653 5781 Ῥωμαίοις,
1688 5710 1881 5782 μόνους

316 5792 456 5850 τοὺς
508 5784 818 5853 Θρᾳκικοὺς
844 5780 1006 5843 εὐθὺς
1040 5780 1457 5851 μεταπέμπεται
1521 5780 1874 5842 ἐπισκόπους.

687 5876 955 5937 ΡΔΤιιΟι.
995 5879 1038 5933 ti
1053 5898 1108 5937 ιι.
1158 5879 1247 5936 CX
1261 5878 1383 5936 LVI
1399 5877 1439 5935 Il

1989 5645 2123 5699 Vide
2151 5656 2207 5701 et
2237 5645 2337 5699 lib.
2368 5659 2484 5707 xxx,
2525 5657 2648 5713 cap.
2696 5642 2825 5713 ult.,
2861 5638 2951 5713 u_bi
2987 5639 3054 5693 de
3105 5634 3315 5705 imperii
3349 5632 3549 5688 finibus

1990 5715 2082 5768 illo
2111 5725 2354 5783 tempore
2391 5713 2548 5767 valde
2579 5710 2851 5781 angustis.
2880 5710 3091 5763 Bo1vnv.

3107 5864 3182 5922 36
