4064 6440
406 364 545 417 lli”)
782 368 858 428 [A-
894 371 948 411 ει
982 362 1141 427 13511
1356 361 1808 427 ΒΥΖΑΝΤΙΝᾸΕ
1847 365 1993 428 HlS’.

2094 367 2234 430 RM;
2276 366 2423 429 Lm.
2464 362 2668 428 XVI”
2770 358 2904 431 [μιν.
2934 374 2982 411 ι.
3021 369 3314 411 ολιιτλευῑ.
3352 353 3408 425 5]
3508 354 3654 420 1146

365 475 383 486 '
411 475 502 527 καὶ
539 456 733 542 δόξανς
765 476 1150 546 Μνῆσθητιότι
1193 477 1385 548 θνητὸς
1415 475 1471 534 εἴ
1491 483 1583 535 καὶ
1632 481 1836 554 θνητὴν
1863 483 1987 538 ἐλα-

2094 484 2332 554 primum
2366 480 2690 537 hominem?
2725 478 2839 534 Cur
2862 475 3013 546 cogis
3036 484 3238 530 terram
3294 471 3379 525 eis
3422 469 3656 522 tribulos

408 581 502 633 χες
554 564 742 634 φύσιν.
781 567 1020 636 Φοὸερὸν
1060 569 1124 622 τὸ
1174 569 1439 637 ἐμπεσεῖν
1490 574 1573 633 εἰς
1612 575 1802 642 χεῖρας
1847 572 1982 627 Θεοῦ

2094 580 2143 634 et
2168 590 2536 633 aerumnarum
2561 575 2749 643 spinas
2778 571 3118 640 germinare,
3162 577 3217 621 et
3244 574 3451 620 tantam
3478 563 3656 631 iaery-

410 657 630 723 ζῶντος.
666 659 750 731 [Ρ.
779 659 908 731 557]
964 661 1101 715 Εἰπὲ
1130 662 1247 725 πῶς
1281 663 1455 718 ἄλλαι·
1495 666 1592 731 μὲν
1618 667 1674 719 αί
1704 666 1983 735 τεττάρων

379 749 506 823 Ιἤδη
537 750 674 802 ἐτῶν
701 753 1025 819 ἐπαγγελίαι
1050 752 1161 824 (26)
1195 755 1358 823 ἕτερα
1388 755 1433 808 δ’
1469 751 1534 809 αὗ
1565 754 1634 808 τὰ
1661 756 1835 824 τέλη;
1865 758 1985 811 Κα-

407 840 625 913 θολικὴν
682 845 779 912 μὲν
808 844 918 914 γὰρ
955 846 1320 917 πεποιηκέναι
1362 846 1582 901 σύνοδον
1607 846 1677 900 τὰ
1722 847 1828 917 τῆς
1882 847 1981 915 σῆς

408 934 740 1001 ἐπαγγελίας
759 930 850 1005 ἦν,
887 938 1242 1009 πατριαρχῶν
1266 938 1522 994 ἁπάντων
1548 941 1643 992 καὶ
1666 940 1984 993 ἐπισκόπων

408 1024 715 1093 κληθέντων
734 1043 749 1058 ·
772 1028 866 1081 νῦν
897 1029 1076 1083 δὀύδὲ
1107 1030 1337 1105 μερικοῦ
1363 1048 1510 1095 τινος
1543 1031 1663 1101 ίχνη
1688 1032 1984 1096 διασώζου-

408 1130 507 1168 σαν
536 1114 840 1184 σχεδιάζεις
866 1116 1281 1190 βουλευτηρίου.
1316 1121 1425 1174 Καὶ
1456 1124 1589 1191 πρὶν
1621 1122 1722 1191 μὲν
1753 1121 1986 1175 ἐλπίδων

410 1202 532 1276 ῐχνη
586 1206 934 1276 διορθώσεως
993 1209 1103 1265 τῶν
1157 1210 1254 1265 τοῦ
1307 1211 1547 1280 Παλαμᾶ
1608 1212 1984 1280 καινοφωνιῶν

304 1296 309 1300 ’
407 1294 631 1349 ἔϐοσκον
658 1298 1015 1367 τάςζέκείνων
1031 1299 1213 1371 ψυχάς
1239 1318 1253 1333 ·
1285 1301 1381 1355 νῦν
1418 1304 1478 1356 δὲ
1505 1304 1836 1373 τυραννικὸν
1871 1303 1985 1372 6ρῶ

413 1405 471 1441 σε
503 1389 654 1457 βῆμα
679 1391 1161 1460 παρασκευάζοντα
1192 1394 1285 1447 σὺν
1310 1396 1370 1450 ἐν
1403 1396 1577 1467 γωνίᾳ
1625 1397 1880 1464 καθάπερ
1918 1397 1979 1448 ἐν

412 1480 902 1552 σπηλαίῳλῃστῶν.
940 1482 1066 1546 Πῶς
1090 1483 1200 1555 γὰρ
1225 1485 1310 1553 εἴη
1335 1484 1401 1536 ἂν
1435 1485 1675 1548 σύνοδος,
1693 1485 1802 1539 τῶν
1825 1485 1986 1538 θείων

409 1569 507 1663 τῇς
524 1568 850 1663 Ἑκκλησίας
877 1573 1122 1626 κανόνων
1144 1576 1238 1627 καὶ
1261 1575 1480 1642 θεσμῶν
1503 1574 1792 1646 ὑπερόριος
1812 1575 1948 1630 οὖσα
1967 1592 1983 1642 ;

409 1661 656 1724 Κανόνας
687 1661 797 1733 γὰρ
836 1664 903 1716 ἐκ
939 1667 1254 1737 μεταφορᾶς
1285 1666 1569 1720 καλεῖσθαι
1612 1668 1985 1737 ξυμπέπτωκε

408 1751 500 1804 τοῦ
533 1753 845 1806 τεκτονικοῦ
894 1756 988 1808 καὶ
1012 1754 1192 1810 κοινοῦ
1237 1756 1483 1821 κανόνος.
1526 1758 1743 1831 Ὠσπερ
1784 1756 1880 1814 οὖν
1907 1760 1985 1830 τῷ

408 1843 725 1914 τεκτονικῷ,
775 1847 958 1900 κανόνι
1018 1838 1372 1920 πλατυτέραν
1440 1850 1585 1921 ἔχειν
1635 1850 1735 1920 τὴν
1793 1852 1985 1923 χρείαν

408 1936 644 2004 ἀνάγκη,
680 1936 822 1990 κατὰ
854 1939 1037 1992 πᾶσαν
1068 1941 1173 2010 γῆν
1197 1957 1257 1992 τε
1280 1943 1379 1995 καὶ
1406 1942 1700 2015 θάλασσαν,
1731 1947 1824 1998 καὶ
1846 1945 1984 2015 ὅπη-

310 2110 316 2117 .
412 2046 515 2100 περ
546 2029 613 2084 ἂν
641 2025 753 2083 εἷεν
781 2032 1121 2095 ἐνοικοῦντες
1153 2031 1474 2103 ἀνθρώποιο
1509 2037 1633 2101 ταῖς
1663 2036 1721 2091 δέ
1750 2036 1860 2089 τῶν
1892 2039 1985 2090 ἀν-

411 2121 645 2192 θρώπων
673 2123 993 2193 ἡγεμονίαις
1025 2126 1264 2196 μερικάς
1293 2144 1446 2192 τινας
1473 2128 1568 2181 καὶ
1595 2123 1708 2181 οἷον
1735 2145 1987 2198 σπερμα-

409 2217 566 2280 τικὰς
610 2216 708 2269 καὶ
743 2216 1035 2287 διαφόρους
1060 2220 1247 2273 ,εἰπεῖν
1273 2235 1287 2251 ⁸
1320 2219 1464 2274 οὕτω
1497 2221 1596 2276 καὶ⁵
1627 2224 1737 2284 τοῖς
1764 2221 1866 2290 τῆς
1882 2223 1986 2276 ’ὲκ-

409 2311 640 2382 κλησίας
667 2300 858 2367 κανόσι
889 2313 982 2366 καὶ
1004 2313 1118 2374 τοῖς
1150 2313 1451 2375 πολιτικοῖς
1476 2315 1663 2383 νόμοις
1687 2314 1988 2367 καθολικω-

313 2418 318 2423 ‘
410 2407 574 2474 τέραν
600 2405 747 2475 ἔχειν
774 2405 987 2472 ἀνάγκη
1016 2406 1116 2475 τὴν
1145 2399 1362 2474 χρεία-ιζ
1395 2406 1492 2460 καὶ
1521 2405 1713 2475 ἄρχειν
1744 2406 1854 2459 τῶν
1881 2407 1986 2474 ἀρ-

410 2496 635 2569 χόντων,
672 2498 767 2549 καὶ
803 2497 1058 2564 ἡγεῖσθαι
1096 2498 1208 2551 τῶν
1238 2497 1550 2568 ἡγεμόνων.
1587 2498 1654 2550 Σὲ
1676 2497 1736 2551 δὲ
1765 2497 1989 2551 τούνανο

411 2590 528 2642 τίον
575 2588 710 2660 δρᾷν
741 2588 995 2642 ἐθέλοντα
1025 2589 1239 2659 βλέπων
1276 2590 1425 2644 δέδια
1472 2592 1547 2662 μὴ
1593 2588 1991 2657 ἐναντιούμενα

414 2698 495 2734 σοι
525 2681 592 2734 τὰ
624 2680 881 2753 δρώμενα
911 2682 1156 2753 γένηται,
1188 2683 1285 2737 καὶ
1327 2681 1422 2736 τοῦ
1454 2682 1657 2737 σκοποῦ
1692 2682 1987 2737 παντάπαυ

416 2793 500 2828 σιν
532 2774 826 2829 ἀντίπαλα.
884 2775 1041 2827 Ἐπεὶ
1077 2775 1173 2828 καὶ
1200 2773 1484 2846 οἰκοδόμος
1520 2776 1614 2829 καὶ
1647 2776 1886 2839 τέκτων,
1920 2772 1989 2828 ἂν

416 2867 491 2934 μὴ
539 2866 755 2936 καθέτῳ
783 2868 879 2919 καὶ
910 2866 1124 2938 στάθμῃ
1164 2869 1259 2920 καὶ
1288 2869 1403 2930 τοῖς
1456 2865 1724 2930 τοιούτοις
1753 2865 1990 2937 χρῶντες

413 2960 657 3021 κανόσιν,
685 2959 788 3013 οὐκ
817 2960 894 3023 είς
924 2962 1140 3029 μακρὰν
1173 2959 1270 3028 τὴν
1299 2958 1620 3028 καθαίρεσιν
1658 2960 1757 3013 ίδοι
1786 2958 1852 3013 ἂν
1880 2958 1992 3011 τῶν

413 3034 731 3121 δρωμένων,
778 3050 872 3105 τοῦ
916 3051 1016 3122 τῆς
1065 3051 1332 3120 ἁρμονίας
1374 3052 1611 3122 κράτους
1656 3050 1866 3121 οὐδαμῆ
1891 3051 1992 3119 τὴν

2086 684 2298 724 marum
2325 666 2634 721 amaritiem
2664 656 2975 733 parturir’e?
3002 658 3115 714 Cur
3149 655 3450 712 infortunia
3484 661 3541 706 et
3560 652 3658 704 do-

2083 760 2254 822 lores,
2283 773 2410 812 cum
2446 756 2697 811 hetitiam
2724 764 2778 809 et
2807 751 3152 821 splendorem
3183 748 3344 803 facile
3374 744 3486 801 sit?
3549 744 3657 797 Me-

2084 860 2275 908 mento
2306 844 2597 904 mortalem
2631 855 2684 902 te
2716 860 2839 902 esse
2871 854 2926 899 et
2963 841 3259 897 obnoxiam
3297 839 3460 893 morti
3493 844 3656 909 natu-

2085 958 2200 1001 ram
2231 940 2505 997 sortitum.
2546 937 2848 993 «Terribile
2875 944 2960 990 est
2997 934 3050 987 in
3087 948 3286 987 manus
3306 927 3659 984 Deiviventis

2087 1036 2425 1092 incidere'.»
2460 1033 2578 1088 Jam
2609 1030 2741 1085 illud
2772 1027 2937 1083 velim
2986 1025 3158 1085 dicas.
3217 1021 3352 1092 quid
3402 1020 3474 1073 sit
3506 1016 3655 1086 quod

2085 1144 2184 1200 per
2220 1141 2395 1182 annos
2426 1133 2570 1180 totos
2599 1132 2837 1193 quatuor
2876 1121 2983 1175 alia
3012 1115 3364 1187 promiseris,
3398 1113 3505 1167 alia
3539 1112 3659 1179 ipso

2085 1221 2235 1277 exitu
2264 1218 2528 1290 prtestes?
2561 1214 2776 1272 Etenim
2810 1222 2964 1267 tuum
3001 1210 3133 1265 illud
3170 1207 3505 1278 promissum
3533 1202 3657 1267 fuit,

2085 1320 2336 1367 coactum
2359 1309 2424 1363 iri
2454 1307 2770 1377 generalem
2806 1304 3103 1375 synodum,
3146 1299 3203 1353 in
3236 1313 3398 1366 quam
3448 1307 3657 1348 convo-

2085 1411 2341 1458 carentur
2366 1414 2559 1456 omnes
2587 1397 2917 1468 patriarcha:
2941 1404 2999 1449 et
3030 1390 3295 1463 episcopi.
3329 1389 3503 1454 Quam
3526 1398 3658 1439 vero

2086 1511 2234 1550 nunc
2262 1491 2719 1561 extemporariam
2751 1489 2924 1559 cogis,
2988 1501 3053 1543 ea
3086 1501 3156 1540 ne
3178 1481 3409 1538 minoris
3433 1477 3656 1548 quidem

2086 1589 2320 1660 alicujus
2373 1586 2540 1641 curiae
2590 1583 2884 1651 imaginem
2961 1584 3339 1649 repraesentat.
3412 1570 3660 1627 Antehac

2087 1696 2211 1752 Spes
2225 1681 2417 1735 saltem
2443 1677 2804 1736 adumbratze,
2837 1673 2907 1727 de
2939 1672 3122 1726 futura
3146 1680 3411 1723 novarum
3430 1663 3663 1719 Palama:

2088 1771 2407 1843 opinionum
2459 1766 2826 1827 correctione,
2883 1763 3101 1817 illorum
3160 1758 3375 1812 animos
3402 1754 3660 1815 alebant;

2088 1872 2146 1918 at
2182 1876 2352 1923 nunc,
2391 1868 2452 1914 ut
2480 1858 2664 1922 video,
2702 1855 3049 1927 tyrannicum
3105 1848 3346 1905 tribunal
3398 1853 3515 1899 tute
3547 1844 3664 1912 ipse

2086 1953 2145 2008 in
2178 1951 2400 2023 angulo,
2430 1960 2488 2006 et
2508 1932 2763 2006 veluti‘in
2784 1945 3050 2016 spelunca
3078 1943 3378 2003 latronum,
3406 1935 3503 1991 tibi
3528 1949 3664 1988 con—

2086 2045 2292 2102 stituis.
2319 2043 2452 2098 Nam
2483 2058 2608 2112 quae
2636 2057 2667 2096 a
2699 2039 2874 2097 sacris
2901 2035 3153 2092 Ecclesia:
3183 2030 3386 2099 regulis
3431 2043 3497 2083 ac
3527 2026 3664 2095 legi-

2087 2138 2195 2193 bus
2248 2135 2568 2206 longissime
2620 2133 2796 2194 abest,
2857 2145 2927 2184 an
2962 2143 3028 2182 ea
3086 2124 3332 2197 synodus
3377 2135 3500 2176 esse
3552 2118 3665 2172 ullo

2090 2227 2253 2282 modo
2280 2225 2498 2297 possit?
2522 2223 2685 2280 Certe
2715 2220 3124 2279 ecclesiasticas
3144 2214 3361 2286 regulas
3379 2209 3668 2279 metapho-

2088 2317 2202 2372 rice
2253 2316 2427 2371 dictas
2482 2320 2700 2369 constat
2744 2327 2777 2366 a
2830 2309 3015 2365 fabrili
3066 2299 3662 2377 vulgarique‘regula.

2089 2400 2563 2476 Quemadmodum
2598 2404 2766 2474 igitur
2796 2416 3023 2457 necesse
3051 2408 3158 2463 est,
3177 2406 3238 2452 ut
3270 2394 3456 2465 regula
3490 2389 3666 2446 fabri-

2090 2497 2343 2552 lisusum
2402 2494 2652 2550 latiorem
2717 2493 2939 2556 habeat,
2993 2489 3145 2546 omni
3195 2497 3355 2542 terrae
3385 2490 3443 2539 et
3501 2481 3665 2542 mari,

2089 2587 2349 2644 omnibus
2424 2585 2685 2642 habitatis
2753 2583 3070 2654 regionibus
3147 2574 3661 2634 accommodatum,

2092 2682 2223 2738 item
2255 2696 2392 2737 usus
2419 2679 2750 2750 singulares,
2810 2688 2976 2748 atque
3012 2683 3072 2729 ut
3104 2674 3179 2729 ita
3202 2672 3380 2727 dicam
3418 2671 3667 2723 minutos

2090 2783 2149 2828 et
2172 2771 2529 2842 multiplices,
2596 2787 2696 2841 pro
2735 2769 2904 2824 variis
2967 2767 3256 2823 hominum
3312 2760 3667 2819 ditionibus;

2092 2865 2263 2936 886
2294 2863 2366 2917 ita
2399 2866 2563 2919 etiam
2596 2877 2824 2916 necesse
2847 2869 2933 2915 est
2959 2856 3467 2915 ecclesiasticarum
3511 2864 3668 2919 regit-

2093 2957 2271 3012 larum
2290 2964 2347 3011 et
2378 2956 2558 3025 legum
2593 2953 2838 3009 civilium
2869 2967 3029 3007 usum
3058 2949 3126 3004 ad
3155 2948 3447 3003 universos
3501 2943 3673 3012 perti-

2094 3060 2255 3105 nere.
2293 3054 2431 3100 utet.
2459 3043 2890 3114 imperatoribus
2925 3043 3221 3115 imperent,
3269 3045 3327 3091 et
3357 3032 3671 3106 praepositis

396 3142 703 3194 ἐπίστασιν
753 3141 863 3194 τῶν
890 3141 1068 3210 ἔργων
1099 3140 1400 3202 ίθύναντος.
1463 3142 1618 3195 Ἐπεὶ
1666 3141 1846 3194 τοίνυν
1898 3141 1993 3194 καὶ

2104 3137 2347 3209 praesint.
2383 3136 2464 3191 Tu
2490 3150 2643 3200 vero,
2693 3135 2821 3204 quia
2874 3132 3217 3187 contrarium
3275 3126 3483 3181 videris
3537 3124 3674 3178 velle

416 3233 480 3284 σὺ
537 3232 653 3296 τοῖς
714 3232 813 3301 τῆς
868 3233 1161 3304 ἐκκλησίας
1234 3234 1456 3287 κανόσιν
1527 3234 1626 3303 οὐχ
1692 3233 1836 3305 ἕπῃ,
1890 3232 1999 3286 ἴσθι

420 3323 931 3392 καταλυθησόμενος
994 3324 1098 3378 ὑπὸ
1152 3324 1249 3393 τῆς
1308 3324 1646 3393 ἐκκλησίας,
1707 3323 1738 3393 ἥ
1802 3323 2001 3394 μᾶλλον

414 3417 520 3469 ὑπὸ
570 3415 662 3469 τοῦ
713 3415 813 3484 τῆς
871 3415 1196 3485 Ἐκκλησίας
1250 3414 1558 3484 ἡγουμένου
1600 3411 1760 3475 Θεοῦ,
1822 3416 1917 3482 καὶ
1949 3413 1999 3466 εί

418 3509 495 3579 μὴ
545 3508 743 3561 αὐτίκα
797 3507 965 3575 μάλα,
1000 3506 1116 3559 ἀλλ’
1159 3501 1252 3558 οὖν
1284 3505 1393 3559 οὐδ’
1426 3505 1507 3568 είς
1557 3503 1703 3572 μάλα
1756 3504 1997 3573 μακράν.

417 3598 591 3655 Οἷσθα
621 3601 729 3671 γὰρ
767 3599 843 3664 ὡς
895 3601 960 3654 σὺ
997 3598 1213 3663 πρῶτος
1247 3596 1455 3654 ἄνωθεν
1499 3596 1816 3666 προστάτης
1842 3594 1998 3663 γενό-

420 3713 579 3766 μενος
623 3694 722 3763 τῆς
767 3692 861 3746 τοῦ
909 3692 1150 3761 Παλαμᾶ
1179 3688 1498 3750 δυσσεὸείας
1546 3689 1683 3759 ὁμοῦ
1715 3689 1783 3757 τῇ
1831 3686 2002 3756 μητρὶ

415 3787 510 3840 τοῦ
560 3784 813 3840 τοσούτου
850 3784 1080 3853 θορύϐου
1097 3784 1164 3852 τῇ
1216 3782 1484 3851 ἐκκλησίᾳ
1518 3779 1783 3848 κατέστης
1806 3779 1996 3839 αἴτιος.

416 3878 510 3932 Διὸ
562 3879 657 3931 καὶ
701 3876 1027 3945 μηνίσαντος
1067 3873 1162 3927 τοῦ
1198 3873 1356 3935 Θεοῦ,
1384 3872 1484 3940 τῆς
1511 3868 1860 3937 εὐδαιμονίας
1904 3867 2001 3920 καὶ

416 3971 573 4039 δόξης
598 3968 817 4039 ἐκείνης
844 3965 1051 4037 γυμνὸς
1078 3963 1443 4034 κατελείφθης
1468 3960 1754 4041 αἰφνίδιον,
1792 3960 1887 4012 καὶ
1908 3958 1999 4026 γέ-

417 4080 580 4132 γονας
621 4060 783 4123 εὐθὺς
829 4058 1119 4130 ὑπερόριος
1155 4055 1416 4126 πατρίδος
1468 4055 1589 4125 ἅμα.
1639 4052 1734 4106 καὶ
1785 4050 1994 4120 γένους.

419 4153 530 4207 Καὶ
558 4153 591 4224 ἡ
629 4152 731 4223 μέν
756 4150 823 4219 σὴ
846 4149 1030 4219 μήτηρ
1052 4146 1342 4217 αἰσχίστην
1373 4144 1521 4199 ἔτισε
1552 4143 1644 4197 τοῦ
1677 4142 1794 4213 βίου
1811 4141 2000 4194 τελευ-

418 4244 535 4316 τὴν,
563 4243 708 4312 λιμῷ
743 4243 840 4295 καὶ
871 4238 1037 4310 ψύχει
1062 4235 1442 4306 δαπανηθεῖσα
1479 4235 1574 4290 καί
1626 4251 1720 4288 σου
1752 4233 1846 4288 τοῦ
1878 4233 2000 4302 φιλ-

416 4338 578 4389 τάτου
601 4335 699 4405 τὴν
723 4332 980 4402 στέρησιν
1013 4329 1212 4397 πικρὸν
1242 4329 1496 4396 ἐντάφιον
1519 4324 1862 4394 ἐνεγκαμὲνη
1887 4340 1900 4354 ·
1933 4324 1998 4378 σὺ

417 4430 472 4482 δὲ
506 4426 737 4489 πολλοὺς
765 4425 862 4478 καὶ
892 4422 1173 4483 ποικίλους
1197 4419 1590 4490 ἁναμετρήσας
1622 4418 1738 4488 βίον
1765 4417 1999 4477 πλάνους

2104 3240 2310 3302 facere,
2342 3251 2537 3293 vereor
2562 3253 2633 3292 ne
2675 3252 2764 3297 ea,
2815 3250 2936 3304 qua:
2975 3230 3160 3287 fuiura
3208 3238 3358 3290 sunt,
3399 3225 3673 3281 contraria

2105 3329 2203 3384 tibi
2238 3316 2494 3384 accidant
2519 3338 2575 3384 et
2604 3342 2776 3405 scopo
2817 3336 2909 3379 tuo
2943 3325 3104 3395 plane
3140 3321 3414 3391 opposita.
3464 3316 3677 3385 Quippe

2106 3422 2446 3477 architectus
2477 3429 2533 3475 et
2584 3420 2759 3482 faber,
2800 3418 2906 3472 nisi
2957 3414 3353 3486 perpendiculo
3385 3418 3442 3466 et
3473 3406 3677 3469 aniussi

2102 3514 2339 3584 aliisque
2387 3512 2665 3567 similibus
2715 3510 2919 3582 regulis
2949 3518 3201 3573 utantur,
3238 3519 3403 3559 ruere
3445 3518 3530 3563 ea,
3560 3514 3679 3569 quae

2102 3605 2355 3670 fecerint,
2384 3604 2651 3660 videbunt
2679 3618 2789 3658 non
2821 3602 2984 3672 longo
3020 3610 3163 3670 post,
3206 3605 3496 3668 propterea
3530 3593 3678 3659 quod

2102 3712 2330 3765 operum
2357 3706 2641 3750 structura
2677 3695 2744 3750 ad
2782 3693 2973 3764 solidae
3003 3689 3496 3762 coagmentationis
3530 3687 3680 3753 leges

2100 3802 2211 3841 non
2240 3797 2430 3841 exacta
2460 3787 2551 3841 sit.
2580 3785 2854 3853 Quoniam
2885 3785 3056 3855 igitur
3086 3784 3204 3852 ipse
3236 3795 3459 3851 quoque
3505 3777 3678 3832 eccle-

2098 3877 2351 3932 sinsticas
2375 3878 2590 3947 regulas
2625 3893 2733 3931 non
2761 3876 3033 3945 sequeris.
3068 3874 3213 3929 scias
3237 3881 3289 3927 te
3312 3872 3382 3925 ab
3410 3868 3681 3931 Ecclesia,

2098 3971 2182 4023 vel
2217 3962 2398 4039 potius
2421 3984 2448 4023 a
2474 3970 2607 4033 Deo,
2640 3968 2734 4038 qui
2767 3967 3032 4022 Ecclesiae
3087 3974 3305 4036 praeest,
3347 3962 3679 4017 subversum

2100 4059 2190 4125 iri,
2227 4060 2273 4113 si
2307 4075 2416 4113 non
2446 4060 2655 4123 statim,
2697 4068 2759 4113 at
2784 4073 2885 4113 nec
2910 4066 3033 4129 post
3091 4053 3439 4126 longissimas
3469 4067 3677 4107 moras.

2100 4151 2317 4207 Etenim
2351 4151 2437 4218 (ut
2459 4150 2591 4217 scis)
2616 4151 2828 4221 primus
2855 4160 2937 4212 tu,
2971 4159 3063 4204 tua
3081 4162 3205 4202 cum
3226 4155 3419 4206 matre,
3447 4144 3681 4199 Palamte

2101 4241 2371 4310 impietati
2401 4242 2801 4311 patroeinatus,
2852 4241 3015 4312 hujus
3046 4247 3228 4299 tantae,
3291 4250 3400 4304 qua
3429 4234 3676 4290 Ecclesia

2103 4333 2366 4405 agitatur,
2429 4332 2873 4402 perturbationis
2926 4345 3093 4386 causa
3146 4326 3432 4383 exstitisti.
3491 4326 3679 4394 Itaque

2104 4426 2217 4481 Deo
2241 4429 2404 4490 irato,
2434 4424 2675 4480 fortunis
2709 4432 2767 4480 et
2793 4423 3102 4478 honoribus
3152 4420 3263 4474 illis
3297 4418 3406 4474 tuis
3437 4417 3678 4481 amissis,

419 4518 559 4571 κατά
598 4533 656 4568 τε
705 4513 930 4584 Θρᾴκην
962 4510 1056 4564 καὶ
1092 4507 1435 4563 Μακεδονίαν
1494 4504 1589 4560 καὶ
1640 4502 1993 4574 Τριϐαλλοὺς,

2107 4515 2290 4587 nudus
2335 4524 2567 4585 repente
2599 4515 2830 4571 relictus
2882 4528 2981 4579 es;
3042 4511 3342 4580 statimque
3394 4509 3571 4578 patria
3623 4516 3682 4561 et

420 4607 707 4680 Περσικοῖς
731 4604 924 4659 ἔπειτα
952 4603 1048 4656 καὶ
1066 4599 1428 4669 σατραπικοῖς
1452 4596 1547 4651 ὑπ’
1575 4595 1818 4665 ἀνάγκης
1846 4592 1998 4648 ἔθεσί

420 4720 478 4756 τε
504 4702 598 4755 καὶ
626 4699 861 4769 δόγμασι
881 4695 1314 4762 κεκοινώνηκας,
1347 4692 1423 4757 ὡς
1449 4690 1545 4745 καὶ
1574 4692 1831 4744 τοσοῦτον
1866 4688 1996 4760 περὶ

419 4798 477 4850 τὸ
520 4797 676 4864 γένος
707 4792 1000 4864 ἀγνώμονα
1043 4789 1386 4859 καταστῆναι
1436 4787 1530 4842 καὶ
1573 4784 1758 4840 οἴκτου
1790 4786 1995 4848 παντὸς

417 4891 719 4958 ἀλλότριον,
751 4883 1250 4955 ἐγκαταλειφθέντα
1283 4897 1343 4934 σε
1376 4878 1512 4950 πρὸς
1539 4878 1699 4942 Θεοῦ,
1730 4878 1871 4931 ὥστε
1901 4878 1997 4931 καὶ

417 4983 543 5045 τοὺς
570 4981 679 5034 τῶν
703 4976 1067 5049 αἰχμαλώτων
1094 4973 1383 5044 Ῥωμαίων
1411 4972 1638 5042 νεκροὺς
1667 4972 1759 5024 καὶ
1788 4970 1895 5025 τῶν
1916 4970 1998 5024 ἔτι

420 5073 591 5127 κλαυθ
601 5091 670 5143 μυ
681 5072 941 5142 ριζόντων
967 5067 1187 5140 βρεφῶν
1207 5067 1277 5120 τὰ
1298 5064 1528 5135 σώματα
1550 5064 1880 5133 συμπατεῖν,
1907 5063 2000 5117 καὶ
2045 5122 2070 5139 χ

418 5165 739 5234 ἀναλγήτως
755 5159 1220 5229 ἐπιϐατεύειν,καὶ
1243 5155 1379 5227 μηδέ
1395 5156 1494 5226 τὴν
1508 5154 1572 5208 τὰ
1592 5154 1765 5208 πάντα
1780 5152 2002 5221 βόσκου-

421 5276 519 5312 σαν
551 5257 701 5329 ἡλίου
734 5252 964 5329 [P.558]
989 5250 1165 5321 φλόγα
1196 5247 1487 5313 αἰδεῖσθαι,
1527 5243 1662 5315 μηδέ
1692 5244 1819 5306 τοὺς
1851 5243 2002 5297 αἰθε-

424 5350 571 5419 ρὲους
599 5347 690 5402 τοῦ
721 5346 858 5401 Θεοῦ
885 5341 1315 5414 κεραυνοϐόλους
1336 5341 1692 5414 πρηστῆρας,
1722 5336 1798 5398 ώς
1828 5335 1888 5388 τὸ
1918 5337 1999 5388 εἰ-

422 5441 536 5505 κὸς,
568 5442 797 5512 δειλιᾷν.
834 5436 1133 5507 Ἐπιλείψει
1164 5451 1232 5507 με
1267 5432 1622 5506 διηγούμενον
1656 5429 1715 5482 τὸ
1743 5428 1842 5497 τῆς
1872 5444 1998 5499 χρο-

500 5585 518 5614 ¹
553 5582 717 5637 llebr.
755 5597 808 5645 ει,
847 5580 936 5635 5i.

2094 4607 2428 4679 cognatione
2466 4606 2659 4676 procul
2700 4605 2992 4661 exsulasti.
3051 4602 3129 4658 Ac
3188 4609 3368 4655 mater
3431 4598 3681 4668 quidem,

2092 4699 2237 4765 fatue
2268 4706 2325 4754 et
2357 4698 2558 4768 frigore
2588 4697 2902 4766 absumpta,
2932 4705 2991 4749 et
3038 4703 3189 4749 tuam
3223 4689 3533 4747 charissimi
3576 4687 3673 4743 lilii

2094 4791 2402 4859 absentiam
2438 4776 2624 4859 passa,
2651 4805 2776 4858 qua:
2808 4786 3070 4843 morienti
3102 4783 3400 4856 peracerba
3427 4797 3548 4838 esse
3586 4782 3682 4836 dc-

2093 4879 2233 4945 buit,
2262 4879 2567 4935 fasdissimo
2597 4880 2722 4933 vita:
2776 4880 2924 4932 exitu
2958 4891 3152 4948 pinnas
3189 4875 3363 4931 dedit.
3415 4872 3497 4930 'l’u
3550 4887 3682 4925 vero
3754 4930 3760 4939 η

2109 4972 2312 5027 multos
2348 4980 2405 5027 et
2464 4971 2645 5026 varios
2696 4968 2910 5024 viarum
2961 4982 3183 5024 errores
3243 4982 3341 5036 per
3367 4964 3678 5028 Thraciam,

2108 5081 2206 5135 per
2238 5063 2635 5128 Maceioniam,
2665 5078 2760 5132 per
2778 5060 3051 5118 Triballos
3069 5072 3354 5119 emensus,
3388 5055 3679 5112 Persarum

2108 5157 2308 5213 deinde
2340 5168 2797 5225 satraparumque
2816 5155 3074 5209 instituta
3109 5152 3433 5220 etdcgmata
3459 5158 3680 5201 coaetus

2107 5248 2464 5320 participare,
2500 5248 2582 5303 sic
2618 5246 2842 5301 demum
2881 5246 3098 5316 generis
3127 5244 3203 5297 tui
3240 5242 3446 5296 oblitus
3474 5255 3554 5295 es.
3602 5240 3681 5293 sic

2108 5347 2181 5404 te,
2210 5354 2336 5393 cum
2367 5352 2518 5393 esses
2543 5352 2573 5391 a
2598 5337 2714 5391 Deo
2740 5336 3061 5397 derelictus,
3098 5338 3164 5387 ab
3188 5331 3335 5387 omni
3370 5318 3545 5399 88⁸1
3576 5328 3678 5379 mi-

2109 5430 2412 5485 sericordia
2453 5429 2691 5485 alienum
2721 5428 3046 5494 cxhibuisti,
3092 5432 3153 5480 ut
3195 5432 3253 5479 et
3298 5422 3673 5476 Romanorum

1759 5644 2094 5705 Variorum
2131 5653 2316 5706 noue.
2812 5680 2827 5697 κ
3560 5704 3567 5715 ,

495 5756 608 5823 (‘26)
640 5757 847 5823 Nempe
874 5756 1310 5818 Cantarnzenus,
1344 5752 1527 5809 statim
1586 5749 1701 5805 fere
1756 5759 1917 5822 atque
1978 5746 2192 5819 imperii
2235 5750 2362 5804 sede
2389 5748 2594 5818 potitus
2626 5755 2726 5810 est,
2767 5740 3017 5814 promisit
3089 5756 3144 5795 sc
3207 5742 3521 5791 coacturum
3556 5745 3677 5785 esse

426 5827 694 5891 eiusmodi
726 5826 1012 5887 synodum.
1048 5824 1259 5882 Botvra'.
