4002 6516
312 384 445 447 1151
594 382 671 453 ΙΑ,
713 398 770 437 ιι.
807 380 968 447 6859,
1009 397 1120 437 me.
1162 383 1218 454 4]

1473 387 1888 455 NICEPHORI
1929 388 2317 449 GREGORRE

2637 385 2768 458 [ιιιρ.
2807 402 2852 442 ι.
2904 400 3194 443 cannam.
3236 387 3293 461 5]
3356 390 3377 401 ⁴
3437 390 3567 456 1152

311 504 555 557 medium
587 503 773 557 animo
805 518 928 556 meo
953 502 1276 563 ocurrcbat.
1312 502 1458 569 quod
1491 502 1685 556 salutis
1719 517 1885 570 expe-

2017 500 2088 570 ’ὴν
2118 502 2274 555 λύσιν
2305 463 2809 571 ἐπαγγελλόμενον,
2840 503 3046 572 ἥκιστα
3075 503 3359 574 δυναμένῳ
3379 503 3567 557 λαϐεῖν

312 594 527 648 ιιὶριιιιω
557 595 702 646 viam
734 593 870 647 mihi
895 595 1134 647 celerem
1166 593 1757 663 spondereL-Decrevi
1784 594 1891 647 ita-

314 698 423 749 quo
455 690 656 737 memet
683 684 848 737 morti
870 698 970 753 pro
998 684 1268 754 religione
1300 683 1649 739 defendenda
1668 681 1891 743 oll'erre.

315 775 435 843 ipsa
494 785 803 843 temporum
841 773 1165 829 conditione
1217 774 1272 829 in
1324 788 1421 829 eas
1464 790 1553 829 me
1609 772 1895 842 angustias

315 865 720 934 compellente:
754 871 813 917 ut
843 878 967 918 cum
991 864 1082 918 alii
1116 872 1387 934 praeterea
1422 865 1742 933 complures
1800 880 1893 919 es-

317 966 465 1017 sent,
504 956 708 1024 quibus
746 970 1003 1023 magnum
1035 964 1091 1010 et
1140 955 1428 1009 ardentem
1478 956 1654 1010 zelum
1700 956 1896 1010 intimo

319 1049 488 1103 corde
541 1057 870 1116 conceptum
923 1046 1242 1100 foventibus
1272 1045 1518 1100 nondum
1568 1062 1631 1101 se
1675 1046 1896 1101 occasio

319 1141 608 1194 obtulisset
638 1138 944 1208 prodeundi
974 1138 1028 1193 in
1062 1139 1242 1193 lucem
1274 1148 1331 1193 et
1363 1138 1688 1208 proﬁtendae
1716 1139 1895 1208 palam

320 1230 592 1292 writatis,
620 1229 654 1284 ii
684 1244 833 1282 nunc
863 1228 1058 1281 saltem
1091 1227 1263 1282 veluti
1309 1228 1672 1297 conspicuum
1717 1227 1901 1296 publi-

321 1336 560 1389 cumque
592 1319 906 1388 exemplum
939 1333 1027 1374 me
1060 1318 1341 1374 intuentes
1393 1332 1452 1374 se
1498 1320 1648 1387 ipsos
1697 1317 1900 1372 contir-

320 1419 556 1469 marent.
620 1416 677 1462 et
742 1408 799 1461 in
842 1407 988 1462 idem
1045 1422 1191 1462 verae
1220 1407 1347 1462 ﬁdei
1397 1406 1734 1462 curriculum
1793 1405 1900 1475 ipsi

322 1510 545 1564 quoque
569 1494 988 1551 descenderent.
1012 1499 1088 1550 Ac
1111 1496 1268 1551 initio
1291 1495 1474 1551 statim
1503 1496 1680 1551 virum
1703 1510 1902 1565 quem-

322 1588 472 1649 dam,
494 1586 835 1643 sacerdotem
865 1596 920 1643 et
961 1587 1302 1659 religiosum,
1363 1587 1733 1658 eumdemque
1764 1586 1903 1642 ami-

326 1695 479 1745 cum,
509 1696 764 1747 arcesso;
801 1696 983 1735 meum
1020 1696 1146 1735 cum
1200 1696 1268 1735 eo
1295 1680 1594 1735 consilium
1654 1695 1903 1736 commu-

326 1771 492 1826 nico:
524 1772 802 1843 simulque
832 1756 1040 1830 vestem
1079 1781 1255 1839 muto,
1315 1781 1372 1827 et
1406 1772 1655 1828 habitum
1707 1788 1899 1827 mona-

1995 594 2091 646 ἐπὶ
2124 592 2273 649 νοῦν.
2312 593 2478 648 Ὅθεν
2506 594 2673 663 ὁμόσε
2724 597 2925 664 χωρεῖν
2966 596 3023 658 ἐς
3072 598 3163 648 τὸν
3197 593 3268 648 δι’
3290 596 3569 665 ἀθλήσεως

1995 684 2214 753 ἔγνωκα
2252 683 2509 748 θάνατον,
2543 684 2643 754 τῆς
2687 681 2785 737 τοῦ
2833 684 3030 754 καιροῦ
3068 685 3447 754 περιστάσεως
3488 688 3570 749 είς

1995 773 2144 826 τοῦτ’
2163 774 2409 842 ἀνάγκης
2432 773 2578 843 ἡμᾶς
2605 773 3070 845 περιελαυνούσης
3090 789 3102 803 ·
3126 775 3212 828 ἵνα
3230 777 3323 828 καὶ
3357 776 3573 840 πλείους

1998 864 2343 933 ὑπάρχοντες
2373 863 2575 935 ἕτεροι,
2603 859 2686 927 οἷς
2718 865 2932 935 μακρὸν
2965 866 3060 918 καὶ
3103 865 3368 933 διάπυρον
3411 865 3573 934 ζῆλον

1996 956 2055 1007 ἐν
2082 955 2409 1023 σπλάγχνων
2435 957 2877 1026 κυοφορούμενον
2906 958 2987 1011 ἔτι
3018 957 3178 1028 μυχῷ
3206 958 3575 1028 περιθάλπου-

1998 1063 2104 1111 σιν,
2121 1045 2274 1100 οὔπω
2295 1048 2489 1115 καιρὸν
2512 1048 2650 1120 πρὸς
2662 1046 2924 1113 ἐπίδειξιν
2943 1049 3221 1117 ἐξεγένετο
3233 1049 3417 1119 σχοῦσι
3437 1067 3510 1102 πα
3518 1051 3579 1121 ῤ-

2001 1139 2369 1211 ρησιάσασθαι
2400 1139 2501 1210 τὴν
2546 1138 2827 1210 ἀλήθειαν,
2854 1142 2950 1195 νῦν
2974 1141 3104 1210 γοῦν
3128 1141 3316 1212 ὥσπερ
3344 1144 3581 1212 ἐμφανίῖ

1999 1232 2096 1284 καὶ
2131 1232 2382 1305 δημοσίῳ
2410 1233 2535 1303 ἐμοὶ
2568 1234 2906 1304 χρησάμενοι
2946 1233 3375 1305 παραδείγματι,
3432 1234 3574 1300 πρὸς

2001 1324 2117 1378 ῐσον
2144 1325 2239 1378 καὶ
2283 1325 2438 1381 αὐτοὶ
2466 1327 2566 1394 τῆς
2596 1326 2881 1389 εὐσεϐείας
2933 1327 3077 1397 σφᾶς
3104 1328 3301 1391 αὐτοὺς
3332 1329 3579 1398 ἐπιρῤὠο

2002 1420 2196 1481 σαντες
2228 1417 2735 1491 σταδιοδρομήσωσι
2759 1420 2998 1475 δίαυλον.
3030 1421 3154 1474 Κάκ
3182 1420 3247 1491 δὴ
3275 1422 3578 1489 προοιμίων

2004 1510 2217 1576 λοιπὸν,
2260 1510 2372 1565 τῶν
2422 1511 2586 1583 ίερῶν
2635 1512 2732 1564 καὶ
2773 1512 3082 1582 μοναδικῶν
3111 1512 3322 1581 ἀνδρῶν
3362 1513 3456 1563 καὶ
3489 1529 3578 1563 συ-

2004 1601 2188 1672 νήθων
2222 1601 2750 1672 μεταπεμψάμενος,
2777 1602 2840 1656 es
2889 1601 3113 1672 σκέμμα
3154 1603 3326 1672 τούτῳ
3367 1599 3580 1654 κοινοῦ-

2006 1710 2106 1762 μαι
2131 1707 2147 1724 ⁸
2175 1692 2273 1745 nul.
2296 1690 2417 1761 ἅμα
2440 1693 2552 1769 ςτήν
2578 1708 2640 1743 τε
2679 1693 2875 1764 στολήν
2915 1694 3009 1746 ὑπ’
3036 1691 3200 1746 αὐτοῦ
3230 1693 3365 1761 πρὸς
3389 1693 3450 1743 τὸ
3478 1708 3580 1761 μο-

2004 1782 2221 1836 ναδικδν
2254 1783 2351 1837 καὶ
2381 1782 2567 1849 αὐτὸς,
2599 1782 2677 1847 ὡς
2716 1784 2874 1837 εἴωθε
2898 1784 3169 1855 γίνεσθαι,
3203 1785 3342 1848 τέως
3369 1784 3582 1855 ήμειψα

329 1864 554 1929 sticum,
596 1873 656 1917 ut
688 1863 857 1919 moris
885 1872 991 1928 est,
1041 1863 1110 1919 ab
1137 1879 1203 1918 eo
1235 1864 1449 1936 accipio
1479 1881 1491 1918 :
1526 1864 1902 1935 proliteorque

2017 1874 2198 1945 σχῆμα
2220 1889 2237 1904 ·
2270 1876 2368 1928 καὶ
2417 1874 2512 1928 τοῦ
2552 1874 2743 1928 λοιποῦ
2773 1892 2843 1944 ,γε
2875 1876 3319 1946 ἐπηγγειλάμην.
3351 1876 3417 1944 ἢν
3451 1876 3523 1946 μὴ
3552 1878 3582 1929 δ

324 1969 413 2007 me
447 1954 498 2007 in
529 1966 831 2024 posmrum,
857 1955 967 2010 nisi
1001 1955 1116 2011 haec
1151 1956 1271 2026 ipsa
1320 1956 1538 2012 occasio
1563 1972 1631 2011 ex
1661 1955 1766 2010 hac
1788 1955 1902 2010 vita

2017 1958 2201 2035 παρὼν
2223 1968 2372 2038 ἡμᾶς
2399 1968 2666 2039 ἀπαγάγῃ
2698 1968 2794 2022 τοῦ
2826 1968 2941 2038 βίου
2967 1969 3175 2039 καιρὸς,
3207 1970 3302 2022 καὶ
3324 1969 3421 2037 τὴν
3447 1969 3583 2021 δίαι-

326 2050 733 2118 ιιιοθιίιηοτθι,
762 2052 926 2106 etiam
955 2060 1165 2106 mutato
1188 2051 1409 2107 vivendi
1441 2066 1646 2121 genere
1681 2052 1903 2105 inanem

2017 2072 2101 2109 ταν
2125 2056 2199 2117 ὡς
2230 2056 2381 2120 εἰκὸς
2405 2057 2745 2127 μεταθεῖναι,
2767 2057 2868 2130 τὴν
2893 2060 3002 2112 τῶν
3033 2059 3319 2130 βασιλείων
3347 2059 3583 2129 ματαίαν

321 2142 462 2196 aula
493 2140 999 2212 frequentationem
1028 2154 1088 2198 et
1117 2142 1405 2198 licentiam
1459 2141 1693 2201 omnino
1740 2141 1905 2196 abdi-

2017 2147 2287 2218 Ξιατριϐήν
2325 2166 2386 2202 τε
2427 2150 2546 2219 ἅμα
2581 2151 2677 2205 καὶ
2707 2152 3032 2222 παρρησίαν
3083 2153 3393 2223 ὁλοσχερῶς
3444 2154 3585 2206 ἀπο-

317 2242 594 2288 caturum.
629 2234 698 2290 Et
727 2235 845 2291 haec
874 2235 1104 2306 quidem
1137 2235 1437 2291 hactenus.

2017 2234 2389 2307 τιναξάμενον.
2421 2237 2525 2294 Καὶ
2548 2239 2722 2295 ταῦτα
2755 2241 2856 2311 μὲν
2883 2242 2941 2304 ἐς
2968 2241 3084 2295 τόδε
3116 2242 3473 2314 ἐκεχωρήκει.

1784 2351 2014 2410 CAPUT
2056 2351 2124 2407 ν.

327 2447 488 2521 Mane
517 2448 643 2512 diei,
679 2447 1402 2521 habendqconciliojndicti,
1444 2447 1738 2521 [requentes
1766 2448 2046 2521 orthodoxi
2076 2446 2146 2500 ad
2185 2447 2475 2521 Gregoram
2502 2450 2842 2506 conveniunt.
2893 2448 3252 2506 Illttslriomm
3299 2453 3497 2519 eloqia;
3522 2472 3589 2509 ac

395 2520 625 2592 primum
654 2518 1112 2592 metrapolitarttm
1141 2518 1406 2592 E_phesi_et
1434 2518 1590 2592 Cani.
1632 2518 1743 2592 Cur
1771 2528 1976 2592 praeter:
2017 2520 2108 2592 lips
2152 2518 2302 2592 unus
2317 2532 2525 2575 tantum
2562 2522 2831 2592 episcopus
2883 2523 3113 2592 affuerit,
3148 2538 3328 2590 nempe
3378 2518 3586 2592 Tyrius.

397 2586 530 2653 Qua:
558 2589 672 2662 ejus
708 2597 885 2662 partes
916 2589 1131 2657 fuerint.
1161 2586 1299 2662 Laus
1328 2588 1498 2644 Desii.
1528 2589 1667 2662 Laus
1701 2589 2000 2662 Athanasii.
2034 2586 2173 2643 Laus
2220 2586 2599 2662 discipulorum
2647 2586 2942 2657 Grégorw."
2967 2586 3299 2662 flwterorum
3324 2586 3588 2647 sociorum

399 2657 804 2732 commendatio:
844 2658 1103 2732 Gregoras
1133 2661 1531 2713 circumstantes
1566 2659 1883 2732 alloquitur.
1944 2658 2175 2732 Suarum
2222 2657 2360 2732 vires
2414 2662 2581 2715 verbis
2637 2670 2909 2715 extenuat.
2947 2659 3221 2732 Principis
3258 2665 3590 2732 iniquitatem

394 2728 713 2799 ampliﬁcat.
762 2726 1006 2783 Leoaida:
1053 2729 1315 2798 Spartani
1357 2726 1846 2799 apophthegniqnd
1876 2744 2104 2798 prmsens
2140 2730 2455 2799 institutum
2507 2733 2893 2787 accommodat.
2930 2726 3246 2788 Orthodozis
3296 2726 3356 2786 in
3405 2734 3589 2788 aulam

391 2794 509 2852 cum
534 2798 769 2869 Gregora
816 2799 1058 2854 euntibus
1093 2794 1289 2870 passim
1325 2794 1678 2854 acclamatur.
1719 2794 1884 2852 Multi
1908 2814 1960 2853 se
1985 2799 2054 2852 ad
2083 2798 2205 2853 illos
2236 2801 2567 2874 adjungunt.

394 2919 437 2973 Ι.
471 2917 833 2983 Aderatdies,
866 2934 974 2989 qua
1006 2934 1105 2975 nos
1139 2919 1431 2989 oportebat
1469 2919 1612 2975 inire
1651 2926 1902 2989 apertum

323 3019 600 3066 certamen
628 3024 728 3080 pro
761 3008 867 3065 ﬁde
905 3009 1234 3065 orthodoxa.
1264 3009 1421 3065 Mane
1453 3011 1574 3080 ejus
1616 3009 1749 3074 diei,
1808 3024 1906 3063 an-

326 3112 542 3172 Inquam
568 3110 714 3156 terra
756 3100 892 3156 solis
947 3101 1073 3156 luce
1123 3099 1677 3165 circumfunderetur,
1729 3101 1908 3170 capite

322 3203 478 3246 extra
511 3192 765 3247 cellulam
795 3192 1076 3260 paululum
1100 3201 1342 3255 exserto,
1369 3191 1534 3246 video
1587 3194 1653 3245 ad
1687 3206 1772 3245 me
1800 3191 1915 3246 fre-

324 3292 559 3351 quentes
587 3281 885 3335 adventare
910 3281 1061 3335 viros
1090 3279 1444 3346 lectissimos,
1479 3281 1772 3351 plerosque
1794 3294 1919 3333 mo-

325 3375 552 3427 nasticae
614 3372 740 3427 vita:
775 3372 1065 3442 disciplina
1107 3373 1390 3438 illustres;
1461 3371 1557 3443 qui
1590 3373 1707 3426 suis
1751 3370 1917 3441 892

328 3462 555 3519 sedibus
579 3452 913 3533 jampridem
950 3462 1117 3532 pulsi,
1184 3471 1241 3519 et
1304 3463 1446 3519 alius
1495 3464 1605 3519 alio
1657 3463 1916 3531 diSpersi,

330 3555 552 3623 inepem
575 3561 630 3607 et
655 3536 837 3607 omnis
859 3552 1041 3607 solatii
1064 3563 1345 3622 expertem
1384 3554 1551 3607 vitam
1601 3554 1921 3625 trahebant,

330 3658 433 3699 nec
460 3658 579 3698 eam
606 3642 830 3713 quidem
874 3654 1021 3699 metu
1063 3644 1320 3700 liberam.
1365 3644 1478 3700 Imo
1506 3659 1637 3700 vero
1694 3645 1920 3715 quidam

329 3753 396 3790 ex
430 3736 496 3790 iis
527 3736 712 3791 animo
743 3736 1520 3808 circumferebantimaginem
1573 3752 1768 3793 eorum
1807 3753 1923 3793 ma-

332 3825 538 3892 lorum,
567 3843 690 3897 qua:
719 3829 805 3882 vel
826 3828 933 3897 iam
961 3828 1323 3896 pertulerant,
1357 3828 1437 3882 vel
1477 3828 1745 3897 promissa
1800 3837 1921 3882 tan-

246 3986 257 4001 κ
332 3928 447 3973 tum
475 3927 530 3972 et
562 3917 883 3973 denuntiata
908 3918 1150 3974 nondum
1192 3932 1252 3974 re
1282 3919 1400 3988 ipsa
1424 3919 1916 3989 ’expertil‘uerant.

329 4011 707 4077 Quorumdam
789 4026 953 4065 aures
1006 4010 1490 4066 circumsonahant
1546 4011 1813 4065 conviciis
1864 4021 1921 4065 et

335 4102 503 4159 minis
537 4102 784 4171 quotidie
802 4102 1041 4173 jactatis.
1068 4101 1238 4155 Erant
1270 4102 1461 4159 etiam.
1487 4103 1579 4172 qui
1614 4102 1668 4155 in
1695 4108 1938 4156 austera‘

333 4194 729 4250 exercitatione
774 4196 935 4248 annis
952 4193 1074 4263 plus
1129 4193 1353 4264 triginta
1386 4193 1618 4257 exactis,
1672 4194 1923 4264 angustis

332 4286 660 4341 cellularum
706 4283 1014 4355 parietibus
1060 4283 1279 4353 penitus
1337 4282 1563 4338 inclusi.
1626 4293 1918 4352 postquam

333 4378 528 4449 majori
549 4379 676 4432 vitae
703 4392 818 4431 suae
849 4385 1004 4446 parte
1033 4377 1236 4430 mortui
1263 4374 1536 4445 gfuisseut,
1568 4374 1780 4443 reliqua
1807 4377 1918 4445 iam

2085 2915 2171 2989 [P.
2198 2915 2326 2988 56!]
2361 2920 2437 2972 Ν.
2467 2918 2698 2989 ’Ᾱρτιδὲ
2731 2918 2827 2971 καὶ
2856 2917 2957 2986 τῆς
2977 2917 3195 2989 ἡμέρας
3220 2918 3588 2988 ἐνεστηκυίας,

2014 3003 2130 3083 ἐνῇ
2175 3011 2312 3080 πρὸς
2338 3011 2467 3074 τοὺς
2499 3011 2641 3082 ὑπὲρ
2674 3009 2958 3072 εὐσεϐείας
2993 3008 3211 3077 ἀγῶνας
3241 3010 3407 3080 ἐχρῆν
3446 3012 3591 3080 ἡμᾶς

1939 3131 1982 3190 c
2014 3100 2274 3170 καθαρῶς
2318 3098 2679 3163 ἀποδύεσθαι,
2711 3100 2926 3169 πρωῖας
2978 3098 3060 3150 ἐτι
3112 3097 3302 3168 οὔσης,
3332 3100 3461 3170 πρὶν
3494 3100 3592 3162 τὰς

2025 3195 2131 3248 ’τῶν
2161 3194 2403 3263 ἡλιακῶν
2447 3193 2526 3255 εἰς
2576 3192 2680 3260 γῆν
2723 3191 3020 3262 ἐκχυθῆναι
3066 3190 3368 3261 λαμπάδιον
3396 3192 3590 3261 αὐγὰς,

2026 3285 2223 3356 μικρῦν
2264 3284 2358 3337 τοῦ
2406 3283 2682 3354 δωματίου
2717 3282 3006 3355 προκύψας
3048 3282 3161 3353 δρῶ
3202 3285 3343 3337 κατὰ
3387 3284 3591 3351 πλῆθος

2024 3363 2203 3439 ίδντας
2232 3377 2364 3446 ἡμῖν
2399 3376 2601 3447 ἄνδρας
2643 3376 2878 3445 λογάδας
2909 3375 3046 3446 (27),
3086 3376 3182 3427 καὶ
3221 3376 3422 3429 τούτων
3469 3378 3592 3441 τοὺς

2024 3469 2243 3531 πλείους
2270 3470 2504 3537 ἀσκήσει
2541 3467 2805 3538 μοναδικῇ
2846 3465 3253 3535 διαλάμποντας
3276 3483 3292 3497 ’
3316 3469 3363 3522 οἳ
3383 3470 3490 3520 τῶν
3518 3471 3593 3520 oi-

2024 3562 2192 3618 κείων
2230 3563 2295 3614 ἐκ
2331 3558 2529 3613 πολλοῦ
2563 3558 2908 3630 διωχθέντες,
2935 3561 3030 3612 καὶ
3046 3560 3212 3625 ἀλλος
3258 3559 3444 3615 ἄλλοθι
3483 3560 3592 3614 δια-

2026 3653 2350 3724 σπαρέντες,
2392 3654 2578 3708 στενδν
2633 3654 2728 3706 καὶ
2775 3651 3168 3723 ἀπαράκλητον
3202 3653 3425 3713 ἔϐοσκον
3457 3653 3592 3724 βίον,

2023 3746 2121 3798 καὶ
2159 3744 2348 3798 τοῦτον
2394 3744 2598 3814 ἥκιστα
2635 3741 2819 3810 φόϐων
2865 3741 3331 3813 ἀπηλλαγμένονο
3380 3743 3496 3796 ἀλλ’
3545 3744 3592 3794 oi

2027 3840 2126 3910 μὲν
2150 3841 2220 3894 τὰ
2253 3842 2379 3911 ῑχνη
2418 3834 2493 3893 ὧν
2538 3856 2597 3892 τε
2649 3839 3045 3894 ἐπεπόνθεισαν
3082 3822 3274 3893 δεινῶν
3309 3840 3401 3893 καί⁵
3433 3832 3505 3891 ὧν
3539 3843 3594 3890 ἐν

2022 3929 2381 3997 ἐπαγγελίαις
2442 3929 2475 3999 ή
2522 3928 2689 3994 πεῖρα
2744 3925 2885 3988 τέως
2946 3926 3155 3978 ἐτίθετο
3213 3924 3595 3995 περιφέροντες

2021 4017 2161 4093 ἦσαν
2194 4023 2250 4074 ἐν
2274 4023 2340 4091 τῇ
2371 4020 2517 4091 ψυχῇ
2544 4034 2559 4050 ·
2586 4020 2636 4071 oi
2666 4018 2724 4071 δέ
2751 4021 2844 4073 καὶ
2874 4019 2977 4085 τὴν
2998 4019 3171 4090 ἀκοὴν
3200 4019 3422 4070 ἔναυλον
3446 4019 3593 4085 έχον-

2022 4133 2113 4177 τες
2127 4113 2238 4167 τῶν
2261 4114 2383 4167 καθ’
2406 4112 2619 4181 ἡμέραν
2641 4111 2922 4182 λοιδοριῶν
2938 4128 2997 4163 τε
3021 4111 3115 4164 καὶ
3143 4110 3404 4168 ἀπειλῶν,
3420 4106 3596 4163 *Ησαν

2022 4206 2068 4258 δ’
2085 4205 2137 4258 οἳ
2158 4207 2252 4258 καὶ
2286 4203 2491 4275 μᾶλλον
2519 4202 2552 4272 ἢ
2577 4202 2975 4273 τριακοντούτη
3005 4202 3321 4271 διηνυκότες
3344 4203 3594 4270 ἄσκησιν,

2023 4299 2085 4350 ἐν
2118 4289 2389 4357 οἰκίσκοις
2446 4292 2708 4364 βραχέσιν
2764 4291 3217 4360 ἐγκεκλεισμένοι
3265 4291 3593 4349 παντάπασι,

2023 4390 2321 4461 τεθνήκασι
2377 4386 2474 4455 μὲν
2530 4386 2609 4457 τῷ
2663 4364 2889 4437 πλείονί
2935 4386 3090 4453 μέρει
3146 4381 3241 4436 τοῦ
3269 4383 3410 4454 βίου,
3465 4377 3598 4454 ἧκον

333 4477 491 4539 parte
513 4466 789 4533 morituri,
820 4476 875 4522 et
911 4467 1151 4536 glorioso
1175 4466 1308 4531 line,
1375 4478 1571 4533 nempe
1635 4466 1913 4534 martyrio1

2033 4479 2082 4532 δ’
2120 4479 2273 4546 ὅμως
2337 4476 2438 4546 ἤδη
2487 4475 2582 4528 καὶ
2627 4473 2687 4526 τὸ
2734 4473 2918 4525 λεῖπον
2984 4472 3365 4541 τεθνηξόμενοι
3396 4471 3490 4523 καὶ
3517 4473 3598 4522 τέ-

332 4568 506 4618 totam
546 4566 696 4614 retro
726 4560 894 4613 vitam
917 4557 1169 4613 ornaturi
1207 4559 1474 4621 aderant;
1514 4570 1752 4623 quorum
1788 4573 1925 4611 non—

334 4656 538 4721 nullos,
562 4655 728 4725 longe
756 4655 912 4708 senio
943 4653 1174 4727 debiles,
1196 4651 1431 4706 aliorum
1486 4650 1740 4705 manibus
1790 4650 1922 4704 sub-

336 4749 496 4803 nixos
527 4763 593 4803 ac
622 4753 862 4818 gestatos
880 4744 1250 4812 conspicatus,
1279 4743 1613 4813 illacrymavi
1641 4743 1921 4809 equidem,

335 4849 394 4895 et
413 4839 798 4894 vehementem
825 4849 1018 4890 eorum
1042 4834 1218 4889 zelum
1250 4833 1555 4889 admiratus
1578 4850 1725 4891 sum.

407 4930 474 4989 ll.
531 4928 823 4985 Eminebat
881 4936 1147 4997 praeterea
1212 4926 1578 4998 Ephesiorum
1645 4929 1921 4982 antistes:

342 5020 668 5092 grandmvus
695 5018 916 5088 quidem
951 5018 1073 5082 ille;
1108 5034 1231 5072 nam
1290 5018 1695 5088 octogesimum
1746 5017 1926 5073 :etatis

344 5110 679 5180 aunumjam
713 5108 1016 5165 excedebat
1065 5128 1079 5164 :
1135 5110 1302 5165 animi
1336 5118 1522 5165 autem
1579 5117 1637 5164 et
1680 5110 1927 5164 omnium

343 5220 608 5261 sensuum
641 5204 829 5273 vigore
863 5204 1151 5273 plusquam
1185 5203 1415 5273 juvenili
1473 5203 1757 5273 praeditus.
1805 5203 1933 5257 Ful-

347 5297 549 5364 gebant
577 5308 797 5365 quoque
827 5295 883 5350 in
913 5310 980 5350 eo
1004 5296 1235 5349 honesta
1264 5295 1453 5349 vultus
1471 5294 1704 5363 species,
1749 5294 1932 5362 lingua

347 5399 464 5443 tum
493 5387 770 5469 volubilis,
806 5397 922 5442 tum
961 5386 1124 5456 plane
1169 5387 1375 5441 vocalis
1407 5403 1421 5451 ;
1479 5385 1546 5439 ad
1586 5385 1704 5441 haec
1750 5385 1935 5455 philo-

347 5480 542 5550 sophia
577 5479 807 5551 profana
843 5478 1050 5549 pariter
1080 5489 1136 5535 et
1167 5494 1344 5543 saera,
1381 5494 1507 5534 cum
1549 5493 1656 5548 qua
1711 5478 1757 5532 is
1804 5476 1938 5531 ado-

347 5572 582 5627 leverat.

2029 4567 2113 4620 λει
2163 4561 2490 4636 μαρτυρικῷ
2568 4561 2661 4614 τὸν
2710 4559 2831 4612 ὅλον
2899 4562 3272 4628 κοσμήσοντες
3328 4558 3457 4629 βίον.
3500 4553 3600 4609 Ὧν

2030 4655 2204 4719 ἐνίους
2233 4651 2475 4723 φοράδην
2504 4647 2975 4718 ἐσκομιζομένους
3002 4646 3094 4715 ὑφ’
3136 4647 3221 4700 έτέ
3232 4665 3341 4716 ρων
3369 4645 3492 4700 ἰδὼν
3516 4646 3600 4697 διὰ

2030 4747 2207 4815 γῆρας
2242 4745 2378 4815 βιθὺ
2410 4742 2689 4814 ἐδάκρυσά
2716 4757 2775 4793 τε
2824 4741 2921 4794 καὶ
2964 4739 3058 4793 τοῦ
3083 4735 3255 4811 ζήλου
3282 4739 3601 4810 τεθαύμακα

2029 4840 2091 4892 τὸ
2122 4838 2375 4908 σφοδρόν.

2106 4931 2179 4983 B’.
2215 4930 2339 4982 Ἐπὶ
2388 4927 2600 4991 τούτοις
2645 4926 2739 4980 καὶ
2768 4928 2796 4980 δ
2827 4926 2938 4980 τῶν
2990 4924 3257 4994 Ἐφεσίων
3311 4923 3603 4989 διέπρεπεν

2036 5022 2338 5092 ἀρχιθύτης
2362 5036 2377 5050 ⁸
2421 5022 2562 5090 ἀνὴρ
2595 5012 2912 5089 ⁴ιέρεσϐύτης
2949 5019 3069 5086 μὲν,
3107 5016 3462 5085 ὀγδοηκοστὸν
3500 5015 3603 5082 γὰρ

2036 5114 2141 5183 ήδη
2177 5111 2554 5182 παρήλλαττεν
2594 5112 2713 5173 Ero;
2752 5109 2852 5177 τῆς
2880 5108 3141 5175 ’ήλικίας,
3189 5107 3498 5177 ἐρρωμένος
3548 5106 3604 5157 δὲ

2034 5204 2133 5263 τὰς
2186 5201 2393 5270 φρένας
2447 5200 2544 5253 καὶ
2597 5200 2666 5251 τὰ
2705 5196 3038 5266 αἰσθητήρια
3089 5196 3290 5259 πάντα,
3328 5195 3422 5248 καὶ
3461 5194 3604 5262 μάλα

2038 5292 2242 5362 μᾶλλον
2271 5290 2304 5360 ἢ
2336 5287 2481 5343 κατά
2502 5288 2808 5342 νεανίσκον.
2857 5286 3113 5354 Ἐπήνθει
3141 5283 3185 5336 δ’
3212 5284 3360 5351 αὑτῷ
3395 5283 3491 5334 καὶ
3519 5284 3606 5334 κό-

2040 5398 2198 5450 σμιον
2228 5377 2368 5443 εἶδος
2396 5380 2493 5433 καὶ
2518 5379 2764 5448 γλώττης
2792 5378 3092 5446 εὖστροφος
3120 5373 3240 5444 ἠχὼ
3264 5375 3359 5427 καὶ
3388 5372 3607 5443 φιλοσο-

2039 5474 2139 5542 φία
2174 5471 2572 5542 συναυξηθεῖσα
2604 5469 2778 5539 αὐτῷ,
2811 5471 2910 5537 ὅση
2946 5484 3005 5519 τε
3034 5467 3157 5521 καθ’
3215 5464 3483 5535 Ἕλληνας
3514 5464 3607 5516 καὶ

2040 5565 2138 5636 ὅση
2172 5563 2275 5633 τῆς
2308 5563 2457 5626 θείας
2490 5561 2683 5632 αὐλῆς.

1698 5660 2037 5723 Variorum
2080 5666 2267 5721 netu):

429 5765 543 5831 (27)
619 5766 694 5821 De
750 5756 954 5837 quibus
1002 5768 1162 5837 longe
1247 5767 1407 5822 aliter
1478 5762 1793 5834 patriarcha
1847 5759 2203 5824 Philothrus.
2264 5760 2558 5814 Autirrhct.
2628 5771 2666 5821 ι,
2729 5755 2854 5811 cod.
2946 5756 3078 5825 Reg.
3147 5753 3309 5821 I996,
3368 5749 3459 5805 iol.
3521 5745 3608 5802 14.

356 5834 568 5892 Doms.
