4002 6490
419 376 552 434 “53
806 377 885 441 [Α.
925 385 976 426 c.
1023 373 1183 444 1551]

1414 377 1861 440 ΒΥΖΑΝΤΙΝᾸΞ
1887 376 1968 437 IlI

2084 373 2267 432 ΗΠΒ
2294 371 2438 432 LIB,
2474 371 2692 432 XVIII,
2774 369 2902 437 itur.
2944 380 2987 418 ι.
3027 376 3322 418 omnem.
3368 364 3421 433 5]

3534 366 3674 426 1151

483 493 556 543 Γ’.
590 491 696 545 Καὶ
727 492 844 562 ἅμα
874 494 1079 565 παρῆν,
1113 488 1157 561 ᾧ
1200 496 1268 551 τὰ
1300 499 1429 565 περὶ
1464 500 1526 550 τὸ
1556 497 1683 567 ὅρος
1721 497 1783 550 τὸ
1816 496 1977 556 Γάνος

2162 488 2252 542 ill.
2279 488 2482 541 Aderat
2506 487 2669 540 simul
2698 487 2762 551 is,
2797 486 2886 540 cui
2913 482 3215 553 spiritualis
3267 480 3670 535 administratio

412 586 586 653 χωρία
621 585 1020 655 ἐπιτέτραπται
1066 586 1276 641 διέπειν
1311 590 1702 656 πνευματικῶς
1754 587 1847 640 καὶ
1889 586 1980 638 τὸν

410 680 527 731 ἐκεῖ
556 679 874 746 ποιμαίνειν
911 680 1313 751 άρχιερατικῶς
1346 682 1550 751 κλῆρον
1594 682 1691 735 καὶ
1731 679 1859 735 λαδν
1885 678 1980 732 τοῦ

410 768 570 832 Θεοῦ,
601 769 796 822 πολιὰν
829 769 928 840 μὲν
957 771 1301 839 ἑπαγόμενος
1326 773 1510 842 τρίχα,
1544 771 1731 824 πολιὸν
1763 770 1820 823 δὲ
1844 769 1982 838 φρό-

308 874 313 878 ‘
410 876 558 930 νημα
583 876 597 891 ο
628 861 722 912 καὶ
750 861 876 916 ὅσον
910 863 1001 916 τὸν
1048 862 1152 926 ἔξω
1180 864 1506 938 φαινόμενον
1543 863 1833 932 ἄνθρωπον
1864 856 1980 928 εἶχε

410 951 794 1022 ξυντετηκότα,
820 953 1075 1008 τοσοῦτον
1107 955 1373 1009 ἀνθοῦντα
1402 942 1494 1008 τὸν
1529 956 1605 1025 μὴ
1629 954 1975 1023 φαινόμενον.

419 1039 743 1112 Ὑπερόριος
779 1044 888 1113 γάρ
920 1044 1019 1113 τῆς
1044 1046 1379 1115 ἐπισκοπῆς,
1412 1044 1501 1098 διὰ
1526 1044 1587 1097 τὸ
1612 1045 1789 1114 μισεῖν
1818 1058 1983 1111 πονη-

412 1135 521 1204 ρῶν
545 1135 842 1204 ἐκκλησίας
896 1134 992 1189 καὶ
1050 1135 1255 1206 λοιμῶν
1309 1137 1618 1202 ξυναυλίας,
1669 1137 1735 1189 ὲκ
1784 1134 1979 1189 πολλοῦ

374 1278 379 1283 _
408 1226 671 1292 γεγονὼς,
695 1226 846 1299 πάσῃ
874 1226 983 1280 τῶν
1017 1226 1335 1295 ἀναγκαίων
1371 1226 1681 1297 αὐθαιρέτῳ
1717 1230 1980 1297 στενάχω-

410 1317 505 1387 ρίᾳ
543 1315 802 1371 δαπανῶν
827 1317 1060 1372 διετέλει
1086 1319 1183 1388 τὴν
1217 1317 1411 1373 ἑαυτοῦ
1436 1320 1608 1390 ζωὴν.

478 1497 552 1550 Δ’.
579 1496 700 1550 Τῶν
732 1512 798 1564 γε
832 1495 940 1566 μὴν
993 1495 1199 1567 ἐτέρων
1253 1496 1577 1550 ἐπισκόπων
1604 1496 1719 1551 ὅσοι
1743 1497 1834 1550 τὸν
1865 1497 1979 1550 ἴσον

408 1588 575 1659 ᾔεσαν
608 1588 769 1659 ζῆλον
797 1589 893 1643 καί⁵
919 1589 1121 1660 τρόπον
1153 1589 1243 1662 [Ρ.
1295 1589 1427 1663 562]
1455 1591 1631 1645 οὐδενί
1674 1609 1737 1659 γε
1774 1593 1829 1655 ές
1862 1592 1981 1646 τόδε

384 1754 387 1757 ν
412 1681 818 1750 ξυμπέπτωκεν
831 1680 1191 1751 ἐλλελεῖφθαι.
1212 1683 1345 1746 Ταῖς
1357 1684 1466 1754 γὰρ
1495 1686 1644 1754 σφῶν
1661 1685 1982 1754 ἐκκλησίαις

409 1770 956 1841 παρεισθρθαρέντων,
990 1772 1178 1825 ὁπόσοι
1216 1772 1453 1843 ἀγύρται
1483 1776 1578 1827 καὶ
1613 1776 1980 1845 βαναυσὼδεις

2091 570 2530 635 locorttmGano
2575 581 2743 633 monti
2780 577 3286 647 cireumjectorunt,
3343 574 3591 651 cleriquc
3613 585 3671 629 et

2089 672 2278 742 populi
2318 671 2617 727 Christiani
2668 686 2799 725 cura
2853 670 3140 746 pastoralis
3197 683 3322 721 cum
3371 665 3668 735 pontiﬁcali

2088 764 2423 820 auctoritate
2455 765 2747 819 commissa
2780 762 2919 819 fuit:
2974 762 3082 828 vir,
3122 772 3183 814 ut
3236 759 3394 813 senili
3443 757 3667 817 canitie.

2087 854 2164 910 ita
2192 863 2247 909 et
2277 853 2437 909 senili
2469 854 2795 923 prudentia;
2821 853 2874 905 in
2902 867 3011 921 quo
3031 859 3295 921 quantum
3323 848 3489 901 homo
3517 840 3669 901 exte-

2088 945 2205 1000 rior
2231 955 2288 1000 et
2319 945 2496 1000 oculis
2530 945 2814 1013 subjectus
2842 958 2901 998 se
2929 945 3104 1012 ipsum
3135 946 3526 1001 mam-raverat,
3550 947 3670 991 tan-

2091 1046 2204 1091 tum
2236 1038 2470 1092 interior
2498 1049 2556 1092 et
2582 1037 2758 1092 latens
2789 1033 3126 1105 vigescebat.
3186 1031 3398 1099 Quippe
3452 1027 3671 1098 episeo-

2088 1138 2222 1200 patu
2279 1130 2612 1201 jampridem
2665 1130 2876 1201 ejectus
2929 1126 2999 1180 ob
3034 1140 3152 1178 eam
3209 1122 3374 1192 893
3418 1134 3668 1175 causam.

2087 1223 2215 1292 quia
2272 1222 2539 1276 malorum
2575 1219 2809 1275 concilia
2856 1226 2912 1272 et
2946 1216 3318 1287 pestilentium
3379 1210 3670 1266 cathedras

2086 1313 2314 1379 odisset,
2345 1312 2494 1366 omni
2541 1327 2725 1365 rerum
2780 1308 3216 1365 necessariarum
3269 1306 3494 1377 penuria
3531 1304 3669 1358 allii-

2086 1411 2212 1458 ctus
2241 1402 2409 1456 vitam
2441 1416 2598 1457 suam
2631 1400 2832 1457 sensim
2864 1399 3243 1455 consumebat.

2161 1494 2255 1550 IV.
2288 1493 2444 1560 Quod
2475 1494 2544 1549 ad
2574 1507 2801 1549 caeteros
2838 1493 3126 1564 episcopos
3157 1491 3374 1554 attinet,
3400 1489 3491 1559 qui
3516 1502 3668 1543 eum-

2086 1586 2212 1651 dem
2252 1588 2431 1642 zelum
2484 1595 2540 1641 et
2572 1600 2781 1641 morem
2844 1586 2997 1656 sequi
3048 1585 3421 1646 instituerant,
3474 1595 3665 1636 eorum

2074 1677 2272 1732 'nullus
2322 1687 2605 1747 superstes
2653 1676 2722 1731 ad
2782 1675 2890 1729 hoc
2945 1690 3117 1745 usque
3183 1683 3398 1743 tempus
3446 1669 3665 1725 mansit.

2084 1769 2224 1824 Nam
2260 1784 2387 1824 cum
2415 1769 2473 1824 in
2526 1782 2719 1823 eorum
2772 1764 3033 1822 ecclesias
3079 1763 3576 1818 circumforaneum
3613 1772 3667 1812 et

411 1863 507 1915 καὶ
531 1862 722 1931 ἄνδρες
743 1862 1007 1932 ἄντικρυς
1031 1864 1304 1933 αἱμάτων,
1320 1865 1425 1932 ἔξω
1452 1868 1644 1937 στῆναι
1665 1868 1977 1939 πέπρακται

2089 1860 2359 1915 illiberale
2393 1859 2678 1915 hominum
2699 1874 2875 1929 genus
2899 1872 2961 1912 ac
2980 1856 3171 1925 reipsa
3208 1854 3308 1909 viri
3339 1850 3665 1921 sanguinum

412 1953 551 2020 σφᾶς
601 1952 945 2022 προμηθείας
980 1955 1199 2025 ἁπάσης
1249 1955 1326 2020 ὡς
1375 1959 1735 2029 πορρωτάτω.
1783 1953 1885 2013 Ὧν
1916 1960 1980 2031 δή

410 2060 513 2094 που
562 2043 630 2096 τὰ
675 2042 1054 2116 σώματα,,μὴ
1104 2047 1518 2118 ἐγκαρτερῆσαι
1545 2050 1609 2120 τῇ
1642 2051 1839 2103 σπάνει
1871 2050 1982 2104 τῶν

407 2133 722 2200 ἀναγκαίων
755 2134 1112 2206 δεδυνημένα,
1142 2137 1240 2190 καὶ
1274 2138 1401 2191 ὅσαι
1433 2138 1607 2210 ταύτῃ
1641 2139 1981 2214 δυσπραγίαι

408 2224 663 2294 καθάπερ
690 2224 956 2302 ὁμοφυεῖς
995 2244 1142 2292 τινες
1186 2228 1350 2300 τύχαι
1394 2231 1491 2284 καὶ
1520 2232 1688 2301 κῆρες
1733 2232 1979 2301 ἕπονται,

408 2318 590 2383 πάσης
639 2310 1011 2388 σκληρότητος
1056 2321 1249 2388 ἐφόδια
1288 2320 1557 2393 λαμπρῶς
1593 2324 1978 2395 ἐφελκόμεναι,

406 2407 501 2459 καὶ
533 2406 647 2461 ἀλλ’
692 2407 779 2460 ἐπ’
810 2408 993 2474 ἄλλοις
1025 2410 1318 2466 ἀντλοῦσαι
1364 2416 1565 2480 κακίας
1599 2417 1855 2488 πολυειδῆ
1886 2420 1981 2474 καὶ

411 2495 724 2567 πολύτροπα
760 2498 941 2568 ῥόθια,
992 2500 1129 2569 πρὸς
1183 2501 1283 2567 τὰς
1323 2504 1576 2568 αίωνίους
1628 2508 1844 2570 ὲκείνας
1888 2509 1981 2562 καὶ

408 2589 688 2658 μακαρίας
720 2589 924 2658 σκηνὰς
952 2591 1396 2663 μετῳκίσθησαν.
1447 2596 1637 2665 Παρῆν
1668 2596 1714 2648 δ’
1737 2591 1829 2650 οὖν
1857 2599 1980 2652 ἀντὶ

384 2682 620 2761 ,πολλῶν
651 2685 761 2735 κὰκ
790 2681 893 2751 τῆς
936 2683 1269 2753 Ἀντιοχείας
1301 2686 1569 2756 ἐπαρχίας
1591 2690 1618 2741 ὸ
1652 2688 1828 2760 Τύρου
1860 2691 1979 2744 ὲπίο

407 2790 612 2836 σκοπος
633 2790 650 2806 ο
682 2774 823 2844 ἀνὴρ
852 2776 1070 2839 συνετὸς
1102 2778 1196 2829 καὶ
1220 2776 1389 2831 πολὺν
1418 2783 1482 2833 ἐκ
1515 2781 1732 2847 φύσεως
1758 2784 1974 2853 τρέφων

404 2866 495 2917 τὸν
517 2868 573 2929 ἐς
602 2867 670 2918 τὰ
695 2867 881 2920 δίκαια
903 2867 1088 2936 ζῆλον,
1116 2870 1255 2923 κάπὶ
1277 2869 1386 2925 τῶν
1411 2872 1511 2941 τῆς
1532 2873 1812 2938 εὐσεϐείας
1844 2893 1979 2946 κρη·

405 2958 574 3011 πίδων
608 2959 756 3027 μάλα
784 2959 1013 3030 ἀκλινὴς
1058 2960 1221 3024 αὐτός
1245 2978 1304 3014 τε
1342 2962 1629 3034 ἱστάμενος
1661 2967 1754 3018 καὶ
1782 2965 1975 3031 ἄλλους

404 3045 794 3119 ὲπιρῤωννύειν
839 3047 916 3101 ὢν
966 3049 1172 3112 ἱκανός.
1203 3045 1371 3112 Οὗτος
1416 3054 1475 3130 ἐν
1520 3056 1701 3123 χεροῖν
1725 3055 1864 3125 ἔχων
1906 3058 1975 3111 τὰ

407 3140 573 3194 πάλαι
617 3143 694 3210 τῷ
744 3141 841 3212 τὴν
883 3141 1215 3212 Ἀντιόχειαν
1267 3148 1687 3217 πατριαρχικῶς
1735 3148 1972 3204 διέποντι
1996 3185 2044 3250 C

576 3231 645 3250 ,ρ
695 3231 759 3250 _.,
823 3234 836 3250 ,
1139 3236 1155 3250 ς
1300 3236 1312 3250 ,
1680 3240 1692 3250 .
1785 3241 1811 3250 -
1944 3240 1969 3250 -

402 3231 663 3299 γεγονότα
691 3231 1024 3317 ψηφίσματα
1068 3236 1164 3286 καὶ
1212 3236 1519 3306 γράμματα
1563 3240 1704 3292 κατὰ
1749 3241 1847 3310 τῆς
1877 3240 1971 3293 τοῦ

406 3324 640 3393 Παλαμᾶ
668 3325 1007 3394 δυσσεϐείας,
1035 3328 1129 3380 καὶ
1160 3329 1277 3397 ἅμα
1310 3328 1419 3382 ἀπὸ
1444 3328 1710 3400 στόματος
1743 3332 1840 3402 ἤδη
1876 3332 1972 3405 τὴν

402 3416 611 3470 ἐκείνου
660 3421 949 3487 κηρύττων
984 3419 1214 3489 γνώμην
1248 3422 1343 3475 καὶ
1381 3421 1623 3493 θέλησιν,
1663 3423 1969 3498 αὐθαιρέτῳ

406 3509 501 3562 καὶ
530 3509 691 3571 αὐτὸς
718 3510 1007 3580 ἠκολούθει
1043 3513 1304 3583 προθέσει
1332 3514 1511 3585 ψυχῆς
1536 3517 1649 3581 τοῖς
1674 3516 1840 3581 θείοις
1881 3520 1975 3573 ἀν-

401 3598 614 3669 δράσιν,
657 3600 752 3665 οὓς
796 3602 857 3668 ἐξ
896 3604 1127 3675 ἑωθινῆς
1178 3605 1315 3675 πρὸς
1356 3608 1455 3677 τὴν
1487 3609 1763 3681 ἡμετέραν
1793 3612 1972 3666 οἰκίαν

401 3689 645 3762 ἐφθημεν
673 3695 954 3763 εἰρηκότες
979 3696 1355 3765 ἁθροίζεσθαι.

471 3785 548 3840 Ε’.
609 3787 889 3858 Συνῄεσαν
915 3788 972 3842 δὲ
1009 3789 1107 3843 καὶ
1144 3791 1253 3843 τῶν
1287 3789 1595 3860 ἐλλογίμων
1634 3791 1845 3863 ἀνδρῶν
1876 3795 1972 3848 καὶ

403 3878 583 3947 σοφῶν
618 3879 717 3932 οὐκ
746 3879 942 3947 ὀλίγοι,
974 3883 1352 3950 πεφραγμένοι
1395 3881 1576 3946 καλῶς
1616 3885 1729 3945 τοῖς
1766 3887 1832 3938 ὲκ
1865 3887 1972 3938 τῶν

348 4011 363 4023 .
406 3967 568 4021 θείων
601 3970 1065 4040 ὅπλοις,Γραφῶν
1119 3976 1228 4023 κάκ
1278 3972 1388 4023 τῶν
1428 3974 1776 4041 φαινομένων
1821 3977 1972 4045 ἠθῶν

404 4059 563 4124 εὐθὺς
597 4060 808 4130 οὐδαμῆ
843 4064 968 4125 τοὺς
997 4061 1138 4132 ὑπὲρ
1164 4061 1444 4126 εύσεὸείας
1469 4062 1838 4134 καπηλεύσειν
1865 4069 1973 4120 ὲοι·

409 4156 564 4217 κότες
586 4155 825 4223 ἀγῶνας·
855 4154 1040 4220 Δεξιός
1068 4173 1152 4222 τε,
1173 4156 1232 4220 δς
1251 4156 1394 4228 λόγῳ
1422 4159 1518 4212 καὶ
1542 4160 1710 4231 ἀρετῇ
1738 4161 1829 4214 τὸν
1856 4162 1971 4232 βίον

403 4246 491 4298 ἀεὶ
518 4247 740 4317 κοσμῶν
778 4248 947 4313 ἔδειξε
982 4247 1078 4300 καὶ
1131 4248 1226 4301 νῦν
1274 4250 1333 4302 ὲν
1364 4252 1478 4313 τοῖς
1514 4250 1653 4320 ὑπὲρ
1691 4252 1970 4318 εὐσεϐείας

401 4340 606 4406 ἀγῶσιν
659 4340 871 4411 οὐδαμῆ
919 4340 1262 4410 ψευδομένην
1297 4339 1436 4410 ἔχων
1468 4341 1567 4413 τὴν
1622 4343 1841 4413 κλῆσιν,
1879 4348 1973 4399 καὶ

344 4505 350 4510 1
402 4428 519 4499 ἅμα
564 4431 902 4498 Ἀθανᾶσιος,
935 4433 1234 4497 ἀθανασίας
1283 4433 1514 4504 πλήρεις
1545 4433 1685 4505 ἔχων
1725 4438 1850 4500 τοὺς
1880 4436 1969 4491 λο-

403 4538 658 4592 γισμους.

474 4714 565 4780 εἷ’.
599 4716 723 4769 Ἐπὶ
748 4714 954 4776 τούτοις
990 4717 1085 4770 καὶ
1115 4717 1143 4769 ὁ
1172 4716 1283 4773 τῶν
1305 4716 1458 4788 ἐμῶν
1484 4717 1658 4789 είσῄει
1683 4717 1844 4789 χορὸς
1870 4736 1975 4788 μα-

404 4806 604 4876 θητῶν,
632 4809 726 4861 καὶ
752 4806 949 4870 οἵτινες
981 4806 1062 4860 ἔτί
1097 4809 1282 4877 σφίσ.ν
1311 4808 1638 4879 ἐφοίτησαν,
1676 4808 1769 4862 τὸν
1796 4809 1973 4872 αὐτὸν

401 4898 793 4966 άγωιιοόμενοι
826 4897 902 4965 τῷ
929 4897 1236 4967 διδασκάλῳ
1290 4898 1514 4968 δρόμον.
1575 4890 1677 4950 Ὧν
1724 4898 1785 4951 τὸ
1836 4900 1973 4970 πρὸς

401 4988 524 5048 τοὺς
561 4988 700 5055 ὑπὲρ
722 4986 1008 5049 εὐσεϐείας
1040 4989 1322 5051 κινδύνους
1351 4990 1640 5058 προθυμνῦν
1670 5006 1730 5041 τε
1763 4991 1858 5043 καὶ
1883 4994 1998 5043 εύ-’

404 5080 558 5148 γενὲς
586 5082 680 5134 καὶ
717 5078 815 5151 τὴν
840 5078 1160 5149 ἔμπρακτον
1189 5082 1546 5151 εὐδοκίμησιν
1573 5083 1775 5146 ἱκανῶς
1810 5084 1975 5137 δεδει-

402 5178 555 5247 χέναι
590 5174 731 5228 δοκῶ
763 5192 854 5244 μοι
886 5174 1009 5236 τοὺς
1041 5176 1100 5226 ἐν
1148 5176 1343 5245 ἐκείνῳ
1374 5176 1453 5244 τῷ
1490 5177 1817 5248 μαρτυρικῷ
1845 5193 1972 5228 στα-

401 5269 498 5336 δίῳ
541 5268 861 5338 περιφανεῖς
890 5265 1110 5334 ἀγῶνας
1149 5267 1243 5319 καὶ
1294 5267 1364 5318 τὰ
1413 5268 1972 5338 ἐπιπαρρησιασμένα

401 5361 497 5428 τῆς
531 5358 777 5428 γλώττης
811 5359 985 5425 σεμνὰ
1013 5357 1397 5426 παλαίσματα.

471 5538 546 5595 Z'.
591 5535 702 5590 Καὶ
734 5534 820 5589 ἵνα
850 5535 979 5598 τοὺς
1018 5533 1210 5598 ἄλλους
1239 5534 1406 5603 ἐάσω,
1435 5532 1527 5599 οὓς
1556 5532 1709 5590 οὔπω
1748 5535 1843 5589 καὶ
1874 5538 1974 5605 τή-

402 5647 568 5702 μερον
597 5631 655 5692 ὲς
688 5627 813 5698 ὄψιν
850 5627 987 5682 ίέναι
1028 5628 1409 5700 περιειστήκει
1452 5645 1566 5696 μοι,
1616 5626 1974 5697 παμπόλλους

402 5741 460 5776 τε
498 5721 660 5785 ὄντας
722 5722 813 5773 καὶ
865 5722 1071 5782 πάντας
1115 5719 1367 5788 ἀλλήλοις
1408 5720 1823 5789 ἁμιλλωμένους
1874 5720 1974 5787 τὴν

402 5818 602 5882 ἀρετὴν
633 5815 725 5868 καὶ
746 5816 839 5868 τὸν
876 5812 1010 5883 βίον,
1048 5815 1136 5865 καὶ
1161 5813 1259 5882 τῆς
1287 5812 1439 5882 ἔνδον
1472 5814 1611 5867 κατὰ
1638 5811 1771 5865 Θεὸν
1807 5811 1974 5878 ἀγαλ-

2082 1953 2459 2025 irrepsisscnt,
2488 1951 2617 2007 hinc
2644 1950 2848 2007 factum
2891 1956 2997 2014 est,
3052 1955 3112 2001 ut
3142 1946 3219 2005 illi
3249 1941 3567 2012 longissime
3597 1940 3667 1994 ab

2082 2045 2230 2100 omni
2263 2044 2520 2098 humanae
2549 2040 2907 2112 providentur:
2934 2053 3039 2109 cpe
3063 2037 3474 2105 ablegarentur.
3523 2031 3666 2098 Quo-

2083 2151 2204 2191 rum
2235 2149 2488 2204 corpora,
2517 2148 2643 2188 cum
2672 2132 2906 2188 ιοιοτοτο
2930 2145 3035 2184 ιιοη
3074 2133 3297 2198 possent
3356 2139 3540 2179 rerum
3570 2139 3666 2178 ne-

2083 2228 2450 2282 cessariarum
2497 2225 2741 2296 inepiam
2803 2238 2867 2278 ac
2921 2230 3150 2278 caeteras
3209 2216 3489 2278 miserias,
3543 2230 3666 2285 qua:

2080 2330 2200 2370 eam
2243 2317 2397 2371 velut
2423 2326 2651 2385 cognata
2683 2314 2934 2386 quaedam
2988 2312 3098 2367 fata
3141 2322 3198 2368 et
3230 2308 3529 2365 infortunia
3571 2322 3665 2362 co-

2080 2408 2360 2474 mitantes,
2411 2405 2940 2463 oumeausteritatis
2990 2406 3416 2460 instrumentum
3476 2415 3662 2456 secum

2084 2500 2331 2563 trahunt,
2393 2510 2449 2554 et
2498 2499 2637 2553 alios
2700 2514 2768 2553 ex
2821 2498 2944 2553 aliis
2996 2495 3262 2551 malorum
3311 2493 3663 2563 omnigenum

2079 2593 2280 2649 ﬂuctus
2308 2593 2756 2662 superingerunt,
2802 2591 2870 2646 ad
2896 2587 3400 2660 sempiternasillas
3455 2594 3511 2640 ct
3542 2585 3662 2638 bea-

2081 2695 2162 2741 tas
2199 2686 2360 2740 sedes
2386 2685 2714 2755 migravere.
2760 2684 2967 2739 Aderat
2997 2691 3179 2736 tamen
3214 2696 3354 2735 unus
3386 2693 3488 2748 pro
3526 2677 3663 2732 mul-

2079 2780 2149 2834 tis
2175 2794 2242 2833 ex
2264 2778 2606 2840 Antiochena
2654 2776 2956 2847 provincia,
3014 2774 3306 2843 episcopus
3361 2769 3515 2839 Tyri,
3584 2770 3663 2821 vir

2077 2868 2405 2938 intelligens,
2425 2867 2517 2937 qui
2551 2867 2771 2922 insitum
2788 2881 2817 2920 a
2836 2876 3030 2921 natura
3055 2878 3298 2918 amorem
3315 2861 3445 2932 justi
3465 2859 3663 2912 arden-

2079 2960 2545 3015 tissimumanimo
2573 2959 2766 3024 aleret,
2795 2972 2860 3012 ac
2892 2958 2947 3012 in
2979 2971 3120 3012 vera:
3137 2953 3269 3009 ﬁdei
3292 2951 3663 3008 fundamentis

2078 3068 2203 3107 eum
2228 3053 2348 3123 ipse
2381 3053 2641 3107 immotus
2676 3060 2965 3122 perstaret,
2994 3059 3107 3105 tum
3135 3050 3275 3105 alios
3304 3059 3489 3119 posset
3525 3066 3662 3104 con-

2077 3145 2316 3201 ﬁrmare.
2363 3144 2462 3201 llic
2490 3161 2600 3215 prae
2628 3144 2883 3200 manibus
2938 3145 3145 3199 habens
3187 3152 3371 3198 vetera
3428 3153 3663 3212 palmar-

2076 3237 2192 3291 cha:
2214 3220 2557 3292 Antiocheni'
2574 3237 2814 3301 decreta,
2845 3244 2897 3291 et
2928 3236 3142 3293 litteras
3198 3236 3268 3291 ab
3303 3251 3370 3292 eo
3396 3237 3663 3291 adversus

2072 3325 2308 3383 Palamze
2328 3330 2667 3398 impietatem
2697 3329 2951 3399 scriptas,
2977 3344 3081 3384 nec
3102 3345 3212 3384 non
3230 3329 3487 3405 ejusdem
3529 3346 3659 3385 sen—

2076 3422 2300 3475 tentiam
2328 3435 2394 3475 ac
2415 3421 2750 3476 voluntatem
2790 3421 2916 3475 viva
2951 3436 3085 3477 voce
3138 3424 3496 3488 annuntians,
3543 3427 3659 3493 ipse

2072 3527 2294 3583 quoque
2327 3514 2472 3569 ultro
2531 3514 2868 3583 sequebatur
2920 3515 3066 3569 viros
3096 3515 3222 3570 illos
3261 3516 3656 3584 sanctissimos,

2073 3620 2214 3675 quos
2267 3619 2431 3660 mane
2483 3605 2551 3661 ad
2617 3615 2857 3662 nostram
2916 3605 3144 3662 domum
3196 3607 3526 3665 conﬂuxisse
3575 3611 3660 3666 dio

2072 3707 2275 3748 annus.

2149 3784 2213 3838 V.
2243 3783 2563 3841 Convenere
2600 3786 2765 3842 etiam
2801 3787 3057 3844 homines
3082 3789 3334 3847 doctrina
3379 3803 3435 3849 et
3474 3796 3655 3851 erudi-

2074 3874 2224 3930 tione
2254 3876 2500 3946 insignes
2533 3894 2643 3932 non
2691 3868 2874 3946 pauci,
2938 3882 3113 3937 sacris
3156 3883 3458 3952 Scripturis
3504 3889 3655 3943 \‘t'lul

2071 3975 2353 4021 armatura
2387 3967 2626 4036 quadam
2657 3969 2871 4039 egregia
2906 3971 3188 4034 instructi,
3219 3973 3387 4046 894
3409 3976 3504 4044 qui
3534 3976 3654 4046 ipso

2071 4058 2256 4113 statim
2300 4058 2486 4112 habitu
2513 4059 2738 4115 minime
2768 4060 3098 4116 videbamur
3129 4064 3184 4117 in
3218 4066 3346 4119 ﬁdei
3388 4068 3653 4121 orthodo-

2072 4166 2152 4206 xae
2208 4150 2525 4205 delensione
2582 4153 2749 4206 ullam
2781 4153 3027 4208 fraudem
3064 4156 3405 4225 admissuri;
3457 4176 3652 4231 nempe

2070 4243 2294 4306 Dexius.
2361 4243 2455 4313 qui
2523 4244 2835 4300 litterarum
2884 4258 2941 4303 et
3004 4248 3224 4304 virtutis
3277 4252 3436 4307 laude
3491 4265 3649 4309 antea

2072 4335 2290 4403 quidem
2340 4349 2558 4404 semper
2612 4335 2841 4392 illustris
2890 4337 3027 4404 fuit;
3099 4348 3154 4393 at
3210 4341 3263 4394 in
3322 4342 3469 4398 hisce
3527 4345 3653 4399 reli-

2072 4427 2251 4496 gionis
2277 4426 2670 4482 certaminibus
2697 4443 2886 4483 verum
2917 4444 3040 4486 esse
3067 4447 3226 4486 suum
3250 4448 3451 4489 nomen
3469 4445 3653 4490 osten-

2072 4514 2173 4569 dit.
2206 4514 2338 4571 ltem
2368 4516 2721 4582 Athanasius,
2752 4525 2899 4575 totus
2919 4534 2981 4576 re
3026 4521 3143 4590 ipsa
3187 4522 3242 4577 in
3295 4524 3650 4581 meditatioxie

2076 4606 2520 4663 immortalitatis.
3104 4609 3111 4613 ’

2147 4711 2235 4766 Vl.
2265 4713 2493 4768 Subibat
2518 4713 2932 4772 deindechorus
2950 4716 3350 4789 discipulorum
3379 4738 3648 4789 meorum,

2073 4809 2131 4856 et
2161 4814 2431 4871 quotquOt
2451 4813 2712 4873 praeterea
2743 4807 2975 4862 istorum
3005 4811 3255 4882 discipuli
3294 4827 3472 4882 erant,
3506 4817 3651 4874 idem

2075 4906 2199 4947 cum
2232 4896 2495 4964 magistro
2527 4895 2766 4952 stadium
2799 4898 3108 4957 decursuri.
3138 4904 3386 4969 Quorum
3406 4909 3651 4965 animum

2077 4985 2133 5038 in
2159 4985 2581 5057 subeundispro
2611 4988 2877 5058 religione
2932 4994 3194 5064 periculis
3235 5009 3548 5070 promptum
3590 5018 3654 5059 ac

2076 5089 2424 5144 generosum,
2457 5084 2513 5131 et
2541 5078 2824 5134 efﬁcacem
2880 5097 3011 5139 vere
3067 5085 3350 5151 virtutem,
3391 5092 3525 5146 satis
3567 5095 3654 5162 (ut

2074 5168 2205 5221 mihi
2229 5166 2467 5238 videtur)
2486 5169 2833 5227 declararunt
2855 5176 3135 5251 praeclara:
3177 5179 3278 5234 illa:
3301 5180 3649 5250 luctationes,

2074 5259 2275 5329 quibus
2305 5274 2365 5315 se
2394 5260 2449 5314 in
2468 5262 2712 5332 martyrii
2752 5265 3003 5334 palaestra
3035 5282 3423 5336 exercuerunt,
3452 5284 3506 5328 et
3554 5276 3651 5330 ho-

2074 5362 2230 5407 nesta
2276 5352 2476 5426 linguae
2501 5357 2805 5412 cantamina
2845 5358 2917 5413 ab
2947 5360 3017 5416 iis
3046 5360 3284 5431 ingenue
3307 5375 3364 5420 et
3387 5365 3651 5422 audacter

2075 5454 2348 5514 suscepta.

2147 5536 2261 5592 Vll.
2295 5536 2503 5593 Omitto
2540 5539 2682 5596 alios
2739 5558 2904 5613 quam
2957 5544 3245 5614 plurimos,
3301 5562 3439 5618 quos
3476 5566 3649 5622 usque

2075 5625 2141 5695 ad
2167 5626 2307 5682 hanc
2344 5627 2490 5683 diem
2522 5645 2592 5684 ne
2616 5631 2802 5688 videre
2822 5634 3044 5703 quidem
3075 5635 3209 5689 mihi
3236 5639 3463 5709 contigit
3489 5658 3504 5694 :
3529 5655 3649 5696 om-

2074 5730 2175 5771 nes
2199 5716 2445 5786 ejusdem
2470 5719 2697 5776 virtutis
2718 5720 3077 5794 ejusdemque
3103 5724 3342 5782 instituti
3372 5731 3602 5786 aemulos
3631 5751 3647 5788 :

2076 5823 2267 5866 omnes
2299 5810 2617 5881 impressam
2653 5814 2835 5872 animo
2870 5816 3015 5886 piam
3044 5818 3369 5874 sententiam
3432 5836 3654 5880 morum
