4002 6492
373 339 514 403 1159

662 337 739 405 Ia.
787 354 840 392 ιι.
874 338 1035 402 6859,
1080 353 1186 392 mo.
1228 338 1284 411 4]

1537 344 1956 405 NICEPHORI
1990 347 2197 407 GREG
2207 347 2378 408 ΟΒιΕ

2654 344 2784 417 [nm
2826 360 2869 400 ι.
2910 358 3196 401 οικτλοοι.
3230 342 3290 417 5]

3472 348 3608 413 1160

361 468 443 517 se,
475 463 764 523 antequam
802 467 900 506 nos
928 446 1365 516 introducemitr,
1395 454 1671 522 quomodo
1695 470 1784 517 ea,
1820 470 1944 521 quae

2051 473 2149 519 νοι,
2181 457 2315 525 πρὶν
2358 457 2505 527 ἡμᾶς
2536 457 2788 519 εἰσιέναι,
2817 456 2885 509 τὰ
2916 456 3084 510 πάλαι
3111 456 3368 519 πολλάκις
3392 457 3612 528 μελετη-

360 545 684 617 jampridem
752 546 937 598 animo
976 543 1373 598 meditarentur
1428 554 1485 598 et
1524 545 1818 599 adversum
1851 560 1949 599 nos

363 623 658 701 Struerent,
682 634 865 690 oblata
894 637 1113 690 tandem
1140 637 1451 701 occasione,
1513 636 1673 691 facile
1725 638 1793 691 ad
1831 637 1949 690 cxi-

364 741 478 785 2um
512 729 827 798 perducturi
852 739 1069 794 essent;
1102 728 1176 784 ita
1207 739 1265 784 ut
1324 746 1448 784 mox
1474 730 1694 785 aﬂuturi
1736 729 1951 784 audito-

363 839 451 877 res
479 838 587 875 non
629 822 1018 890 intelligerent,
1049 821 1238 875 dolum
1271 836 1399 876 eum
1429 837 1550 876 esse
1572 822 1760 876 multis
1786 819 1948 875 annis

362 913 690 969 fabricatum
738 922 794 968 et
839 912 1137 968 artificiose
1179 914 1568 983 compositum.
1617 913 1858 968 Tandem
1894 921 1952 968 et

362 1023 465 1062 nos
536 1021 777 1077 quoque,
824 990 861 1060 ba
903 1004 1233 1070 ianitoribus
1292 1005 1489 1067 vocati,
1572 1006 1945 1059 introivimus.

363 1099 502 1153 Tum
538 1100 720 1153 statim
745 1097 1043 1167 imperator
1060 1098 1369 1166 appositum
1401 1094 1758 1166 Evangelium
1791 1095 1949 1152 brevi

364 1191 685 1245 adoratione
709 1196 1036 1259 prosecutus
1055 1197 1162 1251 est,
1203 1189 1364 1244 nobis
1395 1190 1656 1243 videlicet
1687 1201 1752 1243 ea
1780 1203 1949 1259 opera

363 1282 765 1337 satisfacturos.
792 1279 926 1334 Nam
960 1290 1016 1335 ut
1039 1280 1373 1335 sacrosancti
1400 1280 1539 1336 sexti
1577 1280 1800 1336 concilii
1858 1294 1952 1349 ge-

364 1373 716 1445 neraliiacta
743 1371 1164 1436 exhiberentur,
1193 1380 1358 1442 prout
1387 1381 1610 1426 cautum
1639 1378 1786 1425 esset
1814 1385 1952 1424 con-

364 1465 651 1519 stitutione
670 1463 936 1534 principis
968 1462 1063 1518 illo
1095 1470 1345 1532 tempore
1392 1462 1736 1532 imperantis,
1794 1468 1849 1516 et
1889 1470 1951 1517 ut

365 1571 512 1611 nunc
533 1572 753 1625 quoque
780 1555 1145 1626 praesentibus
1193 1554 1356 1609 nobis
1415 1554 1723 1624 iuraretur,
1779 1552 1947 1607 etiam

363 1660 529 1718 atque
558 1649 720 1703 etiam
756 1648 1117 1717 petieramus.
1175 1646 1387 1700 Deinde
1421 1655 1480 1701 et
1540 1646 1657 1716 ipse
1691 1645 1858 1711 sedit,
1893 1652 1951 1699 et

365 1756 464 1794 nos
497 1741 662 1795 etiam
702 1739 867 1795 simul
901 1755 1027 1794 cum
1062 1737 1187 1793 aliis
1206 1736 1401 1792 sedere
1426 1720 1674 1809 jussitfl

2052 545 2212 598 θέντα
2242 561 2302 597 τε
2334 547 2429 599 καὶ
2452 544 2893 598 συσκευασθέντα
2923 545 3267 616 βουλεύματα
3291 546 3411 599 καθ’
3434 547 3608 619 ἡμῶν,

2052 636 2170 699 πῶς
2200 637 2266 690 ἂν
2305 637 2397 689 ἐπὶ
2429 636 2623 707 καιροῦ
2649 637 2744 691 νῦν
2783 640 2863 698 εἰς
2898 638 3073 706 πέρας
3102 638 3256 706 ἄγειν
3308 639 3394 708 εἴη
3430 641 3613 703 αὐτοῖς

2049 730 2295 791 εὐπετῶς
2318 747 2374 782 τε
2401 733 2495 784 καὶ
2515 730 2591 793 ὡς
2617 731 2684 785 ἂν
2706 734 2815 794 τοῖς
2849 732 3114 802 παροῦσιν
3137 734 3436 801 ἀκροαταῖς
3459 735 3613 800 ἀγνο-

2049 821 2239 893 ηθείη,
2272 821 2505 876 λαθόντα
2547 825 2629 877 δτι
2662 825 2758 889 ξὺν
2790 826 2928 895 δόλῳ
2979 825 3294 896 πέπρακταί
3323 842 3383 880 τε
3413 827 3506 880 καὶ
3530 826 3615 879 δε-

2048 914 2536 985 δραματοὺργηται
2565 916 2837 972 πολυετεῖ.
2871 918 3165 990 Είσῄειμεν
3191 917 3237 971 δ’
3266 914 3359 973 οὖν
3395 918 3493 987 ὀψὲ
3521 920 3616 972 καὶ

2051 1010 2236 1078 ἡμεῖς.
2263 1008 2373 1061 τῶν
2408 1008 2675 1079 θυρωρῶν
2708 1010 3085 1066 καλεσάντων.
3138 1012 3247 1064 Καὶ
3291 1010 3320 1061 δ
3362 1009 3615 1078 βασιλεὺς

2049 1100 2212 1164 εὐθὺς
2231 1099 2310 1169 τῷ
2337 1100 2644 1171 εὐαγγελίῳ
2665 1102 3063 1171 παρακειμένῳ
3093 1101 3460 1173 προσκύνησιν
3482 1103 3616 1155 ἁπο-

2050 1196 2247 1264 νείμας
2287 1195 2568 1267 βραχεῖαν,
2599 1196 2756 1267 ἡμῶν
2790 1212 2853 1263 γε
2889 1196 3095 1261 εἵνεκα,
3151 1194 3322 1248 πολλὰ
3357 1196 3617 1259 πολλάκις

2050 1288 2150 1349 τὰς
2175 1288 2275 1357 τῆς
2301 1289 2452 1353 θείας
2482 1290 2576 1343 καὶ
2620 1287 3006 1357 οἰκουμενικῆς
3048 1287 3215 1358 ἕκτης
3243 1287 3460 1340 συνόδου
3488 1304 3615 1358 προ-

2050 1381 2274 1450 τεθῆναι
2315 1383 2543 1452 πράξεις
2581 1379 2983 1442 ἀπαιτούντων,
3020 1381 3161 1433 κατὰ
3217 1382 3315 1448 τὴν
3361 1381 3475 1433 ἐκεῖ
3520 1378 3615 1433 τοῦ

2049 1470 2171 1523 τότε
2205 1468 2469 1539 βασιλέως
2491 1471 2845 1531 κατάστασιν,
2870 1469 2963 1522 καὶ
2988 1467 3115 1530 τοὺς
3143 1468 3341 1535 ὅρκους
3365 1466 3617 1534 γενέσθαι

2049 1560 2149 1615 καὶ
2178 1560 2278 1613 νῦν
2335 1561 2421 1629 ἐφ’
2469 1559 2665 1630 ήμῶν·
2703 1559 2895 1612 ἒπειτα
2949 1558 3110 1621 αὑτός
3140 1575 3200 1610 τε
3255 1557 3475 1610 ἐκάθισε
3523 1558 3618 1611 καὶ¹

2051 1652 2167 1722 ἅμα
2204 1651 2339 1720 ὁμοῦ
2370 1653 2483 1715 τοῖς
2516 1653 2699 1716 ἄλλοις
2729 1649 3070 1720 καθεσθῆναι
3104 1650 3484 1721 προύτρέψατο
3521 1651 3618 1705 καὶ

2052 1744 2219 1813 ἡμᾶς.

437 1831 522 1885 IV.
553 1835 734 1901 Atque
764 1831 854 1885 ille
890 1829 1041 1900 loqui
1065 1844 1298 1884 exorsus
1342 1827 1579 1883 orationi
1610 1843 1724 1884 suae
1773 1826 1944 1882 inter-

2119 1837 2193 1887 A’.
2231 1833 2426 1901 Λέγειν
2452 1832 2498 1887 δ’
2529 1830 2841 1902 ἀρξάμενος
2895 1832 3209 1919 παρεμιγνυ
3242 1831 3352 1894 τοῖς
3380 1829 3615 1898 λεγομέ-

366 1924 582 1979 serebat
602 1925 915 1993 juramenta
939 1922 1186 1992 quaedam
1228 1938 1360 1990 vaga
1393 1932 1449 1975 et
1508 1920 1790 1990 perplexa,
1840 1918 1948 1974 sibi

367 2015 545 2084 ipsiet
577 2014 767 2068 liberis
818 2013 934 2068 suis
981 2014 1216 2068 exitium
1266 2012 1423 2083 quasi
1479 2008 1855 2081 imprecando,
1901 2009 1947 2064 si

365 2104 561 2174 quovis
603 2102 769 2158 modo
819 2104 980 2159 alteri
1038 2104 1184 2174 parti
1231 2105 1483 2158 faveret:
1516 2108 1785 2169 erantque
1831 2099 1951 2169 ejus

362 2194 532 2267 899
557 2195 721 2258 dicta,
749 2201 810 2248 ut
841 2209 898 2249 re
935 2196 1050 2262 ipsa
1084 2192 1288 2263 patuit,
1337 2192 1677 2247 dilennnata.
1736 2188 1947 2259 Ecquid

363 2301 528 2356 porro
571 2284 794 2350 mirum,
830 2284 919 2338 ubi
962 2283 1053 2338 ille
1097 2267 1183 2337 am
1210 2282 1337 2337 inde
1396 2282 1466 2336 ab
1499 2281 1657 2335 initio
1688 2295 1813 2334 cum
1844 2280 1949 2333 Pa-

364 2381 504 2434 lama
573 2378 735 2450 plane
788 2376 1167 2447 coriSpirabat,
1231 2386 1288 2431 et
1322 2375 1440 2444 ejus
1491 2370 1947 2429 consuetudinem

365 2468 503 2523 tanti
544 2467 806 2534 faciebat,
836 2479 898 2523 ut
927 2482 1047 2530 eam
1084 2466 1177 2521 diu
1208 2474 1486 2533 noctuque
1517 2462 1753 2533 publicis
1779 2475 1947 2531 nego-

364 2557 452 2614 tiis
477 2559 800 2630 urgentibus
828 2557 1206 2623 anteltaberet,
1224 2564 1427 2612 etcum
1455 2570 1519 2609 eo
1542 2553 1694 2608 dolos
1716 2566 1949 2607 consue-

364 2661 449 2706 ret
471 2667 536 2706 ac
584 2652 731 2706 retia
762 2650 1237 2717 nobistenderrt;
1267 2649 1519 2717 idemque
1561 2657 1668 2700 tam
1721 2645 1949 2716 privatis

361 2760 526 2814 quam
565 2743 807 2815 publicis
833 2743 1183 2798 sermonibus
1214 2755 1431 2796 mecum
1472 2740 1551 2793 sic
1582 2737 1778 2794 solitus
1801 2745 1948 2792 esset

362 2852 630 2907 pugnare,
661 2846 722 2892 ut
743 2820 862 2906 ipso
893 2835 1063 2890 etiam
1087 2834 1311 2890 Palama
1338 2832 1633 2886 violentior
1656 2844 1777 2885 esse
1803 2829 1949 2882 vide-

365 2928 556 2983 retur?
583 2927 780 2998 Itaque
810 2927 922 2993 ille,
945 2942 1070 2982 cum
1098 2924 1457 2997 promittebat
1492 2939 1550 2978 se
1580 2937 1706 2993 erga
1719 2922 1945 2976 alteram

366 3028 577 3090 partem
617 3034 894 3090 propenso
923 3020 1111 3074 animo
1146 3019 1292 3073 haud
1322 3017 1461 3082 fore,
1489 3016 1532 3069 si
1557 3029 1658 3083 nos
1683 3014 1831 3068 solos
1864 3028 1949 3066 re

365 3111 564 3181 spexit,
595 3125 704 3163 non
737 3109 1017 3179 pejeravit,
1050 3107 1298 3176 quidem,
1360 3113 1417 3159 at
1482 3107 1726 3157 animam
1788 3116 1945 3155 suam

364 3202 625 3272 perdidit,
657 3204 942 3271 antiquum
963 3202 1116 3255 illum
1139 3198 1411 3275 Herodem
1439 3196 1947 3275 prorsusimitatus;

364 3296 482 3365 qni,
521 3296 846 3364 prOpbetam
878 3310 1002 3347 eum
1029 3293 1330 3355 occideret,
1378 3289 1572 3344 sceleri
1635 3303 1736 3343 suo
1774 3274 1949 3357 jusju-

373 3386 599 3440 randum
654 3383 1015 3456 praetexebat.
1051 3383 1207 3448 Quod
1238 3385 1280 3437 si
1307 3390 1560 3443 neutram
1609 3390 1818 3449 partem
1858 3392 1951 3432 re-

367 3478 578 3548 spicere
609 3491 764 3531 mens
789 3475 1151 3546 jurisjurandi
1183 3475 1386 3545 potuit,
1450 3473 1543 3527 sed
1583 3486 1736 3541 aequa
1795 3469 1949 3524 lance

371 3583 664 3640 suspensus
686 3569 933 3624 alfectus~
949 3582 1132 3638 parem
1189 3583 1248 3622 se
1282 3566 1534 3636 utrisque
1577 3563 1821 3634 praebere
1851 3560 1949 3614 de-

370 3670 633 3727 :reverai,
661 3667 825 3729 atque
878 3659 967 3712 ille
1020 3656 1219 3712 deinde
1266 3655 1466 3729 juratis
1518 3669 1628 3708 non
1685 3650 1838 3706 stetit
1871 3649 1948 3718 (id

364 3755 514 3823 quod
545 3767 605 3806 re
642 3753 759 3822 ipsa
817 3750 1138 3815 declaravit,
1200 3764 1324 3804 cum
1348 3747 1404 3802 in
1467 3746 1681 3801 theatro
1715 3743 1808 3798 illo
1837 3741 1949 3796 fre-

365 3841 746 3913 quentissimo
773 3840 1021 3910 corrupit
1078 3840 1221 3910 juris
1274 3837 1613 3908 aequitatem)
1665 3846 1948 3902 nunquam

364 3944 512 3991 certe
540 3934 769 4004 perjurii
800 3934 1012 3988 crimen
1038 3930 1286 4001 eﬂugiet,
1321 3931 1416 4000 qui
1447 3943 1547 3985 sua
1572 3934 1766 3997 sponte
1797 3940 1949 3978 cont-

367 4026 518 4078 misit
553 4035 611 4078 ut
632 4033 780 4079 esset
812 4024 1094 4094 perjnrus.

440 4115 503 4170 γ.
536 4117 744 4186 Nempe
796 4100 1222 4181 iile,eamdem~
1254 4113 1489 4169 Palatina:
1546 4123 1603 4168 et
1647 4116 1731 4169 sui
1777 4115 1950 4186 ipsius

368 4211 585 4264 ruinam
652 4223 775 4266 esse
828 4219 1103 4271 Statuens,
1134 4223 1259 4262 cum
1308 4221 1455 4262 nunc
1501 4207 1737 4272 videret,
1788 4210 1950 4265 aliter

367 4318 529 4373 quam
559 4308 869 4370 putaverat,
919 4300 1126 4353 nostris
1183 4296 1651 4366 disputationibus
1701 4298 1950 4354 funditus

370 4392 670 4463 proﬂigari,
703 4404 944 4461 puppem
1010 4389 1064 4443 in
1105 4387 1289 4442 medio
1325 4403 1490 4442 cursu
1542 4393 1853 4456 contorsit;
1892 4401 1949 4445 et

2052 1940 2159 1986 νοις
2192 1925 2286 1977 καὶ
2322 1924 2525 1993 ὅρκους
2560 1920 2993 1990 διεσπασμένους
3033 1921 3185 1980 τινας
3234 1921 3329 1973 καὶ
3362 1921 3620 1985 αἰνιγμα-

2048 2015 2260 2079 τώδεις,
2282 2012 2635 2084 ὲπαρώμενός
2667 2029 2784 2077 πως
2804 2012 2986 2082 ἑαυτῷ
3005 2012 3103 2065 καὶ
3130 2012 3343 2068 τέκνοις
3372 2010 3616 2080 ὄλεθρον,

2050 2107 2100 2159 εί
2125 2106 2204 2175 τῷ
2232 2106 2314 2159 ἑνὶ
2361 2106 2516 2175 μέρει
2559 2103 2855 2175 πρόσθοιτο
2899 2106 3000 2175 τὴν
3033 2103 3263 2174 γνώμην
3294 2103 3612 2156 ὁποσονοῦν.

2051 2198 2159 2250 Καὶ
2191 2193 2283 2268 ἦν,
2325 2197 2402 2261 ώς
2435 2196 2638 2262 ἔδειξεν
2673 2198 2766 2250 ἐπὶ⁵
2794 2196 2904 2250 τῶν
2952 2195 3153 2268 ἔργων,
3198 2196 3513 2265 διλήμματα
3542 2195 3615 2247 τὰ

2051 2287 2400 2356 φθεγγόμενα
2420 2302 2434 2316 ’
2468 2287 2563 2340 καὶ
2608 2284 2725 2349 πῶς
2775 2286 2875 2356 μὲν
2903 2284 2965 2339 οῦ
2990 2303 3004 2318 ο
3036 2285 3115 2356 τῷ
3168 2286 3404 2355 Παλαμᾷ
3430 2284 3495 2336 τὰ
3527 2283 3620 2336 ἶσα

2052 2380 2227 2432 πνέων
2251 2378 2308 2445 ἐξ
2330 2378 2524 2448 ἀρχῆς,
2547 2377 2642 2431 καὶ
2667 2376 2884 2448 νύκτωρ
2916 2377 3008 2430 καὶ
3038 2375 3156 2447 μεθ’
3180 2376 3391 2447 ἡμέραν
3413 2375 3621 2445 προύρ-

2050 2472 2337 2541 γιαιτέραν
2365 2471 2476 2523 τῶν
2508 2470 2612 2523 ἀνὰ
2647 2471 2836 2540 χεῖρας
2871 2468 3195 2538 ποιούμενος
3223 2467 3493 2537 δημοσίων
3517 2470 3620 2536 τὴν

2052 2561 2216 2616 αὐτοῦ
2273 2562 2512 2631 ὁμιλίαν,
2565 2563 2662 2614 καὶ
2697 2559 2870 2613 ταῦτα
2925 2561 3258 2631 συῤῥάπτων
3304 2558 3426 2613 καθ’
3460 2560 3619 2629 ἡμιῖιν

2052 2652 2541 2716 καὶ.συσκευὰζων
2592 2653 2808 2719 δίκτυα,
2841 2654 3011 2722 κάμοὶ
3044 2651 3276 2719 λογικῶς
3313 2654 3619 2721 μαχόμενος

2054 2749 2159 2820 ἰδίᾳ
2194 2751 2286 2801 καὶ
2314 2747 2548 2817 δημοσίᾳ
2573 2745 2877 2815 βιαιότερον
2905 2745 2936 2814 ἢ
2970 2741 3092 2797 κατ’
3118 2743 3279 2796 αὑτὸν
3305 2744 3475 2795 εἰπεῖν
3508 2743 3618 2795 Πα-

2052 2837 2258 2906 λαμᾶνς
2289 2838 2350 2890 Εἰ
2382 2833 2477 2890 οὖν
2511 2836 2572 2890 τὸ
2596 2836 2869 2907 ἡμέτερον
2900 2834 3094 2905 ἔϐλεψε
3130 2832 3293 2905 μέρος
3327 2835 3549 2900 ἐκεῖνος,

2049 2928 2148 2999 τὴν
2184 2928 2411 2998 γνώμην
2443 2927 2630 2997 ἥκισθ’
2664 2927 2982 2997 ὑπισχνοῑτο
3015 2927 3423 2996 προστίθεσθαι,
3446 2925 3617 2994 εὺώρ-

2052 3030 2185 3084 κησε
2220 3016 2320 3085 μέν
2356 3030 2369 3043 °
2395 3015 2737 3069 ἀπολωλέναι
2770 3014 2816 3068 δ’
2845 3016 2995 3086 ὅμως
3048 3016 3302 3085 πέπραχε
3333 3015 3428 3087 τὴν
3487 3016 3616 3068 ἑαυ-

2049 3105 2143 3158 τοῦ
2173 3106 2373 3176 ψυχὴν,
2406 3108 2486 3169 εἰς
2531 3105 2778 3177 Ἡρώδην
2808 3108 2899 3160 τὸν
2930 3106 3094 3160 πάλαι
3120 3108 3219 3177 τὴν
3248 3105 3499 3177 μίμησινῖ
3518 3105 3616 3158 ἄν·

2052 3214 2247 3266 τικρυς
2274 3196 2607 3266 ἀνενεγκὼν,
2635 3197 2693 3261 δς
2728 3198 3170 3268 προφητοκτόνου
3204 3199 3490 3269 πρόβλημα
3516 3215 3616 3250 κα-

2052 3290 2177 3353 κίας
2230 3288 2321 3342 τὸν
2355 3290 2518 3361 ὅρκον
2563 3289 2879 3358 πεποίηται.
2932 3289 2996 3342 Ei.
3050 3289 3107 3341 δὲ
3160 3288 3297 3358 πρὸς
3341 3289 3618 3355 οὐδέτερον

2054 3381 2278 3451 βλέπειν
2315 3383 2444 3450 ὲνῆν
2494 3385 2608 3436 τοῖν
2647 3384 2839 3452 μεροῖν
2890 3382 2991 3453 τὴν
3019 3381 3113 3436 τοῦ
3154 3381 3321 3454 ὅρκου
3359 3383 3614 3447 διάνοιαν,

2051 3472 2170 3525 ἀλλ’
2204 3473 2475 3543 ἰσόρροπα
2514 3471 2602 3526 ἐπ’
2634 3474 2842 3541 ἀμφοῖν
2870 3472 2940 3526 τὰ
2965 3471 3066 3542 τῆς
3088 3472 3316 3543 γνώμης
3346 3474 3618 3543 ἐκρέματο

2050 3564 2313 3627 τάλαντα,
2351 3566 2465 3629 τοῖς
2493 3562 2539 3617 δ’
2569 3564 2654 3636 [Ρ.
2683 3563 2808 3636 566]
2827 3564 3239 3636 ὀμωμοσμένοις
3258 3565 3435 3635 ἥκισθ’
3464 3562 3618 3617 ὔστε-

2056 3674 2146 3726 ρον
2177 3658 2477 3727 ὲνέμεινεν,
2508 3657 2582 3720 ὼς
2631 3658 2815 3728 ἔργοις
2846 3657 3049 3724 ἔδειξεν
3093 3642 3296 3723 αῦτοῖς,
3341 3659 3615 3726 καπηλεύ-

2054 3767 2151 3812 σας
2191 3752 2286 3805 ἐπὶ
2316 3749 2545 3820 θεάτρου
2577 3750 2837 3803 τοσούτου
2865 3751 2963 3821 τὴν
2990 3751 3170 3821 δίκην,
3196 3752 3292 3814 τὰς
3312 3751 3408 3819 τῆς
3430 3752 3614 3819 ἐπιορ-

2051 3841 2172 3904 κίας
2194 3842 2295 3894 οὐκ
2327 3841 2391 3896 ἄν
2424 3857 2552 3894 ποτε
2576 3841 2847 3913 λοιδορίας
2870 3841 3120 3913 ἐκφύγοι,
3151 3842 3341 3898 ἑαυτὸν
3362 3842 3614 3911 ἐπίορκον

2050 3932 2380 4003 αὐθαίρετον
2411 3933 2730 4004 πεπραχώς.

2125 4105 2206 4163 Ε’.
2253 4107 2482 4162 Ἑαυτοῦ
2507 4109 2615 4178 γὰρ
2642 4109 2741 4179 τὴν
2760 4110 2853 4163 τοῦ
2874 4110 3109 4180 Παλαμᾶ
3140 4112 3484 4182 λογιζόμενος
3524 4109 3618 4188 ἦτ-

2053 4221 2172 4266 ταν,
2197 4202 2370 4254 ἔπειτ’
2398 4200 2544 4259 ἰδὼν,
2567 4202 2642 4264 ώς
2664 4201 2763 4254 οὐκ
2783 4200 2941 4271 ᾤετο,
2966 4199 3109 4255 κατᾶ
3130 4205 3329 4271 κράτος
3356 4208 3459 4265 τοῖς
3484 4205 3619 4274 ἡμεο

2048 4298 2226 4367 τέροις
2256 4296 2568 4365 ἡττώμενον
2599 4294 2803 4361 λόγοις,
2835 4295 3090 4365 πρύμναν
3116 4313 3174 4348 τε
3225 4297 3285 4348 ὲν
3333 4300 3474 4370 μέση
3522 4316 3615 4350 πο-

2054 4390 2173 4459 ρείᾳ
2204 4390 2504 4458 ἐκρούσατο
2532 4386 2627 4439 καὶ
2653 4386 2818 4458 ῥίψας
2848 4391 2948 4457 τὴν
2991 4389 3284 4458 ἀλωπεκῆν
3322 4392 3478 4453 εὐθυς
3514 4394 3614 4461 τὴν

370 4486 592 4553 vulpina
639 4482 847 4552 abjccta
894 4481 1078 4536 statim
1132 4481 1374 4534 ursinatn
1406 4480 1605 4551 pellem
1636 4481 1835 4545 induit,
1866 4492 1947 4537 to-

2052 4480 2320 4554 ἁρκτικὴν
2350 4477 2629 4548 μετενέδυ,
2685 4484 2779 4531 καὶ
2815 4479 2973 4541 ἄλλος
3007 4481 3144 4544 ,ὅλος
3166 4482 3225 4545 ἐξ
3258 4481 3416 4534 ἄλλου
3463 4483 3613 4537 καθίο

371 4588 571 4645 tusqtte
606 4589 671 4628 ex
702 4573 811 4626 alio
845 4572 986 4626 alius
1026 4572 1236 4634 evasit;
1273 4585 1377 4625 nec
1420 4585 1480 4626 se
1509 4572 1744 4642 amplius
1771 4573 1951 4642 potuit

369 4667 650 4729 Celtibere,
683 4662 818 4733 quin
860 4673 917 4717 et
968 4660 1389 4733 vociferaretur,
1420 4668 1478 4715 et
1525 4676 1647 4726 nos,
1670 4662 1775 4716 nisi
1807 4672 1951 4718 tace-

370 4771 577 4821 remus,
608 4755 772 4809 minis
818 4761 1055 4808 terreret
1085 4769 1100 4808 :
1127 4753 1331 4822 quippe
1367 4752 1512 4806 haud
1539 4753 1801 4810 ferendos
1829 4771 1949 4812 esse

371 4865 496 4913 nos,
540 4848 635 4917 qui
687 4847 739 4899 in
798 4846 920 4916 ejus
970 4844 1135 4899 domo
1172 4854 1286 4898 tum
1333 4843 1480 4913 loqui
1512 4845 1795 4910 vellemus,
1822 4863 1948 4903 cum

372 4943 492 5010 ipse
554 4939 721 4993 noilet
748 4937 979 5003 audire;
1022 4936 1189 5006 900
1220 4937 1377 5007 quasi
1419 4953 1614 5009 nempe
1647 4942 1733 4995 sui
1777 4941 1949 5011 ipsius

370 5047 424 5088 et
485 5032 854 5101 prazstitorum
908 5029 1350 5100 juramentorum
1405 5029 1542 5085 foret
1597 5034 1820 5097 oblitus,
1847 5047 1949 5089 nec

301 5115 317 5132 ⁸
373 5124 659 5179 hominum
679 5122 771 5190 qui
797 5121 928 5175 illuc
954 5120 1105 5175 multi
1128 5131 1516 5188 convenerant,
1535 5124 1948 5191 conscientiam,

375 5229 478 5270 nec
513 5214 673 5267 tacita
691 5212 893 5282 judicia
912 5221 1254 5266 revereretur
1280 5212 1520 5281 illorum,
1543 5230 1726 5269 coram
1747 5216 1950 5285 quibus

376 5307 429 5359 in
459 5305 749 5359 manifesto
765 5304 968 5357 scelere
987 5305 1362 5372 deprehensus
1380 5308 1647 5362 mendacii
1665 5318 1722 5363 et
1744 5308 1950 5379 iniqui-

373 5398 500 5451 tatis
527 5406 866 5466 argueretur.
887 5396 1020 5450 Nam
1047 5398 1135 5451 ille
1156 5398 1206 5452 id
1227 5399 1374 5467 quod
1397 5408 1536 5462 erat,
1559 5399 1782 5454 minime
1807 5414 1946 5468 erat;

374 5500 430 5545 et
461 5490 605 5559 quod
632 5503 741 5542 non
779 5499 921 5554 erat,
955 5490 1005 5543 id
1037 5491 1214 5559 ipsum
1253 5504 1440 5546 revera
1471 5502 1607 5553 erat,
1642 5508 1742 5562 pro
1772 5494 1947 5563 impe-

372 5592 555 5635 ratore
586 5594 770 5634 merus
797 5592 1079 5651 tyrannus,
1113 5596 1212 5650 pro
1239 5580 1426 5651 judice
1447 5590 1730 5636 accusator
1760 5592 1948 5638 noster

371 5684 426 5725 et
460 5672 846 5729 inexcusabilis
881 5687 1219 5743 persecutor.
1247 5674 1399 5727 Adeo
1437 5673 1622 5727 infelix
1659 5676 1772 5739 ille,
1803 5676 1946 5730 divi-

371 5779 440 5818 na
477 5780 578 5833 ope
622 5766 936 5833 destitutus,
971 5768 1036 5821 de
1070 5782 1170 5821 suo
1219 5774 1361 5822 statu
1390 5767 1528 5821 decli
1587 5769 1702 5836 ivit,
1733 5781 1787 5824 et
1817 5788 1938 5840 spc-

2053 4587 2239 4636 στατο,
2268 4570 2466 4641 μηκέτι
2497 4572 2760 4636 καθεκτὸς
2793 4568 2931 4626 εἶναι
2966 4572 3281 4644 δυνάμενος,
3319 4575 3453 4629 ἀλλὰ
3480 4577 3617 4646 βοῶν

2053 4661 2147 4715 καὶ
2172 4661 2432 4726 ἀπειλῶν,
2459 4663 2507 4713 εἰ
2543 4662 2616 4731 μὴ
2654 4660 2936 4731 σιγῴημεν
2957 4676 2971 4690 ·
3010 4662 3145 4733 μηδὲ
3193 4663 3302 4733 γὰρ
3333 4664 3617 4733 ἀνέχεσθαι

2051 4755 2163 4808 τῶν
2194 4755 2359 4807 οἴκων
2386 4755 2536 4818 ἐντὸς
2557 4755 2666 4807 τῶν
2691 4754 2879 4815 αὐτοῦ,
2916 4754 3096 4823 λέγειν
3136 4754 3236 4825 μὲν
3284 4755 3618 4825 βουλομένων

2053 4845 2232 4917 ἡμῶν,
2259 4845 2423 4898 αὑτοῦ
2455 4844 2501 4895 δ’
2537 4846 2758 4898 ἀκούειν
2785 4846 2994 4916 ἣκιστα
3014 4846 3303 4915 δεχομένου
3327 4864 3340 4878 ·
3369 4846 3619 4916 καθάπερ

2052 4937 2214 5000 αὐτὸς
2247 4937 2612 5005 ἐκλαθόμενος
2643 4936 2838 4990 ἑαυτοῦ
2858 4937 2952 4989 καὶ
2992 4938 3103 4990 τῶν
3145 4937 3322 5007 ὅρκων
3377 4939 3617 5003 ἐκείνων,

2053 5028 2148 5082 καὶ
2181 5028 2318 5099 μήτε
2350 5028 2443 5081 τοῦ
2471 5029 2719 5093 ξυνόντος
2748 5028 2987 5100 πλήθους
3005 5029 3067 5083 τὸ
3098 5031 3334 5093 συνειδὸς
3361 5032 3496 5100 μήτε
3524 5032 3619 5093 τὰς

2053 5121 2152 5192 τῆς
2173 5123 2399 5193 γνώμης
2424 5122 2633 5192 κρίσεις
2658 5123 2794 5184 ὅλως
2814 5121 3079 5182 αἰδεσθεὶς
3124 5122 3370 5187 ἐκείνων,
3415 5123 3500 5189 ἐφ’
3538 5115 3620 5179 οἷς

2054 5215 2309 5285 ἡλίσκετο
2341 5215 2483 5283 μάλα
2504 5215 2591 5267 ἐπ’
2616 5215 2921 5285 αὐτοφώρῳ
2945 5216 3271 5287 ψευδόμενός
3304 5234 3362 5269 τε
3391 5219 3486 5269 καὶ
3508 5218 3622 5270 ἀδι.

2060 5304 2188 5360 κῶν.
2212 5306 2279 5383 Ὃ
2313 5305 2412 5375 μὲν
2442 5307 2550 5377 γὰρ
2569 5301 2658 5376 ἦν,
2686 5307 2785 5359 οὐκ
2808 5301 2896 5377 ἦν’
2930 5306 2960 5359 ὃ
2986 5307 3129 5360 δὀὐκ
3163 5303 3353 5379 ἧν,ἦν’
3388 5308 3508 5360 ἀντὶ
3525 5311 3623 5377 μὲν

2055 5401 2613 5472 βασιλέως,τύραννος
2644 5401 2971 5472 ἁκραιφνήςε
2994 5402 3113 5455 ἀντὶ
3143 5402 3199 5455 δὲ
3222 5402 3495 5459 δικαστοῦ.
3518 5421 3623 5455 κα-

2053 5496 2282 5564 τήγορος
2310 5494 2406 5547 καὶ
2428 5490 2661 5564 διώκτηξ
2683 5494 2841 5565 ἡμῶν
2863 5495 3291 5565 ἀπροφάσιστος.
3322 5494 3509 5557 Οὕτως
3527 5497 3619 5561 ἐγ-

2054 5586 2436 5656 καταλειφθεὶς
2476 5590 2580 5640 ἀπὸ
2609 5587 2709 5659 τῆς
2738 5588 2833 5643 τοῦ
2862 5588 2998 5642 Θεοῦ
3021 5590 3199 5654 δεξιᾶς
3221 5591 3249 5643 ό
3278 5590 3619 5656 ταλαπιηρος

2052 5678 2243 5748 ἐξέστη
2274 5696 2332 5732 τε
2395 5680 2593 5732 ἑαυτοῦ
2655 5683 2748 5734 καὶ
2820 5684 2931 5745 τοῖς
2963 5680 3159 5750 ὁρῶσιν
3206 5680 3427 5753 ᾷιθυρμα
3478 5680 3618 5748 λαμ-

2054 5773 2190 5840 πρὸν
2247 5774 2455 5840 ἐγενετο
2508 5776 2660 5845 πρός⁶
2701 5791 2759 5828 τε
2807 5776 2901 5828 τοῦ
2968 5776 3166 5841 τρόπου
3218 5777 3348 5840 πρός
3410 5791 3467 5828 τε
3514 5774 3622 5827 τῶν
