4002 6506
2473 348 2590 361 "‘“w

488 473 622 537 μοι]
774 461 850 531 ίιι.
894 478 949 517 ιι.
991 465 1287 536 ύ859ξιαο.
1328 469 1385 540 4]
1670 469 2060 531 NICEPHOR

2077 471 2093 529 [
2133 471 2513 532 GREGORA;
2808 468 2940 539 [IIIP.
2979 486 3022 525 ι.
3066 483 3351 525 CANTACUZ.
3386 471 3431 544 Β]
3496 436 3501 447 β
3552 477 3657 542 Ῑιδθ

485 579 796 653 appellabat
840 592 907 632 ei
954 579 1175 633 decreto
1217 587 1565 634 convocaret.
1598 580 1774 648 Atque
1809 578 1901 633 ille
1934 593 2050 633 rem

2081 586 2125 640 Α
2156 597 2281 649 γονε
2310 580 2538 651 βασιλέα
2568 582 2702 651 πρὸς
2733 581 2799 652 ἢν
2827 582 3079 652 ὠνόμαζε
3121 585 3351 638 σύνοδον.
3386 586 3658 657 ’Δρξάμενος

485 685 661 740 usque
711 686 742 724 a
788 668 968 735 capite
1010 684 1302 753 arcessens
1331 669 1611 725 diabolum
1634 670 1816 724 aiebat
1846 669 1899 723 id
1930 677 2057 724 ante

2159 672 2206 725 δ’
2237 672 2445 726 ἄνωθεν
2474 672 2695 744 διεξῄει,
2731 673 2850 739 πῶς
2879 673 3119 746 διαϐόλῳ
3146 666 3569 745 προύργιαίτατον
3594 679 3663 730 ἀεὶ

481 761 665 818 ontnia
694 776 913 829 semper
967 774 1150 829 agerc,
1198 773 1257 816 ut
1311 763 1511 817 bellum
1544 761 1859 816 hominibus
1889 761 2055 815 infer-

2159 763 2421 833 πολεμεῖν
2453 765 2761 836 ἀνθρώποις
2812 766 2926 839 (56)
2962 766 3155 837 ὥσπερ
3184 769 3306 821 τινὰ
3348 770 3527 838 κλῆρον
3550 770 3664 838 είλη-

480 862 588 921 ret,
617 869 740 909 eam
762 850 963 919 _veluti
1009 852 1341 920 praeciqnam
1374 853 1747 909 luereditatem
1774 852 2054 915 sortitum,

2160 857 2283 926 φότι
2338 856 2617 928 λαμπρὸν,
2667 846 2865 928 ἀφ”οῦ
2913 859 2991 931 τῷ
3038 863 3340 931 προπάτορι
3385 860 3666 928 συμπλακεὶς

478 963 548 999 ex
577 960 708 1015 qua,
751 958 876 998 cum
927 943 1106 1013 primo
1154 953 1376 1011 parente
1409 960 1762 1015 congressus,
1790 952 2058 1012 tropaeum

2160 948 2436 1016 ἐστήσατο
2467 950 2728 1017 τρόπαιον
2746 962 2762 978 ⁸
2796 949 2892 1002 καλ⁸
2919 947 2987 1002 δι’
3019 949 3149 1002 αὑτό
3184 949 3249 1017 τέ
3268 964 3349 1001 τοι
3377 949 3496 1001 Θεὸν
3520 949 3669 1015 ἑθελῆ-

479 1040 659 1091 victor
710 1036 1031 1106 posuisset:
1083 1034 1250 1091 Deum
1309 1045 1490 1090 autem
1535 1035 1772 1090 hominis
1802 1045 2053 1088 naturam

2161 1032 2252 1089 σαι
2285 1036 2383 1104 τὴν
2423 1036 2777 1104 ἀνθρωπείαν
2814 1037 3219 1102 ἀναδεξάμενον
3253 1036 3407 1106 φύσιν
3436 1036 3496 1090 δι’
3534 1038 3671 1107 αὐτῆς

470 1126 606 1182 ideo
649 1127 947 1195 accepisse,
1006 1125 1133 1194 quia
1169 1140 1267 1193 per
1311 1140 1433 1179 eant
1493 1125 1757 1178 voluisset
1787 1126 2050 1179 salutares

2156 1129 2310 1191 ὁδοὺς
2333 1130 2465 1198 ἡμῖν
2495 1127 2706 1198 ἀγαθὰς
2755 1127 3056 1194 ὑποδεῖξαι,
3100 1127 3167 1181 δι’
3200 1120 3275 1180 ὧν
3310 1128 3490 1197 ῥᾷστον
3521 1127 3579 1179 ἂν
3604 1128 3670 1194 είη

476 1218 641 1272 nobis
675 1218 791 1271 vias
842 1216 1113 1282 indicare,
1169 1230 1306 1284 quas
1346 1215 1530 1284 quivis
1569 1216 1846 1285 ingressus
1897 1215 2055 1270 facile

2155 1222 2269 1283 τοῖς
2306 1237 2371 1287 γε
2425 1221 2670 1273 ἐθέλουσι
2734 1220 2826 1273 τὸν
2879 1219 3176 1274 ἀντίπαλον
3224 1218 3553 1273 κατασείεινο
3592 1215 3674 1269 εἶθ’

478 1322 664 1380 posset
724 1307 1106 1362 adversarium
1163 1306 1462 1376 dejicere:
1521 1305 1719 1361 deinde
1772 1306 2053 1360 diabolum

2156 1313 2307 1375 ὅπως
2340 1313 2436 1365 καὶ
2467 1313 2493 1354 δ
2534 1311 2804 1376 διάϐολος,
2836 1313 3032 1382 ὲτέραν
3077 1309 3231 1370 αὖθις
3262 1310 3598 1378 τραπόμενος,
3618 1312 3678 1360 εί-

473 1406 582 1459 alio
610 1419 801 1457 rursus
825 1416 1176 1463 conversum,
1201 1414 1310 1468 quo
1340 1398 1638 1453 Ecclesiam
1662 1398 1758 1453 Dei
1780 1406 1834 1453 et
1870 1397 2053 1452 Eccle—

2156 1404 2550 1476 δωλολατρείαν
2599 1405 2921 1474 εἰσήνεγκεν
2970 1403 3104 1469 όμοῦ
3150 1404 3269 1466 ταῖς
3310 1400 3477 1456 ἄλλοτ’
3524 1401 3678 1462 ἄλλαις

474 1496 567 1550 siae
608 1494 862 1561 dogmata
919 1499 1215 1553 everteret,
1265 1488 1630 1544 idololatrian)
1661 1505 1787 1544 cum
1834 1488 2054 1543 haeresi-

2156 1497 2427 1567 αἱρέσεσι,
2487 1495 2633 1549 κατά
2691 1514 2749 1549 τε
2801 1495 2903 1566 τῆς
2955 1494 3049 1548 τοῦ
3082 1493 3221 1547 Θεοῦ
3281 1493 3582 1575 Ἐκκλησίας
3607 1491 3682 1542 καὶ

475 1587 581 1639 bus
606 1585 742 1638 alias
774 1582 900 1636 aliis
927 1583 1199 1635 invexiSse
1225 1597 1239 1635 :
1268 1590 1379 1634 tum
1408 1580 1511 1634 sub
1532 1581 1648 1635 haec
1677 1589 2055 1635 sacrosanctas

2154 1589 2265 1642 τῶν
2310 1589 2598 1659 δογμάτων
2657 1573 2867 1657 αύτῆςῖ
2926 1589 3075 1649 ὅπως
3125 1603 3185 1638 τε
3240 1585 3380 1638 θεῖαι
3428 1573 3529 1637 και
3565 1583 3685 1653 ἱεραὶ

474 1677 737 1743 synodos'
763 1681 985 1727 coactas
1039 1686 1180 1735 esse,
1204 1685 1261 1724 et
1288 1670 1375 1725 his
1405 1670 1664 1726 Ecclesia:
1694 1670 1898 1725 morbis
1937 1683 2054 1723 me-

2156 1680 2397 1733 κατόπιν
2463 1677 2936 1750 συγκροτούμεναι
2983 1675 3193 1729 σύνοδοι
3242 1673 3310 1728 τὰ
3355 1672 3568 1726 τοιαῦτα
3603 1673 3683 1739 τῆς

470 1766 717 1821 dieinam
761 1765 1011 1818 attulisse
1044 1780 1059 1820 :
1093 1771 1283 1831 postea
1311 1761 1367 1816 in
1416 1762 1807 1816 detrimentum
1847 1760 2050 1816 consti-

2167 1772 2501 1842 Ἐκκλησία-ς
2530 1770 3182 1842 νοσήματαὲθεράπευον
3207 1783 3222 1800 ο
3263 1769 3363 1820 καί
3398 1767 3485 1820 ἐπὶ
3509 1764 3683 1824 τούτοις

469 1869 608 1914 tutae
637 1856 780 1927 apud
810 1871 908 1910 nos
941 1855 1112 1925 pacis,
1159 1853 1381 1908 diabolo
1417 1848 1754 1923 impellente,
1784 1852 2049 1921 prodiisse

2105 1921 2123 1932 _
2156 1864 2305 1926 ὅπως
2339 1838 2432 1916 καὶ
2470 1862 2554 1931 ἐφ’
2579 1838 2738 1932 ἡμῶν
2772 1838 3042 1931 Βαρλαὰμ
3072 1860 3166 1913 τὸν
3195 1859 3575 1926 Δατινόφρονα,
3611 1854 3685 1907 τὸν

469 1946 574 2002 hac
621 1919 811 2000 nostra
864 1919 1023 2001 aetate
1071 1945 1436 2006 Barlaantum.
1471 1919 1624 1997 illum
1653 1919 1866 1998 scilicet
1903 1942 2049 1997 Lati-

2105 1921 2127 1980 ³
2155 1958 2221 2011 ὲκ
2246 1919 2567 2027 ιξαλαδρίας
2597 1919 2945 2025 όιρμώμενιον,
2990 1919 3224 2024 ’ίινεγκεν
3259 1953 3355 2004 ἐπὶ
3385 1919 3589 2020 πονήρα)
3603 1946 3685 2015 τῆι

467 2038 650 2093 nismo
694 2039 963 2092 imbutum
1014 2050 1070 2092 et
1121 2052 1152 2091 e
1184 2035 1435 2091 Calabria
1474 2034 1817 2105 profectum;
1867 2035 2046 2088 virum

2154 2048 2432 2120 ἡμετέρας
2486 2050 2731 2118 εἰρήνης,
2769 2046 2940 2116 ἄνδρα
2989 2045 3152 2115 σοφὸν
3188 2045 3308 2113 μὲν,
3366 2040 3615 2113 ἐριστικὸν
3642 2038 3686 2092 δί

466 2145 599 2184 sane
654 2128 956 2196 eruditum,
1016 2128 1112 2183 scd
1170 2126 1432 2199 cupidum
1507 2126 1913 2191 altercandi,et
1950 2127 2046 2197 qui

2155 2158 2276 2194 τινα
2330 2142 2425 2193 καὶ
2477 2137 3169 2207 κενοδοξίαςοὴλικιώτην⁶
3225 2136 3284 2198 ὃς
3334 2134 3455 2189 ἐπεὶ
3506 2132 3570 2185 τὰ
3612 2130 3690 2200 μὲν

464 2222 613 2275 inani
673 2221 861 2292 gloria:
921 2236 951 2275 a
1010 2220 1242 2289 pueritia
1298 2235 1471 2290 usque
1519 2218 1866 2273 studuisset:
1919 2233 2044 2272 cum

2154 2229 2347 2297 πρῶτα
2380 2228 2777 2297 συμϐεϐληκὼς
2827 2228 3024 2297 ἑτέραν
3068 2225 3182 2294 (57)
3234 2224 3328 2276 καὶ
3368 2223 3489 2294 περὶ
3526 2220 3704 2289 σοφίας

468 2310 676 2368 diversi
710 2313 932 2379 generis
965 2325 1145 2381 pugna
1177 2310 1416 2379 primum
1439 2307 1755 2376 commissa,
1782 2316 1838 2363 et
1865 2316 2048 2363 osten-

2152 2322 2529 2392 ἠγωνισμένος
2566 2320 2826 2383 ἐπίδειξιν
2870 2316 3105 2388 ἥττηται
3137 2332 3198 2369 τε
3232 2316 3326 2369 καὶ
3361 2316 3456 2384 τῆς
3486 2310 3690 2379 νικώσης

464 2402 641 2456 nanda:
692 2401 1024 2455 eruditionis
1055 2414 1218 2452 causa
1238 2397 1410 2470 906
1457 2405 1713 2467 suscepto
1743 2397 2044 2452 certamine

2152 2415 2214 2467 ού
2248 2414 2396 2484 μάλα
2422 2412 2677 2482 ἀσμένως
2709 2410 2943 2472 ἐκείνοις
2973 2408 3086 2480 (58)
3117 2407 3571 2479 παρακεχώρηκε,
3594 2403 3693 2455 καθ’

459 2504 804 2562 superatum,
862 2507 1005 2561 aegre
1061 2491 1167 2545 illis
1213 2491 1391 2559 palma
1449 2491 1700 2556 cessisse,
1727 2489 1796 2543 de
1845 2487 2039 2559 quibus

2153 2524 2229 2559 ων
2264 2506 2574 2575 εὐδοκιμεῖν
2618 2503 2796 2556 ἐδόκει
2841 2501 3100 2570 μάλιστα,
3128 2500 3386 2571 δεύτερον
3425 2495 3583 2551 πλοῦν
3603 2492 3694 2545 τῶν

461 2590 754 2639 maximam
805 2585 1020 2637 laudent
1078 2581 1413 2651 speravisset
1455 2598 1467 2633 :
1519 2581 1703 2650 itaque
1757 2579 1928 2634 altero
1989 2587 2041 2633 et

2151 2596 2443 2667 δογμάτων
2468 2597 2560 2648 τοῦ
2617 2595 2855 2664 Παλαμᾶ
2910 2593 3248 2662 συνεπλάκη,
3288 2590 3491 2651 διθεῒας
3532 2601 3586 2638 τε
3625 2585 3696 2649 ἔγ-

461 2676 614 2730 vclut
664 2673 996 2729 subsidiaria
1046 2683 1247 2728 conatu
1289 2688 1414 2727 cum
1450 2672 1666 2727 Palama
1689 2685 2041 2741 congressum

2150 2687 2338 2756 κλημα
2368 2685 2838 2757 προστριϐόμενος
2879 2684 2975 2738 καὶ
3008 2684 3180 2737 ὁπόσα
3215 2700 3293 2753 τῳ
3316 2681 3543 2748 τοιούτῳ
3565 2679 3691 2728 ὲποι·

461 2771 529 2825 de
558 2768 835 2839 dogmatis
877 2766 1204 2837 disputasse,
1241 2782 1307 2820 ac
1348 2766 1423 2823 illi
1451 2764 1518 2819 de
1545 2766 1761 2819 duobus
1792 2764 1900 2817 diis
1934 2762 2041 2818 cri-

2150 2778 2502 2851 κοδομεῖσθχι
2528 2779 2721 2832 ἕπεται
2753 2777 3013 2848 θεμελίῳ.
3049 2775 3160 2829 Καὶ
3202 2776 3291 2828 ῐνα
3331 2775 3409 2845 μὴ
3440 2769 3698 2841 διατρίδωο

462 2878 586 2918 men
619 2861 913 2930 objecisse,
945 2870 1000 2915 et
1054 2860 1326 2931 quidquid
1358 2859 1632 2931 ejusmodi
1684 2857 2042 2911 fundamento

2152 2885 2251 2938 μεν
2287 2868 2380 2920 ἐπὶ
2429 2868 2543 2929 τοῖς
2593 2865 2738 2919 οὕτω
2774 2864 3081 2936 προδήλοις,
3140 2863 3362 2929 ἐξέσται
3398 2861 3508 2922 τοῖς
3541 2855 3697 2928 βουλο-

459 2952 889 3023 ευροτιεάίίίοιιιύ
926 2966 1271 3021 consequens
1303 2961 1469 3005 esset.
1510 2950 1689 3020 Atque
1725 2959 1786 3003 ut
1812 2963 1882 3003 ne
1921 2948 2039 3002 lon-

2151 2958 2331 3028 μένοις
2365 2958 2430 3009 ὲκ
2456 2956 2564 3009 τῶν
2589 2955 2698 3009 τότ’
2725 2956 2818 3008 ἐπὶ
2854 2953 3065 3015 τούτοις
3096 2948 3618 3022 τομογραιρηθέντων
3640 2943 3694 3010 τῇ

458 3046 582 3117 gius
617 3043 675 3098 in
707 3042 795 3098 his
826 3058 1125 3108 moremur,
1156 3058 1279 3112 qua:
1310 3041 1597 3097 notissima
1636 3048 1788 3106 sunt,
1818 3038 2038 3095 cuilibet

2161 3045 2458 3116 Ἐκκλησία
2507 3043 2602 3097 τοῦ
2655 3042 2792 3096 Θεοῦ
2848 3045 2943 3095 καὶ
2973 3042 3053 3112 τῷ
3101 3039 3410 3108 τηνικαῦτα
3456 3048 3695 3105 πατριάρ-

457 3133 728 3188 licebitex
764 3132 831 3185 iis
855 3130 1113 3193 decretis,
1137 3145 1259 3201 qum
1274 3146 1440 3199 super
1458 3131 1541 3183 his
1564 3129 1727 3183 rebus
1756 3129 1824 3182 ab
1845 3128 2037 3182 Eccle-

2146 3136 2359 3208 Χεῦοντι
2385 3135 2756 3218 Ψηφισμάτων
2788 3132 3083 3204 μανθάνειν
3108 3133 3172 3185 τὸ
3198 3128 3501 3192 καθεστώς.
3546 3121 3698 3218 Ἐκεί·

454 3224 541 3277 sia
562 3222 654 3275 Dei
683 3221 822 3276 etab
841 3220 988 3274 illius
1010 3219 1270 3290 temporis
1286 3219 1594 3289 patriarcha
1610 3217 1829 3288 scriptis
1854 3216 2034 3273 Tomis

2148 3244 2239 3279 νου
2270 3241 2332 3293 γε
2363 3225 2472 3294 μὴν
2503 3211 2776 3275 limitator”
2806 3221 3086 3299 ἀπιόντος,
3120 3218 3309 3289 ἕτερός
3356 3233 3442 3280 τις
3484 3211 3696 3276 διαδεξά-

456 3313 802 3383 promulgata
835 3320 966 3366 tunc
984 3286 1227 3373 fuerunt,
1255 3286 1386 3378 quid
1412 3286 1769 3362 constitutum
1787 3305 2036 3361 sitintel-

2148 3286 2309 3381 μενος
2519 3311 2730 3365 ἐκείνου
2776 3310 2919 3364 κατὰ
2970 3286 3077 3363 τοῦ
3119 3286 3364 3378 Παλαμᾶ
3414 3302 3697 3373 λοιδορίας.

457 3404 651 3474 ligere.
670 3403 941 3474 Caeterum
961 3413 1250 3472 postquam
1269 3400 1362 3454 ille
1386 3399 1514 3455 hinc
1526 3399 1685 3466 abiit,
1708 3413 2037 3469 quocunque

2154 3407 2462 3468 ’Δκίνδυνος
2523 3405 2714 3472 δνομα,
2772 3402 2871 3472 τὴν
2918 3402 3116 3470 ὁμοίαν
3168 3400 3369 3469 ἐκείνῳ
3419 3397 3513 3450 καὶ
3557 3392 3698 3451 αὐτὸς

454 3472 680 3549 tandem
698 3494 861 3548 modo
879 3472 1099 3557 abierit,
1118 3492 1261 3545 alius
1280 3490 1522 3560 quidam,
1556 3490 1779 3544 nomine
1802 3488 2034 3558 Acindy-

2142 3497 2442 3566 καταδίκην
2476 3496 2567 3564 ὑφ’
2596 3495 2753 3564 ὑμῶν
2781 3494 2995 3562 εἰλήφει
3041 3509 3100 3548 τε
3155 3492 3248 3544 καὶ
3285 3489 3489 3561 ἠλάθη.
3532 3485 3638 3540 Νῦν
3661 3480 3697 3534 δ’

452 3602 602 3652 nus,
657 3584 806 3641 illius
872 3586 925 3639 in
980 3584 1258 3638 Palamam
1324 3582 1741 3637 criminationes
1807 3579 2032 3636 tuendas

2139 3591 2492 3650 ἀναστάντες,
2522 3585 2620 3650 οὓς
2663 3586 2768 3639 οὐκ
2815 3581 2934 3637 οἶδα
2977 3582 3097 3646 πῶς
3126 3582 3408 3652 ὀνομάσας
3448 3575 3617 3649 ὀρθῶς
3644 3571 3698 3625 ἂν

448 3679 690 3748 excepit,
731 3686 789 3733 et
831 3692 861 3731 a
894 3664 1053 3732 vobis
1108 3675 1313 3747 pariter
1344 3674 1635 3749 damnatus
1668 3674 2028 3743 cxpulsusque

2140 3679 2308 3748 φάναι
2334 3676 2490 3743 δόξω,
2524 3678 2589 3729 τὰ
2633 3676 2771 3728 αὐτὰ
2798 3675 2896 3727 καὶ
2938 3667 3088 3727 οὗτοι
3142 3672 3221 3740 τῷ
3254 3670 3528 3743 Βαρλαὰμ
3573 3665 3699 3718 κατὰ

450 3780 556 3827 est.
586 3772 813 3825 Demum
847 3769 924 3837 hi,
957 3784 1095 3839 quos
1148 3768 1334 3823 nescio
1379 3768 1640 3837 equidem
1674 3781 1783 3834 quo
1813 3766 2030 3820 nomine

2137 3771 2233 3824 τοῦ
2268 3771 2417 3823 θείου
2448 3769 2785 3838 φθέγγονται
2832 3766 3084 3835 ιΙαλαμᾶ.
3120 3763 3208 3835 [Ρ.
3260 3763 3392 3836 571]
3420 3756 3520 3815 Ὧν
3545 3760 3698 3811 αἰτιον

450 3865 755 3935 appellatus
805 3875 953 3918 recte
1012 3861 1241 3915 videbor
1295 3861 1631 3923 nominasse,
1683 3855 1876 3912 eadem
1931 3856 2030 3926 ipsi

2136 3863 2238 3933 τὴν
2282 3861 2424 3933 ἐμὴν
2453 3862 2662 3915 ἔπεισιν
2694 3854 2926 3912 ὀἴεσθαι
2977 3858 3284 3927 πραότητα,
3437 3852 3699 3924 χρώμενος

451 3972 673 4028 quoque
701 3971 765 4010 ac
787 3955 1106 4007 Barlaamus
1135 3954 1188 4004 in
1218 3951 1466 4004 divinum
1494 3948 1771 4004 Palamam
1793 3961 2031 4015 pronun-

2135 3955 2267 4025 ἄχρι
2296 3955 2392 4007 καὶ
2430 3956 2485 4016 ἐς
2508 3953 2607 4022 τὴν
2636 3952 2878 4022 τήμερον
2904 3948 3199 4005 διετέλεσα.
3249 3948 3391 4000 Ἀλλ’
3420 3947 3481 3997 ού
3519 3943 3696 4014 χαιρή-

453 4050 607 4103 tiant.
634 4045 804 4117 Cujus
830 4044 907 4099 rei
954 4043 1219 4097 credibile
1264 4051 1347 4096 est
1374 4055 1594 4095 causam
1625 4052 1748 4094 esse
1775 4052 1894 4092 eam
1925 4037 2033 4092 cle-

2138 4058 2323 4095 σουσιν
2356 4042 2435 4094 ἔτι
2464 4041 3005 4109 διαγρηγορήσαντος
3050 4035 3187 4106 ἐμοῦ
3224 4036 3320 4091 καὶ
3348 4037 3448 4103 τὴν
3483 4035 3547 4086 ὲκ
3576 4028 3704 4134 eam“

406 4118 415 4131 ³
449 4140 736 4204 incutiam,
775 4152 881 4208 qua
931 4150 1032 4205 ego
1061 4133 1130 4188 ad
1166 4133 1308 4187 hanc
1356 4133 1498 4187 diem
1525 4146 1702 4200 usque
1730 4146 1862 4184 usus
1888 4144 1986 4183 sun

2135 4134 2427 4204 δεδομένην
2467 4149 2559 4201 μοι
2601 4135 2760 4202 χεῖρα
2791 4133 2885 4186 καὶ
2922 4131 3104 4200 κρίσιν
3136 4129 3193 4191 ες
3227 4145 3292 4194 γε
3338 4128 3400 4180 τὸ
3434 4128 3531 4196 τῆς
3559 4118 3699 4194 εἰρήὶ

436 4232 556 4287 sed
608 4231 731 4284 faxo
778 4230 913 4299 jam,
974 4240 1042 4279 ne
1098 4224 1349 4294 amplius‘
1384 4225 1422 4278 ii
1481 4225 1773 4293 gaudeant.
1821 4222 2016 4291 Quippt

2135 4243 2234 4297 νης
2265 4229 2539 4296 χρήσιμον
2588 4224 2939 4294 ἀνειληφέηος
2986 4219 3345 4284 αὑθεντικῶς.
3392 4220 3565 4293 ῥῆλον
3597 4215 3696 4284 γὰρ

434 4322 835 4393 expergiscar;
895 4326 953 4372 et
1003 4317 1175 4379 illam,
1210 4331 1331 4385 quae
1370 4316 1423 4367 in
1476 4315 1630 4385 pacis
1679 4314 2014 4368 commodnti

2134 4315 2273 4371 εἶναι
2301 4319 2413 4380 τοῖς
2452 4316 2658 4370 ἅπασιν
2692 4310 2870 4384 οἶμαι,
2913 4315 3113 4385 μηδένα
3142 4315 3249 4367 τῶν
3294 4316 3519 4367 πάντων
3548 4307 3695 4369 εἶναι,

441 4418 582 4471 data
619 4413 750 4467 mihi
787 4427 816 4465 a
846 4411 962 4464 Deo
984 4422 1098 4469 εει.
1129 4416 1455 4478 potestatem
1487 4422 1550 4460 ac
1587 4406 2021 4477 iurisdictionem

2131 4405 2175 4477 ᾧ
2214 4411 2319 4480 πρό
2345 4427 2409 4478 γε
2436 4408 2593 4479 ἐμοῦ,
2621 4409 2883 4477 βασιλέως
2906 4407 3082 4474 ὄντος,
3105 4409 3201 4477 τὰς
3244 4406 3505 4468 τοιαύτας
3553 4403 3698 4456 εὐθυ-

447 4524 550 4578 pro
570 4482 926 4576 imperatoria
958 4500 1279 4554 auctoritate
1302 4497 1584 4567 recipiam.
1614 4496 1747 4551 Nam
1776 4507 2027 4551 constare

2133 4519 2248 4556 νειν
2270 4502 2543 4571 προσήκει
2573 4501 2727 4562 δίκας
2749 4515 2764 4531 ⁸
2797 4500 2831 4570 ἢ
2857 4498 2959 4553 ποῦ
2987 4501 3052 4569 τῇ
3082 4497 3334 4569 βασιλείᾳ
3364 4502 3428 4551 το
3454 4497 3697 4564 εὔδαιμον

376 4655 391 4662 _
445 4600 591 4668 apud
641 4610 832 4649 omnes
880 4591 1151 4651 arlitror,
1183 4592 1457 4643 neminem
1499 4590 1742 4643 omnium
1766 4602 1956 4653 esse,c

2130 4595 2477 4664 φυλάττοιτο,
2506 4595 2573 4647 τὸ
2626 4594 2835 4663 κρίνειν
2871 4592 2971 4649 οὐκ
3002 4592 3202 4665 ἐχούσῃ
3232 4597 3360 4656 τοὺς
3394 4589 3693 4660 ύπηκόους;

443 4690 535 4761 jus
590 4686 646 4740 in
703 4685 789 4737 his
849 4679 1241 4736 controversiis
1286 4678 1611 4732 dirimendis
1646 4678 1867 4747 priores
1916 4680 2023 4734 sint

2132 4687 2166 4757 ἢ
2200 4685 2276 4756 τῷ
2302 4703 2433 4739 ποτε
2467 4685 2659 4739 διοίσει
2690 4683 2982 4739 δεσποτεία
3021 4684 3289 4749 δουλείας,
3327 4684 3433 4753 τῆς
3474 4679 3695 4751 κρίσεως

446 4788 633 4849 partes
662 4790 821 4844 quam
858 4789 989 4828 meae
1014 4772 1204 4842 ipsius,
1241 4778 1427 4841 utpote
1477 4772 2019 4840 imperatoris.Quod

2128 4779 2239 4831 τῶν
2295 4777 2639 4846 πραγμάτων
2678 4778 2780 4831 οὐκ
2818 4776 2904 4846 ἐφ’
2930 4776 3049 4838 ἐνὸς
3094 4776 3421 4845 ἱσταμένης,
3477 4772 3570 4826 τοῦ
3606 4770 3695 4838 τὴν

446 4872 492 4927 si
524 4868 759 4923 subditis
790 4870 881 4937 jus
914 4866 1099 4921 dicere
1145 4864 1439 4934 imperator
1470 4879 1575 4917 non
1610 4874 1813 4935 potest,
1844 4880 2020 4935 ecqua

2127 4866 2303 4938 ἀρχὴν
2350 4868 2563 4937 ἔχοντος
2598 4871 2690 4920 καί⁸
2737 4868 3036 4935 δυναμένου
3089 4866 3208 4936 μετ’
3242 4867 3497 4932 ἐξουσίας
3547 4865 3694 4916 αὐτο-

445 4976 614 5033 porro
676 4961 857 5013 futura
891 4967 974 5012 est
1027 4958 1243 5028 imperii
1297 4957 1564 5011 lelicitas?
1591 4966 1684 5011 aut
1735 4973 1841 5028 qua
1875 4959 1928 5011 in
1960 4974 2019 5012 re

2125 4962 2464 5031 κρατορικῆς
2493 4963 2618 5023 τοὺς
2652 4961 2751 5030 μὲν
2791 4959 2891 5029 τῆς
2933 4958 3246 5023 πλεονεξίας
3300 4960 3561 5021 κωλύειν,
3589 4956 3692 5014 τοῖς

445 5053 763 5108 dominatus
811 5067 842 5105 a
872 5051 1138 5107 servitute
1168 5051 1416 5111 distabit,
1441 5051 1486 5104 si
1520 5050 1588 5105 de
1621 5052 2015 5121 rebuseogno-

2122 5052 2178 5105 δὲ
2208 5053 2269 5105 τὸ
2295 5052 2477 5107 ἐνδέον
2508 5052 2833 5118 ὲπανισοῦν;
2875 5050 3076 5105 Πολλοῦ
3105 5051 3253 5121 μέντ’
3278 5053 3344 5104 ἂν
3381 5047 3451 5121 ἦν
3476 5047 3597 5114 ἀξία
3626 5050 3694 5099 δι·-

441 5146 631 5202 scendi
665 5146 755 5215 jus
783 5144 874 5198 nni
915 5160 1021 5197 non
1068 5154 1361 5213 competat,
1396 5143 1445 5198 ei
1479 5145 1808 5214 nempe,qui
1840 5145 2017 5214 impe-

2126 5142 2362 5214 καστικὴ
2390 5143 2671 5212 βασιλείας
2693 5145 3098 5214 κεχωρισμένη,
3130 5143 3179 5195 εί
3201 5140 3517 5204 δικάζοντος
3543 5137 3689 5192 ἄλλου

441 5239 584 5292 rium
607 5237 823 5301 habeat,
851 5234 1013 5305 907
1028 5246 1084 5289 et
1098 5252 1195 5304 pro
1212 5251 1307 5288 sua
1329 5251 1538 5289 summa
1560 5246 1827 5304 potestate
1844 5237 2015 5305 possit

2121 5235 2185 5289 τὸ
2213 5236 2572 5305 κελευόμενον
2603 5241 2777 5289 ποιεῖν
2804 5236 2972 5305 ἐχρῆν
3013 5235 3255 5305 βασιλέα.
3298 5234 3507 5286 Τούτου
3536 5231 3583 5285 δ’
3610 5229 3691 5282 οῦ-

439 5340 536 5379 eos
551 5325 795 5394 quidem,
820 5341 912 5395 qui
940 5325 1101 5378 nimis
1120 5324 1287 5377 multa
1302 5324 1408 5380 sibi
1423 5334 1695 5392 arrogent,
1716 5340 1971 5380 coercere
1995 5343 2011 5389 ;

2119 5344 2228 5392 τως
2257 5329 2470 5398 ἔχοντος
2519 5328 2749 5398 ὲρέσθαι-
2790 5328 3053 5399 βούλομαι
3100 5327 3362 5398 πρότερον
3396 5329 3455 5378 ὲν
3506 5323 3688 5393 βραχεέ

437 5419 560 5473 aliis
614 5427 799 5473 autem
847 5418 924 5484 id,
976 5417 1121 5488 quod
1177 5416 1353 5481 deest,
1400 5429 1468 5469 ex
1521 5431 1680 5484 aequo
1713 5419 2009 5489 supplere?

2121 5423 2392 5485 τουτουσὶ,
2427 5416 2572 5476 δυοῖν
2623 5424 2850 5493 θάτερον
2886 5422 3173 5493 ἑλομένους
3222 5419 3411 5482 ἁπλῶς
3463 5415 3687 5485 άποκρίη

1789 5612 2129 5675 Variorum
2164 5621 2353 5677 notae.

428 5795 437 5805 ι
503 5758 1210 5847 ῌΑοητεξ-ςιξηεοουιοιιξ
1227 5758 1815 5847 Joratiolnentlcpnfer
1868 5775 1994 5847 cum
2318 5758 2710 5847 EliiIOSOpbica
2737 5765 2971 5847 scilicet,
2995 5781 3109 5823 non
3125 5765 3681 5847 dogmatica.Bow_ts.

434 5831 706 5953 Εὲῗεῗὲιιίο
760 5830 917 5883 Tomi
968 5829 1290 5895 Palamitici,
1345 5847 1376 5884 a
1442 5829 1777 5886 Combelisio
1834 5832 1994 5886 editi.
2111 5829 2298 5957 Βυεῗίῗὲ
2323 5829 2579 5906 Gregora:
2605 5837 2731 5906 ipsi,
2761 5837 2878 5903 Qua
2902 5829 2972 5893 de
2998 5852 3058 5893 re
3091 5829 3275 5911 supra,
3295 5837 3394 5892 lib.
3422 5853 3487 5903 ιι,
3512 5852 3563 5891 c.
3592 5837 3671 5888 10.
