4002 6464
491 369 623 432 1171
806 368 881 440 [Α.
925 387 980 424 at.
1024 371 1315 438 6839,1xn.
1361 376 1416 448 4]

1531 405 1536 410 ·
1626 431 1633 440 ς
1679 385 2095 445 NiCEPHOBI
2136 385 2516 446 GREGORIE

2766 379 2896 452 [tutu
2933 397 2977 434 ι.
3015 395 3299 436 omnem.
3340 381 3394 454 51

3553 387 3668 457 iiii

489 489 814 545 Iernatores
863 493 1118 550 videmus
1163 513 1274 551 non
1325 499 1376 554 id
1437 511 1648 557 tantum
1697 515 1968 572 spectare,
2000 514 2050 558 ul

2165 506 2326 558 τοῦτο
2369 505 2462 557 καὶ
2515 505 2860 575 κυϐερνήτας
2905 506 2966 556 οὑ
3003 505 3140 575 πρός
3192 521 3252 572 γε
3303 504 3362 556 τὺ
3407 504 3672 576 τοξεύεινῆ

486 580 572 633 vel
601 581 918 642 iaculentur
957 585 1038 638 vel
1073 589 1354 659 navigem,
1381 606 1559 660 neque
1587 593 1640 646 id
1676 611 1841 648 unum
1873 596 2007 648 velle
2035 613 2049 659 ;

482 669 580 723 sed
633 670 796 724 linem
848 672 1055 728 habere
1099 677 1175 738 id,
1219 680 1376 748 cujus
1421 694 1584 736 causa
1629 691 1685 735 et
1735 682 2054 749 sagittarius

476 760 712 830 jaculari
765 773 816 817 et
879 766 1215 838 gubernator
1269 772 1524 841 navigare
1579 774 1858 838 instituit;
1907 775 2052 844 quod

475 853 687 924 absque
715 872 783 909 eo
821 859 999 912 inanis
1035 863 1106 912 sit
1139 863 1431 930 utriusque
1479 865 1789 935 diligentia.
1825 867 2052 920 Temere

479 947 629 999 enim
663 948 915 1004 laborare
947 952 1076 1020 quid
1113 954 1383 1022 prodest?
1411 957 1542 1024 quid
1567 957 1870 1028 naufragiis
1885 971 1940 1012 et
1972 960 2054 1012 bi-

479 1039 670 1094 bernis
718 1041 978 1098 ﬂuctibus
1027 1044 1325 1100 identidem
1378 1049 1604 1118 jactari,
1657 1050 1758 1104 nisi
1810 1051 2049 1120 aliquam

482 1131 814 1196 utilitatem,
861 1134 1083 1204 aliquod
1133 1137 1370 1199 lucrum,
1423 1139 1609 1202 nobis,
1637 1151 1892 1210 tanquam
1926 1157 2051 1196 sco-

478 1237 614 1290 pum
650 1232 707 1276 et
737 1223 921 1288 tinem,
955 1228 1644 1295 proponamus?Caeterum
1690 1232 1946 1300 quoniam
1983 1248 2054 1286 ex

481 1315 730 1383 vestigiis
755 1316 1084 1384 quibusdam
1117 1321 1382 1374 orationis
1424 1331 1529 1376 tuae
1561 1321 2046 1390 deprehendimus.

480 1405 770 1469 pra-sentis
795 1408 999 1476 negotii
1030 1407 1194 1463 linem
1222 1427 1348 1463 eum
1374 1427 1514 1476 esse,
1549 1423 1608 1464 ut
1625 1413 1883 1469 Ecclesia:
1916 1430 2052 1467 nau-

482 1493 654 1563 {regia
687 1495 1144 1557 submoveantur.
1178 1501 1380 1555 idcirco
1414 1518 1514 1557 nos
1543 1515 1756 1572 oportet
1787 1506 2053 1560 orationis

484 1595 690 1640 nostrae
727 1603 952 1657 scopum
999 1591 1146 1646 hunc
1176 1592 1342 1664 910
1386 1595 1588 1652 habere
1628 1607 1682 1650 et
1713 1599 1956 1654 habenas
1987 1617 2052 1653 eo

483 1678 726 1734 ﬂectere.
761 1680 972 1750 Quippe
1017 1699 1140 1737 cum
1191 1685 1300 1740 huc
1346 1703 1452 1741 non
1499 1699 1697 1757 sponte
1739 1701 1923 1745 nostra
1965 1709 2054 1746 ve-

481 1773 724 1837 niamus.
759 1775 856 1829 sed
890 1778 1048 1832 acciti
1080 1787 1135 1832 et
1167 1779 1393 1835 minime
1415 1783 1686 1844 volentes,
1715 1799 1942 1840 necesse
1969 1796 2053 1840 est

2165 596 2324 651 πλεῖν
2359 597 2450 650 τὸν
2479 573 2680 649 σκοπὸν
2717 573 2941 665 ἔχοντας
2974 573 3156 664 μόνον.
3206 596 3323 649 οὑδὲ
3349 596 3495 649 τοῦτο
3522 597 3678 666 βουλο-
3707 573 3726 598 ‘

2166 681 2358 757 μένους
2392 688 2606 749 ἁπλῶςο
2642 688 2759 742 ἀλλ’
2788 683 2849 741 οὑ
2877 687 3038 739 ἕνεκα
3075 689 3135 739 τό
3172 703 3231 739 τε
3261 687 3486 752 τοξεύειν
3509 690 3534 740 ὁ
3556 690 3680 754 τοξό-

2163 797 2262 848 της
2289 781 2384 833 καὶ
2411 781 2472 832 τὸ
2499 780 2654 832 πλεῖν
2679 784 2704 833 ό
2739 781 3078 849 κυϐερνήτης
3103 780 3450 849 ἐνεστήσαντο
3467 793 3480 807 ·
3511 779 3578 842 ὠς
3601 781 3681 834 ἐὰν

2166 873 2242 938 μὴ
2277 871 2437 922 τοῦτό
2468 887 2530 937 γε
2560 867 2621 945 ᾗ,
2654 872 2882 940 μάταιος
2930 872 3130 940 ἀμφοῖν
3167 871 3199 940 ἡ
3233 871 3450 940 σπουδή.
3479 869 3567 933 Τίς
3591 887 3682 940 γαρ

2161 963 2348 1031 ὄνησις
2377 963 2596 1033 μοχθεῖν
2627 963 2746 1032 εικῆ
2773 963 2868 1016 καὶ
2889 962 3164 1028 ναυαγίοις
3193 964 3286 1016 καὶ
3313 963 3510 1032 κύμασι
3529 979 3687 1033 χειμε-

2165 1061 2300 1126 ρίοις
2327 1057 2403 1120 ὡς
2447 1058 2516 1111 τὰ
2561 1059 2732 1112 πολλὰ
2766 1056 3232 1127 παραϐάλλεσθαι,
3268 1060 3341 1126 μή
3389 1074 3526 1118 τινος
3566 1056 3687 1124 ὠφε-

2162 1150 2308 1213 λείας
2344 1151 2438 1203 καὶ
2472 1139 2696 1219 κέρδους
2747 1151 2826 1219 τῷ
2859 1147 3046 1217 σκοπῷ
3079 1151 3176 1203 καὶ
3225 1149 3471 1218 προθέσει
3519 1149 3690 1218 προδε-

2164 1243 2434 1312 6λημένον
2455 1259 2472 1307 ;
2495 1245 2682 1313 Ὅμως
2715 1224 3012 1312 ὲπεῖδήπερ
3033 1242 3094 1294 ἐκ
3125 1259 3284 1295 τινων
3317 1240 3471 1310 ίχνῶν
3493 1241 3580 1306 τῆς
3609 1241 3690 1306 σῆς

2163 1335 2472 1407 ξυνήκαμεν
2497 1335 2861 1406 δημηγορίας,
2907 1335 3149 1388 ἐκποδὼν
3182 1335 3248 1388 τὰ
3272 1335 3366 1404 τῆς
3399 1333 3690 1404 Ἐκκλησὶας

2161 1425 2414 1491 γενέσθαι
2469 1427 2705 1493 ναυάγια
2757 1431 2848 1480 τὴν
2877 1428 3078 1479 σκοπὸν
3111 1428 3212 1494 τῆς
3258 1427 3532 1497 παρούσης
3574 1422 3693 1477 εῖναι

2163 1516 2420 1585 σπουδῆς,
2442 1517 2577 1588 πρὸς
2600 1517 2744 1571 τοῦτ’
2771 1520 2983 1588 ἀνάγκη
3017 1521 3111 1572 καὶ
3143 1518 3234 1572 τοῦ
3267 1518 3530 1588 ἡμετέρου
3553 1517 3690 1582 λόγου

2160 1612 2251 1660 τὴν
2291 1609 2492 1662 σκοπὸν
2525 1611 2616 1661 καὶ
2647 1611 2745 1672 τὰς
2789 1610 2942 1680 ἡνίας
2980 1608 3202 1664 ἰθύνειν.
3243 1609 3460 1676 Ἐπειδὴ
3491 1611 3589 1678 γὰρ
3614 1609 3693 1675 οὐχ

2160 1699 2370 1768 ἥκομεν
2391 1698 2692 1762 ἐθελονταὶ,
2727 1701 2845 1754 ἀλλ’
2871 1703 3010 1770 ἢχθη
3022 1719 3121 1772 μεν
3144 1701 3206 1754 οὑ
3243 1701 3390 1770 μάλα
3428 1699 3693 1756 ἐθελονταὶ.

2161 1792 2253 1843 καὶ
2285 1793 2434 1861 ἡμᾶς
2474 1792 2689 1862 ἀνάγκη
2721 1793 2810 1846 τὸν
2840 1793 2933 1846 τοῦ
2967 1793 3128 1861 λόγου
3155 1793 3355 1864 δρόμον
3408 1792 3612 1852 ίθύνειν,
3643 1791 3694 1842 ού

481 1871 618 1929 nos,
649 1880 756 1920 non
801 1882 910 1936 quo
937 1870 1193 1924 voluntas
1244 1882 1428 1926 nostra
1467 1872 1737 1942 praecipit.
1787 1875 1882 1928 sed
1937 1890 2046 1945 quo

2157 1885 2293 1952 πρὸς
2333 1883 2369 1938 ἃ
2402 1885 2462 1938 τὸ
2499 1883 2818 1954 βουλόμενον
2865 1887 2996 1956 ἡμῖν
3049 1887 3365 1958 ὑφηγεῖται,
3401 1883 3530 1938 ἀλλὰ
3577 1883 3692 1952 πρὸς

479 1955 771 2010 fortiorum
804 1973 970 2012 manu
996 1969 1052 2013 et
1069 1959 1254 2031 lingua
1273 1963 1678 2032 compellimur,
1703 1960 2052 2021 nostrarum-

483 2048 648 2103 tionis
679 2063 899 2104 cursum
933 2049 1214 2120 dirigere:
1264 2053 1395 2109 item
1429 2056 1745 2122 ostendere,
1777 2057 2051 2126 quatenus

482 2139 912 2208 imperatoribus
960 2155 1154 2210 parere
1182 2144 1272 2198 vel
1299 2153 1550 2213 oporteat
1591 2145 1678 2200 vel
1742 2160 1847 2199 non
1891 2161 2050 2216 Opor-

480 2241 610 2286 teat.
628 2231 922 2286 Enimvero
943 2233 1160 2302 sapiens
1177 2234 1268 2288 ille
1285 2235 1565 2298 Salomon,
1587 2244 1873 2306 postquam
1895 2235 2048 2302 dixit,

479 2323 580 2376 tria
609 2337 754 2387 esse.
791 2341 915 2393 quae
947 2341 1210 2396 prospere
1247 2327 1472 2392 vadant,
1509 2336 1565 2384 et
1590 2338 1874 2398 quartum,
1902 2333 2050 2400 quod

479 2414 622 2468 bene
663 2416 919 2482 incedat;
950 2417 1055 2472 hoc
1087 2419 1339 2474 ultimum
1369 2419 1437 2475 de
1470 2435 1598 2490 rege
1627 2421 1768 2490 apud
1798 2421 2052 2478 subditos

478 2507 850 2561 concionaute
875 2509 1292 2579 interpretatur.
1310 2511 1444 2565 Nam
1473 2521 1608 2582 quot
1627 2522 1684 2568 et
1707 2513 1910 2583 qualia,
1943 2530 2052 2584 quo

487 2609 734 2668 tempore
775 2613 834 2655 et
870 2601 1015 2672 loco,
1048 2609 1192 2672 apud
1226 2612 1362 2674 quot
1393 2615 1448 2660 et
1477 2605 1689 2674 quales.
1717 2605 1770 2659 in
1800 2620 2047 2675 quocun-

481 2705 590 2758 que
632 2692 854 2762 negotio
885 2693 1072 2750 dicere
1103 2695 1364 2759 voluerit.
1402 2711 1466 2752 ea
1499 2700 1683 2752 omnia
1730 2714 1847 2760 rex,
1880 2714 2054 2768 quan-

480 2782 578 2836 diu
626 2793 682 2838 et
728 2795 894 2852 prout
941 2785 1188 2852 libuerit,
1240 2788 1526 2844 commode
1576 2791 2052 2860 prtemeditabitur

477 2884 608 2928 ante
657 2876 835 2944 ipsum
897 2882 1218 2948 negotium;
1271 2882 1566 2950 idemque,
1625 2883 1719 2938 ubi
1767 2886 2050 2956 negotium

477 2981 720 3034 praesens
765 2969 1014 3038 urgebit,
1062 2971 1153 3025 illa
1205 2972 1322 3042 ipsa
1367 2973 1622 3030 dicturus
1676 2986 1792 3040 est,
1837 2993 1958 3046 qua:
1997 2987 2052 3031 et

477 3057 881 3126 qualiacunque
915 3060 1082 3118 fuerit
1111 3064 1544 3132 praemeditatus,
1588 3081 1767 3138 neque
1789 3083 1859 3122 ex
1897 3069 2052 3122 audi-

480 3151 697 3205 toribus
726 3153 1020 3223 quisquam
1060 3157 1184 3220 erit,
1214 3157 1307 3226 qui
1343 3158 1516 3228 possit
1536 3159 1788 3215 inhibere
1815 3177 1828 3212 :
1858 3176 2051 3216 omnes

478 3252 663 3294 autem
689 3241 928 3310 quodam
953 3245 1108 3312 quasi
1136 3246 1363 3301 laudum
1386 3257 1660 3305 concentu
1689 3249 2044 3318 applaudeut.

478 3341 533 3384 et
565 3331 752 3385 studio
779 3331 922 3386 inter
950 3349 1008 3388 se
1044 3335 1361 3402 certabunt,
1392 3338 1516 3407 quis
1549 3354 1828 3409 quemque
1855 3341 2046 3395 adula-

480 3419 632 3474 tione
665 3429 1154 3492 praetergressurus
1177 3427 1267 3480 sit.
1299 3426 1512 3498 Quippe
1547 3429 1640 3484 ille
1676 3435 1901 3486 tunc'se
1929 3431 2047 3500 ipso

385 3553 400 3563 κ
429 3567 440 3585 ,
479 3515 776 3568 torrentior
801 3515 1209 3584 quodammodo
1225 3520 1454 3575 exsistet
1478 3537 1492 3575 :
1516 3531 1573 3576 et
1609 3521 1654 3575 si
1698 3523 1792 3590 qui
1825 3523 2045 3596 tandem

481 3603 653 3657 velini.
699 3607 1100 3669 contradicere.
1136 3623 1234 3664 eos
1273 3618 1334 3664 ut
1363 3609 1650 3680 imperitos
1682 3614 2048 3682 praetervehe-

479 3708 610 3759 tur;
660 3711 723 3750 ac
767 3699 984 3753 tametsi
1039 3699 1298 3753 Socrates
1354 3700 1428 3756 sit
1479 3703 1548 3766 is.
1587 3703 1681 3770 qui
1731 3713 2048 3773 consurget,

479 3789 564 3844 vel
603 3789 773 3853 Plato.
812 3793 896 3846 vel
948 3791 1308 3862 Pythagoras.
1353 3801 1536 3848 tamen
1589 3794 2048 3866 nihilquidquam

477 3882 740 3949 obstabit,
785 3885 1084 3954 quominus
1132 3885 1300 3939 miser
1333 3885 1578 3940 vilissimi
1626 3887 1885 3957 mancipii
1932 3887 2050 3942 loco

478 3975 769 4030 habeatur.
803 3975 960 4044 Quod
987 3977 1031 4030 si
1065 3975 1192 4046 quis
1237 3992 1348 4034 non
1396 3980 1550 4050 prius
1598 3996 1710 4035 rem
1765 3967 2052 4052 aggredia-

477 4077 589 4126 tur.
637 4082 801 4130 quam
862 4066 1276 4136 prsenteditatus
1323 4069 1430 4136 sit,
1491 4069 1693 4125 frustra
1739 4081 1890 4126 certe
1946 4071 2053 4126 erit

475 4157 930 4226 pra-meditatus;
959 4168 1254 4228 propterea
1297 4160 1445 4232 quod
1499 4161 1765 4217 orationis
1821 4177 2049 4218 cursum

476 4254 778 4323 imperator
824 4254 932 4310 alio
980 4257 1278 4312 retrabet:
1332 4267 1500 4328 atque
1571 4259 1662 4314 ille
1715 4275 1909 4329 parum
1959 4271 2054 4313 aut

474 4348 614 4400 nihil
660 4348 939 4403 videbitur
985 4349 1148 4420 911
1199 4349 1405 4406 distare
1455 4351 1524 4405 ab
1553 4367 1641 4412 eo,
1675 4357 1770 4420 qui
1821 4352 1873 4404 in
1909 4368 2050 4418 aqua

447 4439 703 4506 scribat,
751 4441 840 4496 vel
867 4443 962 4512 qui
1013 4452 1304 4497 ventorum
1356 4442 1525 4496 ﬂabra
1585 4446 1796 4498 retibus
1849 4454 2051 4512 captet.

2153 1977 2296 2045 ᾇπερ
2333 1977 2366 2044 ἠ
2397 1979 2462 2030 τὸ
2487 1977 2689 2044 κράτος
2717 1977 2914 2046 ἔχουσα
2937 1976 3059 2046 χεὶρ
3082 1977 3178 2030 καὶ
3209 1975 3427 2044 γλῶττα
3452 1973 3694 2045 βιάζεται,

2152 2069 2245 2119 καὶ
2266 2067 2532 2122 δεικνύειν
2573 2069 2736 2138 μέχρι
2783 2068 2889 2122 ποῦ
2933 2067 3243 2136 βασιλεῦσιν
3272 2067 3518 2118 ὑπείκειν
3541 2063 3694 2134 χρεὼν

2152 2161 2248 2214 καὶ
2284 2161 2446 2230 μέχρι
2477 2160 2583 2214 ποῦ
2627 2161 2702 2230 μὴ
2745 2160 2945 2230 χρεών.
2991 2157 3052 2212 ’0
3105 2157 3216 2226 γάρ
3243 2176 3324 2210 τοι
3367 2159 3523 2224 σοφδις
3561 2158 3696 2209 Σολου

2155 2251 2272 2320 μῶν
2303 2251 2428 2321 τρία
2486 2251 2664 2320 φήσας
2695 2251 2985 2320 ὑπάρχειν,
3040 2243 3123 2312 οἷς
3150 2249 3348 2310 εὑόδως
3394 2249 3568 2301 ἔνεστι
3611 2265 3696 2298 πο-

2155 2341 2434 2411 ρεύεσθαι,
2466 2335 2564 2397 καὶ
2585 2343 2648 2396 τὸ
2673 2344 2953 2412 τέταρτον,
2989 2343 3016 2394 ὃ
3044 2341 3222 2402 καλῶς
3263 2340 3550 2405 διαϐαίνει,
3577 2339 3700 2392 τοῦτ’

2152 2432 2290 2488 εἶναι
2325 2435 2550 2502 βασιλέα
2609 2435 2744 2506 πρὸς
2803 2435 3080 2506 ὑπηκόους
3128 2432 3545 2503 δημηγοροῦντα
3583 2433 3702 2484 ἀπε·

2154 2529 2384 2594 φήνατο.
2416 2527 2558 2580 Ὅσα
2584 2529 2692 2598 γὰρ
2729 2528 2794 2580 ἂν
2839 2525 3014 2580 ἐθέλοι
3043 2527 3226 2591 λέγειν
3267 2526 3366 2578 καὶ
3396 2519 3482 2578 οἶα
3511 2523 3600 2576 καὶ
3626 2523 3700 2574 ὅτε

2153 2620 2250 2672 καὶ
2277 2621 2413 2672 ὅπου
2448 2620 2544 2672 καὶ
2577 2619 2713 2690 πρὸς
2743 2620 2892 2680 οἴους
2923 2619 3017 2671 καὶ
3059 2618 3238 2679 ὅσους,
3279 2617 3472 2686 χρείας
3501 2621 3704 2680 ἐφεστη-

2155 2713 2315 2772 κυξας
2367 2713 2710 2783 ἡστινοσοῦν,
2761 2712 2960 2774 εὑόδως
3010 2710 3208 2765 ἅπαντ’
3244 2711 3468 2772 ἐξέσται
3517 2705 3703 2778 βασιλεῖ

2158 2807 2409 2876 μελετᾷν,
2437 2807 2523 2874 ἐφ’
2553 2806 2679 2859 ὅσον
2704 2823 2765 2859 τε
2803 2807 2897 2858 καὶ
2929 2806 3078 2866 ὅπως
3105 2803 3171 2858 ἂν
3211 2801 3409 2866 ἐθέλοι,
3445 2801 3570 2872 mir
3598 2801 3704 2866 ἐφε-

2156 2899 2415 2967 στηκέναι
2476 2899 2576 2966 τὴν
2621 2899 2846 2968 χρείαν·
2897 2897 3134 2950 τοσαῦτα
3184 2895 3229 2947 δ’
3275 2894 3345 2948 αὑ
3397 2895 3496 2964 τῆς
3539 2894 3704 2964 χρείας

2155 2989 2422 3057 ἐνστάσης
2462 2987 2558 3042 καὶ
2584 2989 2808 3042 τοιαῦτα
2860 2987 3085 3054 λέξειεν,
3117 2989 3216 3041 ὅσα
3261 2987 3323 3056 δὴ
3367 2987 3702 3057 μεμελέτηκε,

2155 3079 2390 3134 κωλύειν
2419 3080 2522 3150 μὲν
2550 3079 2756 3150 ἥκιστα
2783 3080 3088 3150 δυναμένου
3122 3080 3232 3135 τῶν
3262 3079 3551 3149 ἀκροατῶν
3577 3077 3706 3130 οὐδε-

2102 3219 2119 3236 ,
2156 3173 2266 3236 νὸς,
2323 3172 2761 3244 ἐπικροτούντων
2792 3172 2849 3224 δὲ
2891 3171 3151 3225 ἁπάντων
3197 3173 3308 3234 τοῖς
3361 3171 3548 3241 ’ὕμνοις
3587 3165 3704 3235 ὁμοῦ

2154 3268 2252 3320 καὶ
2289 3261 2400 3318 οἷον
2433 3265 2831 3334 ἁμιλλωμένων
2859 3263 3066 3333 σπουδῇ
3099 3263 3234 3331 προς
3259 3262 3550 3334 ἀλλήλους,
3579 3262 3631 3323 ὃς
3652 3261 3708 3312 ἂν

2149 3356 2478 3427 παρελάσειε
2509 3357 2628 3419 ταῖς
2653 3353 2967 3417 κολακείαις
2999 3355 3128 3416 τοὺς
3159 3351 3379 3415 ἄλλους.
3413 3349 3706 3417 Τηνικαῦτα

2149 3452 2258 3519 γὰρ
2285 3449 2380 3501 καὶ
2412 3445 2748 3516 εὐροὼτερός
2792 3463 2878 3509 τις
2927 3445 3090 3510 αὑτὸς
3145 3443 3340 3499 ἑαυτοῦ
3383 3445 3589 3512 γίνεται
3630 3442 3712 3494 καὶ

2097 3549 2110 3556 ⁵
2151 3541 2275 3602 τοὺς
2324 3538 2626 3604 ἀντιλέγειν
2676 3535 2980 3601 ἐθέλοντας,
3026 3536 3077 3588 εἰ
3121 3535 3268 3597 τινές
3317 3534 3441 3587 ποτ’
3472 3533 3556 3602 ἄρ’
3595 3527 3709 3591 εἷεν,

2151 3635 2226 3694 ὡς
2271 3629 2503 3699 ἀμαθεῖς
2563 3629 2940 3698 παρατρέχει·
3005 3626 3111 3679 κᾶν
3165 3625 3471 3694 Σωκράτης
3517 3621 3572 3696 ᾗ,
3623 3621 3712 3675 κᾶν

2154 3725 2400 3786 Πλάτων,
2432 3723 2534 3776 κᾶν
2576 3723 2928 3789 Πυθαγόρας,
2986 3719 3154 3788 μηδὲν
3199 3715 3339 3772 εἶναι
3372 3717 3482 3772 τῶν
3514 3718 3714 3769 πάντων

2152 3819 2326 3879 οὐδὲν,
2354 3818 2492 3885 ὅπερ
2525 3815 2589 3868 ἂν
2621 3817 2682 3868 ὲν
2733 3816 2918 3881 Καρδς
2969 3810 3106 3865 εἶναι
3155 3811 3378 3879 κωλύσῃ
3417 3811 3582 3880 μοίρᾳ.
3611 3807 3712 3872 (59)

2151 3909 2416 3978 τετάχθαι
2472 3908 2564 3960 τὸν
2619 3907 2896 3976 δυστυχῆ’
2935 3905 3064 3958 ὥστ’
3099 3908 3148 3958 εἰ
3181 3905 3429 3976 μελετῴη
3486 3921 3568 3966 τις
3619 3899 3716 3952 τῶν

2127 4001 2412 4054 -τοιούτων
2440 3997 2546 4066 πρὸ
2581 3997 2680 4064 τῆς
2711 3996 2930 4063 πείρας,
2985 3995 3186 4062 μάταιά
3239 4011 3297 4045 τε
3353 3996 3448 4046 καὶ
3493 3987 3714 4060 ἄπρακτ’

2154 4091 2220 4143 ἂν
2251 4087 2336 4160 εἴη
2369 4084 2782 4158 μεμελετηκὼς,
2819 4081 2915 4136 τοῦ
2951 4083 3216 4152 βασιλέως
3261 4083 3402 4152 πρὸς
3446 4082 3610 4148 ἕτερα
3633 4079 3714 4131 τοῦ

2153 4183 2324 4249 λόγου,
2358 4180 2450 4232 τδν
2481 4179 2680 4247 δρόμον
2715 4175 3104 4238 ἀνθέλκοντος’
3161 4176 3258 4228 καὶ
3307 4174 3482 4245 μικρὰ
3515 4173 3548 4243 ἢ
3579 4171 3716 4226 ούῖὲν

2153 4272 2470 4328 ἀπεοικέναι
2527 4270 2668 4336 δόξει
2704 4269 2782 4337 τῷ
2814 4269 2936 4322 καθ’
2989 4267 3195 4321 ὑδάτων
3250 4266 3488 4334 γράφειν
3531 4281 3720 4333 πειρω-

2160 4367 2327 4434 μένῳ,
2363 4362 2633 4432 ἢδικτύῳ
2668 4361 2926 4431 θηρεύειν
2955 4359 3176 4426 ἀνέμων
3227 4359 3416 4420 πνοάς.
3460 4357 3593 4411 Οὑτε
3622 4353 3718 4423 γὰρ

2157 4461 2183 4512 ό
2215 4456 2310 4510 τοῦ
2337 4455 2518 4522 λέγειν
2540 4455 2758 4522 καιρὸς,
2793 4447 2868 4507 ὧν
2899 4451 3294 4521 μεμελέτηκεν,
3331 4449 3482 4517 αὑτῷ
3511 4447 3718 4516 παρέξει

473 4533 610 4586 Nam
661 4549 839 4604 neque
870 4545 1086 4604 tempus
1112 4535 1329 4589 dicendi
1373 4536 1644 4605 ejusmodi
1676 4537 1802 4620 erit,
1838 4547 1898 4589 ut
1928 4553 2050 4605 qum

2157 4549 2214 4604 τι
2259 4547 2493 4618 καίριον,
2533 4543 2616 4617 [Ρ.
2651 4534 2778 4615 574]
2811 4543 2926 4597 οὔθ’
2954 4543 2990 4596 ἃ
3040 4542 3380 4610 μεμελέτηκε
3411 4541 3591 4607 λέγειν
3614 4535 3720 4588 ἐθέ-

478 4627 572 4678 ille
605 4636 732 4682 ante
764 4628 1071 4696 providerit
1100 4637 1410 4696 opportuna
1451 4627 1632 4679 futura
1682 4628 1831 4690 sint;
1865 4645 1964 4682 nec
2005 4631 2048 4683 si

474 4721 695 4789 provisa
727 4719 910 4787 eloqui
943 4719 1096 4784 velit,
1119 4719 1280 4788 longe
1315 4719 1497 4772 aberit
1531 4736 1559 4772 a
1594 4720 1877 4791 naufragio
1907 4743 1920 4784 -,
1955 4723 2049 4776 sed

479 4823 760 4866 momento
791 4811 1058 4881 temporis
1085 4811 1267 4866 omnia
1297 4811 1684 4868 adversissima
1721 4824 2052 4883 cxperturus

475 4916 580 4959 est.
613 4905 707 4958 llis
759 4904 826 4958 de
869 4905 1076 4970 causis,
1121 4915 1177 4960 et
1213 4917 1502 4976 propterea
1551 4907 1738 4972 etiam,
1770 4908 1914 4978 quod
1949 4924 2053 4961 or-

478 4995 850 5049 tbodoxorum
905 4984 1151 5068 episcopi
1188 5014 1251 5054 ex
1294 4999 1554 5053 (muribus
1605 5000 1756 5052 orbis
1804 5001 2054 5070 partibus

475 5102 587 5139 non
631 5087 912 5154 adessent,
955 5090 1046 5143 ubi
1092 5092 1324 5160 quaestio
1365 5101 1509 5146 esset
1561 5091 1628 5145 de
1678 5093 1950 5162 dogmatis
1998 5093 2049 5145 in

478 5177 726 5233 Ecclesia
769 5179 868 5234 Dei
902 5181 1065 5249 plane
1098 5182 1400 5246 inusitatis,
1435 5199 1784 5252 nequaquam
1815 5200 1912 5236 nos
1946 5183 2055 5236 huc

478 5269 726 5337 prodire.
761 5271 854 5326 sed
895 5280 1063 5326 totam
1093 5274 1256 5328 vitam
1289 5275 1587 5342 tranquille
1626 5274 1774 5326 domi
1810 5274 2055 5328 sedendo

480 5363 766 5417 traducere
791 5365 1130 5420 volebamus.
1159 5366 1462 5434 Oportebat
1492 5367 1696 5435 quippe
1732 5365 1786 5418 in
1815 5365 1900 5418 bis
1927 5377 2055 5421 ante

479 5457 661 5509 mnuia
733 5473 938 5512 morem
999 5461 1266 5529 majorum
1338 5469 1502 5524 atque
1561 5457 1842 5528 privilegia
1908 5459 2052 5511 salva

2159 4637 2268 4691 λων
2319 4636 2540 4705 μακρὰν
2585 4635 2800 4703 ἑστήξει
2831 4634 2922 4688 τοῦ
2949 4635 3208 4698 ναυαγίου
3235 4648 3248 4662 ο
3285 4630 3420 4682 ἀλλὰ
3455 4631 3630 4690 πάσας
3671 4629 3722 4677 ἐν

2157 4729 2358 4796 ἀκαρεῖ
2375 4728 2473 4789 τὰς
2498 4726 2898 4792 κακοδαίμονας
2933 4725 3301 4792 ἀναμετρήσει
3322 4721 3512 4790 τύχας.
3546 4718 3638 4770 Διὰ
3657 4715 3713 4783 δὴ

2158 4819 2353 4881 ταῦτα,
2386 4820 2484 4872 καὶ
2516 4820 2654 4887 πρός
2694 4835 2755 4884 γε
2791 4815 2882 4868 διὰ
2914 4817 2974 4866 τὸ
3007 4816 3079 4884 μὴ
3113 4817 3237 4876 τοὺς
3268 4812 3608 4881 πανταχόθεν
3630 4807 3717 4876 τῆς

2161 4908 2490 4976 οἰκουμένης
2542 4907 2883 4966 ἐπισκόπους
2935 4904 3043 4955 τῶν
3100 4901 3395 4971 ὀρθοδόξων
3452 4899 3716 4968 παρεῖναι,

2159 4989 2562 5070 τῆςζητήσεως
2589 5000 2754 5067 οὔσης
2790 4997 2918 5065 περὶ
2964 4997 3252 5062 δογμάτων
3291 4991 3504 5060 οὐδαμῆ
3539 4993 3602 5060 τῇ
3634 5005 3716 5039 του

2159 5093 2297 5145 Θεοῦ
2341 5092 2640 5160 Ἐκκλησία
2669 5089 2940 5158 συνήθων,
2988 5089 3189 5157 ἥκιστα
3239 5087 3374 5155 πρὸς
3423 5086 3716 5154 βουλήσεως

2160 5181 2302 5240 εἶναι
2336 5187 2640 5246 συνέϐαινε,
2670 5187 2928 5250 παριέναι
2959 5182 3105 5249 ἡμᾶς
3137 5179 3419 5232 ἐνταυθοῖ’
3455 5175 3570 5229 ἀλλ’
3597 5175 3718 5226 οἴκοι

2160 5277 2506 5345 καθημένους
2564 5277 2744 5345 ἡσυχῆ
2782 5279 2872 5326 τὸν
2923 5274 3142 5326 ἅπαντα
3195 5268 3530 5328 διαϐιϐάζειν
3581 5265 3714 5334 βίον·

2161 5366 2337 5436 χρεὼν
2367 5367 2476 5436 γὰρ
2507 5361 2671 5423 εἶναι.
2708 5365 2812 5432 πρό
2861 5381 2923 5430 γε
2970 5363 3077 5414 τῶν
3123 5362 3296 5415 ἄλλων
3343 5361 3615 5415 ἁπάντων,
3664 5355 3715 5402 ἐν

2161 5459 2366 5520 τούτοις
2399 5461 2466 5510 τὲ(
2499 5459 2702 5528 πάτρια
2731 5459 2826 5528 ἔθη
2865 5462 2959 5510 καὶ
2994 5455 3262 5526 προνόμια
3289 5455 3397 5505 σῶα
3421 5456 3512 5506 καὶ
3536 5447 3713 5512 ἀκλινῆ

1821 5595 2162 5654 Vat'iorum
2197 5604 2379 5654 Ποία).

550 5750 662 5811 (Sili
708 5749 782 5799 lle
837 5743 1154 5798 hominibus
1196 5746 1682 5808 ιξτιιιιιξιιηιίηέηἰιιιὶκ
1731 5744 1835 5796 diri
1897 5749 2044 5796 ηίιὶ‹·ξ..

481 5821 562 5872 {tu
594 5819 832 5870 Achilles
877 5818 943 5866 de
975 5814 1378 5883 Agamemnone
1411 5817 1551 5880 arui
1590 5815 1908 5878 “alienun,

2175 5744 2332 5814 Ἐχδῇ
2357 5744 2394 5796 ἀ
2523 5765 2620 5815 μοι
2656 5749 2760 5802 ῖῡῦ
2801 5749 2895 5818 δὼεε
2921 5767 2988 5802 ιι·
3047 5751 3144 5802 τίω
3188 5745 3251 5818 δέ
3272 5762 3373 5818 μιν
3421 5743 3491 5818 ἐξ·
3539 5747 3713 5809 Κιιρνὲς

3228 5815 3411 5886 [αἴσῃ.
3451 5813 3650 5868 Bon-ys.
