4002 6478
505 323 642 389 ινδ
788 324 862 394 [Α.
894 286 951 376 ξι.
983 320 1147 390 6859ς
1184 340 1291 382 mu.
1330 326 1387 398 ιι]

1709 336 2131 396 NICEPHORI
2168 338 2552 401 GREGOR/E

2834 338 2971 409 Itur.
2995 356 3041 396 ι.
3078 316 3369 399 cstwacuz.
3409 342 3464 414 5]

3605 348 3721 416 1176

501 432 774 496 iuravisti,
810 435 1114 491 cavendum
1149 437 1341 493 saltem
1374 439 1473 493 tibi
1503 448 1646 506 erat,
1676 457 1743 495 ne
1772 443 1919 499 illius
1950 444 2080 498 reti-

2191 452 2446 520 κλήματα
2472 451 2614 522 ἔχων
2650 451 2812 516 αὐτὸς
2840 454 3135 524 ἀπολογίας
3165 460 3255 512 καὶ
3292 459 3473 523 λύσεις
3501 465 3722 525 ἑκάστοις

503 524 605 577 bus
646 527 1131 592 praeoccupareris,
1163 530 1255 598 qui
1293 539 1669 598 accusaretur,
1703 549 1807 587 neu
1860 544 1910 588 te
1961 535 2079 602 ejus

505 623 967 681 propugnatorem
1011 617 1082 672 ab
1127 619 1264 689 ipsis
1297 620 1506 682 statim,
1537 631 1597 676 ut
1637 622 1810 688 aiunt,
1843 625 2080 679 carceri-

466 701 606 761 ‘bus
651 709 828 778 palam
882 712 1185 780 professus,
1233 730 1298 769 ea
1334 716 1570 779 diceres.
1605 732 1726 786 quae
1775 733 1805 772 e
1857 733 1913 773 re
1959 718 2079 786 ejus

501 810 708 864 essent,
737 802 833 857 sed
869 819 965 860 eos
1003 806 1244 876 primttm
1278 808 1472 862 audire
1504 808 1795 869 debueras,
1834 810 1926 879 qui
1973 810 2082 863 cri-

503 891 651 944 mina
699 892 1052 964 obiicerem;
1104 894 1308 951 deinde
1345 905 1402 951 et
1452 897 1718 968 quidquid
1766 915 1892 953 reus
1937 900 2077 969 ipse,

500 984 835 1039 defendendi
888 989 973 1041 sui
1018 998 1072 1041 et
1106 989 1494 1043 diluendorum
1543 991 1838 1045 criminum
1890 1007 2077 1056 causa,

501 1078 913 1133 contradicere:
960 1090 1016 1135 ct
1052 1082 1286 1150 singulis
1328 1083 1732 1152 responderet:
1776 1095 1891 1139 tum
1924 1086 2082 1145 deni-

502 1178 612 1236 que
645 1170 975 1224 sententiam
1028 1180 1175 1225 tuam
1227 1172 1604 1242 interponere.
1654 1176 1958 1231 secundum
1996 1192 2082 1231 ca-

504 1274 681 1314 nones
706 1271 761 1313 et
788 1259 939 1330 leges
967 1262 1023 1317 in
1055 1263 1140 1319 his
1175 1264 1343 1319 rebus
1372 1266 1703 1335 jampridem
1738 1268 1806 1323 ab
1834 1268 2077 1323 Eccles‘a

501 1357 773 1417 receptos.
810 1349 922 1421 Ego
950 1362 1097 1407 certe
1127 1354 1370 1409 animum
1404 1354 1599 1409 all'ecttt
1635 1366 2079 1426 praeoccupatum

502 1441 790 1498 absinthio
840 1445 1075 1499 similem
1123 1456 1327 1519 statuo.
1395 1445 1870 1512 Quemadmodum
1930 1450 2077 1505 enim

502 1534 663 1597 illud,
697 1546 839 1591 tacta
864 1553 1196 1608 quocunque
1241 1539 1404 1593 modo
1448 1540 1658 1607 lingua,
1718 1552 1823 1596 tam
1872 1559 2077 1608 acrem,

507 1634 617 1680 tam
648 1627 925 1683 efﬁcacem
956 1630 1342 1685 amaritudinis
1372 1631 1485 1685 vim
1534 1633 1719 1701 gustui
1765 1634 2078 1703 adspergit,

501 1724 565 1769 ut
591 1723 648 1771 et
672 1717 835 1787 longo
863 1728 1106 1787 tempore
1136 1729 1192 1775 et
1216 1722 1386 1776 multo
1410 1721 1653 1777 dulcium
1682 1738 1940 1793 saporum
1977 1739 2077 1777 usu

2180 540 2356 608 λέγων
2385 540 2745 609 ἀντιτίθησιν.
2785 540 2976 599 ἔπειτα
3001 546 3102 615 τὴν
3144 548 3240 617 σὴν
3272 549 3504 619 ἐπάγειν
3531 571 3586 605 σε
3622 557 3726 625 κρί-

2182 650 2290 691 σιν.
2329 633 2471 714 κατὰ
2511 634 2639 697 τοὺς
2675 636 2736 688 ἐν
2772 636 2988 714 τούτοις.
3030 640 3418 708 κρατήσαντας
3449 645 3609 698 πάλαι
3643 649 3727 714 τῆς

2197 713 2525 789 Ἐκκλτξσίας
2583 726 2819 786 κανόνας
2878 708 2993 780 καὶχ
3038 727 3257 795 νόμους.
3329 730 3582 802 Ἀψινθίῳ

2181 809 2418 863 ἐοικέναι
2448 811 2547 879 τὴν
2575 811 2849 887 πρόληψιν
2879 813 3054 881 ἔγωγε
3082 815 3247 883 λέγω.
3289 816 3384 881 Ὠς
3420 821 3526 889 γὰρ
3554 824 3726 886 ἐκεῖνο,

2180 902 2283 970 τῆς
2321 902 2572 972 γλώττης
2597 904 2877 958 ὁπώσποθ’
2900 906 3201 976 ἁψάμενον,
3237 910 3491 965 τοσοῦτον
3521 915 3656 984 ἐσχεί
3674 920 3729 987 τῇ

2181 997 2449 1065 γευστικῇ
2488 996 2550 1049 τὸ
2577 999 2678 1067 τῆς
2718 999 2947 1066 πικρίας
2984 999 3335 1071 δραστήριον,
3361 1004 3438 1066 ὡς
3466 1005 3652 1058 πολλοῦ
3679 1026 3729 1061 τε

2182 1086 2299 1157 ἅμα
2330 1089 2523 1158 καιροῦ
2554 1090 2650 1141 καὶ
2693 1089 2905 1142 πολλῶν
2933 1090 3192 1160 δεηθῆναι
3238 1093 3489 1157 γλυκέων
3545 1098 3620 1157 είς
3648 1099 3732 1168 τὴν

2182 1181 2312 1250 πρὶν
2343 1181 2436 1235 τοῦ
2473 1181 2704 1248 φυσικοῦ
2754 1182 3095 1251 καθήκοντος
3121 1183 3437 1254 ἀντίληψιν,
3464 1187 3601 1241 οὕτω
3648 1194 3733 1242 κάν

2180 1274 2297 1335 τοῖς
2337 1273 2623 1335 δικασταῖς
2666 1273 2766 1342 τὴν
2807 1274 3080 1344 πρόληψιν
3132 1275 3287 1344 ἴσμεν
3341 1278 3421 1342 ὡς
3470 1278 3538 1331 τὰ
3586 1280 3733 1333 πολλὰ

2180 1362 2512 1432 δυναμένην.
2557 1363 2679 1416 Τῶν
2708 1365 2776 1433 γᾶ
2787 1382 2819 1435 ρ
2849 1366 3226 1435 δικαζομένων
3250 1368 3372 1431 ἑνός
3399 1386 3543 1431 τινος
3570 1387 3732 1439 προει-

2181 1457 2416 1527 ληφότος
2465 1458 2559 1511 τοῦ
2589 1457 2845 1512 δικαστοῦ
2898 1461 2997 1526 τὴν
3049 1460 3291 1513 διάνοιαν
3336 1461 3588 1523 πιθαναῖς
3633 1466 3733 1524 ταῖς

2181 1550 2630 1619 προδιηγήσεσιν,
2660 1550 2802 1604 οὕτω
2823 1552 3140 1604 δευσοποιὸν
3158 1569 3217 1603 τε
3242 1552 3335 1619 καὶ
3359 1552 3733 1605 δυσαπόνιπτον

2180 1642 2428 1710 γίνεσθαι
2461 1642 2525 1695 τὸ
2564 1641 2737 1704 πάθος
2762 1640 2954 1708 ἐκείνῳ
3001 1642 3347 1710 συμϐαίνειν,
3385 1643 3460 1705 ὡς
3493 1643 3630 1695 δυοῖν
3655 1644 3734 1695 θά-

2180 1748 2340 1802 τερον
2366 1730 2613 1800 γίνεσθαι
2648 1730 2980 1785 κινδυνεύειν
3000 1749 3015 1762 ·
3048 1731 3080 1802 ἢ
3111 1734 3174 1784 τὸ
3194 1732 3295 1802 τῆς
3335 1732 3543 1802 ζημίας
3574 1734 3733 1800 παρὰ·

500 1815 660 1876 egeat
703 1809 770 1862 ad
819 1810 1059 1879 priorem
1113 1804 1384 1868 naturalis
1431 1813 1561 1869 boni
1619 1815 2072 1883 perceptionem:

2183 1795 2338 1888 λογον
2376 1795 2713 1891 ῦφίστασθαι
2745 1823 2838 1879 τὸν
2864 1795 3090 1878 ἐπιόντα
3128 1825 3224 1877 καὶ
3248 1795 3580 1894 κακοῦργων
3611 1795 3734 1893 φεύ-

501 1898 648 1953 idem
683 1899 846 1954 etiam
893 1901 946 1955 in
973 1901 1255 1971 judicihus
1301 1904 1470 1958 animi
1507 1905 1872 1974 prmoccnpati
1909 1905 2078 1961 allec.

501 1997 618 2042 tum
662 1989 868 2043 scimus
904 2005 1064 2060 posse
1100 1991 1447 2061 plerumque.
1498 1992 1634 2047 Nam
1687 2007 1814 2048 cum
1860 1994 2082 2063 litigan-

502 2078 642 2131 tium
672 2094 816 2136 unus
858 2079 1105 2137 animum
1152 2082 1359 2153 judicis
1401 2084 1619 2153 praeviis
1670 2085 2082 2140 narrationibus

499 2169 679 2240 iisque
729 2171 1134 2241 probabilibus,
1178 2184 1394 2230 mature
1443 2176 1754 2245 occupavit,
1795 2175 1964 2248 914
2005 2177 2079 2231 ita

498 2264 608 2320 alte
641 2265 994 2335 imprimitur,
1029 2266 1103 2321 ita
1137 2267 1321 2322 deletu
1363 2266 1603 2323 diilicilis
1643 2279 1725 2323 est
1776 2270 1898 2336 ejus
1950 2268 2076 2323 mali

499 2357 748 2422 labes,ut
770 2358 1076 2428 periculum
1102 2360 1195 2423 sit,
1210 2374 1282 2415 ne
1305 2360 1541 2415 duorum
1567 2362 1801 2415 alterum
1825 2360 2039 2415 accidat
2062 2379 2077 2426 ;

501 2464 562 2505 ut
602 2450 686 2505 vel
729 2451 960 2505 multam
1009 2436 1258 2521 iniquam
1301 2451 1531 2506 sull‘erat
1584 2452 1629 2508 is
1672 2452 1767 2522 qui
1806 2453 2080 2523 posterior

498 2541 689 2604 subit;
721 2540 817 2611 qui
848 2550 904 2595 et
953 2556 1354 2610 nonnunquam
1403 2550 1602 2610 praeter
1628 2541 1945 2612 opinionem
1987 2557 2081 2595 co-

497 2634 645 2702 gitur
674 2647 734 2687 se
774 2634 956 2703 ipsum
997 2632 1301 2688 defendere
1328 2632 1556 2687 sceleris
1597 2642 1911 2687 accusatum
1942 2648 1958 2696 ;
1992 2633 2078 2687 vel

497 2726 750 2797 plurimis
786 2727 1208 2781 contentionum
1246 2724 1508 2781 ﬂuctibus
1549 2725 1855 2789 exhaustis,
1892 2725 2081 2780 multis

497 2827 557 2874 et
593 2818 768 2873 variis
797 2816 1050 2888 gravium
1079 2818 1351 2880 virorum,
1379 2818 1423 2871 si
1452 2820 1593 2886 ques
1622 2816 1884 2886 reperiat,
1918 2815 2080 2870 testi-

499 2910 702 2966 moniis
734 2909 1042 2980 productis,
1075 2924 1200 2965 sero
1230 2909 1452 2963 tandem
1502 2916 1557 2961 et
1610 2922 1750 2978 agre
1780 2906 2078 2961 admodum

498 3003 788 3057 veritatem
835 3010 1187 3071 asseqnatur.
1237 3000 1392 3067 Quod
1445 2999 1490 3054 si
1539 2999 1596 3053 in
1639 3000 1855 3070 judice,
1912 3014 2077 3069 quem

499 3096 626 3164 quis
651 3094 819 3149 semel
863 3092 1356 3163 praoccupaverit,
1389 3091 1659 3163 ejusmodi
1688 3091 1913 3157 morbus
1936 3089 2081 3144 exsi~

501 3192 621 3253 ειὶι,
651 3188 783 3256 quid
824 3187 892 3240 de
926 3188 1031 3240 hoc
1078 3186 1322 3252 Palama,
1354 3185 1486 3253 quid
1517 3185 1586 3239 de
1616 3183 1863 3254 ejusdem
1916 3182 2078 3237 thiasi

500 3282 853 3338 consortibus
875 3281 980 3334 dici
1014 3281 1199 3344 debet,
1228 3280 1320 3348 qui
1352 3289 1495 3333 totos
1528 3294 1722 3341 annos,
1758 3287 1900 3333 totos
1931 3293 2083 3331 tuen-

503 3377 645 3430 sium
693 3376 857 3437 dies,
897 3384 1036 3455 totas
1103 3373 1316 3428 dierum
1367 3374 1533 3427 horas
1583 3382 1760 3426 locum
1825 3370 2081 3439 privatim

504 3467 927 3535 colloquuntur,
981 3474 1149 3534 atque
1212 3463 1483 3534 ejusmodi
1537 3462 1673 3515 telas
1720 3461 1883 3515 simul
1947 3475 2083 3514 con-

503 3566 723 3622 texunt,
757 3557 920 3610 simul
952 3563 1207 3618 nectunt,
1244 3570 1312 3609 eo
1348 3553 1606 3608 videlicet
1661 3555 1788 3613 line,
1832 3562 1891 3604 ttt
1924 3551 2081 3606 valde

502 3649 890 3705 acceleretur?
920 3664 1059 3718 quos
1112 3665 1182 3702 ne
1218 3664 1364 3703 nunc
1391 3646 1615 3716 quidem
1671 3645 1723 3698 in
1770 3652 1919 3698 tanta
1961 3660 2086 3713 spc-

501 3751 780 3798 ctatorum
836 3741 1148 3811 frequentia
1182 3740 1353 3811 pudet
1393 3755 1494 3795 suo
1541 3754 1693 3792 more
1725 3754 1906 3809 agere.
1944 3737 2082 3791 Nam

500 3838 698 3892 crebro
727 3843 982 3906 surgunt,
1016 3844 1074 3890 et
1105 3835 1292 3888 furtim
1335 3834 1392 3887 in
1426 3848 1613 3887 attretn
1658 3831 1986 3900 loquuntur,
2015 3830 2084 3887 de

499 3933 570 3985 iis
621 3928 791 3984 credo
838 3927 1030 3995 rebus,
1064 3941 1187 3996 quae
1233 3925 1438 3995 saepius
1478 3925 1589 3994 jam
1642 3935 1803 3978 antea
1848 3922 2084 3977 decreta:

501 4036 652 4091 sunt,
679 4037 750 4077 ne
781 4020 914 4092 quid
934 4035 1056 4089 .per
1090 4018 1518 4088 imprudentiam
1547 4016 1734 4072 eﬂluat
1765 4015 1863 4070 tibi
1896 4031 1927 4070 e
1963 4029 2083 4069 me—

494 4131 677 4170 unorta
710 4115 818 4168 hoc
849 4122 1118 4182 tempore,
1148 4126 1263 4179 quo
1293 4111 1402 4165 illis
1432 4120 1652 4180 oportet
1678 4110 1849 4163 robur
1881 4107 2084 4164 ﬁrmis-

502 4209 704 4263 simum
755 4204 1181 4261 accommodari.
1234 4203 1374 4269 Quid
1427 4204 1666 4275 primum
1710 4203 1919 4272 itaque,
1953 4199 2085 4272 quid

500 4299 760 4354 ultimum
811 4297 1013 4352 dixerit
1040 4297 1333 4366 quisquam
1367 4312 1432 4351 ex
1469 4295 1664 4356 nobis,
1695 4292 2086 4363 angustissimo

501 4393 769 4462 temporis
799 4393 980 4459 spatio
1014 4390 1441 4451 circutnclusus,
1490 4389 1545 4441 in
1595 4388 1696 4440 hac
1730 4386 1935 4455 publici
1964 4400 2089 4438 cur-

2181 1932 2298 1983 γειν
2336 1916 2555 1985 γραφὴν
2602 1915 2775 1968 ἐνίοτε
2830 1915 3159 1985 παραλόγως
3214 1915 3655 1983 ἠναγκασμένον,
3701 1914 3728 1983 ἢ

2185 2004 2386 2068 πολλὰς
2421 2004 2721 2058 ἀνατλάντα
2752 2005 3047 2073 τρικυμίας
3072 2003 3406 2057 ἀντιθέσεων
3434 2004 3529 2055 καὶ
3557 2002 3733 2064 πολλὰς

2182 2098 2277 2150 καὶ
2305 2097 2598 2166 διαφόρους
2639 2096 3023 2161 είσενεγκόντα
3069 2095 3380 2165 μαρτυρίας
3429 2095 3729 2160 ἀξιοπίστων

2181 2186 2413 2257 ἀνδρῶν,
2446 2189 2496 2239 εί
2520 2188 2697 2256 τύχοι,
2725 2187 2823 2257 ὀψὲ
2857 2188 2952 2240 καὶ
2993 2187 3141 2255 μάλα
3180 2187 3340 2255 μόλις
3374 2189 3476 2257 τῆς
3498 2187 3730 2257 ἀληθείας

2182 2279 2589 2348 ἐπιτυγχάνειν.
2621 2279 2681 2330 Εἰ
2720 2278 2765 2331 δ’
2816 2278 2963 2342 ἅπαξ
3002 2279 3401 2347 προειληφότος
3438 2280 3554 2346 ἐκεῖ
3587 2295 3729 2342 τινος,

2180 2370 2379 2423 τοιόνδε
2408 2370 2721 2438 συμϐαίνει
2776 2368 2836 2423 τὸ
2878 2370 3095 2439 νόσημα
3131 2368 3409 2437 γίνεσθαι,
3462 2370 3517 2422 τί
3565 2370 3626 2424 ἄν
3662 2385 3733 2433 τις

2182 2464 2315 2531 φαίη
2354 2463 2487 2533 περὶ
2527 2461 2622 2514 τοῦ
2656 2462 2892 2532 Παλαμᾶ
2941 2461 3157 2516 τουτουτ
3187 2464 3280 2516 καὶ
3307 2464 3412 2530 τῆς
3438 2462 3532 2515 τοῦ
3564 2464 3726 2516 θιάσου

2183 2554 2477 2624 φρατρίας,
2507 2551 2666 2617 ὅλους
2689 2553 2995 2617 ἐνιαυσίους
3016 2554 3243 2623 χρόνους
3272 2556 3372 2607 καὶ
3392 2554 3521 2617 ὅλας
3542 2554 3731 2623 ἡμέρας

2160 2644 2370 2714 -μηνῶν
2411 2645 2511 2697 καὶ
2560 2643 2689 2706 ὅλας
2727 2642 2876 2713 ὥρας
2924 2645 3150 2715 ἡμερῶν
3213 2645 3323 2716 ίδίᾳ
3368 2663 3453 2700 σοι
3490 2661 3728 2715 προσομι-

2180 2735 2420 2789 λ.ο·3ντων
2485 2734 2577 2787 καὶ
2633 2733 2702 2788 τὰ
2759 2735 2991 2788 τοιαῦτα
3062 2735 3601 2805 συνιστουργούντων
3649 2736 3729 2787 καὶ

2183 2828 2519 2894 ὑφαινόντων
2550 2826 2611 2887 ἐς
2656 2826 2721 2879 τὸ
2751 2825 2844 2878 τοῦ
2880 2827 3088 2896 σφόδρα
3143 2806 3475 2896 ἐπείγεσθαι
3522 2824 3728 2890 ἐντελὶς,

2183 2924 2281 2975 καὶ
2311 2922 2448 2991 μηδὲ
2499 2921 2594 2974 νῦν
2632 2922 2691 2973 ἐν
2733 2920 2976 2989 τοσούτῳ
3027 2918 3247 2991 θεάτρῳ
3291 2922 3358 2974 τὸ
3411 2921 3529 2983 ἔθος
3577 2920 3725 2972 ποιεῖν

2182 3012 2540 3081 αἰδουμένων,
2565 3009 2791 3083 [Ρ.576]
2821 3008 2938 3063 ἀλλ’
2972 3011 3341 3081 ἐγειρομένων
3372 3010 3538 3081 συχνὰ
3554 3009 3638 3062 καὶ
3652 3007 3728 3060 λά·

2183 3108 2288 3177 θρα
2316 3123 2398 3159 σοι
2424 3106 2561 3176 πρὸς
2591 3104 2682 3168 οῦς
2714 3103 3209 3174 κοινολογουμένων
3228 3103 3360 3172 περὶ
3387 3103 3495 3156 τῶν
3518 3102 3636 3171 πρὶν
3650 3116 3731 3152 xu-

2189 3200 2472 3269 ρωθέντων
2496 3194 2695 3269 (οἶμαι)
2720 3196 3002 3262 πολλάκις,
3022 3196 3100 3267 μὴ
3126 3195 3266 3266 λάθῃ
3285 3213 3340 3249 τι
3372 3193 3622 3266 διαρρυὲν
3646 3192 3730 3259 τῆς

2190 3294 2414 3363 μνήμης
2446 3291 2541 3343 ἐπὶ
2588 3289 2784 3359 καιροῦ
2819 3287 2938 3352 νῦν,
2984 3288 3074 3343 ὅτε
3124 3286 3365 3357 μάλιστα
3396 3284 3583 3356 ῥώμην
3611 3282 3730 3336 ὲκεί-

2185 3403 2299 3447 νοις
2324 3382 2492 3452 πλείῳ
2519 3379 2844 3453 χαρίζεσθαι
2893 3379 3010 3445 δεῖς
3051 3378 3117 3431 Τί
3146 3378 3326 3432 τοίνυν
3376 3379 3443 3433 ἄν
3484 3379 3562 3435 τις
3594 3372 3730 3443 ἡμῶν

2186 3477 2331 3528 εἴποι
2385 3473 2631 3543 πρῶτον;
2694 3469 2747 3523 τί
2803 3468 2847 3522 δ’
2874 3469 2939 3524 ἄν
2985 3486 3071 3532 τις
3113 3468 3372 3533 ὕστατον,
3407 3469 3464 3529 ἐς
3505 3465 3562 3517 τὸ
3607 3464 3728 3514 πάνυ

2188 3567 2527 3639 βραχύτατον
2561 3562 2989 3630 περιισταμένης
3018 3560 3118 3631 τῆς
3163 3559 3336 3628 ὥρας,
3389 3559 3446 3610 ἐν
3493 3555 3627 3608 οὕτω
3651 3553 3730 3620 δη-

2191 3660 2363 3732 μοσίῳ
2394 3658 2612 3724 σταδίῳ,
2639 3656 2821 3724 πάσης
2849 3652 3261 3723 ὑφαιρουμένης
3293 3648 3726 3716 συνδιασκέψεως,

2188 3751 2424 3805 ἐνταῦθα.
2481 3749 2709 3818 μᾶλλον,
2761 3746 2919 3818 είπερ
2955 3737 3079 3807 πόυ.
3122 3745 3224 3814 τὴν
3264 3744 3461 3813 χρείαν
3481 3738 3726 3809 ὲχούσηςς

2189 3841 2545 3914 Προσκείσθω
2578 3841 2623 3893 δ’
2658 3835 2751 3893 οὖν
2782 3837 2879 3891 καλ⁹
2920 3838 3072 3891 τουτὶ
3110 3834 3370 3898 τοῖςςᾶνω
3404 3832 3644 3901 λεχθεῖσι,
3672 3824 3729 3879 δι’

2188 3934 2225 3989 ἃ
2243 3904 2457 4003 ¹δηλῗοιδὴ
2495 3934 2585 3985 τὸν
2610 3932 2838 4000 ἄκαιρον
2872 3928 3059 3995 ἀγῶνα
3089 3926 3277 3979 τοῦτον
3305 3925 3508 3994 ἥκιστα
3536 3919 3728 3973 πάντων

2189 4026 2322 4094 ἡμῖν
2355 4023 2486 4093 πρὸς
2523 4022 2829 4092 βουλήσεως
2858 4014 2926 4090 ἦν
2959 4019 3206 4072 εἰσιέναι.
3242 4014 3368 4068 Ἐπὶ
3387 4014 3588 4074 τούτοις
3610 4008 3730 4061 ἔστω

2189 4119 2285 4171 καὶ
2315 4117 2374 4168 τὸ
2406 4118 2515 4168 τῶν
2549 4117 2790 4167 κανόνων
2845 4112 2941 4165 καὶ
2977 4111 3159 4178 νόμων
3209 4109 3444 4169 δίκαιον,
3482 4103 3560 4166 οἷς
3595 4099 3728 4155 ὑπεί-

2190 4226 2311 4263 κειν
2350 4208 2472 4261 δέον
2503 4206 2745 4268 δουλείας
2778 4204 2825 4257 θ’
2875 4203 2991 4270 ἅμα
3040 4203 3132 4253 καὶ
3170 4200 3485 4257 δεσποτείας
3517 4193 3726 4251 ἁπάσας,

2195 4300 2253 4354 ἐν
2277 4299 2494 4369 ἠπείρῳ
2523 4297 2675 4368 πάσῃ
2706 4295 2804 4349 καὶ
2835 4295 3103 4361 θαλάσσῃ,
3146 4293 3206 4344 τὸ
3255 4291 3609 4356 ἀντίστροφον
3654 4284 3725 4332 ἐν·

2193 4392 2371 4446 ταῦθα
2398 4390 2495 4444 κα)⁵
2523 4388 2737 4460 δρῶντα
2770 4387 2868 4441 καὶ
2913 4382 3333 4455 δημηγοροῦντα
3383 4380 3564 4447 σαφῶς
3604 4376 3725 4441 ἠκη-

498 4484 660 4538 ricttli
701 4484 848 4548 luce,
889 4482 1039 4536 omni
1077 4481 1221 4535 inter
1268 4495 1368 4534 nos
1416 4475 1767 4533 consultandi
1820 4470 2080 4529 fact‘tltate

2192 4482 2417 4553 κόειμέν
2445 4498 2504 4533 σε
2530 4494 2548 4512 ο
2583 4479 2678 4532 καὶ
2708 4479 2959 4548 ἔγνωμεν
2988 4474 3133 4528 τοῦτ’
3163 4475 3359 4536 ἐκεῖνο,
3389 4473 3488 4538 τὴν
3518 4464 3725 4522 Κεσὸίειν

500 4579 908 4647 adempta,qua
942 4589 1043 4629 nos
1080 4583 1261 4628 tamen
1294 4573 1400 4625 hoc
1440 4583 1627 4623 rerum
1668 4577 1811 4622 stattt
1848 4573 2085 4619 maxime

500 4666 845 4738 egebamus?
883 4666 1073 4734 Itaque
1107 4675 1164 4717 et
1197 4662 1313 4716 hate
1338 4660 1405 4714 ad
1438 4675 1532 4714 eas
1561 4674 1683 4728 qua:
1722 4673 1886 4727 supra
1923 4658 2085 4713 dicta:

500 4773 654 4829 sunt,
701 4776 867 4817 causa
918 4758 1168 4817 accedat.
1220 4755 1582 4826 quamobrem
1639 4754 2085 4821 intempestivum

500 4848 610 4909 l'toc
641 4863 923 4910 certamen
965 4849 1193 4917 minime
1221 4847 1431 4920 ingredi
1468 4846 1632 4901 nobis
1659 4846 1948 4917 placuerit.
1992 4842 2090 4897 llis

501 4946 754 5016 proxima
799 4953 920 4999 esto
989 4942 1306 5013 regularum
1355 4949 1411 4995 et
1461 4940 1647 5010 legum
1691 4937 1856 5008 915
1920 4937 2086 5000 ratio,

501 5037 705 5102 quibus
726 5033 1047 5089 servitutem
1072 5033 1235 5088 simul
1267 5041 1323 5086 et
1353 5030 1694 5086 dominatum
1717 5044 1938 5082 omnem
1954 5029 2083 5082 sub-

500 5143 623 5183 esse
682 5135 794 5180 toto
826 5138 985 5180 terra:
1033 5136 1089 5179 et
1128 5124 1299 5179 maris
1341 5124 1474 5179 orbe
1504 5137 1630 5176 cum
1660 5129 1949 5189 oporteat,
1985 5132 2089 5172 nos

504 5236 556 5275 te
592 5219 789 5274 ordine
825 5208 1047 5273 inverso
1096 5225 1291 5273 contra
1334 5216 1517 5271 facere
1544 5225 1601 5269 et
1632 5212 1952 5268 concionari
1990 5227 2053 5277 pa

500 5313 606 5368 iam
666 5312 757 5367 hic
818 5310 1181 5377 audivimus;
1228 5319 1285 5364 et
1336 5308 1484 5362 illaut
1550 5305 1713 5375 plane
1757 5302 2083 5374 agnovimus

502 5403 756 5460 Lesbiam
791 5411 1148 5469 structuram,
1176 5416 1299 5472 quae
1322 5398 1585 5454 amussim
1613 5395 1680 5450 ad
1707 5395 1942 5465 lapides.
1973 5411 2081 5450 nun

2188 4571 2504 4644 οἰκοδομὴν,
2529 4570 2569 4641 ἢ
2591 4573 2701 4633 τοῖς
2716 4568 2906 4630 κλίθοις
2936 4565 3049 4636 (41)
3083 4564 3180 4636 τὴν
3205 4563 3309 4648 τοῦ.
3333 4562 3551 4621 κανόνος
3582 4569 3722 4648 προσ-

2189 4667 2402 4734 άγουσα
2439 4662 2709 4733 στάθμην,
2737 4659 2834 4712 καὶ
2863 4658 2965 4711 οὐκ
2998 4655 3190 4723 ἐκείνῳ
3218 4645 3344 4715 τοῦς
3381 4653 3573 4711 λίθους,
3601 4645 3721 4697 πάνυ

2191 4755 2398 4825 σαθρὰς
2428 4754 2541 4815 τοῖς
2588 4747 2892 4820 χρωμένοις
2938 4747 3034 4799 καὶ
3072 4737 3363 4825 αόεόαίουζ
3394 4742 3611 4810 παρεῖχε

2185 4823 2503 4916 τοῦ-μένειν
2535 4843 2756 4904 ἐλπίδας
2791 4841 2920 4911 ἄχρι
2948 4839 3043 4891 καὶ
3073 4823 3143 4900 ’ἐς
3176 4836 3277 4905 τὴν
3308 4835 3557 4888 ἐπιοῦσαν
3584 4823 3719 4916 exiti-

2187 4909 2371 5003 νητον.
2408 4933 2518 4986 Καὶ
2553 4909 2894 5001 μαρτυροῦσι
2930 4925 3009 4997 τῷ
3051 4924 3196 4994 λόγῳ
3229 4925 3399 4975 πᾶσαι
3440 4919 3604 4976 πόλεις
3639 4909 3715 5003 καί

2184 5029 2476 5092 πολιτεῖαι,
2536 5026 2661 5077 ὅσαι
2716 5031 2778 5074 τε
2825 5020 2941 5082 τοῖς
2990 5015 3368 5085 παλαιοτέροις
3420 5011 3595 5066 κανόσι
3636 4998 3717 5086 καί

2183 5126 2370 5193 νόμοις
2396 5116 2808 5190 ἅρμοττόμεναι
2837 5110 3089 5182 διηνεκὲς
3113 5106 3451 5178 καρποῦνται
3476 5104 3533 5155 τὸ
3557 5095 3709 5193 εὔδαι-

2188 5188 2295 5281 μον¹
2314 5212 2411 5265 καὶ
2439 5188 2562 5264 δσαι
2590 5210 2690 5278 τῆς
2722 5204 2954 5275 ἀνομίας
2997 5200 3391 5274 ἐξορχουμένης
3420 5193 3587 5250 αὐτῶν
3611 5188 3710 5250 διη⁶
3733 5249 3746 5269 κ

2186 5307 2371 5359 νεκέσι
2396 5307 2491 5359 καὶ
2517 5302 2768 5373 ταχείαις
2792 5299 3114 5370 φθείρονται
3145 5292 3478 5366 μεταϐολαῖς.
3510 5285 3709 5381 Ἔπεξτλιξ

2179 5398 2273 5449 καὶ
2319 5396 2394 5466 μὴ
2427 5364 2715 5465 μεταίρειν
2746 5364 2873 5461 ὅρια
2917 5364 3168 5457 πατέρων
3197 5384 3435 5454 δόγματα
3471 5376 3558 5430 καὶ
3586 5364 3691 5425 τοῦθ

1865 5517 2194 5581 Variorum
2242 5524 2434 5579 noue.

575 5628 687 5696 (41)
723 5625 814 5682 Sic
849 5627 909 5680 Ι).
945 5627 1182 5680 Basilius
1237 5625 1302 5677 ad
1372 5632 1599 5696 nepotes
1646 5636 1767 5696 cap.
1798 5621 1878 5696 Δ6,
1914 5621 2071 5696 Κατὰ

501 5692 601 5766 τὴν
650 5698 900 5766 Δωρικὴν
935 5698 1257 5764 παροιμίαν,
1294 5697 1385 5766 τῦν
1430 5694 1577 5766 λίθον
1609 5695 1731 5766 ποτί
1758 5693 1857 5758 τὴν
1896 5692 2067 5766 σπάρ-

505 5764 601 5818 τον
629 5764 881 5833 ἄγοντας.
917 5768 1048 5820 Item
1084 5764 1428 5829 Plutarchus,
1449 5764 1588 5833 Πρὸς
1616 5765 1832 5831 στάθμῃ
1866 5764 2061 5828 πέτρον

2175 5619 2443 5683 τίθεσθαι,
2500 5621 2630 5687 μήτι
2666 5618 2804 5683 ﬁt)";
2849 5616 3033 5681 πέτρῳ
3075 5592 3700 5687 στάθμη“¹ς.β⁰“ῗῖἷ,,ῗῗί’

2175 5669 2534 5755 oportere};
2561 5669 2808 5759 't‘egiliis',
2871 5669 2974 5738 nou
3006 5669 3239 5752 'regulas
3281 5669 3388 5731 isibi
3422 5669 3702 5726 submittere-

2177 5761 2387 5815 BtttVtN.
