4002 6456
314 338 451 408 1177
705 332 785 414 [AL
810 356 862 397 c.
904 343 1064 419 1551]

1313 354 1757 418 BYZANTINAZ
1786 358 2167 428 msroam
2208 365 2351 428 LIB.
2394 352 2557 431 xm;

2664 367 2797 439 [ιιρ.
2812 383 2864 439 γι.
2905 382 3190 427 cannam.
3234 373 3290 445 5]

3404 378 3568 451 1178.

314 460 480 527 ἴδρειν
532 459 634 532 τῆς
664 459 759 516 τοῦ
809 462 947 518 Θεοῦ
979 465 1331 535 Ἐκκλησίας.
1385 473 1538 542 Μηδὲ
1571 474 1680 545 γὰρ
1731 470 1870 529 εἶναι

1977 481 2187 548 ta‘pides
2217 487 2283 537 ad
2312 485 2571 540 amussim
2601 488 2931 556 applicabat,
2967 490 3217 561 adeoque
3240 486 3369 561 illis,
3398 503 3541 564 apud

314 549 453 616 σφᾶς
473 549 601 614 τοὺς
629 551 920 623 εἰρηκότας
953 555 1211 630 μᾶλλονῆ
1249 560 1310 613 τό
1346 562 1566 633 Πνεῦμα
1594 565 1656 618 τὸ
1692 565 1869 632 ἅγιον.

310 639 478 709 Δῆλον
505 640 565 694 δὲ
606 643 674 696 ὲκ
708 644 818 697 τῶν
844 644 969 700 καθ’
996 646 1231 704 ἕκαστον
1262 652 1327 704 ἂν
1360 653 1444 723 εἴη
1475 653 1632 709 τοῦτό
1661 672 1724 724 γε
1769 655 1874 725 μά-

308 730 490 786 λιστα.
521 733 642 787 Τῶν
664 734 773 805 γάρ
801 752 884 790 τοι
908 740 1210 809 προφητῶν
1238 742 1506 810 λεγόντων
1539 744 1687 799 ἐστιν
1711 747 1873 810 εὐθὺς

306 822 542 889 ἀκούειν,
572 828 673 896 οὐχ
704 828 787 880 ὅτι
826 847 845 881 ι
869 829 950 884 Τά
1000 833 1096 886 καὶ
1136 836 1206 887 τά
1252 837 1433 906 φαμὲν
1486 839 1680 908 ἡμεῖς’
1735 840 1873 894 ἀλλὰ

256 911 268 930 ‘
313 934 334 967 ι
358 916 498 970 Τάδε
545 918 694 987 λέγει
727 920 933 991 Κύριος
954 940 970 955 ·
1002 926 1099 978 καὶ
1123 926 1193 988 τὰ
1238 928 1331 981 καὶ
1356 928 1424 981 τὰ
1452 931 1782 1000 προστάττει
1810 932 1873 985 τὸ

308 1007 530 1077 Πνεῦμα
557 1011 618 1063 τὸ
650 1011 823 1078 ἅγιον,
859 1032 877 1064 ι
920 1011 1032 1067 Εἶτ’
1064 1016 1234 1071 ἐλθὼν
1267 1020 1293 1071 6
1324 1022 1605 1090 γεννηθεὶς
1629 1025 1693 1077 ὲκ
1721 1026 1872 1095 Παρ-

306 1099 460 1154 θένου
489 1100 622 1165 Θεὸς
651 1103 821 1173 Λόγος
856 1122 875 1175 ι
916 1106 1056 1175 Ἐγὼ
1082 1109 1291 1179 (φησὶν)
1323 1114 1415 1166 ἀπ’
1443 1116 1682 1183 ὲμαυτοῦ
1725 1117 1870 1171 λαλῶ

303 1193 478 1258 οὐδὲν,
510 1193 626 1247 ἀλλ’
668 1196 770 1248 ὅσα
805 1198 944 1268 πρὸς
976 1200 1071 1253 τοῦ
1127 1203 1337 1271 Πατρδς
1363 1207 1626 1275 ἡκηκόειν
1659 1209 1770 1277 (42)
1791 1226 1805 1241 ο
1847 1230 1864 1262 ι

301 1285 572 1338 διδάσκων
603 1288 753 1357 ἡμᾶς
780 1290 1000 1366 οὑτωσὶ,
1036 1292 1111 1362 μὴ
1144 1297 1255 1358 τοῖς
1305 1297 1538 1363 ἑαυτῶν,
1588 1300 1728 1353 ἀλλὰ
1759 1303 1871 1365 τοῖς

299 1372 410 1425 τῶν
464 1374 710 1445 πατρίων
771 1368 1016 1431 κανόνων
1070 1382 1299 1436 ἕπεσθαι
1370 1386 1599 1455 δόγμασι
1654 1405 1715 1442 τε
1775 1392 1871 1444 καὶ

300 1463 467 1532 ὅροις.
521 1465 631 1518 Καὶ
681 1467 987 1538 ἀρξάμενος
1038 1473 1140 1525 οὐκ
1193 1474 1289 1542 ἀφ’
1332 1476 1552 1541 ἑαυτοῦ,
1601 1479 1717 1532 ἀλλ’
1762 1481 1870 1534 άπὸ

301 1553 547 1618 Μωσέως
603 1556 701 1610 καὶ
734 1560 954 1614 πάντων
992 1563 1102 1615 τῶν
1133 1567 1452 1636 προφητῶν,
1503 1570 1869 1642 διηρμήνευεν

300 1647 483 1708 αὐτοῖς
515 1649 583 1700 τά
613 1648 741 1719 περὶ
767 1651 987 1705 ἑαυτοῦ.
1015 1655 1123 1707 Καὶ
1154 1656 1232 1726 τῷ
1261 1658 1495 1732 διαϐόλῳ
1529 1664 1711 1727 πάλιν,
1742 1667 1870 1727 τοὺς

301 1736 480 1799 λίθους
523 1739 723 1808 ἄρτους
765 1744 939 1795 ποιεῖν
968 1745 1337 1814 ἀναγκάζοντι
1381 1754 1603 1817 καὶτὰς
1640 1756 1741 1823 τῆς
1762 1757 1866 1826 γῆς

301 1828 714 1902 ὑπισχνουμένῳ
760 1834 1087 1902 χαρίζεσθαι
1129 1839 1426 1907 βασιλείας,
1484 1847 1583 1897 οὐκ
1639 1845 1793 1901 εἶπεν
1839 1851 1868 1902 6

300 1916 451 1983 Θεὸς,
486 1936 505 1971 ι
541 1920 761 1990 ’Υπαγε
786 1923 962 1978 ὀπίσω
990 1944 1120 1995 μου,
1147 1930 1392 1983 Σατανᾶο
1429 1951 1448 1984 ι
1475 1934 1611 1989 ἀλλά
1642 1938 1739 2000 τὰς
1761 1938 1870 1993 τῶν

300 2011 553 2081 πατέρων
581 2014 943 2083 προϐάλλεται
967 2021 1180 2091 ῥήσεις,
1203 2042 1222 2074 ι
1251 2024 1588 2094 Γέγραπται,
1621 2047 1642 2080 ι
1673 2029 1866 2098 λέγων,

305 2120 326 2153 ι
346 2102 461 2156 Οὐκ
485 2103 574 2157 ἐπ’
609 2106 761 2178 ἄρτῳ
809 2108 959 2181 μόνῳ
999 2111 1540 2189 ζήσεται-ἄνθρωπος
1559 2136 1578 2154 ο
1617 2139 1638 2173 ι
1667 2123 1760 2176 καὶ
1789 2125 1870 2189 δὶς

299 2194 544 2284 καὶῗτρὶς
567 2196 628 2248 τὸ
661 2214 680 2249 ι
715 2197 1032 2269 γέγραπται
1068 2222 1087 2255 ι
1123 2206 1309 2276 τίθησι
1338 2211 1475 2280 πρὸς
1517 2213 1723 2284 ἀκριϐῆ
1748 2232 1871 2268 νου-

297 2282 486 2338 θεσίαν
505 2286 700 2358 ἡμῶν,
730 2294 854 2354 ’τοῖς
882 2293 993 2347 τῶν
1023 2297 1271 2367 πατρίων
1300 2295 1696 2369 ὄρων’κανόσιν
1744 2304 1871 2359 ἒπε-

299 2377 427 2465 σθαι
453 2379 544 2432 διὰ
575 2381 796 2436 πάντων
841 2382 1105 2455 ἄντικρυς
1135 2391 1553 2458 παραγγέλλων.
1589 2394 1700 2446 Καὶ
1742 2397 1870 2465 περὶ

299 2463 392 2518 τοῦ
438 2465 587 2521 θείου
628 2468 685 2522 δὲ
723 2471 1191 2541 ἐπαγγειλάμενος
1228 2477 1565 2548 Ηνεόματοε,
1599 2498 1616 2531 ι
1671 2463 1870 2537 Ἐλθὼν

299 2558 506 2629 (φησὶν)
555 2561 585 2613 6
641 2561 993 2632 Παράκλητος
1053 2566 1146 2633 ἀφ’
1192 2567 1389 2621 ἑαυτοῦ
1421 2569 1645 2640 λαλήσει
1694 2576 1866 2640 οὐδὲν,

299 2649 387 2723 [Ρ.
413 2651 541 2721 57η
574 2653 690 2707 ἀλλ’
722 2656 822 2708 ὅσα
852 2658 917 2708 ἂν
965 2655 1195 2729 ἀκούσῃ.
1226 2676 1247 2710 ι
1288 2655 1404 2714 Εἶτ’
1442 2661 1613 2715 ἐλθὼν
1661 2667 1689 2718 6
1728 2665 1871 2730 θεῖος

298 2744 595 2810 ἀπόστολος
618 2746 851 2812 Παῦλος,
884 2767 903 2801 ι
926 2747 1069 2817 Ἐγὼ
1089 2751 1378 2822 παρέδωκα
1398 2752 1575 2825 (φησὶ)
1593 2755 1697 2811 τῶν
1722 2759 1869 2827 ὲμῶν

297 2836 451 2890 οὐδὲν
477 2838 629 2907 ὑμῖν,
657 2838 882 2908 ἀδελφοὶ
906 2883 922 2907 ,
958 2842 1075 2895 ἀλλ’
1104 2842 1133 2896 ὅ
1163 2845 1258 2897 καὶ
1291 2845 1599 2915 παρέλαϐον
1638 2850 1744 2903 ἀπὸ
1771 2851 1867 2905 τοῦ

310 2928 510 2997 Ἰησοῦ.
550 2949 570 2983 ι
598 2933 710 2985 Καὶ
733 2932 895 2987 πάλιν
918 2934 1169 3005 Τιμοθέῳ
1203 2938 1455 3007 γράφων,
1489 2958 1508 2991 ι
1551 2942 1622 2994 Σὺ
1650 2943 1704 2994 δὲ
1739 2938 1868 3010 μένε

184 3031 193 3039 “
297 3016 511 3093 (φησὶν)
543 3025 601 3076 ἐν
628 3018 710 3088 οἷς
735 3023 939 3094 ἔμαθες
982 3029 1079 3080 καὶ
1108 3028 1420 3100 ἐπιστώθης
1440 3048 1453 3062 ο
1483 3032 1584 3092 τὰς
1620 3034 1676 3087 δὲ
1709 3035 1871 3105 gem)-

292 3112 422 3173 λους
455 3114 821 3181 καινοφωνίας
854 3117 1144 3185 παραιτοῦ.
1184 3137 1202 3170 ι
1257 3122 1365 3174 Καὶ
1398 3121 1591 3174 πάλινο
1629 3141 1647 3174 ι
1684 3126 1749 3179 Εἴ
1778 3144 1865 3190 τις
1897 3159 1939 3215 C

293 3204 428 3272 ὑμῖν
458 3204 876 3273 εὐαγγελίζεται
907 3208 1024 3280 (45)
1065 3211 1221 3281 (φησὶ
1267 3212 1656 3286 Κολοσσαεῦσι)
1690 3222 1820 3287 παρ’
1841 3219 1870 3272 ὃ

293 3297 661 3368 παρελάϐετε,
696 3299 945 3370 ἀνάθεμα
990 3301 1153 3369 ἔστω,
1190 3306 1284 3357 καὶ
1315 3304 1383 3358 ἂν
1419 3307 1650 3375 ἄγγελος
1688 3310 1748 3374 ἐξ
1776 3313 1871 3364 οὺ-

292 3391 463 3462 ρανοῦ
494 3409 577 3454 τις
622 3385 680 3465 ᾗ,
710 3390 814 3445 κᾶν
854 3392 967 3460 ἐγὼ
1001 3394 1230 3460 Παῦλος.
1274 3415 1294 3449 ι
1339 3400 1482 3469 Ὅρα
1513 3402 1717 3472 ὁπόσην
1759 3403 1871 3475 ἔχει

290 3483 396 3551 τὴν
428 3484 579 3552 ἰσχὺν
618 3485 686 3536 τὰ
723 3483 832 3536 τῶν
863 3487 1114 3554 πατρίων
1159 3489 1399 3542 κανόνων
1440 3494 1564 3561 ὅρια
1597 3495 1690 3546 καὶ
1727 3496 1870 3559 ὅσοις

289 3568 407 3625 τισὶ
434 3572 553 3655 τοῖς,
583 3570 857 3640 κλείθροις
904 3573 998 3624 καὶ
1053 3573 1273 3642 μοχλοῖς
1307 3577 1434 3639 τοὺς
1477 3580 1564 3632 ἀεὶ
1597 3580 1871 3652 διαδόχους

288 3659 703 3729 ἁσφαλίζεσθαι
758 3662 1090 3730 διαγέγονεν.
1145 3661 1259 3719 Εἶτ’
1300 3668 1546 3733 ἐλθόντες
1573 3672 1674 3741 τῆς
1719 3675 1872 3727 εὐσε-

202 3752 205 3753 ⁷
289 3752 448 3817 ὄείας
481 3752 714 3824 ἀθληταὶ
739 3753 918 3817 καλῶς
957 3756 1053 3808 ἐπὶ
1105 3757 1182 3827 τῷ
1216 3758 1447 3830 θεμελίῳ
1485 3763 1595 3815 τῶν
1641 3765 1871 3818 ἀποστό-

288 3845 403 3896 λων
426 3845 521 3897 καὶ
543 3845 840 3914 προφητῶν
869 3846 1000 3909 τοὺς
1025 3848 1233 3902 ἑαυτῶν
1260 3849 1620 3922 ᾠκοδόμησαν
1654 3856 1870 3923 ἀγῶνας

292 3936 392 3989 καὶ
411 3934 480 3988 τά
512 3936 829 4004 μαρτυρικά
863 3937 1243 4016 παλαίσματα.
1277 3941 1348 3994 Σὺ
1372 3942 1426 3994 δ’
1457 3944 1506 3996 εί
1540 3946 1614 4014 μὴ
1654 3953 1745 4003 καὶ
1771 3947 1869 4018 τὴν

290 4026 404 4078 τῶν
443 4027 684 4080 κανόνων
731 4027 1029 4092 δουλώσαις
1080 4030 1423 4103 ἐλευθερίαν,
1474 4036 1637 4105 νόμος
1687 4039 1869 4103 αὐτοῖς

291 4115 524 4177 ἐκείνοις
554 4115 860 4184 γινόμενος,
889 4117 1496 4188 άνὶσχυρονέλείπεσθαί
1526 4141 1606 4176 σοι
1639 4126 1868 4193 φάσκεις

289 4205 394 4277 τὴν
424 4205 728 4275 βασιλείαν,
765 4209 862 4261 καὶ
898 4209 1066 4280 μηδὲν
1113 4213 1312 4265 ἐνεῖναι
1350 4215 1520 4287 ταύτῃ
1556 4220 1774 4286 σεμνόν.
1796 4220 1864 4274 El

1973 588 2112 640 quos
2144 574 2198 627 in
2235 590 2338 629 usu
2370 584 2510 641 crat,
2551 577 2725 633 ﬂuxas
2758 596 2988 648 prorsus
3034 590 3090 637 et
3142 583 3388 640 inlirmas
3422 601 3546 655 spes

1973 662 2259 729 allcrebat,
2297 675 2358 720 ut
2389 668 2476 721 vix
2507 669 2575 722 ad
2619 669 2766 724 diem
2814 673 3057 741 proxime
3088 686 3407 742 sequentem
3439 678 3543 730 im-

1975 765 2177 809 motam
2207 772 2324 811 eam
2361 773 2775 826 permansuram
2816 778 2936 818 esse
2967 764 3322 819 conﬁderent.
3368 768 3546 835 Atque

1972 844 2243 915 lucc,qu:e
2276 851 2418 909 dico.
2448 858 2721 905 testantur
2752 868 2882 908 vera
2905 870 3024 910 esse
3055 871 3245 911 omnes
3268 859 3543 921 civitates.

1972 952 2163 993 omnes
2205 942 2549 1011 rcspublicze.
2592 959 2715 997 cum
2755 960 2853 1009 eae,
2885 962 3005 1015 qua:
3054 949 3297 1016 antiquis
3343 950 3547 1019 regulis

1972 1041 2028 1085 ct
2055 1032 2267 1102 legibus
2295 1037 2668 1102 obsequentes
2696 1036 2810 1106 jugi
2853 1038 3086 1106 quadam
3134 1039 3396 1095 felicitate
3424 1058 3547 1109 per-

1972 1123 2269 1189 fruuntur;
2329 1134 2441 1180 tum
2499 1120 2640 1192 illac,
2687 1143 2809 1196 quae
2855 1127 3157 1183 bacchante
3205 1131 3351 1198 apud
3400 1132 3548 1200 ipsas

1971 1216 2190 1270 licentia
2222 1217 2511 1271 continuis
2544 1218 2961 1287 repentinisque
3004 1219 3405 1273 mutationibus
3426 1236 3547 1274 cor-

1972 1318 2323 1374 rumpuntur.
2358 1308 2565 1362 Deinde.
2598 1317 2654 1362 et
2682 1309 2818 1363 illud
2845 1325 3006 1364 sacro
3034 1309 3294 1364 Ecclesiae
3325 1311 3547 1365 decreto

1971 1407 2190 1452 cautum
2233 1409 2337 1464 est,
2368 1413 2438 1453 ne
2470 1398 2633 1468 positi
2671 1415 2702 1455 a
2749 1400 3002 1470 patribus
3036 1400 3258 1454 termini
3290 1415 3548 1455 movean-

1972 1498 2093 1544 tur:
2132 1506 2310 1560 neque
2341 1491 2489 1546 enim
2530 1492 2703 1562 magis
2746 1508 3069 1571 eos_,-quam
3120 1492 3385 1561 Spiritum
3424 1509 3549 1548 sau-

1969 1590 2141 1644 ctum,
2193 1598 2256 1636 ea
2291 1582 2495 1637 dixisse
2534 1600 2657 1653 qum
2689 1584 2953 1638 dixerint.
3000 1585 3168 1653 idque
3201 1600 3267 1637 ex
3315 1584 3548 1654 singulis

1970 1673 2300 1729 testimoniis
2340 1674 2496 1743 plane
2535 1676 2836 1730 constabit.
2869 1675 2944 1730 Ac
2982 1676 3221 1746 primum
3250 1677 3548 1746 prophetas

1970 1761 2161 1815 audire
2191 1770 2277 1817 est.
2322 1762 2606 1827 dicentes,
2639 1779 2747 1817 non
2794 1763 3053 1831 quidem:
3096 1781 3115 1813 ι
3163 1762 3291 1819 llzec
3344 1774 3397 1818 et
3446 1762 3548 1815 ista

1976 1868 2078 1908 nos
2114 1848 2427 1920 dicimusﬁ
2473 1855 2608 1910 sed:
2655 1873 2674 1905 ι
2720 1855 2848 1911 llaec
2897 1855 3032 1910 dicit
3081 1854 3384 1918 Dominus;
3432 1854 3551 1908 lucc
3594 1844 3607 1867 ⁸
3676 1881 3690 1900 ο

1975 1954 2034 1999 et
2068 1946 2171 1999 ista
2212 1946 2366 2016 jubet
2413 1945 2655 2015 Spiritus
2706 1956 2955 2002 sanctus.
3004 1965 3022 1997 ι
3079 1947 3285 2001 Deinde
3332 1947 3551 2018 genitus

1976 2052 2044 2091 ex
2085 2037 2305 2107 Virgine
2334 2038 2477 2092 Deus
2498 2038 2756 2093 'Verbum
2793 2053 2916 2093 cum
2965 2038 3277 2092 advenisset
3308 2056 3320 2090 :
3361 2058 3379 2090 ι
3413 2039 3544 2108 Ego,

1977 2129 2187 2199 inquit,
2231 2145 2260 2183 a
2295 2145 2380 2185 me
2428 2131 2546 2200 ipso
2576 2131 2774 2200 loquor
2817 2130 2985 2195 nihil,
3017 2130 3112 2184 sed
3144 2145 3486 2199 quaecunque
3518 2148 3549 2186 a

1975 2220 2136 2275 Patre
2168 2220 2395 2284 audivi;
2439 2239 2458 2272 ι
2504 2231 2669 2291 atque
2705 2221 2779 2276 ita
2821 2222 3006 2286 docet,
3041 2238 3151 2276 non
3205 2222 3414 2276 nostris
3452 2223 3555 2275 Sed.

1976 2310 2199 2365 Patrum
2242 2311 2481 2381 regulis.
2519 2326 2820 2380 carumque
2882 2312 3220 2380 prmscriptis
3261 2321 3315 2366 et
3353 2310 3550 2367 delini-

1978 2402 2241 2477 tionillus,
2271 2403 2500 2471 obsequi
2550 2418 2648 2457 nos
2689 2402 2912 2459 debere.
2950 2404 3082 2458 ltem
3120 2404 3390 2472 incipiens
3437 2421 3543 2457 non

1977 2509 2006 2548 a
2036 2509 2095 2549 se
2126 2496 2264 2564 ipso,
2297 2494 2391 2549 sed
2424 2510 2453 2549 a
2486 2478 2676 2564 'Moyse
2702 2505 2758 2549 et
2784 2495 3043 2549 omnibus
3070 2495 3551 2571 prophetis.9]6

1976 2585 2566 2656 interpretabaturillis
2589 2600 2711 2655 quae
2733 2585 2800 2639 de
2823 2587 2942 2656 ipso
2967 2598 3145 2640 erant.
3182 2586 3393 2641 Rursus
3430 2586 3549 2640 dia-

1975 2675 2126 2741 bolo,
2167 2692 2339 2747 panes
2377 2692 2445 2730 ex
2490 2677 2766 2746 lapidibus
2802 2677 2982 2731 facere
3023 2674 3261 2747 iubenti,
3298 2688 3355 2731 et
3398 2677 3551 2731 orbis

1979 2775 2138 2821 terra:
2162 2783 2329 2836 regna
2363 2766 2622 2843 daturum
2648 2782 2706 2821 se
2732 2767 3035 2835 pollicenti,
3067 2782 3174 2819 non
3208 2767 3340 2821 dicit
3369 2767 3544 2821 Deus:

1981 2876 2000 2909 ι
2033 2858 2183 2914 Vade
2219 2866 2390 2922 rutro,
2447 2858 2685 2923 Satana;
2724 2876 2743 2909 ι
2800 2858 2894 2914 sed
2928 2859 3151 2913 Patrum
3188 2859 3332 2913 dicta
3367 2874 3546 2928 oppo-

1973 2950 2075 3013 nit,
2110 2958 2163 3003 et
2191 2965 2207 3002 :
2241 2967 2260 3001 ι
2294 2949 2573 3018 Scriptum
2603 2956 2708 3013 est,
2742 2950 2838 3012 ait,
2870 2949 2996 3019 quia
3029 2965 3139 3004 non
3173 2950 3227 3003 in
3255 2950 3370 3003 solo
3406 2966 3548 3018 pane

1974 3039 2121 3095 vivet
2174 3039 2342 3094 homo
2372 3041 2432 3106 ²;
2484 3059 2503 3092 ι
2556 3048 2719 3109 atque
2766 3041 2944 3104 ipsum
2990 3040 3164 3095 illud:
3220 3060 3237 3090 ι
3266 3040 3546 3107 Scriptum

1974 3134 2059 3180 est
2103 3133 2135 3175 ι’
2171 3127 2258 3181 bis
2296 3136 2491 3197 terque
2532 3137 2784 3198 usurpat,
2820 3140 2880 3183 tit
2912 3145 3012 3184 nos
3051 3132 3298 3199 perfecte
3328 3131 3547 3184 erudia-

1979 3234 2122 3280 mur,
2158 3233 2296 3286 quos
2348 3220 2440 3274 ille
2496 3221 2722 3274 Patrum
2774 3221 3194 3277 definitionibus
3239 3230 3294 3275 et
3346 3223 3548 3290 regulis

1979 3324 2075 3377 per
2106 3311 2289 3364 omnia
2322 3311 2550 3379 obsequi
2582 3320 2770 3379 aperte
2794 3312 2971 3382 jubet.
3007 3312 3112 3366 Sed
3152 3320 3206 3365 ct
3230 3314 3299 3364 de
3339 3312 3547 3379 Spiritu

1973 3390 2164 3454 saneto
2199 3402 2568 3468 promittens:
2612 3421 2629 3454 ι
2665 3402 2826 3469 Cum,
2873 3403 3074 3472 inquit,
3108 3404 3431 3457 Paraeletns
3457 3418 3549 3455 ve-

1975 3493 2140 3553 nerit,
2191 3509 2300 3546 non
2356 3494 2616 3562 loquetur
2646 3510 2678 3550 ιι
2713 3496 3034 3565 semetipso,
3080 3495 3175 3550 sed
3206 3511 3550 3563 quacunque

1973 3582 2214 3636 audierit
2244 3583 2502 3651 loquetur
2532 3584 2573 3636 ’.
2609 3601 2628 3634 ι
2670 3584 2876 3640 Deinde
2922 3586 2985 3640 D.
3014 3585 3221 3638 Paulus
3265 3586 3549 3650 apostolus

1972 3673 2243 3728 veniens:
2282 3691 2301 3723 ι
2336 3673 2471 3744 Ego,
2508 3674 2706 3742 inquit,
2738 3690 2922 3730 meum
2956 3675 3093 3729 nihil
3131 3677 3287 3730 vobis
3324 3677 3547 3741 tradidi,

1974 3762 2199 3827 fratres,
2246 3762 2341 3817 sed
2376 3764 2524 3833 quod
2558 3773 2615 3819 et
2644 3766 2830 3836 accepi
2864 3783 2893 3820 a
2937 3754 3066 3821 Jes'u
3103 3767 3142 3821 ³.
3185 3787 3201 3818 ι
3238 3769 3450 3822 Rursus
3481 3772 3549 3821 ad

1972 3852 2322 3907 Timotheum
2369 3855 2622 3910 scribens
2667 3873 2682 3909 :
2746 3875 2765 3907 ι
2818 3857 2899 3911 Tu
2952 3873 3108 3922 vero,
3181 3859 3381 3926 inquit,
3428 3876 3549 3926 pcr-

1973 3960 2131 3997 mane
2178 3945 2235 3999 in
2287 3945 2354 4000 iis
2381 3985 2396 4010 ,
2428 3961 2552 4014 qua:
2594 3946 2834 4002 didicisti
2892 3956 2950 4002 et
2996 3948 3206 4002 credita
3239 3959 3367 4002 sunt
3403 3949 3497 4001 tibi
3530 3965 3544 4001 :

1970 4037 2226 4107 profanas
2268 4043 2454 4091 autem
2506 4053 2704 4113 vocum
2760 4039 3038 4093 novitates
3086 4040 3290 4096 devita.
3325 4059 3343 4090 ι
3398 4041 3546 4093 Rur-

1971 4143 2112 4183 sus:
2180 4147 2198 4180 ι
2244 4127 2299 4182 Si
2358 4130 2483 4198 quis
2541 4129 2700 4184 vobis
2758 4130 3253 4200 cvangelizaverit,
3288 4151 3306 4183 ι
3371 4133 3549 4200 inquit

1971 4220 2408 4289 Colossensibus,
2451 4242 2471 4274 ι
2511 4233 2706 4293 praeter
2747 4224 2798 4278 id
2853 4234 2990 4293 quot
3034 4224 3361 4293 accepistis,
3414 4240 3549 4277 ana-

296 4296 411 4367 γὰρ
440 4296 584 4368 ἅπερ
620 4298 828 4368 ἄλληλα
860 4300 1072 4368 πέφυκε
1116 4306 1393 4374 συνιστᾷν,
1433 4308 1585 4360 ταῦτ’
1623 4310 1867 4381 ἀλλήλων

1975 4314 2161 4379 thema
2214 4324 2358 4379 esto,
2403 4317 2508 4370 etsi
2553 4316 2783 4386 angelus
2831 4317 3101 4387 quispiam
3150 4317 3218 4369 de
3265 4316 3407 4369 coelo
3452 4317 3546 4379 sit,

292 4393 503 4460 φαῖμεν
527 4384 668 4443 εἶναι
700 4390 998 4459 φθαρτικὰ,
1025 4388 1175 4446 όύδὲν
1204 4393 1286 4446 ἔτι
1324 4395 1530 4450 τούτων
1560 4398 1867 4470 λελείψεται

1972 4405 2073 4461 etsi
2114 4420 2216 4475 ego
2269 4406 2474 4460 Paulus
2501 4406 2544 4459 ⁸.
2576 4424 2594 4457 ι
2650 4406 2785 4467 Vide
2830 4417 3089 4476 quantam
3147 4409 3254 4460 vim
3308 4406 3547 4460 habeant

289 4480 395 4548 τῆς
421 4481 625 4543 οίκείας
653 4481 754 4533 οὐκ
785 4481 1138 4552 ἐξιστάμενον
1166 4484 1415 4554 φύσεως*
1441 4489 1537 4540 καὶ
1570 4492 1681 4553 τοῖς
1707 4491 1863 4546 τοῦτο

1972 4486 2191 4554 termini
2241 4513 2272 4552 a
2338 4498 2592 4552 Patribus
2640 4500 2949 4564 constituti,
3000 4511 3136 4567 quot
3188 4498 3460 4568 repagulis
3492 4506 3548 4551 et

294 4572 676 4643 συγχωροῦσιν
705 4572 817 4626 ἄνω
866 4573 1128 4643 ποταμῶν
1161 4576 1503 4646 συμϐήσεται
1546 4584 1740 4652 χωρεῖν
1765 4584 1864 4648 τὰς

1972 4590 2223 4645 vectibus
2253 4601 2620 4644 coerceantur
2665 4592 2726 4655 ii,
2763 4593 2862 4660 qui
2892 4601 3156 4660 perpetrm
3193 4591 3547 4644 successione

292 4663 502 4730 πηγάς.
553 4661 628 4716 Οὐ
660 4662 770 4730 γὰρ
800 4656 844 4729 ᾧ
885 4662 995 4715 τῶν
1042 4667 1289 4736 πατρίων
1331 4669 1569 4723 κανόνων
1597 4673 1692 4725 καὶ
1724 4690 1866 4739 γνω-

1969 4695 2066 4735 eos
2131 4680 2422 4750 excepturi
2491 4690 2642 4736 sunt.
2716 4682 2854 4735 Tum
2926 4682 3205 4735 subsecuti
3267 4681 3549 4749 religionis

293 4752 635 4824 μῶνέάρχειν
686 4753 939 4845 βούλεταί
983 4772 1088 4819 τις,
1136 4756 1196 4809 τὸ
1251 4761 1449 4828 σεμνὸν
1495 4764 1560 4832 τῇ
1619 4762 1867 4836 βασιλείᾳ

1972 4771 2178 4842 pugiles
2212 4787 2380 4841 super
2428 4774 2808 4842 apostolorum
2834 4783 2887 4827 et
2922 4777 3316 4845 prophetarum
3352 4776 3548 4829 funda-

287 4845 603 4914 περιποιείο
639 4843 755 4896 ἀλλ’
786 4837 831 4911 ᾧ
863 4846 975 4907 τοῖς
1026 4848 1279 4916 πατρίοις
1312 4852 1505 4903 κανόσι
1539 4853 1635 4905 καὶ¹
1678 4854 1865 4925 νόμοις

287 4936 541 4988 ὑπείκειν
573 4935 782 4989 ἐθέλει·
823 4938 921 5007 οὐχ
961 4938 1063 5002 ἕως
1108 4939 1174 4992 ἂν
1210 4946 1511 5011 σωφρονεῖν
1541 4962 1627 5007 τις
1670 4947 1864 5013 ἐθέλοι,

205 5033 247 5063 ⁸
287 5028 467 5097 ἄλλως
500 5028 643 5097 ἔχειν
688 5031 992 5099 συγχωρεῖν
1040 5030 1252 5100 οὖδαμῆ
1303 5033 1425 5087 ποθ’
1456 5034 1617 5089 ἕλοιτ’
1663 5035 1729 5089 ἂν
1771 5040 1863 5091 οὐ-

1967 4871 2153 4915 mento
2207 4878 2306 4917 sua
2357 4863 2658 4917 certamina
2721 4880 2931 4932 suaque
3000 4866 3259 4936 martyria
3319 4865 3545 4934 pulchre

1965 4952 2338 5008 azdilicaruut.
2389 4954 2671 5021 Tut‘ero,
2710 4956 2813 5009 nisi
2867 4958 3180 5025 regularum
3235 4957 3545 5013 libertatem

1969 5040 2024 5093 in
2061 5044 2385 5095 servitutem
2429 5044 2664 5114 redigas,
2707 5044 2816 5099 nisi
2866 5047 3043 5117 legem
3099 5047 3207 5102 illis
3260 5062 3312 5103 te
3366 5048 3543 5117 ipsum
3588 5026 3596 5053 ⁶

367 5167 385 5199 ³
416 5167 607 5223 Matth.
648 5184 720 5234 tv,
753 5169 841 5223 10.
917 5171 937 5201 ³
967 5168 1129 5224 Joau.
1161 5178 1271 5238 xvi,
1301 5173 1388 5228 l5.
1471 5174 1492 5206 ³
1524 5173 1543 5228 1
1571 5174 1699 5231 Cor.
1735 5193 1809 5240 ιι,
1848 5177 1870 5231 ﬁ

2018 5179 2037 5211 ’⁸
2067 5179 2245 5235 Galat.
2277 5198 2320 5247 ι,
2351 5183 2406 5237 8.

1637 5315 1967 5379 Variorum
2000 5325 2188 5380 notae.

364 5404 474 5476 (62)
509 5403 626 5458 Non
655 5418 720 5458 ea
752 5405 867 5492 ipsa
895 5407 1222 5492 sun-tnver‘ba
1244 5449 1258 5470 .
1288 5424 1409 5478 qum
1432 5410 1692 5492 leguntur
1717 5417 1860 5492 apud

1972 5434 2025 5492 su
2053 5400 2247 5492 octavo
2268 5419 2479 5492 legitur
2515 5436 2547 5492 εΔ
2576 5418 2738 5492 Ϊᾼλλά
2772 5421 2867 5475 καὶ
2908 5422 3003 5475 ἐὰν
3036 5421 3216 5492 ἡμεῖς,
3247 5423 3278 5492 ἥ
3309 5422 3540 5488 ἄγγελος

291 5476 555 5562 Joannem
601 5489 720 5562 cap:
762 5490 957 5562 Χιχκν.
990 5476 1093 5559 10..
1119 5476 1389 5543 Gregoras
1428 5476 1539 5560 no'u
1564 5483 1690 5562 .hoc
1723 5476 1860 5562 "loco

2061 5476 2749 5562 οόρανοῦξὺαγγελίξηται
2804 5493 2953 5560 ὑμῖν,
3004 5476 3137 5562 παρ’
3168 5476 3216 5543 δ’
3253 5476 3542 5561 έὺηγγελιῖ-

288 5545 491 5668 igniti,
528 5543 622 5599 sed
657 5552 714 5598 et
759 5546 889 5600 alibi
951 5547 1174 5615 possint,
1212 5553 1489 5604 memoriae
1523 5554 1686 5608 nimis
1718 5553 1856 5609 fidit.

375 5629 503 5667 IVIN.

375 5629 503 5667 IVIN.

1960 5559 2171 5626 σάμεοα
2221 5560 2371 5627 ὑμῖν,
2420 5560 2673 5627 ἀνάθεμα
2711 5561 2873 5615 ἔστω.
2924 5559 3096 5614 Versu
3125 5559 3523 5628 antelttunnn,

1957 5628 2151 5702 Et?”
2203 5631 2341 5698 ὑμᾶς
2392 5630 2802 5702 εθαγγελίξεται
2834 5670 2849 5694 ,
2907 5629 3036 5700 παρ’
3083 5632 3112 5683 δ
3161 5632 3531 5702 παρελάϐετε,

362 5684 475 5758 (ῤὸ)
509 5682 722 5758 Etnharc
779 5699 998 5758 quoque
1026 5685 1312 5758 Gregoras,
1360 5690 1534 5744 fallaci
1576 5695 1852 5750 memoria:

1972 5698 2205 5751 ίνᾰΟεια
2238 5682 2397 5751 ἔστω.
2440 5682 2552 5753 Bst.
2576 5715 2654 5754 IN.

296 5754 519 5807 collsus.
563 5751 695 5806 Nam
730 5756 870 5821 apud
913 5751 1243 5813 l’auluufad
1279 5751 1452 5815 Galat.
1491 5777 1609 5822 Cap.
1646 5778 1685 5823 ι,
1730 5781 1851 5818 ver-
