4002 6452
284 376 435 442 1185
672 372 747 444 la.
778 372 1018 443 c.1155”

1267 375 1707 439 BYZANTINxE
1748 374 2137 434 HlSTﬂRL-E
2179 374 2327 437 LIB.
2362 375 2521 435 Xix.
2650 368 2835 442 [mm
2897 384 3193 427 CANTACCZ.
3231 372 3286 444 δ]
3404 377 3537 442 “se

314 486 579 558 ἶαρλαὰμ,
604 487 729 539 ὅσον
789 488 871 540 σοί
901 503 964 554 γε
1016 485 1219 557 χρεών·
1260 487 1317 550 ὃς
1360 488 1566 558 ἔπηλυν
1595 487 1724 541 ὄντα
1779 505 1858 540 το-

1975 488 2134 540 sitatc
2162 488 2459 540 adstrictos
2486 503 2586 540 nos
2612 497 2899 557 putamus;
2931 489 3097 559 idque
3143 493 3351 546 arctius
3374 511 3538 563 quam

292 580 499 645 σαύτην
527 579 604 640 είς
630 578 790 631 αὑτὸν
820 577 1070 642 ἐνεδείξω
1091 578 1291 642 ξενίαν,
1325 583 1420 630 καὶ
1438 578 1580 631 οὕτω
1604 580 1667 631 λα
1679 578 1865 647 μπρὰν

288 670 390 738 τὴν
418 667 698 735 δαψίλειαν
722 666 871 736 αύτῷ
906 668 1049 719 κατὰ
1079 669 1236 722 πάντ’
1267 669 1527 736 ἐχαρίσω,
1565 669 1639 730 ὡς
1672 668 1863 734 ἐτέρου

288 762 371 829 μὴ
394 759 601 812 δεῖσθαί
631 776 688 810 σε
722 758 997 828 μάρτυρος
1028 760 1061 829 ἢ
1093 759 1313 813 σαυτοῦ.
1341 758 1493 812 Ὥστ’
1520 760 1617 811 οὐκ
1648 759 1770 828 ἐμοί
1806 774 1863 809 σε

289 849 470 920 χρεὼν
495 850 750 916 ἐγκαλεῖν
782 849 851 901 δι’
878 853 1086 902 ἐκεῖνον
1114 850 1210 902 καὶ
1250 849 1350 920 τὴν
1380 850 1590 901 ἐκείνου
1628 850 1864 916 συνεχῶς

288 939 591 1009 προφέρειν
626 939 803 991 αἰτίαν
833 938 1032 1008 μᾶλλον
1065 939 1097 1009 ἢ
1128 938 1328 1009 σαυτῷ.
1366 939 1441 992 Οὐ
1469 938 1575 1008 γὰρ
1604 937 1767 1006 ἔγωγ’
1798 939 1864 990 ἂν

288 1028 454 1090 αὐτὸς
480 1031 507 1081 ὁ
540 1032 656 1092 ταῖς
691 1029 985 1098 ὑπεροχαῖς
1018 1033 1133 1098 εἰμι
1159 1031 1265 1083 τῶν
1291 1031 1465 1099 τιμῶν
1488 1029 1601 1099 (46)
1635 1032 1713 1092 είς
1738 1031 1867 1096 ἀγέ-

292 1138 468 1190 ρωχον
497 1122 702 1172 ἐκεῖνον
735 1121 955 1190 ἐγείρας
988 1121 1159 1191 ὀφρῦν
1192 1124 1287 1173 καί
1345 1121 1620 1191 μετέωρον
1667 1124 1866 1191 φρύνη-

292 1228 414 1280 μα⁶
450 1212 563 1264 οὐδ’
608 1212 770 1280 ἔγωγ’
823 1213 985 1275 αὐτὸς
1034 1216 1060 1264 ό
1094 1215 1559 1285 μεγαλορρήμονά
1604 1232 1684 1266 σοι
1719 1214 1863 1266 διδά-

292 1304 515 1369 σκαλον,
545 1305 639 1358 καὶ
659 1304 744 1356 διὰ
774 1304 867 1356 σοῦ
897 1307 1007 1365 τοῖς
1028 1305 1205 1366 ἄλλοις
1232 1304 1394 1355 αὑτὸν
1432 1304 1524 1356 τοῦ
1566 1303 1711 1356 θείου
1735 1288 1863 1355 ’Διο-

290 1395 478 1447 νυσίου
538 1397 945 1465 χειροτονήσας,
981 1396 1076 1447 καὶ
1106 1395 1220 1465 ἅμα
1266 1395 1585 1464 διαπρύσιον
1616 1393 1703 1466 [Ρ.
1735 1394 1862 1465 581]

292 1486 537 1555 ὲρμηνέα
575 1488 684 1538 τῶν
716 1487 998 1557 μυστικῶν
1038 1487 1138 1554 τῆς
1178 1488 1500 1556 Ἐκκλησίας
1554 1487 1860 1556 δογμάτων,

292 1579 389 1630 καὶ
413 1580 511 1630 ὅσα
538 1580 634 1647 τῆς
668 1577 791 1631 καθ’
824 1579 970 1648 ἡμᾶς
1012 1578 1288 1644 θεολογίας
1320 1580 1428 1632 είσὶ⁵
1470 1583 1741 1647 μυστήρια
1770 1576 1865 1630 καὶ

289 1671 361 1723 δι’
401 1669 541 1725 αύτά
566 1687 631 1736 γε.
656 1668 828 1722 ταῦτα
856 1671 950 1722 καὶ
978 1670 1047 1723 τὰ
1088 1670 1333 1736 τοιαῦτα,
1376 1669 1473 1739 τὴν
1506 1671 1736 1738 πάτριον
1759 1671 1864 1738 γῆν

289 1761 351 1810 ὲν
405 1760 643 1829 δευτέρῳ
684 1758 856 1811 θεῖναι
909 1758 1005 1830 τῆς
1055 1760 1362 1827 ἀλλοδαπῆς
1416 1761 1651 1827 ταυτησὶ
1702 1760 1862 1812 αὑτὸν

1972 578 2121 629 illum
2192 575 2368 644 ipsum
2423 576 2733 632 Tantalum.
2775 593 2937 645 quem
2993 578 3045 629 iu
3108 579 3286 631 media
3343 582 3540 649 palude

1968 673 2114 720 stare
2150 680 2209 720 et
2255 668 2588 735 seu-piterna
2641 669 2729 722 siti
2786 669 2980 722 ardere
3038 679 3263 723 narrant
3320 672 3538 733 fabula-,

1969 760 2167 811 timere
2199 769 2384 811 autem
2416 772 2632 826 semper
2669 758 2783 810 saxi
2816 758 2964 810 illius
3009 758 3224 826 pondus
3259 758 3540 827 iniquissi-

1969 865 2139 908 mum.
2172 864 2271 901 nec
2296 864 2419 901 cum
2455 863 2513 902 se
2546 848 2767 901 inclinat
2806 863 2963 915 posse
3001 849 3209 902 bibere.
3247 849 3314 902 At
3362 859 3415 902 tu
3438 852 3539 903 .sic

1968 937 2180 1007 agendo
2219 954 2324 989 non
2369 936 2574 1006 judicis
2622 951 2830 987 morem
2876 951 3100 999 servas,
3152 937 3247 989 sed
3297 937 3537 1006 speciem

1969 1044 2079 1096 prze
2118 1041 2168 1081 te
2214 1026 2325 1079 fers
2366 1027 2484 1094 ejus
2525 1026 2651 1087 viri,
2680 1025 2773 1093 qui
2817 1026 3075 1077 atrociter
3125 1025 3438 1090 insidietur,
3481 1037 3536 1080 et

1969 1119 2184 1172 hostilis
2233 1118 2286 1169 in
2346 1134 2447 1171 nos
2497 1118 2664 1170 animi
2717 1116 3093 1185 gladiatoriam
3149 1118 3533 1193 crudelitatem

1966 1224 2146 1266 acuat.
2205 1212 2366 1279 Atqui
2425 1228 2531 1264 non
2590 1217 2739 1262 tanta
2789 1218 2873 1263 est
2926 1208 3087 1261 nobis
3138 1209 3204 1263 de
3251 1210 3536 1263 Barlaamo

1967 1321 2118 1368 cura,
2175 1314 2377 1372 quanta
2416 1318 2538 1357 eSsc
2589 1302 2684 1355 tibi
2722 1302 2823 1370 ipsi
2875 1301 3073 1365 debet;
3107 1302 3200 1371 qui
3246 1302 3357 1367 illi,
3410 1318 3535 1356 cum

1964 1403 2112 1447 esset
2168 1394 2415 1457 advena,
2475 1392 2555 1445 sic.
2605 1391 2901 1465 benignum
2958 1398 3010 1444 te
3062 1392 3333 1459 hospitem
3396 1406 3536 1459 ιιι-α)-
3592 1418 3611 1429 κ

1968 1486 2245 1546 buiSti,ita
2277 1483 2561 1552 splendide
2579 1493 2635 1536 et
2663 1484 2870 1551 prolixe
2903 1481 2956 1535 in
2988 1482 3247 1537 ouinibus
3265 1484 3539 1551 gratilica-

1968 1586 2053 1631 lus
2082 1576 2244 1644 923
2277 1591 2357 1641 es,
2393 1585 2452 1628 ut
2491 1574 2619 1643 ejus
2642 1574 2718 1627 rei
2766 1590 2874 1627 non
2919 1574 3028 1627 alio
3064 1583 3199 1651 teste
3233 1588 3393 1638 egeas
3428 1574 3534 1627 nisi

1966 1669 2163 1735 teipso.
2191 1666 2557 1731 Quamobrem
2597 1680 2706 1717 non
2753 1664 2887 1717 mihi
2927 1673 2978 1717 te
3010 1665 3128 1733 ejus
3173 1680 3335 1718 causa
3384 1665 3537 1718 litem

1967 1774 2186 1811 tumere
2223 1773 2438 1825 aequum
2485 1765 2589 1819 est,
2630 1770 2733 1809 nec
2784 1755 2850 1808 de
2903 1770 2969 1807 eo
3013 1756 3223 1809 crimen
3273 1764 3538 1824 perpetuo

290 1849 608 1915 ἀναγκάσας
634 1862 647 1876 ⁸
677 1847 787 1900 οὐδ’
814 1847 981 1915 ἔγωγ’
1008 1847 1172 1910 αὐτὸς
1200 1847 1232 1898 ό
1271 1847 1363 1899 καὶ
1392 1846 1533 1897 κατὰ
1564 1846 1745 1915 πάσης
1766 1846 1858 1897 άλ-

1966 1848 2129 1916 objici
2164 1848 2297 1900 miln
2331 1848 2501 1915 magis
2526 1861 2685 1913 quam
2714 1844 2830 1898 tibi.
2857 1844 2974 1898 Non
3006 1844 3151 1897 enim
3186 1846 3231 1896 is
3260 1859 3360 1913 ego
3391 1859 3533 1907 sum,

287 1938 387 2005 λης
424 1936 710 2005 Ῥωμαίων
740 1936 937 2004 σοφίας
983 1934 1234 1987 ἐντεῦθεν
1265 1935 1426 1986 αὑτὸν
1484 1936 1719 2004 μανῆναι
1759 1950 1862 1986 πε-

289 2022 532 2085 πεικὼς·
570 2024 687 2075 ἀλλ’
721 2023 886 2093 ἔγωγ’
943 2022 1105 2085 αὐτὸς
1128 2025 1155 2075 ό
1184 2025 1286 2086 τὰς
1332 2022 1552 2092 κέδρους
1609 2022 1722 2092 είμὶ
1759 2023 1861 2093 τῆς

286 2116 490 2185 ὀφρύος
523 2116 731 2169 ἐκείνου
773 2115 1073 2186 συντρίψας
1109 2115 1448 2185 περιφανῶς,
1493 2115 1745 2184 καθάπερ
1771 2115 1859 2167 ὅτε

285 2206 424 2277 δρῦν
448 2207 540 2259 καὶ
565 2208 759 2277 κέδρον
788 2207 885 2260 καὶ
918 2207 1256 2276 κυπάριττον
1291 2208 1601 2277 ὰπογυμνοῖ
1640 2207 1742 2276 τῆς
1766 2208 1861 2259 κό-

291 2315 402 2367 μης
439 2297 702 2369 ύλοτόμου
734 2298 997 2369 βρίθουσα
1037 2298 1261 2368 παλάμη
1284 2310 1298 2325 ⁸
1331 2299 1494 2368 ἔγωγ’
1530 2300 1690 2363 αὐτὸς
1722 2302 1864 2354 ἐκεῖ·

284 2390 377 2453 νός
409 2391 527 2459 εἰμι
557 2393 586 2443 ὁ
623 2392 744 2443 τότε
778 2390 1060 2453 συστείλας
1109 2390 1204 2443 καὶ
1238 2391 1601 2461 ἀναχαιτίσας
1627 2393 1857 2456 ἐκεῖνον,

285 2479 347 2531 ἔν
370 2494 428 2530 τε
455 2478 664 2547 γαλήνῃ
692 2477 919 2546 καρδίας
944 2478 1038 2530 καὶ
1062 2477 1181 2545 ἅμα
1219 2480 1285 2549 τῇ
1312 2481 1411 2548 τῆς
1434 2478 1713 2546 ἀσφαλοῦς
1742 2481 1864 2532 ἐπι-

289 2571 505 2639 στήμης
536 2570 830 2640 ἐπιεικείᾳ,
862 2570 1114 2639 καθάπερ
1141 2572 1409 2640 παράλιος
1435 2571 1665 2641 ψάμμος
1696 2574 1856 2641 ἀγριο

284 2664 528 2730 ουμένην
557 2661 835 2715 θάλασσαν
855 2678 870 2694 ·
902 2663 1026 2731 ἥτις
1068 2664 1271 2716 ὁπόταν
1311 2663 1577 2734 ὑϐριστὴς
1612 2667 1707 2718 καὶ
1736 2665 1864 2732 ἀγέ-

286 2769 461 2822 ρωχος
486 2754 709 2821 ἄνεμος,
735 2754 943 2808 ἄνωθέν
974 2757 1138 2807 ποθεν
1166 2756 1223 2820 ἐξ
1250 2756 1530 2824 ἁρκτικῶν
1556 2756 1863 2826 καταρρεύ·

287 2857 390 2903 σας
424 2841 640 2910 πηγῶν,
680 2842 855 2911 αὐτῆς
889 2843 1252 2913 άναμοχλεύει
1295 2845 1365 2897 τὰ
1395 2845 1636 2915 κύματα,
1661 2846 1859 2912 διεγεί-

285 2931 442 3000 ρεταί
491 2948 552 2982 τε
605 2932 741 3001 πρὸς
777 2933 1078 3002 ἀνήκεστον
1101 2933 1310 3003 ,θράσος
1341 2935 1436 2987 καὶ
1472 2935 1691 2988 ἀπειλεῖ
1718 2936 1863 2989 κατὰ

282 3022 385 3091 τῆς
408 3022 638 3093 ἠπείρου
662 3024 901 3093 πόλεμον
925 3025 1236 3095 περιφανῆο
1264 3024 1382 3077 ἀλλ’
1401 3026 1625 3079 ἐπειδὰν
1652 3028 1860 3097 ἀκούσῃ

281 3115 384 3181 τῆς
412 3116 594 3183 φωνῆς
625 3116 724 3184 τῆς
764 3116 1036 3186 παραλίου
1067 3116 1321 3187 ψάμμου,
1374 3116 1609 3187 χείλεσιν
1656 3118 1859 3187 ἀφθόγ·

1963 1941 2120 2008 Cujus
2166 1954 2248 2004 οιιι
2275 1955 2332 1991 ra
2385 1938 2475 1990 ille
2527 1937 2595 1989 ad
2650 1937 2888 1989 honores
2944 1935 3266 1988 immodicos
3313 1946 3540 1991 evectus

1963 2032 2321 2095 supercilium
2361 2030 2613 2083 attollere
2645 2038 2702 2083 et
2735 2026 2932 2082 etierre
2965 2041 3023 2079 se
3059 2026 3382 2081 insolentius
3426 2042 3538 2081 cce-

1963 2125 2132 2191 perit;
2172 2136 2349 2191 neque
2380 2119 2426 2173 is
2463 2135 2606 2182 sum,
2652 2119 2746 2188 qui
2790 2134 2915 2172 eum
2950 2118 3048 2171 tibi
3078 2127 3133 2171 et
3179 2119 3303 2171 aliis
3347 2134 3442 2179 per
3482 2125 3533 2173 te

1961 2212 2135 2264 sancti
2162 2210 2404 2282 Dionysii
2441 2208 2705 2263 doctrina:
2745 2210 3061 2279 magistrum
3088 2209 3531 2277 grandiloquum,

1961 2318 2397 2370 arcanorumque
2421 2301 2675 2355 Ecclesia:
2701 2301 3014 2368 dogmatum
3040 2310 3097 2353 et
3125 2316 3292 2352 sacra:
3322 2300 3533 2353 theolo-

1962 2393 2063 2464 gia:
2092 2388 2478 2462 mysicriorum
2517 2394 2871 2459 interpretem
2909 2390 3225 2452 altisonmn,
3255 2407 3377 2444 meo
3416 2391 3532 2447 sui"-

1963 2478 2137 2549 l‘ragio
2183 2478 2586 2543 constituerim,
2631 2495 2695 2533 ac
2726 2495 2820 2548 per
2858 2479 2971 2533 lure
3007 2481 3143 2549 ipsa,
3185 2482 3398 2550 aliaque
3448 2481 3534 2535 his

1962 2574 2184 2640 similia,
2232 2574 2412 2627 solum
2462 2573 2640 2626 natale
2690 2573 2981 2642 peregrino
3030 2574 3157 2627 huic
3207 2575 3536 2642 posthabere

1960 2662 2267 2734 euegeri'm;
2304 2665 2541 2732 denique
2570 2666 2615 2719 is
2656 2680 2762 2717 non
2795 2680 2939 2726 sum.
2971 2667 3127 2735 cujus
3163 2666 3253 2720 ille
3287 2682 3451 2719 suasu
3482 2675 3539 2720 ct

1962 2756 2231 2810 instinctu
2282 2755 2339 2809 in
2383 2757 2645 2823 reliquam
2678 2771 2894 2809 omnem
2935 2757 3305 2811 Romanorum
3350 2756 3537 2811 erudi-

1964 2846 2170 2902 tionem
2206 2848 2503 2902 bacehatus
2533 2848 2624 2902 sit.
2675 2847 2788 2901 lmo
2821 2847 2912 2901 ille
2957 2848 3074 2916 ipse
3108 2863 3251 2916 sum,
3292 2849 3384 2915 qui
3423 2850 3538 2919 t'jUS

1963 2938 2234 3006 superbia:
2283 2937 2477 2991 cedrus
2525 2937 2701 3007 palam
2754 2937 3031 3006 confregi;
3081 2918 3535 3007 velut‘lignator,

1963 3028 2057 3097 qui
2082 3027 2262 3081 valida
2284 3042 2450 3080 manu
2480 3040 2767 3095 quercum,
2795 3035 2889 3078 aut
2912 3025 3160 3082 cedrum.
3193 3034 3288 3077 aut
3314 3040 3539 3092 cupres-

1964 3134 2083 3173 sum
2107 3133 2263 3173 coma
2288 3125 2492 3172 exuat:
2526 3116 2614 3170 ille
2637 3117 2753 3185 ipse
2776 3130 2919 3175 sum,
2944 3114 3039 3183 qui
3059 3130 3185 3167 eum
3215 3125 3347 3167 tunc
3368 3114 3536 3166 animi

283 3221 404 3272 γοις
452 3207 937 3279 ἀναγινωσκούσης
972 3208 1101 3270 τοὺς
1159 3209 1391 3270 κανόνας
1421 3208 1514 3261 τοῦ
1549 3208 1857 3274 κτίσαντος,

1963 3210 2362 3280 tranquillitate
2396 3215 2452 3262 et
2491 3207 2678 3261 solidae
2710 3206 2951 3259 scientia:
2986 3205 3253 3257 modestia
3289 3204 3536 3258 continui

281 3293 448 3356 εὐθὺς
474 3296 770 3366 ἀναχωρεῖ,
813 3298 1068 3368 προφανῆ
1108 3298 1362 3352 δειλιῶσα
1396 3298 1532 3351 Θεοῦ
1585 3301 1861 3371 προστάγ-

284 3400 434 3450 ματα
458 3386 551 3438 καὶ
569 3387 997 3458 ἁναχαιτίξουσα
1032 3389 1200 3442 παύει
1223 3389 1629 3459 θρασυνόμενον
1652 3392 1855 3461 ῥόθιον.

287 3478 407 3539 Πῶς
436 3476 530 3532 οὖν
561 3481 625 3531 ἄν
646 3498 735 3543 τις
761 3480 840 3551 τῷ
871 3482 1103 3551 τοιούτῳ
1138 3484 1434 3551 στέρξειεν,
1464 3483 1613 3547 ὅστις
1643 3484 1736 3537 τὸν
1759 3486 1859 3537 αύ-

279 3567 376 3618 τὸν
408 3565 504 3619 ἐπὶ
552 3570 664 3632 τοῖς
695 3569 880 3632 αὐτοῖς
918 3570 1013 3623 νῦν
1048 3572 1148 3641 μὲν
1177 3574 1411 3635 ἐπαινεῖ,
1438 3572 1534 3624 νῦν
1557 3573 1615 3626 δὲ
1655 3574 1855 3643 ψέγεις

287 3658 387 3709 Ὃν
417 3657 526 3729 γάρ
550 3661 629 3722 είς
659 3660 856 3731 αἰθέρα
884 3662 1050 3731 φάναι
1072 3663 1269 3732 ἀνῆγες
1301 3664 1460 3726 τέως,
1490 3665 1563 3725 ὡς
1584 3666 1643 3717 ἐν
1677 3666 1859 3718 θεολο·

278 3745 431 3812 γίαις
484 3745 797 3815 κράτιστον,
854 3749 1023 3818 μηδὲν
1094 3750 1273 3802 εἰδότα
1323 3749 1592 3814 δεικνύεις
1628 3753 1855 3822 ἀρτίως.

282 3836 412 3900 Πῶς
446 3837 490 3889 δ’
531 3838 598 3893 ἄν
625 3855 710 3901 τις
747 3840 871 3909 ἐμοὶ
906 3839 1184 3910 νεμσῴη,
1227 3843 1433 3894 ἐκεῖνον
1474 3842 1567 3896 καὶ
1605 3842 1728 3894 τότε
1764 3846 1859 3897 καὶ

280 3926 381 3981 νῦν
410 3929 504 3981 ἐπὶ
559 3931 669 3991 τοῖς
697 3928 881 3992 αὐτοῖς
912 3930 1110 3999 ἐπίσης
1156 3929 1508 4000 λοιδοροῦντι,
1539 3930 1626 3999 ἐφ’
1654 3928 1734 3994 οἷς
1792 3934 1857 4002 ὴ-

282 4021 385 4089 μῖν
409 4019 612 4091 δηλαδὴ
642 4021 1035 4091 πεπολέμηκες
1065 4021 1210 4089 λέγω
1244 4023 1311 4092 δὴ
1365 4023 1440 4093 τῷ
1467 4024 1599 4095 περ)⁵
1615 4024 1855 4095 Ἕλληνα

279 4114 441 4181 λόγον
462 4113 557 4166 καί⁹
580 4112 678 4184 τὴν
714 4113 949 4183 θύραθεν
983 4114 1230 4169 παιδείαν
1257 4093 1656 4184 χωλεύεινντὸν
1684 4093 1855 4187 ἄνδρα

280 4204 356 4257 τὰ
376 4206 662 4275 κράτιστα.
691 4206 799 4259 Καὶ
826 4207 910 4257 σοὶ
942 4206 1042 4275 μὲν
1065 4206 1255 4274 γέγονε
1277 4210 1303 4259 ὁ
1324 4206 1474 4274 φίλος
1505 4206 1638 4275 ζῶν,
1665 4209 1855 4279 ἐχθρὸς

276 4296 584 4368 τεθνηκὼς,
619 4297 712 4349 καὶ
767 4298 796 4349 ὁ
828 4296 1027 4358 τελέως
1056 4297 1177 4349 τότε
1223 4297 1461 4367 χρηστὸς
1486 4300 1594 4352 πᾶν
1623 4301 1855 4352 τούναν-

279 4389 399 4442 τίον
422 4392 546 4461 ἄρτι
571 4389 674 4443 ὧν·
709 4391 831 4459 ἐμοὶ
860 4389 904 4441 δ’
924 4389 1113 4459 ὥσπερ
1144 4389 1264 4442 τότε
1289 4390 1498 4459 ἐχθρὸς,
1535 4392 1707 4456 οὓτως
1731 4394 1855 4462 ιούκ

1961 3302 2343 3372 repressique,
2399 3300 2549 3353 velut
2607 3313 2770 3351 arena
2823 3297 3080 3350 littoralis
3135 3311 3285 3349 mare
3337 3291 3537 3348 iratum

1962 3397 2129 3458 sistit,
2177 3393 2320 3463 quod
2364 3402 2624 3461 protervo
2665 3398 2723 3444 et.
2771 3388 2944 3443 feroci
2992 3397 3155 3441 vento
3205 3387 3459 3441 alicunde
3506 3404 3538 3439 e

1959 3484 2484 3553 septentrionalibus
2507 3482 2795 3548 (tractibus
2825 3481 3021 3544 etl‘uso,
3064 3489 3120 3551 et
3153 3480 3293 3533 imos
3338 3478 3537 3532 ﬂuctus

1959 3575 2339 3639 subvertente,
2393 3574 2450 3626 in
2498 3574 2774 3655 eﬂ’ra-nem
2828 3572 3109 3625 audaciam
3162 3570 3426 3639 erumpit,
3479 3578 3536 3622 et

1958 3669 2263 3723 continenti
2312 3667 2431 3721 solo
2474 3665 2677 3719 bellum
2718 3672 2967 3733 apertum
3019 3663 3251 3716 indicit:
3291 3671 3345 3714 at
3387 3672 3532 3730 pust-

1958 3775 2122 3829 quam
2158 3774 2339 3813 arena:
2377 3772 2563 3813 vocem
2600 3757 2861 3820 audierit,
2891 3755 3167 3809 Creatoris
3215 3753 3533 3822 praascripta

1962 3854 2129 3904 mutis
2185 3851 2347 3904 labiis
2401 3850 2809 3919 prtelegentem,
2862 3848 3179 3900 manifestas
3234 3846 3327 3898 Dei
3384 3845 3533 3912 leges

1958 3957 2343 4012 expavescens,
2378 3942 2679 3995 retroccdit
2723 3940 2926 4001 statim,
2959 3947 3014 3992 et
3055 3946 3220 3989 mstus
3260 3936 3343 3989 sui
3381 3935 3533 3987 inst)-

1957 4031 2183 4085 ientiam
2215 4030 2551 4098 comprimit.
2591 4029 2794 4098 Ecquis
2835 4028 3020 4096 itaque
3055 4025 3320 4096 ejusmodi
3361 4024 3533 4075 homi-

1957 4137 2081 4175 nem
2115 4120 2446 4190 probaverit,
2478 4118 2643 4190 924
2665 4120 2757 4187 qui
2786 4118 3038 4172 eumdem
3070 4117 3122 4169 in
3151 4116 3342 4168 iisdem
3370 4115 3533 4167 rebus

1958 4213 2108 4268 nunc'
2154 4213 2360 4275 laudet,
2401 4227 2547 4265 nunc
2600 4208 2901 4278 vituperet?
2936 4209 3070 4261 Nam
3124 4218 3201 4266 tu,
3254 4222 3415 4274 quem
3464 4221 3530 4257 co

1959 4313 2207 4373 tempore
2252 4305 2319 4355 ad
2365 4304 2564 4356 caelum
2600 4302 2715 4354 fere
2751 4299 3001 4360 tollebas,
3037 4307 3096 4350 ut
3139 4296 3529 4366 l)f3£8lttltli$si~

1958 4411 2107 4448 mum
2148 4395 2485 4465 theologum,
2520 4394 2774 4447 eumdem
2806 4406 2953 4443 nunc
2978 4389 3117 4443 nihil
3155 4390 3297 4442 scire
3326 4389 3530 4456 arguis.

282 4483 408 4552 ἄρτι
432 4482 507 4534 ὢν
534 4482 707 4550 φίλος.
737 4482 899 4534 Ὠάτε
924 4483 989 4534 σὺ
1016 4480 1113 4549 μὲν
1141 4481 1345 4552 ἀρτίως
1373 4484 1578 4536 ἐκεῖνον
1602 4484 1855 4554 λοιδορῶν

1962 4486 2165 4554 Ecquis
2190 4497 2372 4538 autem
2401 4484 2533 4538 mihi
2565 4492 2912 4548 succenseat,
2942 4481 3035 4550 qui
3072 4480 3247 4544 illum,
3281 4480 3533 4549 quemad-

280 4574 437 4642 φίλον
469 4572 727 4643 λοιδορεῖς
751 4588 765 4603 ο
799 4572 911 4640 ἐγὼ
934 4572 992 4624 δὲ
1022 4572 1119 4641 τῆς
1150 4572 1289 4642 ὲμῆς
1319 4574 1412 4625 καὶ
1439 4574 1533 4625 νῦν
1562 4574 1746 4639 φιλίας
1774 4591 1856 4628 τι-

281 4664 511 4733 θέμενος
569 4663 859 4735 ὑπερόριον
910 4662 1051 4732 πρὺς
1109 4664 1200 4716 τὸν
1254 4664 1466 4734 ούδαμῆ
1518 4682 1648 4723 ποτε
1701 4666 1855 4735 φίλον

288 4756 443 4809 ωῦτο
486 4755 751 4825 φαίνομαι
804 4756 967 4826 δρῶν.
1007 4757 1102 4819 Ὃς
1143 4756 1235 4809 οὖν
1291 4759 1348 4809 ὲν
1384 4759 1518 4811 πᾶσι
1572 4760 1701 4822 τοὺς
1757 4764 1854 4829 τῆς

283 4848 517 4918 θεωρίας
551 4851 646 4900 καὶ
681 4848 779 4917 τῆς
820 4848 928 4900 τῶν
961 4849 1306 4917 πραγμάτων
1335 4848 1531 4918 πείρας
1569 4849 1854 4918 θεμελίους

284 4938 622 5001 ἁσαλεύτους
651 4938 854 5007 ὁμοίως
882 4942 1060 5008 τηρεῖ,
1090 4941 1280 4992 τοῦτον
1311 4940 1417 5007 ἄρα
1452 4942 1557 5003 πᾶς
1594 4958 1674 5002 τις
1697 4938 1854 5012 οἶμαι

285 5027 525 5098 κρίνειεν
571 5027 638 5080 ἂν
684 5026 867 5093 λέγειν
915 5028 1113 5096 ὀρθῶς,
1156 5033 1260 5083 κάν
1314 5032 1426 5092 τοῖς
1479 5047 1541 5098 γε
1579 5028 1756 5094 ἄλλοις
1788 5031 1853 5085 ἆ-

287 5135 442 5184 πασι,
475 5118 570 5172 καὶ
609 5112 692 5180 οἷς
742 5120 1144 5187 συντέθραπται
1189 5120 1426 5191 δόγμασι
1463 5123 1564 5192 τῆς
1590 5125 1849 5186 πίστεως,

286 5213 582 5285 βεϐηκέναι
611 5211 810 5274 καλῶς.
839 5211 1073 5263 Ἔπειτα
1112 5212 1228 5275 πῶς
1250 5215 1347 5282 τῆς
1383 5214 1590 5267 ἐκείνου
1621 5212 1854 5284 κρίσεως

288 5309 558 5382 αὐταρκες
582 5309 756 5379 πέρας
782 5308 891 5360 τότ’
926 5307 1231 5378 είληφυίας,
1262 5307 1357 5361 νῦν
1382 5309 1710 5379 ἀνακρίνειν
1733 5311 1855 5381 βιά-

288 5402 376 5472 τῃ,
411 5393 652 5454 πλείοσιν
689 5399 877 5462 ἄλλαις
912 5400 1045 5469 ⁴ἡμῖν
1090 5398 1462 5470 βλασφημίαις
1496 5401 1856 5471 ἁλισκομένου

1959 4579 2180 4632 modum
2213 4587 2362 4639 tunc,
2396 4576 2470 4630 ita
2508 4590 2655 4629 nunc
2700 4589 2919 4644 quoque
2954 4572 3117 4626 dictis
3160 4573 3427 4625 incessam
3461 4572 3532 4623 oh

1955 4670 2176 4723 easdem
2214 4684 2322 4733 res,
2356 4671 2409 4722 in
2448 4668 2651 4736 quibus
2680 4682 2781 4720 nos
2814 4667 2929 4734 ipse
2959 4663 3352 4734 oppugnabat?
3385 4659 3533 4714 Grae-

1957 4777 2049 4816 cas
2079 4761 2205 4815 dico
2258 4762 2494 4823 litteras,
2526 4771 2581 4814 et
2624 4759 2907 4827 profanam
2950 4756 3340 4815 eruditionem,
3377 4754 3530 4807 valde

1957 4854 2012 4907 in
2047 4855 2140 4907 illo
2168 4854 2589 4913 claudicantem.
2626 4853 2692 4905 Et
2725 4851 2817 4905 ille
2850 4850 3077 4919 quidem
3118 4851 3297 4909 vivus,
3324 4849 3531 4901 amicus

1959 4955 2086 4999 tuus
2113 4944 2245 5009 fuit;
2277 4953 2551 5007 mortuus,
2587 4945 2763 4997 evasit
2794 4942 3053 4995 inimicus
3084 4956 3097 4992 :
3138 4940 3227 4993 ille
3254 4950 3368 4993 tum
3402 4955 3530 5009 pcr-

1954 5036 2096 5090 l‘ecte
2123 5038 2322 5099 bonus,
2346 5051 2493 5106 nunc
2521 5035 2768 5087 omnium
2798 5032 3070 5103 pessimus
3096 5049 3109 5085 :
3144 5033 3300 5095 mihi,
3321 5041 3378 5084 ut
3402 5031 3531 5084 olim

1960 5128 2065 5180 fuit
2093 5127 2371 5189 inimicus,
2404 5130 2476 5178 ita
2506 5141 2606 5179 nec
2630 5124 2793 5178 hodie
2817 5124 3026 5177 amicus
3058 5133 3164 5177 est.
3197 5121 3287 5177 Sic
3322 5131 3377 5175 tu
3405 5135 3532 5173 eum

1962 5234 2110 5273 nunc
2139 5218 2459 5273 insectando
2492 5219 2727 5273 amicum
2773 5217 3102 5271 insectaris:
3132 5230 3235 5285 ego
3277 5228 3426 5277 vero,
3462 5214 3531 5265 ab

1964 5312 2205 5365 amicitia
2240 5326 2359 5364 mea
2407 5311 2647 5364 alienum
2672 5310 2924 5364 eumdem
2957 5308 3185 5370 habens,
3231 5307 3382 5359 illum
3435 5304 3529 5373 qui

1965 5417 2245 5472 nunquam
2273 5404 2489 5471 amicus
2511 5403 2614 5457 fuit
2639 5404 2878 5458 alienum
2909 5402 3073 5456 duco.
3089 5399 3191 5465 Qui
3218 5398 3384 5469 igitur
3406 5412 3527 5450 sen-

3120 5498 3131 5517 Χ

1608 5519 1969 5584 ’Variorum
1999 5528 2192 5582 noue.

357 5618 469 5688 (46)
504 5617 629 5673 Fuit
662 5613 1536 5688 Barlaamusabbasmonasterii
1571 5615 1627 5672 S.
1658 5615 1847 5670 Salva-

288 5684 424 5744 toris
453 5684 894 5756 'Constantinop.
935 5685 1099 5756 ildcm
1152 5684 1219 5738 ad
1252 5701 1459 5756 papam
1510 5689 1717 5756 legatus
1747 5689 1845 5740 ivit

289 5777 373 5813 an.
405 5760 536 5813 Chr.
572 5758 729 5812 1559.
761 5754 894 5813 Vide
919 5755 1215 5811 Odoricum
1249 5754 1586 5822 Raynaldutn
1617 5757 1683 5811 ad
1715 5771 1841 5812 eum

1953 5634 2182 5681 annum,
2230 5634 2382 5674 nunt.
2421 5621 2488 5677 l9
2526 5632 2582 5676 ct
2614 5637 2728 5690 seq.
2771 5618 2903 5676 Vide
2946 5631 3005 5677 ct
3034 5619 3401 5676 Cautacuzcn.
3432 5612 3525 5666 lli-

1951 5699 2082 5769 stor.
2113 5691 2208 5746 lib.
2241 5706 2302 5758 ιι,
2332 5708 2450 5762 cap.
2485 5694 2573 5748 59.
2611 5693 2818 5746 Botvm.
