4002 6496
289 367 425 429 ῙίξῖΩ
643 359 715 429 [Α.
761 375 810 416 c.
860 361 1016 432 l53l]

1267 367 1714 428 BYZANTINE
1757 367 2142 427 HISTORIE
2186 371 2324 431 LIB.
2371 373 2535 431 XIX.

2649 367 2780 439 [ιιιρ.
2825 386 2866 422 ι.
2907 385 3194 429 (ᾺΝΤΛΕυΖ.
3233 375 3289 440 5]

3401 376 3534 443 1190

291 481 396 529 Καὶ
440 477 522 526 ἵνα
581 477 847 544 σιωπήσω
893 478 960 530 τὲ
1013 477 1264 543 πλεῖστα,
1307 479 1406 547 τὴν
1453 480 1614 544 ἁγίαν
1667 480 1851 549 τετάρ-

1965 493 2020 534 ut
2053 484 2311 552 pleraque
2341 485 2559 539 silentio
2597 499 2938 554 prmteream,
2971 502 3346 548 sacrosanctus
3372 511 3530 566 syno-

287 587 388 636 την
415 569 508 620 καὶ
535 570 930 638 οἰκουμενικὴν
965 571 1334 639 παραινοῦσαν
1363 572 1698 640 εὑρίσκομεν
1733 571 1856 622 odir-

286 658 428 721 οδον,
490 661 587 723 καί
641 660 847 727 ὁμοίως
917 661 1016 730 τὴν
1057 661 1248 730 ἕκτην,
1282 664 1358 732 μὴ
1396 663 1554 716 πάνθ’
1598 663 1700 716 ὅσα
1751 665 1854 730 φά-

292 766 443 804 σκειν
472 752 751 820 ἐγγίνεται
806 755 922 816 τοῖς
952 753 1253 822 αἶρετικοῖς
1283 754 1509 822 φεύγειν
1537 757 1683 824 ἡμᾶς
1717 752 1856 808 εἶναι

291 841 495 911 χρεών.
553 843 615 894 El
672 842 782 913 γὰρ
823 844 919 896 ἕνα
976 845 1110 898 Θεὸν
1159 847 1566 912 ὁμολογούντων
1629 848 1855 898 ἐκείνων

288 938 523 1004 ποιητὴν
582 937 842 990 ἁπάντων
879 935 1040 1004 ἡμεῖς
1097 936 1477 1006 ἀποσχοίμεθα
1503 978 1517 1002 ,
1553 935 1760 1006 τάχιστ’
1790 937 1854 990 ἂν

285 1027 388 1094 τὴν
451 1025 546 1079 τοῦ
601 1026 774 1095 πυρὸς
831 1027 916 1093 ἐφ’
977 1027 1203 1088 ἑαυτοὺς
1257 1030 1476 1089 ἑκόντες
1523 1027 1856 1096 ἑλκύσαιμεν

286 1118 534 1183 γέενναν.
568 1111 643 1170 Οἷι
688 1118 740 1168 τί
793 1117 902 1168 τῶν
960 1118 1218 1170 ἁπάντων
1265 1119 1571 1187 χείριστον;
1610 1119 1717 1169 Καὶ
1744 1117 1854 1171 τῶν

285 1208 532 1278 ἀργύρου
567 1207 746 1266 suae
775 1208 870 1261 τοῦ
902 1207 1103 1278 χρυσοῦ
1134 1209 1510 1278 μεταλλευτῶν
1532 1209 1628 1278 οὐχ
1664 1209 1856 1278 ὁμιλη-

285 1300 394 1352 τῶν
421 1301 654 1370 ἡγεμόσι
701 1299 1134 1369 καθισταμένων,
1157 1301 1243 1354 διὰ
1271 1300 1333 1354 τὸ
1364 1302 1503 1354 πάνυ
1547 1318 1631 1354 τοι
1661 1305 1854 1371 ἀγροι-

287 1390 560 1457 κίζεσθαι,
599 1391 832 1460 τοῦργον
885 1393 1018 1462 περὶ
1053 1391 1308 1444 πλείστου
1349 1391 1561 1454 τούτοις
1595 1394 1856 1446 καθίστα-

284 1498 397 1534 ται.
443 1480 550 1534 Καὶ
605 1482 922 1552 ἁλουργίδες
949 1483 996 1534 δ’
1022 1481 1104 1535 ἔτι
1149 1485 1242 1535 καὶ
1274 1483 1554 1553 πορφύραι
1591 1485 1851 1553 χρήσιμοι

288 1577 400 1634 τοῖς
437 1573 755 1644 βασιλεῦσίν
809 1575 970 1627 είσινο
1005 1574 1124 1628 ἀλλ’
1155 1575 1275 1626 οὐδὲ
1312 1577 1517 1644 μικρᾶς
1547 1577 1679 1642 γοῦν
1707 1591 1853 1636 τινος

283 1665 332 1716 οἱ
386 1665 624 1734 δρῶντες
656 1665 786 1728 θέας
837 1667 1066 1718 ἐκείνων
1127 1666 1257 1728 ἴσως
1286 1666 1647 1736 τυγχάνουσιν
1677 1659 1851 1732 οὗτοι,

283 1755 401 1808 ἀλλ’
428 1757 602 1809 ἐνίοτε
633 1757 727 1808 καὶ
761 1755 1046 1824 μισοῦνται
1077 1757 1167 1811 διὰ
1191 1759 1253 1810 τὸ
1281 1759 1380 1826 τῆς
1414 1757 1628 1810 ἐκεῖθεν
1654 1759 1852 1826 ἀηδίας

283 1847 532 1910 ἀπόζειν.
585 1847 796 1902 Οὔκουν
849 1848 962 1902 οὔτ’
1023 1850 1232 1904 ἐκεῖνον
1291 1851 1550 1920 densi};
1611 1850 1850 1919 ἀληθοῦς

287 1939 494 2004 ἀπάγει
559 1941 894 2008 κατηγορίας
943 1941 1012 1993 τὰ
1053 1941 1154 2012 τῆς
1210 1941 1530 2014 θρησκείας,
1585 1942 1712 1994 οὔτε
1773 1941 1850 2012 τῷ

287 2030 522 2100 Παλαμᾷ
549 2029 754 2100 βοηθεῖ,
786 2032 882 2101 οὐχ
931 2031 1036 2094 ἓως
1075 2032 1140 2084 ἂν
1167 2031 1442 2085 ἁλίσκοιτο
1473 2033 1684 2094 τούτοις
1717 2049 1852 2101 προ⁶

289 2121 473 2190 φανῶς
515 2125 629 2184 τοῖς
679 2123 1044 2192 ἐγκλήμασιν.
1090 2123 1298 2176 Ἐκεῖνό
1349 2140 1412 2191 γε
1473 2125 1580 2193 μὴν
1619 2124 1850 2194 ἐροίμην

281 2215 346 2266 ἂν
379 2214 552 2282 ἡδέως
591 2230 676 2277 σε,
709 2216 825 2276 πῶς
853 2215 959 2266 τῶν
1002 2216 1224 2285 Ἰωάννῃ
1256 2214 1335 2284 τῷ
1369 2217 1688 2285 πατριάρχῃ
1713 2232 1852 2284 γρα-

281 2307 511 2372 φέντων,
547 2309 674 2376 περὶ
725 2323 782 2359 τε
838 2307 946 2359 τῶν
998 2308 1093 2360 τοῦ
1147 2309 1381 2377 Παλαμᾶ
1434 2309 1530 2359 καὶ
1586 2309 1850 2377 Βαρλαὰμ

282 2400 376 2450 καὶ
424 2399 523 2467 τῆς
573 2397 896 2466 Ἐκιτλησίας
941 2397 1206 2466 θορύϐων,
1242 2401 1311 2452 τὰ
1363 2400 1460 2468 μὲν
1513 2402 1720 2469 ὀρεστὰ
1770 2417 1852 2452 σοι

282 2491 514 2559 γίνεται,
554 2493 620 2545 τὰ
651 2491 695 2542 δ’
726 2489 808 2554 οὒ,
847 2493 984 2558 πρός
1016 2507 1079 2557 γε
1123 2491 1183 2542 τὸ
1207 2489 1286 2558 τῷ
1322 2491 1556 2560 Παλαμᾷ
1594 2491 1852 2559 βουλόμε-

282 2600 372 2635 νον
408 2582 720 2635 ἁνθέλκοντί
745 2599 803 2634 τε
840 2586 934 2634 καὶ
973 2581 1296 2650 μεθέλκοντι
1331 2584 1470 2650 μετὰ
1507 2581 1710 2649 πολλῆς
1753 2581 1854 2648 τῆς

283 2675 520 2744 ἀρχικῆς
554 2675 802 2740 ἐξουσίας
823 2675 920 2736 τὰς
945 2674 1182 2744 ψήφους.
1221 2674 1294 2726 Ἦ
1343 2673 1455 2741 γὰρ
1489 2673 1664 2726 ἅπασι
1693 2674 1852 2742 στέρ-

282 2784 402 2834 γειν
458 2764 638 2836 χρεὼν
674 2767 789 2828 τοῖς
839 2767 1036 2834 ἐκείνῳ
1091 2767 1558 2834 πατριαρχεύοντι
1597 2779 1850 2832 πεπραγ-

284 2859 470 2928 μένοις
521 2856 662 2909 κατά
717 2873 778 2924 γε
835 2857 962 2920 τοὺς
1005 2857 1105 2926 τῆς
1148 2852 1476 2924 Ἐκκλησιας
1526 2855 1782 2924 θεσμοὺς,
1816 2854 1851 2926 ἢ

285 2955 454 3022 μηδὲν
493 2951 600 3002 τῶν
633 2950 908 3003 ἁπάντων.
945 2949 1107 3002 Ἀλλὰ
1123 2949 1218 3000 τοῦ
1252 2949 1471 3016 πρώτου
1491 2945 1847 3016 κρατοῦντος,

281 3043 466 3114 χώραν
487 3043 587 3096 οὐκ
613 3041 725 3111 ἔχει
746 3041 807 3094 τὸ
835 3041 1109 3110 δεύτερον.
1136 3039 1220 3110 [Ρ.
1250 3039 1378 3110 583]
1403 3023 1465 3092 Et
1492 3039 1550 3092 δι
1583 3039 1664 3092 δεῖ
1695 3040 1853 3108 μερί-

1961 575 2060 628 dos
2099 579 2485 640 meumenicas,
2520 591 2770 648 quartam
2803 592 2858 636 e’t
2901 594 3132 647 sextam,
3165 574 3372 641 scimus
3421 606 3535 642 tnu-

1960 680 2112 726 ncre,
2150 665 2292 718 haud
2322 666 2578 734 fugienda
2613 685 2734 722 esse
2768 688 3108 742 quaecunque
3145 676 3212 728 ab
3259 677 3533 733 haereticis

1958 755 2231 808 dicantur.
2267 757 2400 809 Nam
2427 756 2473 811 si
2501 759 2566 812 ab
2599 759 2665 813 iis
2690 762 3121 828 discederemus,
3149 765 3314 836 926
3343 784 3530 823 rerum

1957 846 2203 928 omnium
2239 858 2519 902 auctorem
2557 849 2726 904 Deum
2769 865 2934 906 unum
2976 857 3390 924 confitentibus,
3415 871 3530 915 sta-

1960 937 2055 989 tim
2084 937 2138 990 in
2171 953 2270 992 nos
2303 939 2608 1008 gehennam
2645 942 2787 1010 ignis
2825 943 2968 998 ultro
3000 946 3101 1014 ipsi
3139 949 3484 1006 traheremus
3512 972 3526 1006 :

1957 1043 2068 1096 quo
2125 1030 2255 1097 quid
2310 1032 2465 1100 pejus
2535 1027 2782 1102 unquam
2829 1035 3024 1089 fuerit?
3072 1038 3160 1093 Sic
3212 1042 3523 1111 quanquam

1957 1120 2072 1172 auri
2103 1128 2160 1173 et
2201 1124 2410 1191 argenti
2441 1124 2704 1187 fossores,
2737 1143 2805 1181 eo
2849 1129 2996 1197 quod
3027 1133 3253 1189 omnino
3285 1147 3528 1205 agrestes

1957 1219 2105 1274 sunt,
2156 1213 2495 1282 principibus
2540 1216 2836 1274 familiares
2888 1237 2997 1276 non
3042 1224 3196 1290 (iant,
3234 1235 3413 1283 tamen
3458 1232 3526 1283 ah

1917 1317 1927 1327 ·
1958 1302 2045 1356 his
2074 1303 2291 1358 illorum
2322 1307 2600 1374 opiﬁcium
2630 1309 2852 1378 plurimi
2883 1314 3204 1370 aestimatur.
3242 1317 3333 1373 Sic
3360 1322 3524 1376 etiam

1955 1395 2316 1466 conchyliata:
2347 1407 2526 1452 vestes
2548 1404 2892 1471 et’purpuraz
2917 1406 3082 1462 utiles
3105 1409 3325 1477 regibus
3355 1424 3482 1468 sunt
3509 1433 3522 1467 :

1955 1495 2145 1535 earum
2185 1499 2318 1537 vero
2352 1489 2592 1541 artiliccs
2625 1489 2982 1557 ipsiillorum
3019 1497 3280 1567 adspectu
3320 1517 3390 1556 ne
3420 1505 3523 1556 mi-

1955 1573 2108 1626 nimo
2151 1575 2372 1642 quidem
2421 1578 2527 1632 frui
2569 1581 2768 1646 solent,
2821 1583 2930 1636 itno
2979 1586 3085 1642 illis
3126 1604 3522 1662 nonnunquam

1955 1663 2083 1716 odio
2111 1675 2260 1730 sunt,
2283 1681 2348 1721 eo
2374 1669 2518 1736 quod
2554 1671 3077 1743 ingratuinpdorem
3113 1679 3238 1736 inde
3265 1683 3521 1741 referant.

1955 1753 2144 1822 Itaque.
2189 1756 2453 1812 Barlaami
2507 1773 2652 1816 secta
2703 1779 2806 1818 nec
2849 1782 2878 1820 a
2911 1783 3042 1823 vero
3084 1770 3318 1828 dicendo
3347 1777 3524 1845 ipsum

1954 1846 2230 1910 excludit;
2259 1838 2361 1903 nec
2387 1849 2682 1918 l’alamam,
2733 1859 2974 1924 quandiu
3005 1860 3200 1916 horum
3231 1838 3522 1923 criminum

1939 1938 2244 1992 ‘manil'este
2273 1943 2654 2010 convincetur,
2689 1959 2936 2004 excusat.
2965 1952 3244 2010 Caeterum
3281 1959 3416 2014 illud
3453 1977 3522 2018 ex

1957 2037 2008 2080 te
2034 2027 2233 2092 lubens
2259 2033 2596 2100 qttazsierim,
2631 2041 2908 2106 quomodo
2939 2058 3023 2108 ea,
3051 2062 3171 2114 quae
3213 2045 3284 2104 ab
3313 2051 3524 2109 Joanne

1957 2120 2260 2185 patriarcha
2297 2122 2364 2177 de
2391 2123 2610 2178 Palama
2640 2136 2695 2181 et
2721 2129 3002 2187 Barlaamo
3029 2135 3208 2206 deque
3236 2143 3534 2203 ecelesias-.

1959 2210 2080 2304 ticis
2113 2214 2442 2268 tumultibus
2485 2219 2689 2287 scripta
2731 2233 2878 2285 sunt,
2914 2226 3110 2293 partim
3142 2233 3362 2298 probes,
3398 2251 3523 2304 par-

1957 2301 2050 2353 tim
2071 2303 2366 2370 itnprobes,
2385 2306 2638 2377 suilragia
2663 2309 2871 2365 scilicet
2892 2314 2958 2368 ad
2983 2317 3210 2375 Palamze
3229 2301 3519 2382 arbitrium

1955 2407 2169 2449 summa
2225 2411 2452 2465 prorsus
2500 2404 2826 2459 auctoritate
2887 2406 2994 2461 huc
3053 2409 3182 2470 illuc
3239 2422 3522 2483 torquens.

1955 2483 2308 2556 Quaecunque
2353 2489 2500 2544 enim
2550 2494 2618 2548 ab
2669 2494 2782 2558 illo,
2820 2497 2946 2550 dum
3000 2502 3306 2568 patriarcha
3357 2520 3523 2575 esset,

1955 2587 2076 2632 acta
2106 2587 2236 2636 sunt
2265 2583 2568 2637 secundum
2620 2587 2866 2642 instituta
2911 2591 3187 2658 Ecclesiae,
3221 2598 3302 2651 vel
3340 2603 3524 2658 omnia

1954 2688 2042 2738 ea,
2074 2665 2374 2728 veleorum
2417 2677 2552 2732 nihil
2583 2681 3016 2748 approbandum.
3049 2689 3214 2756 Atqui
3241 2693 3414 2760 (apud
3449 2700 3526 2764 tr)

1955 2765 2130 2832 prima
2163 2765 2243 2821 sic
2276 2767 2474 2830 valent,
2514 2779 2573 2824 ut
2598 2765 2870 2838 postrema
2907 2776 3087 2831 locum
3123 2795 3232 2834 non
3266 2782 3525 2842 habeant.

1955 2857 2113 2922 Quod
2146 2858 2192 2913 si
2239 2875 2341 2913 nos
2370 2875 2454 2919 ea,
2493 2877 2614 2930 quae
2655 2864 2800 2918 idem
2841 2868 3150 2934 patriarcha
3198 2873 3252 2926 iu
3285 2875 3520 2944 duorum

1958 2948 2191 3020 istorum
2225 2951 2510 3006 hominum
2551 2969 2723 3008 causa-
2741 2959 3050 3022 constituit,
3093 2961 3340 3019 bifariam
3377 2967 3522 3021 divi-

1957 3039 2087 3094 dere
2117 3051 2357 3110 oportet,
2391 3053 2444 3096 ct
2485 3053 2719 3114 utraque
2764 3047 2979 3116 utrique
3023 3052 3350 3120 attribuere,
3391 3057 3522 3114 huic

284 3151 488 3196 σαντας
525 3135 674 3202 ἡμᾶς
727 3133 807 3196 εἰς
861 3133 956 3186 δύο
1004 3133 1240 3204 τάκείνῳ
1283 3131 1598 3202 πραχθέντα
1629 3133 1764 3200 περί,
1787 3146 1851 3198 γε

1963 3135 2168 3205 priora,
2215 3135 2295 3190 illi
2335 3138 2659 3205 posteriora,
2713 3139 3008 3196 videndum
3054 3145 3166 3214 jam
3221 3135 3342 3202 utra
3389 3151 3526 3206 utris

281 3230 397 3280 τοῖν
429 3226 574 3279 δυοῖν
604 3225 819 3276 τούτοιν
843 3225 1059 3294 ἀνδροῖν
1095 3225 1344 3296 ἐκατέρῳ
1373 3225 1610 3292 ἑκάτερα
1643 3222 1848 3287 δοῦναι,

279 3323 361 3392 τῷ
396 3322 496 3390 μὲν
537 3321 606 3374 τὰ
638 3320 836 3390 πρῶτα
862 3357 878 3382 ,
935 3319 1014 3388 τῷ
1065 3319 1122 3370 δὲ
1156 3320 1224 3371 τὰ
1275 3319 1504 3388 δεύτερα
1531 3357 1548 3382 ,
1590 3317 1853 3369 σκεπτέον

281 3417 536 3482 ποτέροις
575 3413 676 3480 τῆς
727 3412 962 3480 κρίσεως
1004 3411 1060 3464 αἱ
1097 3409 1346 3480 βελτίους
1395 3409 1617 3479 ἕψονται
1660 3407 1850 3474 ψῆφοι.

293 3507 542 3575 Ἀεὶξγὰρ
569 3501 636 3576 ἦν
665 3504 1008 3573 πατριάρχης
1039 3503 1266 3564 ἐκεῖνος,
1300 3500 1429 3572 ἄχρι
1451 3496 1520 3573 ἦς
1548 3501 1762 3570 ἡμέρας
1796 3499 1853 3551 αἱ

283 3601 447 3668 μέσαι
483 3596 722 3665 φυλακαὶ
750 3597 848 3666 τῆς
878 3595 1072 3657 νυκτὸς
1103 3594 1350 3664 ἐγκρατῆ
1397 3592 1694 3658 Βυζαντίου
1724 3607 1857 3644 κατ-

278 3689 522 3757 έστησάν
561 3705 642 3752 σε,
709 3687 890 3756 ἱερέας
924 3703 986 3738 τε
1025 3685 1350 3756 χειροτονῶν
1391 3683 1487 3735 καὶ
1519 3681 1852 3742 ἐπισκόπους

274 3782 379 3834 καὶ
428 3780 526 3842 τὰς
583 3781 692 3831 τῶν
740 3779 1112 3848 δικαστηρίων
1144 3777 1360 3845 ψήφους
1411 3773 1848 3842 ὲπισφραγίζων.

289 3874 451 3940 Ἐμοὶ
480 3873 630 3925 δοκεῖ
663 3873 776 3935 τοῖς
811 3871 1108 3940 δευτέροις.
1144 3869 1208 3921 Εἰ
1239 3869 1352 3937 γὰρ
1389 3866 1488 3919 καὶ
1519 3865 1690 3918 πάλαι
1735 3862 1852 3916 κεί-

278 3982 434 4035 μενοι
485 3970 646 4034 νόμοι
685 3959 996 4016 ’πολιτειῶν
1058 3961 1295 4012 λυόντων
1361 3955 1624 4100 πολλὰἔις
1657 3996 1672 4019 ,
1706 3954 1852 4007 δυοῖν

278 4059 532 4100 trinam-
579 4056 610 4100 ἢ
650 4053 821 4100 κακοῦ
859 4069 1004 4100 τινος
1056 4051 1469 4100 ἀπαντήσαντος
1551 4046 1584 4098 ι’
1631 4046 1848 4100 αὐτοὺς.

275 4059 532 4126 θάτερον,
579 4056 612 4126 ἢ
650 4053 821 4108 κακοῦ
859 4069 1004 4116 τινος
1056 4051 1469 4120 ἀπαντήσαντος
1517 4046 1584 4100 δι’
1631 4046 1848 4108 αὐτοὺς,

272 4152 308 4220 ἢ
345 4150 634 4218 βελτιόνων
664 4146 935 4216 δευτέρων
973 4146 1253 4213 φανέντων
1289 4141 1353 4193 ὲκ
1383 4137 1484 4206 τῆς
1514 4135 1622 4192 τῶν
1670 4151 1852 4206 πραγ-

277 4244 472 4312 μάτων
519 4238 989 4320 δεδοκιμασμένης
1042 4234 1242 4304 πείρας
1289 4233 1384 4284 καὶ
1425 4228 1652 4300 τριϐῆς,
1689 4227 1850 4296 σχολῇ

271 4334 332 4400 γ’
361 4336 428 4386 ἂν
459 4331 725 4385 κωλύσειὲ
777 4347 859 4389 τις
907 4328 994 4396 ἐφ’
1050 4327 1168 4388 ἑνὸς
1201 4323 1392 4392 ἀνδρὸς
1441 4321 1701 4374 λελῦσθαι
1738 4323 1853 4380 τοῖς

269 4425 552 4493 δευτέροις
592 4422 759 4476 αὑτοῦ
815 4425 882 4473 τὰ
943 4419 1160 4490 πρῶτα,
1201 4416 1373 4470 κακοῦ
1425 4431 1572 4474 τινος
1607 4415 1853 4480 ἀπαντή-

1959 3228 2201 3298 praeferri
2231 3229 2482 3284 debeant.
2513 3231 2725 3301 Quippe
2751 3235 2814 3286 ad
2841 3250 2965 3287 eum
2989 3235 3158 3296 diem.
3187 3253 3296 3306 quo
3321 3240 3528 3312 Byzan-

1960 3321 2095 3372 tium
2121 3321 2174 3373 in
2206 3330 2352 3373 tuam
2379 3332 2702 3390 potestatem
2732 3325 2923 3379 mediae
2949 3327 3124 3383 noctis
3145 3329 3344 3399 vigilia:
3371 3334 3530 3390 rede-

1955 3419 2174 3479 gerunt,
2223 3411 2531 3480 patriarcha
2588 3429 2763 3502 usque
2811 3416 2912 3476 ille,
2951 3433 3073 3472 esse
3123 3422 3384 3487 perstitit,
3430 3425 3526 3495 qui

1953 3501 2116 3570 927
2145 3505 2454 3558 sacerdotes
2481 3515 2538 3560 et
2562 3501 2849 3574 episeOpos
2875 3509 3174 3574 ordinaret,
3201 3525 3254 3568 et
3279 3515 3527 3586 judicum

1955 3594 2174 3648 decreta
2203 3595 2570 3666 consignarct.
2605 3597 2874 3667 Equidem
2907 3606 3210 3675 posteriora
3234 3617 3368 3676 puto
3394 3623 3531 3674 pra--

1953 3681 2202 3738 ierenda.
2236 3683 2369 3738 Nam
2405 3687 2451 3740 si
2483 3703 2664 3740 rerum
2692 3690 3036 3758 publicarum
3063 3696 3255 3764 positae
3282 3699 3527 3769 antiqui-

1961 3785 2048 3828 tus
2078 3776 2228 3869 leges
2259 3787 2489 3846 propter
2528 3779 2765 3832 duorum
2800 3782 3034 3837 alterum
3069 3799 3210 3854 sa-pe
3250 3787 3528 3858 abrogan-

1959 3877 2072 3932 tur,
2111 3867 2242 3936 quia
2290 3869 2502 3924 scilicet
2548 3872 2647 3925 νριο
2669 3873 2882 3940 priores
2926 3875 3054 3929 ntali
3099 3877 3334 3948 alicujus
3367 3897 3530 3934 occa-

1957 3960 2166 4014 sionem
2229 3962 2586 4029 pnebuerint,
2644 3963 2728 4017 vel
2787 3967 3124 4032 posteriores
3187 3971 3528 4036 experientia

1953 4053 2251 4122 explorata:
2299 4063 2355 4108 et
2411 4067 2595 4109 rerum
2650 4071 2750 4109 usu
2804 4058 3046 4126 probata:
3091 4061 3343 4124 meliores
3397 4063 3528 4117 visa:

1956 4147 2098 4208 sint;
2135 4146 2326 4214 ecquis
2354 4145 2448 4198 uni
2482 4147 2690 4200 homini
2738 4149 3048 4213 interdicat,
3084 4165 3152 4204 ne
3185 4151 3367 4220 priora
3405 4153 3525 4223 ejus

1957 4239 2176 4292 decreta
2230 4253 2328 4306 per
2373 4239 2673 4305 posteriora
2732 4239 3133 4306 rescindantur,
3183 4241 3227 4296 si
3277 4245 3423 4310 quod
3458 4260 3524 4298 ex

1956 4327 2234 4398 prioribus
2269 4330 2472 4384 malum
2505 4334 2812 4393 emerserit,
2862 4341 2917 4385 et
2968 4331 3055 4386 ille
3105 4351 3202 4402 per
3245 4333 3528 4404 obreptio-

1960 4437 2106 4487 nem,
2139 4431 2200 4474 ut
2231 4420 2306 4484 fit,
2343 4422 2606 4489 deceptus
2645 4410 2878 4476 fortasse
2913 4423 3112 4476 fuerit?
3141 4423 3238 4478 Sin
3269 4426 3389 4492 ejus
3429 4426 3529 4480 viri

275 4535 470 4580 σαντος
522 4522 591 4573 ὲκ
629 4518 736 4570 τῶν
785 4513 1040 4586 πρώτων,
1087 4516 1198 4566 κάκ
1249 4510 1608 4578 συναρπαγῆς
1639 4507 1851 4576 συμϐὰν

1958 4513 2260 4582 posteriora
2289 4511 2508 4567 decreta
2541 4513 2782 4582 priorum
2828 4514 3237 4582 abregationem
3267 4515 3530 4569 videntur

271 4610 478 4663 οὑτωσί
511 4626 628 4669 πως
661 4609 790 4669 ίσως
818 4603 1213 4674 ἀπατηθέντος.
1242 4602 1302 4653 El
1327 4601 1384 4652 δὲ
1409 4600 1504 4652 καὶ
1523 4599 1676 4658 λύσις
1703 4596 1852 4648 δοκεῖ

273 4705 382 4773 μὲν
416 4699 690 4754 εἶναιτῶν
733 4701 962 4767 πρώτων
1001 4698 1068 4748 τὰ
1105 4693 1335 4762 δεύτερα
1365 4690 1592 4760 τάνδρὸς
1619 4690 1848 4748 ἐκείνου,

273 4798 382 4846 οὐκ
413 4795 529 4846 ἐστι
555 4793 632 4857 δὲ,
665 4789 777 4842 ἀλλ’
811 4789 925 4857 ἔχει
951 4789 1051 4856 τὴν
1084 4786 1475 4854 προσήκουσαν
1493 4779 1850 4847 ἀκολούθησιν

271 4891 470 4954 ἄμφω,
503 4886 556 4936 ετ
601 4883 684 4946 τίς
726 4883 865 4950 μετὰ
898 4879 1129 4947 γνώμης
1165 4877 1418 4947 βούλοιτο
1457 4873 1668 4944 κρίνειν
1707 4874 1850 4924 ἁπα-

272 4979 429 5040 θοῦς,
522 4993 624 5028 που
647 4975 834 5042 ’σαφὴς
875 4973 1083 5034 ἀδικία,
1123 4969 1219 5034 ξὺν
1271 4964 1530 5034 αὐθαδείᾳ
1573 4963 1722 5014 λύειν
1759 4962 1850 5012 καὶ

271 5070 522 5140 κυροῦν,
574 5069 700 5128 τοὺς
740 5068 837 5134 μὲν
875 5063 1090 5116 ἐκείνου
1144 5061 1299 5124 ταδὶ,
1351 5059 1480 5120 τοὺς
1525 5057 1580 5108 δὲ
1636 5057 1848 5125 ἐκείνου

273 5163 423 5215 ταδί.
454 5154 556 5213 Ὧν
611 5160 1086 5227 συγχωρουμένων
1125 5155 1260 5216 τοῖς·
1284 5151 1547 5221 ἄρχουσιν
1574 5187 1589 5210 ,
1620 5149 1721 5201 οὐκ
1753 5143 1848 5198 οἷδ’

274 5259 390 5324 ὅπη
422 5243 680 5321 στήσεται
729 5251 824 5303 καὶ
853 5251 945 5300 ποῖ
971 5248 1346 5316 περιχωρήσει
1378 5244 1446 5295 τὰ
1474 5242 1574 5309 τῆς
1624 5240 1852 5306 Ἐκκλη-

279 5349 404 5408 eis:
435 5347 682 5411 δόγματα
729 5345 826 5395 καὶ
863 5342 1000 5411 πρός
1032 5355 1096 5406 γε
1124 5339 1194 5389 τὰ
1224 5338 1321 5404 τῆς
1345 5333 1624 5394 πολιτείας
1673 5335 1850 5401 πραγ-

287 5455 456 5510 ματα,
508 5441 615 5505 πρὸ
664 5435 838 5488 ποδῶν
888 5433 1134 5499 ἐναργῶς
1168 5428 1266 5496 τῆς
1316 5426 1426 5479 τῶν
1473 5425 1611 5476 ὅλων
1644 5422 1851 5492 φθορᾶς

283 5531 602 5601 ἱσταμένης.
655 5529 730 5582 Οὐ
787 5527 895 5596 γὰρ
937 5527 1014 5586 εἰς
1065 5523 1162 5575 ἕνα
1222 5522 1342 5572 τινὰ
1397 5519 1495 5570 καὶ
1534 5516 1627 5568 δύο
1653 5519 1720 5570 τὰ
1753 5516 1849 5582 τῆς

289 5623 623 5690 Ἐκκλησίας
663 5619 914 5674 ἵστασθαι
956 5617 1222 5683 πέφυκεν,
1264 5611 1398 5664 ἀλλὰ
1425 5607 1584 5662 πάνθ’
1625 5606 1752 5675 ἑξῆς
1783 5607 1850 5657 τὰ

281 5717 465 5782 πρόσω
499 5712 772 5785 λαμπρῶς
809 5708 1186 5762 ἐπιῦύσκεταυ
1238 5707 1330 5756 καὶ
1382 5704 1542 5770 νόμος
1573 5694 1730 5757 οὗτος
1763 5699 1847 5750 διὰ

281 5813 460 5877 πάσης
496 5807 766 5872 γράφεται
819 5805 939 5873 γῆς,
973 5799 1160 5854 κακῶν
1220 5797 1462 5868 ἀρχηγὸς
1519 5794 1629 5849 τῶν
1689 5794 1848 5863 μεγῖ-

1960 4606 2182 4675 quidem
2229 4605 2532 4668 continere,
2575 4605 2754 4674 reipsa
2805 4615 2988 4659 autem
3040 4622 3150 4660 non
3203 4607 3525 4672 continent,

1957 4696 2054 4752 sed
2083 4708 2338 4765 utraque,
2371 4696 2415 4750 si
2442 4677 2567 4766 quis
2597 4698 2720 4750 sine
2753 4699 2947 4750 atl‘ectu
2973 4698 3209 4768 judicet,
3244 4707 3371 4768 apta
3397 4715 3531 4753 con-

1957 4789 2242 4842 secutione
2276 4797 2610 4854 congruunt,
2638 4799 2788 4842 certe
2818 4788 2934 4842 haec
2964 4790 3044 4843 vel
3079 4790 3169 4843 illa
3197 4806 3294 4858 per
3321 4792 3420 4845 hos
3445 4793 3526 4844 vel

1957 4895 2054 4948 per
2091 4880 2214 4934 illos
2243 4879 2479 4934 rescindi
2511 4888 2716 4933 temere
2755 4890 2810 4932 ιι
2839 4879 3151 4934 conﬁrmari
3184 4881 3412 4934 evidens
3445 4889 3530 4935 est

1957 4970 2238 5036 iniquitas.
2275 4970 2389 5024 Hoc
2429 4971 2472 5023 si
2510 4969 2852 5038 principibus
2898 4970 3080 5033 liceat,
3112 4973 3238 5038 quis
3267 4971 3531 5026 doctrina:

1955 5061 2342 5116 ecclesiastica:
2367 5070 2424 5117 et
2453 5061 2770 5130 reipublicae
2806 5061 2982 5129 ipsius
3021 5070 3214 5128 status,
3251 5063 3531 5117 communi

1956 5157 2200 5209 omnium
2251 5155 2410 5208 ruina
2460 5155 2610 5207 velut
2659 5154 2895 5222 pedibus
2939 5143 3292 5219 obversante,
3337 5155 3530 5224 quisve

1954 5247 2133 5302 exitus
2161 5245 2375 5300 tandem
2408 5244 2627 5299 futurus
2653 5246 2724 5300 sit
2756 5261 2862 5299 non
2893 5246 3072 5300 video.
3101 5246 3317 5300 Etenim
3345 5246 3533 5299 Eccle-

1955 5339 2050 5392 sia:
2079 5338 2219 5390 mala
2251 5336 2518 5405 ejusmodi
2569 5351 2676 5388 non
2707 5343 2858 5400 sunt,
2892 5345 2950 5389 ut
2987 5337 3039 5388 in
3087 5351 3196 5388 uno
3239 5344 3333 5388 aut
3361 5335 3529 5387 altero

1957 5426 2288 5488 subsistant;
2343 5423 2436 5478 sed
2486 5423 2752 5492 quidquid
2799 5423 3071 5492 reliquum
3105 5434 3209 5485 est,
3260 5423 3314 5512 id
3367 5439 3529 5476 otnne

1955 5513 2357 5584 progrediendo
2396 5513 2500 5567 late
2539 5513 2860 5568 absumunt.
2894 5515 2947 5566 In
2991 5529 3210 5567 omnem
3257 5523 3529 5566 terrarum

1956 5611 2142 5662 orbem
2174 5606 2260 5660 lex
2290 5608 2392 5660 ista
2427 5607 2698 5672 sancitur,
2734 5607 3097 5660 maximorum
3133 5604 3404 5658 malorum
3435 5621 3530 5657 ca~

1956 5709 2056 5769 put
2083 5698 2288 5754 futura.
2313 5699 2428 5753 Jam
2463 5715 2563 5754 nec
2591 5714 2710 5753 mos
2739 5699 3028 5767 majorum,
3063 5712 3163 5750 nec
3189 5697 3366 5767 legum
3399 5713 3535 5766 pra:-

1963 5791 2189 5861 scripta,
2213 5791 2556 5861 principibus
2579 5797 2633 5846 οι
2657 5791 2886 5859 privatis
2911 5790 3314 5849 convenientia.
3345 5804 3532 5844 serva-
