4002 6456
506 385 669 471 κ1191
818 379 895 453 [Α.
936 396 991 436 ιι.
1035 379 1199 449 6859,
1233 396 1346 438 tan.
1388 383 1444 454 4]

541 501 782 566 buntur,
830 518 931 557 nec
982 503 1156 558 altero
1206 504 1440 573 jubente
1502 508 1643 562 alter
1696 511 1909 578 parebit
1963 528 1977 564 :
2027 512 2122 566 sed

539 595 722 649 omnia
754 595 1257 664 permiscebuntur,
1288 608 1346 652 et
1374 599 1482 654 illis
1504 601 1702 670 primis
1728 604 2121 659 detrimentum

538 687 791 752 afferent,
836 687 931 757 qui
980 699 1238 744 auctores
1286 691 1412 745 aliis
1452 691 1665 748 fuerint
1707 706 1760 748 et
1806 698 2121 765 exemplum

538 779 814 833 dederint.
865 779 1002 835 Cum
1060 781 1248 851 igitur,
1303 783 1349 838 si
1403 785 1590 841 minus
1644 787 1811 858 928
1861 789 1934 843 ob
1986 791 2121 846 alias

538 882 755 931 causas,
779 871 970 925 saltem
991 872 1063 926 ob
1090 872 1205 940 ipsa
1236 872 1606 941 incommoda,
1634 894 1756 948 quae
1782 880 1908 935 inde
1934 882 2123 935 oriun-

540 971 657 1019 tur.
685 978 915 1018 necesse
962 964 1034 1018 sit
1084 963 1332 1021 instituta
1383 982 1448 1022 ac
1490 969 1746 1039 dogmata
1790 987 1857 1026 ea
1890 974 2119 1038 servari,

536 1067 658 1119 qua:
691 1052 847 1121 longo
875 1062 1124 1124 tempore
1147 1057 1470 1112 conﬁrmata
1493 1069 1550 1114 et
1573 1060 1778 1115 litteris
1799 1063 2118 1133 consignata

537 1142 679 1209 sint;
711 1155 963 1212 superest
995 1146 1131 1213 jam,
1169 1157 1229 1200 ut
1266 1151 1559 1221 episcopos
1596 1161 1654 1206 et
1686 1155 1966 1224 principes
1997 1156 2122 1212 aliis

538 1229 884 1302 temporibus
913 1236 1050 1290 alios
1076 1241 1452 1308 approbemus
1481 1253 1537 1297 et
1569 1234 1924 1313 recipiamus,
1955 1248 2121 1316 quid-

535 1324 665 1393 quid
700 1325 736 1378 ii
791 1341 893 1395 pro
920 1328 1170 1396 quolibet
1220 1332 1307 1388 vel
1356 1346 1547 1387 contra
1581 1337 1889 1405 quemlibet
1931 1340 2121 1393 decer—

480 1438 487 1445 ι
537 1427 693 1470 nant.
724 1417 881 1473 Unde
936 1423 1250 1477 necessario
1296 1428 1681 1495 consequitur,
1726 1430 2119 1485 anathematis-

538 1523 691 1573 mos,
755 1512 849 1579 qui
902 1512 1166 1568 adversus
1220 1515 1497 1570 Palamam
1573 1520 1644 1573 ob
1711 1533 1938 1577 caeteras
1998 1525 2119 1591 ejus

536 1600 910 1673 blasphemias
937 1606 1004 1659 ab
1028 1605 1237 1661 Joanne
1268 1608 1578 1677 patiiarclia
1607 1609 1817 1665 decreti
1845 1622 1903 1667 et
1926 1613 2117 1683 scripti

533 1693 781 1757 fuerunt,
836 1697 1223 1765 approbandos
1266 1712 1387 1752 esse
1432 1698 1486 1752 in
1542 1700 1829 1768 przesenti,
1858 1717 2014 1770 aeque
2052 1718 2118 1757 ac

534 1785 920 1840 ordinationes
955 1787 1023 1840 ab
1070 1803 1137 1841 eo
1184 1787 1377 1851 factas,
1425 1799 1482 1844 et
1527 1791 1634 1844 alia
1684 1792 1932 1860 ejusdem
1971 1803 2115 1855 aeta,

534 1893 659 1945 quae
707 1879 772 1931 ad
830 1869 1154 1934 hodiernam
1195 1895 1370 1950 usque
1427 1882 1572 1936 diem
1616 1882 1770 1937 firma
1810 1896 1867 1941 et
1906 1887 2120 1943 stabilia

531 1981 879 2039 permanent.
917 1972 1072 2036 Quod
1112 1988 1236 2027 cum
1280 1974 1355 2027 ita
1402 1974 1496 2037 sit,
1531 1982 1587 2029 et
1622 1990 1725 2029 nos
1770 1992 1998 2033 necesse
2033 1988 2120 2033 est

462 2118 473 2123 ,
533 2073 682 2116 recte
734 2062 936 2125 facere,
985 2064 1077 2133 qui
1126 2063 1362 2120 Palama:
1405 2066 1856 2121 communionem
1889 2070 2118 2123 omnino

533 2168 859 2222 respiramus
884 2165 939 2210 et
962 2172 1308 2210 aversetnur.
1349 2175 1369 2208 ι

601 2442 687 2496 Vl.
733 2443 809 2495 lbi
864 2442 1162 2513 imperator
1206 2445 1509 2515 longiorem
1560 2442 1872 2501 Sermonem
1906 2463 2106 2518 expro-

527 2537 689 2590 brare
719 2550 768 2588 (ιι
805 2552 903 2589 nos
935 2537 1233 2603 reprimere
1268 2538 1456 2606 coepit.
1491 2556 1510 2588 ι
1546 2537 1656 2606 Ego
1685 2554 1836 2604 vero,
1868 2540 2116 2609 inquam,

526 2628 620 2682 ubi
660 2643 831 2696 panea
870 2626 1155 2691 addidero,
1209 2627 1371 2680 finem
1404 2627 1623 2683 faciam.
1666 2648 1684 2681 ι
1724 2629 1860 2683 Tum
1908 2633 2115 2687 oratio-

528 2736 654 2773 nem
686 2702 1127 2789 inderepetens,
1173 2739 1191 2771 ι
1220 2720 1560 2775 Facillimum
1597 2721 1781 2791 (dixi),
1809 2724 1857 2777 si
1895 2724 2052 2787 velis,
2085 2740 2118 2779 ο

527 2811 847 2880 imperator,
880 2811 935 2864 in
973 2812 1066 2865 Dei
1105 2812 1349 2866 Ecclesia
1403 2812 1571 2867 fuerit
1617 2813 1767 2882 piam
1807 2816 2118 2885 tranquilli-

531 2914 699 2958 tatem
735 2908 1054 2968 restituere,
1081 2914 1138 2959 et
1170 2903 1237 2957 ad
1279 2904 1458 2974 prima
1486 2906 1856 2985 simplicitatis
1887 2908 2115 2977 vestigia

526 3012 816 3051 revocare.
844 2996 1052 3066 Nempe
1083 2996 1174 3052 ubi
1204 3008 1447 3066 potestas
1476 3012 1600 3052 cum
1634 2999 1915 3055 voluntate
1943 3001 2117 3070 probo

527 3089 833 3157 conspirat,
867 3089 1007 3142 nihil
1047 3098 1131 3144 est
1161 3099 1449 3159 praeterea,
1486 3091 1629 3159 quod
1664 3093 1780 3146 sive
1812 3092 1879 3145 ad
1908 3093 2113 3161 optima

1733 392 2155 453 NICEPHORI
2197 396 2579 456 GliEGORrE
2676 464 2681 467 _

2885 365 3017 449 inte.
3059 412 3102 449 ι.
3143 410 3427 453 οικτλουι.
3467 397 3519 471 5]
3619 406 3732 469 1193

2155 521 2198 572 Α
2231 530 2395 566 στων.
2446 514 2521 567 Οὐ
2574 515 2686 584 γὰρ
2764 514 2842 593 E’t'
2896 514 2996 585 ἔθη
3050 516 3145 568 καὶ
3204 516 3405 587 νόμιμα
3458 521 3735 589 προσήκοντ’

2228 605 2550 674 ἄρχουσί-τε
2596 608 2692 660 καὶ
2722 608 3052 676 ἀρχομένοις
3089 606 3246 661 ἔσται
3283 608 3577 677 τηρούμενα
3606 612 3736 666 οἰ»δὸ

2229 698 2328 761 μὲν
2359 697 2630 764 ἐπιτάξει,
2688 698 2717 751 ό
2775 698 2824 750 δ’
2877 698 3282 753 ὑπακούσεται·
3330 699 3445 754 ἀλλ’
3490 700 3591 753 ἔσθ’
3629 704 3739 772 ὁμοῦ

2228 790 2408 841 πάντα
2440 791 2727 859 χρήματα,
2778 792 2878 843 καὶ
2927 790 3115 854 αὐτοῖς
3169 793 3406 861 πρώτοις
3455 795 3620 860 κομιεῖ
3664 796 3743 863 τὴν

2226 879 2436 951 βλάϐην
2465 886 2578 945 τοῖς
2613 883 2950 952 ἀρξαμένοις
2987 899 3047 936 τε
3087 884 3179 937 καὶ
3209 885 3565 949 προδείξασιν.
3596 885 3650 938 El
3682 888 3743 954 μὴ

2223 973 2315 1025 διὰ
2369 973 2502 1041 γοῦν
2535 972 2689 1028 ἄλλο’
2718 991 2807 1041 τι,
2850 975 2939 1029 διὰ
2978 975 3111 1043 γοῦν
3144 970 3531 1027 τάποϐαίνοντα
3570 976 3744 1028 ἐκεῖθεν

2223 1064 2404 1118 ἄτοπα
2433 1104 2449 1129 ,
2498 1067 2690 1135 τηρεῖν
2745 1066 3089 1136 ὑπάρχοντος
3151 1067 3447 1134 ἀναγκαίου
3491 1066 3557 1117 τὰ
3607 1069 3746 1134 μήκει

2224 1155 2423 1224 χρόνου
2463 1156 2838 1227 βεϐαιωθέντα
2872 1159 2968 1211 καὶ
3020 1157 3313 1226 γράμμασι
3366 1156 3656 1227 κυρωθέντα
3684 1164 3747 1209 νο-

2226 1248 2374 1317 μιμά
2424 1265 2486 1301 τε
2539 1250 2636 1302 καὶ
2681 1249 2934 1319 δόγματα
2962 1292 2976 1315 ,
3020 1250 3271 1321 στέργειν
3314 1248 3494 1302 λοιπέν
3530 1250 3615 1301 καὶ
3642 1250 3746 1317 ἡμῖν

2223 1340 2319 1391 καὶ
2358 1337 2615 1408 δέχεσθαι
2668 1342 2797 1403 τοὺς
2838 1340 2984 1393 κατὰ
3039 1341 3263 1409 καιροὺς
3320 1338 3633 1400 ἐπισκόπους
3675 1340 3747 1390 καὶ

2223 1428 2503 1499 βασιλέας,
2538 1423 2618 1490 οἷς
2663 1430 2808 1498 ὑπὲρ
2847 1431 2975 1482 eam
3005 1429 3069 1498 δή
3109 1446 3272 1482 τινων
3306 1428 3648 1497 ψηφίζονται,
3673 1430 3748 1479 καὶ

2219 1516 2301 1583 οἷς
2331 1523 2461 1575 οἴων
2504 1523 2569 1592 δή
2601 1539 2763 1576 τινων
2809 1525 3307 1593 καταψηφίζονταιο
3339 1523 3413 1584 ὡς
3455 1523 3630 1590 ὁμοίαν
3654 1539 3749 1575 σνν-

2221 1613 2455 1678 άγεσθαι
2527 1614 2627 1683 τὴν
2691 1614 2945 1683 ἀνάγκην
2992 1614 3294 1677 κάνταῦθα,
3332 1615 3640 1681 στέργεσθαι
3676 1614 3750 1665 καὶ

2223 1707 2352 1766 τοὺς
2388 1705 2534 1757 κατὰ
2567 1704 2663 1757 τοῦ
2695 1706 2935 1776 Παλαμᾶ
2958 1705 3327 1775 ψηφισθέντας
3353 1723 3413 1760 τε
3439 1708 3530 1759 καὶ
3556 1705 3751 1776 γραφέν-

2226 1815 2324 1861 τας
2374 1798 2463 1851 διὰ
2508 1799 2606 1859 τὰς
2662 1798 2833 1861 ἄλλας
2883 1799 3055 1858 αὑτοῦ¹
3086 1798 3436 1869 βλασφημίας
3464 1801 3751 1867 ἀναθεματι-

2229 1891 2404 1958 σμοὺς
2447 1890 2675 1961 Ἰωάννῃ
2719 1890 2798 1962 τῷ
2841 1893 3160 1962 πατριάρχῃ
3187 1878 3215 1955 ,’
3231 1890 3354 1953 ταῖς
3385 1892 3567 1953 ἄλλαις
3590 1891 3751 1959 ἐπίσης

2222 1983 2440 2036 ἐκείνου
2471 1987 2830 2054 χειροτονίαις
2864 1985 2961 2038 καὶ
2990 1985 3279 2055 πράξεσιν,
3306 1984 3372 2036 αἳ
3424 1985 3578 2053 μέχρι
3604 1984 3682 2035 καὶ
3705 1985 3751 2045 ὲς

2220 2075 2328 2143 τὴν
2355 2075 2600 2146 τήμερον
2647 2076 2789 2129 κατά
2817 2075 2878 2129 τὸ
2909 2076 3126 2139 ἀκλινὲς
3175 2075 3552 2141 διασώζονται.
3585 2076 3751 2128 Τούτου

2201 2134 2267 2220 Ιδ’
2295 2167 2469 2232 οὕτως
2513 2170 2752 2239 ἔχοντος,
2786 2169 2849 2222 εὖ
2903 2171 3080 2222 ποιεῖν
3134 2170 3227 2223 καὶ
3271 2173 3424 2239 ἡμᾶς
3461 2170 3519 2237 ἐξ
3546 2170 3751 2237 ἀνάγκης

2157 1855 2199 1910 Β

2221 2262 2439 2326 ἕπεται,
2470 2264 2570 2332 τὴν
2618 2263 2717 2315 τοῦ
2753 2261 2992 2332 Παλαμᾶ
3043 2262 3337 2317 κοινωνίαν
3369 2262 3750 2333 ἀποσειομένους

2219 2348 2479 2412 καθάπαξ
2516 2351 2612 2402 καὶ
2640 2350 3072 2419 ἀποτρέποντας.
3101 2369 3123 2404 ι

2294 2441 2380 2515 [Ρ.
2402 2440 2530 2513 584]
2550 2444 2642 2508 ς’.
2657 2440 2764 2494 Τοῦ
2780 2441 2837 2493 δέ
2854 2441 3118 2511 βασιλέως
3140 2442 3241 2513 τὴν
3265 2442 3629 2512 μακρηγορίαν
3653 2442 3751 2511 ἡμῖν

2218 2533 2567 2598 όνειδίξοντός
2593 2550 2651 2586 τε
2669 2536 2761 2586 καὶ
2779 2534 3196 2599 ἀνακόπτοντος,
3222 2554 3241 2585 ι
3271 2536 3393 2587 Ἔτι
3414 2536 3598 2604 μικρὸν
3618 2534 3753 2587 εἰπὼν

2218 2626 2621 2695 ἀπαλλάξομαι,
2658 2644 2677 2677 ι
2712 2625 2852 2694 ἔφην
2873 2624 3003 2694 ἐγώ.
3024 2626 3132 2678 Καὶ
3160 2628 3470 2692 ἀνενεγκὼν
3500 2628 3662 2679 ἐκεῖσε
3684 2625 3754 2679 τὸν

2218 2720 2398 2788 λόγον,
2430 2737 2450 2770 ι
2479 2720 2583 2771 Ἢν
2622 2717 2837 2791 ἐθέλῃς,
2878 2736 2897 2770 ι
2930 2720 3086 2788 ἔφην,
3116 2737 3136 2771 ι
3166 2712 3213 2773 ὧ
3255 2720 3500 2789 βασιλεύ,
3536 2718 3665 2788 μάλα
3689 2733 3752 2768 τοι

2221 2813 2398 2881 ῥᾴστη
2453 2810 2653 2879 γένοιτ’
2683 2810 2749 2864 ἂν
2780 2812 2813 2879 ἡ
2861 2810 2960 2880 τῆς
2999 2810 3260 2873 εὐσεϐοῦς
3312 2813 3536 2880 είρὴνης
3586 2812 3644 2878 τῇ
3676 2805 3750 2859 τοῦ

2218 2902 2354 2955 Θεοῦ
2398 2901 2700 2973 Ἐκκλησία
2724 2902 2859 2971 πρὸς
2905 2905 2966 2954 τὸ
3019 2904 3280 2972 πρότερον
3344 2904 3445 2970 τῆς
3494 2902 3752 2969 ἁπλότητος

2219 2997 2360 3067 [χνος
2422 2994 2705 3058 ἀνάλυσις.
2751 2995 2864 3063 Τῆς
2915 2996 3024 3065 γὰρ
3075 2995 3360 3064 δυνάμεως
3414 2998 3479 3064 τῇ
3544 2992 3755 3064 βουλήσει

2219 3088 2402 3150 καλῶς
2451 3087 2874 3157 συντρεχούσης,
2939 3086 3101 3155 μηδὲν
3150 3087 3217 3141 ἂν
3243 3087 3319 3139 ἐτ’
3372 3082 3511 3139 εἶναι
3571 3082 3755 3155 μηδαμῆ
3812 3142 3826 3154 κ

531 3180 648 3234 sive
689 3180 755 3234 ad
797 3181 1035 3257 pessima
1069 3180 1457 3235 festinantibus
1497 3199 1707 3236 moram
1736 3184 1981 3253 objiciat.
2012 3185 2115 3240 Ita-

2225 3182 2359 3249 μήτε
2384 3178 2517 3249 πρὸς
2539 3179 2600 3231 τὸ
2620 3179 2927 3241 κάλλιστον,
2957 3168 3094 3248 μήτε
3125 3179 3231 3250 μὴν
3252 3180 3390 3249 πρὸς
3416 3179 3475 3232 τὸ
3503 3178 3754 3248 χείριστον,

527 3285 636 3340 que
665 3279 1035 3325 trecentorum
1067 3271 1237 3327 ferme
1265 3288 1531 3327 annorum
1564 3274 1924 3329 idololatriam
1963 3275 2111 3331 Con-

528 3363 805 3418 stantinus
859 3364 952 3418 ille
1008 3364 1310 3433 imperator
1354 3364 1509 3429 brevi
1562 3376 1809 3434 tempore
1846 3369 2109 3423 correxit.

525 3453 730 3509 Contra
756 3453 998 3522 Juliano,
1028 3456 1091 3510 ad
1119 3456 1391 3511 idolorum
1415 3456 1624 3511 cultum
1650 3473 1895 3517 reverso.
1916 3475 2111 3516 omnes

527 3560 670 3615 pene
710 3546 899 3614 populi
950 3546 1318 3617 obsequentes
1363 3549 1429 3602 ad
1479 3532 1727 3603 eamdem
1762 3552 2111 3617 superstitio-

525 3652 653 3691 nem
715 3638 1004 3693 celerrime
1037 3639 1204 3709 929
1255 3637 1491 3694 revoluti
1546 3649 1696 3694 sunt.
1756 3642 1829 3696 Ita
1883 3643 2115 3713 quilibet

527 3725 794 3796 deinceps
830 3744 1003 3797 usque
1054 3729 1463 3799 progrediendo
1511 3733 1742 3800 populos
1778 3734 2117 3802 principibus

524 3818 688 3873 facile
718 3819 950 3893 obsequi
985 3820 1216 3887 videbit,
1266 3831 1326 3874 ut
1378 3834 1666 3877 ventorum
1696 3824 1927 3879 ﬂabellis
1956 3825 2110 3880 deci-

524 3910 635 3964 dua
671 3926 981 3980 quercunm
1039 3911 1187 3977 folia,
1245 3921 1341 3967 aut
1374 3913 1417 3966 si
1455 3914 1588 3982 quid
1622 3915 1771 3970 aliud
1809 3917 2011 3971 mobile
2054 3928 2111 3971 et

524 4003 645 4055 leve
692 4013 795 4056 est.
846 4004 959 4069 Age
998 4002 1188 4074 igitur,
1224 4003 1563 4071 'imperator,
1612 4007 1905 4078 pristinum
1957 4007 2110 4060 illum

524 4094 871 4163 splendorem
907 4092 1185 4169 restituito
1209 4093 1472 4151 Ecclesia:
1501 4097 1617 4156 Dei,
1646 4113 1808 4166 quam
1838 4112 1977 4151 nova
2012 4097 2114 4150 Pa-

522 4185 681 4240 lamaz
726 4185 982 4255 dogmata
1040 4186 1357 4240 lacerarunt
1400 4202 1465 4239 ac
1518 4187 1952 4258 discerpserunt,
1995 4200 2113 4244 toto

525 4278 645 4333 fere
673 4279 808 4333 orbe
852 4278 1087 4333 infinitis
1120 4280 1300 4335 turbis
1327 4280 1559 4349 repleto.
1609 4281 1661 4335 Id
1697 4292 1879 4336 autem
1915 4283 2111 4337 facilli-
2142 4274 2149 4285 “

526 4385 676 4423 mum
728 4370 836 4427 tibi
878 4369 1065 4436 fuerit,
1105 4372 1147 4425 si
1202 4370 1340 4425 velis
1395 4371 1668 4442 integrum
1720 4375 1844 4443 ejus
1882 4375 2109 4441 librum,

527 4463 633 4511 line
675 4468 761 4511 cst
794 4461 1037 4513 ninnium
1082 4460 1400 4529 promiscue
1437 4462 1715 4516 liaereseon
1756 4466 2107 4535 farraginem,

2214 3272 2244 3325 ὃ
2273 3271 2468 3339 γένοιτ’
2489 3270 2554 3324 ἂν
2585 3271 2859 3341 ἐμποδών.
2894 3273 3005 3325 Καὶ
3050 3274 3447 3344 Κωνσταντίνῳ
3496 3272 3670 3340 ἐκείνῳ
3693 3268 3755 3335 τῷ

2216 3358 2426 3431 βασιλεῖ
2453 3362 2779 3431 τριακοσίων
2833 3362 3000 3430 ἐγγὺς
3053 3363 3311 3415 ἐνιαυτῶν
3344 3358 3752 3429 είδωλολατρείας

2214 3456 2272 3506 ἐν
2298 3454 2487 3523 βραχεῖ
2533 3452 2930 3523 διορθώσασθαι
2969 3450 3245 3521 ἐξεγένετο
3266 3431 3310 3485 ’³
3340 3454 3437 3506 καὶ
3486 3450 3756 3504 τούναντίον

2215 3543 2392 3609 αὖθις,
2448 3544 2737 3599 Ίουλιανοῦ
2804 3545 2939 3615 πρὸς
2992 3546 3406 3617 εἰδωλολατρίας
3460 3544 3755 3602 νενευκότος,

2217 3638 2420 3712 μικροῦ
2452 3639 2654 3701 πάντες
2688 3634 2829 3707 ἦσαν
2849 3634 3005 3700 αὖθις
3037 3637 3236 3706 ὁμοίως
3284 3638 3517 3709 ὑπήκοοι
3562 3637 3650 3706 τὴν
3677 3651 3757 3688 τα-

2215 3732 2407 3802 χίστην
2468 3728 3005 3800 παλινδρομήσαντες
3024 3745 3040 3760 ·
3067 3730 3159 3782 καὶ
3189 3727 3333 3782 οῦτω
3366 3746 3431 3797 γε
3470 3730 3660 3798 προῖὼν
3686 3741 3757 3786 τις

2215 3825 2304 3876 ἀεὶ
2322 3822 2519 3892 ῥᾳδίως
2536 3824 2648 3883 τοῖς
2668 3821 2933 3891 ἄρχουσιν
2946 3821 3208 3889 ἑπόμενον
3232 3820 3425 3890 ὄψεται
3450 3824 3506 3874 τὸ
3527 3820 3754 3889 ὑπήκοον,

2217 3915 2471 3982 καθάπερ
2497 3915 2688 3983 ¹πνοαῖς
2709 3914 2928 3982 ἀνέμων
2960 3916 3224 3966 πίπτοντα
3254 3914 3434 3980 φύλλα
3485 3912 3655 3983 δρυὸς,
3683 3912 3759 3961 καὶ

2215 4004 2269 4056 εἴ
2293 4020 2346 4054 τι
2375 4003 2482 4055 τῶν
2517 3982 2662 4055 86w
2723 4002 2923 4072 ῥᾳδίων
2970 4002 3065 4056 καὶ
3105 4000 3343 4068 κούφων.
3392 4002 3527 4071 Φέρε
3560 3988 3757 4065 ’τοίνυῃ

2213 4096 2432 4158 ἀπόδος,
2458 4089 2502 4149 ὦ
2531 4093 2779 4164 βασιλεῦ,
2816 4095 2915 4165 τὴν
2962 4095 3091 4163 πρὶν
3138 4094 3437 4163 εὐκοσμίαν
3481 4094 3679 4160 ἐκείνην
3704 4093 3757 4158 τῇ

2212 4187 2308 4240 τοῦ
2349 4187 2484 4240 Θεοῦ
2518 4186 2834 4257 Ἐκκλησία,
2872 4187 2937 4257 ἢν
2962 4187 3019 4239 αἱ
3048 4186 3140 4239 τοῦ
3172 4183 3757 4254 [Ιαλαμᾶδιεσπάραξάν

2213 4297 2272 4331 τε
2296 4280 2390 4332 καὶ
2411 4278 2789 4348 διεμερίσαντο
2815 4278 3185 4345 καινοφωνίαι,
3213 4276 3420 4347 μυρίων
3444 4279 3567 4345 ὅλην
3582 4271 3754 4344 μικροῦ

2215 4370 2463 4440 θορύϐων
2494 4371 2591 4439 τὴν
2628 4370 2957 4438 οἰκουμένην
3005 4372 3434 4439 ὲμπεπληκυῖαι.
3476 4370 3684 4433 Ῥᾷστον
3721 4363 3755 4416 δ’

2215 4460 2367 4514 ἔσται
2410 4478 2494 4514 σο;
2551 4462 2770 4524 πάντως
2831 4461 3003 4528 τουτὶ,
3030 4461 3227 4528 θφλογὶ
3279 4463 3451 4529 πυρὸς
3505 4460 3598 4529 τὴν
3651 4457 3756 4520 ὃλην

526 4550 638 4619 igni
673 4549 899 4605 donare.
935 4552 1090 4618 Quod
1126 4552 1171 4605 si
1212 4569 1275 4606 ea
1308 4568 1431 4621 qua:
1474 4540 1663 4607 insunt
1708 4555 2024 4624 blasphema
2055 4569 2110 4613 et

2217 4551 2379 4606 αὑτοῦ
2404 4550 2584 4620 βίϐλον
2616 4551 2931 4620 βουληθέντι
2966 4551 3315 4622 χαρίσασθαι,
3367 4551 3553 4604 πασῶν
3587 4544 3757 4616 ἀναμὶξ

526 4642 693 4710 impia
728 4641 1014 4711 imperitos
1043 4643 1311 4713 quosdam
1343 4643 1466 4700 ideo
1502 4644 1738 4714 fugiunt,
1768 4648 1896 4716 quia
1928 4651 2112 4706 verbis

527 4732 770 4788 confusis
815 4746 870 4787 et
920 4735 1157 4788 obscuro
1196 4734 1601 4805 tenebrosoqne
1649 4753 1903 4794 sermone
1937 4740 2112 4795 invol-

529 4833 753 4888 vuntur,
786 4840 885 4877 nos
918 4824 1129 4893 singula
1165 4833 1222 4878 et
1254 4825 1511 4879 universa
1548 4828 1873 4897 explicando
1906 4831 2115 4887 indica-

530 4915 733 4969 bimus.
785 4915 1063 4985 l‘ljusmozii
1103 4924 1233 4967 sunt.
1279 4915 1665 4972 hazrcticorum
1696 4924 2114 4977 commentatio-

529 5020 649 5068 nes,
701 5007 972 5074 perplexa:
1029 5003 1287 5059 videlicet
1342 5014 1399 5060 et
1465 5008 1796 5077 indiscrelre,
1844 5015 2111 5068 montium

529 5097 683 5150 silvis
728 5096 1026 5149 condensis
1068 5096 1428 5167 abruptisque
1474 5102 1831 5171 voraginibus
1862 5105 2113 5174 persimi-

529 5188 608 5241 ius
635 5206 647 5252 ;
692 5196 749 5240 ut
778 5185 1241 5255 quemadmodum
1277 5189 1517 5245 latrones
1550 5192 1675 5247 inde
1713 5194 1997 5263 improvisi
2030 5198 2113 5250 in-

532 5281 727 5334 siliunt
758 5280 811 5331 in
844 5294 958 5344 eos,
997 5279 1091 5347 qui
1139 5280 1264 5335 illac
1303 5282 1488 5337 animo
1524 5285 1764 5355 simplici
1805 5298 1859 5340 et
1896 5289 2113 5343 incauto

532 5379 944 5443 pertranseunt,
986 5372 1056 5424 ita
1100 5371 1154 5425 lii
1190 5386 1256 5426 ex
1303 5373 1627 5429 confusione
1676 5385 1732 5430 et
1776 5377 2114 5433 obscuritate

534 5464 861 5523 d.etionum,
906 5464 1059 5532 plura
1103 5465 1293 5518 eodem
1326 5466 1595 5521 vocabulo
1628 5478 1725 5521 aut
1762 5468 1955 5523 eadem
1991 5470 2114 5537 plu-

538 5559 693 5612 ribus
723 5557 1170 5626 significantium,
1198 5559 1354 5628 quasi
1387 5576 1449 5613 ex
1487 5560 1753 5625 tenebris,
1789 5561 1841 5616 in
1871 5561 2116 5616 veritatis

535 5649 946 5717 simplicitatem
981 5650 1085 5705 tela
1119 5650 1493 5719 intorqueant.
1527 5651 1605 5707 Ae
1640 5651 1871 5707 fortasse
1898 5662 2116 5723 oporte-

540 5739 650 5791 bat.
695 5755 763 5793 eo
799 5743 944 5809 quod
990 5742 1179 5811 pietati
1229 5750 1558 5796 ornamento
1594 5754 1739 5798 esset
1772 5744 2112 5812 simplicitas,

540 5824 614 5879 ita
646 5829 917 5882 contraria
968 5832 1179 5885 ratione
1220 5830 1556 5900 impietatem
1594 5833 1948 5903 multiplicem
1996 5849 2118 5890 esse

2216 4643 2326 4697 τῶν
2349 4645 2613 4714 αἱρέσεων
2643 4641 2809 4697 οὖσαν
2840 4644 3199 4714 συμφόρημα.
3233 4645 3291 4696 Εἰ
3312 4644 3369 4697 δὲ
3416 4644 3524 4697 τῶν
3555 4639 3757 4713 ἀμαθῶς

2216 4737 2448 4806 ἐχόντων
2501 4736 2675 4798 ἐνίους
2724 4734 3090 4804 διαδιδράσκοι
3124 4736 3193 4788 τὰ
3234 4735 3551 4805 βλάσφημα,
3611 4732 3689 4787 διά
3709 4745 3757 4781 τε

2215 4826 2314 4896 τὴν
2343 4827 2452 4879 τῶν
2480 4825 2679 4893 λέξεων
2701 4825 2965 4895 σύγχυσιν
2995 4826 3089 4879 ml.
3118 4825 3177 4878 τὸ
3197 4825 3295 4895 τῆς
3311 4828 3560 4896 φράσεως
3581 4838 3758 4895 axe-cst.-

2216 4918 2309 4970 νόν
2342 4933 2401 4969 τε
2429 4918 2523 4970 καὶ
2551 4916 2868 4987 όμιχλῶδες,
2902 4917 3061 4986 ἡμεῖς
3094 4917 3500 4982 ἀναπτύξαντες
3542 4915 3756 4981 δείξομεν

2217 5007 2340 5062 καθ’
2374 5009 2584 5063 ἐκαστά
2610 5026 2668 5061 τε
2697 5011 2791 5062 καὶ
2824 5011 2964 5063 κατά
3020 5009 3243 5078 πλῆθος.
3267 5008 3502 5063 Τοιαῦτα
3550 5015 3649 5076 γὰρ
3701 5005 3754 5056 τὰ

2219 5100 2327 5154 τῶν
2352 5102 2618 5171 αἱρέσεων
2642 5101 3068 5170 ἐπιτηδεύματα,
3097 5100 3317 5153 ποικίλα
3345 5101 3465 5154 τινὰ
3492 5102 3580 5152 καὶ
3604 5095 3753 5150 δυσδι-

2220 5194 2442 5261 άκριτα.
2466 5192 2560 5244 καὶ
2589 5191 2788 5260 πολλὴν
2817 5192 2914 5261 τὴν
2952 5193 3249 5264 ὁμοιότητα
3292 5191 3611 5254 διασώζοντα
3643 5188 3751 5253 πρ¹ς

2214 5281 2312 5343 τὰς
2340 5282 2398 5331 ἐν
2423 5281 2575 5351 ὄρεσι
2603 5281 2809 5350 λόχμας
2836 5283 2927 5333 καὶ
2970 5282 3259 5350 φάραγγας
3280 5297 3294 5313 ο
3327 5282 3411 5343 ἶν’,
3448 5281 3520 5343 ὡς
3574 5277 3753 5330 ἐκεῖθεν

2215 5374 2263 5424 οἱ
2293 5372 2490 5443 Inﬁrmi
2506 5375 2615 5434 τοῖς
2645 5374 2702 5424 ἐν
2731 5371 2996 5441 ἁπλότητι
3030 5372 3287 5443 παριοῦσι
3316 5372 3535 5441 καρδίας
3584 5370 3750 5436 (inpol-

2218 5479 2366 5525 πτως
2395 5463 2756 5534 ἐπιπηδῶσιν,
2778 5463 2949 5528 οὕτως
2978 5465 3053 5528 ὡς
3104 5466 3170 5516 ἐκ
3229 5466 3450 5527 σκότους
3485 5456 3623 5517 οῦτοι
3660 5456 3746 5523 Δτοῦ

2218 5553 2525 5626 ξυμμιγοῦς
2576 5557 2669 5609 καὶ
2700 5556 3003 5626 γριφώδους
3034 5555 3144 5609 τῶν
3193 5557 3492 5627 ὁμωνύμων
3519 5556 3627 5625 ἃμα
3672 5550 3749 5601 καὶ

2217 5647 2463 5701 πολυωνύ
2472 5665 2586 5718 μων
2598 5647 2797 5712 λέξεων
2820 5648 2881 5705 τὸ
2897 5652 2992 5718 τῆς
3008 5649 3066 5701 εύ
3076 5648 3284 5713 σεϐείας
3307 5649 3531 5718 βάλλωσι
3549 5642 3745 5700 ἀπλοὲν.

2229 5739 2426 5809 Ἐχρῆν
2452 5739 2518 5792 ἂν
2545 5739 2676 5802 ἴσως
2695 5740 2751 5807 ἐξ
2781 5740 3078 5806 ἀντιθέτου,
3112 5741 3496 5811 τῆςιεύσεϐείας
3516 5737 3745 5804 ἁπλότητι

2219 5830 2554 5906 κοσμούσης,
2578 5831 2852 5903 πολυμιγῆ
2884 5849 3004 5886 τινα
3036 5836 3128 5887 καὶ
3156 5833 3399 5903 ποικίλην
3429 5834 3522 5900 τὴν
3548 5828 3745 5886 ἀντίπα-
