4002 6456
476 296 614 360 1195
766 293 840 365 [Α.
888 308 944 345 κ.
978 292 1142 357 6859,
1190 284 1299 348 mnf
1341 294 1400 362 4]

1683 293 2107 357 NICEPIIORI
2144 297 2250 359 GR
2262 300 2539 365 EGOILE

2819 297 2963 372 Ῐιιι».
3001 315 3047 357 ι.
3088 313 3387 362 ωιτηουτ.
3425 305 3481 376 5]
3633 311 3761 377 li‘fﬁ

430 409 889 477 ~tivam'iquarunr
918 409 1018 461 vis.
1051 405 1158 462 Sed
1190 421 1261 460 ne
1292 404 1551 462 maximis
1576 406 1873 464 elementis
1918 407 2057 479 sigil-

2179 412 2697 485 ὲπανακάμψωμεν.
2754 414 2865 468 ’Τὶν
2921 416 3031 487 γὰρ
3063 416 3232 471 αὐτόν
3287 436 3380 487 μοι
3428 420 3628 491 τρόπον
3658 425 3757 494 δρα

468 499 621 554 latim
668 498 1018 563 cnarrandis,
1076 499 1394 572 gratissimo
1441 499 1662 556 dicendi
1711 508 2058 579 argumento,

466 594 546 647 sic
594 593 979 669 immoremur,
1016 602 1077 647 ut
1112 596 1320 647 sensim
1366 592 1546 648 oratio
1602 603 1790 648 nostra
1843 593 2063 664 longius

466 696 743 746 excurrat,
774 685 840 739 ad
875 685 1190 739 institutum
1226 684 1437 740 reversi
1489 684 1773 754 prioribus
1814 684 2064 756 vestigiis

466 777 805 832 insistamus.
853 776 1057 832 Eodem
1105 778 1271 831 modo
1314 777 1487 847 ipsam
1533 792 1754 849 quoque
1797 777 1964 833 ﬁdem
2007 778 2060 833 in

466 871 723 940 prmsenti
758 881 976 939 spectes
1020 870 1169 925 volo.
1199 870 1431 935 Nempe,
1469 877 1529 923 ut
1568 884 1762 925 eorum
1794 886 1916 941 quae
1945 870 2062 927 dixi

468 964 604 1018 nihil
639 962 944 1033 quidquam
978 964 1219 1029 varium,
1253 962 1392 1018 nihil
1426 962 1715 1033 multiplex
1741 978 1863 1019 esse
1895 979 2065 1035 appa-

465 1057 599 1118 ruit.
638 1057 711 1111 ita
747 1067 806 1110 ut
834 1071 1026 1111 eorum
1059 1045 1415 1126 singulorum
1435 1066 1621 1127 partes
1654 1056 1776 1111 alia:
1805 1072 2063 1112 commu-

2173 504 2451 557 κάνταῦθα
2479 507 2612 580 περὶ
2643 496 2742 576 τῆς
2767 508 3025 569 πίστεως.
3062 508 3153 573 Ὠς
3177 508 3288 578 γὰρ
3315 510 3425 564 τῶν
3454 513 3759 583 εἰρημένωι

2168 594 2322 650 οὐδὲν
2357 597 2579 669 οὖδαμῆ
2606 599 2851 653 ποικίλον
2877 599 2973 653 καὶ
3008 588 3331 673 πολυσχιδὲς
3359 602 3759 673 ἀποπέφανται,

2168 687 2338 751 ὡς,τὸ
2390 689 2489 759 μὲν
2520 691 2631 744 τῶν
2674 694 2859 766 μερῶν
2887 691 2974 762 ἐφ’
3013 694 3249 749 ἑκάστου
3281 694 3491 749 τούτων
3533 697 3760 765 μετέχε-

2171 780 2319 844 σθαι,
2353 770 2421 835 τε
2443 783 2488 835 δ’
2509 781 2571 836 οῦ
2592 800 2620 863 ’ν
2638 786 2734 837 καὶ
2756 783 2819 837 τὸ
2838 785 2939 857 μὲν
2959 786 3065 838 ὑπὸ
3082 785 3247 840 ’τοῦδε
3280 787 3403 856 μὲν,
3435 787 3529 850 ὑπ’
3549 789 3757 841 ἐκείνου

2167 872 2214 927 δ’
2230 874 2292 928 οῦ
2314 892 2327 906 '
2358 875 2494 932 ἀλλά
2520 878 2699 935 πάντα
2724 881 2906 949 πάσης
2927 879 3123 951 ἐπίσης
3144 883 3242 949 τῆς
3263 880 3467 933 τούτων
3492 886 3684 952 μετέχε
3713 902 3757 934 ιν

2172 962 2256 1037 [Ρ.
2301 964 2429 1039 586]
2478 967 2748 1024 δέδεικται
2793 972 3031 1040 φύσεως,
3086 975 3227 1025 κατὰ
3253 977 3352 1040 τὴν
3386 974 3526 1028 ἰδίαν
3549 976 3752 1028 ἕκαστα

2167 1059 2403 1131 δύναμίν
2427 1079 2487 1115 τε
2521 1063 2621 1116 καὶ
2676 1063 2935 1135 βούλησιν
2962 1081 2976 1095 ·
3002 1065 3146 1119 οὕτω
3184 1069 3278 1119 καὶ
3300 1071 3330 1119 ὁ
3384 1067 3485 1137 τῆς
3530 1070 3758 1131 πίστ-ω;

466 1148 807 1213 nicarentur,
836 1148 958 1202 alia:
989 1163 1097 1202 non
1132 1149 1286 1215 item,
1313 1156 1372 1203 et
1404 1149 1511 1203 illae
1540 1148 1706 1220 932
1736 1149 1960 1218 quidem
1990 1150 2061 1207 ab

465 1242 592 1309 hoc,
628 1257 737 1295 non
779 1241 848 1295 ab
895 1241 990 1295 illo
1034 1241 1523 1311 participarentur,
1550 1243 1647 1297 sed
1689 1242 1924 1298 solidam
1962 1258 2062 1299 co-

2167 1150 2350 1221 λόγος,
2385 1153 2593 1218 ἁπλοῦς
2626 1155 2719 1209 καὶ
2752 1156 3061 1227 ἀποίκιλος,
3100 1159 3270 1210 πᾶσιν
3306 1160 3506 1230 ἐπίσης
3536 1159 3756 1212 πλουσί-

2146 1260 2247 1308 ὀις
2276 1246 2373 1300 καὶ
2402 1248 2636 1318 πένησιν
2662 1248 2896 1316 δέδοται,
2924 1249 3156 1321 ἄρχουσί
3208 1268 3269 1302 τε
3296 1253 3393 1304 καὶ
3410 1254 3751 1322 ἀρχομένοις.

2168 1340 2241 1395 Οὐ
2278 1340 2388 1411 γὰρ
2415 1340 2544 1395 ἄλλο
2591 1341 2694 1413 μὲν
2722 1343 2785 1397 τὸ
2830 1344 3097 1415 βασιλέων
3138 1346 3232 1398 καὶ
3279 1346 3569 1417 ἡγεμόνων
3624 1343 3759 1399 εἶναι

2168 1432 2459 1505 βάπτισμα
2478 1435 2663 1506 νόμος,
2690 1437 2820 1492 ἄλλο
2844 1438 2902 1491 δὲ
2928 1438 3038 1491 τῶν
3067 1441 3396 1493 σκαπανέων
3425 1441 3520 1493 καὶ
3541 1440 3752 1496 ἀλιέων·

2165 1526 2277 1580 οὐδ’
2315 1527 2529 1582 ἐκείνου
2560 1528 2664 1599 μὲν
2725 1531 2868 1595 τόδε,
2909 1533 3092 1585 ἐκεῖνο
3122 1532 3183 1585 δὲ
3237 1532 3387 1586 τοῦδε
3411 1549 3426 1563 ·
3451 1535 3565 1587 ἀλλ’
3589 1534 3648 1587 ἓν
3669 1538 3759 1588 καὶ

2164 1619 2365 1672 ταυτὸν
2395 1620 2489 1672 καὶ
2519 1621 2654 1674 πᾶσι
2679 1621 2775 1675 καὶ
2799 1621 2907 1677 ἀεί.
2944 1642 2963 1676 ι
3001 1622 3093 1676 Ἐν
3111 1623 3191 1676 ἑνὶ
3215 1623 3320 1694 γὰρ
3353 1624 3540 1695 (φησὶν
3562 1625 3760 1678 611:6—

2169 1711 2380 1799 στολος)
2416 1713 2693 1785 πνεύματι
2760 1715 2924 1785 ἡμεῖς
2953 1715 3159 1785 πάντες
3180 1717 3260 1779 είς
3298 1716 3358 1770 ἓν
3411 1717 3573 1788 σῶμα
3626 1718 3759 1773 £6:-

464 1355 585 1393 rum
625 1347 879 1392 naturam
910 1338 1192 1405 omnibus,
1227 1351 1329 1408 pro
1361 1337 1800 1410 uniuscujusque
1835 1340 2077 1413 propria.

462 1429 726 1485 facultate
757 1445 823 1484 ac
854 1429 1166 1509 voluntate,
1200 1444 1266 1485 ex
1298 1444 1460 1500 :equo
1490 1432 1895 1487 communicari
1924 1447 2060 1488 con-

461 1533 575 1578 stat
600 1530 619 1588 ;’
647 1524 719 1577 ita
753 1533 809 1578 et
840 1523 961 1578 tidel
994 1523 1266 1589 doctrina,
1298 1523 1533 1594 simplex
1564 1532 1621 1579 et
1644 1538 1842 1594 expers
1875 1525 2059 1582 varie-
2090 1564 2104 1581 .

462 1617 612 1683 tatis,
672 1616 932 1673 omnibus
985 1632 1052 1671 ex
1114 1632 1276 1687 aequo
1334 1615 1631 1680 divitibus,
1693 1620 2059 1690 pauperibus,

461 1712 824 1783 principibus,
860 1712 1090 1783 privatis
1128 1711 1389 1767 traditur.
1432 1710 1563 1775 Non
1584 1715 1734 1769 enim
1771 1715 1920 1770 aliud
1958 1716 2058 1772 im-
2096 1762 2137 1818 Β

460 1815 778 1875 peratorum
809 1814 862 1858 et
891 1804 1115 1869 ducum,
1141 1803 1290 1859 aliud
1327 1804 1602 1862 fossorum
1632 1816 1689 1862 et
1718 1806 2056 1878 piscatorum

2167 1805 2486 1876 πτίσθημεν
2516 1804 2709 1873 αῦτοῦ,
2741 1809 2857 1863 είτε
2891 1806 3139 1864 Ἰουδαῖοι
3164 1810 3275 1863 είτε
3309 1810 3593 1880 Ἕλληνες,
3643 1811 3754 1864 εἴτε

459 1894 880 1967 διιριίειιιαεεεε
902 1897 1047 1968 juris
1077 1905 1162 1951 est
1193 1914 1206 1953 :
1243 1911 1347 1952 nec
1378 1896 1459 1957 illi
1498 1899 1723 1969 quidem
1768 1900 1907 1966 hoc,
1927 1900 2057 1958 huic

2169 1897 2375 1965 δοῦλοι,
2418 1900 2529 1955 είτε
2560 1900 2876 1972 ἐλεύθεροι·
2921 1903 3015 1957 καί
3063 1902 3266 1967 πάντες
3320 1903 3400 1967 εἰς
3432 1902 3491 1958 ἓν
3538 1903 3753 1975 πνεῦμα.

458 1994 590 2043 vero
632 1986 797 2050 illud,
830 1986 923 2041 sed
960 2001 1132 2041 unum
1168 1995 1224 2041 et
1268 1985 1416 2042 idem
1454 1989 1713 2045 omnibus
1742 1999 1799 2045 et
1833 2005 2057 2063 semper

388 2142 391 2147 _
460 2080 813 2152 proponitur.
851 2099 870 2132 ι
906 2078 1120 2135 Etenim
1158 2081 1213 2135 in
1256 2094 1367 2136 uno
1412 2081 1644 2152 spiritu,
1689 2084 1873 2155 inquit
1908 2086 2058 2157 Apo-

458 2176 636 2229 stolus
666 2175 710 2236 ¹,
743 2188 939 2228 omnes
974 2188 1077 2227 nos
1122 2173 1178 2228 in
1218 2189 1392 2229 unum
1426 2189 1629 2246 corpus
1659 2175 1922 2247 baptizati
1955 2194 2052 2235 su-

459 2283 602 2333 mus,
636 2267 752 2321 sive
781 2265 979 2331 Judaei,
1023 2265 1139 2320 sive
1168 2263 1372 2329 Grteci,
1403 2264 1521 2322 sive
1560 2269 1730 2335 servi,
1766 2271 1885 2327 sive
1917 2271 2056 2328 libe-

454 2361 528 2429 ri,
562 2370 617 2423 et
652 2374 847 2414 omnes
883 2358 938 2412 in
972 2373 1082 2412 uno
1113 2357 1313 2428 spiritu
1356 2358 1624 2429 baptizati
1655 2377 1885 2429 sumus;
1922 2382 1940 2415 ›
1981 2380 2053 2422 ne

454 2451 603 2506 ullus
653 2464 886 2520 prorsus
935 2446 1183 2503 ﬁdelium
1236 2448 1413 2519 possit
1460 2465 1525 2505 ea
1583 2467 1665 2517 re,
1706 2468 1831 2523 quae
1879 2455 2051 2512 vitam

454 2543 652 2598 anima:
690 2559 750 2597 rc
782 2542 899 2613 ipsa
939 2540 1153 2603 tribuit,
1193 2541 1307 2596 ullo
1337 2551 1585 2613 tempore
1619 2554 1718 2600 aut
1744 2546 1856 2602 ullo
1885 2549 2052 2606 modo

453 2633 723 2691 fraudari.
786 2633 967 2703 Atque
1019 2640 1079 2687 ut
1137 2630 1251 2688 illic
1300 2633 1547 2706 legitima
1604 2640 2050 2699 necessariorum

454 2726 857 2783 elementorum
889 2718 1072 2796 portio
1120 2729 1345 2798 copiose
1388 2736 1448 2786 et
1482 2729 1551 2785 ad
1593 2730 1817 2801 plenum
1851 2751 2054 2807 suppe-

454 2821 701 2889 ditatur;
738 2831 962 2884 caetera,
1003 2835 1242 2891 quorum
1292 2836 1427 2878 usus
1464 2827 1653 2881 varius
1682 2835 1739 2882 et
1772 2830 2052 2887 mutabilis

452 2921 559 2978 est,
593 2928 696 2968 nec
741 2913 1004 2968 omnibus
1050 2928 1202 2984 aeque
1249 2916 1623 2985 necessarius,
1674 2917 1793 2975 fere
1837 2923 2050 2979 rariora

453 3015 606 3073 sunt,
630 3005 850 3074 aliaque
872 3004 996 3059 aliis
1026 3005 1285 3076 personis
1307 3016 1365 3062 et
1397 3007 1537 3064 locis
1561 3008 1912 3077 dividuntur,
1938 3031 2050 3087 quo

2167 1991 2588 2064 ὲὸαπτίσθημεν
2608 2009 2626 2027 ⁸
2667 2012 2688 2046 ι
2728 1993 2805 2059 ὡς
2829 1993 2896 2049 ἂν
2932 1995 3156 2067 μηδαμῆ
3189 1994 3381 2067 μηδενὶ
3410 1997 3516 2050 τῶν
3539 1998 3744 2051 πιστῶν

2162 2083 2228 2137 τὸ
2257 2082 2493 2148 ζωτικὸν
2519 2084 2595 2149 ὡς
2622 2074 2843 2155 ἀληθῶς
2876 2086 2979 2156 τῆς
3007 2086 3184 2157 ψυχῆς
3241 2086 3570 2156 ζημιοῦσθαι
3632 2088 3747 2159 ἐξῇ.

2166 2178 2307 2248 μήτε
2330 2178 2453 2233 καθ’
2474 2178 2779 2250 οίονδήτινα
2834 2178 3053 2250 χρόνον,
3096 2179 3236 2250 μήτε
3283 2178 3410 2232 καθ’
3458 2180 3757 2252 οίονδὴτινα

2160 2273 2390 2343 τρόπον.
2422 2273 2533 2325 Καὶ
2559 2270 2752 2343 ὥσπερ
2774 2271 2913 2337 ἐκεῖ,
2938 2270 3081 2327 κατὰ
3107 2270 3211 2342 μὲν
3237 2272 3299 2325 τὸ
3321 2270 3423 2342 τῆς
3455 2273 3752 2339 ἀναγκαίας

2160 2365 2350 2438 χρείας
2371 2365 2657 2435 ἀνάλογον,
2673 2365 2769 2419 καὶ
2789 2364 2948 2435 ἡτῶν
2967 2365 3281 2434 ἀναγκαίων
3298 2366 3574 2436 στοιχείων
3596 2364 3752 2435 ζυγο⁴

2162 2460 2442 2513 στατεῖται
2471 2458 2730 2530 χορηγία,
2761 2458 3033 2529 πολύχους
3053 2458 3192 2526 ὁμοῦ
3217 2459 3310 2514 καὶ
3332 2460 3603 2529 ἀνενδεὴς·
3622 2462 3692 2513 τὰ
3710 2460 3749 2513 δ’

2158 2549 2440 2606 ἄλλ’δπόσ’
2450 2551 2807 2623 ἐνδεχομένην
2824 2550 2950 2621 ἔσχε
2964 2551 3066 2622 τὴν
3076 2551 3263 2623 χρείαν
3279 2551 3583 2624 καὶῆκιστα
3594 2554 3726 2607 πᾶσι
3738 2572 3754 2603 δ

2159 2643 2357 2714 ἐπίσης
2378 2644 2693 2712 ἐπάγουσαν
2721 2643 2821 2714 τὴν
2851 2644 3120 2713 ἀνάγκην,
3137 2643 3497 2713 σπανιώτερά
3520 2662 3635 2708 πως
3663 2645 3755 2699 καὶ

2158 2736 2294 2793 ἄλλα
2318 2730 2833 2807 άλλοιςπροσώποις
2851 2737 2950 2791 καὶ
2984 2735 3123 2792 ἄλλα
3157 2736 3341 2800 ἄλλοις
3370 2737 3649 2807 μερίζεται
3671 2738 3755 2791 τό·

2157 2830 2415 2898 ποις,τῆς
2435 2827 2575 2900 πρὸς
2597 2826 2858 2897 ἀλλήλους
2880 2824 3047 2881 ἕνεκα
3069 2825 3303 2897 φυσικῆς
3327 2825 3566 2889 ἑνώσεώς
3584 2844 3642 2880 τε
3663 2827 3754 2881 καὶ

2160 2923 2425 2994 σχέσεως,
2454 2920 2600 2975 οὕτω
2628 2918 2909 2975 κάνταῦθά
2928 2937 3020 2990 μοι
3047 2919 3241 2973 σκόπει
3264 2921 3361 2982 τὰς
3376 2919 3621 2982 ποικίλας
3648 2919 3753 2973 τῶν

2157 3015 2367 3086 ἀρετῶν
2400 3014 2545 3079 ἰδέας
2566 3014 2731 3077 ἄλλας
2764 3013 2941 3076 ἄλλως
2963 3011 3166 3075 ἄλλοις,
3195 3013 3290 3065 ἐπὶ
3322 3009 3428 3065 τῶν
3459 3011 3751 3082 συστοίχων

452 3099 492 3153 ii
523 3088 834 3153 naturalem
866 3098 1013 3152 inter
1041 3112 1100 3154 se
1128 3098 1580 3170 coniunctionem
1609 3111 1666 3159 et
1695 3103 2044 3165 aﬂ‘ectionem

2162 3106 2292 3170 ἴσως
2344 3107 2441 3160 καὶ⁵
2472 3103 2771 3159 ἀντιθέτων
2808 3103 3233 3173 ἐλαττωμάτων,
3272 3103 3623 3173 μεριζομένου
3654 3101 3747 3156 τοῦ

450 3189 733 3245 retineant
756 3207 771 3256 ;
806 3188 878 3242 ita
904 3199 962 3243 et
987 3187 1079 3244 hic
1105 3189 1285 3246 varias
1313 3193 1585 3248 virtutum
1612 3197 1834 3266 species
1862 3199 2058 3256 obser-

451 3298 583 3337 vare
601 3291 702 3347 est,
723 3297 863 3353 quas
875 3280 1106 3345 Creator
1122 3283 1257 3339 alias
1272 3284 1397 3342 aliis
1413 3285 1625 3355 divisit,
1641 3300 1803 3359 prout
1823 3292 2055 3357 fortasse

453 3374 589 3428 vitia
631 3374 700 3429 iis
744 3372 929 3428 allinia
970 3378 1364 3449 contrariaque
1395 3380 1764 3437 exsistebant.
1817 3384 1956 3443 Nam
1994 3397 2058 3445 ut

454 3467 592 3533 illic,
657 3466 703 3522 si
766 3466 954 3522 divina
1010 3468 1362 3538 providentia
1420 3482 1636 3531 natura
1702 3476 2056 3545 permisisset

334 3626 339 3632 ,
453 3574 648 3615 omnes
683 3559 812 3616 vitae
853 3560 1166 3631 voluptates
1205 3564 1468 3620 omnibus
1522 3581 1591 3620 ex
1649 3582 1808 3637 aequo
1861 3569 2055 3626 distri-

453 3654 650 3719 buere,
696 3654 1015 3711 inamabilis
1044 3663 1102 3710 et
1151 3655 1433 3711 incuriosa
1467 3657 1658 3727 utique
1684 3670 1836 3717 esset
1859 3678 2053 3720 earum

454 3747 838 3818 conquisitio;
904 3759 963 3804 et
1020 3748 1152 3819 Quia
1213 3765 1378 3805 nemo
1437 3750 1670 3808 alterius
1729 3755 2054 3828 cujusquam

453 3837 616 3911 933
649 3854 818 3909 opera
857 3839 926 3894 ad
959 3840 1127 3894 ullam
1163 3854 1280 3894 rem
1317 3839 1616 3911 indigeret,
1672 3844 1935 3905 facillime
1968 3849 2056 3905 id-

454 3931 609 3986 circo
647 3931 822 3985 mutui
855 3931 1065 3985 amoris
1086 3945 1270 3985 causae
1298 3933 1735 4016 praeciderentur
1763 3955 1779 3994 :
1823 3954 1887 3995 ac
1917 3956 2059 4013 quo-

444 4016 605 4080 ‘niam
656 4023 907 4094 oportuit
940 4022 1228 4079 cbaritatis
1278 4038 1445 4080 causa
1500 4027 1783 4087 hominem
1838 4031 2053 4089 homini

453 4117 682 4183 sociari,
714 4125 771 4172 et
803 4116 1036 4193 molesta
1067 4114 1290 4172 demum
1313 4117 1582 4189 jucundis
1622 4125 1944 4195 temperari,
1974 4126 2058 4181 id-

456 4210 609 4267 circo
643 4211 835 4266 eadem
876 4208 1227 4282 providentia
1276 4225 1380 4282 per
1432 4213 1793 4286 indigentiam
1847 4221 2056 4275 contri-

457 4311 586 4370 stat,
615 4312 674 4359 et
705 4318 898 4359 rursus
920 4302 1174 4372 proxima
1205 4304 1380 4375 copiae
1412 4322 1509 4377 spe
1538 4310 1742 4375 oblata,
1776 4322 1831 4367 et
1859 4323 2055 4383 parato

459 4403 677 4474 contra~
716 4393 1077 4466 indigentiam
1133 4396 1342 4451 auxilio
1402 4399 1782 4467 abundantiae,
1835 4407 2053 4462 animos

2159 3200 2466 3263 κτίσαντος.
2497 3197 2710 3268 Ὠσπερ
2766 3197 2876 3268 γὰρ
2903 3198 2954 3251 εί
2990 3197 3018 3249 ὁ
3050 3196 3266 3251 πάντων
3317 3197 3435 3251 ἐκεῖ
3473 3195 3584 3267 (49)
3614 3212 3749 3266 xpo-

2163 3293 2368 3365 μηθεὺς
2418 3292 2488 3346 τὰ
2548 3288 2646 3344 τοῦ
2682 3290 2800 3361 βίον
2851 3291 3061 3359 τερπνά
3094 3289 3206 3362 (50)
3240 3289 3509 3359 διανέμειν
3562 3290 3749 3359 ἐπίσης

2160 3387 2366 3442 ἅπασιν
2400 3384 2599 3440 ἅπαντ’
2641 3384 2812 3439 ἐδίδου
2841 3387 2907 3455 τῇ
2947 3382 3131 3453 φύσει,
3161 3383 3461 3454 ἀνέραστος
3486 3378 3750 3455 ἦν’δὴπου

2158 3495 2225 3550 γε
2274 3479 2371 3533 καὶ
2426 3476 2816 3548 ἀταλαίπωρος
2880 3478 2913 3547 ἠ
2964 3475 3172 3530 τούτων
3221 3477 3465 3548 ζήτησις,
3525 3474 3749 3547 μηδενὸς

2158 3569 2354 3641 μηδενὶ
2400 3568 2545 3622 κατὰ
2596 3568 2803 3639 μηδένα
2833 3568 2898 3638 γέ
2928 3583 3051 3622 τινα
3094 3566 3334 3639 χρῆσθαι
3384 3567 3633 3638 δεομένου
3662 3566 3748 3621 τὸν

2157 3664 2383 3734 τρόπον,
2411 3662 2506 3717 καὶ
2546 3663 2724 3734 ῥᾷστα
2758 3660 2823 3733 δὴ
2871 3659 3188 3715 τούντεῦθεν
3243 3661 3341 3730 τῆς
3402 3660 3749 3731 φιλαλληλίας

2159 3752 2563 3825 ὑποτέμνεσθαι
2613 3753 2898 3808 συνέϐαινε
2923 3754 3053 3817 τοὺς
3106 3753 3297 3822 λόγους
3313 3767 3335 3787 ο
3369 3750 3555 3824 ἐπειδὴ
3577 3751 3620 3805 δ’
3640 3753 3745 3806 ἔδει

2158 3846 2415 3912 κοινωνὸν
2460 3847 2553 3900 τὸν
2618 3843 2905 3917 ἄνθρωπον
2953 3839 3095 3898 εἶναι
3137 3844 3224 3898 διὰ
3287 3843 3348 3896 τὸ
3397 3843 3495 3912 τῆς
3530 3843 3745 3912 ἀγάπης

2157 3942 2432 4013 χρήσιμον
2474 3940 2568 3994 καὶ
2604 3940 2977 4009 ἀνακέκραται
3011 3935 3197 3990 λοιπὸν
3222 3938 3336 3998 cui;
3384 3935 3643 4005 λυπηροῖς
3680 3934 3746 3987 τὰ

2158 4035 2312 4106 ἡδέα,
2351 4032 2515 4088 λυπεῖ
2538 4031 2646 4102 μὲν
2672 4032 2748 4103 τῷ
2785 4033 2941 4094 ἐνδεῖ,
2975 4031 3169 4100 τέρπει
3199 4029 3245 4083 δ’
3275 4029 3345 4083 αὖ
3368 4030 3425 4083 ἐν
3458 4030 3745 4100 προθύροις

2158 4126 2379 4189 αἰκίζων
2409 4124 2508 4197 τὴν
2535 4123 2726 4179 ἐλπίδα
2757 4124 2857 4192 τῆς
2887 4122 3167 4194 εὐπορίας,
3200 4121 3453 4176 διδοῦσαν
3488 4119 3743 4191 παλάμην

2158 4219 2454 4275 ἀντίπαλον
2482 4222 2549 4290 τῇ
2583 4217 2868 4287 πλεονεξίᾳ
2896 4215 2992 4269 τοῦ
3035 4213 3252 4278 ἐνδεοῦς
3272 4229 3287 4245 ⁸
3316 4214 3411 4268 καὶ
3448 4211 3599 4285 ζητεί
3647 4212 3743 4277 μὲν

2157 4309 2334 4377 οὗτος,
2369 4311 2554 4364 δίδωσι
2604 4310 2649 4363 δ’
2700 4312 2938 4373 ἐκεῖνος’
2970 4310 3065 4362 καὶ
3111 4307 3418 4361 τούναντίον
3449 4303 3602 4368 αὖθις
3652 4308 3742 4360 καὶ

2156 4404 2250 4459 διὰ
2279 4404 2455 4457 πάντα
2488 4402 2752 4473 ἑκάτερον
2773 4419 2788 4434 ο
2818 4399 2915 4454 καὶ
2942 4399 3105 4466 νόμος
3141 4398 3299 4452 τοῦτο
3326 4399 3533 4468 γίνεται
3566 4397 3744 4467 φιλίας

458 4494 711 4552 recreat;
747 4488 893 4542 unde
924 4486 1006 4554 tit,
1039 4496 1099 4542 ut
1130 4488 1274 4544 alius
1303 4500 1470 4559 petat,
1505 4493 1648 4550 alius
1674 4489 1964 4565 largiatur,
1994 4509 2052 4555 et

2162 4496 2257 4550 mi.
2310 4495 2513 4564 δοσμδς
2570 4494 2824 4564 ἀλλήλοις
2882 4494 3101 4561 ἄφυκτα
3154 4491 3394 4560 ἰσχύωνο
3457 4490 3550 4544 καὶ
3601 4490 3741 4543 τοῦτ’

398 4656 402 4667 ν
460 4580 720 4650 utrinque
765 4594 960 4635 rursus
988 4582 1333 4636 contrarium
1382 4586 1612 4640 omnino
1652 4589 1899 4657 accidat;
1928 4607 2054 4662 qua:

457 4673 717 4728 amicitia:
744 4671 831 4728 lex
856 4683 963 4739 cst,
990 4682 1049 4728 et
1078 4675 1490 4745 coniunctionis
1514 4679 1795 4736 vinculum
1830 4683 2053 4741 tinuum

459 4781 522 4821 ac
554 4766 830 4837 irruputm
867 4750 1082 4837 {atque
1114 4780 1180 4821 ea
1213 4781 1303 4822 res
1337 4783 1486 4824 mare
1524 4774 1686 4827 terris
1720 4776 2054 4847 navigabile,

456 4869 513 4914 et
541 4869 714 4914 terras
744 4859 882 4913 mari
917 4858 1142 4929 pervias
1174 4859 1414 4927 praebet;
1447 4876 1511 4917 ac
1542 4878 1640 4933 pxr
1664 4865 1798 4922 illud
1834 4868 2054 4938 Tanais,

455 4950 663 5007 limites
693 4966 825 5006 suos
858 4952 1020 5021 longe
1063 4959 1511 5020 praetergressus,
1566 4956 1620 5010 in
1656 4957 1923 5015 Grmciam
1971 4962 2057 5017 in-

456 5045 596 5111 ﬂuit,
624 5054 681 5101 et
709 5045 848 5100 lster
875 5044 932 5097 in
967 5041 1266 5114 {Egyptum
1304 5049 1578 5114 pervenit,
1629 5061 1686 5107 et
1733 5052 1893 5110 Nilus
1925 5050 2080 5109 cum~

456 5113 708 5195 Maeotide
739 5152 913 5208 aquas
944 5113 1359 5195 communicat:
1393 5145 1476 5198 sic
1504 5113 1671 5199 etiam
1707 5146 1760 5201 in
1791 5148 1879 5202 bis
1908 5148 2053 5219 Apo-

456 5234 632 5289 stolus
664 5230 823 5296 dicit,
851 5228 972 5283 dari
1014 5245 1111 5300 per
1140 5229 1406 5291 Soiritum
1439 5236 1534 5292 alii
1565 5238 1790 5308 quidem
1837 5256 2054 5296 sermo-

532 5391 547 5420 ¹
581 5387 623 5442 il
650 5394 780 5441 Uor.
812 5400 909 5451 xu,
949 5382 1102 5442 8-l0.

2156 4591 2307 4644 ἐστὶν
2367 4589 2396 4642 ὃ
2424 4591 2495 4660 γῇ
2564 4588 2666 4657 μὲν
2707 4586 2928 4656 πλωτὴν
2987 4584 3281 4655 ἐργάζεται
3339 4582 3608 4637 θάλασσαν
3650 4583 3743 4635 καὶ

2155 4662 2367 4754 ταύτην
2392 4677 2550 4744 αὖθις
2588 4678 2771 4751 ἐκείνῃ
2826 4677 3094 4748 βάσιμον·
3146 4677 3241 4729 καὶ
3269 4675 3467 4737 Τάναϊς
3515 4674 3617 4746 μὲν
3677 4672 3743 4727 δι’

2158 4777 2293 4835 αὑτό
2350 4778 2415 4845 γέ
2475 4792 2560 4829 τοι
2614 4771 2777 4827 τοῦτο
2838 4771 3039 4841 δρόμον
3088 4766 3408 4849 ποιούμενος
3458 4768 3745 4839 ὑπερόριον

2158 4873 2378 4943 ὲπιρῤεί
2399 4870 2465 4939 τῇ
2495 4864 2728 4932 Ἑλλάδι,
2756 4864 2849 4917 καί
2875 4862 3087 4934 Ἴστρος
3105 4858 3479 4928 ἐπ’Δίγυπτον
3507 4860 3743 4930 ἔρχεται,

2154 4969 2250 5022 καὶ
2272 4961 2542 5021 Μαιώτιδι
2574 4958 2767 5022 Νεῖλος
2788 4954 3064 5010 κοινοῦται
3093 4955 3155 5007 τὸ
3184 4953 3392 5024 ρεῦμιν
3425 4952 3568 5006 οὕτω
3618 4954 3745 5006 κάν-

2155 5061 2332 5114 ταῦθα
2358 5055 2599 5112 δίδοσθαί
2650 5052 2839 5124 φησιὸ
2893 5050 3036 5114 θεῖος
3074 5048 3396 5111 Ἀπόστολος
3446 5046 3594 5118 παρὰ
3649 5046 3742 5099 τοῦ

2158 5154 2476 5223 Πνεῦματος
2496 5148 2644 5219 ἄλλῳ
2668 5146 2768 5216 μὲν
2793 5145 2951 5212 λόγον
2970 5143 3183 5213 σοφίας,
3212 5140 3355 5213 ἄλλῳ
3374 5141 3419 5194 δ’
3451 5142 3744 5211 ἑρμηνείαν

2158 5241 2445 5311 γλωσσῶν,
2479 5237 2627 5308 ἄλλῳ
2661 5235 2719 5290 δὲ
2747 5232 3109 5307 πρῖφητείαν,
3144 5232 3240 5293 καὶ
3269 5233 3415 5303 ἄλλῳ
3441 5234 3544 5302 μὲν
3582 5233 3743 5303 ἰαμά-

1814 5509 2147 5573 Variorum
2180 5519 2371 5573 notae.

533 5637 730 5715 μου.
767 5654 827 5715 ετ
852 5637 931 5715 _in
978 5637 1457 5715 contingentibus,
1491 5641 1558 5715 .in
1601 5641 1765 5715 bonis
1803 5658 1913 5698 non
1948 5658 2042 5699 ne-

460 5709 735 5832 ces'saBriis.
767 5709 903 5767 Vide
944 5728 1113 5783 supra
1156 5709 1254 5767 lib.
1287 5728 1403 5781 vnl,
1441 5709 1565 5783 cap.
1600 5712 1653 5781 7,
1680 5723 1817 5770 sect.
1853 5715 1907 5785 2,
1944 5715 2049 5771 ini-

466 5792 565 5836 ιιυ.
637 5796 808 5836 oms.

552 5824 565 5836 ο
596 5812 808 5836 UUI'IL‘.

2234 5643 2348 5712 (50)
2388 5641 2571 5696 Locus
2598 5640 2934 5712 communis.
2979 5636 3092 5712 jam
3125 5653 3155 5691 a
3190 5634 3746 5712 GregoraJt-actatus.

2158 5705 2555 5840 Eique'iisdem
2579 5710 2785 5781 verbis,
2818 5705 3095 5767 Histflib.
3134 5722 3256 5773 vnn,
3284 5721 3403 5775 cup.
3440 5705 3489 5771 7,
3518 5716 3658 5761 sect.
3694 5710 3746 5757 at.

2201 5799 2367 5841 oms.
