4002 6464
313 453 443 517 rem
698 453 773 524 [Α.
815 469 864 509 c.
908 454 1073 530 issi]

1283 446 1726 530 BYZANTINIE
1764 464 2153 535 HISTORIA?
2190 479 2334 539 LIB.
2376 480 2536 541 xrx.

2658 473 2791 545 [nun
2833 490 2874 528 ι.
2916 488 3213 528 cuncnz.
3430 476 3563 538 120)

378 565 449 617 l"'.
488 562 576 627 Ὠς
609 565 724 635 ᾶνή
761 569 1048 638 συμφωνία
1069 569 1319 645 διηνεκὴς
1360 575 1475 648 (52)
1513 576 1609 630 τοῦ
1668 579 1884 649 πρώτου

2060 587 2148 642 Ili.
2188 570 2484 644 Enimvero
2526 598 2585 645 ut
2626 588 2932 659 argumenti
2982 588 3247 657 propositi
3309 592 3562 643 tractatio

308 657 510 709 σκοποῦ
537 660 646 723 τοῖς
673 660 849 713 ἄλλοτ’
899 662 1071 727 ἄλλως
1118 665 1322 732 μεταξὺ
1379 669 1889 741 παραπλεκομένοις

312 750 625 818 πράγμασιν
661 754 857 821 ἐπίσης
910 755 1186 827 ἀκήρατος
1220 758 1379 830 μένῃ,
1414 755 1481 832 ἦν
1528 760 1767 830 ὠθισμός
1807 780 1891 826 τις

308 840 400 891 καὶ
431 840 518 905 βία
553 841 681 911 παρ’
711 843 991 914 ἑκατέροις
1019 849 1171 916 ήμῖν,
1202 848 1359 902 ὁποία
1407 851 1510 903 κάν
1564 853 1675 914 τοῖς
1727 853 1890 905 ὀπλοο

309 931 502 999 μάχοις
536 932 712 1000 ἀγῶσι
741 934 815 996 ὡς
866 935 935 988 τὰ
966 937 1135 991 πολλὰ
1168 939 1510 1002 καθίσταται,
1555 941 1889 1013 βιαζομένων

307 1023 583 1094 ἑκατέρων
616 1024 723 1076 τῶν
757 1027 1153 1095 στρατοπέδων,
1202 1032 1361 1098 πρὶν’
1390 1033 1733 1103 συρραγῆναι
1793 1035 1890 1099 τὰς

308 1114 514 1176 τάξεις,
551 1117 789 1187 περὶτοῦ
813 1121 1062 1189 ποτέροις
1093 1118 1158 1173 ἂν
1193 1125 1649 1196 προκατειλῆφθαι
1683 1118 1891 1194 γένοιτο

305 1208 395 1258 τὸν
432 1207 769 1278 ὑπερέχοντα
795 1210 979 1275 τόπον,
1018 1210 1091 1273 ὡς
1123 1212 1355 1266 ἐνταῦθα
1394 1215 1487 1268 τοῦ
1517 1217 1717 1282 παντὸς
1744 1219 1891 1286 ἀγῶ-

306 1317 396 1364 νος
423 1302 521 1365 τὰς
549 1302 651 1371 τῆς
677 1302 834 1372 νίκης
890 1304 1210 1375 στρέφοντος
1268 1306 1507 1373 ἐλπίδας,
1555 1312 1655 1363 κᾶν
1716 1312 1891 1384 τούτῳ

304 1393 405 1454 τὰς
438 1393 673 1461 ἀδήλους
699 1393 794 1446 τοῦ
854 1396 1093 1465 πολέμου
1149 1400 1686 1469 προκατατιθεμένου
1722 1404 1892 1473 τύχας

306 1483 376 1546 ὠς
409 1485 475 1537 τὰ
521 1485 710 1539 πολλὰ.
1258 1492 1265 1495 ’

375 1575 449 1630 Δ’.
485 1575 546 1629 Ὀ
575 1578 675 1645 μὲν
714 1577 819 1647 γὰρ
869 1579 1085 1647 πρῶτον
1110 1578 1235 1637 τοὺς
1285 1582 1381 1649 τῆς
1421 1583 1623 1648 σηπίας
1658 1602 1722 1654 με
1772 1588 1892 1657 τρό.

306 1684 440 1730 πους
464 1669 615 1738 ἔλεγε
647 1670 962 1740 μιμεῖσθαιο
1001 1672 1254 1740 καθάπερ
1294 1674 1402 1742 γὰρ
1439 1675 1673 1745 ἐκείνην,
1717 1694 1893 1748 μηχα-

304 1759 551 1828 νωμένην
588 1760 941 1830 δρασμδν,τὸ
994 1762 1160 1835 μέλαν
1221 1765 1374 1833 ἐμεῖν
1428 1766 1569 1819 κατὰ
1626 1769 1725 1836 τῆς
1783 1771 1893 1823 τῶν

304 1848 500 1902 ἁλιέων
532 1850 792 1920 σαγήνης,
841 1851 1011 1913 οὕτως
1048 1853 1253 1921 ἔφασκε
1318 1856 1480 1921 κάμὲ,
1537 1860 1675 1929 πρὸς
1727 1861 1891 1933 ἕτερα

309 1940 678 2010 μεθαρμόζειν
707 1942 930 1996 κατὰτὸ
981 1943 1205 2013 λεληθὸς
1228 1946 1316 1998 τὶν
1375 1947 1494 2002 ὅλον
1549 1954 1748 2005 σκοπὸν
1793 1956 1889 2009 τοῦ

305 2031 516 2099 ἀγῶνος
549 2033 635 2085 ἀεὶ
677 2034 1037 2103 πειρώμενον,
1095 2036 1215 2088 κατ’
1268 2040 1480 2093 ἐκείνου
1544 2046 1890 2114 μηχανᾶσθαι

307 2122 627 2194 ξενηλασίαν
668 2126 829 2192 φάναι
884 2127 1030 2188 τινὰ,
1088 2130 1182 2181 καὶ
1220 2130 1311 2184 τοῦ
1369 2132 1651 2204 Θαόωρίου
1716 2140 1890 2204 φωτὸς

307 2215 633 2268 ἀπελαύνειν
686 2216 1031 2288 πανούργως,
1086 2219 1335 2290 αὐτάρκη
1396 2225 1670 2293 πρόφασιν
1691 2228 1747 2290 ἐς
1791 2230 1891 2298 τὴν

307 2308 672 2378 προκειμένην
693 2310 950 2362 ὑπόθεσιν
987 2311 1130 2381 ἔχειν
1156 2315 1404 2383 οἰομένου
1434 2318 1603 2371 τουτί.
1628 2320 1892 2391 Δεύτερον

305 2400 550 2453 ἐνεκάλει
592 2420 698 2470 μοι,
731 2403 916 2466 κακῶς
947 2403 1188 2471 εἰσάγειν
1220 2408 1281 2457 τὸ
1329 2408 1459 2478 περὶ
1517 2411 1609 2463 τοῦ
1655 2413 1729 2481 μὴ
1782 2415 1893 2469 δεῖν

305 2489 572 2558 θεολογείν
601 2494 916 2561 κεφάλαιον,
947 2498 1055 2547 τῶν
1084 2497 1255 2563 ἁγίων
1291 2499 1403 2551 ἄνω
1431 2502 1525 2554 καὶ
1564 2504 1713 2556 κάτω
1738 2505 1891 2576 διαρ-

306 2584 478 2653 ρήδην
508 2584 904 2653 θεολογούντων
925 2604 942 2620 ο
970 2584 1050 2650 οἷς
1084 2590 1179 2642 καὶ
1212 2592 1301 2643 τὸν
1335 2593 1604 2664 Παλαμᾶν
1633 2597 1887 2667 ὑποδείγ-

310 2692 442 2745 μασι
467 2678 746 2746 χρώμενον
781 2679 877 2743 τὰς
927 2682 1054 2743 νέας
1102 2682 1253 2750 ἔλεγε
1312 2686 1543 2754 γράφειν
1595 2687 1891 2756 θεολογίας,

306 2768 447 2836 ὑπὲρ
479 2763 552 2823 ὧν
581 2771 639 2824 τὸ
670 2774 868 2826 οἰκεῖον
898 2770 1036 2842 αἷμα
1069 2775 1264 2828 διδὸναι
1297 2780 1387 2829 καὶ
1415 2779 1556 2847 μάλα
1600 2780 1893 2852 προθύμως

304 2862 335 2914 ὁ
361 2861 607 2932 ἁρρεπὴς
643 2865 835 2934 κριτὴς
861 2867 1149 2920 διετείνετο
1170 2886 1183 2900 ο
1208 2870 1275 2934 ἃς
1299 2870 1390 2921 καὶ
1422 2871 1690 2942 καυθῆναι
1711 2874 1896 2943 λέγον-

302 2966 399 3013 τος
432 2953 633 3022 μᾶλλον
687 2957 844 3024 ἐμοῦ,
906 2959 1251 3026 καθήπτοντο
1313 2962 1458 3026 μάλα
1512 2965 1755 3031 σφοδρῶς
1798 2964 1893 3019 καὶ

304 3044 590 3115 παρρησίᾳ
619 3047 884 3115 Παλαμᾶς
910 3049 1006 3101 καὶ
1042 3049 1419 3119 Ἡρακλείους,
1456 3070 1553 3106 συν
1585 3071 1647 3123 γε
1672 3056 1748 3125 τῷ
1786 3075 1893 3110 πα-

305 3137 565 3207 τριάρχῃ,
588 3138 709 3191 τότε
730 3132 979 3206 λέγοντες
1022 3144 1398 3215 καυθήσεσθαι
1430 3149 1588 3213 σφᾶς,
1642 3150 1730 3201 ὅτε
1798 3153 1897 3204 καὶ

303 3227 367 3278 τὸ
392 3228 487 3280 τοῦ
524 3227 764 3298 Χριστοῦ
804 3232 1160 3302 Εὑαγγέλιον,
1194 3237 1293 3299 ,είς
1355 3239 1682 3308 ταυτότητος
1738 3240 1894 3311 λόγον

305 3320 410 3389 φεῦ
433 3322 444 3375 ι
471 3322 568 3395 τὴν
600 3325 928 3397 ἀμφοτέρων
956 3328 1198 3393 τιθέντες
1221 3330 1510 3400 ἁρμονίαν.
1548 3333 1656 3385 Καὶ
1687 3333 1768 3388 ἔτι
1800 3338 1894 3390 καὶ

301 3413 485 3485 τρίτον
507 3413 759 3487 ἔγκλημα
780 3421 933 3472 τουτὶ
961 3423 1240 3491 προσῆγεν
1264 3422 1408 3491 ἐμοὶ,
1436 3423 1580 3491 λέγω
1599 3424 1664 3493 δὴ
1692 3426 1755 3477 τὸ
1791 3428 1894 3495 τῆς

300 3506 444 3577 ἐμῆς
480 3508 696 3576 ὁμιλίας
724 3511 859 3579 πρὸς
893 3511 1120 3581 βασιλέα
1161 3514 1397 3585 σκληρὸν
1428 3516 1521 3569 καὶ
1573 3519 1673 3571 οὐκ
1704 3519 1896 3572 ἐνδιδό-

306 3617 468 3669 μενον
497 3602 745 3672 οὐδαμῆο
793 3604 932 3675 μηδὲ
995 3607 1103 3677 γὰρ
1158 3603 1299 3661 εἶναι
1355 3609 1536 3678 σοφῶν
1585 3610 1895 3681 βασιλεῦσιν

303 3693 515 3762 ὁμιλεῖν
549 3694 768 3750 οὑτωσί.

377 3783 453 3837 E'.
495 3785 629 3854 Περὶ
662 3777 721 3837 οὗ
757 3788 851 3841 καὶ
892 3787 1099 3857 βραχέα
1160 3790 1330 3844 εἰπὼν
1390 3790 1769 3862 ἀπήλλαγμαι,
1830 3794 1891 3847 οὐ

305 3875 470 3945 μόνον
503 3878 629 3939 τοὺς
656 3878 763 3929 τῶν
793 3880 966 3947 ἁγίων
997 3880 1166 3934 πάλαι
1196 3882 1333 3952 πρὸς
1382 3882 1641 3952 βασιλέας
1669 3886 1750 3948 είς
1796 3885 1893 3955 μέ·-

305 3984 401 4021 σον
436 3969 658 4037 ἀγαγὼν
704 3971 1008 4039 διαλόγους,
1048 3973 1185 4027 ἀλλὰ
1243 3975 1338 4027 καὶ
1366 3976 1505 4027 ’τῶν
1558 3975 1664 4044 ἔξω
1713 3978 1891 4046 σοφῶν

304 4061 505 4129 ἐνίους,
545 4064 781 4126 Σόλωνος
809 4066 943 4135 πρὸς
979 4067 1215 4134 Κροῖσόν
1246 4084 1388 4137 φημι
1417 4066 1523 4119 τῶν
1557 4066 1743 4120 Λυδῶν
1795 4069 1891 4140 βας

308 4153 483 4217 σιλέα,
513 4155 605 4207 καὶ
638 4156 923 4218 Πλάτωνος
975 4156 1110 4227 πρὸς
1146 4158 1446 4222 Διονύσιον,
1477 4157 1567 4211 τὸν
1605 4160 1703 4227 τῆς
1734 4160 1889 4213 Σικε-

307 4245 450 4309 λίας,
496 4248 589 4299 καὶ
645 4246 861 4310 πλείους
904 4248 1121 4315 ἄλλους,
1159 4243 1232 4303 ὧν
1266 4250 1326 4303 οὐ
1354 4251 1515 4319 χρεία
1579 4251 1889 4321 μεμνῆσθαι

303 4338 493 4391 τανῦν.
529 4338 652 4403 Πῶς
689 4340 797 4408 γὰρ
826 4340 892 4393 ἂν
924 4340 1111 4410 μιγείη
1144 4341 1214 4393 τὰ
1262 4341 1493 4409 ἄμικτα,
1548 4342 1707 4409 σοφία
1747 4342 1891 4410 λέγω

304 4431 406 4485 καὶ
435 4431 724 4498 κολακεία;
754 4432 815 4485 El
841 4432 950 4503 γὰρ
968 4432 1152 4500 σοφὸς,
1175 4433 1235 4485 οὐ
1258 4433 1421 4499 κόλαξ
1443 4433 1600 4493 ’,εἰδὲ
1626 4434 1810 4500 κόλαξ,
1827 4434 1885 4487 οὐ

308 4522 670 4588 σοφός.”οταν
703 4522 758 4575 δὲ
795 4521 890 4576 καὶ
922 4524 1049 4591 περὶ
1081 4524 1173 4576 τοῦ
1201 4523 1336 4577 Θεοῦ
1366 4525 1431 4575 τὰ
1469 4527 1568 4591 τῆς
1597 4524 1883 4590 διαλέξεως

1994 686 2252 745 perpetua
2291 679 2433 733 serie
2464 687 2519 733 et
2558 680 2914 734 consonantia
2961 680 3303 748 procederet,
3351 693 3451 732 nee
3482 678 3566 731 in-

1994 769 2242 822 tertextis
2302 769 2438 822 alias
2471 769 2596 825 aliis
2642 771 3038 840 quaestionibus
3094 777 3567 839 corrumperetur,

1994 871 2186 926 magna
2217 860 2572 913 contentione
2623 869 2677 913 et
2710 869 2897 929 aperta
2933 859 2981 913 vi
3036 854 3294 928 utrinque
3329 857 3565 911 laborari

1991 948 2228 1019 ereptum
2267 968 2280 1004 :
2317 961 2374 1004 ut
2406 952 2457 1005 in
2492 952 2702 1013 bellicis
2730 953 2935 1024 praeliis
2985 954 3305 1023 plerumque
3337 950 3415 1014 fit,
3442 964 3567 1003 cum

1994 1050 2227 1112 uterque
2261 1045 2538 1097 exercitus
2564 1085 2576 1107 ,
2619 1051 2910 1115 antequam
2964 1045 3185 1099 ordines
3223 1042 3518 1114 conﬂigant
3548 1083 3564 1107 ,

1993 1131 2154 1185 enixe
2205 1142 2400 1196 certat,
2433 1144 2552 1187 uter
2581 1135 2732 1203 prior
2762 1146 3129 1205 occupaturus
3159 1135 3229 1190 sit
3257 1135 3436 1189 locum
3467 1149 3564 1189 su—

1992 1222 2267 1291 perierem
2294 1240 2307 1288 ;
2337 1239 2402 1279 eo
2432 1224 2577 1293 quod
2607 1226 2642 1279 ii
2673 1266 2686 1288 ,
2717 1226 2810 1295 qui
2860 1237 3106 1295 pugnant
3134 1270 3145 1287 .
3201 1242 3420 1280 omnem
3449 1228 3563 1281 vic-

1994 1314 2150 1368 toriae
2187 1329 2337 1384 spem
2387 1316 2437 1368 in
2464 1331 2530 1370 eo
2562 1317 2697 1370 verti
2750 1316 3085 1381 existiment,
3120 1329 3173 1372 νι
3211 1317 3313 1371 hoc
3342 1319 3564 1371 incerta:

1992 1404 2120 1459 belli
2152 1404 2380 1461 fortuna:
2409 1405 2824 1461 fundamentum
2856 1420 2913 1461 ut
2936 1409 3229 1476 plurimmn
3256 1419 3483 1479 ponant.

2060 1584 2148 1641 Ν.
2184 1586 2261 1639 Ac
2317 1586 2555 1657 primum
2603 1584 2698 1643 ille
2740 1588 2920 1643 aiebat
2971 1605 3056 1644 me
3113 1590 3316 1645 imitari
3361 1606 3565 1646 morem

1992 1677 2190 1745 διεβίω,
2224 1693 2345 1744 quas
2381 1679 2562 1747 fugam
2596 1680 2829 1734 moliens
2876 1690 3052 1734 atrum
3085 1682 3239 1737 virus
3287 1682 3340 1735 in
3395 1685 3570 1752 pisca-

1993 1775 2170 1821 torum
2204 1783 2459 1838 sagenam
2506 1779 2783 1823 evomeret
2820 1788 2832 1823 :
2863 1772 3046 1827 conari
3091 1774 3301 1829 sciliCct
3350 1789 3570 1843 semper

1993 1875 2209 1916 omnem
2248 1855 2635 1932 disputatiduis
2661 1879 2885 1934 scopum
2921 1867 2986 1920 ad
3020 1867 3124 1920 alia
3148 1868 3352 1921 sensim
3390 1873 3568 1923 trans-

1991 1952 2137 2006 ferre
2180 1962 2235 2007 et
2290 1954 2455 2025 longe
2514 1956 2795 2026 relegare,
2867 1959 3025 2027 eique
3075 1959 3225 2013 velut
3283 1959 3562 2029 quoddam

1992 2043 2244 2097 exsilium
2307 2044 2630 2111 m'achinari,
2682 2058 2846 2115 atque
2919 2064 2946 2102 a
3019 2049 3295 2104 Thaborio
3357 2052 3565 2107 lmnine

1996 2151 2095 2205 per
2126 2135 2372 2189 fraudem
2421 2148 2704 2202 avertere,
2751 2140 2898 2209 quod
2926 2152 3307 2209 argumentum
3350 2143 3465 2211 ipse
3509 2144 3563 2198 in

1993 2228 2251 2295 pra-senti
2305 2228 2567 2311 instituto!
2614 2229 2862 2285 sollicere
2920 2232 3303 2288 arbitraretur.
3364 2234 3569 2288 Deinde

1995 2318 2141 2385 quod
2177 2333 2431 2386 negarem
2473 2319 2539 2375 de
2573 2320 2750 2380 rebus,
2766 2322 2963 2375 divinis
2996 2323 3261 2393 disputari
3288 2336 3564 2394 oportere,

1997 2408 2129 2462 illud
2156 2410 2288 2463 mihi
2333 2418 2390 2465 ut
2419 2412 2559 2465 male
2605 2413 2863 2466 Statuenti
2895 2412 3209 2483 objiciehat,
3242 2429 3365 2468 eum
3394 2415 3565 2470 sancti

1996 2495 2097 2565 ipsi
2130 2499 2333 2566 passim
2386 2498 2454 2553 de
2493 2500 2603 2553 Deo
2630 2500 2973 2569 disputarem
3009 2517 3022 2553 ι
3053 2516 3284 2569 quorum
3316 2504 3568 2573 exemplo

1995 2588 2267 2642 Palamam
2291 2605 2509 2659 quoque
2527 2591 2743 2646 dicebat
2768 2608 2904 2646 nova
2931 2592 2997 2645 de
3025 2593 3135 2646 Deo
3157 2594 3358 2663 scripta
3378 2593 3566 2660 edere,

1996 2694 2096 2747 pro
2126 2680 2329 2747 quibus
2351 2681 2434 2734 vel
2466 2683 2747 2751 proprium
2776 2683 3095 2752 sanguinem
3122 2684 3481 2740 libentissime
3510 2702 3570 2741 se

1994 2769 2311 2825 effusorum.
2361 2788 2553 2841 (equus
2612 2775 2822 2828 scilicet
2872 2776 3039 2846 jndex
3082 2775 3407 2842 aﬂirmabat;
3448 2793 3570 2845 quae

1994 2878 2121 2915 cum
2168 2879 2266 2933 ego
2296 2866 2543 2918 comburi
2576 2868 2756 2935 potius
2795 2867 3067 2935 juberem,
3100 2867 3265 2937 338
3289 2867 3437 2922 illico
3470 2866 3572 2923 Pa-

1996 2953 2169 3027 lamas
2199 2964 2252 3007 et
2276 2955 2549 3010 llcraclete
2578 2958 2867 3025 episcorms
2893 2973 3015 3011 οιιω
3052 2957 3360 3026 patriarcha
3389 2958 3570 3012 acrius

1998 3061 2082 3100 me
2131 3056 2186 3101 et
2242 3048 2473 3102 liberius
2508 3049 2915 3118 reprehendere
2961 3058 3286 3117 cmperunt,
3337 3056 3450 3102 tum
3504 3063 3571 3103 ea

1996 3136 2338 3192 combustum
2404 3140 2471 3212 iri
2525 3140 2791 3204 dicentes,
2839 3156 2961 3195 cum
3013 3150 3069 3193 et
3135 3140 3312 3208 ipsum
3363 3140 3570 3195 Christi

1999 3227 2355 3299 Evangelium
2380 3272 2393 3296 ,
2444 3232 2733 3304 utriusque
2767 3232 2949 3301 operis
2981 3232 3227 3286 eamdem
3262 3231 3419 3302 (prob
3454 3247 3572 3307 sce-

1996 3317 2083 3371 lus
2103 3321 2142 3388 ἰ)
2164 3322 2428 3376 rationem
2460 3323 2742 3377 habentes.
2767 3321 2847 3377 Ad
2876 3323 2988 3389 haec
3015 3321 3234 3376 tertium
3268 3322 3323 3376 in
3348 3338 3432 3375 me
3455 3322 3574 3377 cul-

2000 3410 2184 3478 pabat,
2209 3428 2460 3481 asperam
2491 3414 2636 3468 illam
2662 3422 2718 3467 et
2743 3414 2983 3469 nesciam
3013 3414 3156 3469 ﬂecti
3189 3416 3569 3483 pertinaciam,

1999 3516 2279 3569 quacum
2330 3504 2665 3574 imperatore
2724 3506 3031 3561 collocutus
3079 3506 3325 3562 fuissem.
3381 3507 3572 3577 Neque

1998 3595 2143 3650 enim
2173 3596 2505 3667 sapientium
2534 3614 2675 3663 esse,
2703 3601 2774 3653 ita
2809 3600 3336 3671 apudimperatores
3358 3600 3534 3670 loqui.

2068 3783 2131 3839 V.
2181 3784 2299 3851 Qua
2329 3785 2550 3854 quidem
2605 3787 2672 3842 de
2723 3803 2783 3841 re
2810 3802 2983 3856 pauca
3016 3788 3151 3853 dixi,
3183 3796 3239 3843 et
3265 3803 3352 3843 me
3386 3788 3571 3860 ipsum
3637 3760 3665 3867 ξ.

1994 3879 2180 3934 statim
2212 3879 2487 3949 expedivi,
2518 3880 2747 3949 prolatis
2778 3881 2830 3934 in
2864 3880 3102 3934 medium
3137 3896 3244 3935 non
3276 3879 3346 3936 iis
3391 3880 3571 3936 solum
3638 3874 3645 3886 ’

1950 3958 1959 3963 ’
1993 3972 2363 4038 sermonibus,
2390 3985 2528 4041 quos
2558 3971 2687 4025 olim
2731 3972 2835 4025 viri
2871 3972 3046 4026 sancti
3075 3987 3199 4026 cum
3228 3971 3574 4040 imperatori-

1993 4063 2098 4118 bus
2121 4061 2468 4125 habuissent,
2500 4061 2596 4116 sed
2623 4069 2680 4116 et
2714 4061 3042 4131 quibusdam
3096 4062 3450 4132 profanorum
3483 4077 3573 4117 sa-

1990 4155 2263 4225 pientium
2290 4152 2476 4219 dictis,
2507 4152 2726 4207 Solonis
2761 4168 2959 4222 nempe
2989 4153 3056 4208 ad
3088 4153 3365 4221 Croesum,
3392 4154 3572 4227 Lydo-

1991 4263 2113 4302 rum
2140 4260 2349 4314 regem,
2375 4244 2619 4298 Platonis
2642 4244 2709 4298 ad
2756 4244 3099 4315 Dionysium,
3151 4244 3355 4301 Siciliae
3391 4255 3575 4318 tyran-

1991 4353 2144 4402 num,
2176 4336 2415 4405 aliisque
2432 4334 2706 4405 plurimis,
2731 4350 2965 4404 quorum
2995 4335 3309 4392 meminisse
3348 4337 3403 4392 in
3433 4325 3573 4408 prie-

1991 4429 2129 4485 senti
2148 4428 2285 4485 nihil
2311 4442 2534 4485 necesse
2557 4437 2661 4483 est.
2679 4427 3035 4497 Ecquomodo
3053 4428 3199 4483 enim
3227 4444 3315 4484 res
3340 4429 3575 4486 insocia-

1988 4524 2151 4589 biles,
2171 4523 2443 4594 sapientia
2463 4532 2517 4578 et
2537 4523 2802 4587 adulatio,
2829 4521 3028 4577 sociari
3054 4537 3293 4591 unquam
3325 4523 3576 4593 possint?

304 4609 365 4685 ᾗ,
402 4612 512 4665 τότ’
538 4611 619 4684 [Ρ.
648 4613 775 4684 590]
801 4613 910 4666 οὐδ’
950 4614 1180 4685 εὐσεϐὴς
1213 4616 1240 4666 ὁ
1282 4617 1690 4680 κόλαξ.’Λλλως
1717 4635 1775 4671 τε
1798 4620 1890 4674 καὶ

1998 4614 2055 4669 Si
2094 4615 2232 4685 quis
2252 4616 2493 4687 sapiens,
2545 4631 2651 4670 non
2711 4615 2854 4670 idem
2900 4624 2987 4670 est
3015 4615 3320 4678 adulator:
3371 4616 3419 4670 si
3449 4617 3578 4686 quis

306 4709 408 4775 τῆς
439 4708 651 4774 σοφίας,
670 4708 719 4759 εἰ
755 4710 891 4777 πρὸς
922 4708 1268 4777 ἀνθρωπίνην
1295 4709 1509 4761 ἃπασαν
1537 4712 1882 4779 συγκρίνοιτο

310 4799 611 4863 εὐγένειαν,
630 4798 851 4864 τοσοῦτο
870 4800 1228 4873 διαφερούσης
1247 4802 1368 4853 ὅσον
1390 4801 1578 4854 ὀϐολοῦ
1608 4802 1880 4873 λυχνίτης,

306 4892 533 4946 τοσοῦτο
556 4893 606 4947 δι
621 4894 836 4963 ιφέρειν
860 4868 1037 4963 χρεὼν
1062 4896 1157 4947 καὶ
1178 4896 1278 4965 τὴν
1300 4896 1408 4947 τῶν
1434 4896 1611 4964 σοφῶν
1644 4896 1881 4965 ὁμιλίαν,

310 4983 743 5053 συγκρινομένην
774 4984 909 5053 πρὸς
938 4984 1322 5056 ἀνδραποδώδη
1357 4990 1447 5039 καὶ
1482 4986 1685 5055 ἀγεννῆ
1728 4988 1885 5038 κολα-

306 5076 484 5129 κείαν.
515 5069 593 5129 Ἦ
619 5074 791 5145 πολλὴ
826 5077 1027 5145 μεντᾶν
1059 5076 1254 5145 ἀλογία
1283 5095 1348 5146 γε
1407 5079 1517 5149 εἴη,
1578 5082 1672 5134 καὶ
1710 5095 1894 5148 παρα·

310 5168 561 5239 πλήσιον,
590 5168 779 5239 ὥσπερ
795 5171 862 5225 ἂν
891 5174 940 5225 εἰ
974 5171 1219 5225 ἐνεκάλει
1268 5188 1349 5233 τις
1389 5169 1622 5241 ’Δχιλλεϊ
1663 5171 1737 5240 μὴ
1768 5170 1896 5240 βουι

311 5260 527 5332 λομὲνῳ
552 5262 817 5333 Θερσίτην
844 5259 1005 5325 εἶναι,
1033 5264 1066 5334 ἢ
1090 5263 1168 5333 τῷ
1200 5263 1373 5316 λέοντι
1406 5263 1481 5335 μὴ
1526 5264 1625 5335 τὴν
1686 5265 1894 5318 ἀλωπες

316 5357 419 5425 κῆν
445 5356 824 5426 ἀλλαττομένῳ
870 5356 969 5426 τῆς
1022 5356 1262 5426 λεοντῆς.

1990 4707 2264 4774 adulator,
2310 4724 2419 4761 non
2455 4706 2598 4762 idem
2630 4706 3002 4775 est-sapiens.
3048 4706 3203 4772 Quod
3256 4706 3302 4762 si
3358 4707 3426 4763 de
3460 4709 3577 4765 Deo

1991 4799 2111 4870 ipso
2146 4799 2481 4870 diSputetur,
2533 4815 2605 4855 ne
2650 4799 2775 4869 pius
2821 4798 3044 4868 quidem
3094 4798 3142 4855 is
3182 4807 3306 4865 est,
3349 4800 3442 4869 qui
3499 4801 3578 4857 sit.

1991 4890 2265 4946 adulator.
2319 4890 2622 4954 Praeterea,
2679 4890 2941 4959 quoniam
2985 4889 3292 4959 sapientia,
3344 4891 3389 4946 si
3449 4881 3602 4949 cum-

1993 4972 2423 5040 omni'humana
2477 4982 2767 5037 nobilitate
2823 4993 3196 5051 comparetur,
3247 4968 3404 5039 tanto
3453 4998 3578 5040 eam

1995 5073 2298 5139 antecellit,
2329 5081 2537 5143 quanto
2569 5072 2793 5126 obolum
2826 5071 3100 5141 lychnites
3129 5112 3144 5139 ,
3204 5082 3358 5129 tanto
3409 5074 3577 5131 etiam

1993 5175 2215 5236 oportet
2272 5164 2601 5235 sapientium
2639 5162 2809 5229 dicta,
2841 5161 2887 5218 si
2922 5178 3044 5218 eum
3075 5164 3262 5219 servili
3292 5173 3349 5219 et
3382 5163 3576 5219 humili

1994 5256 2364 5315 assentatione
2382 5256 2757 5319 conferantur,
2772 5253 2840 5309 ab
2861 5254 3094 5325 hacipsa
3117 5255 3344 5311 distare.
3361 5254 3577 5316 Absur-

1993 5351 2285 5407 dissimum
2323 5356 2473 5402 certe
2522 5347 2626 5401 hoc
2659 5354 2716 5401 et
2768 5345 2913 5401 idem
2969 5345 3084 5401 fere
3115 5345 3206 5412 sit,
3256 5360 3321 5400 ac
3365 5346 3413 5401 si
3443 5345 3572 5416 quis

313 5449 583 5503 Achillem
618 5449 745 5505 ideo
775 5449 1073 5518 vituperet,
1108 5448 1254 5520 quod
1296 5464 1419 5505 esse
1453 5448 1737 5506 Thersites
1805 5447 1964 5515 nolit;
2004 5453 2099 5501 aut
2126 5444 2342 5499 leonem
2366 5479 2383 5507 ,
2439 5439 2587 5510 quod
2623 5439 2817 5495 uellent
2876 5437 3153 5494 lconinam
3200 5437 3428 5508 vulpina
3461 5453 3572 5496 non

315 5554 511 5601 mutet.

1652 5680 1985 5741 Vat-Eorum
2017 5684 2205 5739 notae.

390 5822 503 5891 (εἰεί)
555 5824 633 5877 Ita
675 5839 896 5894 quoque
949 5824 1224 5893 exemplar
1261 5823 1623 5886 Vaticanum,
1676 5821 1731 5875 in
1787 5836 1895 5890 quo
1933 5819 2196 5875 omissum
2271 5817 2477 5888 aliquid
2532 5815 2800 5887 suspicor.
2857 5812 3019 5869 Certe
3063 5812 3179 5868 haec
3225 5809 3361 5867 male
3390 5806 3576 5867 colite-

322 5905 463 5947 rent.
514 5895 723 5949 Bot‘nx.
