4002 6464
335 448 469 514 1209
717 448 791 518 [Α.
836 460 886 501 c.
929 445 1090 517 issu

1328 447 1778 510 BYZANTlN/E
1817 446 2205 510 HISI‘ORLE
2242 451 2392 515 LIB.
2434 450 2596 513 XIX.

3466 444 3605 510 12H)

2682 447 2815 520 [ων.
2856 461 2897 500 1.
2938 457 3238 500 cas'racuz.
3280 440 3334 513 5]

335 586 424 636 ρον
478 567 671 633 Ὅμως
701 565 836 636 πρὸς
862 567 927 618 τά
961 564 1260 636 δεδογμένα
1298 565 1449 635 αὐτῷ
1477 568 1535 619 ἐν
1578 565 1658 636 τῷ
1715 563 1917 633 παρόν-

2033 583 2089 624 ea
2120 584 2243 638 qua“:
2290 570 2410 640 ipse
2447 569 2503 625 in
2538 569 2829 640 praesentia
2870 567 3063 621 statuit
3100 564 3469 623 attendentes,
3512 561 3600 613 di-

330 679 379 710 τι
413 660 503 709 τὸν
529 658 686 724 λόγον
715 660 876 727 ἡμεῖς
915 657 1285 725 ἐξετάσωμεν.
1344 654 1520 711 Τίοὺν
1572 659 1757 722 ὲστιν;
1806 651 1916 725 ἆρα

333 750 488 802 obs-ia
518 767 599 810 τις
637 751 730 801 καὶ
765 748 1129 801 ὲνυπόστατον
1183 749 1314 803 καθ’
1336 749 1470 803 αὐτὸ
1530 748 1779 817 ὑφεστὼς
1824 745 1919 799 καὶ

338 841 412 907 μὴ
444 840 697 892 διό-ενοι)
729 841 915 905 ἐτέρου
958 840 1100 909 πρὸς
1138 839 1376 910 ὓπαρξιν
1402 858 1416 902 ;
1445 841 1477 910 ἢ
1522 841 1747 905 ποιότης
1773 836 1918 891 ἀσώ-

338 947 504 996 ματος
523 932 617 984 καὶ
638 931 723 1000 ῘΡ.
760 932 887 998 59:2]
914 933 1185 997 ἁνούσιος,
1209 934 1268 985 ὲν
1290 921 1434 1000 ἄλλω
1453 934 1511 985 τι
1532 928 1694 995 εἶναι,
1725 932 1826 984 οὐκ
1859 932 1916 982 ὲν

336 1023 505 1090 ἑαυτῇ
543 1023 917 1092 θεωρούμενον
940 1024 1335 1094 ἔχουσα;Ἀ).λ’
1370 1026 1418 1076 εί
1445 1023 1545 1093 μὲν
1565 1024 1722 1076 οὐσία
1775 1023 1914 1085 ἐστὶ,

341 1115 576 1183 πότερον
605 1116 874 1184 ἀγγελικὴ
903 1118 1065 1182 ςὲπεὶ
1091 1119 1187 1171 καὶ
1219 1116 1452 1184 ἄγγελος
1516 1117 1632 1184 φῶς
1690 1116 1787 1167 καὶ
1818 1111 1915 1166 τοῦ

342 1208 560 1275 πρώτου
585 1211 674 1260 καὶ
700 1210 961 1262 ἀνωτάτω
986 1210 1163 1278 φωτὸς
1192 1209 1532 1278 μαρμαρυγὴ
1554 1210 1644 1261 καὶ
1669 1207 1920 1274 ἀπόλαμ-

244 1291 288 1370 δ’
341 1296 453 1365 ψις.
485 1284 736 1351 Α).λόὐκ
789 1297 854 1352 ἂν
884 1299 1046 1352 τοῦτο
1104 1301 1270 1352 είποι.
1320 1318 1338 1351 ι
1404 1299 1509 1352 Καὶ
1549 1297 1667 1365 μετ’
1697 1297 1915 1363 ὀλίγον·
1972 1302 1977 1307 ’

242 1418 254 1432 ο
351 1405 372 1439 ι
398 1388 458 1440 Εἰ
486 1387 607 1441 θεία
641 1390 818 1450 οὐσία,
849 1389 968 1452 πῶς
1000 1390 1078 1454 είς
1111 1391 1271 1443 τοῦτο
1302 1389 1617 1459 μετῴχετος
1645 1390 1703 1440 El
1743 1387 1841 1455 μὲν
1863 1388 1921 1439 ὲν

345 1482 452 1553 ἰδίᾳ
491 1482 785 1537 ὑποστάσει
808 1482 934 1536 καθ’
956 1485 1158 1550 ἑαυτὴν
1183 1484 1537 1551 θεωρουμένη
1562 1479 1920 1552 μετελθοῦσα,

340 1576 434 1627 καὶ
461 1570 572 1627 οἷον
606 1573 733 1627 ἄλλο
760 1576 856 1628 καὶ
901 1577 1103 1629 εἰδικόν
1150 1578 1542 1647 άποτεειομὲνη
1607 1579 1921 1646 πρόσωπον,

338 1668 422 1730 είς
451 1666 551 1737 τὴν
583 1668 678 1720 τοῦ
707 1669 882 1735 Λόγου
952 1670 1256 1736 διαπρέπον
1302 1672 1625 1739 ἐμφέρειαν,
1686 1669 1925 1738 μηδεμιᾷ

337 1760 450 1813 τῶν
487 1761 547 1813 ὲν
578 1763 644 1832 τῇ
670 1761 862 1831 Τριάδι
892 1763 1198 1828 νοουμένων
1264 1761 1782 1832 συμπαρυποστᾶσα
1828 1762 1925 1812 καὶ

345 1855 677 1924 συμᾳυςῖσα,
706 1857 902 1927 τετρὰς
938 1858 1124 1921 σαφῶς
1147 1857 1293 1925 αὐτῷ
1324 1858 1356 1925 ἠ
1394 1855 1564 1925 Τρεὰς
1598 1854 1923 1908 ἀποτετέλε-

344 1963 489 2001 σται.
515 1946 620 2001 Kal.
639 1948 826 2016 ὁρᾶτε,
853 1948 929 2011 ὡς
963 1947 1247 2017 φιλότιμος
1289 1949 1419 2015 περὶ
1479 1948 1580 2015 τὴν
1630 1946 1783 1998 θείαν
1822 1946 1911 1999 οὐ-

340 2040 465 2091 σίαν
496 2039 774 2105 Εὐσέϐιος,
802 2039 1036 2110 ἀφθονίᾳ
1066 2040 1425 2093 ὑποστάσεων
1487 2038 1778 2109 πληθύνων
1824 2040 1921 2090 καὶ

339 2128 525 2195 αὐξων
565 2130 636 2183 τὰ
656 2130 979 2200 ὰπλήθυντα
1009 2132 1102 2184 καὶ
1135 2132 1384 2199 ἀμείωτα
1441 2130 1536 2184 καὶ
1588 2133 1767 2199 πάσης
1821 2132 1922 2200 τῆς

339 2220 592 2277 ὁπωσοῦν
609 2223 852 2287 ὑφέσεως
880 2224 975 2276 καὶ
1008 2223 1358 2293 πλεονασμού
1384 2224 1736 2277 παντάπασιν
1795 2225 1917 2275 ἀνε-

340 2314 597 2369 πίδεκτα.
623 2315 686 2368 Εἰ
708 2314 753 2366 δ’
775 2316 856 2378 είς
880 2315 982 2386 τὴν
1013 2316 1108 2368 τοῦ
1131 2317 1307 2383 Λόγου
1334 2316 1667 2387 συγχυθεῖσα
1699 2314 1791 2366 καὶ
1816 2313 1926 2368 ῶσ-

341 2423 451 2478 περ
473 2405 896 2460 συνουσιωθεῖσα
916 2406 1198 2477 παρῆλθεν
1224 2408 1547 2468 ὑπόστασιν,
1574 2409 1719 2476 μετὰ
1746 2410 1924 2462 πλείο-

338 2516 431 2562 νος
456 2500 554 2567 τῆς
587 2499 1012 2570 εὐγνωμοσύνης
1051 2501 1380 2571 προσθήκην
1414 2504 1507 2554 καὶ
1566 2500 1804 2572 αὐξησιν
1855 2504 1923 2570 τῇ

341 2592 437 2644 τοῦ
462 2591 642 2660 Λόγου
672 2591 808 2661 αὐτῇ
844 2592 1061 2646 δίδωσιν
1113 2593 1412 2647 ὑποστάσει
1434 2609 1447 2623 °
1482 2594 1606 2662 ἥτις
1634 2597 1734 2647 οὐκ
1792 2596 1925 2664 άλλη

346 2683 498 2752 παρὰ
526 2684 627 2754 τὴν
654 2683 750 2738 τοῦ
787 2685 1003 2753 Ilua-pb;
1024 2684 1215 2738 οὐσίαν
1240 2687 1306 2754 τῇ
1328 2685 1487 2753 φύσει
1514 2687 1650 2749 ἐστὶ,
1707 2685 1784 2757 τῷ
1831 2703 1928 2757 χα-

348 2773 760 2843 ρακτηριστικῷ
776 2774 830 2827 δὲ
855 2774 954 2842 τῆς
989 2774 1257 2843 ἰδιότητος
1301 2775 1466 2844 μόνον
1496 2776 1641 2828 κατὰ
1674 2778 1774 2848 τὴν
1806 2777 1930 2844 γέν-

346 2863 1071 2939 νησινχδιαφέρουσα.οὐτω
1108 2867 1246 2934 πρὸς
1297 2867 1397 2937 τὴν
1455 2865 1788 2938 ὑπἐρπλήρτι
1834 2872 1929 2922 καὶ

348 2954 626 3025 ἀπροσδεᾶ
654 2955 1221 3027 καταδαψιὶευόμενος
1246 2957 1410 3027 φύσιν
1439 2960 1538 3029 τὴν
1574 2960 1772 3012 ἑαυτοῦ
1831 2977 1929 3014 σα-

345 3048 461 3114 φῶς
514 3048 858 3116 ὲκπομπεύει
917 3050 1137 3118 μανίαν,
1197 3050 1335 3103 ὥστε
1374 3053 1626 3122 σύνθεσιν
1687 3052 1782 3104 ἐπὶ
1829 3052 1931 3122 τῆς

346 3141 824 3210 ὑπερηπὶωμὲνης
856 3142 948 3194 καὶ
1000 3143 1183 3211 πάσης
1234 3135 1540 3212 ἁπλότητος
1598 3145 1929 3212 ὑπερέκεινα

2017 672 2169 718 ctum
2200 661 2337 716 illud
2383 662 2777 732 expendamus.
2817 660 2958 725 Quid
2990 668 3075 713 est
3106 656 3319 727 igitur?
3359 656 3439 707 An
3475 652 3609 707 sub-

2017 755 2218 810 stantia
2257 755 2438 824 aliqua
2470 765 2526 809 et
2554 769 2644 809 res
2670 769 2766 823 per
2794 768 2854 807 se
2903 751 3230 813 subsistens,
3262 762 3386 816 quae
3421 753 3480 800 ut
3506 759 3604 799 ex-
3657 785 3667 796 .

2017 849 2177 902 sistat
2211 848 2320 901 alio
2381 862 2488 899 non
2524 845 2721 915 egeat?
2760 844 2842 902 An
2895 843 3128 910 qualitas
3179 839 3503 908 incorporea
3544 843 3605 890 et

2019 940 2343 995 substantiae
2369 953 2591 1006 expers,
2620 952 2742 1006 quae
2771 951 2892 989 esse
2923 937 2974 987 in
3001 934 3129 997 alio,
3169 947 3277 985 non
3316 931 3369 983 in
3399 945 3457 983 se
3485 929 3602 997 ipsa

2018 1034 2428 1086 consideratum
2466 1030 2702 1085 habeat?
2724 1031 2795 1084 At
2831 1031 2876 1083 si
2908 1027 3213 1081 substantia
3242 1022 3465 1093 quidem
3497 1030 3603 1084 est,

2019 1135 2279 1180 utrumne
2345 1125 2644 1195 angelica?
2677 1122 2812 1177 Nam
2849 1120 3076 1189 angelus
3120 1130 3341 1186 quoque
3394 1122 3478 1167 est
3519 1111 3607 1166 lu-

2021 1234 2170 1281 men,
2197 1227 2252 1270 et
2285 1215 2448 1286 primi
2482 1209 3082 1285 supremiquelmninis
3106 1205 3413 1261 coruscatio
3444 1201 3611 1256 emis-

2021 1328 2225 1380 susque
2268 1327 2334 1364 ex
2366 1325 2433 1364 eo
2488 1308 2686 1378 fulgor.
2730 1305 2834 1360 Sed
2870 1305 2976 1356 ltoc
3028 1301 3118 1355 ille
3168 1315 3275 1352 non
3314 1294 3533 1350 dixerit.
3581 1310 3601 1344 ι

2022 1405 2163 1459 Tum
2191 1403 2353 1471 paulo
2382 1411 2503 1468 post
2539 1419 2553 1455 :
2594 1420 2613 1450 ι
2662 1398 2718 1451 Si
2768 1394 3079 1450 substantia
3124 1391 3309 1445 divina
3336 1397 3443 1446 est,
3469 1399 3608 1454 quo-

2022 1498 2188 1550 modo
2208 1511 2271 1549 ea
2296 1494 2347 1548 in
2375 1493 2506 1549 illud
2532 1493 2713 1545 lumen
2742 1486 2994 1542 transiit?
3018 1484 3075 1538 Si
3106 1483 3159 1536 in
3191 1477 3408 1548 propria
3431 1473 3611 1531 subsi-

2025 1587 2227 1643 stentia
2267 1592 2323 1639 et
2352 1601 2451 1655 per
2485 1599 2543 1638 se
2574 1583 2747 1652 ipsam
2786 1577 3139 1633 considerata
3179 1571 3416 1635 transiit,
3450 1578 3509 1623 et
3536 1568 3610 1620 ita

2026 1679 2224 1741 divisa,
2254 1686 2315 1731 ut
2358 1675 2519 1729 aliam
2558 1684 2610 1728 et
2640 1671 2936 1740 specialem
2979 1678 3036 1723 et
3064 1658 3231 1721 Verbi
3266 1662 3503 1731 imagine
3528 1658 3616 1713 in-

2025 1768 2235 1835 signem
2274 1765 2703 1831 distinctumque
2743 1773 3037 1829 personam
3087 1754 3429 1813 constituat,
3484 1764 3614 1805 cum

2027 1860 2175 1914 nulla
2214 1858 2517 1930 bypostasi,
2554 1870 2743 1908 earum
2770 1866 2894 1920 quae
2927 1851 2981 1903 in
3004 1848 3277 1903 Trinitale
3304 1843 3618 1911 intelligun-

2031 1965 2142 2009 tur.
2181 1952 2342 2004 simut
2372 1950 2682 2002 subsistens
2715 1956 2772 2000 et
2795 1944 3135 2003 coalescens,
3166 1939 3345 2008 palam
3377 1943 3461 1991 est
3488 1947 3616 1987 eum

2026 2060 2090 2097 ex
2137 2043 2405 2094 'l‘rinitate.
2448 2038 2878 2103 qmdrinitatem
2919 2033 3137 2087 fecisse.
3188 2031 3363 2084 Porro
3408 2025 3616 2087 videte,

2023 2153 2152 2205 erga
2176 2135 2417 2189 divinam
2458 2130 2825 2186 substantiam
2865 2142 3026 2196 quam
3059 2122 3348 2178 ambitiose
3374 2109 3621 2174 liberalis

2029 2230 2103 2284 sit
2127 2227 2423 2289 Eusebius,
2450 2225 2545 2294 qui
2572 2220 2958 2293 Ity-postasibus
2992 2213 3374 2291 multiplicatis
3392 2227 3454 2265 ea
3477 2210 3621 2263 mul-

2027 2321 2239 2391 tiplicet
2271 2327 2327 2374 et
2348 2328 2564 2388 .augeat
2588 2360 2601 2378 ,
2640 2325 2761 2385 (tua!
2790 2327 2891 2367 nec
2918 2308 3275 2378 multiplicari
3304 2300 3617 2360 neeminui

2026 2420 2285 2485 possunt,
2324 2426 2426 2466 nec
2455 2409 2625 2464 ullum
2677 2419 2906 2475 prorsus
2950 2418 3047 2458 seu
3090 2399 3368 2455 defectum
3401 2411 3499 2450 seu
3529 2409 3624 2448 ex-

2028 2520 2245 2560 cessum
2284 2504 2396 2557 ullo
2440 2501 2604 2555 modo
2632 2499 2795 2570 95.2
2828 2494 3149 2551 admittunt.
3178 2491 3273 2547 Sin
3305 2489 3457 2543 velut
3490 2501 3623 2541 con-

2028 2598 2147 2652 fusa
2180 2607 2234 2650 ct
2281 2596 2440 2666 quasi
2478 2588 2976 2648 consubstantialis
3006 2586 3146 2639 facta
3176 2584 3230 2637 in
3260 2581 3423 2635 Verbi
3453 2580 3625 2651 hypo-

2032 2687 2206 2742 stasin
2270 2685 2491 2740 transiit
2519 2725 2533 2749 ,
2568 2684 2745 2754 major
2776 2691 2861 2735 est
2901 2675 3127 2733 Eusebii
3161 2673 3495 2742 benignitas,
3529 2668 3623 2738 qui

2030 2780 2407 2836 accessionem
2455 2787 2511 2833 et
2575 2770 2928 2845 augmentum
2969 2771 3073 2841 ipsi
3126 2767 3291 2821 Verbi
3342 2763 3622 2835 ltypostasi

2031 2872 2283 2942 largitur,
2327 2888 2448 2940 qme
2477 2880 2672 2923 natura
2707 2882 2803 2921 sua
2842 2882 2950 2919 non
2982 2864 3086 2919 alia
3114 2868 3200 2914 est
3229 2859 3298 2913 ab
3320 2856 3622 2911 substantia

2034 2967 2232 3028 Patris,
2277 2965 2388 3018 sola
2426 2973 2608 3016 autem
2665 2960 3000 3030 proprietate
3047 2951 3500 3011 characteristit'a
3529 2961 3627 3015 per
3696 2970 3699 2973 -

2034 3057 2449 3127 generationem
2478 3053 2685 3106 differt.
2745 3035 2837 3104 Sic
2868 3046 3255 3117 superplenam
3284 3051 3341 3097 et
3372 3042 3442 3095 ab
3475 3037 3625 3092 omni

2039 3148 2347 3214 indigentia
2398 3146 2634 3199 alienam
2664 3150 2917 3196 naturam
2947 3135 3332 3206 amplificando
3362 3147 3515 3187 suam
3546 3131 3631 3183 in-

346 3233 535 3295 οὑσίας
569 3234 831 3299 ἐπινοεῖν,
862 3236 919 3299 ἐξ
952 3230 1017 3304 ἧς
1048 3237 1143 3287 καὶ
1177 3234 1353 3297 πάθος
1409 3235 1467 3301 ἐξ
1494 3237 1774 3306 ’ἀνάγκης
1806 3234 1930 3304 ἕψε-

2038 3243 2249 3296 sauiam
2323 3239 2499 3306 palam
2568 3236 2848 3299 declarat;
2892 3232 3049 3285 adeo
3102 3240 3160 3282 ut
3194 3229 3247 3281 in
3279 3224 3584 3281 substantia
3612 3259 3628 3285 ,

346 3342 438 3377 ται
460 3327 552 3379 ἐπὶ
578 3327 676 3396 τῆς
700 3328 975 3396 μακαρίας
1029 3330 1124 3381 καὶ
1155 3326 1402 3390 ἀπαθοῦς
1457 3328 1730 3396 θεότητος.
1767 3347 1794 3375 ιι
1827 3329 1937 3380 Καὶ

352 3418 473 3488 μετ’
521 3417 737 3485 ὀλίγον·
786 3436 806 3469 ι
881 3419 1183 3471 Υπὸλοιπον
1208 3418 1253 3471 δ’
1303 3415 1395 3473 οὖν
1443 3420 1557 3473 ἐστι
1616 3421 1821 3490 ζητεῖν,
1882 3422 1931 3473 εί

347 3511 611 3577 ποιότητα
646 3507 807 3562 τοῦτο
830 3509 1124 3577 ἀσώματον
1163 3512 1196 3578 ἦ
1232 3510 1486 3564 άνούσιον
1519 3508 1666 3577 εἶπε,
1709 3512 1762 3564 τί
1788 3529 1931 3579 συμ-

312 3634 315 3635 ν
348 3600 524 3654 ϐαίνει
547 3617 563 3632 ⁸
594 3596 703 3654 οἷον
734 3601 1045 3673 άπόρῤοιάν
1067 3602 1190 3654 τινά
1219 3620 1366 3665 τινος
1397 3604 1588 3664 οὐσίας
1622 3604 1715 3655 καὶ
1757 3602 1937 3656 ἀπαύ-

345 3711 557 3763 γασμα,
591 3696 766 3766 εἰς’ῆν
795 3696 828 3764 ἡ
866 3695 1050 3764 μορφὴ
1092 3696 1276 3765 ἐκείνη
1310 3696 1753 3765 μεταϐέϐληταις
1795 3694 1937 3748 Ἀλλ’

348 3788 501 3843 οὐδὲν
525 3782 688 3859 ἦττον
717 3789 749 3859 ή
785 3787 975 3840 πασῶν
1004 3789 1208 3859 ἐσχάτη
1267 3789 1423 3857 ὕϐρις
1451 3789 1544 3841 καὶ
1607 3787 1806 3839 ἀτοπία
1858 3786 1937 3857 τῷ

349 3879 482 3950 θείῳ
506 3880 896 3949 προστρίψεται
927 3879 1161 3949 σώματι.
1211 3880 1539 3950 Λωϐήσαιτο
1589 3880 1695 3950 γὰρ
1722 3879 1787 3931 ἂν
1843 3879 1937 3932 τὸν

272 4016 275 4019 ,
347 3970 442 4023 τοῦ
471 3967 614 4023 εἶναι
641 3970 819 4039 λόγον,
853 3972 949 4024 καὶ
985 3971 1161 4043 ταύτῃ
1189 3973 1251 4025 τὸ
1285 3971 1643 4042 ἀνύπαρκτον
1679 3971 1940 4040 είσαχθή-

353 4076 528 4115 σεται.
567 4060 778 4124 Ἀλλως
801 4076 864 4114 τε
902 4061 1014 4115 οὐδ’
1040 4060 1218 4115 ἔνεστι
1268 4062 1533 4131 ποιότητα
1570 4061 1937 4130 ὑποκειμένου

350 4151 474 4225 δίκα
497 4152 622 4208 καθ’
676 4153 881 4224 ἑαυτὴν
922 4154 953 4207 ὅ
981 4172 1034 4207 τι
1060 4155 1191 4208 ποτέ
1220 4157 1336 4207 ἐστι
1385 4153 1777 4223 διαδειχθῆναι,
1837 4153 1941 4208 κᾶν

347 4245 459 4301 τῶν
487 4247 763 4301 οὐσιωδῶν
820 4247 992 4317 αὐτὴν
1023 4246 1168 4300 εἴποι
1196 4263 1281 4310 τις
1299 4262 1315 4277 ⁸
1343 4247 1377 4316 ἥ
1403 4250 1498 4301 καὶ
1523 4248 1603 4310 εἰς
1625 4247 1814 4310 οὐσίας
1843 4248 1936 4317 μέ·

357 4354 449 4409 ρος
483 4340 771 4406 ἀνάγεται.
806 4337 896 4402 Ὦς
927 4340 972 4391 δ’
1005 4341 1099 4393 ἐπὶ
1122 4339 1579 4411 παραδείγματος
1611 4341 1810 4405 εἰπεῖν,
1836 4341 1939 4393 οὐκ

349 4427 417 4485 ἂν
450 4430 511 4482 τὸ
531 4429 752 4499 λογικόν
769 4446 875 4483 που
909 4431 1144 4500 συσταίη
1180 4431 1546 4500 ὑποκειμένου
1588 4431 1788 4498 ἄνευνὸ
1825 4432 1941 4484 ἐστι

347 4523 409 4574 τὸ
438 4520 598 4587 ζῶον,
634 4524 685 4576 εί
722 4521 799 4593 μὴ
834 4522 1103 4593 πρότερόν
1131 4538 1219 4586 τις
1252 4523 1516 4577 ὑπόθοιτο
1542 4524 1731 4578 οὐσίαν
1757 4523 1937 4594 suae.

2042 3347 2162 3399 qum
2198 3328 2598 3397 supersimplex
2628 3340 2724 3379 seu
2761 3323 2909 3376 omni
2944 3319 3294 3389 simplicitate
3329 3313 3632 3382 simpiicior

2038 3431 2145 3486 est,
2187 3421 2647 3486 compositionem
2680 3413 2997 3481 excogitet;
3028 3426 3092 3463 ex
3126 3405 3413 3479 (illtl‘illltd
3463 3404 3628 3456 etiam

2038 3520 2436 3580 censequetur,
2474 3508 2787 3578 passionem
2824 3507 3001 3559 locum
3041 3502 3242 3555 habere
3286 3502 3339 3550 in
3374 3497 3535 3548 beata
3573 3500 3632 3546 et

2041 3603 2365 3674 impassibili
2420 3601 2733 3659 divinitate.
2779 3615 2798 3649 ι
2841 3600 2913 3650 Ae
2947 3594 3109 3664 paulo
3146 3600 3267 3661 post
3308 3608 3320 3643 :
3368 3606 3384 3638 ι
3422 3587 3633 3653 Super-

2040 3707 2125 3750 est
2159 3696 2345 3764 itaque
2379 3703 2436 3746 ut
2467 3705 2800 3761 qumramus,
2838 3690 2880 3743 si
2931 3688 3252 3758 qualitatem
3280 3683 3411 3738 illud
3443 3681 3630 3735 lumen

2041 3788 2432 3855 inc‘orpoream
2483 3785 2568 3838 vel
2628 3781 2935 3838 substantia
2990 3789 3269 3834 carentem
3301 3791 3423 3829 esse
3454 3775 3629 3836 dixit,

2040 3877 2172 3948 quid
2216 3878 2431 3931 accidat
2470 3895 2484 3932 :
2525 3875 2728 3945 aliquid
2779 3874 2992 3927 scilicet
3040 3889 3162 3926 esse
3189 3870 3335 3920 velut
3365 3862 3632 3919 emana‘ns

2039 3981 2097 4026 et
2123 3970 2396 4039 eﬂ‘ulgens
2427 3984 2492 4023 ex
2550 3967 2882 4028 substantia,
2915 3965 2968 4019 in
2998 3963 3144 4033 quod
3175 3962 3350 4016 forma
3380 3958 3471 4011 illa
3509 3972 3634 4010 mu-

2043 4073 2154 4119 tata
2188 4064 2280 4117 sit.
2337 4065 2405 4116 At
2452 4061 2629 4115 nihilo
2682 4058 2868 4113 minus
2894 4058 3150 4112 ultimum
3182 4053 3426 4109 omnium
3453 4059 3512 4104 et
3542 4050 3636 4104 ab-

2041 4156 2430 4213 surdissimum
2461 4155 2707 4210 dedecus
2758 4152 2946 4207 divino
2985 4149 3204 4217 corpori
3260 4146 3631 4217 imprimetur.

2044 4251 2282 4307 Ratione
2332 4248 2538 4319 quippe
2590 4262 2713 4303 esse
2752 4248 2836 4301 sui
2875 4244 3250 4305 mulctabitur,
3287 4248 3344 4295 et
3374 4236 3637 4293 ita-futu-

2043 4360 2167 4400 rum
2202 4353 2289 4400 est
2313 4343 2444 4414 quid
2470 4357 2577 4397 non
2602 4341 2899 4397 exsistens.
2933 4339 3044 4394 Nec
3075 4351 3207 4391 vero
3240 4333 3478 4403 qualitas
3514 4330 3635 4385 sine

2046 4438 2299 4509 subjecto
2346 4451 2444 4506 per
2489 4450 2548 4490 se
2583 4436 2757 4505 ipsam
2804 4431 2937 4503 quid
2989 4431 3071 4485 sit.
3107 4425 3379 4483 declarari
3412 4432 3634 4494 p0tcst,

2047 4530 2268 4586 etiamsi
2304 4530 2429 4599 quis
2463 4543 2584 4583 eam
2642 4523 3061 4581 substantialem
3110 4522 3291 4578 dicat:
3326 4515 3637 4590 cuiusmodi

346 4631 441 4684 χον
465 4614 811 4685 αἰσθητικήν.
857 4613 1136 4678 Ὡσαύτως
1156 4615 1253 4668 καὶ
1301 4617 1351 4669 εἰ
1391 4617 1452 4669 τὸ
1500 4615 1715 4687 θνητὸν,
1753 4616 1930 4687 ἢάθά·

2053 4625 2291 4694 qualitas
2324 4639 2449 4693 pars
2488 4621 2810 4678 substantiae
2857 4634 2979 4674 esse
3022 4626 3299 4672 censetur.
3337 4617 3538 4685 Atque,
3576 4620 3638 4665 ut

349 4724 529 4768 νατον,
550 4707 586 4776 ἡ
608 4724 660 4759 τι
685 4707 792 4759 τῶν
820 4707 1100 4760 τοιούτων.
1142 4707 1230 4760 Ἐν
1255 4707 1363 4760 τίνι
1421 4708 1533 4778 γὰρ
1569 4708 1635 4762 ἂν
1664 4709 1818 4780 σχοίη
1841 4709 1943 4779 τὴν

350 4796 624 4868 ’ὑπαρξινς
659 4815 679 4850 ι
718 4800 829 4852 Καὶ
857 4798 1094 4869 ἀλλαχοῦ
1114 4816 1129 4831 ο
1166 4800 1325 4853 «Ὅτι
1354 4800 1453 4869 μὲν
1476 4802 1583 4870 γὰρ
1604 4800 1664 4854 τὸ
1699 4801 1940 4871 φθαρτὸν

348 4887 511 4941 τοῦτο
541 4888 866 4944 ἐνδύσασθαι
904 4891 987 4944 δεῖ
1010 4889 1323 4963 ἀφθαρσίαν
1352 4893 1448 4946 καὶ
1485 4893 1545 4946 τὸ
1569 4892 1770 4962 θνητὸν
1798 4894 1936 4946 ἀθα-

350 4980 569 5043 νασίαν,
592 4981 620 5032 ὁ
643 4980 816 5049 μέγας
841 4985 1200 5050 μυσταγωγεῖ
1228 4981 1576 5046 ’Λπόστολος,
1602 4984 1676 5037 Τὸ
1696 4983 1752 5037 δὲ
1775 4985 1934 5054 σῶμα

350 5071 645 5140 ἁσωματότ
656 5090 759 5142 ητα
776 5072 1167 5145 ὲνδύσασθάι,ἥ
1188 5073 1249 5127 τὸ
1266 5073 1487 5127 κτιστδν
1514 5075 1769 5140 γενέσθαι
1788 5076 1943 5129 ἄκτι-

352 5161 547 5232 στο.ι,ῆ
568 5162 626 5214 ab
647 5160 866 5232 [P595]
886 5161 1264 5233 περίγραπτον
1303 5163 1822 5234 εἰςξάπεριγραψίαν
1848 5181 1944 5233 με-

350 5255 670 5319 τατεθῆναι,
695 5255 756 5305 οὐ
770 5271 851 5307 πω
876 5254 1038 5326 μέχρι
1069 5256 1166 5310 καὶ
1184 5256 1424 5329 τήμερον
1449 5258 1740 5328 ἥκουσται.
1777 5276 1796 5310 ι
1829 5260 1938 5313 Καὶ

350 5345 586 5416 ὀλλκχοῦ
607 5360 622 5375 ’
661 5364 678 5398 ι
728 5345 802 5399 Τὸ
827 5344 987 5416 φύσει
1032 5346 1239 5401 ἁπλοῦν
1266 5347 1391 5400 οὔτε
1416 5349 1669 5417 ὁρᾶσθαι,
1696 5348 1821 5403 οὐτε
1860 5350 1941 5402 εἰ·

351 5437 711 5501 ὃοποιεῖσθαι,
735 5435 862 5493 οὐτε
907 5438 1143 5508 πάσχειν
1174 5457 1226 5492 τι
1250 5439 1374 5492 καθ’
1404 5439 1687 5494 ὁντιναοῦν
1738 5442 1941 5507 τρόπον

353 5532 622 5597 πέφυκεν.
671 5529 908 5594 ’Ᾱπαθὲς
956 5531 1066 5602 γὰρ
1106 5532 1219 5584 ικαὶ
1268 5530 1549 5603 ἄφθαρτον
1598 5533 1696 5587 καὶ
1757 5535 1937 5607 πάντη

353 5620 741 5690 ἀκατάληπτον
780 5621 877 5674 καὶ
920 5623 1343 5693 ἀπερίγραπτον
1371 5639 1384 5654 °
1441 5625 1602 5678 τοῦτο
1666 5625 1724 5678 δὲ
1771 5625 1823 5678 τί
1872 5624 1938 5678 ἂν

355 5712 439 5781 εἴη
461 5711 590 5765 ἄλλο
624 5712 860 5783 sese“
899 5732 917 5767 ι
954 5715 1062 5769 Καὶ
1094 5716 1213 5787 μετ’
1245 5713 1460 5787 ὀλίγον’
1505 5735 1523 5771 ι
1560 5718 1624 5772 Et
1653 5716 1762 5790 γὰρ
1813 5717 1943 5774 ταύ-

429 5894 447 5924 ⁸
484 5890 659 5954 Hier.
696 5901 782 5953 κν.
819 5892 907 5954 53.

2050 4715 2304 4787 exemplo
2330 4725 2570 4778 utamur,
2596 4712 2942 4767 rationalitas
2965 4711 3173 4780 absque
3196 4709 3465 4780 subjecto,
3488 4704 3636 4775 quod

2048 4816 2134 4861 est
2166 4804 2395 4870 animal,
2422 4819 2693 4873 nusquam
2729 4803 3019 4864 consistat,
3060 4801 3189 4867 (hoc
3226 4800 3330 4867 est)
3364 4798 3470 4852 nisi
3510 4798 3637 4867 quis

2047 4899 2201 4968 prius
2223 4907 2500 4967 supponat
2550 4895 2920 4951 substantiam
2951 4894 3250 4948 animatum
3288 4891 3633 4946 sensitivam.

2042 4987 2194 5043 Idem
2224 4997 2311 5042 est
2354 4986 2401 5042 si
2436 4987 2523 5039 vel
2567 4984 2881 5040 mortalitas
2907 5026 2921 5050 ,
2967 4984 3055 5038 vel
3113 4983 3517 5047 immortalitas,
3552 4982 3635 5036 vel

2043 5080 2252 5150 aliquid
2288 5079 2558 5150 ejuSiuodi
2596 5085 2953 5146 proponatur.
2986 5076 3044 5131 In
3076 5092 3185 5146 quo
3225 5075 3373 5151 enim
3410 5074 3639 5129 habebit

2038 5171 2412 5228 exsistentiam
2443 5171 2467 5224 ?
2507 5171 2572 5225 Et
2600 5169 2708 5223 alio
2739 5170 2858 5225 loco
2885 5186 2902 5225 :
2941 5187 2960 5221 ι
2990 5170 3125 5224 Nam
3153 5168 3296 5239 quod
3321 5166 3485 5237 943
3513 5180 3639 5220 cor-

2048 5263 2310 5330 rubtibile
2338 5263 2443 5316 hoc
2480 5260 2714 5316 induere
2745 5268 3000 5331 oporteat
3027 5258 3635 5331 incorruptibilitatcm,

2045 5360 2101 5406 et
2132 5351 2365 5405 mortale
2393 5348 2892 5414 immortalitatem,
2924 5348 3245 5420 mysterium
3271 5356 3355 5401 est
3381 5362 3410 5400 a
3443 5361 3637 5416 magno
3674 5372 3683 5381 κ

2047 5441 2309 5512 Apostolo
2357 5441 2618 5495 traditum
2670 5442 2710 5495 ¹.
2754 5441 2826 5495 At
2882 5454 3086 5509 corpus
3146 5438 3635 5507 incorporeitatem

2051 5532 2323 5600 induisse,
2359 5541 2455 5587 aut
2486 5541 2733 5588 creatum
2762 5532 3000 5587 evasisse
3034 5530 3361 5592 increatmn,
3393 5537 3488 5583 aut
3525 5528 3634 5584 cir-

2049 5627 2452 5697 cumscriptum
2511 5625 2568 5681 in
2608 5625 3189 5694 iucircumpsriptum
3229 5622 3537 5687 transiisse,
3581 5622 3633 5676 ul

2002 5701 2277 5791 squidem
2307 5717 2554 5775 nondum
2582 5716 2648 5773 ad
2679 5718 2821 5772 lianc
2849 5715 2994 5771 diem
3022 5729 3193 5785 usque
3211 5711 3458 5769 auditum
3489 5722 3631 5767 est.»
