4002 6468
391 360 525 427 1247
671 361 749 434 [Α.
791 377 848 415 ιι.
889 358 1052 438 θίξῖίῖ,
1096 377 1203 415 ικο.
1247 360 1303 432 Δ]

1647 363 2073 424 NICEPHOHI
2113 363 2499 424 GllEGOI-l/E

2766 352 2899 427 [ινιτ.
2939 371 2984 410 ι.
3013 367 3307 410 ελκτλεοι.
3348 352 3403 427 5|
3516 357 3537 421 1
3581 358 3650 418 48

383 483 677 540 Calabrum
725 482 793 536 de
837 481 1027 536 divino
1075 479 1284 534 lumine
1332 479 1552 534 decreta
1598 479 1838 534 fuerant.
1874 477 1970 531 llic

2097 477 2168 531 τοῦ
2202 477 2475 548 Βαρλαὰμ
2516 473 2730 528 ἐκείνου
2754 471 2849 527 τοῦ
2876 470 3169 534 Καλαϐροῦ
3201 471 3332 531 περὶ
3361 467 3454 522 τοῦ
3505 470 3647 524 θείου

383 576 597 630 scilicet
647 574 755 628 illis
809 584 1108 642 perpetuus
1159 588 1277 626 mos
1321 582 1426 626 est.
1462 571 1682 625 Nullum
1737 584 1967 639 usquam

386 666 533 719 aliud
563 663 976 728 diverticulum,
1008 665 1221 718 nullum
1252 665 1358 718 nisi
1405 664 1510 719 hoc
1537 662 1677 718 cladi
1726 677 1838 716 sua:
1870 659 1970 715 ob-

387 758 723 811 tendendum
781 758 962 810 velum
1031 757 1266 820 habent;
1317 755 1564 824 adeoque
1620 755 1768 808 circa
1816 754 1970 808 illum

387 859 626 902 montem
660 858 938 919 coguntur
963 862 1182 916 semper
1216 847 1444 910 versari,
1473 857 1529 900 et
1563 845 1804 901 subinde
1841 846 1974 900 illuc

385 955 483 1006 per
513 937 765 993 fraudem
797 952 920 993 sese
966 937 1234 1007 recipere,
1266 951 1331 990 ne
1373 935 1516 990 forte
1554 952 1616 990 ea
1648 951 1770 1006 quae
1807 935 1973 990 iidem

387 1045 562 1097 usque
632 1029 686 1083 in
741 1029 867 1082 sinu
917 1028 1105 1082 fovent
1155 1037 1212 1082 et
1264 1027 1521 1082 nutriunt
1577 1027 1974 1091 iconomachim

389 1121 560 1189 orgia,
603 1121 756 1175 velut
805 1121 861 1174 in
910 1121 1082 1178 maris
1131 1120 1331 1174 ﬂuctus
1366 1119 1568 1185 delata,
1614 1108 1834 1175 silentio
1866 1121 1978 1174 alto

386 1213 591 1268 sensim
624 1209 960 1284 mergantur.

462 1396 553 1452 Ill.
594 1397 732 1452 Cum
764 1397 951 1467 itaque
981 1411 1084 1451 nos
1110 1394 1354 1450 damnati
1378 1393 1602 1450 silentio
1629 1409 1898 1462 essemus,
1922 1401 1983 1449 et

389 1509 581 1547 eorum
613 1508 737 1555 quae
768 1491 881 1547 illic
913 1491 1058 1545 dicta
1093 1487 1312 1544 fuerant
1352 1489 1614 1558 pleraque
1641 1488 1697 1542 hi
1739 1503 1838 1558 pro
1879 1503 1980 1542 sua

395 1587 678 1640 voluntate
727 1584 1260 1653 interpretarentur;
1308 1589 1362 1635 et
1390 1596 1556 1651 quam
1603 1579 1846 1635 Joannes
1881 1580 1985 1634 Da-

395 1691 690 1731 mascenus
737 1673 1014 1744 ὑπερτελῆ
1065 1681 1122 1730 et
1163 1672 1481 1743 προτέλειον
1521 1671 1752 1743 gloriam
1803 1686 1992 1741 vocat,

393 1771 488 1826 isti
545 1770 891 1826 divinitatem
944 1768 1286 1832 inferiorem,
1330 1769 1505 1824 taliam
1561 1769 1630 1824 ab
1677 1768 1982 1824 substantia

395 1862 604 1925 divina,
623 1877 685 1916 ac
708 1877 804 1932 per
830 1877 889 1917 se
910 1861 1136 1932 quidem
1159 1861 1484 1927 iucreatam,
1512 1859 1778 1914 intlnities
1798 1868 1980 1914 autem

393 1957 606 2014 inﬁnite
622 1958 689 2012 ab
711 1957 800 2011 illa
826 1956 1103 2012 diversam
1128 1964 1183 2012 et
1199 1957 1431 2010 omnino
1450 1955 1714 2016 alienam,
1738 1952 1981 2024 denique

392 2047 716 2106 gubstautia:
733 2058 1016 2116 expertem
1043 2062 1166 2102 esse
1188 2045 1542 2110 dictitarent;
1565 2045 1731 2116 977
1759 2045 1984 2115 quidam

393 2149 463 2191 ex
514 2135 742 2201 nostris,
787 2136 974 2190 animo
1026 2135 1413 2191 vehementius
1457 2141 1755 2200 commoto;
1803 2133 1988 2190 excla-

400 2243 551 2281 mare
581 2242 751 2282 ausus
783 2237 868 2284 est
895 2245 910 2284 :
959 2247 978 2280 ι
1011 2225 1056 2284 0
1084 2227 1316 2283 coelum!
1357 2225 1558 2297 ecquid
1593 2225 1759 2297 igitur
1790 2224 1859 2281 de
1902 2223 1989 2280 in-

394 2331 626 2372 earnato
660 2317 844 2373 Verbo
886 2318 999 2372 Deo
1029 2317 1326 2373 dicendum
1371 2313 1517 2373 erit?
1565 2317 1799 2384 Quando
1835 2316 1986 2372 enim

398 2409 518 2463 lucc
547 2409 686 2463 nihil
719 2418 899 2480 potest
923 2426 1090 2481 supra
1125 2425 1183 2465 se
1226 2410 1431 2465 habere
1471 2410 1774 2481 (quomodo
1800 2422 1987 2466 autem

398 2501 599 2572 possit,
633 2517 758 2572 qua:
797 2509 968 2573 super
993 2502 1177 2557 omnia
1221 2511 1280 2558 et
1310 2518 1422 2572 prae
1451 2503 1713 2558 omnibus
1741 2506 1990 2574 perfecta

395 2593 524 2647 est?
568 2608 694 2647 nam
744 2609 868 2664 quae
915 2601 1002 2649 est
1049 2609 1266 2650 summe
1314 2595 1578 2665 perfecta,
1617 2609 1682 2650 ea
1718 2595 1856 2649 nihil
1905 2604 1992 2651 est

403 2685 754 2755 perfectius),
776 2695 1004 2757 apparet
1027 2702 1152 2742 cum
1185 2687 1377 2757 majori
1401 2687 1651 2751 subesse,
1681 2675 2003 2743 inferioris?

397 2791 512 2845 que
549 2793 673 2833 esse
709 2777 1036 2842 divinitatis,
1063 2788 1122 2835 et
1161 2789 1470 2836 creaturam
1503 2795 1669 2836 unam
1703 2779 1771 2836 de
1805 2783 1995 2837 multis

398 2873 696 2926 exsistere.
723 2873 904 2941 Atque
937 2872 1012 2927 ita
1050 2874 1235 2930 statim
1269 2873 1482 2928 tollitur
1515 2889 1774 2944 maguum
1809 2874 1993 2928 incar-

405 2959 646 3014 nationis
694 2962 1050 3030 mysterium;
1082 2963 1351 3019 tolluntur
1381 2964 1588 3028 omnia,
1624 2965 1788 3019 simul
1834 2963 1993 3034 quasi

401 3051 659 3118 Collectzt,
681 3050 936 3107 Ecclesia:
961 3047 1214 3126 dogmata
1237 3072 1252 3122 ;
1287 3070 1389 3112 nec
1415 3056 1525 3126 jam
1552 3055 1782 3126 hujusce
1808 3071 1994 3110 rerum

2078 576 2260 642 φωτὸς
2314 571 2613 642 ἐψήφισται
2669 569 2840 622 πάλαι
2873 567 3042 620 πολύν
3077 584 3198 620 τινα
3254 568 3466 637 χρόνον,
3510 567 3651 620 κατὰ

2075 671 2176 738 τὴν
2204 666 2478 736 σφετέραν
2527 661 2620 719 ἀεὶ
2646 662 2959 731 συνήθειαν.
2992 659 3143 730 Μηδὲ
3175 660 3282 727 γὰρ
3316 659 3482 728 ἄλλην
3508 659 3654 728 έχον-

2078 778 2169 824 τες
2198 758 2552 828 ἀποστροφὴν
2573 754 2810 826 οὐδαμῆ,
2837 753 2971 824 μηδὲ
3009 751 3385 822 προκάλυμμα
3406 755 3504 821 τῆς
3529 771 3655 821 σφε-

2080 853 2247 922 τέρας
2273 851 2445 921 ἥττης
2475 847 2651 914 οὐδὲν,
2684 846 2813 917 περὶ
2860 845 2920 898 τὸ
2949 844 3074 915 ὅρος
3107 844 3283 910 ἐκεῖνο
3313 845 3571 914 διηνεκῶς
3598 845 3657 910 ἐξ

2081 944 2332 1014 ἀνάγκης
2357 940 2650 1006 είλοῦνται,
2687 943 2782 995 καὶ
2805 937 3009 1018 συχνὴν
3054 938 3185 1008 παρ’
3213 938 3390 990 έκεῖνο
3426 936 3593 993 κακού
3606 954 3661 1004 ρ-

2080 1055 2192 1106 γως
2224 1035 2506 1089 ποιοῦνται
2553 1034 2653 1104 τὴν
2704 1032 3081 1102 ἀναχώρησιν,
3136 1031 3212 1101 μὴ
3271 1029 3412 1100 λάθῃ
3458 1029 3658 1099 ῥοθίοις

2086 1131 2214 1194 ῐσως
2255 1126 2664 1199 παρενεχθέντα
2711 1125 2870 1194 σιγῆς
2932 1123 3002 1178 τὰ
3054 1124 3240 1192 σφίσιν
3270 1122 3355 1175 ἀεὶ
3408 1120 3663 1190 τιθηνού-

2085 1225 2228 1293 μενά
2282 1239 2344 1276 τε
2399 1222 2496 1275 καὶ
2542 1217 3102 1290 γαλακτοφορούμενα
3148 1217 3246 1287 τῆς
3277 1214 3664 1285 είκονομαχίας

2085 1319 2275 1390 ὄργια.
2775 1315 2782 1318 ’
3687 1373 3689 1375 ,

2155 1409 2232 1464 l".
2278 1409 2447 1478 Σιγῆς
2497 1405 2592 1460 οὖν
2643 1403 2804 1474 ἡμῶν
2860 1399 3391 1472 καταψηφισθείσης,
3441 1399 3535 1452 καὶ
3555 1399 3665 1452 τῶν

2086 1501 2206 1554 ἐκεῖ
2233 1498 2512 1570 ῥηθέντων
2538 1495 2650 1567 (97)
2681 1493 2753 1548 τὰ
2802 1492 2974 1548 πλείω
3006 1491 3147 1545 κατὰ
3184 1489 3245 1543 τὸ
3295 1489 3447 1558 σφίσι
3481 1487 3664 1558 βουὶὸ-

2091 1610 2253 1666 μενον
2301 1589 2688 1660 ἐξηγουμένων
2744 1586 2948 1651 αὑτῶν,
2986 1584 3082 1638 καὶ
3109 1583 3179 1655 ἠν
3205 1582 3234 1634 ό
3269 1584 3342 1634 ’ἐκ
3371 1582 3665 1650 Δαμάσκου

2089 1685 2228 1756 φησὶ
2266 1682 2521 1752 Ἰωάννης
2555 1678 2825 1749 ὑπερτελῆ
2847 1678 2942 1731 καί⁵
2967 1675 3280 1747 προτέλειον
3313 1673 3490 1738 δόξαν,
3528 1671 3669 1724 ὲκεί-

2090 1791 2197 1829 νων
2257 1773 2563 1845 ὑφειμένην
2606 1769 3046 1824 ἀποδεικνύντων
3102 1761 3244 1819 εἶναι
3276 1764 3527 1834 θεότητα,
3567 1765 3669 1833 τῆς

2087 1865 2238 1930 θείας
2267 1865 2466 1934 ἑτέραν
2489 1862 2701 1925 οὐσίας,
2734 1860 2830 1913 καὶ
2870 1859 3125 1913 ἄκτιστον
3159 1855 3258 1926 μὲν
3287 1853 3407 1907 καθ’
3447 1853 3666 1922 ἑαυτὴν,

2085 1955 2452 2026 διαφέρουσαν
2479 1952 2526 2008 δ’
2558 1950 2857 2018 ἀπειράκις
2919 1947 3188 2019 ἀπείρως,
3247 1947 3342 2000 καὶ
3375 1947 3669 2018 ἠλλοτριω-

2089 2048 2262 2120 μένην
2311 2045 2532 2116 ἐκείνης
2561 2044 2910 2106 παντάπασι,
2962 2043 3058 2095 καὶ
3087 2034 3335 2094 ἇνούσιον
3355 2081 3370 2106 ,
3401 2039 3669 2108 ἐτόλμησὲ

2085 2141 2171 2205 τις
2193 2136 2303 2194 τῶν
2323 2138 2632 2211 ἡμετέρων,
2663 2155 2682 2190 ι
2706 2131 2779 2188 Ὠ
2805 2135 2943 2205 ἥλιε,
2972 2152 2992 2186 ι
3031 2132 3349 2203 περιπαθῶς
3372 2131 3670 2201 ἀναϐοῆσαι

2091 2235 2206 2302 καὶ,
2248 2251 2267 2284 ι
2291 2231 2358 2284 Τί
2385 2229 2452 2284 ἄν
2484 2243 2568 2292 τις
2598 2226 2811 2299 (φάναι)
2845 2224 2980 2294 φαίη
3009 2223 3140 2294 περὶ
3171 2221 3266 2277 τοῦ
3303 2221 3670 2292 σαρκωθέντος

2087 2328 2264 2395 Λόγου
2287 2321 2464 2389 Θεοῦ;
2510 2321 2636 2374 ἐπεὶ
2685 2319 2796 2390 γὰρ
2840 2317 2984 2386 ὑπὲρ
3027 2314 3238 2385 ταύτην
3267 2315 3328 2368 οὐ
3364 2313 3587 2367 δύναταί
3618 2331 3671 2366 τι

2091 2416 2361 2486 ὑπάρχειν
2391 2411 2534 2482 (πῶς
2561 2410 2689 2481 γὰρ,
2714 2406 2988 2477 ὑπερτελῆ
3016 2408 3112 2461 καὶ
3142 2404 3453 2475 προτέλειον
3471 2401 3670 2470 οὖσανς

2089 2507 2190 2576 τῆς
2205 2506 2312 2576 γὰρ
2332 2501 2668 2575 ὑπερτελοῦς
2697 2499 2856 2554 οὐδὲν
2893 2496 3274 2566 τελεώτερον),
3302 2495 3478 2550 ἔοικεν
3510 2495 3672 2549 αὑτὸν

2092 2596 2477 2669 ὑποϐεϐηκότα
2524 2595 2620 2649 καλ⁸
2659 2592 2761 2661 τῆς
2793 2590 3098 2660 ὑφειμένης
3144 2589 3352 2659 ταύτης
3403 2583 3672 2642 εἶναικαὶ

2091 2691 2203 2748 τῶν
2240 2688 2563 2759 κτισμάτων
2617 2684 2853 2740 πολλῶν.
2888 2683 2998 2736 Καὶ
3039 2681 3229 2736 λύεται
3283 2681 3381 2750 μὲν
3427 2680 3585 2744 εὐθὺς
3610 2681 3671 2734 τὸ

2097 2785 2238 2855 μέγα
2265 2783 2368 2852 τῆς
2417 2780 2685 2851 ένσάρκου
2718 2777 3034 2847 οἰκονομίας
3077 2778 3397 2848 μυστήριον,
3443 2777 3537 2830 καὶ
3559 2775 3670 2846 αμα

2094 2877 2274 2929 πάντα
2326 2872 2630 2944 συλλήϐδην
2678 2871 2854 2926 εἰπεῖν
2888 2869 3217 2941 Ἑκκλησίας
3249 2869 3527 2940 δόγματαο
3581 2871 3672 2923 καὶ

2095 2967 2217 3021 οὐδὲ
2267 2965 2502 3036 ποιητὴν
2547 2963 2642 3018 τοῦ
2689 2964 2897 3028 παντὸς
2939 2962 3056 3033 ἔχει
3105 2981 3187 3027 τις
3218 2961 3284 3016 ἃν
3323 2963 3403 3016 ἔτι
3431 2961 3673 3028 δοξάζειν

2095 3059 2306 3130 ἕτερον,
2336 3056 2476 3127 πλὴν
2502 3055 2604 3126 τῆς
2637 3055 2840 3109 νεωστὶ
2869 3054 3240 3125 ψηφισθείσης
3279 3055 3379 3109 καῖ
3410 3054 3672 3124 δογματι-

409 3142 790 3198 universitatis
813 3144 1162 3199 conditorem
1189 3146 1358 3201 alium
1383 3162 1683 3218 agnoscere
1713 3155 1818 3210 est,
1847 3150 1986 3217 prae:

2097 3150 2323 3214 σθείστις
2376 3147 2586 3219 ταύτης
2637 3145 2893 3200 ἀνουσίου
2926 3147 3023 3198 καὶ
3069 3145 3366 3218 ὑφειμένης
3400 3146 3668 3216 θεότητος.

407 3243 494 3287 ter
517 3233 699 3297 istam,
721 3236 882 3290 novis
901 3237 1137 3292 decretis
1161 3254 1302 3292 nova
1332 3239 1583 3293 dot-trina
1609 3240 1988 3305 constitutam,

2097 3243 2204 3299 Καὶ
2238 3241 2446 3314 ματαία
2465 3239 2654 3294 λοιπὸν
2697 3241 2730 3311 ή
2765 3238 2928 3309 μέχρι
2959 3239 3058 3294 νῦν
3099 3237 3188 3312 [Ρ.
3237 3237 3674 3312 614]όρθοδόξων

408 3326 739 3381 substantiae
770 3338 1078 3398 expertem,
1115 3341 1169 3386 et
1199 3332 1358 3386 alteri
1394 3332 1696 3402 subiectam
1731 3331 1994 3387 divinita—

2097 3336 2372 3396 εὐσέϐεια,
2393 3335 2489 3388 καὶ
2516 3333 2689 3402 δῆμος
2708 3333 2881 3400 ἁγίων
2903 3331 3177 3403 ἔφθαρταί
3206 3349 3340 3397 πως,
3378 3332 3452 3403 μὴ
3485 3333 3672 3386 συνέν-

414 3427 545 3472 tem.
577 3420 816 3476 Proinde
866 3421 1047 3478 inanis
1084 3431 1169 3479 est
1204 3439 1292 3486 ea,
1327 3439 1450 3493 quae
1484 3423 1757 3479 hactenus
1801 3423 1993 3494 viguit,

2097 3446 2202 3483 των
2231 3427 2267 3482 ἃ
2291 3429 2550 3498 κηρύττει
2582 3426 2872 3495 Παλαμᾶς.
2900 3425 3016 3494 Τῆς
3047 3425 3246 3495 ἀνοχῆς
3263 3442 3377 3490 σου,
3405 3409 3602 3494 Χριστέ
3622 3424 3669 3476 ι.

411 3518 850 3573 οτιιιοάοιοιυιη
900 3520 1094 3590 religio
1121 3538 1134 3575 :
1165 3520 1386 3576 deletur
1418 3522 1536 3592 ipse
1582 3520 1990 3590 quodammodo

2097 3520 2270 3575 Ταῦτ’
2313 3514 2474 3572 εἷπε·
2509 3518 2607 3570 καὶ
2639 3519 2782 3574 πάνυ
2818 3515 3066 3588 σφοδρῶς
3101 3517 3446 3587 ἐπιτιμηθεὶς
3474 3515 3674 3584 ἐπτηξέ

409 3611 689 3665 exercitus
720 3621 1062 3678 sanctorum,
1095 3614 1189 3684 qui
1216 3629 1280 3668 ea
1308 3630 1430 3683 quae
1457 3614 1704 3668 Palamas
1736 3613 1996 3683 praedicat

2097 3630 2159 3666 τε
2199 3614 2295 3666 καὶ
2343 3610 2717 3680 σεσιώπηκεν.
2769 3609 3012 3661 ’Ἤκουσε
3069 3607 3198 3678 γὰρ,
3243 3608 3318 3678 μὴ
3375 3607 3591 3676 θεμιτὸν
3617 3608 3676 3658 ἐν

416 3717 526 3755 non
549 3703 952 3758 intellexerunt.
974 3683 1125 3758 Proh
1142 3704 1562 3765 tuam.Christe,
1587 3705 1903 3774 patientiam
1923 3705 1935 3758 ι
1969 3721 1990 3756 ι

2106 3705 2398 3778 βασιλείοις
2428 3699 2587 3765 εἶναι,
2616 3699 2916 3771 βασιλικοῖς
2948 3683 3109 3771 βουλή
3121 3701 3256 3768 μασί
3273 3717 3331 3753 τε
3358 3700 3450 3751 καὶ
3477 3698 3675 3768 δόγμα-

418 3793 514 3848 ιιιε
541 3794 724 3860 dictis,
761 3796 1082 3866 gravissime
1115 3807 1409 3867 correptus
1443 3806 1550 3858 est.
1583 3798 1996 3866 exterritusque

2106 3795 2544 3874 atvﬁvnléﬁw,
2579 3793 2638 3856 ὃς
2677 3793 2768 3846 τὸν
2799 3791 2856 3852 ἐς
2882 3791 2981 3862 τὴν
3028 3791 3326 3861 ὑστεραίαν
3354 3791 3502 3860 ἥλιον
3535 3789 3680 3843 dirra-

417 3888 716 3965 olnnutuit.
739 3888 1008 3943 Nimirum
1040 3889 1154 3945 hare
1177 3890 1254 3944 illi
1281 3905 1389 3945 vox
1413 3890 1627 3944 reddita
1652 3906 1666 3943 :
1697 3905 1807 3944 non
1836 3889 1996 3942 licere

2107 3890 2204 3959 θὴς
2234 3887 2536 3942 θεάσασθαι
2567 3885 2834 3956 βούλοιτο.
2887 3885 3000 3938 Καὶ
3055 3883 3268 3938 πολλῶν
3292 3883 3338 3936 δ’
3363 3883 3536 3938 ἄλλων
3576 3883 3681 3935 ἐπὶ

417 3979 492 4036 ei.
525 3979 618 4048 qui
647 3979 821 4066 solem
853 3988 1072 4050 postera
1100 3981 1512 4038 die-incolumis
1536 3982 1700 4037 vellet
1725 3981 1996 4052 aspicere,

2103 3978 2318 4041 τούτοις
2362 3979 2482 4031 ἐκεῖ
2534 3975 2883 4046 λαληθέντων
2916 3973 3151 4037 ἐκείνοις
3188 3972 3309 4025 κατ’
3338 3973 3521 4039 ἔφεσιν
3550 3973 3680 4041 ήγε-

419 4062 730 4140 priucipum
764 4073 1031 4129 voluntati
1063 4074 1412 4146 decretisque
1449 4075 1502 4130 in
1537 4075 1734 4131 mediis
1779 4073 1996 4146 palatiis

2107 4070 2358 4141 μονικὴν,
2380 4069 2406 4120 ὁ
2443 4065 2702 4134 σύλλογος
2749 4063 3012 4132 διελύετο,
3044 4063 3325 4134 τριταίους
3353 4062 3512 4126 αὖθις
3547 4079 3682 4131 προ-

416 4162 705 4231 relragari.
733 4163 868 4219 Cum
901 4175 1085 4221 autem
1115 4177 1170 4221 et
1194 4168 1300 4222 alia
1330 4168 1502 4223 multa
1530 4169 1734 4226 ibidem
1767 4171 1835 4224 ab
1863 4169 1996 4234 illis,

418 4263 582 4322 prout
618 4256 850 4325 principi
886 4257 1294 4336 libebat,.dicta
1341 4269 1548 4328 essent,
1579 4261 1881 4317 concilium
1914 4261 1997 4315 di-

2105 4161 2337 4232 σταχθὲν
2364 4163 2422 4224 ἐς
2450 4159 2550 4228 τὴν
2603 4157 2796 4228 ὁμοίαν
2846 4158 3157 4226 ἐκκλησίαν·
3175 4157 3284 4211 δεῖν
3332 4155 3684 4226 ἀθροισθῆναι

2101 4257 2275 4327 ἡμᾶς.
2328 4253 2472 4306 Ἀλλ’
2505 4252 2685 4305 ἐκεῖνο
2723 4247 2922 4320 μικροῦ
2960 4266 3028 4318 με
3063 4249 3406 4318 παρέδραμε.

421 4345 648 4399 missum
677 4355 763 4401 est
790 4362 853 4404 ea
869 4347 1020 4437 lege,
1045 4360 1106 4404 ut
1127 4339 1320 4406 triduo
1349 4361 1474 4421 post
1501 4351 1568 4407 ad
1599 4352 1838 4410 similem
1864 4349 2190 4407 concionem
2213 4359 2407 4400 rursus
2466 4341 2752 4398 convocati
2807 4338 3148 4394 adessemus.
3208 4335 3317 4392 Sed
3383 4335 3512 4390 illud
3546 4345 3684 4404 pene

421 4458 510 4498 me
542 4446 826 4513 praeteriit.

494 4537 584 4593 IV.
623 4541 764 4595 Ante
799 4541 946 4596 solis
962 4555 1218 4598 occasum
1262 4543 1468 4597 sensim
1502 4555 1558 4600 et
1587 4545 1851 4614 paulatim
1881 4544 1996 4614 ple-

2175 4539 2248 4595 Δ’.
2284 4539 2423 4607 Πρὶν
2453 4535 2562 4607 γὰρ
2581 4533 2863 4589 δεδυκέναι
2888 4531 2981 4586 τδν
3012 4531 3183 4603 ἥλιον,
3211 4530 3396 4601 ἠρέμα
3443 4529 3537 4584 καὶ
3565 4529 3683 4584 κατ’

419 4628 557 4691 beii.
593 4637 709 4686 tum
755 4641 877 4701 post
911 4648 1007 4688 eos
1057 4643 1114 4688 et
1154 4633 1318 4690 simul
1359 4649 1484 4689 cum
1523 4635 1657 4706 ipsis
1697 4636 1804 4692 viri
1836 4637 2010 4692 totius

417 4723 664 4778 civitatis
703 4724 1112 4794 spectatissimi,
1157 4725 1274 4780 bini
1327 4726 1579 4796 ternique
1623 4728 1762 4783 clam
1807 4727 2008 4799 elapsi,

419 4813 651 4868 domum
685 4829 744 4869 se
795 4825 1147 4884 receperunt.
1181 4816 1242 4872 lli
1277 4819 1615 4874 transeundo
1657 4834 1722 4876 ac
1765 4821 2010 4878 circum-

417 4905 630 4971 eundo,
661 4905 831 4976 978
858 4923 981 4976 quae
1012 4908 1264 4964 viderant
1292 4919 1347 4966 ct
1374 4927 1497 4982 qua:
1523 4911 1833 4979 audierant,
1857 4914 2008 4968 clatra

427 5010 563 5060 voce
593 4997 942 5053 nuntiabant.
985 4998 1076 5054 Sic
1117 5001 1271 5057 brevi
1326 5013 1574 5074 tempore
1623 5018 1786 5058 aures
1837 5004 2011 5058 totius

429 5086 589 5140 urbis
620 5089 878 5156 pervasit,
915 5100 970 5143 et
1001 5094 1375 5160 spectaculum
1402 5094 1685 5164 publicum
1715 5093 1842 5157 luit,
1869 5096 2027 5154 victi.

431 5175 666 5232 Palamae
703 5185 758 5233 et
807 5189 1140 5235 sectatorum
1187 5185 1308 5254 ejus
1341 5184 1680 5256 ignominia:
1717 5193 1833 5240 tum
1871 5201 2008 5255 quas

424 5268 506 5322 ob
535 5285 728 5324 causas
754 5271 933 5326 victus
958 5285 1022 5327 ac
1054 5274 1263 5343 pudore
1291 5277 1556 5331 confusus
1588 5276 1804 5342 fuisset,
1835 5276 2036 5336 divul-.

428 5370 618 5428 gntum
648 5373 750 5418 est.
783 5361 969 5433 Itaque
995 5359 1249 5421 doinibus
1270 5368 1611 5430 exsilientes,
1642 5377 1701 5423 ut
1722 5369 1838 5424 fors
1862 5369 2008 5434 tulit,

429 5451 633 5527 singuli
667 5459 896 5513 confuso
926 5459 1143 5527 ordine,
1173 5463 1298 5527 viri,
1332 5463 1613 5527 mulieres,
1646 5463 1826 5533 pueri,
1859 5463 2040 5536 vicos,

2113 4633 2330 4703 ὀλίγους
2374 4633 2402 4684 ό
2429 4627 2600 4700 δῆμός
2632 4645 2692 4681 τε
2728 4626 3040 4696 ὑπεξῄεσαν
3071 4624 3162 4678 καὶ
3211 4623 3329 4693 ἅμα
3357 4623 3451 4675 ἐπὶ
3479 4625 3686 4684 τούτοις

2116 4730 2212 4783 καὶ
2237 4727 2334 4780 σὺν
2358 4722 2592 4789 τούτοις,
2623 4721 2750 4774 ὅσον
2773 4720 2874 4789 τῆς
2910 4719 3121 4780 πόλεως
3156 4715 3281 4788 ὄψις
3309 4715 3541 4811 ὑπῆρχε,
3566 4713 3685 4768 σύν-

2115 4822 2212 4876 δυο
2239 4819 2344 4900 καξ
2359 4815 2611 4886 σύντρεις
2648 4812 2957 4884 λεληθότως
3009 4809 3345 4875 ὑπεξιόντες,
3382 4806 3686 4900 ἀνεχώρουν

2116 4895 2336 4984 οἴκαδεῖ
2367 4910 2418 4965 οἳ
2450 4910 2517 4982 δὴ
2548 4908 2641 4962 καὶ
2672 4909 2843 4978 τρανῇ
2892 4907 2958 4976 τῇ
3015 4903 3191 4973 φωνῇ,
3236 4901 3461 4962 διιόντες
3508 4916 3565 4952 τε
3593 4895 3687 4950 καὶ

2117 5004 2443 5074 περιιόντες,
2495 4999 2799 5070 ἐκήρυττον
2839 4995 2877 5051 ἃ.
2905 4995 2955 5050 τ’
2983 4990 3123 5048 εἶδον
3153 4993 3189 5046 ἆ
3214 4994 3262 5045 τ’
3290 4993 3560 5063 ηκουσανο
3612 4987 3686 5050 ὡς

2117 5093 2392 5164 ἀκουστὴν
2427 5093 2486 5146 ὲν
2537 5091 2732 5163 βραχεῖ
2768 5089 2862 5142 καὶ
2907 5086 3206 5156 θεατρικὴν
3252 5083 3505 5152 γενέσθαι
3539 5081 3686 5151 πασῃ

2117 5188 2182 5256 τῇ
2216 5185 2369 5238 πόλει
2399 5182 2500 5254 τὴν
2546 5183 2667 5251 μετ’
2697 5178 2962 5248 αἰσχύνης
2990 5171 3162 5244 ἧτταν
3191 5173 3282 5228 τοῦ
3314 5173 3566 5242 Παλαμᾶ,
3594 5172 3687 5225 καὶ

2120 5277 2317 5340 οἵτινες
2353 5269 2465 5328 εἶεν
2484 5273 2732 5344 ὁμόδοξοι
2753 5271 2972 5334 τουτωῒ,
2999 5271 3096 5324 καὶ
3123 5267 3241 5335 ἅμα
3267 5266 3366 5328 τὰς
3396 5265 3594 5328 αἰτίας,
3621 5259 3690 5316 δι’

2121 5363 2188 5428 ἃς
2214 5365 2422 5438 ἡττήθη
2451 5381 2511 5417 τε
2539 5364 2636 5418 καὶ
2658 5345 2927 5435 ᾑσχύνὋη.
2957 5360 3122 5412 Ὅθεν
3137 5357 3247 5411 τῶν
3272 5356 3457 5409 οἰκιῶν
3478 5355 3688 5407 ἐκθέον-

2123 5476 2239 5523 τες,
2275 5458 2350 5522 ὼς
2387 5458 2581 5528 ἔτυχον
2629 5455 2878 5519 ἕκαστοι,
2909 5451 3117 5522 φύρδην
3139 5449 3335 5512 εἰπεῖν,
3365 5447 3575 5517 ἄνδρες,
3598 5463 3691 5513 γυ-

432 5557 493 5599 et
542 5551 776 5621 compita
827 5551 1165 5622 frequentes,
1216 5555 1350 5620 rari,
1403 5555 1912 5636 promiscuikinter
1954 5571 1996 5610 St

2125 5553 2338 5617 ναῖκες,
2379 5547 2517 5621 ὁμοῦ
2556 5547 2652 5602 καὶ
2685 5545 2869 5615 παισὶ,
2927 5544 3026 5607 τάς
3064 5558 3124 5598 τε
3161 5538 3430 5612 παρόδους
3463 5536 3558 5592 καὶ
3594 5535 3691 5599 τὰς

1783 5671 2118 5735 Vat-ierunt
2149 5676 2338 5731 noue.

513 5797 632 5868 (Ἦ)
666 5799 722 5854 lu
757 5799 994 5856 concilio
1043 5812 1232 5859 contra
1265 5804 1618 5861 Barlaamum
1651 5783 1861 5860 habito.
1910 5803 2127 5860 Doms.
