4002 6446
331 274 473 402 Elii
634 350 660 373 ι
712 333 787 405 [Α.
824 348 878 389 c.
920 328 1083 404 135i]

1336 336 1782 399 BYZANTIN‘E
1825 336 2213 398 HISTORIA!
2257 338 2407 397 LIB.
2450 337 2579 400 XX.

2709 327 2842 402 [ηιρ.
2886 343 2929 383 ι.
2958 342 3256 386 casnccz.
3295 328 3351 403 5]
3465 333 3602 398 ηερ

324 448 575 525 τριόδους
609 452 799 522 συχνοὶ
827 452 925 506 καὶ
962 451 1243 524 σποράδην
1274 451 1373 505 καὶ
1402 448 1607 521 ἀναμὶξ
1627 452 1915 520 διελάγχα-

2021 452 2425 523 partiebantur,
2449 463 2506 510 et
2535 454 2627 510 alii
2651 455 2777 509 aliis
2806 454 3051 509 vicorum
3074 451 3330 523 partibus
3353 451 3601 516 insessis,

319 560 433 610 νον,
465 542 616 597 ἄλλοι
653 542 775 598 κατ’
802 541 943 598 ἄλλα
986 543 1132 615 μέρη
1171 542 1284 596 τῶν
1309 543 1445 598 ὁδῶν
1496 545 1910 615 συνιστάμενοι,

320 637 417 690 καὶ
452 634 855 699 ἐποπτεύοντες
878 638 974 692 καὶ
1008 635 1411 707 ἀνερευνῶντες
1437 635 1589 700 ὅστις
1617 637 1706 708 εἴη
1739 626 1914 691 δ’Πα-

319 728 541 799 λαμᾶς,’
566 728 846 798 ἐφιέμενοι
895 729 1023 793 τοὺς
1052 728 1278 793 ὀδόντας
1319 728 1567 797 ὲμπῆξαι
1601 728 1679 800 τῷ
1718 729 1911 783 ταλαι-

321 821 494 893 πώρῳ
513 821 649 893 (98),
676 823 759 876 ὅτι
790 823 859 876 τά
894 822 1101 894 πάτρια
1125 822 1228 893 τῆς
1275 820 1370 876 τοῦ
1407 820 1545 876 Θεοῦ
1573 820 1914 894 Ἑκκλησίας

321 914 618 969 καταλύειν
651 913 873 985 τολμῴη
915 915 1167 984 δόγματα
1188 928 1202 945 ⁸
1241 913 1336 967 καὶ
1372 912 1488 986 ἅμα
1520 917 1736 986 συχνοῖς
1781 916 1914 968 ἀνα-

321 1004 379 1057 θέ
389 1022 523 1074 μασι
547 1005 983 1073 καθυπέϐαλλον,
1014 1005 1205 1077 ῶσπερ
1227 1006 1337 1060 ἀπὸ
1358 1005 1703 1076 συνθήματος
1734 1006 1913 1061 ᾶπανο

319 1088 453 1162 τεςῖ
485 1098 560 1163 ὡς
589 1100 817 1167 ἐκεῖνον,
849 1099 1109 1154 δείσαντα
1155 1100 1234 1172 μὴ
1260 1101 1649 1172 διασπαραχθῇ
1676 1118 1742 1154 πε
1753 1094 1915 1170 ριίφα-

322 1189 429 1254 νῶς
462 1191 686 1259 οὑτωσὶ,
718 1190 1057 1260 συσταλῆναι
1107 1208 1169 1245 τε
1218 1192 1319 1263 τὴν
1347 1192 1611 1264 ταχίστην
1645 1194 1741 1248 καὶ
1776 1195 1915 1248 ἀποο

322 1281 659 1353 κρύψασθαι.
713 1282 837 1337 Τῶν
870 1283 916 1337 δ’
955 1283 1156 1350 ἀλλων,
1219 1284 1367 1348 ὅστις
1412 1284 1689 1353 ἔγνωσται
1725 1285 1915 1357 σαφῶς

322 1377 421 1442 τῆς
451 1376 665 1429 ἐκείνου
697 1375 932 1446 φατρίας
962 1375 1059 1443 ῶν,
1089 1375 1261 1446 χωρὶς
1289 1375 1513 1445 πληγῶν
1540 1377 1715 1442 οὐδεὶς
1739 1377 1918 1448 ἀπηλ-

321 1466 568 1535 λάττετο,
627 1466 770 1539 πλὴν
820 1468 969 1530 ὅστις
1022 1468 1315 1539 ὑπόκρισιν
1371 1469 1562 1539 ἑτέρου
1614 1470 1913 1539 προσώπου

320 1559 615 1630 λαμϐάνων
660 1560 864 1629 ὁμοίως
902 1563 1015 1624 τοῖς
1045 1562 1228 1625 ἄλλοις
1287 1561 1597 1631 ἀναθέματι
1626 1564 1723 1617 καὶ
1752 1564 1915 1634 ἀραῖς

323 1654 592 1724 Παλαμᾶν
634 1654 729 1707 καὶ
767 1654 929 1721 αὐτὸς
959 1654 1365 1709 καθυπέϐαλλε.
1401 1655 1514 1708 Καὶ
1542 1654 1644 1726 μὲν
1673 1656 1736 1723 δὴ
1774 1673 1913 1710 κατ-

278 1734 289 1739 ’
320 1732 457 1798 dum]
503 1744 649 1814 ἡμᾶς
676 1745 932 1809 ἐπιόντας
984 1748 1099 1809 τοῖς
1130 1744 1324 1816 ὕμνοις
1376 1745 1669 1817 ἑγέραιρόν
1710 1763 1772 1799 τε
1819 1746 1915 1800 καὶ

2021 1757 2128 1812 que
2156 1740 2396 1796 athletas
2427 1756 2492 1796 ac
2518 1753 2978 1812 propugnatores,
3013 1748 3181 1810 atque
3218 1748 3279 1795 ιιι
3303 1742 3471 1795 vitam
3502 1756 3609 1809 pro
3718 1732 3729 1740 ’

321 1836 673 1906 ἐστεφάνουν,
729 1837 805 1902 ὡς
853 1841 956 1910 τῆς
986 1839 1217 1910 πατρίου
1278 1838 1436 1909 δόξης
1496 1841 1588 1893 καὶ
1631 1840 1913 1904 εὐσεϐείας

321 1930 564 2001 ἀθλητάς
584 1931 679 1985 καὶ
705 1930 1005 2001 προϐόλους
1034 1932 1127 1984 καὶ
1151 1932 1327 2003 ῥᾷστα
1353 1931 1418 2003 δὴ
1447 1932 1507 1985 τὸ
1527 1932 1631 2003 ζῇν
1661 1931 1913 2001 ἑτοίμους

321 2022 611 2093 προΐεσθαι
640 2022 916 2094 λαμπρῶς
965 2024 1105 2093 ὑπὲρ
1141 2023 1253 2077 τῶν
1286 2024 1559 2095 κειμένων
1581 2024 1790 2079 ἄνωθεν
1815 2025 1914 2095 τῆς

318 2112 412 2168 τοῦ
440 2111 578 2166 Θεοῦ
612 2112 944 2183 Ἐκκλησίας
974 2113 1284 2183 δογμάτων.
1598 2160 1605 2163 τ

391 2202 468 2257 E'.
491 2204 602 2257 Καὶ
644 2204 673 2257 ό
725 2203 829 2273 μὲν
857 2203 959 2274 τῆς
1001 2203 1230 2299 πρώτης
1260 2205 1395 2275 ἡμῖν
1428 2205 1646 2276 ἡμέρας
1693 2206 1913 2279 ἐκείνης

319 2294 488 2361 πλοῦς
523 2295 668 2350 οὕτω
700 2296 884 2361 καλῶς
917 2297 1012 2350 καὶ
1040 2297 1139 2351 σὺν
1163 2294 1440 2371 ἀσφαλείᾳ
1468 2298 1779 2370 διήνυσται,
1813 2302 1913 2372 τῆς

318 2388 413 2442 τοῦ
438 2387 575 2443 Θεοῦ
605 2384 788 2453 δεξιᾶς
817 2389 1170 2462 οἰακιζούσης
1185 2391 1284 2463 τὴν
1316 2392 1427 2446 τῶν
1450 2393 1743 2463 ἡμετέρων
1770 2394 1916 2464 ἀγώ-

319 2496 428 2534 νων
463 2481 665 2534 ὁλκάδα
690 2482 787 2536 καὶ
822 2482 975 2552 κῦμα
1011 2483 1121 2535 πᾶν
1174 2481 1490 2537 ἀντιϐαἰνον
1520 2484 1757 2554 ἰσχυρῶς
1780 2485 1915 2538 ἀπο-

322 2575 688 2646 τρεπομένης.
723 2574 955 2637 Πολλαίς
991 2576 1102 2647 γὰρ
1123 2575 1417 2647 χειμώνων
1440 2579 1781 2642 ἀντιπνοίαις
1813 2596 1915 2632 πε-

325 2669 662 2741 ριτυχόντες,
694 2669 1036 2740 ἀρχοντικῶν
1061 2685 1123 2723 τε
1144 2669 1241 2725 καὶ
1271 2670 1638 2741 ἡγεμονικῶν,
1688 2671 1913 2736 πολλαῖς

320 2762 366 2816 δ’
424 2762 851 2832 ἐμπεπτωκότες
906 2762 1183 2834 πειρατῶν
1246 2762 1333 2835 [Ρ.
1389 2761 1520 2835 615]
1551 2765 1730 2818 εἰπεῖν
1782 2766 1911 2833 ἑφε-

319 2855 550 2926 δρείαις,
574 2855 989 2927 πρεσϐυτέρων,
1009 2854 1331 2910 δπισκόπων
1379 2872 1439 2909 τε
1471 2856 1565 2923 καὶ
1593 2855 1702 2910 τῶν
1734 2857 1915 2910 τοιού-

316 2964 430 3002 των
486 2947 583 3019 (ίῶ
611 2949 725 3020 γάρ
758 2949 869 3002 τῶν
896 2965 962 3018 γε
1014 2948 1522 3020 παραϐομϐούντων
1568 2949 1820 3003 κολάκων
1852 2948 1912 3002 τὸ

318 3041 547 3113 πλῆθος)
576 3040 951 3114 ὐπερέσχομεν
995 3039 1093 3108 ξύν
1140 3058 1204 3109 γε
1230 3041 1373 3113 Θεῷ,
1407 3040 1655 3096 κινδύνου
1710 3042 1911 3107 παντὸς

315 3120 824 3194 καταπεπλευκότες
851 3131 1161 3203 ὑπέρτεροι.
1190 3130 1255 3184 Εί
1280 3130 1339 3184 δὲ
1374 3129 1450 3202 μὴ
1482 3131 1578 3185 καὶ
1603 3131 1730 3194 τούς
1756 3129 1910 3186 ἀνθι-

319 3222 623 3294 σταμένους
654 3222 942 3277 αἰσθέσθαι
970 3212 1340 3294 πεπείκαμεν,
1375 3222 1472 3276 καὶ
1490 3221 1790 3293 ἀνανῆψαι,
1815 3239 1917 3277 κα-

318 3314 495 3387 θάπερ
523 3315 589 3370 ἑκ
617 3315 789 3386 μέθης
823 3315 1089 3386 μεγάλης,
1108 3318 1208 3386 τῆς
1248 3313 1479 3387 πλάνης,
1525 3315 1709 3370 καινὸν
1738 3315 1914 3371 οὐδέν.

316 3409 517 3481 Κύριοι
561 3409 674 3480 γὰρ
723 3411 887 3480 ἡμεῖς
921 3408 1037 3481 (99)
1066 3408 1128 3462 οὐ
1157 3409 1257 3478 τῆς
1295 3408 1406 3463 τῶν
1432 3408 1736 3479 ἀλλοτρίων
1769 3407 1916 3478 γνῶ·

321 3518 451 3573 μης,
488 3501 627 3556 ἀλλά
650 3501 750 3571 τῆς
776 3503 914 3574 πρὸς
945 3501 1007 3555 τὸ
1033 3500 1130 3555 τοῦ
1181 3500 1351 3574 ζήλου
1397 3502 1564 3556 καλὸν
1597 3502 1776 3573 ὁρμῆς
1821 3501 1918 3555 καὶ

316 3596 426 3651 τῶν
452 3596 594 3667 ὑπὲρ
615 3596 713 3667 τῆς
743 3595 1003 3668 ἀληθείας
1041 3595 1218 3666 λόγων
1235 3610 1253 3629 ο
1286 3595 1398 3650 τῶν
1419 3596 1465 3649 δ’
1498 3594 1755 3650 ἐντεῦθεν
1779 3594 1918 3650 ἀπο-

317 3686 661 3753 ϐαινόντων,
723 3687 865 3758 μόνη
915 3684 1175 3754 καθάπαξ
1220 3687 1257 3757 ἡ
1302 3685 1705 3740 δυναστεύουσα
1734 3685 1916 3755 κρίσις
1965 3715 1968 3719 ~

314 3776 437 3853 ἅμα
479 3782 574 3835 καὶ
594 3780 741 3852 χείρ.
764 3778 986 3851 Ταύτην
1013 3780 1059 3833 δ’
1081 3781 1162 3844 εἰς
1195 3778 1492 3833 ἀντίπαλον
1521 3779 1622 3849 τῆς
1653 3778 1915 3848 ἀληθείας

320 3875 520 3944 μοῖραν
547 3871 964 3944 ἀπορραγεῖσαν
1008 3870 1339 3942 ὁλοσχερῶς,
1373 3871 1469 3923 καὶ
1499 3869 1579 3941 τῷ
1611 3866 1795 3941 χρόνῳ
1820 3868 1912 3939 βε-

319 3965 667 4031 ϐαιωθεῖσαν,
722 3963 954 4034 σιδηρᾶν
1006 3979 1131 4017 τινα
1162 3965 1507 4035 καταστῆναι
1539 3963 1915 4035 ξυμπέπτωκε

318 4057 414 4109 καὶ
442 4054 842 4125 άνεπίστροφον
862 4054 1000 4118 ὅλως
1034 4055 1115 4118 είς
1136 4055 1237 4123 τὴν
1262 4055 1357 4108 τοῦ
1388 4056 1697 4125 κρείττονος
1727 4056 1911 4124 φύσιν.

319 4149 397 4202 Οὐ
438 4151 549 4220 γὰρ
575 4146 929 4219 δικαιοσύνης
960 4148 1217 4222 ἄσκησις,
1269 4148 1382 4203 οὐδ’
1410 4150 1724 4221 ἐπιστήμης
1755 4147 1919 4203 κανό-

318 4256 432 4307 νες,
489 4240 901 4311 ἀνεχάλκευσάν
950 4257 1010 4294 τε
1065 4242 1162 4293 καὶ
1202 4239 1378 4305 οὕτως
1429 4243 1914 4313 ἑσφυρηλάτησαν,

317 4334 433 4389 ἀλλ’
480 4332 722 4404 ἔριννύες
753 4333 1150 4404 κακοδαίμονες
1194 4332 1290 4388 καὶ⁸
1342 4334 1596 4405 πονηρῶν
1643 4335 1915 4405 Τελχίνων

320 4423 526 4486 θίασος.
559 4423 640 4479 Τὰ
672 4425 774 4495 μὲν
797 4424 908 4497 γὰρ
938 4425 1050 4479 ἀπὸ
1082 4426 1298 4489 δικαίας
1319 4426 1601 4497 ἀρχόμενα
1636 4426 1792 4499 ῥίζης
1818 4429 1916 4482 καὶ

2015 546 2272 614 quisnam
2313 554 2463 601 esset
2509 546 2600 602 ille
2632 547 2882 602 Palamas
2911 544 3274 616 explorabant
3301 553 3358 598 et
3384 546 3601 599 curiose

2014 634 2443 707 investigabant,
2475 622 2642 708 atque
2689 637 2767 692 illi
2818 636 3049 701 infelici,
3087 636 3235 706 quod
3271 645 3474 691 saneta:
3504 635 3597 689 Dei

2015 726 2276 783 Ecclesiae
2321 728 2802 800 patriaxdogmata
2843 727 3159 783 rescindere
3190 727 3437 791 auderet,
3465 727 3603 781 den-

2017 829 2128 875 tem
2185 820 2452 877 infestum
2513 821 2742 892 infigere
2802 820 3103 893 cupiebant
3156 838 3170 875 :
3231 821 3601 889 eumdemqne

2016 927 2231 979 omnes,
2260 912 2411 968 velut
2457 912 2525 969 de
2570 923 2877 984 compacto,
2919 912 3371 976 exsecrabantur,
3403 911 3603 966 multo-

2015 1020 2127 1076 que
2156 1014 2214 1061 et
2243 1006 2443 1062 crebro
2473 1008 2824 1064 anathemate
2866 1005 3262 1078 percellebant.
3295 1002 3453 1059 Unde
3487 1004 3600 1065 ille,

2015 1097 2232 1153 veritus
2285 1114 2355 1154 ne
2398 1099 2480 1154 sic
2528 1098 2706 1169 palam
2738 1098 3172 1168 discerperetur,
3205 1096 3493 1151 celerrime
3542 1110 3602 1149 se

2017 1186 2285 1242 subduxit
2325 1196 2382 1242 et
2428 1187 2696 1243 occuluit.
2750 1186 3114 1253 Caeterorum,
3165 1201 3306 1257 quos
3365 1186 3434 1241 de
3480 1186 3603 1255 ejus

2017 1279 2278 1336 sodalitio
2325 1295 2449 1335 esse
2497 1279 2773 1348 constitit,
2823 1279 3108 1350 plagarum
3162 1293 3360 1348 expers
3417 1277 3605 1332 nullus

2016 1372 2232 1445 effugit.
2280 1374 2385 1429 nisi
2427 1374 2546 1445 qui,
2594 1388 2833 1445 persona
2888 1373 2995 1428 alia
3047 1387 3147 1443 per
3193 1371 3601 1427 simulationem

2017 1465 2236 1534 induta,
2284 1466 2559 1522 Palamam
2615 1467 2733 1537 ipse
2782 1481 3004 1536 quoque
3052 1464 3291 1520 aliorum
3354 1462 3604 1531 exemplo

2016 1556 2333 1614 devovisset
2362 1568 2421 1614 et
2459 1558 2752 1613 anathema
2795 1573 2919 1613 esse
2945 1557 3226 1628 jussisset.
3253 1556 3325 1611 At
3355 1568 3476 1616 nos.
3507 1553 3605 1623 qui

2019 1663 2165 1720 pone
2193 1648 2589 1719 sequebamur,
2625 1658 2885 1720 tanquam
2928 1649 3093 1720 patrii
3129 1649 3406 1720 dogmatis
3451 1648 3610 1703 ﬁdei-

2021 1834 2249 1905 antiqua
2280 1833 2539 1889 Ecclesia:
2580 1833 2676 1888 Dei
2711 1834 2965 1889 doctrina
3005 1833 3294 1889 effundere
3322 1833 3609 1905 paratissi-

2022 1944 2161 1997 mos,
2201 1926 2463 1984 laudibus
2492 1927 2993 1983 remunerabantur
3017 1936 3073 1982 et
3100 1926 3463 1983 coronabant.

2416 2104 2433 2134 \

2092 2221 2158 2278 Ἴ.
2192 2220 2272 2276 Ila
2297 2218 2461 2291 primi
2493 2218 2645 2275 illius
2666 2217 2777 2275 diei
2800 2231 3025 2274 cursum
3046 2228 3375 2286 prosperum
3396 2212 3611 2273 etinof—

2023 2314 2240 2371 fensnm
2297 2312 2633 2383 peregimus,
2682 2323 2930 2367 nostram
2979 2309 3035 2364 in
3092 2307 3160 2363 iis
3207 2307 3608 2361 certaminibus

2023 2407 2206 2463 navim
2251 2406 2343 2461 Dei
2383 2420 2549 2460 manu
2580 2404 2946 2477 gubernante,
2992 2411 3051 2458 ct
3094 2400 3297 2461 ﬂuctus
3331 2415 3613 2471 quoscun-

2021 2515 2131 2570 que
2173 2497 2344 2570 979
2390 2498 2679 2570 oppositos
2722 2496 2944 2552 fortiter
2986 2494 3323 2565 depellente.
3365 2492 3640 2548 Tametsi

2021 2591 2169 2646 enim
2210 2593 2397 2646 multa:
2444 2591 2604 2646 nobis
2653 2590 2910 2665 procella
2954 2604 2987 2644 a
3034 2587 3381 2658 principibus
3428 2598 3486 2642 et
3536 2588 3612 2641 ab

2025 2682 2379 2754 imperatore,
2411 2684 2591 2739 ventis
2622 2681 2781 2753 quasi
2814 2681 3160 2745 reﬂantibus,
3189 2680 3421 2750 objecta:
3449 2691 3606 2741 sunt,

2021 2781 2189 2843 atque
2214 2773 2269 2827 in
2300 2772 2523 2837 multas,
2561 2782 2622 2828 ut
2655 2772 2733 2827 ita
2773 2772 2978 2836 dicam,
3017 2770 3340 2841 praedonum
3378 2770 3613 2826 insidias

2022 2864 2378 2931 incurrimus,
2408 2855 2863 2937 presbyterorum
2910 2864 3056 2927 dico.
3102 2876 3160 2920 et
3195 2867 3610 2937 episcoporum,

2019 2959 2367 3029 aliorumque
2389 2958 2664 3031 ejusmodi
2692 2957 2913 3025 (omitto
2935 2957 3334 3027 astrepentinm
3360 2958 3612 3012 adulato-

2022 3067 2146 3107 rum
2198 3049 2471 3123 turbam);
2527 3059 2732 3117 tamen,
2778 3050 2892 3105 Deo
2937 3050 3190 3120 juvante,
3239 3064 3307 3104 ex
3349 3051 3613 3104 omnibus

1940 3173 1986 3236 ρ
2021 3143 2287 3223 periculis
2324 3142 2678 3236 emersimus,
2720 3151 2781 3199 σι
2825 3143 3058 3236 appulsa
3103 3142 3172 3197 ad
3216 3155 3432 3236 portum
3483 3143 3611 3198 navi

2020 3236 2337 3307 superiores
2365 3235 2670 3291 evasimus.
2698 3235 2857 3303 Quod
2889 3235 2935 3290 si
2970 3234 3304 3291 adversariis
3331 3251 3441 3291 non
3481 3249 3613 3305 per-

2019 3328 2315 3396 suasimus,
2349 3327 2432 3383 sic
2461 3336 2523 3382 ut
2560 3341 2785 3383 sensum
2815 3327 3153 3397 acciperent,
3191 3338 3247 3382 et
3280 3341 3347 3381 ex
3397 3343 3610 3387 errore.

2022 3430 2283 3491 tanquam
2313 3434 2382 3475 ex
2409 3433 2606 3489 magna
2631 3418 2923 3484 ebrietate,
2960 3417 3029 3473 ad
3064 3417 3282 3507 bonam‘
3304 3416 3518 3490 frugem
3552 3433 3613 3473 se

2019 3510 2355 3591 reciperent,
2383 3510 2520 3564 nihil
2548 3508 2774 3564 mirum.
2808 3508 3024 3580 Quippe
3057 3524 3232 3579 penes
3260 3524 3363 3565 nos
3382 3519 3472 3583 est
3499 3525 3608 3564 non

2017 3605 2275 3660 voluntas
2304 3603 2593 3659 hominum
2622 3602 3038 3671 dissidentium,
3064 3602 3162 3658 sed
3188 3604 3311 3673 ejus
3335 3618 3458 3674 qua:
3491 3604 3612 3658 zelo

2022 3696 2167 3753 inest
2191 3696 2370 3751 laudis
2400 3696 2649 3751 studium
2675 3706 2731 3751 et
2752 3696 3043 3751 veritatem
3070 3695 3364 3750 defensura
3394 3699 3571 3751 oratio
3595 3712 3611 3754 :

2019 3797 2258 3842 eventus
2296 3780 2482 3842 autem
2518 3803 2585 3842 ex
2628 3787 2840 3859 judicio
2866 3797 2924 3842 et
2953 3803 3121 3843 manu
3172 3788 3444 3858 principis
3479 3804 3617 3858 prae-

2020 3887 2249 3948 potente
2269 3878 2497 3934 omnino
2526 3878 2794 3949 pendent.
2821 3878 2994 3932 Porro
3017 3894 3051 3934 a
3080 3878 3329 3933 veritatis
3356 3879 3619 3951 partibus

2019 3973 2247 4026 avulsus
2280 3971 2394 4036 ille,
2427 3979 2486 4027 et
2506 3972 2753 4027 adversae
2784 3969 3012 4026 factioni
3051 3969 3329 4037 addictus,
3354 3973 3435 4026 sic
3476 3982 3617 4026 tem-

2018 4076 2154 4132 pore
2183 4061 2515 4116 obfirmatus
2550 4070 2658 4128 est,
2685 4071 2746 4117 ut
2776 4060 2990 4116 ferreus
3030 4060 3441 4132 quodammodo
3487 4078 3617 4118 eva-

2017 4154 2176 4221 serit,
2207 4162 2260 4208 et
2290 4153 2358 4207 ad
2394 4154 2595 4208 melius
2627 4154 2939 4209 institutum
2983 4161 3309 4208 convertere
3347 4168 3407 4208 se
3441 4154 3618 4208 haud-

2019 4263 2295 4319 quaquam
2328 4254 2507 4302 curct.
2547 4246 2739 4318 Neque
2783 4246 2933 4301 enim
2972 4259 3099 4301 eum
3143 4246 3419 4316 aequitatis
3471 4247 3613 4300 ratio

2018 4341 2325 4412 explorata,
2370 4348 2469 4394 aut
2511 4340 2697 4410 aliqua
2739 4339 2993 4405 scientiae
3040 4340 3249 4409 regula,
3289 4341 3386 4394 sed
3434 4340 3615 4395 Furiae

2020 4433 2292 4496 infelices,
2326 4431 2681 4487 etmalorum
2716 4435 3006 4503 geniorum
3047 4433 3283 4497 thiasus,
3329 4435 3492 4486 talem
3525 4449 3614 4486 re-

281 4524 287 4529 ”
319 4519 599 4589 εὐπαγοῦς
650 4519 1030 4592 μονιμώτερον
1061 4524 1157 4576 καὶ
1202 4521 1264 4574 τὸ
1294 4521 1456 4586 ἄνθος
1490 4520 1777 4590 φυλάττει,
1825 4526 1915 4576 καὶ

2024 4524 2354 4590 conﬂarunt,
2402 4533 2459 4578 et
2504 4524 2656 4578 velut
2705 4524 3024 4578 malleatum
3077 4523 3428 4578 indurarunt.
3483 4525 3615 4589 Quae

318 4612 382 4665 οὐ
414 4614 590 4684 ῥᾷστα
617 4612 1024 4685 θορυϐούμενον
1053 4613 1145 4684 ὐφ’
1165 4613 1397 4684 ἡλιακοῦ
1434 4630 1578 4676 τινος
1609 4615 1876 4678 καύσονος
1900 4630 1916 4646 ο

321 4707 393 4760 τὰ
419 4706 462 4758 δ’
498 4707 702 4777 ἀσθενῆ
731 4709 830 4761 καὶ
860 4708 1123 4778 ἀδόκιμον
1151 4707 1343 4778 ἔχοντα
1363 4704 1457 4760 τοῦ
1487 4707 1653 4760 καλοῦ
1688 4708 1788 4779 τὴν
1817 4711 1922 4779 ἀρα

320 4800 425 4870 χὴν
452 4802 510 4853 ὲν
542 4799 688 4871 μέσῃ
705 4804 771 4872 τῇ
805 4801 1088 4871 ἀναδρομῇ
1121 4802 1532 4872 μαραινομένην
1550 4803 1630 4877 ⁴ὡς
1655 4819 1684 4854 τ
1701 4820 1724 4854 1
1748 4802 1920 4854 πολλὰ

321 4894 421 4962 τὴν
449 4891 551 4959 τῆς
596 4894 797 4962 ἀρετῆς
842 4893 1030 4963 ἀκμὴν
1066 4892 1407 4946 καταλείπει.
1457 4892 1605 4945 Διότι
1661 4895 1777 4945 ἐκεῖ
1818 4892 1917 4961 μὲν

322 4985 611 5054 αὐτοφυεῖς
640 5002 784 5048 τινες
821 4986 915 5041 καὶ
942 4984 1266 5061 αὐτόχθονες
1289 4986 1386 5039 τοῦ
1420 4983 1583 5040 καλοῦ
1609 4984 1921 5038 συνοικοῦν-

321 5090 413 5138 τες
439 5075 635 5145 τρόποι
668 5076 980 5146 πρόδρομον
1009 5079 1231 5148 κήρυκα
1250 5078 1349 5149 τὴν
1376 5079 1694 5141 τοῦάνθους
1713 5079 1917 5149 αὐτάρ-

296 5183 394 5243 ίκη
427 5169 758 5238 παρέχονται
792 5170 1035 5241 βλάστην
1060 5208 1076 5235 ,
1128 5171 1194 5225 ἐκ
1246 5172 1344 5241 τῆς
1378 5171 1696 5243 προφανοῦς
1750 5172 1918 5224 οἱονεὶ

327 5261 598 5330 μαντικῆς
649 5263 928 5332 τάφανοῦς
978 5264 1076 5334 τὴν
1146 5265 1432 5332 εὐγένειαν
1490 5264 1912 5334 ἐμφανίζοντες.

340 5349 603 5403 Ἐνταῦθα
629 5352 674 5406 δ’
704 5358 1048 5424 οχορήγητον
1091 5353 1313 5423 ἔχουσαι
1347 5356 1504 5424 ῥίζαν
1536 5356 1763 5420 ἀγαθῶν
1808 5372 1915 5426 πη-

324 5442 439 5512 γῶν
477 5443 762 5514 ἀφθονίας,
796 5446 852 5498 αί
896 5444 990 5499 τοῦ
1021 5445 1253 5516 ψεύδους
1299 5444 1556 5513 αὕλακες,
1591 5447 1770 5518 βραχὺ
1807 5465 1913 5517 φα-

2028 4617 2290 4675 videlicet
2317 4632 2384 4672 ex
2416 4617 2604 4688 radice
2631 4617 2891 4672 oriuntur
2918 4617 3059 4671 bona
3086 4625 3143 4670 et
3184 4615 3381 4680 solida,
3417 4628 3612 4671 eorum

2026 4710 2129 4765 flos
2162 4710 2502 4774 diuturnior,
2535 4711 2714 4764 aestivi
2752 4710 2884 4764 solis
2915 4710 3114 4763 ardore
3146 4709 3295 4763 haud
3327 4708 3488 4762 facile
3534 4711 3616 4762 af-

2023 4802 2251 4873 ﬂigitur.
2286 4801 2418 4868 Quae
2460 4816 2646 4857 autem
2682 4803 2958 4857 inﬁrmam
2983 4812 3041 4856 et
3071 4804 3258 4856 minus
3287 4818 3611 4871 generosam

2025 4896 2232 4950 habent
2258 4895 2476 4964 pulchri
2508 4895 2750 4964 bonique
2779 4896 3073 4962 originem,
3102 4912 3167 4948 ea
3199 4894 3528 4964 plerumque
3556 4913 3609 4947 ill

2025 4984 2210 5040 medio
2243 4999 2535 5054 progressu
2572 4996 3007 5039 ntarccscetttem
3040 4985 3261 5041 virtutis
3296 4985 3487 5039 florem
3520 4987 3615 5039 dr-

2024 5075 2467 5145 serunt.-ltaque
2516 5076 2603 5129 illa
2657 5076 2880 5145 quidem
2933 5073 3203 5143 ingenuas
3250 5088 3304 5130 et
3349 5077 3614 5145 indigetes

2023 5169 2182 5240 quasi
2218 5169 2450 5223 virtutes
2473 5168 2653 5223 socias
2687 5167 2912 5233 habent",
2940 5183 3065 5238 qua:
3098 5169 3446 5222 evidentibus
3478 5184 3616 5238 pra:-

2023 5262 2191 5332 sagiis
2238 5261 2501 5316 latentem
2552 5260 2978 5330 generositatem
3026 5260 3393 5321 declarantes,
3444 5259 3614 5328 980

2021 5355 2215 5411 ﬂorem
2234 5354 2656 5418 exuberantem,
2683 5353 2835 5408 velut
2858 5360 3286 5424 praecurrentem
3327 5350 3608 5414 nuntiu.u,

2023 5448 2372 5518 prazmittunt
2400 5467 2416 5502 :
2447 5449 2563 5503 haec
2594 5461 2748 5513 vero,
2781 5446 2910 5517 quia
2939 5443 3145 5499 fundus
3173 5440 3406 5497 mendax
3438 5443 3611 5495 bono-

1698 5589 2029 5651 Variorum
2065 5596 2255 5650 nota).

401 5727 512 5798 (98)
544 5726 681 5802 Vide
740 5726 1012 5802 Philothei
1062 5729 1387 5799 patriarcha:
1415 5729 1828 5785 Autirrheticum
1864 5749 1901 5800 ι,
1943 5733 2067 5790 cod.
2098 5732 2226 5802 lteg.
2268 5728 2424 5797 l‘J96,
2455 5727 2548 5784 lol.
2582 5727 2648 5783 14
2673 5741 2725 5781 v.
2765 5735 2821 5782 ct
2855 5738 2969 5795 seq.
2999 5719 3209 5777 Bonna.

409 5806 527 5864 tua)
557 5801 648 5854 Sic
680 5815 848 5889 sttpt‘a
876 5800 973 5855 lib.
1009 5815 1098 5866 xv,
1138 5816 1261 5866 cap.
1289 5804 1341 5866 7,
1387 5814 1523 5856 sect.
1560 5804 1609 5858 7.
1644 5803 1853 5859 BUIVIN.

1637 6108 1653 6147 Ι
