4002 6486
291 363 422 426 Ῑῗ57

644 361 719 434 [λ.
760 376 811 415 c.
858 358 1013 431 155:]

1262 365 1708 427 ΒΥΖΛΝΊῚΝᾸΕ
1748 364 2132 425 IIISTORIE
2168 364 2311 425 LIB.
2355 365 2478 424 XX.

3390 356 3520 419 12.8

2606 357 2736 431 [nitu
2781 375 2821 412 J.
2866 373 3154 413 CANT'JLL'Z.
3200 354 3254 426 ὅ]

283 477 441 530 τοῦτο
474 478 668 532 παθεῖν
691 494 708 511 ⁸
755 478 822 532 ἶν’
866 479 912 531 εί
947 480 1021 549 μή
1053 498 1104 533 τι
1138 481 1224 533 τὸν
1284 482 1500 535 ἅπαντα
1535 482 1648 552 βίον
1681 481 1740 534 ού
1775 482 1850 550 μὴ

1965 488 2125 539 totam
2158 480 2322 535 vitam
2353 481 2418 533 ad
2456 480 2712 533 virtutem
2738 487 2886 531 recte
2933 474 3242 530 institutum
3277 472 3520 536 vidisset,

280 570 530 623 τεθέαται
580 566 741 632 οἶκος,
773 570 907 636 πρὸς
956 570 1156 642 ἀρετὴν
1205 573 1548 643 διακείμενον
1592 569 1675 638 εὖ,
1732 573 1848 626 ἀλλ’

280 659 372 713 οῦν
402 663 512 723 τοῖς
545 663 695 732 ἐμοῖς
724 661 1056 726 τελευταίοις
1092 662 1433 733 βαπτόμενος
1475 663 1705 734 αῖμασιν
1750 662 1848 732 6ψέ

280 751 412 820 γοῦν
448 753 580 821 μίαν
613 753 817 822 ταύτην
842 755 996 825 γνοίη
1028 772 1096 825 με
1127 755 1464 825 κεκτημένον
1491 754 1692 825 ἀρετὴν
1717 754 1846 807 πολ-

280 844 373 898 λοῦ
407 861 551 907 τινος
596 844 775 911 ἀξίαν,
819 845 880 898 τὸ
917 845 1226 917 μῂ-πολλοῦ
1256 863 1400 911 τινος
1426 846 1577 910 ἀξιον
1602 844 1849 917 νομίζειν

278 934 339 989 τὸ
364 934 484 1007 ζῇν.

349 1030 426 1082 B'.
458 1028 550 1081 Διὸ
578 1031 688 1092 τοῖς
721 1028 903 1092 ἄλλοις
955 1029 1204 1099 ἀνάγκην
1234 1020 1515 1100 προσῆγον
1543 1029 1617 1100 μὴ
1649 1029 1848 1101 βραδύ-

278 1137 411 1186 νειν,
443 1120 580 1173 ἀλλά
607 1123 720 1184 τοῖς
745 1121 899 1189 ἐμοῖς
927 1119 1258 1190 βοηθοῦντας
1292 1120 1594 1190 νοσήμασιν
1625 1119 1848 1174 ἀπιέναι

278 1210 594 1280 προθύμως,
624 1212 724 1264 οὐκ
766 1213 844 1273 είς
879 1211 1135 1281 ἐλέγχους
1163 1212 1257 1264 καὶ
1291 1210 1557 1274 διαλέξεις
1586 1210 1847 1278 ἀληθείας

278 1296 652 1368 ζητουμένηςο
686 1299 1049 1369 ἀπειρηκέναι
1087 1299 1197 1369 γὰρ
1251 1300 1349 1353 καὶ
1397 1299 1569 1369 αὐτὴν
1620 1300 1721 1371 ἤδη
1754 1302 1848 1353 καὶ

277 1389 415 1459 πρὸς
467 1382 741 1459 αίθερίους
776 1392 1090 1461 ἀποπτῆναι
1139 1391 1441 1461 θαλάμους,
1477 1392 1712 1463 ἀφανείᾳ
1758 1409 1848 1445 κε-

276 1481 635 1552 καλυμμένην
665 1484 856 1554 μακρᾷ
879 1499 893 1514 ο
923 1482 1039 1536 ἀλλ’
1062 1486 1141 1546 είς
1168 1484 1383 1553 σφαγὴν
1407 1484 1502 1536 καὶ
1528 1483 1847 1554 μαρτυρικά

275 1572 632 1642 παλαίσματα
667 1575 760 1629 καὶ
796 1574 1024 1628 θανάτου
1072 1575 1286 1645 μακροῦ
1322 1574 1600 1644 δεινότερα
1631 1575 1847 1646 δεσμω-

272 1664 460 1734 τήρια.
524 1665 792 1736 Τοιαύτην
821 1666 931 1736 γὰρ
966 1666 1088 1719 καθ’
1129 1665 1286 1738 ἡμῶν
1341 1665 1687 1736 ἐξενηνέχθαι
1719 1665 1847 1734 χθὲς

275 1755 370 1810 καὶ
398 1756 687 1827 πρότριτα,
718 1755 937 1826 δεσμοῖς
969 1756 1348 1826 ἀδαμαντίνοις
1395 1759 1506 1809 τισὶ
1554 1757 1650 1808 καὶ
1679 1756 1848 1827 ἀρρή-

1951 572 2143 627 saltem
2176 586 2375 626 cruore
2407 586 2529 626 meo
2560 571 2627 625 ad
2666 581 2970 626 extremum
3000 568 3196 627 tincta,
3231 575 3526 635 quantum-

1949 665 2032 719 vis
2063 679 2187 720 sero
2238 671 2561 734 agnosceret
2612 662 2941 716 instructum
2997 674 3061 714 ea
3111 659 3338 722 virtute,
3373 672 3519 726 qtae,

1948 772 2074 812 cum
2106 758 2272 811 vitam
2317 754 2460 810 haud
2502 755 2683 824 magni
2727 752 2950 818 laceret,
2998 751 3180 821 magni
3227 751 3347 821 ipsa
3399 749 3519 805 ﬁeri

1949 848 2196 904 deberet.

2016 1026 2082 1082 ll.
2123 1025 2485 1095 Quamobrem
2534 1027 2604 1082 ab
2645 1025 2768 1081 aliis
2809 1024 3169 1079 vehementer
3199 1023 3339 1094 coepi
3381 1038 3516 1079 con-

1949 1119 2195 1184 tendere,
2226 1134 2295 1175 ne
2334 1125 2749 1180 cunctarentur,
2779 1115 2874 1172 sed
2924 1125 2984 1171 ut
3029 1115 3161 1169 mihi
3209 1130 3356 1185 aegro
3387 1132 3516 1171 suc—

1947 1220 2235 1267 currentes
2276 1210 2493 1265 abirent
2520 1210 2796 1273 alacriter,
2843 1223 2952 1263 non
2993 1206 3061 1262 ad
3104 1208 3386 1262 veritatem
3419 1222 3520 1277 per

1948 1310 2271 1374 argumenta
2316 1311 2372 1357 et
2429 1301 2831 1372 disputationes
2887 1299 3356 1371 investigandam;
3401 1299 3513 1369 jam

1949 1394 2154 1462 quippe
2182 1401 2239 1448 et
2277 1393 2449 1462 ipsam
2485 1391 2736 1458 cessisse,
2771 1399 2827 1444 et
2867 1390 3036 1446 densa
3080 1389 3311 1458 caligine
3338 1389 3515 1443 ~invo~

1948 1483 2120 1539 lutam
2161 1484 2217 1540 in
2254 1484 2452 1540 coelum
2483 1483 2764 1547 avolasse;
2789 1481 2882 1537 sed
2914 1481 2982 1536 ad
3012 1482 3235 1545 caedem,
3268 1481 3335 1536 ad
3370 1496 3517 1535 mar-

1949 1574 2076 1645 tyrii
2111 1574 2429 1636 luctamina,
2480 1572 2544 1627 ad
2594 1573 2811 1627 vincula
2854 1573 3093 1643 denique
3140 1575 3288 1628 onmi
3343 1584 3518 1631 morte

1948 1667 2221 1736 graviora.
2253 1665 2462 1735 Nempe
2490 1679 2610 1718 eam
2642 1663 2699 1718 in
2741 1679 2843 1719 nos
2874 1665 2942 1719 ab
2973 1666 3325 1730 adversariis,
3369 1674 3424 1720 et
3452 1666 3521 1719 ab

1952 1755 2039 1817 iis,
2079 1770 2247 1826 penrs
2285 1771 2423 1826 quos
2467 1765 2709 1826 potestas
2744 1764 2908 1819 esset,
2947 1755 3065 1811 heri
3103 1765 3158 1812 et
3208 1758 3524 1812 nudiuster-

274 1867 427 1914 κτοις
443 1818 876 1923 κεκυρωμένην,
901 1818 1090 1922 ψῆφον.
1113 1850 1248 1922 πρὸς
1278 1818 1388 1902 τιῦν
1421 1818 1730 1904 ἀντιπάλων

1965 1849 2066 1903 tius
2114 1848 2277 1902 latam
2322 1862 2443 1902 esse
2467 1818 2843 1913 csententiam,
2881 1846 3248 1902 adamantinis
3293 1850 3528 1918 quibus-

272 1943 376 2012 τῆς
430 1941 686 2006 ἐξουσίας
719 1943 1018 2014 ἀρχόντων.
1054 1942 1192 1995 πΤῶν
1225 1942 1334 2013 γὰρ
1379 1941 1782 2013 μετριωτέρων,
1811 1938 1848 1994 ἃ

275 2033 386 2093 τοῖς
413 2029 763 2101 ἐξωτερικοῖς
797 2029 881 2103 (4)
918 2032 1014 2084 καὶ
1042 2029 1103 2084 τὸ
1136 2030 1383 2086 πλεῖστον
1414 2031 1726 2100 δημοτικοῖς
1750 2047 1848 2084 κα-

275 2122 631 2192 τεψήφισται,
660 2126 730 2176 τὰ
770 2124 872 2193 μὲν
904 2116 1005 2194 ἤδη
1040 2122 1376 2192 πέπρακται,
1406 2122 1474 2175 τὰ
1498 2121 1542 2174 δ’
1566 2122 1646 2175 ἐτι
1670 2121 1847 2189 πράτ-

274 2232 454 2276 τεται.
490 2215 558 2267 τὰ
609 2215 665 2268 δέ
701 2214 799 2267 καὶ
832 2214 1230 2286 πραχθήσεται.
1285 2213 1395 2268 Καὶ
1444 2212 1653 2266 τούτων
1698 2211 1852 2264 οὐδὲν

272 2293 468 2359 οὐδένα
502 2307 718 2360 πάντων
748 2306 902 2376 ὑμῶν
923 2309 1138 2374 ἀγνοεῖν
1160 2305 1364 2376 οἴομαι,
1391 2303 1608 2377 [Ρ.620]
1626 2303 1854 2376 θορύϐου

275 2397 538 2450 τοσούτου
580 2399 679 2468 τὴν
714 2398 872 2451 πόλιν
906 2398 1347 2470 περιηχήσαντος
1380 2396 1621 2452 ἅπασαν.
1665 2392 1856 2464 Χρεὼν

276 2491 391 2557 οῦν,
419 2492 495 2561 μὴ
517 2489 968 2560 φιλοψυχοῦντας,
993 2490 1106 2543 ἀλλ’
1125 2488 1498 2560 ἐρρωμένους,
1523 2487 1689 2558 ὁμόσε
1710 2487 1850 2556 πρὸς

277 2579 405 2642 τοὺς
437 2577 713 2642 τοιούτους
744 2581 945 2649 χωρεῖν
977 2579 1220 2647 ἀγῶνας.
1250 2577 1460 2650 Θνητῆς
1489 2576 1599 2648 γὰρ
1622 2577 1849 2648 λαχοῦσι

280 2670 497 2740 φύσεως
525 2670 592 2741 ἢν
622 2671 699 2740 μὴ
723 2669 819 2724 νῦν
849 2670 1033 2724 θανεῖν
1070 2669 1187 2739 ἐξῇ,
1212 2670 1301 2724 διὰ
1351 2670 1482 2738 γοῦν
1505 2669 1566 2722 τὸ
1603 2669 1699 2738 τῆς
1747 2667 1851 2738 φύ-

287 2779 428 2824 σεως
463 2763 684 2833 ὄφλημα
722 2761 1076 2833 τεθνήξεσθαι
1104 2765 1318 2825 πάντως
1354 2761 1545 2830 ἕψεται
1576 2759 1848 2831 προϊοῦσι·

281 2853 380 2906 καὶ
411 2853 490 2906 δεῖ
529 2856 605 2924 μὴ
642 2853 732 2908 τὸν
772 2853 950 2907 ἀκλεᾶ
983 2854 1089 2925 πρὸ
1116 2852 1211 2906 τοῦ
1247 2852 1364 2924 μετ’
1406 2850 1659 2915 εὐκλείας
1693 2867 1851 2919 περι-

229 3006 241 3017 .
282 2948 467 3015 μεῖναι
503 2946 752 3007 θάνατον.
1646 2934 1669 2988 ι’

1954 1939 2108 1999 dam.
2139 1947 2197 1994 et
2247 1939 2475 2009 irruptis
2524 1939 2685 1994 nodis
2736 1939 3024 1994 munitam.
3075 1939 3212 1995 Nam
3280 1941 3528 1996 mitiores

1952 2029 2121 2101 986
2149 2044 2344 2099 paenae,
2373 2044 2494 2099 quae
2524 2029 2579 2084 in
2619 2028 2809 2093 laicos,
2839 2043 3044 2098 eosque
3072 2029 3362 2083 maximam
3396 2044 3527 2098 par-

1958 2131 2067 2177 tem
2104 2121 2369 2191 plebeios,
2401 2122 2635 2175 decreta:
2672 2120 2914 2185 luerunt,
2943 2135 3018 2174 ere
3056 2120 3252 2190 partim
3296 2121 3381 2174 vel
3409 2122 3520 2192 jam

1955 2223 2189 2283 sumptae
2239 2220 2389 2278 sunt,
2440 2211 2523 2266 vel
2580 2226 2730 2268 nunc
2790 2226 3011 2283 quoque
3063 2222 3378 2275 sumuntur,
3436 2212 3520 2266 vel

1957 2315 2147 2380 postea
2187 2307 2492 2378 exigentur.
2543 2305 2828 2361 Neminem
2862 2314 3044 2360 autem
3086 2319 3155 2360 ex
3200 2304 3355 2359 vobis
3390 2316 3525 2374 puto

1958 2399 2255 2470 quidquam
2294 2399 2485 2452 borum
2521 2400 2791 2468 ignorare,
2825 2405 3008 2453 tantus
3049 2399 3318 2453 tumultus
3356 2406 3524 2452 totam

1959 2490 2149 2546 urbem
2188 2488 2493 2558 personuit.
2525 2486 2751 2558 Oportet
2780 2487 2963 2558 itaque
3004 2502 3121 2547 vos.
3164 2502 3274 2541 non
3303 2500 3529 2541 conser-

1958 2582 2148 2637 vandae
2188 2582 2312 2636 vitae
2346 2580 2595 2650 cupidos,
2649 2580 2744 2636 sed
2796 2581 2981 2636 animo
3035 2581 3175 2653 forti
3202 2581 3523 2642 instrurtos,

1958 2676 2081 2732 istis
2109 2674 2501 2743 certaminibus
2528 2680 2738 2730 vosmet
2767 2672 3030 2745 obiicere.
3057 2673 3337 2728 Mortalem
3369 2680 3530 2726 natu-

1965 2781 2079 2819 ram
2132 2763 2311 2819 sortiti
2359 2762 2515 2818 estis.
2562 2745 2803 2819 Proinde
2856 2764 2955 2819 etsi
3007 2763 3137 2819 licet
3183 2778 3331 2837 nune
3368 2762 3526 2816 vobis

1961 2863 2193 2910 mortem
2225 2854 2485 2922 ell‘ugere,
2517 2860 2698 2910 tamen
2724 2863 2933 2909 naturae
2973 2854 3219 2909 debitum
3251 2851 3525 2924 ejusmodi

1958 2956 2066 3013 est,
2105 2955 2168 3002 ut
2203 2955 2360 3002 aetate
2406 2947 2622 3016 longius
2659 2947 2932 3018 provectis
2977 2946 3201 3004 omnino
3253 2947 3391 3000 mori
3428 2960 3528 3000 ne-

286 3058 443 3099 cesse
478 3043 726 3099 tutorum
769 3045 862 3097 sit.
908 3039 1020 3098 Nec
1083 3054 1182 3097 vos
1224 3040 1403 3108 decet,
1471 3039 1708 3112 gloriosa
1756 3049 1934 3096 morte
1970 3040 2305 3111 posthabita,
2355 3054 2477 3096 eam
2523 3049 2860 3111 exspectare,
2910 3055 3031 3110 qua:
3080 3039 3242 3096 laude
3290 3040 3533 3096 caritura

280 3146 385 3193 est.

281 3327 342 3387 ἐς
378 3325 680 3393 βασιλείους
708 3323 1037 3394 προκλήσεις
1078 3323 1170 3376 καὶ
1215 3322 1358 3376 οῦτω
1406 3322 1721 3399 βαρϐαρικὰ
1771 3338 1865 3375 συ-

285 3418 474 3488 νέδρια
518 3417 660 3486 πλὴν
694 3415 856 3486 ἐμοῦ,
896 3414 1079 3475 δείσας
1111 3413 1222 3483 ἐγὼ
1269 3415 1344 3485 μὴ
1396 3416 1672 3484 πρόφασιν
1715 3412 1856 3467 τοῦτ’

286 3508 567 3579 εἰληφόσιν
596 3506 847 3573 ἐκείνοις,
877 3500 956 3571 οἷς
983 3507 1162 3559 πάντα
1195 3504 1345 3559 λίθον
1367 3507 1538 3558 κινεῖν
1562 3503 1687 3557 καθ’
1706 3505 1863 3575 ἡμῶν

285 3601 596 3669 περίεστιν,
626 3600 841 3670 ἐρήμην
883 3598 1005 3652 καθ’
1041 3597 1201 3668 ἡμῶν
1241 3597 1483 3668 εὐχερῶς
1507 3596 1864 3667 καταδιαιτᾷν

285 3693 629 3762 δπιγένηται,
654 3691 798 3761 μάλα
822 3689 974 3761 μόλις
1000 3693 1096 3759 τῆς
1128 3690 1393 3761 καθέδρας
1418 3689 1715 3756 ἐξαναστὰς
1748 3687 1865 3758 ἅμα

286 3786 459 3839 πᾶσιν
490 3785 718 3847 ἐκείνοις
751 3783 950 3854 ἀπῄειν
980 3785 1157 3837 ἐκεῖσε
1181 3780 1640 3850 ἀποθανούμενος,
1669 3784 1764 3831 καὶ
1794 3779 1863 3849 τῇ

286 3874 407 3926 ἐκεῖ
449 3874 673 3953 τελευτῇ
721 3872 1225 3942 συμπαραπέμψων
1257 3870 1329 3923 τὰ
1362 3868 1600 3938 πολυετῆ
1641 3882 1746 3937 μου
1764 3871 1861 3938 τῆς

289 3966 534 4034 κεφαλῆς
569 3966 872 4034 νοσήματα.

365 4059 439 4112 Δί,
472 4056 633 4124 Ἀρτι
661 4054 718 4107 δὲ
754 4053 884 4124 περί
939 4068 1043 4105 που
1098 4051 1169 4105 τὰ
1229 4064 1370 4122 μεσα
1423 4051 1738 4122 γενομένοις
1765 4052 1862 4122 τῆς

293 4148 568 4219 βισιλείου
628 4146 798 4215 αὐλῆς
861 4145 1143 4215 ἀπήντησέ
1180 4161 1263 4207 τις
1296 4146 1428 4215 ἡμῖν
1471 4146 1578 4198 τῶν
1612 4146 1754 4198 πάνυ
1784 4144 1862 4215 τῷ

293 4241 507 4311 βασιλεί
533 4237 1063 4310 προσῳκειωμένων,
1088 4239 1178 4290 καὶ
1214 4236 1377 4307 μόνον
1406 4238 1665 4291 ἁπάντων
1695 4237 1864 4306 ἔμεγε

294 4330 614 4401 ἀπειληφὼς
662 4333 904 4400 προσῆγε
946 4331 1025 4403 τῷ
1073 4332 1308 4402 βασιλεῖ.
1354 4331 1864 4404 Κοινολογήσασθαι

295 4426 407 4495 γὰρ
436 4425 592 4492 ἔλεγε
640 4424 924 4493 βούλεσθαί
980 4441 1073 4494 μοι
1122 4426 1232 4479 τῶν
1269 4424 1417 4495 αύτῷ
1444 4441 1505 4493 γε
1533 4425 1864 4496 ἀπορρήτων

299 4517 449 4570 ἐστιν
481 4516 536 4570 ἆ.
570 4516 1004 4588 Προσεληλυθόςι
1036 4532 1128 4585 μοι
1165 4516 1295 4584 γοῦν
1350 4519 1534 4585 τυχεῖν
1565 4517 1868 4587 προσγεγέ-

355 3232 431 3287 1".
455 3234 575 3305 Μιᾷ
609 3232 655 3288 δ’
693 3233 1077 3305 ἀπειρηκότων
1111 3234 1287 3304 φωνῇ,
1316 3232 1392 3304 μὴ
1425 3231 1627 3286 ἐθέλειν
1664 3232 1856 3303 χωρεῖν

2033 3232 2127 3289 lll.
2168 3232 2252 3288 llli
2281 3247 2413 3288 vero
2443 3247 2553 3287 una
2595 3245 2730 3289 voce
2763 3230 3107 3296 renuntiant,
3138 3230 3283 3287 nolle
3322 3247 3383 3288 se
3429 3231 3534 3287 im-

1966 3324 2238 3397 peratoris
2262 3333 2462 3379 vocatu
2489 3332 2597 3379 tam
2629 3322 2862 3378 barbara
2898 3323 3130 3379 concilia
3158 3324 3278 3380 sine
3309 3341 3396 3381 me
3417 3326 3537 3382 adi-

1968 3433 2050 3474 re.
2088 3415 2454 3485 Quamobrem
2480 3415 2710 3481 veritus,
2740 3430 2810 3472 ne
2844 3414 2924 3471 illi
2955 3417 3046 3487 qui
3079 3431 3297 3471 omnem
3336 3407 3539 3476 in'nos

1966 3508 2208 3579 lapidem
2230 3518 2473 3573 movent,
2503 3508 2607 3562 bac
2630 3509 2916 3562 occasione
2939 3517 3177 3578 arrepta,
3207 3511 3535 3566 sententiam

1968 3598 2026 3655 in
2054 3614 2176 3665 nos,
2206 3598 2358 3653 velut.
2379 3597 2578 3653 deserti
2601 3597 2897 3653 vadimonii
2927 3613 3070 3665 reos,
3102 3598 3261 3655 facile
3293 3598 3540 3671 pronun-

1972 3691 2193 3755 tiarent,
2249 3704 2390 3760 agre
2441 3688 2662 3744 tandem
2697 3704 2730 3745 c
2778 3690 2907 3754 sede
2949 3691 3241 3757 excitatus,
3290 3708 3414 3747 eum
3470 3695 3538 3749 iis

1971 3779 2230 3835 omnibus
2260 3779 2584 3843 moriturus,
2613 3789 2670 3835 et
2706 3780 3042 3836 inveteratos
3071 3782 3268 3851 capitis
3312 3784 3536 3840 morbos

1968 3870 2132 3926 simul
2160 3885 2285 3925 cum
2313 3871 2425 3926 vita
2460 3870 2811 3935 dimissurus,
2842 3871 2968 3927 illuc
2999 3887 3086 3927 me
3120 3874 3346 3929 contuli.

2039 4050 2132 4106 ιγ.
2169 4049 2293 4121 ,ἰείη
2319 4063 2421 4104 nos
2450 4047 2565 4103 fere
2605 4047 2660 4103 in
2705 4048 2881 4104 media
2915 4050 3100 4118 palatii
3130 4053 3251 4108 aula
3283 4057 3541 4113 versaba—

1970 4158 2117 4209 mur,
2147 4156 2271 4197 cum
2303 4156 2370 4195 ex
2404 4139 2616 4193 intimis
2640 4141 2988 4211 imperatoris
3023 4145 3243 4212 quidam
3274 4162 3423 4201 accui
3444 4151 3536 4204 rit.

1969 4238 2022 4293 Is
2045 4250 2214 4291 unum
2244 4224 2332 4289 ine
2370 4248 2440 4288 ex
2479 4231 2735 4286 erunibus
2777 4246 3117 4304 assumptum
3148 4237 3213 4289 ad
3244 4237 3538 4307 imperato-

1970 4346 2084 4386 rem
2121 4327 2365 4384 deducit.
2410 4325 2550 4380 Eum
2592 4325 2799 4379 scilicet
2838 4325 3097 4380 nonnulla
3146 4312 3356 4381 mecum
3399 4332 3539 4387 velle

1971 4420 2381 4479 communicare
2413 4417 2613 4481 aiebat,
2646 4431 2767 4486 qua:
2809 4431 3010 4469 arcana
3043 4416 3146 4471 sibi
3187 4429 3389 4474 essent.
3432 4422 3540 4477 Ubi

1972 4513 2203 4585 propius
2263 4509 2490 4587 accessi,
2547 4506 2839 4577 quemdam
2901 4506 3070 4560 veteri
3106 4509 3342 4564 amicitia
3404 4513 3542 4567 milii

300 4626 460 4678 νηται
502 4581 633 4677 μὲν,
653 4581 814 4678 παρὰ,
835 4607 993 4687 δόξαν
1027 4581 1127 4677 μὲν
1160 4581 1303 4676 ἐμοὶ,
1328 4581 1479 4677 σφίσι
1518 4606 1563 4661 δ’
1607 4581 1856 4677 ἐξεπίτη·

1972 4581 2484 4675 coniunctissimum
2519 4598 2759 4665 ollcudo,
2799 4597 2892 4667 qui
2936 4608 2992 4652 et
3032 4597 3147 4668 ipse
3194 4600 3542 4670 imperatoris

296 4702 386 4763 δες
421 4700 646 4771 σφόδρα,
674 4700 816 4762 τινὸς
848 4701 957 4752 τῶν
991 4699 1132 4753 πάνυ
1166 4711 1261 4768 μοι
1296 4699 1469 4769 φίλων
1509 4700 1574 4753 ἐκ
1603 4700 1861 4767 παλαιοῦ,

292 4788 383 4843 διὰ
402 4789 689 4860 βασιλικῆς
705 4787 960 4841 κάκείνου
983 4786 1340 4856 προκλήσεως
1360 4789 1539 4841 ἐκεῖσε
1558 4787 1864 4857 τηνικαῦτα

295 4881 565 4950 παρόντος
608 4876 740 4948 ἐμοῦ
772 4893 852 4954 *γε
909 4878 1115 4930 εἵνεκα.
1157 4872 1261 4929 Ὧν
1297 4875 1503 4946 μεταξὺ
1543 4875 1864 4929 καθεσθέντι

296 4991 389 5044 μοι
417 4973 595 5040 λέγειν
623 4971 856 5042 ἤρξαντο
890 4969 1042 5024 κατὰι
1064 4967 1390 5039 συνεκδοχὴν
1422 4969 1516 5035 καὶ
1545 4967 1862 5038 ἀμοιϐαδὸν,

296 5065 450 5134 παρά
497 5062 725 5132 θατέρου
766 5060 957 5130 ἅτερος
987 5060 1086 5122 τὰς
1137 5059 1247 5112 τῶν
1281 5059 1450 5128 λόγων
1480 5059 1736 5131 ἀφορμὰς
1763 5076 1866 5112 πο·-

292 5159 536 5231 ρίζοντές
572 5174 632 5209 τε
665 5156 761 5208 καὶ
819 5154 1197 5224 ποριζόμενοι,
1248 5156 1345 5205 καὶ
1387 5152 1596 5206 πείθειν
1656 5154 1864 5223 ἐπιχει-

299 5249 539 5320 ροῦντες,
586 5247 800 5316 πρῶτον
834 5247 935 5317 μὲν
968 5245 1265 5315 χρημάτων
1301 5243 1658 5312 ἐπαγγελίαις
1696 5244 1867 5311 ἀφθός

298 5359 432 5405 νοις.
457 5342 553 5395 καὶ
582 5341 610 5393 ὃ
641 5356 732 5410 μοι
756 5338 893 5410 πρὸς
923 5338 1230 5408 βουλήσεως
1261 5337 1348 5403 εἴη
1380 5336 1447 5391 ἂν
1478 5335 1667 5407 ἕτερον
1698 5336 1867 5390 ἆπαν.

311 5435 467 5488 Ἐπεὶ
496 5434 539 5486 δ’
565 5432 817 5487 ἐντεῦθεν
835 5432 944 5484 τῶν
972 5431 1360 5500 σκοπουμένων
1381 5429 1701 5502 ἠλαύνοντο,
1736 5429 1872 5496 μηδὲ

1973 4703 2173 4751 vocatu
2200 4694 2314 4747 illic
2345 4701 2459 4745 tum
2490 4691 2678 4744 aderat
2704 4688 2810 4743 mei
2850 4690 3045 4758 gratia.
3079 4688 3137 4743 Id
3171 4700 3229 4743 ut
3260 4692 3395 4747 milii
3436 4710 3539 4751 nec

1974 4787 2246 4859 opinanti,
2277 4785 2351 4840 ita
2382 4784 2490 4837 illis
2530 4783 2753 4835 omnino
2777 4778 2942 4850 937
2972 4781 3363 4848 praemeditatis
3403 4788 3546 4841 acet-

1978 4880 2079 4959 dit.
2108 4878 2221 4951 Ego
2242 4890 2371 4931 vero
2400 4875 2541 4927 inter
2568 4873 2689 4925 illos
2716 4871 2961 4924 consedi.
2987 4870 3027 4923 Τ
3034 4886 3119 4923 um
3145 4882 3325 4927 autem
3358 4877 3392 4928 ii
3431 4891 3544 4930 coe-

1971 4977 2171 5042 perunt
2194 4965 2434 5021 vicissim
2469 4971 2525 5017 et
2557 4962 2783 5015 alternis
2827 4975 2910 5015 me
2961 4960 3183 5032 alloqui,
3212 4963 3350 5019 alter
3375 4966 3538 5019 alteri

1973 5068 2165 5116 mutua
2202 5056 2615 5127 suppeditantes
2646 5052 2862 5106 dicendi
2900 5062 3239 5122 argumenta.
3294 5054 3370 5108 Ac
3421 5072 3537 5109 ma-

1972 5170 2077 5225 gna
2116 5150 2351 5223 primum
2388 5144 2633 5217 pecunia:
2675 5145 2727 5198 vi
2778 5153 2832 5199 et
2880 5145 3030 5200 omni
3082 5145 3188 5200 alia
3230 5161 3308 5211 re,
3347 5152 3540 5216 quatit-

1980 5256 2197 5314 cunque
2259 5238 2616 5309 optavissem,
2668 5235 2959 5307 promissa,
3018 5235 3298 5291 inflectere
3354 5240 3539 5293 conati

1984 5342 2130 5387 sunt.
2166 5329 2395 5393 Deinde,
2425 5329 2552 5398 quia
2593 5327 2695 5382 hac
2734 5342 2845 5380 non
2879 5325 3223 5392 succedebat,
3252 5337 3546 5395 prepterea

1982 5423 2131 5495 quod
2182 5437 2284 5478 nec
2320 5421 2494 5493 prima
2534 5419 2753 5492 quidem
2788 5418 2932 5474 dicta
2981 5416 3210 5472 auribus
3256 5415 3339 5471 vel
3380 5417 3545 5472 mini-

1667 5523 1992 5582 Variorum
2025 5525 2212 5581 notes.

374 5629 450 5694 (ί)
480 5626 686 5695 Nempe
734 5624 982 5695 Palatinas
1015 5636 1207 5678 auctor
1255 5624 1637 5681 Cantacuzeno
1666 5604 1868 5685 fuerat,

1970 5627 2178 5683 rentur,
2224 5628 2273 5671 et
2303 5619 2357 5671 in
2385 5630 2649 5672 carcerem
2688 5611 3109 5676 detruderentur,
3152 5624 3275 5681 pag.
3320 5608 3444 5675 617,
3472 5607 3541 5663 ι).

300 5707 364 5751 ιιι
399 5689 650 5765 (ιὶιοιίμιᾰι
685 5699 749 5748 de
808 5694 995 5762 inﬁma
1042 5695 1186 5761 pttbe
1240 5711 1344 5748 non
1376 5703 1679 5765 vererentur
1711 5703 1874 5765 captu
1974 5705 2165 5761 supra.
2203 5689 2417 5743 BOIVIN.

299 5762 622 5828 munitiora
671 5767 949 5834 affectare,
997 5767 1034 5817 t'i
1065 5767 1302 5835 pestibus
1354 5772 1496 5818 exuti
1522 5764 1681 5832 virgis
1713 5762 1877 5849 ccede:

680 5859 950 5919 ΡΑτιιοι.
978 5860 1092 5920 tin.
1135 5857 1440 5918 CXLVIII

3088 5842 3165 5903 1ιο
