4002 6484
265 385 396 452 lini

648 386 727 458 [λ.
770 400 817 441 c.
849 384 1006 455 l55l]

1260 387 1705 450 ΒΥΖᾹΝΤιΝιΕ
1753 385 2134 446 ΗΙΞιΤεῙὶΒῐίΕ
2180 384 2303 443 LiB
2344 381 2474 444 XX.

3391 368 3527 433 1262

2606 371 2743 444 [tum
2771 385 2814 425 λ.
2857 382 3157 426 curacuz.
3202 367 3262 440 5]

255 503 439 558 τεὺαν
469 504 559 558 καὶ
590 504 818 576 θεωρεῖν
857 509 952 558 καὶ
980 505 1297 575 γινώσκειν,
1322 507 1384 560 οὑ
1417 507 1579 577 μόνον
1600 503 1670 557 τὰ
1692 504 1839 573 ἔργῳ

1980 501 2159 555 lautia:
2217 514 2388 553 unum
2447 510 2647 551 nomen
2709 503 2814 559 est,
2874 492 3031 547 Deus.
3079 510 3122 578 ι,
3163 491 3233 547 Ει
3289 505 3525 547 rursus:

256 597 544 665 γινόμενα,
575 594 713 648 ἀλλὰ
749 600 842 649 καὶ
870 596 939 649 τὰ
975 596 1052 667 τῷ
1105 596 1181 666 νῷ
1226 596 1620 666 λαμϐανόμενα
1650 609 1662 621 ·
1694 594 1835 662 ὅπερ

261 688 432 759 μόνης
466 688 615 741 ἐστὶν
649 688 866 758 ἐκείνης
920 689 1015 758 τῆς
1073 688 1284 749 οὐσίας.
1320 686 1608 741 Ἐντεῦθεν
1638 685 1831 753 εἰλημ-

263 781 425 850 μένον
459 779 521 833 τὸ
551 779 683 842 Θεὸς
730 779 923 850 ὖνομα,
960 781 1170 849 κυρίως
1222 780 1540 851 λεγόμενον,
1578 777 1835 846 σημαίνει

261 872 360 942 τὴν
386 872 578 925 οὑσίαν
599 873 839 943 ἐκείνην,
870 874 904 945 ἣ
933 872 1185 937 δεσπόζει
1215 873 1435 925 πάντων
1457 870 1532 934 ώς
1558 868 1791 940 ἀληθῶς.
1812 886 1830 918 ι

264 964 375 1016 Καὶ
404 964 570 1017 πάλιν
602 978 619 994 ⁸
654 948 681 1015 ι’
715 965 859 1029 Μιᾶς
886 963 1178 1034 τοιγαροῦν
1226 962 1575 1035 ὑπαρχούσης
1626 961 1726 1031 τῆς
1754 961 1845 1013 οὑ-

265 1055 410 1118 σίας.
436 1050 503 1127 ἦς
534 1056 650 1109 ὲστι
677 1057 867 1129 Πατὴρ
895 1058 987 1111 καὶ
1015 1056 1144 1118 Υἱὸς
1166 1057 1259 1110 καὶ
1294 1054 1447 1124 ἅγιον
1474 1051 1719 1123 Πνεῦμα,
1750 1051 1847 1104 καὶ

264 1145 384 1209 ἑνὸς
430 1145 526 1199 τοῦ
578 1148 1023 1218 παραδηλοῦντος
1061 1147 1230 1217 αὑτὴν
1288 1146 1572 1215 ὀνόματος,
1606 1144 1748 1214 φημὶ
1778 1142 1844 1212 δὴ

268 1234 364 1287 τοῦ
406 1236 561 1302 Θεὸς,
592 1231 672 1298 εἰς
715 1240 846 1301 Θεὸς
881 1240 1032 1292 ἔσται
1071 1238 1277 1309 κυρίως
1304 1239 1398 1293 καὶ
1425 1236 1847 1306 άκολουθότερον

266 1326 343 1395 τῷ
374 1327 518 1399 λόγῳ
542 1329 642 1398 τῆς
679 1329 887 1392 οὑσίας.
928 1351 948 1383 ι

266 1424 324 1471 et
354 1418 593 1488 Spiritus
623 1432 868 1486 sanctus,
905 1431 961 1477 et
991 1438 1160 1478 unum
1205 1436 1405 1478 nomen
1471 1436 1591 1475 eam
1665 1419 1912 1482 denotet,
1954 1433 2154 1488 nempe
2211 1416 2395 1485 Deus;
2459 1420 2569 1475 erit
2630 1420 2863 1490 proprie
2919 1436 3060 1476 unus
3120 1421 3268 1478 Deus
3310 1444 3323 1478 :

271 1513 444 1580 ipsius
475 1513 792 1568 substantiae
821 1516 1017 1570 rationi
1044 1516 1218 1585 magis
1241 1523 1671 1569 consentaneum
1693 1523 1801 1568 est.
1827 1531 1845 1563 ι

349 1605 425 1660 Ζ’.
461 1603 648 1658 Ταῦτα
683 1606 783 1674 μὲν
811 1606 873 1678 δὴ
901 1604 1014 1672 οὖν,
1047 1610 1140 1662 καὶ
1170 1610 1268 1661 ὅσα
1290 1607 1423 1661 ἄλλα
1443 1607 1549 1660 τῶν
1569 1606 1728 1660 θείων
1750 1606 1861 1658 Πα-

269 1694 444 1764 τέρων
484 1696 547 1745 ὲκ
579 1694 671 1747 τοῦ
707 1700 999 1765 προχείρου
1040 1696 1172 1760 τέως
1208 1696 1367 1767 ἐπῄει
1400 1699 1465 1766 τῇ
1501 1698 1716 1767 μνήμῃ,
1756 1694 1857 1765 τὴν

1950 612 1966 642 ι
2005 591 2101 646 Est
2152 590 2320 660 igitur
2367 586 2676 658 proprietas
2710 595 2930 641 aeternae
2975 571 3321 650 substantiae,
3376 582 3535 653 cujus

1946 684 2271 739 substantia:
2307 689 2392 736 est
2427 679 2590 734 Pater
2630 690 2686 733 et
2712 678 2888 733 Filius
2915 686 2971 732 ct
3007 675 3251 746 Spiritus
3283 684 3532 739 sanctus,

1946 773 2093 844 quod
2125 772 2308 827 omnia
2342 771 2636 840 inspectet,
2669 769 3095 837 contempletur,
3130 775 3186 821 ct
3217 773 3534 837 cognoscat,

1951 881 2061 920 non
2099 864 2279 920 solum
2308 878 2430 934 quae
2476 878 2537 917 re
2587 862 2703 931 ipsa
2734 862 3029 926 exsistunt,
3073 859 3171 914 sed
3206 870 3261 915 et
3294 875 3417 929 quae
3450 859 3540 913 in-

1955 958 2176 1013 tellectu
2206 966 2418 1011 tantum
2450 955 2833 1026 percipiuntur
2859 974 2872 1019 ;
2909 954 3054 1025 quod
3085 963 3170 1008 est
3197 953 3371 1010 solius
3392 955 3542 1025 ejus-

1954 1065 2017 1104 cc
2074 1048 2417 1104 substantiae.
2475 1047 2614 1103 Hinc
2664 1056 2945 1117 sumptum
2998 1055 3083 1102 est
3136 1063 3339 1103 nomen
3383 1046 3539 1112 Θεὸς,

1957 1141 2105 1212 quod
2132 1142 2357 1211 preprie
2393 1140 2603 1195 dictum
2650 1140 3015 1195 substantiam
3048 1141 3197 1195 illaut
3243 1140 3541 1212 significat,

1956 1250 2079 1302 qua:
2104 1234 2352 1289 omnium
2383 1248 2511 1289 vere
2542 1233 2768 1288 domina
2798 1242 2903 1288 est.
2942 1253 2960 1286 ι
2990 1234 3057 1288 Ει
3085 1251 3279 1289 rursus
3309 1254 3323 1290 :
3358 1254 3377 1289 ι
3405 1234 3546 1291 Cum

1957 1326 2140 1395 itaque
2178 1342 2284 1380 una
2317 1328 2391 1380 sit
2426 1325 2759 1391 substantia,
2793 1327 2954 1398 cujus
2983 1337 3069 1383 est
3096 1327 3258 1383 Pater
3283 1339 3340 1384 ct
3372 1328 3553 1395 Filius.

3380 1423 3547 1494 idque

2042 1605 2155 1660 νη.
2197 1604 2320 1660 lixae
2379 1619 2501 1670 nos,
2566 1612 2626 1659 et
2675 1620 3019 1674 quaecunque
3069 1607 3175 1661 alia
3226 1616 3545 1665 sanctorum

1968 1695 2189 1753 Patrum
2232 1695 2377 1751 dicta
2419 1696 2475 1750 in
2523 1705 2783 1765 promptu
2834 1706 2946 1751 tum
2998 1697 3226 1754 fuerunt
3273 1710 3436 1771 atque
3491 1701 3547 1757 in

270 1786 460 1854 ὁμοίαν
493 1786 815 1840 ἀκολουθίαν
838 1790 922 1840 ἀεὶ
950 1787 1306 1852 διασῴζοντα,
1345 1788 1430 1862 [Ρ.
1460 1786 1589 1859 629]
1627 1787 1859 1839 καθόσον

1980 1798 2208 1844 mentem
2251 1798 2544 1853 venerunt,
2595 1789 2830 1858 similem
2886 1804 3060 1860 usque
3097 1792 3551 1848 consecutionem

272 1876 513 1944 ἔφικτίν,
534 1879 951 1948 προενεγκόντες
970 1881 1149 1951 ἐκείνῃ
1170 1883 1235 1951 τῇ
1256 1880 1484 1945 διαλέξει
1509 1896 1574 1932 πε
1585 1879 1636 1950 pi.
1654 1868 1744 1930 τοῦ
1762 1878 1861 1946 τῆς

180 1964 199 1978 ί
273 1968 522 2039 θεότητος
573 1969 833 2038 όνῦματος
874 1971 932 2035 ἐξ
965 1972 1307 2040 αὐτοσχεδίου
1345 1971 1683 2038 δεδώκαμεν.
1752 1970 1860 2023 Καὶ

271 2059 391 2129 ἅμα
407 2061 679 2125 ὠνείδιζον
700 2062 873 2130 ἔγωγε
897 2063 1098 2129 σφίσιν,
1114 2065 1195 2116 ὅτι
1215 2062 1321 2115 τῶν
1340 2063 1501 2117 θείων
1519 2065 1773 2130 Πατέρων
1792 2064 1857 2132 τῇ

278 2153 399 2223 θείᾳ
421 2152 578 2222 οὑσία
601 2154 659 2205 τὸ
675 2156 773 2223 τῆς
804 2153 1057 2224 θεότητος
1081 2154 1251 2225 ὄνομα
1269 2155 1568 2228 διαρρήδην
1589 2154 1859 2219 διδόντων,

275 2243 431 2295 αὐτοὶ
448 2238 754 2314 παρεξηγού
762 2261 915 2315 μενοι
935 2245 1217 2315 προδήλως
1237 2246 1476 2306 ἐκείνους
1492 2241 1862 2313 συκοφαντοῦ-

277 2350 385 2389 σιν.
420 2334 627 2403 Ὄνομα
656 2335 766 2403 γὰρ
790 2335 977 2406 κύριον
1006 2337 1037 2406 ἢ
1075 2336 1150 2404 μὴ
1176 2336 1445 2406 ὑπάρχειν
1478 2335 1611 2397 ὅλως
1640 2338 1707 2405 τῇ
1743 2333 1860 2403 θεία

277 2428 442 2490 φασὶν
480 2427 659 2498 οὑσίξι,
696 2427 729 2498 ἢ
757 2429 891 2498 ἡμῖν
919 2445 982 2496 γε
1015 2431 1090 2499 μὴ
1124 2430 1393 2499 ὑπάρχειν
1417 2446 1431 2460 ·
1458 2428 1496 2484 ὃ.
1516 2426 1560 2481 δ’
1593 2427 1685 2482 οὖν
1713 2427 1862 2495 σφίσι

279 2518 643 2586 δογματισθὲν
693 2522 758 2573 ἐκ
809 2521 920 2573 τῶν
974 2522 1316 2592 τιμιωτέρων
1368 2522 1507 2593 ἡμῖν
1553 2520 1863 2581 nassam,

282 2613 537 2680 στέργειν
558 2613 653 2665 καὶ
679 2614 825 2682 ἡμᾶς
848 2610 987 2668 εἰναι
1005 2616 1275 2685 ἀνάγκην,
1305 2616 1399 2669 καὶ
1427 2613 1654 2684 μηδαμῆ
1677 2628 1869 2682 περαι-

279 2702 426 2773 τέρω
469 2705 806 2771 προϐαίνειν,
844 2708 979 2776 μηδὲ
1025 2709 1528 2778 πολυπραγμονεῖν.
1563 2706 1625 2760 Εἰ
1670 2705 1727 2757 δέ
1770 2722 1866 2756 που

282 2797 378 2848 καὶ
394 2798 463 2849 δι’
482 2796 798 2867 οἰκονομίαν
825 2800 945 2852 τινὰ
964 2799 1124 2863 ἰνίοις
1156 2802 1329 2854 ἐνίοτε
1359 2799 1452 2852 καὶ
1475 2798 1695 2867 ἐνιαχοῦ
1722 2814 1865 2866 παρ-

281 2889 584 2957 έφθεγκταί
616 2909 692 2956 τι,
722 2892 881 2958 δόξαν
905 2894 1030 2956 ῐσως
1065 2894 1466 2962 ἑναντιολογίας
1498 2892 1757 2962 παρέχον,
1791 2891 1865 2959 μὴ

282 2982 449 3050 νόμον
478 2978 616 3036 εἶναι
646 2981 707 3035 τδ
737 2984 962 3037 σπάνιόν
986 3002 1045 3036 τε
1071 2987 1166 3039 καὶ
1196 2984 1651 3053 δυσδιάγνωστον.

1971 1878 2148 1948 quoad
2189 1878 2302 1932 ﬁeri
2337 1879 2516 1947 potuit
2547 1878 2955 1943 conscrvantia,
2983 1880 3371 1949 produximus,
3398 1890 3455 1937 et
3482 1883 3553 1938 ad

1970 1972 2115 2026 illam
2149 1973 2212 2023 de
2241 1970 2545 2027 divinitatis
2577 1969 2799 2025 nomine
2829 1970 3273 2039 disputationem.
3296 1987 3363 2027 ex
3408 1984 3550 2029 tem—

1970 2078 2103 2132 pore
2127 2062 2506 2116 adhibuimus.
2538 2061 2678 2116 Tum
2711 2062 2814 2117 hoc
2849 2062 2957 2118 illis
2994 2065 3159 2118 simul
3197 2068 3551 2136 cxprobravi,

1968 2153 2117 2224 quod
2163 2169 2287 2209 cum
2328 2155 2501 2208 sancti
2550 2154 2746 2209 Patres
2791 2170 2995 2210 nomen
3042 2156 3299 2227 θεότητος
3347 2160 3555 2216 diserte

1972 2249 2280 2303 tribuerent
2313 2247 2511 2302 divinae
2540 2249 2882 2314 substantize,
2935 2249 2992 2303 hi
3037 2266 3326 2320 perperam
3376 2254 3552 2309 inter-

1972 2340 2243 2410 pretando
2313 2351 2502 2410 aperte
2571 2342 2698 2396 illos
2777 2341 3269 2398 calumniarentur.
3332 2344 3552 2401 Etenim

1973 2435 2131 2489 aiunt
2168 2434 2230 2498 ii,
2272 2434 2472 2489 divina:
2519 2434 2843 2489 substantia:
2888 2449 3095 2492 nomen
3139 2437 3425 2506 prOprium
3467 2439 3554 2493 vel

1973 2540 2083 2578 non
2110 2524 2397 2587 exsistere,
2429 2524 2515 2579 vel
2563 2524 2724 2580 nobis
2756 2524 2903 2580 haud
2935 2525 3223 2582 exsistere.
3256 2525 3413 2595 Quod
3449 2529 3556 2583 ita-

1969 2629 2077 2684 que
2108 2615 2299 2679 iidem,
2330 2615 2399 2668 ab
2430 2616 2916 2673 excellentioribus
2967 2620 3254 2676 attributis
3305 2621 3557 2685 ductum.

1970 2706 2024 2762 in
2058 2708 2223 2762 rebus
2252 2707 2588 2776 dogmaticis
2622 2720 2986 2778 usurparunt,
3016 2720 3073 2766 et
3114 2714 3281 2768 nobis
3315 2715 3560 2770 tradide~

1970 2808 2121 2865 runt,
2161 2814 2228 2853 eo
2262 2813 2362 2853 nos
2412 2807 2709 2855 contentos
2741 2814 2864 2856 esse
2916 2805 3239 2858 necessario
3280 2814 3561 2874 oportere,

1970 2903 2080 2941 non
2126 2880 2309 2941 auttm
2368 2886 2506 2941 ultra
2547 2889 2802 2957 progredi
2836 2898 2894 2944 et
2923 2890 3201 2948 curiosius
3256 2893 3560 2963 inquirere.

1970 2978 2124 3045 Quod
2179 2979 2226 3034 si
2277 2978 2372 3048 qui
2409 2978 2675 3049 singulari
2711 2980 2893 3049 aliqua
2932 2984 3147 3038 ratione
3178 2986 3475 3055 aliquando
3506 3002 3564 3046 et
3653 2970 3667 2981 ’
3707 3044 3718 3057 ,

284 3074 489 3129 alicubi
520 3075 802 3131 dissonum
832 3077 961 3147 quid
1008 3078 1483 3147 pronuntiassent,
1515 3076 1685 3149 990
1711 3073 1856 3145 quod
1895 3072 2174 3129 contrarie
2241 3071 2450 3127 dictum
2527 3072 2704 3127 videri
2748 3083 2953 3144 posset,
2990 3074 3043 3129 id
3094 3078 3335 3146 quidem,
3372 3088 3563 3149 utpote

285 3180 471 3219 rarum
498 3175 550 3220 et
582 3167 901 3232 obscurum,
941 3169 1117 3239 legem
1151 3184 1260 3223 non
1292 3184 1435 3225 esse.

361 3256 452 3313 H'.
486 3260 620 3329 Περὶ
646 3258 694 3313 δ’
714 3254 789 3313 ὧν
814 3256 969 3324 αὖθις
1000 3262 1091 3314 τὸν
1121 3262 1294 3329 μέγαν
1313 3262 1533 3331 εἰσῆγον
1560 3264 1755 3316 ἐκεῖνοι
1781 3261 1869 3314 Βα·

2062 3253 2199 3309 Vill.
2243 3251 2529 3319 Quatenus
2575 3259 2759 3308 autem
2808 3253 3068 3332 Basilium
3115 3256 3366 3329 Magnum
3402 3262 3567 3318 induo

286 3350 510 3442 aiis/to»,
559 3352 1110 3421 λέγονταγινώσκειν
1151 3355 1235 3407 ὲκ·
1259 3353 1369 3408 τῶν
1399 3354 1693 3422 ἐνεργειῶν
1724 3354 1873 3423 ἡμᾶς

286 3441 537 3496 τὸνθεόν
557 3462 570 3476 ·
604 3445 740 3499 ἀλλὰ
773 3446 878 3515 μὴν
905 3447 1193 3521 ἀκτίστους
1222 3449 1429 3509 ἐκεῖνος
1453 3447 1655 3517 ἥκιστα
1675 3447 1874 3515 φάσκει

288 3534 552 3604 θεότητας
575 3532 718 3590 εἶναι
744 3537 842 3600 τὰς
876 3538 1135 3601 τοιαύτας
1166 3540 1469 3610 ἐνεργείας,
1512 3540 1691 3607 ἔγωγε
1737 3540 1872 3608 ἔφα·

295 3642 446 3680 σκον.
482 3626 551 3679 Ἢ
604 3628 735 3695 γοῦν
791 3629 865 3698 μὴ
909 3627 977 3681 δι’
1033 3629 1238 3682 ἑαυτῶν
1284 3630 1679 3697 ἀναγινώσκειν
1738 3629 1875 3691 ὅλως

293 3718 683 3788 ἀπεφαινόμην
698 3705 974 3790 αὑτοὺςξῆ
999 3717 1472 3789 ἀναγινώσκοντας
1492 3722 1566 3791 μὴ
1588 3720 1875 3790 γινώσκειν

293 3812 433 3875 ὅλως
458 3811 494 3865 ἃ
521 3812 1009 3881 ᾲναγινώσκουσιν.
1052 3814 1234 3867 Εἰπὼν
1269 3813 1378 3884 γὰρ
1404 3817 1434 3867 ό
1470 3813 1613 3875 θεῖος
1648 3812 1835 3881 Πατὴρ
1856 3817 1878 3876 ,”

291 3903 361 3954 ὲκ
406 3903 515 3955 τῶν
570 3905 863 3974 ἐνεργειῶν
915 3904 1203 3972 γινώσκειν
1249 3905 1398 3975 ἡμᾶς
1467 3903 1557 3956 τὸν
1598 3902 1749 3966 Θεὸν,
1816 3903 1872 3953 ἐν

260 3994 362 4061 ’τῇ
398 3994 535 4063 αὑτῇ
568 3993 926 4079 παρακατιὼν
982 3994 1239 4065 ἐπιστολῇ
1285 3995 1476 4048 ἑαυτὸν
1540 3994 1702 4055 αὑτὸς
1744 3993 1872 4060 ἐξη-

289 4086 493 4149 γεῖται,
520 4083 774 4153 φάσκωνο
812 4104 830 4136 ι
873 4087 936 4139 Oi
969 4086 1210 4155 μαθηταὶ
1238 4086 1368 4139 πότε
1399 4085 1562 4140 αὑτὸν
1605 4083 1873 4155 προσικὺ-

290 4191 502 4244 νησαν;
530 4177 626 4245 οὑχ
649 4178 737 4228 ὅτε
752 4177 852 4247 τὴν
864 4176 1042 4230 κτίσιν
1063 4177 1209 4247 αὑτῷ
1229 4173 1369 4230 εἶδον
1392 4166 1870 4247 ὑποτεταγμένην;

326 4268 442 4320 Ana
473 4268 581 4338 γὰρ
607 4268 882 4338 θαλάσσης
906 4271 1004 4321 καὶ
1026 4269 1242 4331 ἀνέμων
1268 4270 1693 4324 ὑπακουσάντων
1725 4267 1875 4337 αὑτῷ

293 4358 605 4429 ἐγνώρισαν
639 4357 803 4413 αὑτοῦ
834 4360 932 4431 τὴν
963 4359 1214 4430 θεότητα.
1250 4359 1460 4417 Οὐκοῦν
1491 4361 1601 4415 ἀπὸ
1635 4361 1734 4430 μὲν
1763 4360 1872 4414 τῶν

298 4450 592 4518 ἐνεργειῶν
618 4451 650 4520 ἠ
675 4451 875 4518 γνῶσις
895 4467 910 4482 ο
940 4450 1049 4504 ἀπὸ
1090 4451 1145 4505 δὲ
1176 4455 1273 4522 τῆς
1301 4451 1552 4520 γνώσεως
1579 4453 1612 4523 ἡ
1641 4450 1875 4522 ιιιιροσκὺ⁶
1936 4447 1943 4454 ’

299 4557 481 4609 νησις.
507 4559 525 4593 ι
578 4561 596 4593 ι
635 4542 743 4595 Καὶ
788 4541 905 4611 ἅμα
948 4544 1130 4611 ὁρᾶτε,
1167 4543 1437 4614 ἔφασκον,
1486 4544 1763 4613 ἐνεργείας
1804 4543 1873 4596 τὰ

1982 3344 2206 3410 cebant,
2240 3343 2517 3398 dicentem
2553 3345 2812 3414 cognosci
2849 3362 2878 3401 a
2911 3348 3073 3403 nobis
3115 3350 3288 3406 Deum
3333 3367 3402 3408 ex
3427 3370 3564 3423 ope-

1982 3436 2329 3500 rationibus;
2375 3443 2433 3490 at
2467 3450 2575 3493 eas
2611 3438 2988 3507 operationes,
3042 3441 3290 3510 inquam,
3339 3447 3568 3501 minime

1982 3529 2077 3584 ille
2114 3529 2391 3584 increatas
2428 3528 2744 3585 divinitates
2795 3544 2915 3587 esse
2977 3532 3075 3588 ait.
3127 3511 3379 3592 Οωιιίηδ
3412 3554 3565 3608 ergo,

1981 3629 2078 3676 aut
2106 3622 2256 3690 ipsos
2287 3635 2385 3690 per
2415 3634 2473 3674 se
2507 3634 2621 3675 non
2649 3618 2853 3690 legere,
2883 3630 2977 3679 aut
3003 3623 3239 3691 legendo
3269 3642 3380 3681 non
3408 3628 3571 3682 intel-

1981 3712 2150 3783 ligere
2191 3726 2256 3765 ea
2306 3725 2429 3780 quae
2456 3711 2742 3781 degerent,
2774 3711 3129 3769 allirtnabam.
3163 3715 3298 3772 Nam
3343 3728 3567 3776 sanctus

1982 3804 2073 3859 hic
2099 3804 2281 3867 Pater,
2318 3810 2609 3874 postquam
2646 3803 2807 3870 dixit,
2848 3805 3020 3861 Deum
3055 3821 3122 3861 ex
3152 3810 3567 3876 Operationibus

1981 3892 2237 3964 cognosci
2282 3908 2312 3947 a
2365 3892 2545 3957 nobis,
2578 3907 2733 3948 suam
2780 3894 2897 3962 ipse
2926 3903 3169 3949 mentem
3202 3895 3346 3952 infra
3382 3898 3567 3955 iuea-
3656 3880 3665 3891 κ

1985 3987 2112 4041 dem
2140 3984 2377 4055 epistola
2411 3983 2810 4054 interpretatur
2848 3983 2937 4041 bis
2966 3985 3154 4043 verbis
3182 4004 3196 4041 :
3239 4007 3258 4040 ι
3305 3989 3569 4060 Discipuli

1981 4082 2202 4152 quando
2234 4094 2363 4137 eum
2411 4079 2754 4135 adorarunt?
2798 4081 2918 4136 Non
2964 4097 3092 4138 cum
3141 4093 3456 4140 creaturam
3512 4088 3567 4142 ei

1982 4173 2313 4229 submissam
2353 4171 2657 4227 viderunt?
2709 4171 2916 4242 Nempe
2963 4175 3003 4229 ii
3043 4175 3395 4233 divinitatem
3445 4180 3568 4250 ejus

1982 4280 2055 4321 ex
2084 4278 2153 4320 eo
2188 4269 2596 4334 cognoverunt,
2630 4262 2776 4331 quod
2810 4273 2866 4318 et
2903 4280 3052 4321 mare
3098 4276 3155 4322 et
3185 4270 3334 4324 venti
3378 4273 3572 4333 obcdi-

1982 4370 2107 4419 rent
2144 4360 2218 4418 ei.
2257 4360 2447 4431 itaque
2474 4376 2542 4415 ex
2576 4359 2996 4430 operationibus
3035 4370 3162 4417 nata
3198 4358 3466 4435 cognitio,
3494 4361 3566 4425 ei

1984 4456 2301 4526 cognitione
2333 4453 2598 4509 adoratio.
2644 4472 2663 4505 ι
2707 4470 2725 4505 ι
2765 4453 2843 4519 Ac
2874 4453 3077 4523 videte,
3118 4455 3363 4525 inquam,
3398 4460 3565 4515 simul

1983 4561 2236 4604 sanctum
2265 4547 2415 4604 hunc
2442 4546 2722 4602 doctorem
2764 4545 3116 4614 operationes
3156 4557 3446 4606 vocantem
3477 4568 3567 4615 ea,

300 4631 561 4702 θαύματα
593 4632 822 4701 λέγοντα
875 4634 967 4687 τὸν
1020 4634 1165 4689 θεῖον
1213 4635 1549 4691 διδάσκαλον.
1612 4637 1735 4697 liti);
1787 4634 1869 4690 oin

1990 4657 2112 4708 qua:
2146 4649 2277 4697 sunt
2311 4638 2595 4695 miracula.
2627 4635 2929 4705 .Quomodo
2971 4638 3155 4707 itaque
3188 4655 3288 4696 vos
3328 4658 3480 4699 mare
3514 4655 3571 4700 et

304 4723 586 4778 θάλασσαν
640 4726 737 4779 καὶ
783 4724 1020 4794 ἀνέμους
1072 4727 1164 4779 καὶ
1217 4726 1286 4779 τὰ
1343 4726 1569 4781 τοιαῦτα
1618 4726 1881 4796 θεότητας

303 4817 601 4881 ἁκτίστους
656 4818 829 4887 φατὲ,
879 4822 974 4871 καὶ
1032 4819 1161 4882 τοὺς
1212 4818 1772 4890 θείουςπρηστῆρας
1819 4819 1880 4872 οὑ

305 4909 565 4978 φρίττετε
585 4926 602 4975 ;
620 4902 851 4961 Ἐπειτλῖ
871 4909 993 4962 οὐδὲ
1012 4925 1094 4962 τοι
1117 4909 1207 4962 τὸν
1223 4909 1331 4961 τῶν
1347 4908 1516 4962 ὄντων
1540 4907 1881 4979 γινώσκομεν

304 5002 514 5056 αἴτιον·
556 5003 665 5055 κάκ
695 5004 791 5070 τῆς
825 5000 1086 5071 διαφορᾶς
1119 5001 1227 5053 τῶν
1256 5000 1428 5055 ὄντων
1461 4999 1561 5073 τὴν
1608 5000 1700 5055 τοῦ
1733 5002 1886 5066 ὄντος

307 5092 675 5161 διδασκόμεθα
698 5090 909 5162 σοφίαν,
937 5090 1028 5143 τὸν
1060 5090 1204 5144 Υίόν·
1239 5092 1330 5143 καὶ
1357 5093 1422 5143 ὲκ
1454 5091 1553 5161 τῆς
1582 5091 1688 5143 τῶν
1716 5091 1886 5145 ὄντων

311 5184 547 5254 φυσικῆς
577 5186 844 5254 κινήσεως
866 5183 966 5253 τὴν
1001 5184 1367 5237 ὲνυπόστατον
1388 5182 1482 5237 τοῦ
1503 5182 1655 5246 ὄντος
1683 5184 1889 5254 μανθά-

314 5291 481 5344 νομεν
524 5274 690 5342 ζωὴν,
733 5272 833 5344 τὴν
875 5273 985 5326 τῶν
1019 5274 1187 5327 ὄντων
1232 5267 1497 5339 ζωοποιδὺ
1548 5274 1796 5344 δύναμιν,
1834 5277 1893 5328 τὸ

321 5366 543 5437 Πνεῦμα
576 5368 637 5419 τὸ
665 5366 840 5435 ἆγιον.
873 5385 892 5418 ι

390 5458 470 5513 6'.
520 5459 580 5512 Ὀ
616 5460 869 5530 βασιλεὺς
896 5458 942 5512 δ’
969 5457 1134 5521 εὐθὺς
1168 5457 1473 5522 ἀνίσταται,
1514 5461 1699 5529 γέμων
1731 5461 1899 5530 ὁρῖἦς

323 5555 418 5605 καὶ
453 5554 627 5622 θυμοῦ
690 5553 782 5605 καὶ
811 5552 985 5622 βραχὺ
1018 5553 1226 5621 προϐὰς
1253 5552 1347 5605 τοῦ
1382 5552 1627 5621 θαλάμου
1657 5552 1718 5604 τὸ
1740 5569 1899 5617 ποιη-

321 5648 443 5699 τέον
477 5644 862 5712 ἐκοινολογεῖτο
897 5642 1081 5713 κρύφα
1104 5643 1180 5713 τῷ
1232 5658 1290 5695 τε
1349 5642 1586 5713 Παλαμᾲ
1636 5643 1730 5696 καὶ
1791 5646 1906 5705 τοῖς

329 5741 683 5801 ἐπισκόποις·
737 5733 878 5789 εἶναι
918 5736 1026 5805 γὰρ
1071 5737 1360 5806 ἀνίσχυρον
1410 5734 1661 5789 ἐνταυθοῖ
1703 5734 1799 5801 τὴν
1845 5748 1866 5785 ε

2009 5747 2155 5793 esset
2178 5737 2493 5793 consultare

329 5831 503 5900 λόγων
569 5829 763 5888 πειθώ.
829 5828 939 5882 Καὶ
991 5829 1158 5900 ῥᾴονα
1206 5828 1424 5882 πάντων
1455 5828 1646 5883 ’ἄλλων
1690 5827 1911 5899 εὕρισκε

1990 4740 2191 4785 ventos
2242 4738 2299 4784 ct
2361 4729 2564 4784 similia
2619 4727 2897 4782 increatas
2947 4729 3157 4783 vocatis
3214 4730 3569 4800 divinitates;

1996 4832 2112 4876 tum
2142 4820 2304 4875 iidem
2335 4819 2526 4891 igneos
2558 4819 2654 4874 Dei
2686 4817 2934 4873 turbines
2969 4818 3115 4873 haud
3144 4819 3575 4879 exhorrescitis?

1991 4913 2110 4967 Jam
2157 4927 2290 4969 vero
2336 4927 2438 4968 nec
2490 4911 2668 4981 ipsum
2705 4911 2913 4966 entium
2954 4921 3237 4967 auctorem
3287 4919 3574 4985 cognosci-

1998 5020 2143 5070 mus,
2174 5003 2269 5059 sed
2314 5018 2379 5058 ex
2414 5002 2677 5056 varietate
2714 5001 2925 5056 cn‘tium
2966 5002 3293 5072 sapientiam
3327 4984 3446 5078 eius
3475 4984 3571 5076 qui

1995 5103 2101 5162 cst,
2128 5110 2325 5166 nempe
2364 5094 2595 5169 Filium,
2627 5094 3051 5163 cognoscimus;
3085 5105 3140 5151 et
3168 5111 3237 5150 cx
3278 5107 3430 5151 motu
3478 5114 3578 5152 cn-

1996 5188 2136 5242 tium
2164 5186 2400 5241 naturali
2428 5185 2599 5239 vitam
2626 5185 2770 5255 ejus,
2801 5186 2896 5255 qui
2927 5196 3033 5251 est,
3062 5202 3159 5257 per
3188 5203 3246 5243 se
3272 5188 3579 5265 subsisten-

2000 5289 2110 5335 tem
2162 5280 2544 5349 intelligimus,
2594 5293 2793 5350 nempe
2838 5282 3048 5361 entium
3096 5281 3366 5335 viviﬁcam
3409 5282 3580 5334 virtu—

2001 5380 2133 5434 tem,
2164 5370 2433 5441 Spiritum
2463 5380 2737 5425 sanctum.
2779 5389 2799 5424 ι

2075 5460 2166 5516 lX.
2224 5461 2301 5516 lbi
2343 5457 2643 5531 imperator
2688 5461 2781 5518 irre
2830 5471 2891 5537 ct
2946 5462 3340 5535 indignationis
3386 5464 3581 5533 plenus

2004 5550 2263 5619 surrexit;
2296 5562 2354 5608 et
2381 5554 2545 5622 paulo
2575 5538 2732 5609 eatra
2769 5554 3087 5610 cubiculum
3113 5570 3438 5625 progressus
3465 5572 3580 5612 ca:-

2010 5647 2090 5715 pit
2133 5647 2272 5700 ciam
2322 5661 2448 5701 cum
2488 5644 2702 5700 Palama
2742 5655 2798 5700 et
2827 5645 3101 5716 episcopis
3134 5646 3263 5716 quid
3308 5647 3583 5717 agendum

2534 5752 2550 5793 :
2596 5736 2763 5790 verba
2805 5735 3011 5806 quippe
3043 5737 3097 5790 in
3133 5739 3391 5807 praesenti
3424 5755 3590 5807 nego‘

2015 5829 2091 5885 tio
2117 5828 2227 5884 vim
2259 5827 2625 5900 persuadendi
2650 5825 2813 5899 991
2844 5827 3125 5883 minimam
3158 5830 3382 5887 habere.
3415 5837 3590 5902 Atque
