4002 6464
449 394 470 456 1
492 349 590 452 -ei

752 390 826 459 [ι.
873 405 928 442 st.
968 389 1123 452 655'},
1167 403 1274 440 IND.
1316 387 1368 457 ί]

1582 389 1993 448 NICEi‘lltilll
2052 390 2431 448 GliEG'Ttii

2681 386 2809 456 intr.
2851 403 2888 440 ι.
2931 401 3217 442 cumcuz.
3257 383 3313 454 5]

3521 389 3646 453 196i

444 517 500 557 ut
563 521 660 560 nos
721 505 1120 574 quamprimum
1181 506 1518 566 amoliretur,
1577 504 1778 557 nullam
1838 504 1990 572 plane

2101 505 2292 570 τρόπον
2320 503 2524 564 οὐδένα,
2568 502 2663 570 τὴν
2705 504 2961 572 ταχίστην
2998 503 3470 558 ἀποσκευάσασθαι
3514 508 3645 556 πάν-

447 597 607 648 aliam
643 600 904 648 rationem
941 596 1140 663 reperit
1171 594 1466 646 faciliorem
1497 609 1582 655 ea,
1615 609 1774 661 quam
1808 603 1860 646 et
1894 593 1989 644 Pa-

439 687 610 740 lamas
658 685 940 755 praeceptis
988 685 1103 738 suis
1136 684 1471 749 designatum
1507 683 1556 735 ei
1597 682 1993 750 preposuisset,

439 787 494 830 et
528 780 641 845 ipse
678 777 787 846 jam
821 792 918 830 usu
962 776 1247 844 probatam
1281 773 1499 842 penitus
1527 773 1892 842 cognovisset.
1938 771 1992 824 Id

438 879 618 921 autem
651 877 788 929 erat,
821 867 1044 920 omnino
1075 865 1185 934 jam
1214 864 1578 933 abrogandam
1607 875 1726 916 esse
1753 863 1994 930 ejusmo-

438 960 490 1012 di
547 958 994 1027 disputationem,
1043 969 1164 1023 qua:
1212 969 1277 1008 ex
1333 953 1632 1020 Scripturis
1671 958 1988 1019 argumenta

441 1059 716 1117 repeteret
763 1067 774 1101 :
820 1047 948 1102 inde
996 1046 1206 1100 scilicet
1240 1043 1497 1112 consequi
1529 1057 1624 1095 eos
1662 1041 1863 1103 exitus,
1898 1040 1992 1108 qui

439 1141 855 1209 haudquaquam
880 1137 985 1192 sibi
1008 1137 1327 1210 expedirent
1352 1154 1363 1188 :
1392 1150 1512 1202 qua:
1532 1132 1677 1187 enim
1711 1131 1788 1184 illi
1817 1131 1870 1184 in
1894 1145 1994 1186 nos

434 1233 659 1302 exsequi
695 1234 1115 1297 meditarentur,
1162 1243 1224 1282 ea
1277 1228 1422 1296 ipsos
1465 1242 1494 1280 a
1542 1225 1700 1279 nobis
1734 1240 1991 1294 passuros

433 1321 617 1382 citius,
647 1335 810 1389 quam
841 1327 1198 1373 exsecuturos
1232 1331 1316 1376 ea,
1362 1328 1484 1384 qua:
1511 1328 1611 1366 nos
1643 1312 1754 1383 pati
1788 1312 1994 1368 voluis-

381 1411 392 1416 “
435 1419 576 1463 sent.
617 1409 782 1463 [idem
825 1409 1062 1463 concilio
1094 1406 1368 1477 expellere
1397 1403 1739 1458 constituunt
1778 1405 1991 1473 episco-

431 1513 562 1568 pum
595 1497 743 1568 Tyri,
773 1499 866 1568 qui
902 1498 1224 1567 patriarcha:
1262 1491 1590 1549 Antioclteni
1636 1493 1758 1562 jura
1799 1493 1991 1549 tueba-

435 1598 565 1642 tur:
602 1589 746 1658 quod
787 1590 831 1644 si
879 1589 926 1644 is
970 1589 1284 1658 persisteret
1318 1593 1369 1639 et
1412 1583 1664 1648 instaret,
1701 1584 1848 1639 illius
1889 1599 1986 1653 pa.

434 1681 688 1735 triarchae
715 1681 1042 1736 sententiam
1079 1678 1388 1747 allegando.
1417 1689 1522 1744 qua
1551 1674 1796 1730 Palamas
1819 1674 1990 1746 depo-

2095 609 2191 654 τας
2224 595 2390 661 ἡμᾶς,
2413 595 2444 659 ἦ
2477 592 2595 645 καθ’
2615 595 2676 652 ὰ;
2707 598 2731 645 ὁ
2761 597 3018 662 Ιιαὶαμᾱίς
3047 611 3105 646 τε
3138 595 3284 665 αὐτῷ
3305 595 3647 665 προεξωγράο

2098 700 2268 752 φησεν
2321 684 2598 754 ὑποθήκας
2638 687 2730 737 καὶ
2775 686 2933 746 αὐτὸς
2979 685 3077 754 ἤδη
3125 686 3288 754 πείρᾳ
3338 687 3649 755 μεμάθηκεν

2098 773 2359 845 ἀκριϐῶς.
2394 777 2456 828 Αἱ
2491 777 2544 828 δὲ
2571 772 2709 845 ἦσαν
2741 777 3175 845 ἀποψηφίζεσθαι
3202 777 3394 846 κομιδῆ
3429 777 3525 842 τὴν
3565 779 3650 828 διὰ

2103 867 2386 936 γραφικῶν
2419 868 2741 932 ἀποδείξεων
2769 869 2867 938 ήδη
2893 869 3122 932 διάλεξιν
3145 885 3159 900 ·
3193 868 3276 939 [Ρ.
3304 867 3429 938 6‘25]
3459 871 3650 938 ἥκιστα

2103 958 2212 1027 γάρ
2245 954 2383 1010 εἷναί
2412 975 2594 1026 σφισιν
2622 959 2868 1012 ἐντεῦθεν
2895 959 2992 1021 τὰς
3025 959 3317 1021 ἀποϐάσεις
3347 959 3652 1012 λυσιτελοῦς

2105 1065 2202 1110 σας
2220 1055 2235 1068 ⁸
2267 1048 2458 1102 θᾶττον
2485 1051 2593 1118 γὰρ
2627 1050 2691 1102 ἂν
2721 1051 2912 1102 παθεῖν
2938 1049 3027 1120 ὑφ’
3047 1051 3202 1120 ἡμῶν
3231 1052 3443 1114 αὐτοὺς,
3468 1054 3501 1105 ά
3523 1051 3654 1121 δρᾷν

2104 1139 2224 1192 καθ’
2257 1141 2412 1209 ἡμῶν
2441 1142 2810 1210 ἐμελέτησανι,
2845 1143 2875 1208 ἢ
2906 1143 3035 1214 δρᾷν
3063 1143 3098 1196 ά
3129 1144 3317 1198 παθεῖν
3345 1147 3488 1214 ἡμᾶς
3528 1147 3655 1214 ὲμεο

2102 1232 2358 1301 λέτησαν.
2395 1235 2683 1287 Συνέθεντο
2711 1232 2975 1300 δ’-ὲξῶσαι
3014 1235 3106 1290 τοῦ
3140 1238 3411 1305 συνεδρίου
3445 1237 3653 1290 καὶτὸν

2102 1321 2282 1391 Τύρου
2312 1325 2609 1378 ἐπίσκοπον
2625 1326 2723 1394 (6),
2751 1325 2845 1377 τοῦ
2877 1325 2984 1378 τῶν
3022 1327 3339 1394 ’Δντιοχέων
3375 1325 3646 1395 πατριάρ·

2091 1429 2188 1482 χου
2230 1411 2298 1466 τὰ
2330 1413 2512 1466 δίκαια
2564 1416 2828 1484 φέροντα·
2871 1416 2918 1467 εί
2962 1415 3008 1468 δ’
3038 1404 3307 1482 ἐπιμένων
3347 1414 3644 1478 ἑνίσταιτο,

2092 1502 2528 1572 προϐαλλόμενος
2557 1505 2656 1574 τὴν
2678 1507 2884 1559 ἐκείνου
2909 1508 3048 1560 κατὰ
3076 1507 3165 1559 τοῦ
3193 1507 3424 1575 Παλαμᾶ
3455 1507 3645 1558 καθαί⁹

2093 1589 2242 1659 ρεσίν
2267 1607 2324 1642 τε
2351 1592 2446 1646 καὶ
2463 1593 2822 1663 ἀποκήρυξιν,
2851 1596 3098 1649 κάκεῖνον
3119 1596 3266 1664 αὐτῷ
3299 1595 3648 1662 συγκαθελεῖν

2090 1680 2251 1744 εὐθὺς
2281 1683 2371 1736 καὶ
2402 1683 2500 1753 τῆς
2533 1685 2686 1754 ἡμῶν
2719 1687 2967 1756 ἐκτεμεῖν
2997 1687 3335 1757 Ἐκκλησίας.

430 1775 570 1829 situs
599 1773 991 1844 damnatusque
1041 1785 1207 1839 esset,
1259 1786 1373 1832 tum
1410 1779 1588 1849 ipsum
1658 1796 1878 1853 quoque
1947 1783 2134 1840 statim
2185 1801 2311 1841 cum
2368 1791 2679 1860 patriarcha
2747 1801 3128 1856 exauctorare,
3184 1800 3238 1846 et
3281 1791 3349 1844 ab
3396 1787 3648 1843 Ecclesia:

433 1877 628 1920 nostra:
658 1866 1044 1920 communione
1087 1866 1434 1923 abscindere.

499 1959 567 2014 Χ.
598 1959 754 2013 Prius
783 1959 964 2028 itaque
1019 1973 1137 2022 nos,
1194 1961 1542 2017 contumeliis
1589 1971 1644 2016 et
1693 1964 1983 2020 calumniis

2164 1965 2218 2022 I'.
2255 1968 2418 2021 Ὅθεν
2460 1967 2658 2032 ἔδυξεν,
2697 1966 2884 2036 ὕϐρεσι
2917 1968 3011 2020 καὶ
3037 1967 3310 2029 διαϐολαῖς
3337 1968 3645 2020 ἀποσκευα-

432 2049 792 2104 atrocioribus
821 2048 1121 2117 perculsos,
1154 2064 1407 2104 amovere
1437 2061 1722 2122 statuunt;
1754 2071 1863 2124 quo
1890 2056 1986 2111 de-

432 2144 559 2197 inde
591 2144 678 2197 illa
709 2145 891 2198 omnia
945 2144 1010 2196 ad
1062 2142 1277 2197 libitum
1316 2147 1609 2216 tranquille
1667 2148 1985 2216 decernant,

428 2244 483 2290 et
513 2250 613 2304 pro
647 2235 915 2305 dogmatis
938 2236 1123 2291 haberi
1149 2237 1396 2307 jubeant,
1443 2239 1535 2294 ubi
1571 2240 1680 2310 jam
1716 2255 1878 2294 nemo
1908 2240 1990 2295 fu-

428 2335 585 2380 turus
620 2329 691 2388 sit
719 2327 813 2396 qui
844 2327 1190 2382 adversetur.
1214 2329 1543 2400 Plerumque
1599 2330 1746 2384 enim
1801 2339 1857 2386 et
1890 2347 1991 2387 sat-

424 2419 550 2487 pius
601 2417 907 2473 elllcaciora
967 2433 1088 2473 esse
1147 2419 1367 2474 aiebant
1419 2435 1484 2476 ea
1548 2437 1669 2489 qum
1702 2421 1987 2487 audacius,

424 2525 589 2578 quam
629 2525 750 2578 qua:
775 2509 997 2579 segnius
1026 2522 1338 2580 agerentur.
1369 2511 1426 2566 Id
1466 2513 1848 2581 episcoporum
1873 2515 1991 2568 ani-

425 2590 535 2655 mis.
569 2615 819 2668 magnam
881 2603 1166 2656 instillavit
1209 2603 1496 2658 libidinem
1548 2604 1858 2659 incessendi
1888 2619 1988 2659 nos

424 2693 679 2748 convitiis
716 2693 893 2762 palam
929 2709 990 2748 ac
1021 2687 1349 2761 pehslanter,
1387 2695 1535 2749 velut
1596 2696 1664 2750 de
1723 2696 1988 2765 plaustro.

423 2785 636 2854 Ecquid
670 2801 835 2855 porro
866 2786 1232 2841 deterioribus
1263 2786 1523 2855 ingeniis,
1554 2787 1610 2842 iu
1641 2787 1841 2857 quibus
1867 2802 1990 2842 coa-

421 2881 520 2935 lita
553 2881 694 2934 inest
747 2877 874 2933 boni
931 2877 1109 2933 omnis
1141 2878 1467 2948 ignorantia,
1521 2879 1691 2949 magis
1726 2878 1986 2948 proclive,

425 2986 588 3040 quam
625 2970 691 3023 ad
727 2971 948 3024 insanos
981 2970 1211 3024 allectus
1241 2970 1349 3023 labi
1401 2978 1456 3024 et
1483 2969 1730 3039 impelli?
1783 2969 1990 3039 Nempe

423 3062 460 3117 ii
487 3061 670 3125 veriti,
705 3075 771 3114 ne
793 3076 858 3114 ex
889 3062 1060 3114 sacris
1099 3060 1398 3128 Scripturis
1425 3061 1578 3129 impii
1603 3072 1984 3128 arguerentur,

424 3169 619 3221 magna
649 3167 867 3222 pompa,
903 3165 1100 3221 magno
1155 3161 1423 3220 apparatu
1457 3151 1608 3204 velut
1662 3152 1717 3204 in
1770 3151 1990 3207 theatro

423 3243 725 3312 expositam
764 3242 928 3312 992
959 3241 1295 3311 impietatem
1347 3255 1502 3296 suam
1554 3256 1615 3295 re
1665 3241 1986 3296 declarant:

2093 2058 2348 2127 σαμένοις
2393 2060 2658 2129 πρότερον
2691 2042 2846 2130 ’ἡμᾶς
2889 2057 3393 2128 ἐκπληκτικώτερον
3424 2060 3644 2127 τρόπον,

2091 2148 2215 2202 καθ’
2261 2150 2492 2218 ἡσυχίαν
2545 2150 2877 2220 ψηφίζεσθαι
2933 2167 2990 2201 τε
3046 2150 3140 2202 καὶ
3191 2149 3530 2217 δογματίζειν
3579 2155 3643 2201 τὰ

2090 2239 2293 2293 τοιαῦθ’
2328 2241 2544 2294 ἅπαντα
2577 2242 2716 2294 κατὰ
2749 2241 2998 2311 βούλησιν
3020 2280 3034 2305 ,
3072 2241 3259 2309 μηκέτ’
3289 2241 3438 2302 ὄντος
3469 2243 3526 2304 ὃς
3555 2243 3645 2294 άνο

2088 2333 2404 2402 τιστήσεται
2439 2333 2698 2403 μηδενός·
2733 2329 2873 2386 εἶναι
2908 2334 3016 2402 γάρ
3054 2335 3128 2395 ὠς
3157 2333 3225 2384 τά
3257 2333 3421 2386 πολλὰ
3451 2333 3646 2386 πολλὰ·

2091 2439 2176 2486 κις
2202 2423 2440 2491 ἔφασκον
2463 2426 2532 2478 τά
2558 2425 2666 2476 τῶν
2689 2423 2980 2494 δρωμένων
3007 2425 3312 2493 θρασύτερα
3338 2425 3511 2494 πολλῷ
3540 2425 3648 2477 τῶν

2091 2517 2414 2587 πραοτέρων
2458 2516 2862 2586 άνυσιμὼτερα.
2914 2515 3096 2570 Ταῦτα
3148 2517 3316 2570 πολὺν
3367 2517 3649 2580 ἑνέσταξεν

2092 2602 2284 2672 ῖμερον
2313 2594 2432 2665 ταῖς
2458 2603 2568 2656 τῶν
2595 2604 2913 2656 ἐπισκόπων
2937 2603 3155 2672 ψυχαῖς,
3182 2603 3240 2667 ἐξ
3264 2601 3475 2671 ἁμάξης
3500 2603 3651 2657 ἀναί-

2092 2695 2188 2764 δην
2217 2693 2688 2766 παρρησιάζεσθαι
2721 2695 2845 2748 καθ’
2879 2684 3057 2764 ἡμῶν.
3091 2697 3196 2750 Καὶ
3223 2696 3276 2747 τί
3308 2695 3416 2764 γάρ
3447 2697 3648 2765 μοχθη-

2093 2783 2344 2854 ροτέραις
2388 2786 2622 2853 ψυχαῖς,
2663 2785 2873 2854 ἀμαθίᾳ
2907 2785 3405 2856 συντεθραμμέναις
3451 2785 3650 2847 παντὸς

2091 2873 2297 2939 ἀγαθοῦ
2317 2911 2331 2936 ,
2364 2874 2492 2944 ῥᾷον
2521 2871 2649 2926 ἄλλο
2682 2873 2792 2926 τῶν
2841 2873 3016 2926 ἄλλων
3045 2872 3249 2942 1ἕτερον,
3280 2871 3312 2941 ἢ
3349 2871 3482 2941 πρὸς
3527 2871 3650 2923 ἀτό-

2094 2983 2228 3027 πους
2257 2966 2433 3033 ὁρμὰς
2463 2965 2748 3036 προτροπή
2776 2980 2792 3030 ;
2825 2964 3107 3027 Δείσαντες
3136 2964 3262 3032 γὰρ,
3291 2964 3364 3034 μὴ
3383 2963 3519 3032 πρὸς
3541 2962 3646 3018 τῶν

2092 3057 2250 3111 θείων
2277 3057 2316 3109 Γ
2322 3057 2507 3126 ραφῶν
2533 3057 2747 3115 ἀσεϐεῖς
2777 3055 3190 3126 ἐξελεγχθῶσιν,
3212 3055 3460 3110 ἀσέϐειαν
3481 3055 3648 3124 δρῶσι

2093 3148 2232 3201 πάνυ
2264 3150 2648 3219 πανηγυρικὴν
2670 3151 2804 3217 ὁμοῦ
2838 3157 2930 3200 καὶ
2959 3149 3254 3218 θεατρικήν
3278 3162 3293 3177 °
3328 3144 3649 3214 ὄμοιον,ὦσ-

2093 3257 2198 3310 περ
2233 3241 2298 3295 ἂν
2348 3242 2400 3294 εί
2435 3257 2520 3302 τις
2551 3241 2609 3292 ἰν
2642 3240 2867 3307 πελάγει
2903 3241 3222 3312 νηχόμενος,
3252 3239 3370 3296 εἶτα
3409 3243 3644 3312 ψεκάδας

428 3332 656 3402 perinde
693 3333 771 3387 illi
805 3333 1088 3396 facientes,
1131 3347 1194 3386 ac
1223 3333 1268 3386 si
1315 3333 1440 3400 quis
1475 3331 1528 3384 in
1579 3333 1717 3386 mari
1771 3341 1984 3399 natans,

2095 3333 2220 3386 ἰδὼν
2244 3335 2336 3386 καὶ
2358 3333 2559 3404 βροχῆς
2589 3331 2808 3402 ἀμυδρά
2833 3334 3113 3402 προοίμια,
3134 3331 3332 3401 ὕφαλος
3359 3331 3646 3386 κατεδύετο

427 3422 594 3478 stillis
621 3421 841 3476 demum
869 3431 925 3476 et
951 3421 1168 3476 levibus
1211 3421 1422 3492 pluvia:
1443 3420 1726 3491 prwludiis
1749 3436 1991 3491 conspe-

428 3514 554 3577 etis,
583 3513 860 3583 profundo
901 3515 1039 3578 mari
1071 3526 1192 3568 sese
1222 3513 1530 3584 immergat,
1587 3527 1656 3568 ne
1687 3511 1853 3568 aeriis
1883 3513 1992 3570 illis

435 3605 653 3661 roribus
685 3605 1065 3675 perfundatur.

501 3697 596 3752 ΧΙ.
637 3699 851 3754 Etenim
886 3699 1155 3764 Palamas,
1196 3699 1458 3770 paulatim
1511 3698 1639 3754 inde
1667 3697 1987 3764 abscedens,

315 3854 330 3870 α
430 3790 726 3846 auxiliares
757 3792 944 3860 copias
968 3791 1206 3845 accitum
1237 3791 1357 3855 ivit,
1394 3801 1450 3844 et
1492 3779 1848 3860 quoscunque
1874 3790 1983 3845 cir-

426 3883 857 3950 cumstrependi,
918 3882 1290 3951 obstrependi,
1351 3890 1409 3936 et
1461 3884 1772 3949 importune
1827 3880 1988 3935 oblo-

427 3971 632 4037 quendi
707 3970 961 4024 facultate
995 3971 1284 4040 “pollentes
1351 3970 1594 4039 reperit,
1648 3985 1745 4024 eos
1797 3967 1989 4026 omnes

428 4064 792 4134 congregavit.
825 4063 890 4117 lli
919 4073 1104 4118 autem
1155 4063 1456 4118 insolentes
1518 4060 1732 4131 linguas
1781 4061 1838 4116 in
1887 4075 1991 4116 nos

429 4153 717 4208 acuebant.

2094 3426 2232 3493 πρὸς
2260 3425 2322 3479 τὸ
2347 3425 2608 3494 πέλαγος,
2641 3425 2717 3496 μὴ
2753 3424 3034 3497 διάϐροχος
3065 3425 3168 3478 ὑπὸ
3194 3423 3303 3479 τῶν
3331 3425 3526 3497 ἀερίων
3550 3424 3647 3492 ψε-

2094 3517 2272 3574 κάδων
2306 3517 2529 3574 ἐκείνων
2561 3521 2806 3588 γένηται.

2163 3695 2267 3751 ΙΔ’.
2312 3695 2370 3750 '0
2416 3697 2515 3768 μὲν
2543 3696 2649 3768 γὰρ
2681 3696 3379 3768 Παλαμᾶς,ξπαρεγκλίνας
3416 3699 3641 3768 μικρὸν,

2092 3788 2391 3857 δξενολόγει
2419 3789 2515 3841 καὶ
2541 3787 2862 3853 συνήθροιζε
2892 3789 3000 3842 τῶν
3035 3788 3386 3858 περιϐομϐεῖν
3422 3789 3512 3841 καὶ
3542 3805 3647 3840 πα.

2095 3881 2388 3954 ραϐομϐεῖν
2435 3881 2530 3934 καὶ
2567 3883 3058 3950 παραφθέγγεσθαι
3101 3881 3409 3948 δυναμένων
3447 3876 3523 3940 οἷς
3561 3884 3649 3931 ἰν-

2091 3977 2421 4043 ετύγχανεν·
2466 3972 2518 4025 οί
2562 3971 2606 4024 δ’
2636 3971 2865 4041 ἡκόνουν
2907 3975 3004 4036 τὰς
3044 3973 3279 4036 ἀτόπους
3316 3972 3435 4026 καθ’
3484 3972 3644 4043 ήμῶν

2092 4065 2358 4136 γλώττας.

1856 4260 2084 4320 CAPUT
2125 4259 2236 4317 VII.

425 4359 684 4430 Gregoras
721 4358 916 4428 aliique
949 4357 1224 4430 orthodoxi
1251 4355 2366 4430 introvocantur.Cantacuzenuaminatur
2405 4354 2737 4430 grauissima.
2793 4351 2928 4422 Ejus
2958 4367 3074 4404 cum
3115 4349 3320 4430 Xerxe,
3367 4348 3644 4430 Permirum

499 4415 639 4498 rége,
671 4415 1018 4498 comparatio.
1057 4427 1440 4498 EpiscOpgrum
1475 4427 1871 4498 Paluatitaruin
1900 4425 2189 4498 imperitia,
2227 4415 2516 4498 Orthodoxi
2549 4425 2746 4498 frustra
2791 4415 3051 4498 conantur
3081 4419 3454 4498 contradicere.
3505 4415 3646 4469 Can-

503 4490 738 4575 tacuaerti
764 4490 1012 4549 v'ultus‘et
1063 4490 1564 4575 qérbafGregoram
1601 4495 1841 4575 discipuli
1878 4490 2176 4575 timidiores
2207 4496 2489 4575 deserunt,-
2537 4490 2632 4575 alii
2675 4491 2851 4575 silent.
2889 4491 3130 4575 aggerat
3174 4499 3220 4542 et
3246 4490 3643 4575 o‘rtltodoxorum

499 4567 860 4636 episcoporum
906 4559 1664 4636 secessio;quasimperator
1705 4559 1945 4636 primum
1987 4565 2131 4636 exire
2175 4571 2366 4636 vetata
2393 4563 2599 4636 deinde,
2629 4563 2879 4636 suadente
2930 4559 3181 4625 Palama,
3231 4560 3372 4610 abire
3422 4559 3641 4626 patitur.

497 4631 810 4699 Palaniitw,
840 4634 1059 4703 egressis
1091 4633 1412 4697 orthodoxis,
1452 4631 1833 4703 'imperawrcm
1879 4633 2191 4686 adulantur.
2227 4631 2494 4702 Quidquid
2538 4631 2690 4683 libuit
2714 4633 3013 4684 decernunt.

495 4751 538 4806 Ι.
573 4749 816 4803 Tandem
839 4756 896 4802 et
927 4747 1088 4802 nobis
1140 4746 1404 4802 iracunde
1451 4748 1829 4812 introvocatis,
1873 4748 1986 4802 vio-
2020 4757 2065 4812 ι)

419 4843 558 4899 lenti
586 4854 810 4911 prorsus
861 4848 914 4894 et
946 4838 1014 4893 ad
1043 4853 1206 4892 omne
1261 4839 1442 4894 scelus
1490 4840 1730 4910 prompti
1784 4840 1837 4893 in
1884 4854 1985 4893 nos

423 4939 801 5003 consurgunt;
825 4947 888 4986 ac
921 4931 1179 4986 Ecclesiae
1207 4931 1302 4986 Dei
1354 4932 1650 4998 antistites,
1683 4931 1720 4986 ii
1751 4931 1982 4995 Scilicet,

423 5027 625 5098 quibus
653 5033 933 5094 pastorum
967 5039 1168 5078 munus
1196 5025 1411 5094 obtigit,
1461 5025 1678 5078 vineam
1739 5025 1831 5077 Dei
1891 5038 1986 5076 va-

421 5125 585 5170 stant.
613 5113 816 5169 Omitto
849 5126 1065 5178 caatera,
1096 5128 1216 5183 quae
1247 5114 1508 5168 adversus
1560 5113 1828 5183 ejusmodi
1881 5112 1982 5166 ho-

423 5209 600 5261 mines
632 5219 787 5259 sacra
816 5202 1100 5275 Scriptura
1133 5205 1336 5273 tragice
1371 5204 1502 5258 olim
1536 5204 1882 5258 declamavit.

493 5298 558 5350 ll.
591 5298 667 5351 Ac
695 5295 928 5365 primum
955 5293 1178 5364 quidem
1207 5295 1528 5362 imperator,
1563 5295 1655 5348 illo
1682 5305 1831 5349 metu
1866 5294 1982 5365 agi-

424 5397 592 5453 tatus,
621 5403 785 5458 quem
823 5387 1006 5441 triduo
1035 5393 1159 5439 ante
1186 5383 1433 5440 Palamas
1467 5386 1649 5438 animo
1678 5387 1794 5456 ejus
1820 5387 1983 5440 altius

419 5482 794 5551 impresserat,
825 5477 1173 5534 contumeliis
1202 5486 1258 5534 ct
1283 5474 1448 5531 minis
1472 5475 1784 5544 dirissimis,
1835 5477 1983 5532 velut

2167 4747 2251 4819 [P3
2280 4746 2409 4818 624]
2430 4746 2507 4800 A’.
2538 4744 2965 4812 Είσκεκληκδτες
2985 4742 3088 4812 γὰρ
3112 4741 3204 4795 καὶ
3223 4739 3365 4811 ἡμᾶς
3390 4735 3484 4805 ὀψὲ
3517 4751 3613 4803 μετ
3629 4735 3642 4754 ’

2093 4841 2283 4911 ὀργῆς,
2316 4840 2479 4908 βίαιοι
2511 4837 2768 4899 καθάπαξ
2814 4837 2905 4888 καὶ
2943 4835 3164 4886 τάνὸσια
3200 4831 3372 4883 πάντα
3410 4826 3639 4892 γίνονται

2095 4930 2360 5000 τολμηροὶ
2412 4929 2532 4982 καθ’
2563 4930 2748 4998 ήμῶν·
2783 4929 2877 4978 καὶ
2931 4925 3024 4994 τῆς
3053 4923 3145 4975 τοῦ
3176 4920 3310 4974 Θεοῦ
3353 4916 3639 4982 ἐκκλησίας

2097 5021 2400 5084 προστάται
2431 5019 2524 5072 καὶ
2554 5021 2602 5072 οί
2635 5017 2945 5087 ποιμαίνειν
2977 5015 3226 5084 λαχόντες
3255 5011 3347 5063 τὸν
3387 5007 3474 5060 τοῦ
3506 5003 3638 5056 Θεοῦ

2091 5112 2490 5180 διαφθείρουσιν
2525 5109 2852 5180 ἀμπελῶνα·
2893 5108 2984 5160 καὶ
3015 5109 3113 5158 ὅσα
3155 5101 3294 5156 κατὰ
3329 5099 3436 5152 τῶν
3464 5094 3637 5149 τοιοῦ-

2090 5219 2200 5256 των
2228 5205 2260 5273 ὴ
2288 5201 2406 5254 θεία
2440 5199 2785 5271 ἑτραγῴδησε
2813 5197 2980 5252 πάλαι
3016 5197 3221 5266 Γραφή.

2163 5294 2237 5345 Β.
2261 5295 2367 5347 Καὶ
2398 5296 2618 5361 πρῶτον
2643 5292 2742 5361 μὲν
2768 5294 2795 5343 δ
2818 5289 3090 5360 βασιλεὺς,
3128 5285 3229 5338 ὑπδ
3257 5281 3455 5341 δειλίας
3484 5278 3639 5330 ἐλαυ-

2087 5387 2310 5457 νόμενος
2350 5386 2586 5456 ἐκείνης,
2629 5384 2695 5454 ἢν
2735 5386 2764 5436 ὁ
2810 5381 3073 5450 Παλαμᾶς
3108 5378 3370 5447 πρότριτα
3397 5373 3515 5432 ταῖς
3545 5371 3638 5437 τῆς

2087 5478 2284 5532 ἑαυτοῦ
2317 5477 2494 5548 ψυχῆς
2525 5477 2844 5544 ὲνέσπειρεν
2871 5473 3081 5537 αὔλαξι,
3111 5472 3209 5531 τὰς
3236 5461 3636 5535 παλαμναιοτά-

1773 5588 2099 5651 Variorum
2119 5579 2315 5650 notua.

493 5716 566 5783 (6.)
601 5713 739 5767 Hinc
759 5704 1313 5784 apparetepiseopum
1340 5709 1547 5784 Tyriin
1567 5709 1744 5784 prima
1771 5718 1980 5764 tantum
2020 5712 2233 5767 actione
2265 5685 2589 5783 prmsentcm
2629 5709 2860 5768 concilio
2920 5705 3254 5764 interfuisse-
3299 5699 3430 5756 Vide
3471 5699 3640 5754 ιιιηο-

417 5779 526 5839 tata
553 5786 618 5837 ad
643 5786 734 5837 tib.
773 5779 884 5848 χίιί,
909 5779 1048 5852 θερί
1075 5784 1124 5840 4,
1161 5779 1310 5834 num.
1343 5779 1431 5845 l3,
1465 5779 1630 5834 infra.
1674 5780 1884 5834 Bon'tN.
