4002 6476
296 356 430 421 1265
512 400 523 409 μ
680 359 755 431 [λ.
796 374 848 417 c.
894 358 1055 436 13511

293 489 393 534 τας
433 472 621 545 ὕϐρεις
652 477 746 531 καὶ
779 479 1007 547 ἀπειλὰς
1038 485 1161 540 καθ’
1200 488 1360 561 ἡμῶν
1402 492 1736 563 ὲξετόξευεν,

307 565 658 646 Ἀτλαντικοῢ
713 570 819 640 (ηδ
854 574 1186 649 κληρουχίας
1218 572 1520 654 ’πελάγους
1533 626 1550 652 ν
1612 590 1706 643 καὶ
1764 592 1871 660 γῆς

293 659 547 728 ποιήσειν
564 661 668 726 ἔξω
700 664 801 732 τῆς
829 667 1158 739 οἰκουμένης
1180 673 1404 744 (Ξέρξου
1427 679 1537 749 γὰρ
1567 681 1740 736 ταῦτα

289 749 392 815 τῆς
441 750 656 805 ἐκείνου
706 754 1049 829 βαρϐαρικῆς
1091 764 1351 831 ἀπονοίας
1373 770 1468 822 καὶ
1501 774 1717 843 τρυφῆς
1753 771 1867 846 ἦν),

291 840 430 896 ἄλλα
459 843 506 896 δ’
534 845 762 900 ἐκείνων
794 851 966 919 μείζω
998 856 1092 906 καὶ
1129 856 1337 929 σφόδρα
1363 840 1873 933 ἀπᾴδονταίὼςνεί-

294 933 523 1004 ρήσεται
569 939 850 1006 προϊόντος
884 941 1002 997 τοῦ⁹
1023 944 1204 1014 λόγου.
1240 951 1361 1005 Τῶν
1393 954 1501 1024 γάρ
1537 958 1736 1013 ἀνίσων
1775 963 1872 1016 καὶ

289 1026 563 1093 ἀνομοίων
597 1030 781 1100 ἀρχῶν
813 1051 874 1086 τε
923 1037 1016 1089 καὶ
1047 1041 1419 1111 προαιρέσεων
1461 1045 1622 1102 ἄνισά
1663 1068 1722 1103 τε
1776 1055 1870 1106 καὶ

292 1117 522 1184 ἀνόμοια
553 1123 771 1186 πάντως
793 1120 933 1180 εῖναι
959 1129 1110 1194 εἰκὸς
1138 1131 1234 1186 καὶ
1250 1134 1318 1188 τὰ
1343 1136 1453 1188 τῶν
1482 1144 1871 1211 πραττομένων

291 1210 636 1281 ἑκατέρωθεν
704 1215 960 1286 λήγοντα.
1014 1222 1147 1275 Οὑδὲ
1208 1224 1317 1295 γὰρ
1376 1210 1606 1300 πάτριον
1665 1234 1872 1297 ὲκ;ῖνος

361 1663 435 1718 I'.
472 1667 531 1720 El
558 1668 615 1722 δέ
644 1686 729 1735 τις
755 1672 1043 1740 ὲνίσταιτο,
1070 1677 1282 1752 Ξέρξην
1312 1682 1608 1764 θαυμάζων
1638 1692 1869 1760 ἐκεῖνον,

288 1758 371 1810 ὅτι
408 1760 511 1828 γῆς
545 1764 638 1817 καὶ
672 1763 951 1837 θαλάσσης
982 1765 1119 1842 ἦρχε
1151 1765 1406 1832 πάνυ-τ’οι
1436 1758 1703 1853 πλείστης
1723 1824 1738 1848 ,
1776 1758 1871 1839 καί

292 1852 526 1920 στρατὸν
545 1854 785 1927 ἐπήγετο
814 1876 884 1929 μυ
895 1861 1209 1938 ριᾴριθμον,
1236 1861 1311 1920 ὧν
1335 1871 1495 1938 ἡμεῖς
1518 1852 1871 1932 παντάπασιν

292 1945 644 2016 ἐστερήμεθα
669 1965 684 1980 ο
730 1948 869 2005 ἀλλὰ
905 1952 1174 2025 θεοτήτων
1220 1960 1315 2013 καὶ
1341 1959 1492 2016 Θεῶν
1532 1964 1778 2037 ἀπείρων
1810 1987 1872 2023 τε

289 2039 385 2086 καὶ
415 2038 687 2092 ἀκτίστων
723 2041 925 2111 ἥκιστα
975 2039 1090 2116 εἶχε
1120 2050 1462 2120 στρατόπεδα
1483 2069 1499 2086 ·
1537 2055 1671 2109 ἀλλά
1714 2054 1874 2115 πάντ’

290 2121 432 2197 ἦσαν
473 2130 620 2201 αὑτῷ
650 2135 973 2197 κτιστάοκαὶ
1002 2137 1171 2208 θνητά
1199 2143 1322 2199 κατ’
1351 2144 1538 2199 αὑτόν.
1576 2147 1640 2202 Ὃ
1667 2149 1732 2219 δὴ
1778 2154 1872 2206 καὶ

291 2219 456 2284 αὐτὸς
487 2221 665 2294 ἑαυτῷ
695 2227 1109 2298 μεμαρτύρηκε,
1129 2229 1223 2283 νῦν
1246 2231 1346 2303 μὲν
1373 2235 1568 2306 γελῶν,
1589 2237 1685 2292 νῦν
1714 2240 1769 2294 δὲ
1791 2242 1876 2296 δα·

232 2342 244 2351 -
290 2311 497 2380 κρὺων·
522 2313 583 2366 τὸ
602 2314 699 2384 μὲν
727 2316 807 2370 ὅτι
836 2317 1095 2387 πλείστης
1110 2323 1344 2395 ἠπείρου
1360 2327 1454 2381 καὶ
1479 2327 1751 2402 θαλάττης
1778 2335 1874 2388 καὶ

292 2403 673 2472 στρατοπέδων
733 2406 894 2477 ἄρχει
946 2412 1282 2481 παμπόλλων
1303 2431 1318 2445 ·
1352 2415 1412 2469 τδ
1438 2416 1496 2471 δὲ
1522 2418 1629 2483 ὅτι,
1660 2420 1872 2491 θνητῶν

293 2494 391 2546 καὶ
420 2496 776 2581 προσκαίρων
802 2499 1182 2571 ὑπαρχόντων,
1204 2505 1380 2572 οὐδεὶς
1411 2508 1551 2581 ὑπὲρ
1588 2512 1655 2566 τὰ
1679 2513 1873 2568 ἑκατὸν

291 2584 446 2640 ἔσται
474 2577 801 2661 φαινόμενος
828 2592 948 2661 ἔτη,
975 2595 1087 2648 οὔτ’
1110 2599 1298 2665 αὑτὸς,
1326 2598 1438 2656 οὔτ’
1462 2577 1639 2669 οὐδεὶς
1659 2606 1871 2679 οὑδαμῆ

290 2679 399 2733 τῶν
437 2680 584 2751 αὑτῷ
627 2683 929 2753 ἑπομένων.
960 2685 1044 2759 [Ρ.
1074 2688 1201 2764 625]
1250 2692 1325 2746 Οὐ
1366 2695 1475 2765 γὰρ
1515 2690 1584 2765 ἦν
1619 2714 1705 2751 πω
1748 2700 1870 2755 τότε

288 2770 582 2841 Παλαμᾶς,
619 2774 741 2828 οὐδὲ
769 2776 847 2846 τῷ
875 2779 1056 2849 πολλῷ
1087 2786 1254 2855 συνῆν
1290 2784 1487 2857 ἐκείνῳ
1521 2788 1733 2858 βασιλεῖ
1766 2810 1873 2846 παι-

292 2862 595 2933 ραπλήσιος
624 2866 681 2920 ὲν
696 2867 975 2933 τοσούτοις
995 2874 1402 2945 στρατεύμασιν
1429 2879 1605 2946 οὐδεὶς
1635 2883 1869 2956 Παλαμᾷ

289 2955 510 3027 τουτῳῒ,
561 2961 827 3032 τεχνητὴν
872 2964 1076 3029 κτίζων
1107 2967 1410 3025 ἀθανασίαν
1453 2973 1551 3027 καὶ
1585 2955 1867 3047 ἀκτισίαν,

290 3045 544 3117 καθάπερ
582 3049 707 3111 τοὺς
750 3055 1050 3123 κεραυνοὺς
1083 3057 1178 3111 καλ⁵
1222 3060 1550 3132 πρηστῆρας
1579 3066 1642 3121 ἐκ
1678 3069 1783 3139 γῆς
1817 3045 1866 3126 al

294 3136 599 3204 Κύκλωπες
629 3143 800 3198 πάλαι
826 3147 969 3201 κατὰ
995 3151 1120 3212 τοὺς
1149 3152 1357 3220 μύθους
1379 3155 1457 3224 τῷ
1484 3157 1567 3211 Διῒ
1586 3174 1600 3188 ·
1629 3136 1865 3219 ἐνταῦθα
1896 3178 1939 3238 c

286 3228 345 3282 δὲ
371 3232 497 3295 τοὺς
519 3233 790 3301 τοιούτους
814 3237 1011 3307 φόϐους
1039 3240 1362 3313 ὑπερορίους
1384 3243 1547 3314 εἶναι,
1571 3252 1668 3304 καὶ
1695 3252 1867 3325 λήθης

248 3373 265 3381 ,
289 3320 667 3378 καλύπτεσθαι
691 3328 838 3396 μάλα
869 3329 1145 3397 πυθμέσιν
1188 3335 1561 3408 ὑποϐρυχίοις,
1601 3341 1685 3396 ἆτ’
1712 3320 1868 3400 ἀκτί-

288 3429 433 3468 στων
476 3414 592 3485 ἅμα
646 3421 740 3471 καὶ
788 3418 1074 3475 ἀθανάτων
1106 3424 1218 3479 τῶν
1256 3426 1304 3480 τ’
1349 3429 1578 3500 ἑχόντων
1619 3431 1737 3505 ἅμα
1772 3442 1867 3495 καὶ

287 3508 398 3561 τῶν
430 3513 491 3563 ἐκ
519 3513 626 3564 τῶν
657 3513 1009 3585 ὑπαρχόντων
1042 3518 1138 3589 (8).
1175 3516 1322 3578 Εἶεν.

1308 366 1747 443 ΒΥΖΑΝΤΙΝΑΞ
1788 381 2171 452 IIlSTORL-E
2214 395 2357 455 un.
2388 398 2510 461 xx.

2629 396 2764 471 [nun
2806 418 2845 454 ι.
2885 413 3178 460 cavsam.
3222 405 3275 477 Ii]
3395 410 3529 473 lJli’i

1772 498 1873 552 οὐκ
1902 506 1946 561 Α
1978 505 2103 560 telis
2125 509 2475 576 quibusdam,
2501 530 2603 570 nos
2621 516 2882 586 incessit;
2920 536 3028 576 non
3063 523 3154 579 ille
3190 525 3545 585 incoleudum

1972 594 2308 670 Atlanticum
2343 620 2513 668 mare,
2553 623 2655 663 nec
2701 622 2858 666 extra
2922 622 3122 670 terram
3192 619 3548 678 habitabilem

1974 693 2268 758 quaerenda
2302 697 2493 751 exsilia
2520 703 2885 759 comminatus
2912 706 3136 778 (quippe
3168 710 3281 767 haec
3314 713 3549 771 Xerxem

1973 791 2030 836 et
2065 783 2407 842 barbaricam
2436 791 2556 858 ejus
2588 792 2920 849 dementiam
2951 813 3017 852 ac
3057 799 3337 857 lasciviam
3389 804 3552 861 det-e-

1977 872 2153 940 bant),
2180 878 2273 932 sed
2302 879 2407 933 alia
2435 880 2521 936 bis
2538 884 2787 953 graviora
2819 897 2873 940 et
2907 890 3140 947 multant
3171 893 3549 962 abhorrentia,

1979 984 2036 1027 ut
2072 973 2470 1033 inl‘radicctnr.
2507 980 2732 1037 SciliCct
2764 984 2858 1039 ubi
2892 988 3163 1059 principia
3194 1002 3251 1047 et
3302 995 3553 1051 instituta

1980 1064 2271 1139 inaequalia
2303 1079 2360 1124 et
2392 1072 2681 1129 dissimilia
2737 1089 2888 1143 sunt,
2922 1080 2998 1134 ibi
3048 1083 3214 1138 ctiam
3254 1087 3555 1157 inaequales

1975 1165 2029 1209 et
2057 1156 2357 1215 dissimiles
2391 1164 2650 1234 utrinque
2678 1183 2799 1224 esse
2849 1172 3130 1229 actionum
3175 1177 3357 1233 exitus
3383 1156 3555 1248 plane

1974 1262 2403 1307 consentaneum
2429 1264 2536 1310 est.
2574 1257 2746 1314 Porro
2769 1261 2861 1317 ille
2914 1278 3019 1319 nec
3075 1265 3399 1335 religionem
3461 1286 3557 1341 pa-

1794 1326 1870 1380 ἱτ·
1976 1340 2139 1397 triam
2172 1344 2551 1415 abiuraverat,
2588 1366 2692 1407 nec
2725 1368 2939 1410 morem
3004 1357 3430 1431 doctrinamque
3465 1377 3557 1418 ve-

1854 1462 1870 1486 .
1976 1442 2147 1491 terem
2178 1451 2322 1491 novo
2381 1456 2682 1513 recensque
2725 1447 3028 1504 constituto
3078 1466 3232 1508 more
3277 1454 3557 1512 doctrina-

1828 1510 1874 1564 ῖι·
1974 1538 2445 1596 quemutaverat,
2503 1550 2605 1590 nec
2643 1538 2828 1597 ﬁdem.
2889 1541 2938 1595 ei
2975 1559 3140 1611 quem
3188 1546 3408 1604 colebat
3444 1548 3557 1604 Deo

1972 1618 2135 1689 993
2159 1622 2428 1691 juratam,
2460 1625 2695 1692 pedibus
2723 1630 3058 1701 subjecerat.

2048 1708 2138 1766 Ill.
2173 1711 2329 1777 Quod
2366 1713 2413 1769 si
2440 1717 2568 1785 quis
2591 1717 2830 1775 Xerxem
2888 1723 3046 1779 illum
3109 1727 3364 1803 miratus.
3393 1732 3561 1789 instet

1906 1839 1946 1894 Β
1975 1817 2041 1858 ac
2083 1803 2252 1867 dicat,
2284 1819 2410 1861 eum
2448 1816 2611 1865 terrae
2640 1819 2697 1866 et
2728 1814 2898 1870 maris
2945 1818 3218 1875 tractibus
3245 1824 3561 1890 quamilon-

1973 1894 2216 1963 gissimis
2246 1895 2567 1966 imperasse,
2616 1909 2674 1955 et
2722 1900 3157 1963 innumerabiles
3184 1924 3373 1965 secum
3399 1928 3561 1969 excr-

1973 1985 2120 2041 citus
2147 1985 2429 2054 ductasse,
2455 1991 2659 2059 quibus
2689 2008 2793 2049 nos
2849 1996 3016 2053 rebus
3050 2002 3279 2056 omnino
3334 2003 3561 2061 delicia—

1974 2092 2100 2132 mur
2140 2095 2153 2131 :
2192 2086 2252 2132 at
2315 2080 2362 2134 is
2418 2084 2890 2160 (respondebitur)
2952 2089 3269 2147 divinitates
3313 2095 3557 2167 deosque

1974 2168 2225 2226 inﬁnitos
2255 2182 2313 2227 et
2365 2172 2643 2231 increatos
2701 2179 2755 2232 lu
2791 2181 2988 2237 castris
3021 2183 3248 2239 minime
3279 2183 3553 2255 habebat;

1972 2260 2069 2316 sed
2109 2250 2271 2318 erant
2305 2263 2385 2318 illi
2415 2265 2602 2320 omnia
2631 2278 2814 2324 creata
2842 2280 2902 2327 et
2934 2273 3213 2342 mortalia,
3265 2276 3430 2346 eique
3485 2250 3559 2333 si;

1972 2352 2144 2409 milia.
2166 2352 2340 2426 Cujus
2365 2356 2444 2414 rei
2477 2367 2534 2413 et
2598 2359 2716 2429 ipse
2773 2360 2881 2417 sibi
2911 2365 3067 2419 testis
3098 2364 3224 2431 fuit,
3280 2383 3430 2425 nunc
3481 2370 3559 2425 ri-

1970 2443 2174 2515 dendo,
2204 2462 2356 2504 nunc
2384 2448 2590 2507 ﬂendo.
2646 2453 2884 2509 Ridebat
2939 2466 3123 2512 autem
3152 2497 3167 2524 ,
3208 2461 3355 2529 quod
3386 2463 3558 2531 impe-

1970 2537 2115 2591 rium
2148 2545 2294 2595 terra
2321 2550 2378 2598 et
2424 2542 2562 2598 mari
2602 2543 2870 2602 latissime
2918 2557 3113 2617 patens
3158 2559 3214 2606 et
3277 2555 3556 2610 exercitus

1970 2630 2458 2687 numerosissimos
2482 2632 2744 2701 haberet;
2798 2636 2942 2691 idem
2976 2636 3162 2702 ﬂebat,
3225 2644 3373 2711 quod
3424 2659 3550 2699 cum

1969 2718 2029 2775 bi
2060 2721 2324 2778 mortales
2354 2733 2411 2779 et
2436 2725 2629 2781 caduci
2671 2728 2739 2782 ad
2790 2737 3002 2784 certum
3037 2740 3255 2802 tempus
3298 2734 3551 2800 duratnri

1966 2819 2173 2876 essent,
2232 2828 2398 2870 nemo
2456 2826 2580 2886 post
2636 2819 2999 2875 centesimum
3050 2837 3255 2877 annum
3310 2840 3546 2895 usquam

1968 2903 2378 2972 comparitnrus
2401 2905 2567 2969 foret.
2593 2923 2706 2964 non
2746 2910 2890 2979 ipse,
2955 2927 3063 2968 non
3120 2914 3264 2971 ullus
3315 2916 3458 2972 alius
3484 2934 3553 2973 ex

1968 2992 2058 3056 iis.
2088 2993 2182 3064 qui
2215 3010 2274 3051 se
2302 3007 2693 3067 sequerentur.
2736 3001 3008 3058 Nimirum
3042 3020 3110 3060 eo
3164 3014 3416 3077 tempore
3444 3009 3549 3063 Pa-

1968 3082 2144 3140 lamas
2193 3088 2438 3143 nondum
2467 3099 2612 3154 erat,
2677 3108 2783 3148 nec
2837 3093 2894 3148 in
2933 3104 3086 3151 tanto
3134 3100 3381 3153 exercitu
3422 3114 3549 3155 cum

1973 3191 2102 3247 rege
2130 3180 2516 3248 potentissimo
2542 3185 2871 3240 versabatur
2932 3187 3226 3259 quisquam
3279 3190 3409 3245 huic
3445 3191 3551 3246 Pa-

1970 3265 2129 3323 lamm
2158 3270 2378 3336 similis,
2409 3273 2502 3342 qui
2536 3274 3009 3333 immortalitatem
3039 3287 3097 3333 et
3122 3280 3423 3337 increatam
3457 3297 3554 3339 na-

1974 3363 2150 3410 turam
2183 3372 2282 3426 per
2307 3367 2483 3414 artem
2513 3372 2756 3428 crearet,
2786 3365 3256 3432 quemadmodum
3301 3369 3370 3424 de
3407 3380 3552 3425 terra

1972 3448 2105 3503 olim
2138 3449 2371 3507 fulmina
2404 3462 2463 3508 et
2486 3455 2594 3509 tela
2631 3456 2790 3526 ignea
2821 3458 2944 3513 εἰοινί
2968 3458 3203 3515 fabulosi
3233 3461 3313 3516 illi
3352 3461 3550 3532 Cyclo-

1970 3553 2091 3608 pes.
2131 3539 2271 3596 llinc
2295 3559 2428 3599 vero
2457 3546 2619 3617 longe
2650 3548 2852 3603 absunt
2911 3551 2951 3604 ii
3015 3560 3218 3614 metus.
3281 3552 3549 3610 altissima
3600 3552 3624 3563 “

290 3601 569 3659 oblivione
600 3605 748 3660 velut
782 3609 1043 3679 demersi,
1068 3625 1360 3687 pr0pterea
1378 3621 1526 3691 quod
1554 3621 1862 3685 increati‘et
1901 3630 2245 3692 immortales
2272 3637 2386 3693 sint
2447 3601 2583 3694 tum"
2622 3642 2922 3713 principes,
2954 3653 3071 3699 tum
3124 3646 3158 3700 ii
3221 3646 3316 3717 qui
3347 3647 3551 3717 princi-

288 3699 455 3769 pibus
482 3712 694 3769 parent.

362 3792 436 3846 Δ’.
478 3794 831 3865 ’Λρξαμένων
853 3800 898 3853 δ’
929 3801 1058 3871 ἑξῆς
1078 3806 1297 3861 καὶτῶν
1325 3810 1644 3868 ἐπισκόπων
1662 3815 1871 3883 λαλεῖν,

2041 3821 2132 3879 ιν.
2171 3824 2440 3895 Deinceps
2475 3842 2602 3883 cum
2632 3836 2689 3884 et
2739 3832 2987 3900 episeOpi
3042 3834 3195 3902 loqui
3227 3837 3548 3905 cmpissent,

284 3878 357 3952 ἦν
386 3885 604 3938 ἀκούειν
631 3887 724 3938 νῦν
753 3889 852 3958 μὲν
878 3889 1112 3946 δικτύων
1137 3897 1231 3948 καὶ
1256 3896 1534 3970 θαλάσσης
1564 3878 1870 3968 ἀπάξοντας

2172 3878 2175 3879 ν
2483 3878 2602 3883 η---
2636 3878 2686 3884 --
2743 3878 2987 3900 -r._-.-..-
3042 3878 3195 3902 .-.,...
3228 3878 3548 3905 .w,.-.,.....,

1973 3909 2161 3967 audire
2183 3922 2304 3969 erat
2332 3930 2430 3970 eos
2460 3930 2766 3979 sermones,
2794 3919 2890 3987 qni
2924 3936 3071 3975 nunc
3097 3923 3239 3976 retia
3294 3934 3352 3979 et
3399 3940 3548 3980 mare

286 3975 512 4043 λόγους·
546 3976 639 4030 νῦν
671 3978 729 4033 δὲ
762 3983 1047 4054 σκαπάνης
1073 3987 1215 4051 τινὸς
1247 3992 1342 4045 καὶ
1366 3990 1615 4063 δικέλλης
1645 3994 1829 4061 ἀξίους
1851 4014 1867 4030 ·

1973 4001 2301 4067 redolercnt,
2337 4020 2485 4060 nunc
2533 4009 2813 4062 sarculum
2866 4011 3198 4080 etﬁgonem
3264 4029 3546 4084 saperent.

286 4066 387 4121 νῦν
427 4067 477 4121 δ’
526 4069 678 4126 οὐδὲν
732 4075 1051 4142 καμινιαίας
1106 4077 1338 4151 αἰθάλης
1389 4083 1739 4153 ἀπεοικότας,
1787 4088 1867 4161 τῷ

1973 4108 2119 4148 nunc
2160 4066 2398 4151 fornacis
2428 4097 2659 4169 fuligine
2686 4099 2845 4156 tincti
2882 4102 3228 4159 viderentur.
3260 4105 3415 4162 Adeo
3449 4107 3549 4162 ob-

286 4159 526 4231 ἀμαυρῷ
574 4178 633 4216 τε
690 4172 783 4218 καὶ
813 4166 1031 4238 δυσήχῳ
1064 4171 1158 4224 καὶ
1207 4173 1464 4245 ἀνάρθρῳ
1514 4178 1613 4247 τῆς
1662 4159 1871 4244 λαλιᾶς.

1973 4198 2154 4246 scura,
2188 4194 2244 4240 et
2274 4202 2409 4242 sono
2436 4186 2554 4258 ipso
2580 4189 2716 4244 dura
2741 4229 2757 4255 ,
2818 4209 2923 4247 nec
2972 4193 3112 4249 bene
3153 4195 3404 4253 articulis
3460 4199 3550 4254 di-

287 4252 402 4303 Κα¹ι
426 4253 700 4307 συνελόντι
727 4255 913 4325 ιράναι,
939 4259 1080 4326 πλὴν
1102 4260 1211 4335 τῶν
1238 4264 1625 4322 ὲπισκοπικῶν
1643 4269 1871 4341 ἐνδυμά-

1973 4277 2191 4340 Btincta,
2226 4279 2443 4334 illorum
2458 4252 2650 4335 oratio
2685 4252 2823 4338 erat.
2858 4284 2927 4340 Ut
2959 4286 3150 4355 paucis
3182 4288 3380 4351 dicam,
3409 4292 3547 4346 nihil

286 4358 400 4394 των
427 4343 580 4398 οὐδὲν
617 4345 767 4414 ὑγιὲς
795 4348 928 4420 όρᾷν
959 4351 1052 4405 καὶ
1088 4328 1309 4408 ἀκούειν
1341 4356 1477 4420 τέως
1512 4353 1582 4429 ἦν
1618 4328 1787 4416 εκεῖ..

2729 4328 3098 4447 episcopalem
3126 4328 3399 4447 habitum,
3431 4383 3548 4438 illic

1971 4464 2059 4520 vel
2090 4466 2312 4521 videres
2339 4467 2424 4523 vel
2450 4468 2695 4523 audires.

363 4520 443 4577 E'.
485 4524 866 4595 Βουληθέντων
900 4527 956 4583 δὲ
988 4529 1083 4583 καὶ
1116 4531 1274 4604 ἡμῶν
1304 4534 1771 4606 ἀντιφθέγξασθαι
1808 4558 1864 4595 τι

2042 4559 2105 4615 V.
2149 4560 2477 4617 Veientibus
2510 4571 2695 4617 autent
2724 4563 2880 4618 nobis
2911 4565 3190 4633 paululum
3219 4577 3414 4625 contra
3465 4548 3551 4624 hi-

292 4618 511 4685 μικρδν,
541 4623 809 4689 κραυγαῖς
830 4622 1066 4692 ἀσήμοις
1089 4641 1148 4678 τε
1175 4628 1272 4682 καὶ
1293 4628 1587 4700 ἀνάρθροις
1615 4634 1710 4686 καὶ
1740 4651 1866 4690 συν-

1973 4665 2147 4716 scere,
2205 4653 2281 4708 illi
2335 4653 2404 4708 de
2457 4654 2730 4710 industria
2796 4657 3139 4712 indistinctis
3192 4662 3549 4732 confusisque

285 4711 406 4779 εχεϊ
446 4712 672 4783 πατάγῳ
703 4714 903 4784 χειρῶν
943 4715 1257 4789 ἐξεπίτηδες
1287 4722 1435 4792 ἡμᾶς
1473 4739 1533 4777 τε
1571 4723 1863 4796 ὑπερεφώ-

2134 4711 2144 4716 ,
2932 4711 2935 4712 ν
3046 4711 3053 4712 ,
3202 4711 3251 4715 -_
3303 4711 3546 4732 μνη--

1973 4742 2307 4800 clamoribus
2332 4744 2517 4810 editis,
2553 4757 2628 4801 ~et
2681 4749 2994 4818 complosis‘
3032 4766 3207 4819 usque
3269 4756 3546 4816 manibus.

290 4819 417 4856 νουν
463 4804 661 4858 ἐκεῖνοι
705 4806 800 4860 καὶ
850 4810 1064 4881 σιωπᾷν
1114 4814 1558 4882 κατηνάγκαζον,
1611 4818 1865 4891 καθάπερ

1973 4844 2192 4891 nostras
2220 4851 2386 4892 voces
2415 4838 2743 4906 vincebant,
2789 4850 2846 4897 et
2892 4858 3015 4903 nos.
3067 4836 3220 4897 velut
3269 4846 3547 4900 saavicntis

286 4896 664 4968 ἀγριουμένης
709 4899 978 4970 θαλάττης
1012 4906 1297 4975 μεμηνότα
1333 4907 1553 4977 κύματα
1597 4912 1721 4973 τοὺς
1760 4912 1867 4965 ἀνὰ

285 4990 382 5043 τὸν
414 4991 659 5058 αἰγιαλὸν
687 4991 1012 5062 ὁμιλοῦντας
1038 4997 1243 5066 ἠρέμα.
1281 4999 1383 5052 Ἐὦ
1420 5001 1529 5072 γὰρ
1559 5001 1759 5070 λέγειν,
1783 5005 1866 5061 ὅτι

290 5083 424 5149 παρ’
461 5082 614 5137 οὐδὲν
647 5083 981 5155 ἐληλύθεσαν
1005 5089 1154 5157 ἡμᾶς
1182 5090 1493 5162 διαρρῆξαι,
1524 5094 1776 5167 καθάπερ
1804 5101 1861 5153 αἱ

284 5172 499 5243 Βάκχαι
544 5176 715 5230 πάλαι
769 5180 998 5245 Πενθέα,
1045 5185 1209 5252 φασιν
1256 5185 1626 5252 ἀττικίζοντες
1677 5189 1860 5259 μῦθοι.

299 5266 442 5319 Ἀλλ’
482 5267 642 5337 ἡμῶν
680 5284 742 5337 γε
793 5272 1161 5340 ἐπιμενόντων
1209 5274 1312 5343 ἔτι,
1363 5278 1455 5331 καὶ
1498 5281 1703 5350 μικράν
1740 5299 1862 5341 τινα

281 5356 447 5424 λόγου
475 5357 782 5429 ζητούντων
802 5364 983 5433 χώραν
1008 5367 1138 5437 ἡμῖν
1167 5370 1509 5438 ἐγγενέσθαι,
1532 5372 1646 5427 οὔτ’
1667 5376 1866 5447 ⁴ἤκουεν

282 5448 413 5506 οὔτε
443 5456 733 5525 προσεῖχεν
755 5457 952 5522 οὐδείς.

366 5728 442 5787 (7)
472 5714 692 5785 Aristid.
724 5734 776 5787 in
809 5734 1105 5791 Pannthen.
1144 5738 1347 5794 Roma.
1722 5773 1753 5786 ι

1972 4927 2147 4997 pelagi
2182 4927 2427 4983 furentes
2462 4928 2624 4985 unda:
2652 4945 2769 4993 eos,
2831 4934 2926 5002 qui
2980 4935 3036 4987 in
3096 4936 3281 4990 littore
3329 4938 3547 5006 placide

1971 5018 2382 5088 colloquuntur,
2445 5022 2819 5078 conticescere
2854 5024 3146 5094 cogebant.
3199 5028 3336 5083 Nam
3397 5032 3541 5099 quod

1969 5109 2105 5164 nihil
2144 5111 2402 5177 abfuerit,
2456 5114 2588 5182 quin
2641 5129 2742 5168 nos
2780 5115 2880 5177 illi,
2937 5127 2997 5171 ut
3046 5119 3181 5172 olim
3234 5120 3542 5176 Pentheum

1970 5199 2194 5256 Bacchae
2216 5201 2418 5257 fabulis
2454 5204 2990 5270 Atticiscelebrataa,
3050 5211 3396 5264 membratim
3429 5210 3541 5266 dis-

1968 5304 2278 5371 cerperent,
2311 5293 2364 5347 id
2388 5295 2610 5363 quidem
2641 5311 2742 5366 ego
2766 5298 2925 5352 sileo.
2984 5298 3064 5352 Ac
3093 5314 3409 5368 quanquam
3443 5300 3541 5354 ad-

1967 5377 2074 5433 huc
2110 5390 2492 5448 exspectantes
2525 5398 2892 5449 maneremus,
2932 5394 2989 5440 et
3030 5394 3089 5440 ut
3119 5385 3280 5443 nobis
3302 5388 3537 5458 exiguus

1963 5469 2156 5524 saltem
2176 5471 2396 5526 dicendi
2431 5474 2588 5529 locus
2619 5487 2772 5530 esset
2799 5478 3227 5548 postularemus,
3242 5492 3407 5536 nemo
3432 5494 3535 5537 nec

1961 5560 2173 5616 audivit
2205 5578 2305 5618 nec
2332 5565 2573 5619 animum
2608 5567 2865 5624 advertit.

1656 5649 1983 5715 Variorum
2030 5664 2220 5718 nom.

363 5796 442 5868 (8)
476 5798 552 5855 Ita
601 5817 820 5875 quoque
875 5805 1196 5863 Vaticanum
1256 5812 1553 5879 exemplar.
1616 5813 1847 5897 Sensum
1889 5825 2021 5885 puto
2049 5830 2174 5872 cum
2198 5833 2315 5872 esse
2343 5833 2504 5889 quem
2528 5820 2794 5889 expressi.
2830 5821 3041 5876 Betvm.
