4002 6480
462 353 604 419 1275
775 345 849 419 [Α.
882 361 937 401 ιι.
975 343 1140 408 esse,
1173 358 1278 397 IND.
1308 338 1366 413 4]

1667 343 2087 405 NICEPHORI
2127 342 2513 405 GREGORE

2730 334 2865 407 [ηερ.
2898 352 2941 390 ι.
2971 349 3261 392 casrscuz.
3300 334 3356 409 5]

3574 342 3690 405 19'6

458 468 773 523 libertatem
834 462 1107 533 captivam
1161 461 1329 529 rapit,
1360 458 1544 512 omnia
1579 458 1824 512 caritatis
1858 457 2055 511 funda-

2174 438 2629 527 ὶνδραποδίζεται.
2680 452 2777 506 καὶ
2811 452 2967 514 ὅλους
3019 452 3378 521 ἀναμοχλεύει
3440 451 3694 521 θεμελίους

457 569 646 617 menta
679 558 960 614 convellit.
1001 555 1105 611 Sed
1162 570 1262 611 nec
1306 552 1626 624 imperatori
1669 553 1771 621 ipsi
1810 552 1901 607 illa
1933 552 2049 621 pla-

458 659 721 715 cuerunt,
762 650 856 719 qui
896 647 1274 702 firmissimum
1321 645 1637 727 prmidium
1662 686 1677 709 ,
1733 653 1788 699 ct
1829 660 2049 727 murum

2154 550 2399 619 ἀγλὶπης.
2426 548 2535 601 Ναὶ
2562 547 2669 617 μὴν
2695 545 2807 601 οὐδ’
2839 544 2988 615 αὐτῷ
3018 544 3086 597 τὰ
3139 543 3338 597 τοιαῦτ’
3392 543 3560 611 ἔδοξεν
3585 547 3696 616 ἀρε-

2156 644 2257 696 στα
2284 640 2515 712 βασιλεῖ,
2550 640 2782 710 ἔρεισμα
2813 639 3107 707 κράτιστον
3151 638 3598 708 ἐπαγγειλαμένῳ
3617 640 3699 692 καὶ

459 742 609 799 haud
660 742 821 797 facile
876 741 1348 811 perrumpendum
1379 780 1393 805 ,
1426 717 1526 808 per
1556 753 1719 793 omne
1764 717 2067 792 certamen.

2174 734 2335 803 τεῖχος
2369 730 2513 785 εἶναι
2542 732 2616 802 μὴ
2655 733 2826 803 ῥᾷστα
2853 729 3047 800 μηδέσι
3088 729 3428 799 ῥηγνύμενον
3460 732 3699 799 παρ’ὄλον

457 835 580 890 fore
610 848 670 889 se
707 834 787 888 illi
816 834 1171 904 promiserat.
1203 831 1570 898 Quamobrem
1592 831 1685 884 illa
1717 832 1923 894 omnia,
1944 829 2056 884 Eu-

459 924 567 993 ripi
620 924 823 987 instar,
882 924 1067 979 statim
1103 931 1254 978 retro
1285 936 1555 977 conversa
1588 929 1748 987 sunt;
1781 921 2053 976 sancitum

466 1016 679 1087 1003
711 1016 1072 1088 jurejurando
1112 1015 1291 1070 foedus
1324 1017 1605 1069 turbatum
1634 1023 1689 1068 et
1722 1014 2052 1080 confusum;

392 1143 404 1155 .
461 1110 823 1180 paciﬁcarum
860 1110 1291 1180 promissionum
1319 1110 1469 1179 leges
1493 1119 1549 1165 et
1578 1118 1736 1178 pacta
1783 1115 2055 1163 conventa

463 1201 700 1273 pedibus
731 1203 1075 1258 conculcata.
1130 1201 1271 1255 Tum
1323 1215 1518 1254 rursus
1546 1199 1973 1255 deliberationes
2002 1208 2056 1254 et

463 1294 695 1350 corisilia
727 1309 833 1365 per
885 1303 1054 1348 totam
1092 1303 1306 1346 noctem
1338 1302 1554 1347 versata
1597 1294 1651 1346 in
1682 1306 1899 1346 omnem
1928 1307 2058 1361 par-

468 1393 580 1440 tem
623 1400 686 1439 ac
737 1394 1070 1440 tesserarum
1127 1385 1303 1438 instar
1339 1386 1541 1454 jactata
1608 1391 1757 1437 sunt.
1819 1381 1913 1437 Sic
1979 1381 2055 1435 illi

469 1477 750 1548 principes
777 1516 793 1543 ,
856 1492 981 1532 cum
1065 1479 1131 1531 de
1169 1476 1511 1531 scssionibus
1550 1475 1812 1544 deinceps
1858 1472 2060 1530 futuris

468 1568 878 1623 consultassent
904 1607 920 1631 ,
970 1567 1363 1636 machinasque
1392 1574 1447 1620 et
1478 1565 1719 1621 fabricas
1750 1566 1807 1619 in
1840 1580 1942 1619 nos
1970 1580 2065 1633 ap-

471 1668 774 1728 parassent,
806 1660 997 1728 quales
1045 1669 1102 1714 et
1151 1667 1388 1728 quantas
1448 1659 1632 1712 timori
1685 1672 1788 1712 suo
1848 1656 2064 1711 abster-

467 1750 674 1819 gendo,
707 1752 867 1806 nobis
900 1768 1031 1806 vero
1056 1750 1582 1805 funditnsdclendis
1611 1765 1674 1804 ac
1709 1751 2062 1820 pessumdan-

472 1844 558 1898 dis
611 1859 768 1913 pares
821 1844 938 1899 fore
993 1844 1428 1908 arbitrabantur,
1479 1844 1802 1897 concionem
1856 1851 2062 1896 vocant

473 1932 763 1987 sententiis
787 1933 1007 2004 iujustis
1038 1942 1093 1990 et
1124 1934 1312 2005 impiis
1345 1933 1656 2004 speciosum
1703 1930 1928 2001 iustitiae
1956 1945 2061 1986 nov

472 2037 599 2079 men
626 2024 1001 2094 imponentcs.

542 2114 608 2170 ll.
640 2116 751 2170 Nos
783 2130 917 2171 vero
962 2116 1224 2171 aﬂ‘uimus
1250 2157 1264 2179 ,
1309 2117 1508 2186 partim
1543 2116 1795 2171 nolentes
1818 2155 1832 2180 ,
1860 2114 2062 2185 partim

475 2205 643 2260 etiam
668 2207 950 2262 volentes:
985 2209 1239 2263 nolentes
1267 2207 1509 2276 quidem,
1539 2206 1797 2275 quoniam
1828 2213 2066 2261 structas

474 2299 634 2355 nobis
673 2300 894 2355 l‘rauies
928 2297 1076 2353 haud
1108 2298 1515 2365 nesciebamus,
1557 2298 1674 2354 sive
1702 2313 1795 2352 eas
1826 2312 2064 2368 quarum

474 2393 687 2448 molitio
730 2393 794 2447 ad
838 2392 1047 2448 exitum
1093 2391 1363 2461 perducta
1415 2400 1592 2454 esset,
1649 2391 1765 2445 sive
1799 2390 1921 2447 illas
1946 2406 2069 2460 qua:

472 2487 886 2541 exsecutionem
919 2524 934 2548 ,
993 2484 1144 2539 velut
1183 2484 1237 2537 in
1272 2483 1467 2538 limine
1524 2493 1856 2548 morantem,
1889 2482 2069 2562 adhuc

473 2579 748 2649 integram
770 2576 877 2632 sibi
898 2576 1278 2639 reservabant,
1314 2573 1739 2643 elliciebantque
1773 2580 1839 2627 ut
1883 2572 2066 2627 intro-

474 2667 606 2727 duci
652 2684 755 2724 nos
811 2668 1009 2723 inutile
1070 2668 1249 2737 palam
1294 2666 1439 2721 foret
1483 2683 1497 2720 :
1534 2665 1785 2721 volentes
1832 2672 2015 2720 autem
2051 2704 2068 2730 ,

476 2770 762 2832 propterea
797 2760 943 2830 quod
974 2758 1028 2814 in
1056 2759 1228 2813 Deum
1268 2759 1548 2813 intuentes
1571 2799 1585 2823 ,
1630 2765 1687 2812 et
1726 2771 1793 2811 eo
1846 2757 2070 2827 praemia

474 2863 756 2910 statuente
792 2852 937 2907 istud
984 2851 1234 2922 martyrii
1285 2851 1522 2905 stadium
1555 2858 1863 2915 currentes,
1895 2850 2071 2905 bonas

475 2946 543 2999 de
571 2944 759 2999 futuro
785 2958 911 3013 spes
943 2959 1049 2997 non
1077 2940 1522 3011 refugiebamus;
1550 2940 1764 2995 tametsi
1789 2940 2072 3010 religionis

475 3038 860 3092 auctoritatem
887 3077 901 3099 ,
944 3036 1107 3090 annis
1157 3035 1412 3104 plurimis
1445 3042 1502 3087 et
1559 3040 1880 3088 sanctorum
1912 3031 2072 3087 libris

2157 823 2307 891 αὐτῷ
2372 821 2735 876 καθίστασθαι
2801 821 3011 889 ἀγῶνα.
3063 819 3227 872 Ὅθεν
3282 819 3519 890 Εὐρίπου
3570 823 3701 890 δίκην

2158 916 2357 973 ἅπαντ’
2390 916 2551 979 εὐθὺς
2582 902 2771 968 ἐκεῖναί
2791 913 3144 984 ἀνετρέπετο,
3177 914 3271 967 καὶ
3320 914 3587 983 κρατῆρες
3626 914 3705 985 59-

2159 1026 2271 1064 κων
2298 1011 2523 1063 ὲκείνων
2575 1007 2932 1077 ἀνεκίρναντό
2984 1023 3045 1059 τε
3103 1006 3201 1059 καὶ
3250 1006 3576 1076 συνεχέοντο,
3624 1012 3705 1059 καὶ

2163 1102 2460 1173 είρηναίων
2514 1098 2861 1168 ἐπαγγελιῶν
2912 1099 3137 1152 ἐκείνων
3191 1100 3488 1153 ὲπατοῦντο
3541 1099 3708 1169 θεσμοὶ

2160 1198 2252 1250 καὶ
2281 1195 2613 1267 συμϐόλαια.
2658 1193 2764 1247 Καὶ
2797 1193 2960 1246 πάλιν
2990 1192 3178 1262 βουλαὶ
3217 1192 3309 1246 καὶ
3345 1192 3561 1261 μελέται
3616 1209 3709 1245 πα-

2160 1292 2475 1362 λινστροφοι
2507 1288 2923 1362 διενυκτέρευόν
2943 1304 3007 1340 τε
3047 1288 3142 1341 καὶ
3184 1285 3370 1339 κύϐων
3396 1285 3549 1354 δίκην
3574 1287 3711 1358 ἀνεῤ-

2164 1383 2439 1453 ρίπτοντο.
2495 1354 2654 1435 Οἶτω
2724 1380 2823 1450 μὲν
2900 1375 2993 1432 οὗν
3050 1378 3318 1449 ἡγεμόνες
3366 1380 3579 1439 ἐκεῖνοι,
3619 1380 3710 1433 τῶν
3776 1420 3781 1431 .

2165 1475 2365 1546 ἐφεξῆς
2403 1474 2698 1544 συνεδρίων
2728 1475 2827 1538 τὰς
2860 1471 2985 1526 καθ’
3014 1473 3171 1541 ἡμῶν
3202 1472 3485 1543 εἰληφότες
3512 1471 3711 1540 μελέτας

2164 1566 2262 1620 καὶ
2288 1566 2586 1629 συσκευὰς,
2620 1564 2812 1627 ὁποίας
2853 1565 2944 1617 καὶ
2968 1564 3099 1627 δσας
3149 1562 3341 1626 ἱκανὰς
3371 1561 3528 1633 ᾤοντ’
3574 1558 3708 1626 εἶναι,

2163 1661 2265 1730 τήν
2291 1660 2340 1713 τ’
2376 1660 2584 1712 οἰκείαν
2637 1657 3043 1728 ἀποτρίψασθαι
3076 1657 3282 1711 δειλίαν
3315 1658 3414 1710 καὶ
3436 1658 3549 1724 ἅμα
3587 1657 3711 1725 ἡμᾶς

2165 1751 2265 1822 τὴν
2348 1751 2612 1821 ταχίστην
2688 1750 3197 1816 ἀποσκευάσασθαι,
3270 1750 3411 1827 πρὸς
3472 1750 3711 1820 βάραθρον

2166 1840 2435 1910 ἀφανείας
2497 1840 2796 1909 ὠσάμενοι,
2847 1838 3144 1909 ἐκκλησίαν
3209 1838 3532 1909 ἐκήρυττον,
3582 1837 3712 1905 δίκης

2164 1924 2631 2004 δνομα²χρηστδν
2679 1931 3004 2002 ἀναθέμενοι
3077 1931 3331 2003 γνώμαις
3385 1931 3584 1995 ἀδίκοις
3636 1931 3712 1985 καὶ

2167 2025 2425 2089 ἀνοσίοις.

2239 2115 2324 2187 [Ρ.
2357 2100 2483 2188 ϐὅί]
2534 2118 2609 2172 Β’.
2648 2115 2758 2170 Καὶ
2810 2115 3066 2187 παρῆμεν
3133 2115 3318 2186 ἡμεῖς,
3352 2116 3468 2179 πὼς
3533 2116 3619 2185 μὲν
3663 2114 3711 2168 οὗ

2169 2209 2377 2279 σφόδρα
2413 2206 2655 2272 ἑκόντες,
2682 2206 2798 2271 πὼς
2824 2207 2881 2262 δὲ
2907 2209 3001 2261 καὶ
3035 2208 3236 2278 σφόδρα
3299 2207 3449 2261 τουτί
3478 2226 3486 2236 ·
3525 2209 3715 2271 ἄκοντες

2172 2305 2270 2371 μὲν
2289 2343 2304 2366 ,
2330 2302 2452 2354 ἐπεὶ
2485 2301 2560 2371 μὴ
2611 2301 2835 2375 λέληθεν
2865 2302 3012 2372 ἡμᾶς
3035 2302 3105 2355 τὰ
3125 2300 3246 2355 καθ’
3278 2302 3461 2371 ἡμῶν,
3493 2302 3525 2355 ἆ
3554 2320 3605 2353 τε
3638 2302 3713 2371 τὴν

2173 2391 2407 2463 μελέτην
2444 2392 2764 2463 ἔμπρακτον
2787 2392 2911 2464 ἔσχε
2933 2392 3026 2447 καὶ
3044 2394 3078 2447 δι
3108 2394 3204 2461 τὴν
3227 2396 3431 2464 πρᾶξιν
3460 2395 3515 2447 ὲν
3546 2391 3716 2461 προθύ-

2174 2502 2286 2556 ροις
2319 2485 2398 2540 ἔτι
2430 2486 2612 2553 σφίσιν
2639 2484 3001 2556 αὑλιζομένην
3033 2487 3376 2557 ὲταμιεύετο,
3403 2485 3714 2555 καλυμάταιον

2174 2577 2253 2640 ei;
2276 2578 2587 2647 τούμφανὲς
2622 2578 2722 2648 τὴν
2741 2577 2899 2649 ἡμῶν
2921 2579 3180 2648 παρεῖχεν
3210 2580 3522 2648 εἰσαγωγήν
3543 2594 3554 2608 ·
3587 2577 3715 2629 ἐκόν-

2171 2685 2286 2734 τες,
2318 2669 2401 2722 ὃτι
2433 2668 2572 2738 πρὸς
2607 2668 2739 2722 Θεὸν
2774 2669 3083 2739 βλέποντες,
3120 2670 3216 2723 καὶ
3244 2670 3338 2723 τδν
3370 2668 3603 2722 τοιοῦτον
3629 2668 3711 2735 τῆς

2173 2745 2453 2833 ἀθλήσεθις
2493 2763 2586 2816 ὑπ’
2623 2762 2886 2833 ἀθληθέτῃ
2928 2764 3213 2834 τρέχοντες
3258 2763 3457 2834 ἐκείνῳ
3506 2761 3710 2820 δίαυλον.

2173 2854 2273 2917 τὰς
2305 2854 2515 2921 ἀγαθὰς
2548 2855 2649 2908 οὐκ
2677 2852 2985 2924 ἐφεύγομεν
3014 2853 3109 2907 τοῦ
3167 2853 3457 2924 μέλλοντος
3505 2852 3711 2913 ἐλπίδας,

2176 2949 2224 2999 εί
2250 2947 2347 3000 καὶ
2375 2946 2434 2998 τὸ
2464 2948 2565 3016 τῆς
2591 2946 2878 3008 εὐσεϐείας
2905 2947 3128 3016 κράτος,
3161 2946 3308 2999 ἔτεσι
3340 2946 3602 3007 πλείστοις
3641 2944 3716 2995 καὶ

2178 3035 2382 3107 βίϐλοις
2411 3036 2584 3103 ἁγίων
2624 3039 2864 3107 μακραῖς
2895 3037 3166 3107 κυρωθὲν,
3200 3035 3229 3087 δ
3280 3035 3473 3108 παρὼν
3519 3036 3606 3088 οὐκ
3631 3037 3714 3101 ἠγ-

479 3130 673 3184 muitis
716 3129 1013 3193 ﬁrmatam,
1050 3141 1293 3198 praesens
1330 3135 1549 3196 tempus
1571 3141 1682 3181 nou
1717 3125 2067 3191 admittebat,

2178 3128 2433 3194 καλίζετο
2465 3130 2659 3200 χρόνος
2689 3146 2702 3159 ο
2740 3128 2874 3182 ἀλλὰ
2923 3130 3018 3182 καὶ
3061 3128 3230 3199 αὐτὴν
3286 3128 3387 3200 την
3432 3128 3520 3182 τοῦ
3565 3128 3715 3191 λέγειν

483 3220 581 3274 sed
611 3220 863 3275 libertate
906 3219 1023 3289 ipsa
1069 3219 1287 3273 dicendi
1314 3219 1473 3272 nobis
1502 3232 1733 3288 prorsus
1761 3217 1973 3283 ablata,
2006 3233 2072 3272 ac

480 3311 595 3366 illis
614 3312 720 3381 qui
744 3311 987 3367 absurda
1016 3310 1278 3381 quaelibet
1329 3310 1489 3366 facile
1526 3318 1910 3380 perpetrarent
1943 3325 2075 3365 eon-

466 3383 662 3468 cessa,
701 3417 856 3458 sacra
883 3403 1137 3457 veritatis
1166 3403 1419 3472 praesidia
1451 3401 1706 3458 demoliri
1737 3409 1791 3454 ct
1820 3409 2073 3456 evertere

482 3494 639 3551 omni
673 3505 955 3550 armorum
1003 3510 1205 3566 genere
1237 3494 1557 3558 festinabat,
1589 3493 1757 3547 nullis
1803 3478 2032 3547 auribus
2054 3534 2070 3558 ,

482 3588 655 3643 nullis
685 3588 906 3651 animis,
937 3602 1034 3642 seu
1059 3587 1460 3663 indignationis
1490 3586 1692 3639 divinae
1721 3595 1952 3657 metum,
1975 3599 2074 3642 seu

481 3679 775 3734 hominum
808 3679 1182 3735 reverentiam
1207 3677 1633 3748 accipientibus.
1804 3732 1809 3737 ,

560 3771 653 3826 lll.
685 3768 938 3827 Conﬂato
968 3772 1022 3825 in
1074 3750 1287 3842 1064
1327 3771 1479 3824 hunc
1511 3767 1733 3823 modum
1771 3767 2031 3823 tribunali
2059 3811 2072 3835 ,

487 3879 612 3918 cum
665 3871 719 3917 et
744 3864 943 3918 scirem
983 3871 1039 3919 et
1083 3865 1328 3919 viderem
1365 3862 1759 3932 imperatorem
1811 3861 2079 3917 adversus

485 3973 586 4013 nos
617 3957 832 4028 praefari
861 3957 943 4013 sic
973 3958 1159 4024 .vellc,
1192 3966 1253 4011 ut
1285 3957 1337 4010 in
1367 3958 1489 4027 ejus
1523 3957 1711 4011 verbis
1744 3973 1942 4027 magna
1972 3957 2078 4010 doc

484 4053 789 4107 minaretur
823 4050 1145 4119 iracundia,
1181 4052 1416 4121 primam
1472 4054 1589 4123 ipse
1627 4052 2077 4121 impressionem,

484 4158 747 4215 quantum
781 4147 832 4200 in
871 4161 957 4201 me
989 4146 1114 4208 fuit,
1143 4147 1381 4215 repressi
1411 4165 1422 4201 :
1458 4162 1523 4201 ac
1548 4161 1651 4201 nos
1677 4146 1838 4218 (dixi)
1862 4145 1929 4200 ad
1955 4159 2081 4216 pro-

484 4239 722 4307 positum
760 4250 1148 4308 argumentum
1184 4247 1240 4293 et
1277 4239 1342 4293 ad
1379 4241 1685 4294 institutam
1722 4239 2081 4309 disceptatio—

487 4345 608 4382 nem
662 4330 945 4400 priuribus
997 4329 1250 4401 vestigiis
1312 4329 1623 4386 insistendo
1665 4330 1982 4393 redeamus;
2021 4338 2082 4383 ut

489 4425 604 4478 haec
644 4424 949 4493 disputatio
990 4424 1187 4478 ordine
1238 4424 1527 4500 procedat,
1582 4422 1838 4491 adeoque
1871 4425 2079 4477 bonum

2179 3223 2399 3277 ἅπασαν
2448 3220 2630 3276 ἄδειαν
2676 3221 2835 3291 ἡμῶν
2907 3238 2965 3273 τε
3045 3221 3452 3291 ἀφαιρούμενος
3504 3219 3713 3289 καὶτοῖς

2176 3315 2310 3386 δρᾷν
2347 3303 2594 3385 εὐχερῶς
2619 3319 2688 3368 τὰ
2717 3317 2860 3369 κατὰ
2886 3314 3141 3385 βούλησιν
3176 3316 3394 3385 ἔχουσιν
3419 3314 3612 3367 ἐκτοπα
3634 3329 3713 3379 11-

2180 3405 2464 3476 ρίζόμενος
2490 3405 2558 3459 τὰ
2588 3409 2688 3479 τῆς
2715 3407 2973 3478 ἀληθείας
3020 3407 3298 3479 ἀνάκτορα
3355 3408 3515 3461 πᾶσιν
3561 3403 3716 3463 ὅπλοις

2177 3498 2464 3569 καθαιρεῖν
2498 3516 2557 3552 τε
2587 3502 2682 3553 καὶ
2712 3500 2860 3552 λύειν
2888 3499 3168 3570 ¹ῑιπείγετο,
3221 3499 3354 3571 μήτ’
3395 3501 3557 3567 ἀκοῆς
3604 3496 3716 3565 μήτε

2178 3592 2406 3661 γνώμης
2433 3591 2692 3662 οὐδεμιᾶς
2727 3593 2865 3664 μήτε
2883 3594 3102 3664 νέμεσιν
3121 3592 3271 3647 θείαν
3306 3591 3433 3665 μήτ’
3454 3588 3719 3659 ἀνθρώπων

2182 3684 2625 3754 προσδεχομένης
2647 3683 2803 3742 αίδώ.

2251 3774 2328 3829 Γ’.
2383 3772 2494 3828 Τοῦ
2556 3776 2737 3845 μέντοι
2790 3775 3033 3846 βήματος
3086 3773 3229 3829 οὕτω
3272 3771 3719 3845 συγκροτηοέντος,

2181 3869 2343 3931 εἰδώς
2374 3870 2432 3922 τε
2474 3868 2593 3938 ἃμα
2652 3868 2750 3922 καὶ
2791 3868 2917 3920 ἰδὼν
2968 3867 3188 3938 μεγάλῳ
3248 3863 3722 3939 στρατηγουμένους

2184 3961 2470 4032 θυμῷ’τδν
2513 3960 2736 4032 βασιλέα
2799 3958 2920 4012 καθ’
2948 3957 3106 4029 ἡμῶν
3166 3955 3612 4028 προοιμιάζεσθαι
3655 3952 3724 4005 θέ-

2181 4053 2345 4106 λοντα
2381 4053 2574 4121 λόγους
2632 4051 2732 4123 τὴν
2783 4048 3029 4120 πρώτην,
3055 4049 3178 4103 ὅσον
3221 4050 3466 4119 ἐφικτὸν,
3504 4042 3722 4100 ἀνέστελ-

2182 4146 2271 4198 λον
2300 4145 2484 4213 ἕφοδον
2516 4144 2680 4213 ἔγωγ’
2713 4143 2897 4207 αὐτὸς,
2933 4141 3057 4196 Ἐπὶ
3074 4140 3137 4195 τὸ
3163 4143 3520 4213 προκείμενον
3552 4138 3635 4189 καὶ
3678 4132 3723 4184 τὸ

2183 4239 2454 4310 πρότερον
2489 4239 2638 4308 ῐχνος
2664 4236 2760 4292 τοῦ
2808 4236 2972 4306 λόγου
3029 4236 3305 4307 (φάσκων)
3345 4231 3719 4297 ἐπανέλθωμεν.

2184 4334 2258 4396 ὡς
2284 4333 2348 4387 ἂν
2374 4334 2401 4386 ὁ
2428 4332 2586 4399 λόγος
2618 4330 2742 4384 καθ’
2776 4331 2967 4402 εἱρμὸν
3032 4329 3230 4385 όδεύων
3282 4325 3501 4397 λήξεσιν
3542 4320 3720 4390 ἐντύχοι

2186 4425 2473 4497 χρησταῖς·
2511 4423 2586 4477 οὐ
2615 4420 2723 4493 γὰρ
2772 4421 2838 4477 ἂν
2904 4419 3207 4497 φθάνοιμεν
3267 4419 3441 4482 ἄλλως
3493 4411 3721 4485 κρημνοῖς

485 4512 693 4565 exitum
752 4511 1042 4570 sortiatur.
1090 4510 1308 4578 Alioqui
1350 4504 1529 4562 facere
1560 4508 1708 4583 haud
1741 4522 2072 4577 possumus,

2191 4519 2282 4572 καὶ
2336 4515 2585 4588 φάραγξι
2628 4515 2721 4569 καὶ
2752 4502 3053 4576 σκοπέλοιςῙ
3092 4513 3319 4579 ἀτόποις
3375 4509 3544 4564 εἰπεῖν
3592 4518 3719 4570 περιο

488 4603 620 4670 quin
654 4602 966 4670 praecipites
1009 4616 1256 4660 ruamus.
1293 4614 1357 4654 2c
1400 4610 1659 4668 tanquam
1703 4600 1757 4654 in
1791 4601 2083 4672 voragines

488 4694 697 4757 delati,
746 4701 842 4747 aut
894 4692 963 4746 ad
998 4692 1256 4762 scopulos
1293 4691 1466 4753 allisi,
1503 4693 1558 4746 iu
1596 4691 1838 4747 absurda
1872 4692 2084 4748 incida-

489 4801 639 4851 mus,
670 4792 729 4841 et
759 4784 1044 4840 erroribus
1070 4785 1417 4856 gravioribus
1451 4772 1727 4856 jactemur
1754 4800 1919 4855 quam
1954 4786 2083 4856 qui-

488 4878 593 4932 bus
632 4877 747 4946 ipse
779 4876 1040 4947 Ulysses:
1076 4892 1175 4931 nec
1211 4876 1374 4933 linem
1405 4878 1588 4942 nobis,
1629 4878 1725 4933 sed
1754 4881 1989 4934 aliarum
2016 4895 2085 4934 ex

489 4967 614 5020 aliis
640 4966 931 5021 turbarum
961 4967 1527 5037 persecutionumque
1562 4968 1780 5025 initium
1804 5011 1819 5036 ,
1858 4969 2081 5025 hodier-

491 5074 600 5113 nus
631 5058 752 5113 dies
783 5059 1102 5129 spondebit.
1145 5060 1241 5115 llis
1280 5060 1584 5131 imperator
1613 5070 1817 5132 praeter
1861 5068 2087 5116 senten-

495 5154 632 5205 tiam
661 5151 889 5235 auditis,
922 5151 992 5207 de
1033 5153 1384 5208 vehementia
1417 5153 1663 5220 remisit;
1700 5169 1811 5207 non
1861 5152 2085 5223 quidem

491 5232 755 5311 libenter,
788 5262 889 5302 nec
925 5261 1080 5301 more
1132 5247 1254 5317 ejus
1280 5246 1374 5317 qui
1420 5247 1565 5302 baud
1602 5255 1951 5318 gravaretur,
2001 5248 2111 5303 re-’

493 5339 647 5395 misit
695 5347 880 5394 tamen
934 5339 1221 5410 paululum
1255 5380 1270 5404 ,
1303 5348 1573 5408 quantum
1617 5339 1829 5395 scilicet
1860 5353 2088 5394 necesse

492 5438 613 5486 erat
643 5431 710 5486 ad
768 5432 1142 5501 suspicionem
1190 5440 1246 5488 et
1283 5431 1716 5502 indignationem
1752 5426 1961 5486 eorum
1992 5431 2088 5503 qui

494 5522 728 5578 aderant
757 5524 1147 5580 amovendam.
1726 5538 1729 5543 ‘

564 5612 652 5670 IV.
689 5615 979 5686 ingressus
1019 5615 1209 5684 itaque
1261 5616 1440 5671 lector
1475 5630 1505 5670 a
1533 5616 1715 5687 capite
1750 5624 1950 5687 quarto
1992 5630 2091 5671 ex-

498 5717 658 5757 orsus
688 5712 794 5759 cst.
826 5704 962 5760 Nam
997 5706 1272 5774 superiori
1303 5706 1391 5759 die
1436 5706 1537 5760 tria
1570 5707 1808 5776 perlecta
1850 5718 1904 5762 ct
1935 5708 2089 5761 dam-

500 5804 625 5849 nata
662 5796 925 5853 fuerant:
956 5813 1021 5853 ac
1067 5798 1202 5853 nulli
1258 5798 1468 5855 mederi
1513 5800 1559 5857 is
1595 5815 1621 5853 a
1657 5814 1769 5869 quo
1801 5799 2003 5871 scripta
2034 5809 2092 5854 et

2186 4605 2504 4670 πίπτοντες,
2545 4603 2640 4658 καὶ
2684 4601 2920 4666 πλάνους
2952 4601 3269 4665 ἀντλοῦντες
3320 4601 3428 4654 τῶν
3464 4593 3721 4651 Ὀδυσσέως

2183 4698 2598 4769 χαλεπωτέρους
2617 4713 2635 4730 ⁸
2677 4696 2775 4750 καὶ
2801 4696 2863 4750 οὐ
2895 4696 3048 4759 τέλος
3086 4694 3333 4766 θορύϐων
3354 4695 3481 4764 ἡμῖν
3506 4692 3531 4742 δ
3556 4682 3716 4754 παρὼν

2186 4791 2339 4844 ἔσται
2410 4788 2602 4859 καιρὸς
2656 4785 3044 4859 ἐγγυώμενος,
3107 4785 3224 4840 ἀλλ’
3280 4786 3450 4859 ἀρχὰς
3505 4777 3711 4846 θορύόων

2186 4882 2272 4952 ἐφ’
2308 4882 2515 4952 ἑτέροις
2560 4880 2783 4951 ἑτέρων,
2826 4880 2963 4934 κάπὶ
2989 4878 3245 4949 δίωγμοῖς
3268 4875 3535 4947 διωγμῶν.
3562 4870 3715 4955 Ταῦτα

2187 4975 2343 5046 παρὰ
2366 4976 2466 5046 τὴν
2492 4974 2753 5044 πρόθεσιν
2780 4974 2882 5043 τῆς
2906 4970 3088 5043 ψυχῆς
3119 4971 3385 5042 ἀκηκοότι
3409 4967 3486 5036 τῷ
3508 4960 3709 5053 ’βασιλεῇ

2186 5067 2248 5119 ob
2281 5067 2587 5139 προθύμως·
2632 5066 2732 5137 μὲν
2767 5064 2877 5119 οὐδ’
2913 5063 3280 5135 ἀνεπαχθέσιν
3334 5048 3528 5134 ἤθεσιν,
3556 5048 3715 5109 ἐνδιδὸ-

2187 5176 2277 5213 ναι
2304 5158 2350 5212 δ’
2384 5157 2476 5213 οὖν
2501 5157 2782 5227 ἐξεγένετο
2824 5154 2999 5228 βραχύ
3024 5173 3097 5221 τι,
3129 5155 3224 5210 καὶ
3285 5155 3403 5208 ὅσον
3447 5141 3711 5220 ἀφοσιώσα-

2191 5253 2316 5308 σθαι
2396 5253 2498 5327 τὴν
2565 5252 2675 5308 τῶν
2745 5249 3033 5322 παρόντων
3100 5246 3356 5302 ὑπόνοιάν
3417 5259 3474 5298 τε
3517 5236 3600 5295 καὶ
3642 5229 3711 5287 νέ-

2193 5362 2371 5416 μεσιν.

2263 5608 2337 5667 Δ’.
2368 5608 2532 5664 Ὅθεν
2558 5607 2747 5663 εἰσιὼν
2789 5610 2816 5664 ὁ
2846 5606 3244 5676 ἀναγινώσκων
3301 5602 3465 5676 ἀρχὴν
3516 5586 3708 5689 ἐποιεῖτο

2193 5704 2510 5773 κεφαλαίων
2534 5703 2596 5757 τὸ
2625 5704 2908 5775 τέταρτον.
2940 5702 3025 5757 Τὰ
3057 5700 3166 5771 γὰρ
3214 5697 3339 5769 τρία
3366 5697 3428 5767 τῇ
3463 5690 3713 5775 προῖερσίῗ

2194 5794 2529 5863 ἀνέγνωσταί
2562 5811 2617 5848 τε
2652 5796 2745 5849 καὶ
2793 5794 3186 5861 κατέγνωσται,
3222 5791 3296 5860 μὴ
3328 5772 3698 5857 δυνηθέντδςτου
