4002 6468
661 361 736 430 [Α.
776 378 804 415 c
872 360 1027 415 l55l‘

273 368 402 432 1281

1288 337 1729 422 BYZ.\N'l‘I.‘i.E
1778 359 2160 419 lIISTORI.E
2193 363 2330 426 Lm.
2371 362 2524 424 XXI.

2637 361 2773 431 itur.
2813 375 2859 413 ι.
2905 374 3172 414 cuncvz
3228 357 3283 429 5]

3398 363 3530 425 1282

265 499 382 553 pet)
410 480 532 540 ταῖς
568 477 1088 548 παρανομουμέναις
1118 475 1418 545 ἐξηγήσεσι
1447 476 1584 545 πρὸς
1609 477 1667 528 τὸ
1713 476 1842 546 βου·
1871 522 1876 534 ι

1985 475 2074 528 ina
2118 485 2174 529 et
2219 486 2488 544 quaterna
2540 478 2719 532 aeutis
2764 477 2958 530 cultris
2989 477 3345 542 desecantes,
3379 486 3432 532 et
3459 493 3530 533 ex

261 573 492 642 λόμενον
530 569 788 622 δύνανται
820 569 918 637 τῆς
959 567 1159 636 ψυχῆς,
1198 565 1282 638 [Ρ.
1312 565 1439 637 654]
1490 565 1718 634 ἰσχυρὰν
1752 567 1846 618 καὶ

265 665 656 718 δυσεκϐίαστον
687 663 785 732 τὴν
806 662 1096 714 ἀντίπαλον
1144 661 1299 730 ἰσχὺν
1354 661 1684 727 κεκτημένα.
1721 660 1846 721 Τοῖς

271 758 372 829 μὲν
398 757 506 827 γὰρ
534 755 777 824 κεφαλὰς
807 753 1109 822 ἀνθρώπων
1151 753 1407 822 ἀφαιρεῖν
1436 751 1497 802 οὐ
1528 751 1848 820 φρίττουσιν

265 851 386 904 οὐδὲ
435 851 589 919 μόγις
628 848 769 916 μέγα
806 848 871 901 ἄν
904 863 1033 898 ποτε
1066 846 1263 914 φανείη
1314 844 1546 914 γραφῶν
1599 841 1848 912 κεφαλὰς

256 943 525 1012 ’ἀφαιρεῖν
553 940 812 993 εὐσεϐῶν.

351 1126 428 1177 Θ’.
476 1123 618 1176 ’ΛλΥ
666 1126 844 1176 ἐκεῖσε
908 1123 1188 1192 ἐπάνειμι,
1221 1123 1328 1174 τῶν
1390 1122 1702 1191 αὐθημῖρζν
1736 1124 1854 1175 ἐκεῖ

279 1218 790 1288 παρανομηθέντων
849 1217 967 1278 ἑνός
1005 1235 1106 1269 που
1143 1217 1234 1266 καὶ
1294 1215 1441 1266 δυοῖν
1497 1217 1575 1275 εἰς
1629 1215 1853 1279 ἔνδειξιν

288 1309 761 1378 μνησθησόμενος,
801 1308 860 1371 ἐξ
909 1308 1115 1378 ὀνύχων
1147 1308 1312 1374 φάναι
1340 1306 1432 1358 τὸν
1479 1306 1689 1369 λέοντα,
1745 1308 1854 1359 κάκ

281 1399 376 1452 τοῦ
410 1400 720 1469 κρασπέδου
748 1400 808 1452 τὸ
859 1399 1107 1468 ὕφασμα.
1157 1397 1376 1467 Ἐπειδὴ
1428 1397 1535 1467 γὰρ
1585 1399 1715 1467 ἡμῖν
1758 1399 1855 1467 μὲν

281 1488 344 1541 τὸ
370 1488 554 1554 λέγειν
585 1491 684 1541 οὐκ
716 1489 796 1541 ἔτι
832 1491 981 1557 ἐνῆν,
1015 1491 1075 1540 τὸ
1103 1489 1160 1541 δέ
1189 1489 1400 1555 σιωπᾷν
1433 1489 1578 1555 ἐνῆν,
1609 1488 1858 1559 καταψη-

285 1581 479 1646 φισθὲν
509 1581 710 1632 οὑτωσί
730 1597 742 1610 ο
779 1582 1013 1644 ἐκείνοις
1045 1582 1104 1633 τὸ
1132 1581 1230 1650 μὲν
1275 1582 1432 1650 σιγᾷν
1463 1581 1562 1633 οὐκ
1617 1581 1767 1649 ἐνῆν,
1795 1581 1856 1633 τὸ

283 1673 342 1726 δὲ
375 1673 564 1725 λαλεῖν
603 1673 802 1740 ἀνέδην
833 1673 928 1724 καὶ
962 1673 1106 1741 μάλα
1136 1672 1264 1741 ὲνῆν
1319 1675 1383 1724 ἐκ
1432 1671 1728 1741 διαμέτρου
1789 1670 1858 1724 τὰ

284 1763 424 1815 κατά
464 1761 718 1831 βούλησιν
751 1763 971 1815 ἅπαντα
999 1762 1216 1825 ’πολὺς
1243 1761 1480 1832 κατέσχε
1508 1761 1568 1815 τὸ
1600 1763 1748 1832 βῆμα
1765 1762 1860 1814 σά-

1949 567 2121 621 sacris
2159 568 2334 622 [.iliris
2362 583 2426 623 ea
2474 570 2790 631 avelientes.
2822 586 2942 639 qua:
2981 570 3220 624 validum
3258 581 3312 623 et
3357 586 3530 639 expu-

1951 672 2116 730 gnatu
2156 661 2378 716 dillieile
2413 662 2581 716 robur
2614 668 2972 732 opponentia,
3009 664 3074 718 ad
3107 679 3268 718 suum
3301 679 3525 719 sensum

1950 763 2006 807 ct
2051 753 2266 807 libitum
2321 755 2528 824 iniquis
2589 755 3144 825 interpretationibus
3193 757 3520 826 detorquch

1952 861 2062 898 non
2114 857 2367 914 possunt.
2409 845 2679 900 Nimirum
2713 849 2806 916 qui
2861 848 3176 902 hominibus
3207 851 3386 918 capita
3431 865 3501 902 au

1955 938 2098 991 ferre
2163 952 2270 990 non
2329 937 2750 997 CXlltlrl‘CsCllllt,
2789 939 2855 993 iis
2902 939 2988 992 vix
3037 955 3288 1009 magnum
3354 939 3510 993 vider

1955 1043 2195 1094 unquam
2228 1037 2410 1096 potest
2441 1030 2618 1096 Capita
2653 1047 2717 1083 ex
2753 1030 2910 1083 libris
2937 1031 3258 1084 ortliodoxis
3287 1030 3506 1084 auferre

2029 1119 2118 1174 ΙΧ.
2171 1119 2370 1171 Verum
2403 1138 2504 1190 ego
2539 1123 2666 1175 illuc
2700 1123 2884 1175 redeo.
2929 1123 3005 1176 Ex
3039 1122 3104 1174 iis
3133 1139 3254 1191 qua:
3284 1123 3372 1174 illa
3407 1123 3522 1191 ipsa

1957 1207 2045 1260 die
2080 1218 2277 1276 pneter
2305 1211 2394 1278 jt's
2429 1222 2738 1279 perpetrata
2781 1222 2927 1275 sunt,
2964 1230 3131 1266 unum
3177 1215 3526 1280 alterumque

1956 1300 2170 1354 facinus
2201 1303 2432 1370 exempli
2487 1319 2647 1357 (σακε-α
2687 1306 3150 1360 commemorabo.
3201 1305 3278 1359 lta
3320 1308 3530 1359 leonem

1958 1407 2024 1445 ex
2070 1408 2283 1460 ungue,
2316 1403 2369 1446 et
2420 1411 2484 1446 ex
2523 1394 2740 1448 lieria
2780 1405 2984 1450 textum
3018 1413 3178 1449 omne
3227 1399 3416 1451 licebit
3441 1414 3536 1452 co-

1959 1501 2247 1554 gnoscere.
2283 1485 2418 1540 Cum
2464 1502 2525 1540 ea
2574 1489 2624 1540 in
2661 1505 2760 1542 nos
2791 1491 3064 1542 sententia
3117 1491 3225 1543 lata
3272 1501 3439 1552 esset,
3477 1503 3537 1545 ut

1960 1576 2122 1630 nobis
2151 1577 2372 1645 quiilem
2427 1578 2562 1630 niltil
2613 1579 2760 1647 loqui
2819 1580 3096 1648 amplius,
3158 1581 3253 1634 sed
3309 1591 3535 1645 tacere;

1962 1675 2155 1719 contra
2193 1667 2298 1720 illis
2333 1683 2438 1720 non
2481 1677 2684 1730 tacere,
2730 1669 2826 1722 sed
2863 1669 3093 1723 licenter
3119 1680 3171 1723 ct
3212 1672 3536 1727 immodeste

1963 1758 2228 1828 quidquid
2282 1759 2535 1814 libuisset
2607 1761 2760 1829 loqui
2823 1763 3280 1830 permitteretur;
3344 1779 3538 1834 magna

282 1853 374 1914 λος
401 1824 576 1905 ἐκεῖνο
611 1824 706 1904 καὶ
767 1851 1016 1920 θόρυϐος,
1075 1851 1170 1904 καὶ
1224 1843 1333 1912 οἶος
1392 1824 1457 1902 ἂν
1486 1824 1698 1916 γένοιτο
1747 1847 1856 1918 νηῒ,

1981 1851 2190 1921 igitatio
2231 1861 2288 1904 et
2320 1851 2782 1906 turbulentissimi
2818 1861 3002 1907 motus
3032 1853 3099 1919 {in
3141 1854 3235 1908 illo
3276 1824 3538 1910 tribunali

291 1946 618 2012 πνευμάτων
656 1943 865 2012 ἀγρίων
892 1943 953 1996 τὸ
987 1941 1223 2010 πέλαγος
1284 1945 1706 2009 συγκυκώντων,
1765 1942 1862 1994 καὶ
1896 1987 1911 2000 .

290 2031 530 2104 βροντῶν
581 2034 842 2104 αίθερίων
869 2035 958 2088 τὸν
991 2033 1154 2103 πέριξ
1182 2033 1318 2105 ἀέρα
1346 2034 1720 2104 κρατούντων,
1766 2032 1863 2086 καὶ

289 2126 474 2178 πᾶσαν
500 2124 904 2190 ἐπικλυζόντων
937 2125 1109 2196 ἀκοὴν
1161 2127 1256 2178 καὶ
1297 2125 1514 2178 σύνεσιν
1542 2125 1754 2187 λαλιᾶς.
1787 2125 1861 2178 Οὐ

292 2216 398 2284 γὰρ
428 2216 593 2284 μόνον
640 2219 702 2269 ἐκ
744 2219 845 2287 τῆς
895 2216 1282 2285 πολυγλώσσου
1341 2217 1592 2287 κραυγῆς
1650 2216 1866 2285 ἐκείνης

289 2309 387 2360 καὶ
431 2308 732 2376 τρικυμίας
754 2309 976 2377 καὶτῆς
1012 2307 1123 2361 τῶν
1184 2308 1502 2377 λεγομένων
1545 2307 1820 2376 ἀκοσμίας
1849 2322 1864 2338 ⁸

225 2462 228 2464 γ
287 2395 426 2448 ἀλλὰ
451 2399 542 2449 καὶ
568 2397 595 2447 ὁ
626 2396 734 2449 τῶν
764 2398 966 2467 χειρῶν
1012 2397 1261 2465 πάταγος
1315 2397 1537 2449 πλείονα
1573 2396 1664 2449 τὸν
1710 2395 1870 2467 θόρυ-

293 2486 386 2540 ϐον
420 2490 652 2541 ἐνεποίει
684 2489 760 2558 τῷ
787 2491 1066 2559 συνεδρίῳ,
1094 2491 1154 2541 οὐ
1193 2489 1505 2559 παροδικῶς
1555 2505 1670 2550 πως
1712 2506 1871 2540 συνε-

293 2578 528 2648 νεχθεὶς,
558 2579 699 2631 κατὰ
746 2581 843 2642 τὰς
899 2581 1342 2648 ἀπροσδοκήτους
1384 2581 1643 2642 ἐπιούσας
1689 2581 1871 2632 όπώσ-

299 2685 430 2722 ποτε
482 2669 674 2738 τύχας,
708 2671 844 2723 ἁ).λά
872 2674 968 2724 καί
1025 2672 1170 2739 μάλα
1197 2671 1261 2738 γέ
1296 2687 1380 2723 τοι
1424 2669 1763 2740 ἐξεπίτηδες·
1785 2672 1873 2724 ἵνα

306 2761 473 2830 μηδὲν
499 2761 609 2814 τῶν
636 2762 972 2832 παρανόμως
1003 2764 1124 2815 ἐκεῖ
1188 2761 1693 2831 δογματιζομένων,
1729 2763 1870 2816 κατά

299 2854 360 2906 τὸ
384 2855 700 2924 πρόσφατόν
725 2872 786 2906 τε
813 2857 906 2907 καὶ
931 2854 1096 2924 ἄηθες
1131 2857 1199 2925 τῇ
1234 2853 1329 2907 τοῦ
1363 2853 1498 2906 Θεοῦ
1548 2852 1871 2924 Ἐκκλησία,

300 2949 431 3019 ἡμῖν
455 2948 798 3018 ηκουσμένον
819 2949 1052 3013 γένοιτο,
1082 2948 1218 3018 μηδὲ
1259 2947 1432 3018 μικρά
1456 2963 1538 3009 τις
1561 2947 1875 3014 ἀντιλογίας

301 3040 418 3092 ἐκεῖ
447 3040 580 3108 πρὸς
603 3040 762 3109 ήμῶν
794 3038 1088 3109 τολμηοείη
1115 3041 1276 3109 ῥοπή.
1309 3039 1504 3107 ’Ὀμως
1563 3039 1611 3090 εί
1645 3040 1741 3091 καὶ
1802 3037 1876 3107 μὴ

305 3128 524 3180 πάντων
555 3130 613 3180 ἐν
645 3128 904 3196 ἁκηράτῳ
935 3127 1242 3196 γεγόναμεν
1274 3127 1433 3196 ἀκοῇ,
1468 3123 1585 3177 ἀλλ’
1628 3123 1720 3176 οῦν
1743 3125 1880 3178 ἁπέ-

304 3233 501 3289 χρησε,
526 3220 634 3271 τῶν
668 3237 731 3285 γε
765 3219 1031 3272 πλειόνων
1061 3218 1380 3286 ἀκηκοόσιν,
1414 3218 1488 3278 ώς
1522 3216 1668 3286 ἔχειν
1727 3215 1881 3268 εἰκά-

307 3311 420 3375 ζειν
453 3311 704 3366 ἐντεῦθεν
737 3312 832 3362 καὶ
865 3309 974 3362 τῶν
1001 3309 1074 3378 μὴ
1135 3307 1322 3375 σαφῶς
1374 3307 1730 3376 ἠκουσμένων
1782 3305 1878 3376 τὴν

305 3402 491 3470 φύσιν.
557 3401 690 3454 Οὐδὲ
746 3400 854 3470 γὰρ
895 3391 1020 3453 ὀὐδ’
1091 3400 1316 3452 ἐκείνων
1360 3400 1569 3461 ’τελέως
1612 3398 1879 3466 ἀνηκόους

308 3494 456 3564 ἡμᾶς
490 3493 741 3560 γενέσθαι
794 3491 1218 3562 ξυμπέπτωκεν.
1249 3491 1331 3545 Τά
1383 3490 1492 3558 γὰρ
1525 3490 1880 3559 ὑστερόφωνα

305 3585 406 3653 τῆς
441 3586 700 3652 συνεχοῦς
725 3584 975 3636 ἑκάστων
1030 3583 1253 3637 ἐκείνων
1310 3579 1499 3652 ὴχοῦς,
1557 3581 1666 3640 τῶν
1718 3577 1880 3650 πέριξ

307 3677 408 3746 τῆς
434 3675 720 3746 βασιλικῆ;
760 3675 974 3746 ἐκείνης
1021 3675 1199 3739 οίκίας
1243 3673 1572 3744 ἐκπηδῶντα
1627 3671 1878 3742 σφαιρῶν

308 3767 408 3820 καὶ
447 3764 848 3837 ἡμισφαιρίων,
871 3765 962 3818 καί
1014 3782 1177 3818 τινων
1210 3763 1374 3834 ίχνῶν
1409 3765 1619 3817 ἐκεῖθεν
1667 3765 1879 3816 ἀποσυ-

305 3857 486 3912 λῶντα
501 3861 786 3928 μιμήσεις,
803 3856 1202 3927 φιλανθρώπως
1234 3858 1410 3908 εἰπεῖν
1431 3855 1579 3925 ἡμᾶς
1610 3850 1880 3917 ἐδεξιοῦτό

307 3969 370 4005 τε
397 3953 495 4005 καὶ
511 3951 741 4015 ἐξένιζε,
771 3951 835 4002 τὸ
863 3934 1204 4018 λυπούμενον
1235 3947 1332 4018 τῆς
1374 3946 1555 4018 ψυχῆς
1588 3943 1745 4016 ἡμῶν
1787 3942 1879 3996 οὑ-

309 4043 447 4099 τωσὶ
487 4041 874 4096 κολακεύοντα.

1964 1943 2318 2022 exstiterunt,
2351 1944 2541 2013 quales
2588 1943 2744 1998 navis
2793 1946 3035 2014 experiri
3088 1946 3284 2016 possit,
3318 1961 3540 2016 aequore

1965 2033 2320 2088 saevientibus
2377 2037 2550 2089 ventis
2593 2035 2833 2100 turbato,
2885 2037 3025 2092 ctelo
3071 2047 3254 2091 autem
3299 2037 3542 2092 aetheriis

1967 2125 2299 2196 fragoribus.
2337 2141 2558 2181 omnem
2592 2127 2854 2182 audiendi
2900 2143 3124 2182 sensum
3160 2138 3216 2182 et
3240 2129 3541 2198 cujuscun-

1968 2231 2076 2285 que
2106 2216 2257 2270 vocis
2304 2217 2642 2271 intclteetum
2676 2217 3120 2283 absorbentibus,
3147 2218 3392 2287 undique
3433 2218 3543 2274 cir-

1969 2317 2349 2363 cumtonante.
2396 2307 2608 2378 1009
2635 2307 2848 2378 Quippe
2889 2325 2998 2362 non
3047 2310 3226 2364 solum
3273 2311 3365 2364 ille
3399 2312 3545 2364 mul-

1975 2408 2154 2454 torum
2188 2399 2449 2453 dissonus
2479 2399 2703 2465 clamor,
2736 2400 3219 2470 procellosutnque
3267 2417 3542 2467 murmur,

1971 2499 2027 2542 et
2072 2489 2366 2543 inconditae
2417 2490 2763 2558 loquentium
2805 2505 3006 2555 voces,
3058 2491 3154 2546 sed
3207 2502 3262 2547 et
3302 2493 3548 2562 crepitus

1974 2598 2235 2636 manuum
2273 2584 2706 2652 complosarum,
2743 2585 2922 2653 major
2958 2593 3016 2637 ut
3069 2587 3342 2639 tumultus
3396 2586 3450 2639 itt
3481 2603 3547 2640 ea

1975 2672 2245 2726 concione
2295 2673 2592 2726 exsisteret
2637 2671 2982 2738 eﬂieiebant;
3018 2688 3122 2727 non
3171 2674 3259 2729 illc
3289 2676 3466 2730 obiter
3493 2689 3550 2730 et

1977 2773 2182 2818 temere
2214 2763 2508 2825 excitatus,
2553 2774 2613 2818 ut
2652 2764 2707 2818 in
2761 2765 2826 2818 iis
2847 2765 3085 2830 rasilius,
3127 2767 3220 2834 qui
3249 2766 3460 2820 fortuiti
3494 2779 3550 2822 et

1978 2853 2262 2924 improvisi
2299 2869 2630 2923 quocunque
2661 2854 2825 2906 modo
2856 2855 3137 2919 accidunt,
3171 2856 3264 2909 sed
3297 2857 3551 2911 consulto

1977 2956 2030 3000 et
2059 2946 2181 2998 data
2215 2947 2372 3015 plane
2405 2961 2572 3015 opera
2599 2964 2612 2998 :
2648 2961 2714 3000 ne
2751 2937 2961 3001 scilicet
2989 2963 3177 3001 eormn
3211 2947 3547 3016 dogmatum,

1980 3050 2102 3103 qua:
2133 3035 2242 3088 illic
2271 3044 2457 3088 contra
2498 3033 2580 3096 fas
2620 3035 3010 3088 statuebantur
3041 3050 3104 3089 ac
3144 3036 3200 3088 in
3247 3033 3548 3089 Ecclesiatn

1987 3126 2079 3180 Dei
2118 3141 2256 3179 nova
2285 3135 2340 3178 et
2377 3126 2620 3181 inaudita
2655 3126 3268 3189 invchebantur,ullum
3294 3127 3359 3180 ad
3392 3142 3554 3183 aures

1983 3228 2199 3272 nostras
2229 3217 2565 3286 perveniret,
2608 3226 2776 3286 atque
2817 3231 2877 3271 ut
2908 3233 2976 3272 ne
3024 3218 3230 3271 ibidem
3265 3219 3352 3272 vel
3393 3218 3556 3272 mitti-

1984 3324 2134 3361 mutn
2174 3307 2594 3361 contradicendi
2646 3308 2828 3362 locum
2872 3308 3139 3362 audatius
3179 3319 3555 3378 captarchs.

1979 3397 2248 3452 Caeterum
2302 3395 2404 3450 etsi
2452 3411 2561 3449 non
2617 3397 2803 3450 omnia
2853 3395 3115 3451 distincte
3157 3403 3214 3450 et
3271 3397 3460 3462 clare,
3503 3406 3559 3450 at

1981 3487 2248 3556 pleraque
2277 3501 2308 3540 a
2339 3486 2501 3540 nobis
2551 3495 2781 3540 eatenus
2811 3486 2996 3540 audita
3036 3495 3184 3550 sunt,
3210 3495 3271 3540 ut
3300 3502 3420 3554 quae
3450 3501 3557 3539 non

1979 3577 2192 3646 liquido
2247 3577 2596 3632 audissemus
2620 3618 2635 3644 ,
2671 3593 2864 3631 eorum
2904 3579 3086 3632 etiam’
3123 3593 3346 3632 sensum
3399 3577 3562 3632 facile

1981 3669 2110 3723 inde
2138 3669 2598 3740 conjectaremus.
2660 3669 2795 3724 Nam
2828 3670 2883 3723 in
2919 3670 3009 3723 illa
3036 3670 3294 3724 continua
3315 3669 3562 3740 singulo-

1983 3773 2107 3812 rum
2161 3759 2562 3815 vociferatione
2608 3775 2774 3814 voces
2830 3761 3040 3814 ultima:
3095 3762 3462 3830 superstites,
3495 3776 3563 3815 ex

1985 3851 2400 3920 circumpositis
2435 3852 2776 3922 imperatorii
2824 3852 2972 3906 illius
3018 3851 3281 3906 domicilii
3329 3853 3564 3920 spltaeris

1991 3951 2047 3997 et
2083 3943 2486 4011 hemispbmriis
2527 3943 2878 4006 resultantes,
2909 3951 2965 3996 et
3002 3942 3366 4012 quorumdam
3407 3943 3581 4011 quasi,

1990 4034 2350 4105 vestigiorum
2397 4035 2688 4106 imaginem
2717 4035 2887 4089 ‘illinc
2937 4034 3261 4101 referentes,
3293 4035 3469 4089 amice
3504 4043 3568 4090 ut

312 4138 390 4194 ita
429 4138 610 4194 dicam
639 4153 739 4192 nos
769 4135 837 4191 ad
900 4149 960 4192 se
993 4132 1358 4190 admittebant
1415 4142 1471 4189 et
1537 4130 1690 4188 velut
1754 4127 2210 4195 introducebant,
2239 4123 2414 4200 esque
2470 4129 2682 4185 ratione
2727 4129 3112 4200 mgritudinem
3163 4129 3334 4183 animi
3380 4130 3561 4185 nostri

314 4233 518 4289 blande
547 4231 889 4288 solabamur.

386 4327 445 4382 l'.
477 4329 569 4390 Εἰς
595 4327 865 4394 τοσαύτην
902 4341 966 4394 γε
1002 4323 1110 4396 μὴν
1145 4323 1206 4376 τὸ
1228 4322 1464 4393 πρᾶγμα
1493 4319 1692 4374 κακίαν
1711 4319 1885 4390 Ιίιλασε

314 4418 460 4481 τότε,
489 4418 584 4468 καὶ
631 4415 902 4484 τοσαύτην
937 4408 1094 4484 εὖρον
1152 4413 1250 4484 τὴν
1300 4410 1585 4482 εὐκαιρίαν
1644 4409 1890 4481 βλασφη·

2068 4317 2139 4373 Χ.
2189 4317 2300 4373 Res
2344 4332 2510 4388 porro
2544 4317 2656 4388 ipsa
2711 4317 2767 4372 in
2811 4323 3018 4372 tantum
3050 4313 3230 4369 scelus
3259 4313 3460 4382 erupit,
3495 4312 3569 4366 ita

1996 4412 2146 4482 apud
2178 4412 2322 4466 illam
2351 4411 2597 4465 insanam
2631 4419 2686 4464 et
2717 4409 2910 4464 rudem
2944 4405 3266 4478 pontificum
3290 4415 3566 4460 catervam

304 4510 444 4582 -μίαι
479 4507 682 4580 μεταξὺ
713 4508 812 4577 τῆς
845 4507 1047 4560 ἀτόπου
1093 4506 1188 4559 καὶ
1217 4504 1464 4574 ἀμαθοῦς
1501 4504 1612 4562 τῶν
1659 4504 1876 4558 ἐπισκό·

1998 4517 2345 4574 opportunus
2393 4501 2756 4570 blaspltemiis
2785 4501 2940 4555 locus
2973 4499 3194 4568 obtigit,
3229 4507 3287 4551 ut
3316 4509 3365 4552 et
3398 4498 3575 4566 impe-

321 4620 440 4656 πων
473 4601 688 4670 ἐκείνης
718 4601 1020 4669 φάλαγγος,
1080 4598 1154 4660 ώς
1188 4601 1282 4651 καὶ
1313 4597 1478 4668 ψήφῳ
1525 4597 1678 4666 κοινῇ
1732 4595 1890 4665 βασι-

319 4693 456 4754 λέως
490 4691 610 4762 ἅμα
635 4694 732 4744 καὶ
781 4690 1148 4761 πατριάρχου,
1175 4688 1271 4753 ξύν
1333 4704 1398 4755 γε
1457 4688 1627 4740 πᾶσιν
1679 4686 1890 4750 αὐτοῖς,

321 4785 517 4838 δεδιόσι
565 4783 664 4852 τὴν
728 4783 1058 4852 αρχοντικὴν
1120 4779 1370 4845 ἐξουσίαν
1419 4781 1530 4841 τοῖς
1595 4776 1894 4841 πλείστοις,

323 4873 638 4945 κυρωθῆναι
665 4873 787 4940 μὲν,
817 4870 1047 4938 θεότητα
1075 4867 1329 4935 λέγεσθαί
1358 4884 1472 4930 πως
1521 4867 1617 4919 καὶ
1667 4866 1766 4937 τὴν
1800 4865 1895 4918 οὐ·

326 4970 450 5020 σίαν
479 4981 493 4995 °
532 4964 736 5035 κυρίως
757 4962 814 5016 δέ
844 4963 1076 5030 Θεότητα
1104 4961 1364 5016 ἀκτιστον
1391 4960 1488 5014 καὶ
1547 4957 1754 5029 σφόδρα
1782 4957 1898 5012 διά-

325 5076 492 5130 φορον
525 5061 627 5123 τῆς
670 5057 823 5118 Θείας
877 5054 1088 5120 οὐσίας,
1145 5053 1244 5124 τὴν
1289 5051 1588 5122 ἐνέργειαν,
1649 5049 1899 5104 ἀνούσιόν

325 5169 449 5206 τινα
476 5150 598 5204 καθ’
620 5149 792 5218 αὐτὴν
845 5141 1058 5200 οὖσαν·
1104 5143 1475 5214 μεριζομένην
1522 5140 1568 5194 δ’
1617 5141 1766 5210 ὅμως
1819 5142 1900 5204 είς

327 5247 623 5313 διαφόρους
657 5241 755 5293 καὶ
816 5235 1194 5308 μερικωτέρας
1259 5235 1551 5294 ἀκτίστους
1595 5232 1897 5302 ἐνεργείας,

328 5337 561 5404 δύναμιν
581 5333 782 5402 δηλαδὴ
811 5331 906 5382 καὶ
938 5329 1135 5394 σοφίαν
1187 5330 1279 5379 καὶ
1313 5325 1460 5391 ζωὴν
1493 5325 1588 5378 καὶ
1639 5324 1900 5392 ἀλήθειαν

331 5430 428 5482 καὶ
448 5425 563 5495 φώς
592 5425 688 5476 καὶ
707 5422 886 5491 κρίσιν
908 5417 992 5490 [Ρ.
1017 5415 1144 5488 655]
1161 5416 1258 5469 καὶ
1283 5415 1456 5484 μέθην
1489 5415 1582 5467 καὶ
1605 5413 1773 5465 ὕπνον
1806 5413 1898 5466 καὶ

330 5521 433 5572 ὃσα
454 5519 573 5581 ταῖς
589 5516 696 5569 τῶν
721 5513 820 5569 ἀνθ
830 5512 1026 5584 ρώπων
1043 5507 1340 5579 ἐφεύρηταί
1364 5524 1480 5570 πως
1507 5507 1766 5576 ἀπορίαις
1783 5506 1902 5558 ὀνό-

337 5624 508 5679 ματα.
547 5609 656 5660 Καὶ
684 5605 801 5675 ἅμα
825 5603 1057 5656 κατόπιν
1092 5599 1426 5670 κεκύρωται,
1463 5598 1537 5667 μὴ
1577 5599 1676 5666 τὴν
1713 5598 1902 5650 οὐσίαν

335 5696 499 5767 εἶναι,
531 5699 630 5769 τὴν
659 5701 752 5750 τὸν
790 5697 922 5765 ἡμῖν
969 5693 1527 5762 μεταλαμϐανόμενον
1569 5689 1904 5758 ἁγιάζουσαν

337 5793 525 5859 ἆοτον,
556 5792 617 5847 οὐ
653 5791 757 5862 μὴν
786 5788 896 5842 οὐδ’
925 5788 954 5842 δ
991 5785 1361 5857 βαπτιζόμεῡα
1403 5785 1544 5836 οεῖον
1590 5782 1900 5852 βάπτισμα,

2004 4603 2091 4649 tor
2121 4605 2178 4649 et
2209 4591 2626 4664 patriarcha,‘et
2649 4591 2726 4646 illi
2757 4605 2950 4646 omnes
2983 4590 3256 4659 episcopi,
3304 4602 3576 4658 supremae
3657 4606 3671 4614 κ

2002 4688 2347 4740 auctoritatis
2389 4699 2538 4740 metu
2571 4679 2840 4755 plerique,
2879 4683 3161 4738 communi
3195 4684 3419 4735 decreto
3449 4695 3608 4751 pro-_

2002 4778 2406 4840 nuntiaverint,
2441 4779 2614 4846 ipsam
2644 4791 2869 4846 quoque
2913 4773 3280 4829 substantiam
3311 4771 3578 4826 divinita-

2007 4876 2116 4921 tem
2152 4865 2260 4920 dici
2311 4865 2696 4935 aliquatenus:
2733 4873 2788 4919 at
2823 4863 3045 4935 proprie
3092 4862 3439 4917 divinitatem
3492 4861 3580 4916 in-

2003 4965 2268 5020 creatam,
2304 4965 2361 5010 et
2401 4971 2431 5010 a
2462 4954 2769 5009 substantia
2821 4953 3006 5007 divina
3063 4952 3225 5023 longe
3277 4952 3576 5014 diversam,

2008 5043 2243 5118 [vocari]
2281 5042 2660 5113 operationem
2688 5057 2704 5108 ;
2738 5055 2862 5110 quae
2889 5040 3112 5109 quidem
3145 5055 3244 5109 per
3273 5054 3333 5093 se
3369 5038 3582 5107 1010

2006 5136 2326 5193 substantia:
2354 5131 2552 5206 expers
2582 5133 2744 5200 foret,
2783 5146 2838 5188 et
2865 5142 3047 5188 tamen
3089 5133 3142 5186 in
3176 5133 3420 5187 diversas
3451 5147 3581 5199 5pc-

2006 5230 2281 5298 cialesque
2308 5229 2654 5298 operationes
2681 5226 2955 5281 iucreatas
2988 5226 3355 5286 divideretur,
3383 5233 3580 5292 poten-

2010 5323 2141 5375 tiam
2174 5336 2392 5391 nempe,
2426 5319 2778 5389 sapientiam,
2811 5320 3000 5380 vitam.
3031 5319 3341 5390 veritatem,
3368 5315 3576 5381 lumen,

2004 5414 2296 5486 judicium,
2323 5413 2671 5478 ebrietatem,
2707 5425 2984 5474 somnum,
3018 5418 3073 5464 et
3102 5422 3446 5479 quaecunque
3475 5421 3581 5461 no-

2012 5509 2180 5571 mina,
2211 5515 2378 5576 prout
2397 5505 2512 5560 fere
2542 5520 2674 5559 usus
2703 5504 2957 5574 indiguit,
2981 5503 3048 5556 ab
3075 5501 3392 5556 hominibus
3421 5514 3584 5554 exco-

2011 5599 2177 5667 gitata
2211 5604 2360 5650 sunt.
2389 5595 2528 5650 Tum
2554 5604 2610 5650 et
2641 5595 2771 5649 illud
2812 5594 2995 5648 statim
3032 5595 3253 5648 decreto
3282 5592 3582 5646 confirma-

2014 5701 2127 5745 tum
2158 5700 2264 5755 cst,
2297 5689 2664 5746 substantiam
2717 5705 2824 5742 non
2875 5703 3020 5751 esse,
3052 5701 3172 5754 qua:
3212 5687 3580 5739 sanctJicartt

2014 5797 2136 5836 cum
2197 5797 2414 5850 punctu,
2453 5797 2617 5850 quem
2669 5781 2723 5834 in
2770 5778 3157 5833 communione.
3209 5792 3577 5838 sumeremus.
