4002 6466
278 458 411 531 3297
659 464 739 529 ΙΑ.
781 476 831 516 c.
872 461 1032 551 l35l]

1249 465 1695 527 ΒΥΖΛΝΤΙΝᾸΞ
1734 467 2121 528 HISTORUE
2155 469 2300 529 LIB.
2333 467 2498 527 XXI.

2608 460 2750 543 [ιιιρ.
2787 475 2830 514 ι.
2870 473 3168 517 cmrtcuz.
3210 460 3266 533 5]

3381 464 3525 528 1‘198

272 580 658 653 καθῃρέθησαν
688 583 777 637 διά
798 584 897 653 τὴν
926 582 1182 638 ἀσέϐειαν
1212 583 1320 637 τῶν
1348 582 1851 653 καινοτομηθέντων

1968 592 2100 640 mate
2122 582 2353 647 feriunt,
2378 596 2475 652 per
2503 592 2642 650 quos
2674 577 2800 649 ipsi,
2827 586 2887 633 ut
2907 593 3178 633 novorum
3205 578 3529 648 impiorum-

272 672 584 742 δογμάτων,
615 674 820 728 οὖτωσὶ
853 674 981 737 τοὺς
1007 663 1109 744 τῆς
1143 673 1402 738 ἀσεϐείας
1446 674 1705 744 ἐλέγχους
1734 674 1851 728 δια-

272 764 466 833 δρᾶναι
498 765 842 835 νομίσαντες,
881 767 956 836 μὴ
986 765 1122 837 πρὸς
1167 767 1482 820 ἐπισκόπων
1513 766 1695 837 δῆθεν,
1730 764 1849 820 ἀλλ’

274 855 379 908 ὑπὸ
399 856 803 929 καθῃρημένων
827 857 1250 927 καθαιρεθέντες
1270 872 1286 890 ·
1323 858 1420 912 καὶ
1446 857 1622 912 ταῦτα
1644 858 1755 911 τῶν
1784 874 1851 925 γε

275 946 535 1019 πλειόνων
564 948 920 1018 ὑπαρχόντων
958 950 1161 1012 αὐτῶν,
1200 950 1249 1003 0!
1286 951 1384 1004 σὺν
1420 949 1499 1020 τῷ
1533 949 1849 1021 πατριάρχῃ

275 1040 398 1093 τότε
430 1042 526 1095 καὶ
564 1044 674 1104 τοῖς
712 1043 1037 1105 ἐπισκόποις
1071 1041 1298 1106 ἐκείνοις
1328 1037 1471 1113 ἦσαν
1501 1042 1550 1095 οἱ
1583 1041 1732 1096 Παλα
1745 1042 1851 1110 μᾶν

276 1146 336 1182 τε
361 1130 523 1182 αὐτὸν
547 1131 927 1203 καθῃρηκότες
950 1132 1045 1186 καὶ
1074 1132 1577 1203 ἀναθεματίσαντες
1608 1133 1704 1186 καὶ
1734 1131 1851 1202 ἅμα

277 1223 402 1284 τοὺς
429 1222 568 1292 ἀμφ’
592 1224 754 1277 αὐτόν
777 1240 791 1255 ο
846 1224 914 1277 δι’
952 1223 989 1278 ἃ.
1022 1222 1263 1294 σήμερον
1311 1225 1538 1289 ἐαυτοὺς
1572 1221 1854 1293 ἀναθεμα-

277 1309 538 1377 τίζουσιν,
573 1315 1020 1386 ὑπερμαχοῦντες
1034 1317 1144 1370 τοῦ
1175 1318 1431 1387 Παλαμᾶ.
1464 1314 1722 1387 Ἐζήτουν
1743 1315 1851 1383 γὰρ

281 1404 485 1470 μᾶλλον
533 1404 874 1477 ἁμαρτάνειν
926 1386 1268 1475 ἀνέγκλητα,
1395 1407 1507 1469 τοῖς
1550 1386 1877 1475 ἐπιτιμίοις

281 1495 613 1558 ὑπείκοντας
647 1498 917 1564 εὐσεϐεῖν,
949 1499 1045 1552 καὶ
1089 1498 1155 1552 δι’
1189 1497 1468 1553 ἀπώλειαν
1513 1497 1716 1569 μᾶλλον
1753 1496 1856 1567 ψυ-

280 1589 381 1659 χῆς
416 1589 745 1658 σωματικῶς
772 1590 1093 1660 εὐπραγεῖν.

352 1682 428 1734 A'.
471 1679 662 1750 Ὅμως
705 1681 814 1735 οὐδ’
869 1681 1144 1735 ἀπώλειαν
1177 1681 1331 1753 ᾤοντ’
1377 1679 1518 1737 εἶναι
1563 1681 1741 1752 ψυχῆς
1786 1681 1858 1736 τὰ

281 1772 554 1842 δρώμενα.
613 1773 739 1836 Πῶς
786 1773 920 1842 γὰρ,
953 1773 1004 1827 0!
1040 1773 1509 1845 τυραννικώτερον
1557 1775 1760 1846 τρόπον
1793 1773 1856 1827 τὸ

282 1863 632 1928 αὑτεξούσιόν
657 1882 718 1917 τε
754 1867 848 1919 καὶ
876 1848 1201 1937 βουλόμενον
1223 1865 1319 1920 τοῦ
1350 1865 1488 1920 Θεοῦ
1525 1865 1855 1936 σφετερισά-

288 1977 459 2029 μενοι,
495 1960 555 2012 τό
576 1959 629 2027 γ’
660 1962 741 2023 είς
767 1960 964 2023 αὐτοὺς
998 1954 1155 2031 ἧκον,
1189 1960 1350 2013 αὐτὸν
1392 1960 1492 2030 μὲν
1532 1962 1591 2013 ἐν
1632 1960 1854 2022 κόλποις

282 2050 454 2119 δήπου
486 2049 597 2103 τῶν
624 2052 891 2119 οὐρανίων
931 2052 1192 2120 θαλάμων
1220 2053 1660 2121 περιγράψαντες
1697 2069 1856 2105 συνε-

285 2140 557 2210 κάλυψαν,
587 2143 961 2197 ἀνυπόστατον
1012 2143 1069 2196 δέ
1114 2161 1237 2198 τινα
1267 2144 1363 2197 καὶ
1408 2143 1662 2198 ἀνούσιον
1703 2143 1857 2197 ἐθεο-

287 2235 519 2302 ποίησαν
544 2236 852 2304 ἐνέργειαν,
880 2236 1078 2290 ταυτὸν
1108 2236 1285 2290 εἰπεῖν
1314 2235 1506 2290 ἀθεΐαν
1529 2253 1545 2269 ο
1576 2234 1645 2290 ἰν*
1671 2238 1857 2306 ἀμαρο

285 2325 521 2377 τάνωσιν
566 2325 897 2395 ἀνέγκλητα,
927 2326 1022 2379 καὶ
1040 2324 1237 2396 ἄφεσιν
1255 2326 1508 2395 ἀλλήλοις
1528 2327 1751 2397 ἀμαρτη
1760 2325 1862 2395 μά-

287 2428 399 2464 των
420 2410 621 2466 διδόναι
638 2430 696 2466 te
721 2419 814 2467 καὶ
838 2415 1202 2485 ἀντιλαμϐάνε
1212 2434 1259 2469 ιν
1282 2416 1645 2481 αὐτεξουσίως
1674 2416 1860 2485 ἐχωσι,

289 2503 545 2578 καθάπερ
574 2507 623 2560 οί
654 2506 722 2560 τά
748 2508 804 2560 ἐν
839 2509 1065 2579 ἀγοραῖς
1094 2510 1199 2581 ὄψα
1233 2510 1638 2583 πιπράσκοντες
1666 2527 1728 2563 τε
1764 2512 1861 2565 καὶ

290 2596 608 2665 ὠνούμενοι.
632 2600 729 2663 Εἰς
744 2600 904 2652 τοῦτο
920 2601 1030 2671 γὰρ
1049 2597 1205 2672 οἶμαι
1219 2601 1416 2656 τείνειν
1436 2604 1528 2655 καὶ
1543 2601 1572 2655 δ
1598 2602 1733 2673 πρὸς
1751 2606 1864 2664 τοῖς

284 2689 465 2755 ἄλλοις
479 2692 584 2745 ὑπὸ
603 2692 694 2746 τοῦ
715 2678 949 2758 Παλαμᾶ
962 2680 1220 2749 καὶτοῦτο
1236 2682 1693 2764 δόγματιζόμενον
1711 2694 1868 2763 βλασ-

296 2783 588 2851 φημεῖταιο
639 2783 911 2854 ἀνάρχους
932 2784 1132 2855 δηλαδὴ
1181 2784 1664 2856 τοὺςάνθρώπους
1711 2785 1867 2839 καθί-

288 2870 516 2924 στασθαι
540 2873 634 2924 καὶ
653 2872 960 2936 ἀκτίστουςο
984 2872 1173 2927 ταυτὸν
1202 2873 1246 2926 δ’
1275 2876 1449 2927 εἰπεῖν
1470 2875 1867 2935 ἐνυποστάτους

287 2959 381 3012 καὶ
403 2960 679 3024 ἐνουσίους
696 2961 1184 3030 θεοὺς,οάπειράκις
1204 2962 1488 3032 ἀπείρους,
1512 2963 1619 3016 τῶν
1637 2964 1868 3033 ἀπειρά-

288 3068 376 3113 κις
403 3042 649 3121 ἀπείρων
700 3053 826 3122 (χρὴ
882 3054 992 3122 γὰρ
1021 3052 1140 3105 κατ’
1172 3054 1377 3106 ἐκ;ῖιον
1407 3053 1640 3108 ἐνταῦθα
1660 3055 1867 3124 καλεῖν)

289 3144 591 3225 ἐνεργειῶν
632 3147 726 3198 καὶ
778 3146 1069 3213 θεοτήτων,
1121 3145 1392 3200 ἀκτίστων
1449 3148 1544 3201 καὶ
1605 3150 1870 3202 ἀνουσίων

1945 689 2058 743 que
2087 674 2403 742 dogmatum
2439 676 2714 732 auctores,
2738 667 2935 739 dejecti
2962 667 3216 730 fuerant,
3255 683 3433 737 eoque
3467 683 3528 722 se

1951 764 2251 835 impietatis
2302 774 2490 823 notam
2542 762 2872 833 eﬂ‘ugituros
2925 761 3287 823 arbitrantur,
3318 759 3466 831 quod
3497 776 3529 814 a

1950 856 2153 927 quibus
2196 855 2394 927 deiecti
2425 854 2558 918 sint.
2593 854 2632 909 ii
2690 852 2945 907 videlicet
2993 867 3103 907 non
3133 852 3399 921 episcopi,
3431 851 3527 905 sed

1951 949 2146 1020 dejecti
2183 948 2284 1018 ipsi
2324 948 2394 1004 de
2443 946 2616 1017 gradu
2639 946 2869 1002 fuerint.
2899 945 2966 1001 Et
2995 947 3115 1001 haec
3147 946 3275 1016 qui'
3303 945 3530 1009 faciunt,

1950 1057 2144 1098 eorum
2167 1040 2417 1110 plerique
2449 1039 2617 1095 iidem
2662 1048 2811 1104 sunt,
2843 1039 2947 1108 qui
2975 1054 3103 1093 cum
3135 1038 3448 1108 patriarcha
3476 1048 3532 1093 et

1950 1132 2225 1205 episgopis
2263 1132 2372 1187 illis
2427 1140 2543 1186 tum
2583 1131 2866 1201 conjuncti
2895 1129 3168 1184 Palamam
3208 1138 3265 1183 et
3294 1131 3417 1199 ejus
3448 1144 3535 1184 as-

1950 1222 2126 1278 seclas
2151 1222 2491 1279 anathemati
2527 1222 2906 1292 subjecerunt.
2936 1221 3124 1290 Itaque
3152 1220 3318 1275 iidem
3344 1219 3530 1282 hodie,

1953 1329 2057 1385 pro
2086 1313 2307 1370 Palama
2347 1325 2681 1384 pugnantes,
2721 1328 2780 1369 se
2808 1314 2958 1384 ipsos
2995 1312 3331 1370 anathemati
3357 1312 3535 1382 subji-

1953 1408 2127 1463 ciunt.
2157 1407 2365 1477 thnpe
2388 1406 2467 1462 illi
2496 1408 2720 1478 impune
2751 1422 2981 1477 peccare
3008 1406 3345 1470 maluerunt,
3368 1420 3531 1476 quam

1954 1514 2147 1571 ρωπος
2177 1499 2360 1554 dando
2407 1501 2588 1555 colere
2639 1500 2897 1569 pietatem
2924 1540 2939 1563 ,
2976 1508 3034 1554 et
3064 1506 3124 1553 ut
3153 1498 3371 1568 corpori
3397 1499 3535 1552 bene

1954 1602 2124 1658 esset,
2158 1593 2398 1648 animam
2430 1592 2576 1648 ultro
2613 1591 2996 1663 perdiderunt.

2030 1686 2121 1743 1V.
2161 1686 2328 1755 Atqui
2357 1685 2434 1739 illi
2468 1700 2573 1767 nec
2601 1701 2665 1740 ea
2699 1701 2821 1755 quae
2851 1684 3047 1740 ﬁerent
3073 1684 3383 1755 perniciosa
3413 1684 3535 1739 ani-

1957 1794 2060 1834 ma:
2112 1792 2235 1833 esse
2287 1776 2589 1833 credidere.
2630 1777 2983 1847 Ecquomodo
3032 1785 3218 1831 autem
3268 1776 3538 1831 credidis-

1958 1880 2103 1936 sent,
2126 1871 2221 1941 qli
2243 1868 2573 1926 auctoritate
2609 1877 2665 1925 et
2705 1869 2985 1923 voluntate
3034 1854 3220 1923 divin'a
3253 1869 3537 1941 tyrannica

1958 1964 2062 2018 sibi
2121 1962 2257 2033 ipsis
2312 1962 2584 2032 subjecta,
2611 1970 2881 2030 quantum
2922 1959 3149 2029 quidem
3206 1959 3263 2013 in
3317 1975 3378 2014 se
3407 1958 3534 2022 fuit,

1958 2056 2137 2125 ipsum
2173 2054 2345 2109 Deum
2380 2054 2434 2108 in
2485 2052 2793 2108 recessibus
2825 2051 3133 2107 ca‘lestium
3170 2050 3535 2105 thalamorum

1959 2146 2437 2215 circumscriptum
2470 2144 2850 2209 occultarum,
2903 2145 3198 2214 quamdam
3230 2152 3414 2197 autem
3452 2142 3542 2196 in-

1960 2234 2352 2291 subsistentem
2432 2233 2863 2303 substantiaeque
2926 2241 3207 2304 expertem
3267 2233 3548 2304 operatio-

1962 2337 2113 2389 nem,
2140 2338 2259 2383 seu.
2291 2321 2440 2391 quod
2492 2320 2636 2374 idem
2674 2330 2780 2385 est,
2798 2322 3133 2399 atheismum
3183 2325 3360 2393 ipsum
3391 2323 3544 2377 deiﬁ-

1963 2424 2160 2472 carunt
2184 2456 2199 2482 ,
2220 2414 2483 2469 nimirum
2504 2421 2569 2469 ut
2599 2423 2828 2485 peccent
2857 2413 3079 2483 impune
3103 2422 3159 2467 et
3186 2421 3542 2483 peccatorum

1963 2507 2208 2573 veniam,
2252 2504 2485 2576 perinde
2549 2514 2612 2561 ut
2677 2505 2909 2560 obsonia
2965 2504 3021 2558 in
3071 2504 3191 2559 foro
3239 2503 3546 2559 vendentes

1964 2610 2344 2671 ementesque,
2374 2599 2610 2655 invicem
2650 2598 2781 2654 dare
2821 2610 2878 2654 et
2910 2598 3163 2667 accipere
3189 2597 3403 2668 privata
3436 2612 3545 2651 au—

1966 2696 2224 2750 ctoritate
2284 2693 2515 2763 possint.
2557 2692 2635 2746 Eo
2696 2691 2848 2746 enim
2898 2699 3148 2760 spectare
3211 2690 3344 2743 illud
3389 2697 3545 2760 puto,

1966 2788 2112 2856 quod
2148 2787 2396 2841 Palamas
2454 2792 2657 2855 praeter
2678 2792 2876 2839 caetera
2930 2782 3096 2849 impie
3139 2784 3302 2837 docet
3332 2790 3389 2835 et
3424 2797 3552 2851 pro-

1971 2877 2515 2947 nuntiat':_homines
2542 2873 2682 2931 efﬁci
2721 2873 2977 2943 principii
3018 2884 3273 2942 expertes
3336 2871 3552 2943 102E.

1969 2983 2028 3027 et
2058 2973 2371 3035 incrcatos;
2405 2984 2524 3030 seu,
2552 2968 2698 3038 quod
2731 2968 2872 3021 idem
2903 2975 3006 3026 est,
3042 2967 3181 3020 Deos
3210 2982 3308 3034 per
3329 2981 3386 3020 se
3417 2964 3550 3019 sub-

1972 3064 2254 3124 sistentes,
2286 3074 2341 3116 et
2373 3061 2680 3117 substantia
2707 3060 2964 3129 praeditos
2996 3058 3259 3113 inlinities
3286 3058 3550 3120 infinitos,

1977 3154 2243 3210 infinities
2296 3153 2633 3207 inﬁnitarum
2697 3154 2938 3231 (opopet
2970 3146 3118 3203 enim
3151 3150 3252 3203 hoc
3306 3150 3428 3203 loco
3474 3148 3554 3203 sic

291 3236 452 3301 θεῶν,
489 3238 689 3290 ταυτὸν
712 3237 758 3289 δ’
798 3239 973 3291 είπείν
1019 3226 1288 3308 μηδένων.
1337 3240 1427 3309 Τῷ
1472 3242 1581 3310 γὰρ
1630 3242 1865 3311 ἀκτίστῳ

1976 3261 2178 3313 vocare
2212 3256 2269 3299 ut
2298 3245 2366 3300 ab
2388 3260 2454 3299 eo
2483 3242 2769 3311 vocantur)
2794 3226 3145 3310 ehergiarum
3209 3250 3269 3296 et
3296 3240 3558 3295 divinita-

291 3330 386 3382 καὶ
419 3329 781 3400 ἀνυποστάτῳ
828 3330 890 3382 τὸ
941 3330 1110 3398 μηδὲν
1146 3329 1275 3399 μήτ’
1304 3326 1443 3384 εἶναι
1475 3331 1613 3402 μήτε
1645 3331 1870 3386 πιστεύ-

291 3414 451 3474 εὸθαι
480 3423 647 3476 πᾶσιν
686 3422 994 3492 ἀνθρώποις
1046 3422 1193 3474 δοκεῖ
1236 3425 1333 3476 καὶ
1379 3424 1722 3490 πιστεύεται,
1771 3425 1869 3479 καὶ

292 3516 478 3575 αὐτοῖς
506 3530 571 3581 γε
602 3517 715 3577 τοῖς
744 3515 1025 3584 βρέφεσιν.
1057 3512 1213 3570 εἶναι’
1232 3518 1449 3570 ταυτόν.
1475 3515 1560 3588 [Ρ.
1603 3517 1732 3589 644]
1766 3518 1870 3570 Οὐ-

291 3606 454 3677 δεμία
482 3605 591 3678 γὰρ
626 3607 802 3676 (φησι)
840 3606 1027 3676 φύσις,
1068 3609 1150 3661 ὅτι
1189 3608 1264 3680 μὴ
1298 3609 1417 3664 τόδε
1447 3609 1616 3675 ἐστὶν,
1638 3610 1759 3664 ἀλλ’
1784 3611 1867 3664 ὅτι

290 3698 434 3753 τόδε.
449 3699 515 3751 Ἠ
529 3697 623 3751 τοῦ
641 3698 793 3762 ὄντος
823 3698 969 3761 θέσις
987 3699 1083 3769 οὐχ
1102 3703 1147 3770 ιή
1166 3700 1256 3754 τοῦ
1291 3701 1365 3770 μὴ
1382 3700 1535 3765 ὄντος
1560 3702 1879 3773 ἀναίρεσις.

1979 3348 2116 3404 ιιιιιι,
2140 3349 2261 3407 qua:
2287 3338 2399 3391 sint
2439 3335 2670 3390 increati
2724 3345 2781 3390 et
2830 3338 3136 3389 substantia
3162 3344 3413 3389 carentes
3436 3333 3553 3397 dii;

1977 3442 2100 3494 seu,
2127 3426 2278 3499 quod
2330 3427 2479 3482 idem
2532 3435 2639 3492 est,
2674 3426 2832 3480 nulli.
2862 3425 2998 3479 Nam
3030 3424 3177 3495 quod
3218 3435 3304 3479 est
3342 3424 3559 3478 increa-

1976 3524 2094 3577 tum
2126 3519 2293 3575 simul
2320 3527 2379 3573 et
2402 3519 2725 3574 substantiae
2753 3533 2973 3587 expers,
2999 3518 3053 3572 id
3085 3516 3347 3570 omnibus
3374 3515 3557 3570 homi-

1975 3614 2164 3674 nibus,
2191 3621 2248 3667 et
2274 3610 2408 3681 ipsis
2433 3625 2656 3680 quoque
2681 3608 3008 3673 infantibus,
3038 3608 3256 3662 videtur
3286 3607 3558 3662 creditur-

1975 3721 2084 3776 que
2115 3704 2260 3759 idem
2288 3718 2412 3758 esse
2457 3713 2626 3772 atque
2660 3701 2817 3767 illud,
2845 3701 2991 3771 quod
3025 3700 3162 3754 nihil
3186 3710 3273 3755 est
3301 3700 3557 3769 nihilque

290 3804 413 3847 esse
468 3791 731 3846 creditur.
783 3791 939 3846 Nulla
988 3792 1159 3858 enim,
1210 3794 1411 3863 inquit,
1466 3804 1663 3849 natura
1698 3795 1759 3850 in
1805 3811 1872 3851 eo
1912 3798 2186 3862 consistit,
2222 3792 2370 3865 quod
2420 3811 2531 3851 non
2577 3795 2653 3850 sit
2712 3794 2840 3858 hoc,
2895 3793 2993 3848 sed
3042 3794 3096 3846 in
3164 3807 3252 3858 eo,
3280 3792 3427 3862 quod
3452 3792 3557 3846 hoc

290 3887 387 3943 sit.
408 3886 528 3944 Non
578 3888 806 3956 ponitur
858 3888 911 3939 id
940 3888 1088 3957 quod
1129 3899 1233 3954 est,
1266 3890 1372 3945 hoc
1402 3889 1524 3959 ipso
1553 3890 1701 3959 quod
1729 3892 1940 3948 tollitur
1977 3894 2032 3949 id
2058 3892 2204 3963 quod
2236 3907 2348 3946 non
2382 3900 2490 3946 est.

360 3978 440 4033 E'.
473 3978 631 4031 Οὕτω
686 3977 1073 4048 μειρακιωδῶς
1127 3979 1538 4033 ἐνεανιεύσαντο
1582 3981 1725 4035 κατά
1768 3983 1871 4052 τῆς

2040 3985 2107 4039 ν.
2138 3984 2217 4038 lta
2261 3982 2467 4038 saniori
2511 3979 2780 4035 doctrina:
2817 3979 3143 4048 juveniliter
3189 3978 3268 4034 illi
3324 3978 3559 4034 insulta-

291 4072 633 4137 εὐσεϐείαςν
662 4071 761 4125 καὶ
812 4070 987 4134 οὕτως
1022 4070 1262 4126 ἀσύνετα
1315 4073 1434 4138 καθ’
1481 4075 1640 4144 ήμῶν
1683 4076 1865 4144 είργὰ-

1969 4086 2121 4141 runt,
2149 4077 2225 4130 ita
2279 4089 2382 4129 nos
2427 4074 2588 4129 factis
2615 4072 2975 4141 consiliisque
3001 4071 3354 4126 clementibus
3384 4086 3559 4141 oppu-

293 4163 457 4217 σαντό
483 4180 544 4216 τε
575 4165 671 4218 καὶ
699 4162 1120 4229 ἐϐουλεύσαντο,
1161 4166 1283 4227 ταῖς
1316 4164 1616 4235 ἡμετέραις
1660 4182 1865 4235 συμφο-

1970 4153 2660 4239 εοειτυῆι,οοοιαιιιίιιιιίὺυε
2714 4168 2917 4220 nostris
2968 4164 3370 4219 immanitatem
3398 4178 3556 4219 suam

293 4258 416 4324 ραῖς
440 4255 540 4326 τὴν
569 4253 783 4309 ἑαυτῶν
823 4254 1110 4317 ἑστιῶντες
1143 4256 1464 4326 θηριωδίαν,
1505 4257 1601 4311 καὶ
1634 4258 1742 4312 πᾶν
1772 4271 1865 4310 πο-

1970 4262 2219 4321 cibantes
2243 4301 2257 4326 ,
2286 4260 2562 4330 iidemque
2593 4274 2756 4313 omne
2782 4259 2987 4313 malum
3009 4258 3239 4313 verbum
3263 4256 3556 4313 adversum

291 4348 457 4418 νηρὺν
488 4348 644 4418 ῥῆμα
673 4347 800 4402 καθ’
833 4347 992 4417 ἡμῶν
1034 4346 1357 4417 ψευδόμενοι
1401 4349 1706 4415 συνέθεντο,
1747 4350 1865 4404 καθ¹

1972 4370 2077 4409 nos
2114 4353 2448 4409 mentientes
2478 4364 2544 4407 ex
2570 4351 2875 4421 composito
2906 4351 3076 4406 locuti
3109 4359 3258 4415 sunt,
3286 4351 3556 4422 quidquid

291 4443 392 4494 ὃσα
432 4443 531 4495 καὶ
572 4435 664 4495 οἶά
689 4457 880 4509 σφισιν
927 4440 1240 4511 ὑπηγόρευε
1289 4439 1352 4494 τὸ
1402 4440 1746 4513 θυμούμενον
1773 4444 1865 4512 τῆς

1975 4446 2056 4501 ira
2089 4454 2430 4515 suggereret,
2481 4443 2887 4514 qualiacunque
2933 4445 3154 4498 animus
3187 4444 3419 4501 dictaret
3447 4462 3461 4498 :
3491 4446 3561 4498 iis

290 4533 468 4602 ψυχῆς
488 4549 503 4563 ·
544 4532 644 4587 καὶ⁸
684 4532 894 4602 ἀγορὰς
929 4534 1027 4586 καὶ
1055 4531 1261 4601 θέατρα
1292 4531 1455 4587 πάντ’
1483 4533 1865 4605 ἐμπεπλήκασι

1976 4537 2095 4592 fora
2126 4538 2450 4607 theatraque
2483 4537 2668 4590 omnia
2715 4550 2819 4606 per
2871 4536 3249 4592 conductitios
3274 4552 3559 4607 pnrcones

290 4622 694 4694 δι”ἐμμίσθων
743 4623 1026 4695 κηρύκων,
1076 4623 1331 4693 λαμπρὸν
1376 4625 1457 4688 είς
1504 4625 1865 4693 ἀνανταγώνι-

1979 4631 2374 4700 impleverunt.
2421 4630 2601 4699 Atque
2646 4637 2708 4684 ut
2732 4642 2798 4684 ea
2831 4644 2955 4699 qum
2987 4629 3272 4693 dicebant,
3310 4630 3557 4686 audienti

294 4732 418 4770 στον
447 4716 721 4769 πίστωσιν
767 4717 880 4769 τῶν
929 4718 1242 4770 ἀκουόντων
1279 4717 1736 4787 ἐπιτηδεύσαντες
1776 4719 1872 4773 τὸν

290 4811 561 4880 ἡμέτερον
585 4811 919 4882 συγλεισμόν
939 4826 955 4842 ·
988 4812 1077 4867 ἵνα
1112 4812 1238 4866 καθ’
1264 4814 1295 4881 ἡ
1304 4812 1422 4883 μῶν
1451 4830 1512 4866 τε
1544 4813 1870 4877 πλάττοντες

292 4901 699 4972 ἐπιψηφίζωσιν
745 4904 907 4958 ὁποῖα
965 4904 1059 4957 καὶ⁵
1115 4905 1218 4958 ὅσα
1273 4904 1549 4974 βούλοιντο
1605 4905 1701 4960 καὶ
1751 4905 1872 4975 ἅμα

292 4990 510 5057 πλείους
547 4995 658 5048 τῶν
680 4996 961 5057 ἀσυνέτως
1001 4995 1234 5066 ἐχόντων
1272 4996 1565 5066 μαθήσεως
1603 4996 1743 5068 πρὸς
1770 4996 1895 5068 τὴν*

293 5086 567 5158 σῲετέραν
622 5088 804 5145 αὐτῶν
852 5088 1107 5142 ἀσέϐειαν
1153 5089 1724 5160 προσεταιρίζωνται,
1777 5089 1874 5144 τοῦ

292 5180 447 5250 παρά
491 5179 658 5241 πόδας
714 5180 942 5249 ἐλέγχου
996 5183 1144 5235 κατά
1200 5181 1498 5253 διάμετρον
1550 5184 1868 5253 ἱσταμένου,

296 5271 436 5340 μήτε
462 5270 595 5324 Θεὸν
624 5272 973 5342 φοϐούμενοι,
1020 5273 1145 5342 μήτ’
1180 5272 1505 5341 ἀνθρώπους
1535 5275 1870 5346 αίδούμενοι,

300 5360 430 5431 μήτ’
463 5363 543 5425 είς
575 5362 634 5415 τὸ
671 5362 864 5433 μέλλον
896 5360 1040 5416 εἶναι
1071 5363 1421 5427 πιστεύοντες
1455 5383 1579 5418 τινα
1627 5366 1737 5420 τῶν
1785 5366 1891 5420 ἐνι·
1933 5346 1941 5367 ’

290 5456 467 5510 ταῦθα
489 5455 788 5526 δρωμένων
815 5456 1020 5527 κρίσιν,
1046 5457 1206 5528 ’μήτε
1253 5456 1594 5515 κατάστασιν
1638 5459 1874 5530 ἀμοιϐῆς

292 5549 515 5619 ἀγαθῶν
560 5550 658 5604 καὶ
707 5540 918 5617 κακῶν,
949 5549 1027 5617 ὡς
1053 5550 1124 5605 τά
1156 5550 1295 5622 ιερὰ
1346 5551 1657 5606 διδάσκουσι
1691 5552 1871 5622 λόγια.

365 5892 384 5923 ⁸
421 5893 613 5985 Matth.
645 5909 701 5961 τ,
746 5894 832 5949 ll.

1976 4722 2208 4777 cuilubet
2258 4721 2464 4777 invicto
2518 4720 2847 4793 argumento
2896 4725 3312 4790 conﬁrmarent,
3363 4738 3560 4791 magno

1974 4821 2235 4881 apparatu
2291 4827 2393 4867 nos
2455 4812 2842 4878 incluserunt,
2900 4828 3011 4883 quo
3067 4813 3276 4868 scilicet
3326 4813 3385 4867 in
3436 4830 3559 4878 nos,

1974 4913 2109 4975 quot
2133 4914 2189 4960 et
2245 4905 2429 4974 qualia
2477 4904 2751 4967 libuisset,
2804 4907 3181 4975 contingerent
3206 4920 3272 4960 ac
3302 4907 3563 4960 decerne-

1974 5006 2131 5060 rent.
2165 4997 2440 5066 simulque
2459 5005 2519 5049 ut
2540 5012 2605 5050 ex
2640 4996 2709 5050 iis
2730 4996 2824 5065 qui
2852 4998 3009 5052 tardo
3038 5009 3225 5053 essent
3249 4998 3316 5052 ad
3348 4998 3561 5052 discen-

1978 5087 2111 5141 dum
2168 5085 2410 5157 ingenio,
2470 5087 2653 5140 socios
2698 5086 2806 5140 sibi
2843 5087 3031 5156 plures
3063 5088 3446 5158 adjungerent,
3474 5102 3562 5140 rc-

1979 5174 2155 5234 motis‘
2187 5193 2352 5247 quam
2414 5177 2732 5247 longissime
2779 5177 2910 5244 illis,
2933 5179 3139 5249 quibus
3191 5179 3559 5250 prmsentibns

1978 5271 2140 5327 faclle
2172 5280 2431 5341 poterant
2453 5269 2734 5340 redargui,
2768 5286 2878 5326 non
2913 5272 3008 5326 Dei
3045 5280 3218 5336 metu,
3251 5288 3359 5326 non
3387 5273 3562 5325 Immi-

1977 5376 2113 5419 num
2144 5358 2452 5419 reverentia
2486 5362 2780 5430 deterriti,
2818 5379 2927 5418 non
2968 5367 3036 5419 de
3084 5365 3249 5436 hujus
3282 5365 3404 5418 tim:
3429 5366 3560 5418 raci-

1977 5456 2205 5511 noribus
2227 5455 2497 5525 judicium
2527 5456 2657 5511 olim
2685 5456 2932 5512 futurum
2953 5473 3075 5513 esse
3117 5458 3429 5522 credentes,
3457 5475 3559 5512 nec

1976 5547 2288 5606 mercedem
2327 5547 2489 5601 bonis
2533 5557 2591 5602 et
2638 5549 2817 5615 malis,
2852 5550 3310 5620 quemadmodum
3354 5551 3558 5605 docent

1973 5654 2126 5693 sacra
2185 5636 2408 5694 oraCula
2442 5638 2483 5704 ί,
2553 5639 2914 5697 constitutam
3240 5657 3360 5699 esse
3406 5642 3555 5700 arbi-

1974 5742 2092 5790 tran
2101 5741 2201 5790 tes.
