4002 6474
923 357 961 372 ’δ

286 455 418 524 1301
667 454 741 526 [Α.
783 470 833 512 c.
876 455 1037 531 test]

1248 462 1687 540 BYZANTINA!
1723 465 2106 529 HISTORIA:
2142 468 2288 530 LIB.
2325 471 2488 533 xxr.

2604 465 2740 538 [ιιιρ.
2780 482 2823 522 ι.
2863 479 3158 522 cuneus.
3201 462 3258 536 5]

3376 466 3516 531 1302

197 649 201 664 Ι
288 572 470 643 ρηκὼς
495 575 533 634 ὁ,
556 574 696 645 ἀνὴρ
731 575 789 639 ἐξ
813 577 987 646 ἀρχῆς
1021 576 1198 652 ταύτῃ
1244 581 1372 644 τοὺς
1416 581 1844 652 ἐντυγχάνοντας

1956 583 2180 652 quadam
2206 595 2262 640 et
2289 585 2591 642 voluntario
2619 586 2787 642 animi
2817 599 2967 641 metu
2993 585 3218 655 taligine
3247 582 3511 650 turbidas,

283 665 369 718 διὰ
400 663 516 733 βίου
543 666 866 730 κατέκλυζε,
899 669 994 721 καὶ
1026 673 1232 741 τροφῆς
1274 673 1443 741 αὐτῆς
1494 673 1846 728 ἐπιλανθανό-

291 768 476 823 μενος.
517 754 607 806 Διὸ
642 757 737 809 καὶ
767 755 980 818 πάντας
1015 758 1206 826 σοφίας
1253 760 1310 822 ἐς
1331 759 1491 814 τοῦτο
1517 762 1846 831 συγκλείσας

287 842 414 904 τοὺς
445 843 675 912 ἔρωτας,
727 846 823 898 καὶ
853 845 1013 900 τοῦτο
1047 849 1206 918 μόνον
1243 852 1430 905 ἱκανὸν
1471 853 1842 924 ἡγησάμενος,

284 935 347 986 τὸ
391 934 634 1003 χρυσοῦν
667 936 900 1005 ἀπονητὶ⁵
956 941 1312 1010 συγκομίζειν
1347 943 1504 1011 θέρος
1557 944 1706 1016 αὐτῷ
1737 946 1846 999 τῶν

286 1025 530 1076 ἐπαίνων
556 1025 795 1088 πάντων,
833 1027 1031 1096 ἥκιστα
1079 1029 1165 1084 διὰ
1214 1032 1494 1100 φροντίδος
1554 1033 1846 1104 πεποίηται

287 1115 451 1182 σοφίᾳ
492 1117 588 1167 καὶ
618 1115 886 1182 δόγμασιν
919 1117 1085 1189 ἱεροῖς
1114 1121 1206 1172 τὸν
1231 1123 1332 1190 τῆς
1361 1122 1604 1194 γλώττης
1633 1128 1847 1195 κοσμῆ-

286 1219 375 1254 σαι
429 1204 646 1273 δρόμον.
678 1203 755 1259 Ἠ
785 1207 894 1278 γὰρ
924 1207 990 1261 ἂν
1017 1209 1127 1261 τῶν
1157 1211 1303 1264 δυοῖν
1338 1213 1558 1277 οὐδενὸς
1584 1215 1846 1281 ἐξέπιπτε

283 1295 496 1361 χρόνων
525 1310 539 1323 °
571 1295 689 1348 ἀλλ’
719 1299 807 1350 ἀεὶ
841 1299 941 1368 μὲν
971 1300 1030 1352 τὸ
1054 1301 1154 1368 τῆς
1213 1302 1560 1372 πολυλογίας,
1623 1306 1698 1370 ῶς
1754 1308 1849 1362 ἐπὶ

287 1385 536 1438 aristas-tv
563 1388 881 1466 ἁμαρτάνον
917 1392 1054 1462 (52).
1089 1393 1372 1463 διέφευγεν
1425 1397 1490 1451 ἀν
1511 1413 1526 1428 ⁶
1578 1398 1674 1456 νῦν
1700 1400 1744 1454 δ’
1767 1402 1849 1466 εις

286 1476 345 1527 τὸ
378 1478 472 1546 τῆς
508 1453 762 1546 ἀσεϐείας
798 1453 898 1536 οὐκ
923 1453 1620 1562 ἀν’ὲνέπιπτεβάραθροντ

359 1753 438 1808 ll'.
475 1755 747 1822 Τοιούτοις
766 1756 917 1830 οἴμαι
952 1767 1046 1815 καὶ
1077 1767 1104 1817 ὁ
1135 1766 1312 1834 μέγας
1351 1769 1409 1822 ὲν
1433 1769 1682 1846 θεολογίᾳ
1707 1774 1850 1846 Γρη-
1909 1761 1918 1770 ’

1949 677 2186 746 repellit.
2251 678 2475 748 Ingenio
2518 679 2722 749 quippe
2758 687 2814 732 et.
2868 677 3092 733 dicendi
3123 673 3281 747 copia
3315 679 3395 728 vir
3424 676 3515 729 il'ie

1941 771 2051 842 jam
2081 772 2210 828 inde
2260 773 2328 829 ab
2395 773 2553 828 initio
2614 772 2875 837 conlisus,
2909 787 2975 825 eo
3010 779 3269 840 tanquam
3309 768 3517 822 diluvio

1941 861 2138 917 obvios
2157 878 2404 934 quosque
2433 872 2699 934 perpetuo
2721 862 3046 919 inundabat.
3072 861 3237 915 etiam
3265 860 3516 927 capiendi

1947 945 2067 1006 cibi'
2096 953 2406 1010 immemor.
2436 954 2704 1010 Omnibus
2735 955 2918 1023 itaque
2945 954 3205 1008 doctrinae
3238 951 3518 1005 amoribus

1947 1044 2055 1101 hoc
2085 1045 2196 1100 fine
2230 1047 2687 1117 circumscriptis,
2717 1063 2844 1103 cum
2885 1062 3053 1100 unum
3099 1046 3203 1099 hoc
3229 1047 3362 1100 satis
3395 1061 3517 1098 esse

1949 1138 2309 1193 arbitraretur
2343 1138 2410 1192 ad
2470 1137 2833 1208 colligendam
2882 1137 2984 1190 sibi
3014 1136 3232 1190 laudum
3267 1136 3516 1188 omnium

1948 1243 2180 1284 messem
2235 1245 2481 1295 auream,
2536 1229 2822 1284 minimum
2881 1229 3094 1283 curavit
3145 1229 3289 1282 illam
3321 1229 3518 1295 lingua:

1951 1321 2355 1376 volubilitatem
2395 1322 2757 1378 scientiarum
2817 1329 2873 1374 et
2895 1335 3174 1376 sacrorum
3203 1319 3514 1386 dngmatnm

1949 1427 2056 1466 usu
2081 1427 2307 1469 ornare.
2339 1412 2556 1483 Alioqui
2591 1395 2754 1466 nullo
2780 1421 3025 1480 tempore
3051 1410 3190 1463 maie
3228 1410 3278 1464 ei
3318 1409 3513 1462 cessis-

1950 1511 2063 1557 set:
2099 1502 2192 1558 sed
2232 1515 2290 1557 et
2332 1503 2626 1558 verborum
2672 1501 3088 1564 abundantiam,
3127 1515 3246 1568 quae
3281 1500 3518 1567 plerum-

1951 1608 2058 1662 que
2087 1603 2298 1663 peccat,
2343 1608 2558 1664 sem_per
2591 1592 2895 1662 ell‘ugisset.
2933 1607 3034 1646 nec
3087 1591 3141 1644 in
3199 1589 3513 1642 barathrum

1953 1684 2256 1754 impietatis
2286 1667 2776 1754 1027’praeceps
2802 1699 2950 1738 nunc
2984 1685 3305 1738 corruisset.
3396 1689 3398 1691 ’

2023 1774 2157 1831 Vlll.
2191 1775 2348 1832 Tales
2385 1776 2550 1832 credo
2604 1791 2834 1846 magnus
2884 1776 2974 1830 ille
3001 1776 3282 1844 theologus
3310 1773 3518 1844 Grego-

287 1845 468 1914 γὸριος
495 1849 719 1915 ἀνδράσι
751 1854 1081 1924 περιτυχὼν,
1117 1858 1174 1910 ἐν
1195 1860 1260 1928 τῇ
1313 1859 1418 1914 τῶν
1458 1845 1852 1936 Πνευματομά-

1956 1867 2070 1922 rius
2107 1866 2358 1922 homines
2387 1877 2600 1932 nactus,
2641 1845 3346 1922 inPneumatomachorum
3410 1867 3520 1919 hae-

285 1957 391 2006 χων
429 1943 814 2010 περιπεσοῦσιν
851 1947 1081 2014 αἱρέσει,
1124 1949 1420 2006 «Τοσοῦτον
1447 1956 1620 2026 ὑμῶν,
1645 1977 1664 2010 ι
1693 1962 1845 2031 φησὶ,

291 2048 308 2080 ι
346 2033 678 2102 περιέχομαι
725 2039 817 2089 καὶ
846 2039 1099 2094 τοσοῦτον
1129 2042 1282 2109 ὑμῶν
1331 2045 1587 2118 αἰδοῦμαι
1639 2050 1738 2120 τὴν
1757 2050 1851 2104 εὖ·

285 2138 491 2190 κοσμον
518 2125 723 2194 ταύτην
759 2128 956 2200 στολὴν
991 2134 1085 2186 καὶ
1135 2135 1198 2187 τὸ
1252 2137 1452 2207 χρῶμα
1507 2141 1607 2209 τῆς
1645 2143 1851 2210 ἐγκρα-

284 2214 436 2276 τείας
460 2217 554 2268 καὶ
585 2217 654 2270 τὰ
679 2220 798 2288 ῑερά
829 2223 1002 2276 ταῦτα
1032 2227 1349 2296 συστήματα
1392 2233 1487 2282 καὶ
1523 2232 1621 2302 τὴν
1648 2233 1850 2306 σεμνὴν

287 2308 587 2383 παρθενίαν
613 2313 707 2363 καὶ
735 2311 1004 2383 κάθαρσιν
1030 2320 1125 2371 καὶ
1166 2317 1262 2389 τὴν
1301 2321 1569 2392 πάννυχον
1625 2323 1853 2396 ψαλμῳ-

287 2397 406 2488 δίαν
435 2401 531 2454 καὶ
559 2402 619 2454 τὸ
656 2404 998 2476 φιλόπτωχον
1025 2411 1122 2462 καὶ
1175 2412 1501 2482 φιλάδελφον
1542 2417 1639 2470 καὶ
1698 2418 1853 2488 φιλό-

288 2487 461 2554 ξενον,
508 2491 648 2546 ῶστι
692 2497 788 2548 καὶ
841 2497 1089 2568 ἀνάθεμα
1127 2495 1264 2555 εἶναι
1319 2504 1425 2557 ἀπὸ
1480 2487 1717 2576 Χριστοῦ
1758 2512 1853 2564 καὶ

289 2580 481 2633 παθεῖν
506 2600 560 2635 τι
587 2585 662 2647 ῶς
693 2587 1025 2657 κατάκριτος
1051 2592 1277 2661 δέχομαι
1299 2609 1314 2624 ·
1350 2596 1508 2664 μόνον
1543 2598 1590 2649 εί
1628 2598 1851 2670 σταίητε

291 2673 612 2760 μεθ’ήμῶν,
650 2679 744 2730 καὶ
775 2683 926 2751 κοινῇ
961 2684 1062 2750 τὴν
1093 2669 1298 2752 Τριάδα
1340 2685 1685 2757 δοξάσαιμεν.
1719 2669 1854 2760 Περὶ

287 2759 396 2828 γὰρ
421 2761 532 2813 τῶν
558 2762 734 2817 ἄλλων
757 2764 810 2816 τί
848 2767 951 2836 χρὴ
986 2769 1077 2820 καὶ
1115 2768 1316 2836 λέγειν,
1369 2772 1555 2840 σαφῶς
1601 2759 1855 2844 τεθνηκο-

285 2867 430 2917 των;
459 2849 551 2915 οὓς
574 2854 813 2924 Χριστοῦ
841 2857 1004 2925 μόνου
1041 2859 1272 2927 ἐγεῖραι,
1310 2859 1406 2913 τοῦ
1461 2861 1852 2927 ζωοποιοῦντος

286 2945 415 3007 τοὺς
445 2950 672 3016 νεκροὺς
702 2949 844 3002 κατά
869 2949 968 3016 τὴν
1011 2950 1208 3004 ἑαυτοῦ
1270 2951 1531 3021 δύναμιν·
1562 2955 1613 3008 οἳ
1668 2956 1853 3019 κακῶς

288 3035 366 3104 τῷ
395 3035 546 3108 τόπῳ
593 3039 941 3110 χωρίζονται,
999 3042 1076 3112 τῷ
1129 3043 1272 3110 λόγῳ
1323 3043 1714 3113 συνδεδεμένοι,
1758 3048 1853 3098 καὶ

286 3128 540 3182 τοσοῦτον
571 3131 707 3200 πρὸς
741 3132 1003 3203 ἀλλήλους
1037 3132 1460 3205 ζυγομαχοῦσιν,
1509 3137 1632 3189 ὅσον
1657 3136 1859 3204 ὀφθαλ-

1954 1959 2099 2013 resin
2153 1959 2461 2030 prolapsos,
2524 1977 2544 2011 ι
2608 1959 2760 2014 Adeo
2823 1957 3044 2030 (inquit)
3077 1973 3172 2013 vos
3215 1957 3518 2025 amplector

1949 2059 2114 2120 atque
2145 2051 2456 2116 exosculor,
2480 2050 2619 2106 adeo
2651 2051 2978 2105 concinnam
3005 2049 3148 2104 hanc
3173 2059 3412 2103 vestram
3461 2055 3519 2101 et.

1949 2124 2313 2210 compositam
2367 2153 2574 2196 vestem
2631 2155 2911 2208 revereor,
2943 2151 3000 2196 et
3051 2148 3394 2194 contractum
3448 2153 3519 2193 ex

1950 2231 2287 2285 continentia
2319 2231 2580 2298 colorem,
2603 2240 2659 2287 et
2681 2247 2868 2287 sacros
2891 2232 2993 2286 hos
3037 2240 3235 2296 coetus,
3264 2238 3321 2285 et
3351 2244 3519 2284 vene-

1953 2321 2180 2375 randam
2239 2322 2612 2392 virginitatem
2671 2338 2734 2377 ac
2789 2321 3512 2392 purgationem,etnoctes,

1951 2428 2086 2482 quas
2110 2415 2163 2466 in
2191 2413 2524 2482 psalmorum
2577 2414 2831 2468 cantione
2889 2413 3168 2467 insomnes
3193 2409 3512 2481 transigitis,

1951 2512 2004 2557 et
2042 2518 2378 2572 propensum
2437 2503 2495 2559 in
2545 2517 2816 2573 pauperes
2864 2511 2923 2558 et
2950 2500 3150 2556 fratres
3180 2510 3237 2556 et
3267 2501 3517 2570 hospites

1952 2595 2193 2649 studium
2253 2605 2418 2665 atque
2487 2582 2754 2658 amorem,
2814 2601 2876 2648 ut
2928 2593 3220 2647 anathema
3279 2594 3444 2647 etiam
3485 2608 3517 2646 a

1951 2683 2172 2739 Christo
2233 2701 2376 2752 esse,
2417 2700 2482 2740 ac
2539 2684 2811 2748 nonnihil,
2844 2693 2905 2738 ut
2952 2685 3267 2746 damnatus,
3301 2682 3516 2752 perpeti

1954 2792 2062 2829 non
2098 2791 2348 2831 recusem
2381 2795 2395 2832 :
2423 2777 2589 2832 modo
2621 2776 2912 2831 nobiscum
2947 2776 3342 2847 adjungamii,
3366 2790 3519 2829 com-

1955 2868 2323 2937 munibusque
2387 2869 2586 2923 animis
2615 2868 2941 2922 Trinitatem
2989 2867 3350 2921 celebremus.
3381 2863 3518 2919 Nam

1953 2956 2083 3025 quid
2114 2957 2181 3011 de
2213 2957 2334 3011 aliis
2385 2956 2586 3022 dicant,
2622 2957 2912 3026 perspicue
2963 2955 3196 3009 mortuis
3259 2955 3421 3024 (quos
3450 2952 3521 3009 ad

1953 3049 2118 3102 vitam
2153 3064 2413 3104 revocare
2439 3048 2642 3105 Christi
2676 3049 2849 3104 solius
2873 3057 2980 3112 est,
3012 3048 3106 3118 qui
3142 3062 3240 3101 sua
3271 3045 3521 3116 putentia
3619 3063 3637 3086 κ

1955 3149 2205 3195 mortuos
2262 3141 2548 3211 viviﬁcat),
2589 3142 2683 3211 qui
2735 3141 2857 3195 loco
2886 3140 3028 3194 male
3078 3148 3241 3208 atque
3274 3137 3524 3206 improbe

293 3221 384 3289 μοὶ
427 3221 742 3294 διάστροφοι
791 3225 851 3279 τὺ
898 3227 956 3278 ἒν
991 3227 1298 3296 βλέποντες,
1350 3229 1444 3282 καὶ
1500 3230 1562 3282 οὐ
1615 3233 1681 3301 τῇ
1714 3231 1855 3300 ὄψει,

1961 3235 2368 3298 distrahuntur,
2396 3251 2522 3290 cum
2549 3234 2811 3290 doctrinae
2832 3234 3054 3290 vinculo
3084 3229 3365 3292 constricti
3389 3230 3524 3294 sint,

286 3313 355 3378 τῇ
383 3313 532 3366 θέσει
555 3314 611 3367 δὲ
636 3317 1019 3382 στασιάζοντες
1042 3335 1054 3348 ·
1081 3319 1134 3372 εί
1161 3336 1225 3386 γε
1275 3321 1370 3374 καὶ
1398 3322 1729 3394 διαστροφὴν
1752 3325 1852 3377 αὑ-

285 3409 400 3470 τοῖς
435 3408 750 3480 ὲγκλητέον,
783 3412 918 3466 ἀλλά
941 3413 1015 3484 μὴ
1041 3413 1335 3484 τύφλωσιν.
1370 3434 1389 3467 ι

1962 3335 2285 3396 tantumque
2334 3329 2476 3383 inter
2524 3342 2581 3382 se
2607 3325 2970 3392 contendunt,
3000 3335 3264 3395 quantum
3310 3319 3527 3376 distorti

1962 3420 2128 3485 oculi,
2192 3435 2355 3473 unam
2408 3418 2766 3488 eamdemque
2819 3433 2933 3472 rem
2981 3425 3290 3478 cernentes,
3315 3427 3379 3468 ac
3416 3425 3529 3466 non

287 3500 492 3564 obtitu,
527 3503 622 3558 sed
679 3503 787 3560 situ
842 3481 1285 3563 duntaxat‘inter
1308 3521 1368 3564 se
1406 3481 1772 3577 dissidentes;
1807 3509 1850 3566 si
1891 3521 2073 3568 tamen
2271 3497 2548 3578 ,‘distortio
2577 3523 2635 3571 et
2671 3481 3031 3584 perversitas,
3061 3525 3170 3566 non
3216 3517 3400 3566 autem
3429 3521 3531 3564 cae-

287 3593 427 3648 citas
458 3593 762 3664 objicienda
799 3605 902 3650 est.
959 3616 977 3649 ι

360 3690 445 3763 [Ρ.
478 3689 602 3762 646]
644 3691 723 3746 Θ’.
750 3690 895 3760 Ἐγὼ
929 3691 986 3745 δὲ
1016 3693 1112 3747 καὶ
1141 3693 1331 3749 ταῦτα·
1351 3691 1532 3758 καλῶς
1559 3711 1620 3749 τε
1648 3697 1736 3749 καλ
1768 3696 1858 3748 εὖ.

289 3784 442 3853 φυῶς
466 3784 601 3853 πρὸς
622 3784 720 3854 τὴν
747 3783 1026 3855 παροῦσαν
1046 3785 1317 3855 εὑρίσκων
1341 3786 1596 3839 ὑπόθεσιν
1623 3786 1862 3857 ἁρμοζό-

293 3893 434 3946 μενα
462 3877 556 3929 καὶ
592 3877 752 3930 πλέον
779 3877 886 3946 ἔχω
916 3894 971 3929 τι
992 3877 1173 3944 λέγειν
1198 3878 1382 3940 αὑτός.
1438 3878 1732 3948 Ἀνῄρηται
1752 3879 1820 3946 γὰ
1831 3895 1861 3948 ρ

291 3970 487 4040 ἀγάπη
516 3970 666 4028 πᾶσα
700 3970 794 4022 καὶ
835 3970 1160 4038 παραμυθία
1186 3956 1279 4051 κα)
1303 3969 1459 4037 λόγος
1487 3968 1655 4038 φίλων
1679 3970 1860 4040 παρή-

292 4079 476 4134 γορος.
505 4061 758 4132 Οὐδαμοῢ
787 4062 1094 4132 σπλάγχνον
1121 4061 1410 4130 ἀδελφικὸν
1456 4063 1594 4130 (⁵55),
1625 4063 1861 4132 οὐδαμοῦ

292 4155 530 4224 δάκρυον
564 4155 868 4224 συμπαθές.
904 4155 1071 4208 Ὅθεν
1128 4156 1225 4210 καὶ
1256 4154 1607 4225 ἀνεμνήσθην
1638 4155 1864 4209 ἐκείνων

295 4247 388 4300 τοῦ
418 4246 762 4314 Σολομῶντος
790 4263 804 4277 ⁸
829 4246 1138 4317 ’Δπέὁλεψα
1167 4247 1296 4316 γὰρ,
1329 4249 1531 4310 ἐκεῖνός
1563 4265 1715 4317 φησι,
1771 4249 1864 4300 καὶ

295 4336 438 4393 εἶδον
464 4339 569 4392 ὑπὸ
597 4337 687 4392 τὸν
710 4339 885 4410 ἥλιον,
927 4338 1009 4391 ὄτι
1038 4339 1099 4392 οὐ
1134 4339 1246 4402 τοῖς
1301 4337 1528 4406 κούφοις
1585 4341 1612 4390 ὁ
1641 4337 1862 4408 δρόμος,

294 4433 416 4487 οὐδὲ
445 4435 558 4494 τοῖς
598 4432 851 4494 δυνατοῖς
878 4432 907 4486 ὁ
936 4431 1175 4500 πόλεμος
1206 4448 1221 4465 ο
1249 4432 1344 4485 καί
1370 4448 1433 4502 γε
1462 4431 1522 4485 οὐ
1552 4433 1664 4494 τοῖς
1683 4434 1866 4498 σοφοῖς

295 4526 329 4596 ἡ
359 4525 624 4595 φρόνησις
643 4539 658 4552 ν
681 4523 778 4577 καί
803 4539 870 4590 γε
905 4521 967 4576 οὐ
997 4523 1110 4584 τοῖς
1153 4521 1327 4590 φίλοις
1355 4522 1416 4574 τὸ
1448 4519 1639 4574 εὔελπι
1663 4538 1675 4550 ·
1730 4520 1867 4574 ἀλλὰ

297 4614 492 4685 καιρὸς
547 4613 639 4666 καὶ
688 4612 988 4681 ἁπάντημα
1044 4609 1388 4680 συμϐήσεται
1463 4611 1631 4687 πᾶσιν
1681 4611 1866 4672 αὐτοῖς

297 4705 706 4774 ἀπροσδόκητον
735 4704 802 4756 ὲκ
835 4701 994 4768 Θεοῦ,
1059 4703 1242 4755 πᾶσαν
1292 4701 1621 4773 ὑπερδαῖνον
1673 4701 1865 4769 σοφίαν

297 4797 394 4850 καὶ
421 4795 656 4867 δύναμιν
707 4794 1077 4864 ἀνθρωπίνην,
1111 4793 1205 4846 καὶ
1234 4793 1417 4847 πάντα
1472 4791 1734 4860 φαυλίζον
1766 4792 1864 4844 ἀν-

297 4886 570 4956 θρώπινον
599 4885 760 4953 ὅγ’κον
797 4887 892 4939 καὶ
942 4885 1136 4954 τῦφον.
1188 4884 1280 4938 Διὸ
1311 4874 1416 4937 καῖ’
1463 4884 1621 4953 σιγᾷν
1674 4881 1867 4952 ἔκρινα

296 4979 429 5045 δεῖν,
469 4979 568 5032 καὶ
607 4980 717 5032 τῶν
760 4976 854 5030 τοῦ
914 4976 1030 5044 βίου
1087 4976 1356 5044 παιγνίων
1408 4973 1711 5043 θαυμάζειν
1768 4973 1868 5035 τὰς

298 5069 702 5138 ἁγχιστρόφους
754 5066 1082 5137 μεταϐολὰς,
1120 5068 1216 5118 καὶ
1267 5065 1473 5135 μηδένα
1509 5063 1622 5134 πρὸ,
1676 5062 1866 5116 τελευ-

298 5159 399 5230 τῆς
459 5156 813 5228 μακαρίζειν.
875 5156 982 5211 Καὶ
1011 5158 1038 5208 ὁ
1077 5144 1196 5226 μὲν
1225 5157 1450 5225 Δαρεῖος
1507 5154 1713 5216 ἐκεῖνος
1759 5153 1864 5206 ὑπὸ

298 5249 525 5319 πληγῶν
577 5252 670 5302 καὶ
733 5249 1067 5320 τραυμάτων
1138 5247 1443 5301 ἐπιϐούλων
1493 5247 1574 5308 εἰς
1635 5245 1866 5299 θάνατον

297 5342 675 5412 ἐλαυνόμενος,
734 5340 921 5409 ἐπειδὴ
991 5338 1226 5408 διψήσας
1281 5337 1482 5407 ᾔτησεν
1549 5335 1711 5403 ὕδωρ,
1772 5335 1868 5388 καὶ

298 5432 484 5504 παρῆν
508 5432 685 5495 οὐδεὶς
722 5431 780 5485 ἔν
813 5432 1006 5502 ἐρήμῳ
1054 5430 1150 5484 καὶ
1187 5429 1374 5497 ἁόάτῳ
1409 5428 1729 5498 διωκομένῳ
1772 5429 1868 5498 γῇ,

376 5573 392 5605 ⁸
435 5575 618 5631 Eccle.
660 5589 735 5641 ιι,
779 5575 863 5628 ll.

2037 3695 2130 3751 lX.
2167 3695 2299 3766 Ego'
2328 3711 2480 3764 vero,
2542 3695 2648 3752 etsi
2689 3694 2804 3750 haec
2828 3693 2895 3748 ad
2940 3708 3183 3762 praesens
3217 3691 3530 3747 institutum

1963 3789 2189 3858 pulchre
2233 3795 2289 3842 et
2333 3787 2458 3857 apte
2488 3787 2899 3842 accommodata
2931 3785 3167 3854 reperio,
3201 3793 3380 3838 tamen
3413 3783 3531 3854 ipse

1963 3882 2083 3943 plus
2118 3882 2259 3936 dico.
2288 3880 2514 3935 Sublata
2543 3880 2754 3934 scilicet
2773 3879 2951 3934 omnis
2975 3879 3215 3932 rharitas
3241 3887 3298 3932 et
3327 3891 3529 3932 conso-

1961 3973 2112 4035 latio,
2149 3981 2204 4026 et
2229 3973 2530 4026 amicorum
2556 3970 2756 4025 blanda
2810 3969 3091 4023 allocutio.
3119 3968 3396 4038 Nusquam
3421 3967 3533 4022 fra-

1964 4073 2118 4118 terna
2167 4063 2379 4118 viscera
2436 4079 2450 4114 :
2498 4076 2768 4132 nusquam
2830 4060 3084 4131 lacrymte
3132 4044 3530 4113 'condolentes.

1963 4156 2116 4213 Unde
2139 4165 2196 4210 et
2231 4155 2322 4209 illa
2359 4153 2668 4209 Salomonis
2723 4153 3050 4208 recordatus
3098 4166 3219 4206 sum
3253 4171 3266 4204 :
3295 4150 3531 4220 Respexi

1963 4248 2111 4302 enim
2143 4245 2344 4317 (inquit
2399 4246 2510 4314 ille)
2569 4253 2625 4299 et
2654 4243 2766 4298 vidi
2817 4243 2919 4298 sub
2963 4243 3100 4307 sole,
3133 4241 3391 4312 quoniam
3421 4256 3532 4295 non

1959 4349 2044 4396 est
2074 4341 2350 4396 velocibus
2373 4354 2588 4404 cursus,
2637 4353 2741 4393 nec
2791 4335 3107 4407 potentibus
3131 4334 3404 4404 prmlium,
3429 4349 3534 4390 nec

1961 4432 2184 4502 quidem
2233 4430 2574 4501 sapientibus
2612 4428 2929 4500 prudentia,
2959 4441 3062 4481 nec
3087 4426 3309 4496 quidem
3343 4424 3534 4478 amicis

1967 4522 2181 4592 1028
2209 4536 2335 4590 spes
2363 4521 2502 4575 bona
2528 4537 2544 4587 ;
2599 4519 2695 4574 sed
2753 4529 2966 4589 tempus
2989 4526 3046 4572 et
3074 4525 3304 4572 eventus
3336 4529 3535 4570 occur-

1967 4626 2051 4668 ret
2078 4612 2336 4668 omnibus
2355 4611 2463 4666 illis
2492 4610 2807 4681 inepinatus
2848 4623 2877 4663 a
2924 4605 3056 4672 Deo,
3081 4621 3299 4660 omnem
3340 4620 3536 4675 super-

1965 4702 2218 4772 grediens
2250 4700 2570 4770 sapientiam
2595 4707 2650 4753 et
2680 4699 2942 4752 virtutem
2975 4695 3291 4760 humanam,
3316 4709 3535 4750 omnem

1962 4793 2278 4863 deprimens
2312 4793 2612 4846 humanum
2649 4799 2917 4845 tumorem
2974 4797 3031 4842 et
3083 4786 3538 4852 fastum.Quam-

1963 4882 2149 4936 obrem
2177 4888 2232 4936 et
2260 4881 2445 4945 silere,
2470 4891 2526 4935 et
2554 4894 2747 4934 eorum
2779 4877 2871 4946 qui
2898 4877 3062 4931 vitam
3109 4878 3249 4931 hanc
3281 4884 3539 4930 exercent

1963 4970 2218 5024 ludorum
2249 4969 2470 5023 crebras
2493 4967 2900 5024 vicissitudines
2933 4966 3143 5030 mirari,
3170 4977 3228 5020 et
3261 4966 3534 5019 neminem

1966 5072 2093 5117 ante
2151 5061 2365 5116 obitum
2415 5060 2524 5116 dici
2567 5059 2789 5114 felicem
2828 5057 3353 5130 oporterejudicavi
3389 5058 3429 5110 '.
3463 5057 3539 5111 Ac

1969 5153 2162 5208 Darius
2185 5153 2406 5223 quidem
2457 5152 2568 5215 ille,
2597 5151 2774 5224 plagis
2823 5160 2880 5206 et
2915 5150 3234 5205 vulneribus
3287 5163 3381 5218 per
3406 5148 3541 5202 insi-

1971 5246 2090 5300 dias
2120 5246 2382 5316 acceptis,
2411 5245 2658 5314 adeoque
2688 5231 2876 5298 morte.
2906 5243 3164 5304 instante,
3191 5253 3539 5306 cumaquam

1972 5335 2166 5390 sitiens
2225 5335 2497 5405 petiisset,
2557 5344 2614 5388 et
2661 5334 2712 5388 ei
2772 5348 2868 5403 per
2915 5331 3131 5387 deserta
3158 5340 3212 5384 et
3247 5329 3388 5382 invia
3422 5327 3540 5381 loca

1975 5427 2205 5499 fugienti
2243 5442 2404 5484 nemo
2438 5426 2678 5498 adesset,
2710 5442 2821 5482 uno
2857 5435 3108 5496 excepto,
3133 5437 3307 5493 eoque
3342 5419 3544 5476 intimae

1619 5689 1954 5752 Variorum
2003 5698 2192 5752 notae.

305 5887 348 5942 Β
377 5813 491 5882 (32)
530 5812 798 5886 Gregoras
848 5804 1018 5871 suum
1046 5801 1220 5886 ipsius
1252 5811 1442 5870 vitium
1476 5814 1634 5871 alteri
1662 5814 1873 5887 objicit.

352 5900 516 5942 oms.
1527 5929 1532 5932 .

352 5900 516 5942 OIVIN.
1527 5929 1532 5932 .

2058 5814 2170 5883 (55)
2201 5812 2295 5868 Sic
2316 5806 2488 5887 supra
2517 5814 2574 5869 in
2601 5799 2879 5885 excet‘ptis
2907 5827 2976 5871 ex
2998 5813 3062 5873 D.
3094 5811 3298 5870 Basilio
3325 5812 3392 5871 de
3423 5813 3550 5887 Spi-

1986 5884 2094 5942 ritu
2121 5893 2330 5942 sancto.
2368 5884 2579 5942 Bonus.
