4002 6474
282 413 419 476 ῙὋΞ)
664 411 738 479 [Α.
781 424 833 471 o,
874 409 1034 482 1551]

1273 415 1718 491 BYZANTlN/E
1756 413 2140 476 ﬂlSl‘Ollle
2177 419 2324 479 LIB.
2366 416 2507 478 XXI

2110 227 2119 235 ο
2126 221 2229 240 «νει.

2613 399 2744 484 [tum
2768 426 2826 466 -J.
2867 424 3163 467 omnem.
3204 409 3257 482 5]

3384 417 3510 480 13οί

279 522 428 600 εῖχεν
460 525 620 596 ήμῶν
653 528 746 580 καὶ
771 526 873 598 τῆς
902 526 1183 593 εὐσεϐείας
1203 543 1217 560 ο
1248 531 1316 599 τῇ
1358 529 1404 583 δ’
1439 528 1670 601 ἀληθείᾳ
1701 526 1842 597 γνὼ-

1958 545 2052 598 ιιιε
2092 530 2359 585 doctrinae
2397 548 2411 585 :
2446 529 2625 598 reipsa
2674 538 2856 584 autem
2908 528 3089 582 inerat
3135 531 3355 598 scriptis
3413 530 3512 583 illis

283 637 391 691 μης
420 617 645 673 ἐκείνων
683 615 828 689 εἶχεν
861 620 1047 674 είκόνα
1077 622 1173 674 καλ⁵
1225 621 1428 692 στήλην
1456 622 1716 695 ἀσεϐείας
1772 621 1844 673 τὰ

278 709 604 781 γράμματα.
649 712 804 765 Ἐπεὶ
830 712 940 784 γὰρ
968 712 1018 765 oi
1052 712 1203 780 λόγοι
1238 712 1335 766 νῦν
1367 713 1466 782 μὲν
1495 712 1705 776 εἰκόνες
1731 713 1859 765 εἰσὶ·

278 800 386 853 τῶν
413 801 780 871 πραγμάτων,
813 802 903 855 ὅτε
955 804 1062 873 πρὸ
1095 804 1205 856 τῶν
1238 803 1490 872 πράξεων
1519 807 1578 856 ἐν
1608 805 1718 865 τοῖς
1746 803 1845 871 τῆς

276 890 514 952 διανοίας
565 890 645 945 ἐτι
707 891 974 962 θαλάμοις
1027 894 1426 963 γυμνάζονται,
1457 896 1553 951 καὶ
1599 894 1670 948 τά
1716 893 1844 960 τέλη

280 983 662 1054 ζωγραφοῦσιν
688 986 803 1038 ἐκεί
837 1002 955 1049 πως
985 984 1166 1038 αὐτῶν
1190 1001 1203 1016 °
1236 986 1332 1045 νῦν
1354 984 1398 1039 δ’
1427 985 1617 1051 ἕτερον
1645 984 1845 1052 τρόπον

278 1076 374 1127 καὶ
404 1077 611 1140 εἰκόνες
662 1076 1015 1130 καθίστανται
1042 1078 1142 1147 τῆς
1164 1076 1366 1148 ψυχῆς,
1399 1078 1488 1133 ὅτε
1551 1088 1713 1147 μετα.
1747 1077 1848 1144 τὴν

281 1166 431 1219 ἔνδον
486 1167 770 1238 διάσκεψιν
824 1168 964 1240 ἔργα
1017 1171 1259 1237 γίνονται
1311 1171 1406 1225 καὶ
1449 1170 1626 1232 αὐτοὶ,
1671 1170 1846 1239 ψυχῆς

282 1260 555 1335 ἀπόζοντα
583 1261 658 1324 ὡς
698 1262 895 1326 εἰπεῖν,
923 1262 1020 1315 καὶ
1047 1263 1195 1325 ὅπως
1225 1262 1394 1328 ἕξεως
1427 1261 1542 1332 ἔχει
1577 1263 1673 1315 καὶ
1701 1260 1847 1341 γ’νώ-

285 1370 393 1421 μης
425 1352 566 1421 αὐτὴ
596 1355 710 1415 τοῖς
742 1352 846 1421 ἔξω
888 1353 1293 1413 διατυποῦντα,’
1312 1346 1427 1417 τὰς
1455 1354 1555 1421 τῆς
1582 1354 1728 1406 ἔνδον
1746 1369 1849 1406 κα-

283 1443 526 1510 κοδοξίας
547 1461 605 1497 τε
636 1447 730 1499 καὶ
760 1434 1055 1515 σηριωδίας
1083 1447 1302 1509 εἰκόνας
1330 1449 1459 1515 τοῖς,
1497 1446 1602 1513 ἔξω
1663 1445 1849 1498 λοιπὸν

279 1536 373 1589 καὶ
429 1537 557 1595 τάδε
636 1510 909 1605 πομπεύει
968 1538 1036 1590 τὰ
1093 1538 1423 1607 γράμματα,
1454 1510 1852 1607 ’μεσημσρινῆς

279 1627 503 1697 ἀκτῖνος
549 1629 1017 1699 περιφανέστερον
1050 1628 1112 1680 τὸ
1156 1628 1431 1698 βδέλυγμα
1477 1629 1582 1698 τῆς
1612 1627 1854 1697 ἐσχάτης

283 1715 930 1789 ὑπάρχεινὶέρημώσεως
987 1717 1314 1789 αὐτόχρημα
1351 1718 1486 1789 (57).
1550 1718 1710 1771 Ἀλλὰ
1756 1717 1851 1770 τοῦ

283 1823 347 1874 γε
396 1806 683 1883 θεομισούς
741 1807 1093 1876 ἀναθήματος
1151 1809 1362 1862 ἐκείνου
1419 1810 1486 1880 τῇ
1546 1810 1667 1879 ίερᾷ
1719 1823 1853 1877 τραο

281 1861 422 1964 πέζῃ
458 1861 799 1960 ἐπιτεθέντος
830 1861 1090 1970 [ΡΪθιδῙ
1135 1900 1163 1968 ἡ
1197 1898 1321 1953 θεία
1344 1861 1349 1862 ν
1371 1861 1486 1968 μὲν..
1530 1861 1851 1968 οὐχιῆψατο
1883 1861 1931 1916 Β

280 1988 486 2058 ψῆφος,
513 1987 674 2053 εὐθὺς
701 1989 801 2063 τὴν
857 1990 1121 2059 ἀνάλογον
1171 1991 1510 2062 ἐπιφέρουσα
1562 1994 1630 2063 τῇ
1679 1993 1851 2063 τόλμῃ

279 2079 524 2145 κόλασιν.
1504 2112 1519 2149 ,η

350 2175 426 2227 Γ’.
481 2174 623 2231 Ἀλλ’
657 2175 707 2229 oi
748 2173 935 2249 κύκλῳ
984 2177 1405 2245 περιιστάμενοι
1447 2178 1587 2238 τέως
1624 2175 1852 2227 ἐπίσκο-

283 2281 373 2318 ποι
405 2266 502 2328 καὶ
552 2265 920 2336 πρεσϐύτεροι
978 2267 1183 2328 πάντες
1234 2266 1491 2337 ἐϐόησαν,
1521 2267 1619 2336 οὐχ
1677 2266 1871 2336 ἥνπερ,

284 2358 452 2429 ἐχρῆν
505 2358 858 2429 ἐπιτίμησιν·
895 2356 980 2413 ὅτι
1030 2358 1175 2421 Πῶς,
1245 2358 1522 2429 ἄνθρωπε,
1576 2358 1655 2428 τῷ
1710 2358 1855 2426 μόνῳ

283 2450 504 2505 πάντων
539 2452 749 2519 ποιητῇ
774 2449 895 2521 Θεῷ
928 2451 1201 2519 θεοτήτων
1232 2450 1555 2516 ἐπενεγκεῖν
1576 2449 1853 2519 διαφόρων

282 2540 623 2609 τετόλμηκας
646 2540 874 2609 πλῆθος,
901 2540 995 2594 καὶ
1020 2542 1228 2611 ἥκιστα
1272 2543 1453 2604 δέδιας
1478 2542 1623 2595 κατά
1651 2542 1851 2596 σαυτοῦ

283 2650 342 2697 τε
382 2634 477 2687 καὶ
497 2632 654 2709 ήμῷν
684 2634 787 2695 καὶ,
816 2632 1108 2704 Ῥωμαίων
1157 2635 1416 2690 ἁπάντων
1467 2635 1854 2706 προκαλούμε-

285 2743 375 2789 νος
405 2726 507 2796 τὴν
557 2725 770 2795 ἄμαχον
807 2726 1024 2796 ἐκείνην
1062 2784 1069 2789 _
1109 2731 1388 2799 ῥομφαίαν
1444 2730 1539 2782 καὶ
1590 2731 1716 2793 τοὺς
1745 2730 1855 2782 τῶν

285 2817 474 2883 κακῶν
533 2817 830 2880 παιδευτὰς
886 2817 1163 2887 αἰθερίους
1241 2819 1582 2890 κεραυνούςά
1639 2819 1854 2873 Τούτων

288 2909 387 2979 μὲν
415 2904 508 2962 οὖν
544 2909 698 2962 οὐδὲν
738 2909 846 2963 τῶν
893 2910 1146 2973 ἁπάντων
1173 2908 1288 2967 οὔτ’
1340 2906 1514 2974 εἷπον,
1553 2908 1669 2962 οὗθ’
1719 2906 1854 2982 ἦκεν

284 3002 470 3065 αύτοίς
491 3000 641 3054 οὐδὲν
666 3001 759 3053 ἐπὶ
787 2998 931 3065 νοῦν,
956 3000 993 3053 ἃ
1020 3001 1123 3059 καὶ
1154 3001 1256 3069 τῆς
1301 3000 1559 3066 ἀληθείας
1584 3002 1855 3072 ἐγγύτερα

282 3089 353 3164 ἦν
385 3110 398 3123 ·
433 3093 570 3147 ἀλλὰ
627 3093 864 3155 κόλακας
900 3091 1126 3147 ἕκαστοι
1172 3091 1364 3159 λόγους
1414 3094 1857 3164 προμελετῆσαν-

284 3202 375 3249 τες
402 3183 759 3255 ὑπισχνοῦντο
808 3183 904 3236 καὶ
937 3182 1272 3255 προῦφερον,
1301 3183 1335 3237 ὃ.
1376 3183 1536 3252 φύσις
1572 3183 1724 3254 δίκης
1757 3201 1854 3235 πε-

288 3278 498 3349 ραίνειν
545 3277 644 3329 οὐκ
669 3272 841 3329 οἶδενο
894 3276 978 3329 ὅτι
1029 3278 1144 3338 τοῖς
1190 3254 1295 3342 ’μὲν
1351 3275 1522 3345 πάλαι
1571 3274 1854 3343 βασιλεῦσι

285 3371 463 3424 κοινόν
496 3387 549 3421 τι
573 3370 667 3423 καὶ
703 3370 932 3436 πάτριον
958 3368 1285 3434 σπούδασμα.
1341 3364 1428 3440 ἦν,
1469 3367 1718 3437 κομίζειν
1772 3370 1856 3421 ἐν·

283 3461 461 3514 ταῦοα
502 3461 687 3531 χρυσῴ
708 3460 803 3512 καὶ
836 3459 1063 3529 ἀργύρῳ
1094 3461 1199 3519 καὶ,
1214 3459 1384 3523 λίθοις
1416 3460 1735 3529 πολυτίμοις
1761 3478 1857 3513 κεο

285 3553 612 3622 κοσμημένα
644 3549 814 3618 σκεύη
873 3549 970 3603 καὶ
1021 3549 1257 3613 ἔπιπλα,
1295 3550 1389 3603 καί¹
1446 3548 1674 3603 τοιαῦτα
1722 3548 1858 3600 ἄττα

284 3645 569 3714 κειμήλια.
602 3643 675 3696 Σὺ
703 3642 758 3695 δὲ
789 3643 1173 3712 προσήνεγκας
1197 3640 1369 3709 δῶρον
1416 3639 1614 3711 ἔπηλυ,
1646 3641 1746 3692 καὶ
1767 3640 1858 3692 οὐ·

285 3739 432 3805 δαμῆ
465 3735 585 3789 ποτ’
618 3732 886 3806 ἐγχώριον
913 3736 979 3804 τῇ
1036 3733 1129 3786 τοῦ
1181 3734 1317 3786 Θεοῦ
1360 3733 1663 3804 Ἐκκλησία
1687 3747 1702 3763 ⁸
1742 3732 1859 3787 ἀλλ’

284 3825 399 3883 οἷον
422 3828 534 3880 τῶν
561 3826 619 3890 ἐξ
650 3827 846 3888 αἰῶνος
877 3826 1174 3894 κεκόμικεν
1229 3825 1406 3886 οὐδεὶς
1436 3824 1648 3877 οὐδέπω
1700 3824 1858 3894 βασι-

284 3922 433 3984 λεύς.
475 3921 584 3974 Καὶ
613 3922 696 3972 σοὶ
726 3919 1044 3987 πλατυσμὺν
1089 3916 1502 3986 ὑπισχνούμεθα
1550 3917 1653 3987 τῆς
1706 3917 1861 3981 ἐξον-

272 4013 407 4074 .σία;
437 4012 579 4064 κατά
607 4010 651 4063 τ’
695 4008 966 4080 Εὐρώπην
996 4008 1106 4063 καὶ..
1128 4007 1341 4069 Ἀσίαν,
1370 4001 1484 4060 οἷον
1542 4006 1695 4059 οΰπω
1753 4006 1861 4058 τῶν

288 4104 458 4157 πάλαι
494 4100 756 4173 βασιλέων
800 4094 958 4170 εὗρεν
1009 4099 1205 4164 οὐδεὶς,
1261 4098 1382 4152 οὐδὲ
1437 4099 1680 4168 μείζονος
1716 4100 1864 4151 ἀντι-

289 4197 490 4257 δόσεως
520 4194 793 4264 τετύχηκε
824 4195 960 4263 πρὸς
998 4192 1160 4259 Θεοῦ,
1186 4191 1279 4246 τοῦ
1337 4191 1403 4244 τὸ
1449 4193 1714 4259 ἀνάλογον
1763 4192 1865 4259 τῆς

291 4284 662 4356 προσαγωγῆς
711 4284 1070 4347 ἀντιδιδόντος
1100 4284 1358 4347 κατόπιν,
1405 4283 1502 4336 καὶ
1551 4284 1637 4336 διὰ
1666 4284 1724 4336 τὸ
1767 4284 1863 4353 τῆς

290 4376 610 4438 ἀντιδόσεως
639 4376 908 4445 πρόδηλον
947 4375 1338 4443 ἐμφανίζοντος
1367 4377 1501 4428 πᾶσι
1521 4377 1620 4444 τὴν
1645 4375 1720 4445 μὴ
1738 4392 1866 4444 φαι-

290 4467 525 4537 νομένην
556 4466 819 4537 ποιότητά
867 4483 926 4519 τε
958 4466 1054 4519 καὶ
1111 4465 1343 4535 δύναμιν
1385 4465 1577 4533 αὐτῆς,
1623 4465 1759 4536 πρός
1804 4482 1863 4517 τε

289 4559 350 4611 τὸ
376 4558 657 4628 Δβέλτιστον
694 4560 789 4618 καὶ
820 4559 882 4611 τὸ
903 4558 1201 4628 χείριστον.

273 4717 286 4732 1
365 4745 445 4798 A'.
474 4744 542 4796 Ἃ
566 4741 752 4812 δήκαὶ
782 4772 791 4797 ε
817 4740 1154 4811 ἀκουσθέντα
1190 4738 1311 4810 Δμὲν
1353 4739 1694 4808 Βυζαντίοις,
1728 4741 1869 4813 ὑπὲρ

292 4829 366 4887 ὄιν
424 4835 522 4903 τὴν
578 4833 885 4904 πρόρρησιν
954 4830 1376 4900 προεθέσπιζον,
1435 4832 1774 4886 ἀκουσθέν-ια
1810 4832 1868 4886 δὲ

292 4928 431 4996 Θεῷ,
470 4926 607 4997 πρὸς
638 4925 696 4977 ὃν
719 4926 751 4994 ἡ
778 4921 1136 4994 ,προσαγωγὴ
1183 4923 1278 4975 καὶ
1309 4923 1343 4993 ἡ
1393 4923 1500 4975 τῶν
1561 4924 1866 4993 μελλόντων

293 5019 473 5089 κρίσις
524 5017 826 5079 ἀνετίθετο,
869 5019 1097 5085 ταχείαν
1162 5016 1377 5085 εἰλήφει
1427 5017 1528 5082 τὴν
1588 5017 1817 5070 ἔκϐασιν
1848 5033 1860 5046 ·

293 5113 389 5180 οὐχ
407 5111 527 5164 οἵαν
544 5110 700 5163 αὐτοὶ⁸
715 5107 973 5180 κατάίτὴν
991 5109 1260 5180 σφετέραν
1275 5109 1669 5178 προεθέσπιζον
1682 5109 1874 5182 βούλη-

294 5222 381 5255 σιν
406 5242 420 5266 ,
445 5201 561 5254 ἀλλ’
578 5201 694 5255 οἵαν
715 5201 772 5253 αἱ
788 5200 885 5269 τῆς
908 5200 1060 5264 θείας
1071 5200 1229 5269 δίκης
1252 5201 1513 5272 ἀῤῥεπεῖς
1532 5199 1871 5271 ἐπεψήφιζον

296 5296 653 5361 πλάστιγγες,
723 5293 828 5345 ὑπὸ
891 5292 1128 5361 μάρτυσι
1180 5295 1295 5353 τοῖς
1364 5293 1550 5347 εἰδόσι.
1606 5292 1868 5360 Βραχεῖαι

302 5390 405 5457 γὰρ
434 5387 639 5439 ἐκεῖθεν
663 5384 889 5454 ἡμέραι,
920 5382 1014 5436 καὶ
1038 5384 1170 5454 πυρὶ
1191 5381 1642 5450 κατανηλωκότες
1669 5385 1855 5447 πάσας

1945 622 2125 691 imago
2156 635 2348 676 eorum
2379 620 2567 681 animi,
2603 629 2660 675 et
2687 619 2932 690 quaedam
2967 621 3135 675 veluti
3204 629 3384 675 statua
3418 638 3504 674 nn-

1943 714 2182 784 pietatis.
2237 713 2449 767 Etenim
2498 719 2559 765 ut
2610 711 2777 765 verba
2832 725 2979 765 nunc
3030 727 3209 766 rerum
3258 712 3514 781 imagines

1945 814 2095 868 sunt,
2133 816 2245 857 tum
2271 786 2484 860 scilicet
2514 819 2635 857 cum
2657 813 2783 856 ante
2805 803 3208 857 exsecutionem
3236 794 3515 857 inintimis

1947 894 2116 949 animi
2153 893 2526 964 penetralibus
2552 892 2733 947 adhuc
2777 892 3092 962 proludunt,
3126 902 3182 947 et
3225 891 3338 945 illic
3389 907 3516 945 suos

1945 989 2124 1043 exitus
2152 988 2505 1042 adumbratos
2562 985 2965 1055 quodammodo
2998 985 3299 1039 informant
3330 1002 3343 1037 :
3373 999 3518 1038 nunc

1946 1079 2158 1140 eadem,
2192 1079 2284 1133 sed
2330 1078 2509 1142 aliter,
2541 1087 2668 1131 sunt
2693 1077 2986 1131 simulacra
3040 1075 3229 1141 animi,
3285 1091 3409 1130 cum
3466 1084 3516 1127 et

1948 1164 2065 1238 ipsa
2094 1177 2214 1236 post
2259 1182 2509 1220 arcanam
2546 1166 2695 1219 illam
2729 1165 3185 1219 consultationem
3219 1179 3307 1218 res
3351 1174 3405 1217 et
3436 1164 3513 1217 fa-

1949 1269 2032 1314 cta
2057 1268 2176 1312 esse
2210 1258 2502 1325 incipiunt.
2537 1257 2782 1309 animum
2815 1258 2899 1323 (ut
2929 1255 3005 1308 ita
3031 1254 3230 1322 dicam)
3263 1254 3519 1307 redolen-

1951 1350 2045 1410 tia.
2081 1363 2144 1402 ac
2194 1348 2312 1416 ejus
2368 1347 2612 1402 habitum
2648 1357 2703 1399 et
2755 1346 3013 1399 allectum
3079 1344 3221 1413 apud
3283 1359 3377 1407 eos
3426 1345 3519 1411 qui

1952 1439 2086 1494 foris
2111 1439 2221 1492 sint
2253 1437 2615 1507 exprimentia
2650 1453 2665 1489 :
2705 1438 2778 1491 ita
2808 1436 2974 1490 etiam
3030 1435 3149 1489 haec
3168 1435 3371 1503 scripta
3399 1449 3521 1487 sen-

1952 1546 2047 1584 sus
2072 1530 2224 1598 pravi
2263 1538 2317 1582 et
2347 1529 2514 1581 moris
2554 1528 2781 1581 belluini
2822 1528 2969 1581 intus
3004 1526 3227 1580 latentis
3258 1525 3523 1594 imagines

1958 1622 2169 1692 1030
2197 1621 2523 1690 spectandas
2577 1622 2793 1691 publice
2825 1622 3090 1676 exhibent
3144 1620 3212 1675 iis
3237 1619 3330 1689 qui
3393 1618 3526 1672 foris

1954 1724 2100 1780 sunt,
2132 1704 2513 1768 utmeridiano
2546 1713 2685 1768 sole-
2723 1713 2925 1766 clarius
2961 1719 3165 1781 pateat,
3221 1725 3343 1765 eam
3404 1724 3528 1764 esse

1956 1822 2145 1861 revera
2166 1806 2627 1861 abominationem
2658 1805 2867 1865 ultimae
2899 1802 3284 1858 desolationis.
3341 1801 3529 1857 Enim-

1950 1893 2084 1954 vero
2123 1900 2265 1953 Deus
2293 1898 2526 1952 invisum
2554 1896 2658 1951 sibi
2687 1896 2916 1959 donum,
2946 1904 3139 1950 sancto
3172 1894 3328 1948 altari
3353 1895 3530 1962 impo—

1954 1990 2143 2053 situm,
2177 1990 2438 2060 suffragio
2474 2004 2576 2043 suo
2601 1989 2746 2044 haud
2786 1989 3040 2058 dignatus
3069 1978 3186 2052 est;
3220 1986 3315 2041 sed
3339 2001 3527 2056 parem
3560 2044 3565 2047 ι

1953 2082 2136 2138 statim
2167 2081 2407 2137 audaciae
2430 2094 2650 2149 pmnam
2684 2080 2959 2148 rependit.

2023 2171 2109 2225 Ill.
2140 2172 2209 2226 At
2234 2172 2475 2242 episcopi
2509 2181 2564 2226 et
2593 2171 2899 2241 presbyteri
2931 2178 3045 2223 tum
3107 2169 3531 2223 circumstantes
3562 2224 3569 2229 ,

1954 2265 2194 2319 universi
2231 2264 2643 2318 acclamabant:
2685 2277 2791 2316 non
2814 2262 2909 2327 {illi
2941 2261 3161 2331 quidem
3211 2261 3297 2314 his
3325 2260 3529 2323 verbis,

1952 2358 2096 2411 sicut
2147 2355 2392 2421 decebat,
2446 2369 2579 2410 eum.
2603 2353 2996 2424 objurgantes:
3020 2351 3168 2419 Heus
3229 2362 3308 2419 tu,
3336 2351 3529 2419 boum,

1952 2449 2228 2517 quomodo
2250 2461 2417 2501 ausus
2444 2460 2505 2500 es
2534 2445 2699 2499 unico
2736 2444 2981 2498 omnium
3035 2444 3246 2498 auctori
3284 2444 3395 2497 Deo
3453 2443 3535 2496 oi-

1954 2541 2098 2595 ferre
2143 2538 2483 2592 diversarum
2543 2535 2896 2591 divinitatum
2940 2526 3373 2599 multitudinem,
3429 2549 3534 2586 nec

1957 2633 2164 2687 veritus
2198 2646 2258 2685 es
2286 2631 2341 2684 in
2370 2640 2423 2685 te
2451 2631 2656 2699 ipsum,
2683 2630 2738 2684 in
2766 2644 2889 2695 nos,
2923 2628 2977 2682 in
3007 2643 3200 2683 omnes
3234 2629 3531 2688 Romanos,

1953 2724 2098 2779 ciere
2118 2723 2357 2793 gladium
2389 2722 2540 2776 illum
2577 2720 3011 2782 intolerabilem;
3052 2728 3109 2774 et
3146 2719 3392 2774 coelestia
3425 2718 3532 2771 ful-

1953 2818 2121 2882 mina,
2161 2831 2258 2885 per
2289 2831 2408 2887 quae
2439 2814 2670 2883 improbi
2698 2812 3076 2883 castigantur?
3127 2810 3330 2865 Horum
3394 2810 3534 2863 nihil

1953 2910 2021 2961 ab
2058 2907 2127 2961 iis
2152 2909 2380 2969 dictum,
2417 2906 2525 2959 imo
2554 2921 2622 2960 ne
2647 2906 2943 2976 cogitatum
2972 2904 3195 2975 quidem
3230 2923 3244 2959 :
3276 2919 3395 2973 qua:
3454 2913 3537 2955 la-

1955 2999 2244 3054 men‘veris
2274 2998 2533 3069 propiora
2561 3007 2741 3054 erant.
2778 2997 2885 3053 Sed
2921 2999 3089 3052 verba
3148 2998 3535 3066 unusquisque

1955 3093 2230 3146 adulantia
2259 3090 2643 3160 praemeditati,
2680 3090 3114 3160 pollicebantur
3175 3099 3229 3143 et
3265 3105 3536 3158 propone-

1879 3216 1922 3273 ο
1959 3187 2172 3238 bantea
2204 3198 2346 3253 quam
2406 3189 2469 3236 ut
2515 3190 2600 3237 est
2659 3172 2855 3236 natura
2883 3182 3132 3251 justiti-.12,
3173 3182 3360 3251 perﬁci
3424 3199 3534 3235 non
3580 3236 3583 3239 ,

1957 3275 2246 3329 debebant.
2280 3290 2300 3326 ι
2330 3274 2589 3328 Veterum
2623 3273 3027 3342 imperatorum
3080 3288 3373 3328 commune
3402 3272 3537 3324 illud

1956 3376 2012 3421 et
2042 3367 2278 3436 patrium
2316 3365 2626 3420 institutum
2661 3364 2765 3441 fuit
2822 3363 3110 3436 (aiebant),
3179 3374 3239 3417 ut
3294 3380 3418 3418 vasa
3481 3376 3541 3418 et

1964 3457 2347 3526 supellectilia,
2400 3472 2559 3522 auro,
2593 3465 2845 3526 argento,
2875 3466 2929 3511 et
2970 3457 3232 3531 pretiosis
3263 3457 3544 3526 lapidibus

1958 3558 2170 3609 ornata,
2208 3558 2262 3602 et
2288 3548 2421 3602 alias
2449 3548 2717 3619 ejusmodi
2766 3563 2927 3620 gazas
2954 3549 3156 3602 ’aﬂ‘erre
3200 3548 3308 3601 huc
3350 3548 3541 3602 stude-

1960 3648 2105 3695 rent.
2140 3639 2220 3693 Tu
2247 3653 2382 3693 vero
2417 3639 2662 3693 obtulisti
2695 3639 2899 3694 donum
2935 3640 3320 3703 adventilium,
3346 3647 3398 3692 et
3424 3655 3538 3692 rem

1961 3739 2185 3792 minime
2244 3736 2554 3803 indigenam
2591 3737 2847 3792 Ecclesiae
2885 3737 3016 3804 Dei;
3068 3737 3162 3791 sed
3217 3737 3432 3805 qualem
3472 3737 3542 3790 ali

1961 3829 2109 3882 omni
2132 3843 2245 3880 aevo
2272 3827 2455 3880 nullus
2483 3842 2721 3895 unquam
2778 3827 3036 3895 princeps
3086 3825 3366 3881 intulerat.
3427 3810 3542 3880 Nos

1962 3933 2143 3974 autem
2172 3919 2267 3974 tibi
2299 3919 2489 3973 ﬁniunt
2528 3918 2746 3987 imperii
2780 3926 2835 3972 et
2870 3918 3099 3972 ditionis
3139 3934 3236 3988 per
3267 3919 3538 3987 EurOpam

1961 4020 2016 4066 et
2044 4011 2347 4081 perAsiam
2405 4011 2854 4080 propagationem
2913 4010 3273 4079 pollicemur;
3346 4008 3425 4063 sic
3481 4019 3585 4073 ut,

1964 4115 2207 4158 veterum
2246 4102 2555 4172 principum
2588 4101 2799 4155 nemini
2834 4117 3074 4171 unquam
3112 4100 3234 4154 talis
3258 4099 3541 4169 obtigerit,

1963 4211 2064 4250 nec
2096 4195 2268 4265 major
2302 4194 2557 4263 cuiquam
2593 4208 2805 4248 merces
2830 4193 2955 4247 data
2987 4210 3016 4247 a
3050 4193 3161 4246 Deo
3191 4194 3359 4247 fuerit
3392 4210 3404 4247 :
3439 4195 3534 4260 qui

1964 4284 2338 4355 qnieien‘inpro
2370 4283 2538 4337 oblati
2570 4286 2816 4338 muneris
2862 4285 3095 4349 ratione,
3139 4285 3345 4365 1031
3396 4285 3543 4338 solet
3584 4338 3589 4343 ,

1965 4377 2183 4446 dignam
2224 4375 2425 4428 deinde
2456 4373 2763 4443 mercedem
2807 4375 3143 4443 persolvere,
3181 4386 3251 4441 et.
3301 4390 3398 4443 per
3426 4376 3546 4429 ενι*

1968 4470 2102 4523 deus
2134 4467 2417 4537 prannium
2464 4466 2720 4520 latentem
2750 4465 2880 4520 doni
2923 4467 3131 4534 accepti
3169 4466 3540 4520 conditionem

1900 4563 1943 4617 Ι)
1970 4570 2025 4615 et
2051 4566 2323 4624 naturam,
2366 4568 2640 4629 quatenus
2672 4574 2735 4613 ea
2771 4558 2855 4613 vel
2903 4561 3106 4628 optima
3159 4557 3244 4613 vel
3305 4558 3543 4629 pessima

1970 4656 2060 4717 sit,
2085 4652 2319 4721 prodere
2349 4662 2404 4706 et
2436 4651 2738 4706 declarare.
2781 4670 2799 4701 ι

2039 4744 2125 4799 ιν.
2155 4743 2281 4797 llaec
2302 4744 2491 4797 audita
2530 4759 2558 4796 a
2588 4743 2886 4814 Byzantiis.
2945 4758 3179 4812 quorum
3210 4742 3382 4813 gratia
3417 4757 3547 4796 ora-

1966 4837 2149 4892 Ctllllln
2180 4836 2312 4890 illud
2344 4837 2681 4903 canebatur;
2728 4836 2908 4890 audita
2942 4835 3070 4889 item
3106 4851 3134 4889 a
3167 4836 3299 4899 [)eo,
3348 4835 3436 4890 cui
3492 4845 3550 4888 et

1964 4929 2301 4992 offerebatur
2348 4928 2575 4992 donum,
2629 4937 2682 4981 et
2722 4927 3031 4981 futurorum
3081 4916 3356 4996 judicium
3424 4943 3552 4997 per-

1968 5022 2303 5083 mittebatur,
2333 5020 2571 5074 celerem
2600 5021 2807 5093 exitum
2836 5020 3207 5087 habuerunt;
3256 5035 3366 5079 non
3405 5035 3545 5088 qua-

1966 5112 2071 5167 lem
2096 5112 2169 5165 illi
2221 5129 2317 5181 pro
2349 5128 2445 5167 sua
2509 5110 2794 5165 voluntate
2866 5110 3152 5164 vaticinati
3204 5118 3405 5176 erant;
3450 5109 3548 5162 sed

1967 5219 2093 5258 eum
2124 5204 2323 5274 ipsum,
2356 5220 2516 5271 quem
2544 5205 2759 5276 justitia
2800 5204 2985 5258 divina
3015 5204 3345 5275 atquissimis
3370 5201 3547 5256 lanci-

1967 5297 2070 5351 bus
2135 5297 2497 5367 ponderatuvn
2555 5299 2839 5368 irrogavit.
2893 5297 3087 5352 Testes
3150 5296 3305 5351 fuere
3359 5296 3396 5349 ii
3448 5276 3547 5363 qui

1966 5388 2171 5441 sciunt.
2202 5388 2420 5442 Etenim
2475 5389 2663 5459 paucis
2696 5403 2763 5442 ex
2815 5403 2882 5442 eo
2911 5385 3107 5441 diebus
3151 5383 3376 5453 elapsis,
3411 5381 3549 5449 illas

1630 5505 1960 5569 Variorutn
2005 5516 2215 5589 notam:

369 5627 478 5695 (37)
505 5627 638 5682 Cum
665 5626 941 5683 Palamitze
988 5629 1156 5683 multa
1206 5638 1262 5685 et
1293 5632 1554 5698 prazclara
1588 5628 1867 5684 Cantacu-

298 5714 433 5752 anno
464 5698 864 5766 promisissent,
897 5698 940 5751 si
965 5699 1195 5753 Tomum
1235 5715 1394 5753 suum
1423 5701 1577 5755 altari
1619 5699 1736 5769 ipse
1766 5700 1869 5769 im-

298 5777 544 5836 poneret,
571 5784 634 5838 ae
658 5782 796 5838 novo
829 5769 935 5821 ritu
969 5781 1336 5827 consecraret.
1365 5768 1659 5838 Gregoras,
1691 5768 1784 5822 ubi
1810 5769 1863 5821 id

299 5838 537 5897 rescivit.
565 5837 702 5901 Ima,
755 5837 953 5917 inquit,
1010 5856 1124 5893 cum
1155 5841 1385 5895 videritis
1415 5837 1864 5897 abominatiouem

1966 5632 2308 5689 desolatiouis
2330 5637 2649 5702 stantemjn
2691 5634 2801 5688 loco
2826 5638 3032 5697 sancto,
3076 5630 3374 5702 enigrtoscite
3406 5642 3550 5702 guu-

1967 5706 2111 5776 t_:_iam
2132 5699 2578 5776 appropinquavit
2604 5705 2856 5758 desolatio
2878 5702 3083 5766 imperii
3114 5700 3363 5756 Romani.
3405 5699 3547 5756 Vide

1966 5773 2102 5831 Hist.
2130 5773 2227 5831 lib.
2262 5773 2545 5848 xxv,‘cap.
2583 5776 2682 5830 ult.
2711 5776 2939 5841 Bonum,
