4002 6518
353 407 491 475 1307
635 406 709 481 [Α.
749 424 804 463 Il.
848 378 1007 475 6859,
1051 421 1151 462 mn.
1201 404 1259 477 ι]

1544 408 1960 470 NICEPHURI
2002 405 2382 468 GREGORIE

2693 404 2826 475 [nm
2867 418 2909 460 ι.
2947 419 3243 465 ωιτηουτ,
3286 409 3342 479 51
3452 410 3587 477 13’8

349 521 566 583 domos,
592 536 724 589 quas
754 520 1031 590 quondam
1067 520 1295 574 Romani
1335 519 1388 573 in
1417 526 1649 588 utroque
1686 519 1810 572 freti
1841 519 1929 571 lit-

2051 520 2231 586 ήκίας,
2305 518 2605 590 συλλήϐδην
2661 521 2857 582 εἰπεῖν,
2898 519 3019 572 ὅσαι
3087 520 3380 590 Ῥωμαίοις
3421 522 3589 574 πάλαι

347 620 489 680 tore,
536 611 675 683 apud
701 627 916 666 murum
948 611 1193 682 Byzantii
1228 621 1284 664 et
1310 610 1364 664 in
1390 625 1453 663 ea
1479 609 1781 665 continenti
1809 624 1930 677 quae

342 685 620 770 eregione
646 708 750 759 est.
787 716 983 771 magno
1032 710 1258 771 sumptu
1309 700 1740 761 acdiﬁcavcrant,
1801 700 1930 753 uni-

348 803 535 847 versas
569 789 735 842 simul
771 790 896 859 igne
933 800 1267 869 consumunt
1296 801 1352 844 et
1385 805 1496 843 rem
1532 790 1840 844 Romanam
1873 789 1930 842 in

349 896 442 936 eas
477 884 756 950 angustias
806 885 1088 939 adducunt
1119 886 1363 939 Gennitze
1407 884 1525 951 (isti
1563 885 1775 939 scilicet
1837 880 1930 951 qui

349 974 635 1043 parvulum
668 976 952 1029 castellum
987 977 1284 1037 habitanti,
1344 986 1405 1031 ut
1457 976 1609 1031 cives
1656 975 1929 1045 Byzantii,

353 1065 526 1131 portis
559 1065 820 1119 omnibus
880 1067 1168 1120 maritimis
1201 1068 1452 1132 munitis,
1487 1068 1609 1122 urbi
1673 1067 1774 1136 ipsi
1821 1066 1932 1134 jam

355 1151 604 1218 timeant,
637 1170 702 1207 ne
734 1154 923 1209 hostes
952 1156 1134 1210 subito
1161 1164 1533 1219 accurrentes,
1594 1156 1768 1224 portis
1818 1168 1939 1208 cre-

355 1243 538 1306 matis,
596 1244 1002 1313 introrumpant
1030 1262 1098 1300 eo
1129 1248 1335 1315 impetu
1400 1246 1492 1314 qui
1530 1245 1792 1300 sustineri
1828 1258 1939 1315 non

355 1337 544 1404 possit.
573 1344 671 1389 aut
703 1338 893 1404 paucis
923 1338 1083 1393 scalis
1123 1338 1356 1392 admotis
1389 1353 1490 1407 pet:
1543 1337 1692 1407 ipsos
1752 1349 1939 1388 muros

356 1427 626 1483 insiliant.
658 1429 1027 1494 Quamobrem
1059 1446 1276 1483 murum
1307 1428 1553 1500 Byzantii
1577 1427 1937 1491 maritimum,

355 1518 715 1586 septentrioni
747 1519 1065 1583 obversum,
1096 1520 1255 1574 fossis
1281 1520 1569 1590 profundis
1600 1519 1941 1574 extrinsecus

358 1607 543 1661 ductis
567 1610 950 1679 circnmplexi,
985 1614 1503 1680 easquamprimum
1532 1612 1779 1666 immisso
1803 1610 1938 1664 mari

357 1700 655 1765 inundant,
691 1711 753 1756 ut
779 1704 1043 1757 continuo
1083 1704 1175 1758 illa
1234 1718 1362 1773 pars
1414 1702 1671 1759 hostibus
1732 1702 1943 1757 Latinis

358 1789 451 1843 ﬁat
476 1789 727 1846 cominus
756 1791 1057 1847 inaccessa.

428 1984 493 2040 V.
526 1983 617 2040 Sic
660 1984 802 2039 Deus
841 1999 947 2054 pro
972 1983 1146 2063 Tme
1180 1964 1364 2041 oblato
1409 1984 1647 2041 celerem
1694 1982 1940 2053 quidem;

356 2071 453 2125 sed
495 2071 845 2140 imperatoris
864 2072 1141 2128 desiderio
1172 2081 1228 2128 et
1251 2074 1533 2144 proposito
1592 2073 1755 2144 plane
1812 2088 1946 2129 con-

358 2162 586 2217 trariam
649 2163 859 2233 1032
902 2165 1214 2220 mercedem
1268 2165 1544 2221 retribuit.
1600 2165 1777 2234 Atque
1827 2165 1948 2236 ejus

359 2251 438 2304 rei
479 2263 642 2307 testes
671 2252 899 2310 fuerunt
918 2271 1025 2309 non
1054 2256 1300 2325 episcopi
1340 2256 1517 2311 solum
1547 2264 1945 2320 assentatores,

358 2342 454 2412 qui
484 2360 548 2399 ea
581 2346 1094 2415 pronuntiaverant,
1127 2363 1249 2417 quae
1282 2346 1448 2403 unius
1482 2356 1691 2403 tantum
1719 2346 1947 2403 dieculae

358 2437 704 2507 voluptatem
761 2440 992 2495 auribus
1043 2449 1407 2510 pepererunt,
1478 2439 1721 2495 fructum
1763 2448 1949 2494 autem

361 2528 590 2582 omnino
628 2537 684 2583 et
724 2529 1090 2600 undecunque
1123 2530 1365 2596 nullum,
1388 2530 1500 2584 imo
1535 2546 1624 2585 res
1676 2530 1787 2583 illis
1808 2546 1946 2598 pro-

365 2618 552 2674 missis
603 2630 659 2673 et
713 2620 1203 2675 vaticinationibus
1260 2620 1495 2675 maxime
1534 2628 1589 2674 et
1640 2635 1738 2690 per
1766 2620 1952 2675 omnia

364 2713 665 2782 oppositas,
690 2711 786 2766 sed
810 2722 866 2766 et
882 2713 1070 2782 populi
1093 2713 1328 2784 quilibet
1359 2711 1567 2767 circum
1602 2712 1951 2776 habitantes;

366 2806 443 2861 ita
477 2805 803 2860 utomnium
842 2805 974 2860 risui
1008 2815 1065 2861 et
1094 2821 1279 2860 sannze
1307 2821 1396 2861 res
1451 2814 1653 2859 nostrai
1694 2806 1954 2875 expositae

366 2906 641 2966 paterent,
710 2912 776 2952 ac
825 2898 944 2967 ipse
1003 2898 1091 2953 ille
1151 2912 1336 2952 rerum
1389 2896 1572 2951 exitus
1630 2904 1955 2966 argumento

364 2991 675 3048 certissimo
710 2988 870 3046 lldem
899 2991 1156 3046 omnibus
1179 2989 1405 3054 laceret,
1439 2989 1671 3043 'l‘omum
1699 3003 1822 3043 esse
1853 2988 1958 3043 ini-

367 3083 700 3161 quissimum
749 3093 806 3137 et
872 3058 1172 3151 impietatis
1253 3081 1477 3150 plenum
1513 3080 1831 3150 :siquidem
1888 3095 1958 3134 ex

372 3175 575 3230 ultimo
605 3185 806 3230 eventu
826 3182 1077 3228 anteacta
1091 3188 1326 3254 quaeque
1346 3174 1715 3228 aestimantur.
1749 3172 1955 3241 Nempe
1979 3209 2024 3270 α

374 3281 578 3321 tnunus
610 3266 744 3319 illud
775 3264 1179 3335 prolanumque
1208 3263 1521 3318 donarium
1547 3263 1786 3318 melioris
1818 3273 1958 3318 notae

370 3374 498 3415 esse
524 3358 924 3413 arbitrantibus
954 3355 1253 3430 episcopis,
1305 3356 1483 3410 visum
1541 3364 1664 3410 erat
1705 3355 1962 3410 meliores

374 3459 610 3506 eventus
639 3464 864 3514 cauere,
897 3464 962 3503 ac
998 3448 1352 3520 przediceudo
1390 3448 1721 3503 denuntiare
1778 3447 1958 3516 impe-

377 3543 548 3597 ratori
574 3557 589 3608 ;
617 3556 743 3597 eum
768 3541 980 3597 scilicet
1015 3540 1081 3594 ad
1101 3540 1440 3610 Euphratem
1473 3550 1526 3594 et
1555 3539 1761 3610 Tigrim
1789 3553 1962 3607 usque

379 3635 597 3705 imperii
630 3634 715 3690 sui
744 3635 880 3689 lines
928 3635 1293 3705 prolaturum.
1348 3633 1552 3689 Verum
1607 3631 1735 3702 quia
1781 3631 1963 3686 oblata

380 3727 474 3782 illa
500 3727 771 3798 ejusmodi
795 3736 975 3795 erant,
1001 3739 1059 3781 ut
1083 3743 1147 3783 ea
1180 3726 1320 3780 Deus
1338 3726 1564 3779 omnino
1589 3733 1965 3786 aversarctur,

381 3820 509 3874 ideo
537 3830 726 3875 contra
759 3835 919 3890 quam
949 3828 1236 3890 speratum
1287 3811 1407 3871 erat
1460 3815 1704 3882 accidit,
1762 3831 1827 3870 ac
1868 3831 1967 3885 pro

384 3914 638 3967 maximis
665 3913 774 3967 illis
810 3911 1014 3975 ﬂuviis,
1039 3911 1324 3981 Euphrate
1352 3919 1409 3965 et
1453 3909 1699 3980 Tigride,
1733 3909 1970 3978 impera-

385 4016 472 4059 tor
525 4007 943 4061 Cantacnzenus
991 4004 1169 4059 fossas
1229 4002 1525 4073 percussit,
1584 4017 1705 4071 qua:
1755 4001 1969 4055 marina

364 4112 526 4165 ,aqua
559 4098 731 4167 plenae
753 4095 1002 4167 Byzantii
1065 4109 1256 4149 muros
1288 4092 1599 4156 alluerent;
1647 4092 1803 4159 isque
1860 4090 1973 4145 exi-

384 4205 551 4259 guum
586 4194 687 4244 hoc
717 4189 987 4241 adversus
1023 4186 1213 4241 hostes
1236 4184 1575 4255 pra'sidium,
1613 4195 1843 4254 cogente
1878 4198 1974 4237 ne-

388 4281 669 4347 cessitate,
734 4296 832 4349 per
884 4290 1059 4333 artem
1118 4264 1402 4340 munivitf
1451 4283 1512 4329 ut
1569 4272 1971 4344 argumentanti

386 4374 618 4429 cuilibet
646 4371 841 4439 facilis.
863 4382 922 4426 et
946 4368 1174 4424 evidens
1216 4376 1474 4422 occurrat
1505 4367 1621 4421 haec
1640 4364 1927 4418 conclusio
1956 4380 1972 4418 :

2030 609 2342 672 πολυτελῶς
2374 609 2721 680 ᾠκοδόμηντο
2763 610 2850 677 ἐφ’
2906 610 3146 679 ἑκάτερα
3201 610 3294 663 τοῦ
3344 611 3588 679 πορθμοῦ

2031 700 2161 764 περί
2184 717 2244 754 τε
2289 700 2350 753 τὸ
2381 703 2562 771 τεῖχος
2591 700 2793 771 δηλαδὴ
2821 700 2933 753 τῶν
2989 701 3299 765 Βυζαντίων
3352 703 3447 755 καὶ
3491 702 3590 770 τὴν

2032 790 2332 860 ἀντιπέρας
2387 792 2640 861 ἤπειρον,
2694 791 2832 861 πρὸς
2887 792 3155 860 τοσαύτην
3199 792 3269 843 τὰ
3312 790 3592 860 Ῥωμαίων

2034 883 2342 953 συνήλασαν
2391 881 2753 951 στενοχωρίαν
2799 882 3100 951 πράγματα
3154 864 3202 936 oi
3230 883 3293 934 τὸ
3326 881 3592 953 βραχύτα-

2032 991 2125 1026 τον
2159 976 2310 1027 τουτὶ
2344 973 2731 1037 κατοικοῦντες
2790 974 3064 1043 φρούριον
3094 973 3423 1036 Γεννουῗται,
3453 974 3592 1028 ὥστε

2035 1066 2217 1117 πᾶσαν
2245 1066 2513 1135 παράλιον
2546 1065 2882 1134 ὴσφαλίσθαι
2917 1065 3094 1132 πύλην
3117 1068 3227 1129 τοῖς
3256 1066 3590 1131 Βυζαντίοις·

2035 1153 2267 1208 δεδιέναι
2318 1154 2365 1207 δ’
2392 1154 2493 1226 ἤδη
2548 1155 2645 1208 καὶ
2693 1157 2824 1224 περὶ
2865 1155 2969 1224 τῆς
3024 1154 3231 1217 πόλεως
3271 1157 3459 1226 αὐτῆς.
3518 1157 3594 1226 μὴ

2036 1246 2336 1317 δραμόντες
2377 1245 2639 1316 ἐξαίφνης
2674 1246 2846 1316 πυρὸς
2884 1246 2983 1309 τὰς
3022 1246 3195 1310 πύλας
3234 1246 3391 1316 ἔργον
3437 1247 3595 1315 ποιή-

2044 1339 2244 1392 σωνταί
2276 1355 2335 1392 τε
2368 1340 2462 1391 καὶ
2479 1330 2828 1392 εἰσελάσωσιν
2849 1340 3059 1409 ἀσχέτῳ
3094 1339 3317 1411 (hing
3344 1336 3596 1407 κλίμαξιν

2039 1430 2252 1499 ὀλίγαις
2277 1431 2618 1501 χρησάμενοι
2665 1431 2757 1484 διὰ
2799 1430 2908 1485 τῶν
2952 1432 3148 1500 τειχῶν
3201 1430 3594 1500 είσπηδήσωσι.

2039 1520 2131 1574 Διὸ
2179 1520 2410 1589 τάφροις
2445 1519 2688 1591 βαθείαις
2743 1520 3076 1588 διειληφότες
3131 1519 3325 1586 ἔξωθεν
3356 1520 3496 1574 άπαν
3540 1519 3600 1571 τὸ

2041 1613 2179 1681 πρὸς
2216 1611 2419 1683 άρκτον
2458 1612 2834 1682 τετραμμένον
2874 1611 2980 1665 τῶν
3000 1611 3304 1676 Βυζαντίων
3341 1613 3472 1680 πρδς
3502 1610 3602 1664 θά-

2042 1704 2247 1757 λατταν
2276 1708 2453 1774 τεῖχος
2508 1705 2778 1775 Θαλάττης
2811 1701 2898 1775 [Ρ.
2935 1701 3063 1774 649]
3094 1702 3262 1766 αὐτάς
3307 1703 3364 1754 ἐν
3416 1701 3605 1771 βραχεῖ

1970 1844 2013 1867 Ὰ
2042 1796 2316 1867 δεδείχασι
2343 1797 2597 1867 πλήρεις,
2632 1796 2709 1859 ὡς
2735 1796 2939 1850 ἄϐατον
2977 1793 3227 1848 ἐντεῦθεν
3280 1796 3392 1855 τοῖς
3447 1793 3604 1844 πολεο

1971 1848 2018 1917 Β
2045 1848 2657 1959 μίοιςῖίατίνοιςΙέκτοῦ
2680 1848 2864 1957 σχεδὸν
2880 1887 2942 1939 τὸ
2958 1887 3123 1956 μέρος
3144 1887 3320 1939 ἐκεῖνο
3334 1848 3605 1951 γενέσθαι.

2120 1978 2198 2034 Ε¹.
2226 1980 2385 2032 Οὕτω
2440 1981 2541 2049 τῆς
2610 1978 2703 2033 τοῦ
2758 1978 2926 2047 τόμου
2986 1978 3351 2048 προσαγωγῆς
3391 1977 3609 2044 ταχεῖαν

2050 2071 2169 2138 μὲν,
2222 2071 2501 2124 ἀντίθετον
2564 2070 2621 2124 δέ
2675 2073 2742 2143 τῇ
2792 2069 2890 2124 τοῦ
2957 2068 3222 2142 βασιλέως
3267 2069 3610 2122 παντάπασιν

2047 2166 2192 2236 ὁρμῇ
2223 2167 2320 2218 καὶ
2356 2164 2635 2235 προθέσει,
2661 2165 2761 2235 τὴν
2793 2163 3067 2218 ἀντίδοσιν
3095 2166 3123 2217 ὀ
3154 2163 3287 2227 Θεὸς
3319 2165 3610 2235 παρέσχεν,

2050 2257 2157 2311 ὐπὸ
2189 2258 2455 2327 μάρτυσι,
2489 2255 2564 2326 μὴ
2608 2257 2705 2310 νὸτι
2757 2258 2873 2320 τοῖς
2918 2254 3262 2309 θωπεύουσιν
3295 2256 3614 2319 ἐπισκόποις

2054 2346 2289 2409 ἐκείνοις
2315 2349 2411 2400 καὶ
2472 2344 2938 2416 προθεσπίζουσιν
2974 2345 3011 2398 ά
3057 2345 3246 2414 τέρψιν
3306 2335 3616 2415 αὐθημερὸν

2052 2441 2173 2503 ταῖς
2205 2440 2400 2500 ἀκοαῖς
2426 2438 2732 2507 ἐϐλάστησε
2765 2440 2953 2509 μόνην,
3004 2423 3218 2507 καρπὸν
3248 2437 3295 2490 δ’
3321 2437 3508 2490 οὐδένα
3556 2435 3619 2487 τὸ

2059 2533 2325 2604 παράπαν
2358 2532 2683 2604 οὐδαμόθεν,
2734 2532 2817 2584 δτι
2852 2532 2925 2601 μὴ
2956 2530 3024 2582 τὰ
3083 2530 3190 2582 τῶν
3244 2528 3617 2582 ἐπισκοπικῶν

2054 2624 2402 2695 ἐπαγγελιῶν
2439 2623 2665 2678 ἐκείνων
2685 2624 2783 2676 καὶ
2814 2620 3246 2692 προφοιϐασμῶν
3272 2623 3619 2673 παντάπασιν

2057 2716 2426 2774 ἐναντιώτατα
2444 2730 2462 2748 ⁸
2489 2715 2628 2769 ἀλλὰ
2652 2716 2748 2769 καὶ
2774 2715 2907 2768 πᾶσι
2935 2715 3048 2777 τοῖς
3081 2712 3241 2784 πέριξ
3267 2712 3472 2765 ἔθνεσιν
3505 2729 3519 2742 ·
3542 2713 3619 2775 ὡς

2062 2809 2448 2881 μυκτηρισμδν
2476 2808 2574 2862 καὶ
2607 2806 2916 2878 χλευασμὸν
2960 2805 3133 2859 ἅπασι
3179 2803 3499 2875 προκεῖσθαι
3549 2805 3619 2856 τὰ

2058 2902 2182 2957 καθ’
2212 2903 2380 2972 ἡμᾶς,
2415 2900 2508 2955 καὶ
2542 2899 2891 2969 παράστασιν
2923 2897 3170 2960 ἃπαντας
3199 2891 3338 2948 εἶναι
3379 2892 3617 2965 νομίζειν

2059 2995 2555 3065 ἀναμφισϐήτητον
2584 2991 2647 3045 τὸ
2683 2990 2785 3059 τῆς
2813 2989 3091 3052 ἐκϐάσεως
3129 2988 3318 3058 πέρας,
3339 2986 3419 3038 ὅτι
3448 3001 3623 3055 παρα-

2061 3088 2260 3157 νομίας
2292 3085 2389 3140 καὶ
2417 3084 2676 3151 ἀσεϐείας
2701 3083 2745 3137 ’ό
2775 3083 2942 3153 τόμος
2979 3073 3195 3152 μεστός.
3235 3081 3378 3150 Πρὸς
3420 3079 3530 3148 γὰρ
3558 3077 3622 3129 τὸ

2061 3181 2375 3236 τελευταῖον
2433 3177 2604 3232 ἐκϐὰν
2657 3177 2892 3230 ἕκαστον
2922 3173 3031 3228 τῶν
3095 3174 3224 3244 πρὶν
3272 3171 3623 3242 ὑπαρξάντων

2061 3275 2333 3345 κρίνεται.
2365 3271 2493 3335 Τοῖς
2525 3268 2630 3340 μὲν
2660 3268 2770 3344 γὰρ
2796 3266 3140 3328 ἐπισκόποις,
3197 3263 3462 3335 οίομὲνοις
3485 3257 3625 3317 εἶναι

2060 3367 2121 3420 τὸ
2150 3366 2251 3434 τῆς
2279 3363 2655 3435 προσαγωγῆς
2688 3358 2783 3413 καὶ
2806 3357 2899 3412 τοῦ
2931 3355 3226 3418 δυσσεϐοῦς
3252 3355 3457 3409 ἐκείνου
3483 3356 3584 3405 ἀνα
3598 3364 3625 3394 θ’

2063 3458 2332 3526 θήματος,
2369 3452 2463 3507 τοῦ
2491 3451 2659 3521 τόμου
2682 3448 2905 3520 δηλαδὴ,
2938 3448 3039 3518 τῆς
3099 3447 3366 3517 βελτίονος
3410 3444 3625 3515 μοίρας,

2064 3545 2458 3617 προθεσπίζειν
2481 3541 2576 3597 καὶ
2609 3541 3023 3613 προαναφωνεῖν
3042 3538 3197 3610 ἐπῄει
3226 3537 3321 3591 καὶ
3341 3533 3625 3607 κηρύττειν

2064 3637 2166 3699 τὰς
2207 3634 2450 3704 βελτίους
2477 3632 2733 3692 ἐκϐάσεις
2785 3629 2916 3699 περὶ
2964 3628 3063 3695 τῆς
3105 3628 3201 3681 τοῦ
3237 3625 3629 3697 αὐτοκράτορος

2067 3729 2273 3798 ἀρχῆς,
2314 3726 2401 3778 ὅτι
2432 3725 2624 3793 μέχρις
2654 3721 2937 3790 Εὐφράτου
2980 3719 3075 3771 καὶ
3102 3717 3367 3788 Τίγρητος
3422 3715 3633 3767 ἐκτενεῐ

2066 3820 2190 3881 τοὺς
2218 3817 2398 3887 ὅρους.
2439 3814 2595 3867 Ἐπεὶ
2624 3810 2670 3866 δ’
2700 3810 2903 3865 ἀνεκτὰ
2953 3806 3032 3876 τῷ
3088 3807 3208 3875 Θεῴ
3266 3805 3326 3860 τδ
3374 3805 3634 3873 παράπαν

2066 3911 2169 3965 οὐκ
2194 3905 2262 3981 ἦν
2295 3907 2366 3961 τὰ
2395 3908 2497 3977 τῆς
2536 3903 2927 3975 προσενέξεως,
2993 3902 3391 3967 άντέστραπται
3427 3898 3496 3949 τὰ
3526 3895 3634 3949 τῶν

2070 4003 2324 4057 ἐλπίδωνο
2355 4000 2449 4055 καὶ
2474 3996 2591 4052 ἀντ’
2624 3996 2917 4066 Εὐφράτου
2940 3994 3035 4046 καὶ
3063 3992 3355 4079 Τίγρητος,
3405 3988 3514 4041 τῶν
3543 4005 3642 4058 με·-

2068 4096 2271 4164 γίστων
2299 4093 2524 4147 ἐκείνων
2578 4088 2862 4159 ποταμῶν,
2894 4085 3137 4155 τάφρους
3178 4084 3384 4138 ὑδάτων
3413 4080 3637 4149 μεστοὺς

2074 4185 2377 4241 θαλαττίων
2407 4185 2436 4236 ὁ
2466 4181 2722 4254 βασιλεὺς
2776 4174 3236 4245 Καντακουζηνδς
3262 4174 3331 4227 τὰ
3382 4172 3490 4226 τῶν
3538 4170 3639 4225 Βυ-

2073 4277 2310 4342 ζαντίων
2353 4274 2512 4344 τείχη
2565 4269 2936 4343 προσκλύζειν
2956 4264 3201 4337 ἀνώρυξέ
3241 4281 3302 4317 τε
3372 4264 3466 4317 καὶ
3518 4264 3632 4315 ἐτε-

2075 4367 2408 4440 χνούργησε,
2429 4367 2544 4427 τοῖς
2579 4362 2862 4431 πολεμίοις
2885 4360 2943 4427 ἐξ
2960 4357 3193 4428 ἀπορίας
3225 4355 3420 4426 μικρὸν
3440 4354 3643 4406 ἐπιτεί-

395 4467 655 4535 quoniam
685 4465 912 4529 Tomus,
939 4463 1008 4516 ab
1038 4462 1147 4516 illis
1199 4462 1461 4529 scriptus,
1511 4458 1715 4512 malum
1781 4457 1950 4512 fuisse

2076 4478 2251 4532 χισμα
2276 4476 2291 4491 ε
2357 4458 2437 4518 ὡς
2494 4453 2638 4511 εἶναι
2684 4456 2797 4518 τοῖς
2844 4447 3255 4519 συλλογίζεσθαι
3304 4445 3643 4516 βουλομένοις

387 4571 444 4614 et
476 4558 704 4627 impium
733 4572 934 4611 munus
955 4556 1224 4619 oblatum,
1280 4553 1405 4606 ideo
1455 4550 1724 4605 infelicem
1764 4551 1955 4605 exitun

2084 4556 2268 4627 ῥᾴδιον
2295 4553 2390 4606 καὶ
2415 4551 2584 4618 σαφὲς
2620 4549 2684 4603 τὸ
2732 4545 3148 4618 συμπέρασμα⁹
3186 4541 3268 4593 ὃτι
3326 4539 3490 4592 κακὸν
3536 4535 3643 4604 ἄρα

390 4639 763 4704 consecutum
781 4663 903 4703 esse
929 4665 944 4714 ;
999 4662 1124 4700 eum
1158 4643 1434 4708 videlicet,
1462 4645 1561 4712 qui
1591 4642 1825 4696 maxime
1853 4657 1985 4696 con-

2084 4648 2176 4699 καὶ
2198 4643 2463 4707 δυσσεϐὲς
2493 4641 2555 4694 τδ
2583 4642 2686 4711 τῆς
2707 4634 3088 4709 τομογραφίας
3123 4632 3350 4686 ἐκείνων
3391 4627 3643 4696 ἀνάθημα

395 4741 621 4803 trarius,
653 4748 927 4795 eteorum
962 4734 1419 4807 praedictionibus
1454 4748 1621 4802 quam
1664 4732 1955 4801 longissim;

2081 4736 2142 4791 ὃν
2180 4732 2689 4805 κακοδαιμονούσης
2723 4728 2883 4799 έτυχε
2938 4725 3036 4780 καὶ
3066 4725 3193 4793 ’τῆς
3224 4722 3520 4779 ἐκϐάσεως,
3554 4719 3645 4770 καὶ

395 4833 659 4888 distantia
685 4832 973 4901 iuterjecta
1015 4828 1322 4899 oppositus,
1362 4825 1573 4897 1033
1608 4826 1839 4881 exitium
1872 4824 1984 4880 Ro-

401 4926 579 4981 manis
612 4924 912 4978 attulisset.

471 5111 564 5169 Vl.
593 5108 867 5166 Caeterum
896 5117 952 5164 et
983 5108 1115 5164 hinc
1146 5123 1392 5179 quoque,
1430 5107 1474 5164 si
1511 5116 1758 5178 tempora
1793 5103 1986 5160 confe—

2061 4829 2230 4883 ,πάνυ
2285 4844 2370 4880 τοι
2430 4824 2640 4894 σφόδρα
2688 4817 3111 4882 ἐναντιωτάτης,
3186 4815 3296 4867 κάκ
3359 4812 3643 4880 διαμέτρου

2082 4922 2201 4983 ταῖς
2233 4919 2386 4987 σφῶν
2418 4916 2761 4987 προρρήσεσι
2792 4912 2892 4979 τὴν
2927 4908 3036 4962 τῶν
3077 4905 3369 4976 Ῥωμαίων
3414 4904 3644 4968 ἐνεγκιο
3691 4899 3697 4904 ’

2086 5011 2257 5082 μένης
2290 5007 2598 5061 ἀπώλειαν.

2155 5101 2246 5170 (τ.
2294 5101 2517 5167 Ἔξεστι
2575 5096 2675 5167 μὲν
2713 5093 2809 5149 οὖν
2864 5088 3136 5149 ἐντεῦθεν,
3185 5082 3650 5156 παρεξετὰζοντας

407 5213 600 5258 tantur
625 5209 681 5255 et
711 5201 857 5256 inter
896 5216 955 5256 se
984 5212 1407 5270 componantur,
1459 5215 1645 5254 rerum
1693 5197 1955 5251 hodierna

2087 5198 2187 5252 καὶ
2210 5192 2637 5264 παρατιθέντας,
2658 5188 2759 5256 τὴν
2787 5183 2894 5238 τῶν
2937 5181 3221 5248 παρόντων
3246 5177 3377 5270 ὁριξν
3412 5172 3553 5270 ’πρὸς⁵
3585 5172 3653 5222 τὶ

409 5311 533 5350 rum
570 5308 696 5350 cum
738 5294 807 5347 iis
841 5309 963 5363 qua:
1018 5294 1151 5347 olim
1206 5303 1372 5362 gesta:
1422 5301 1555 5347 sunt
1605 5287 1952 5358 cognatione:

2091 5288 2263 5340 πάλαι
2295 5262 2645 5352 συγγένειαν.
2678 5276 2848 5339 Σάλος
2875 5273 2982 5345 γὰρ
3009 5270 3131 5363 (58),
3150 5270 3244 5322 καὶ
3275 5266 3395 5363 -νῦν
3424 5262 3651 5363 κατέσχε

410 5388 727 5456 perspicere
765 5392 870 5441 est.
907 5386 1120 5454 Quippe
1175 5384 1405 5439 ethisce
1437 5380 1782 5450 temporibus
1806 5376 1992 5447 quoli-

2091 5379 2189 5447 τὴν
2218 5377 2327 5429 τῶν
2362 5370 2676 5442 ἐκκλησιῶν
2695 5365 3014 5438 ἀκρόπολιν,
3057 5359 3351 5416 θαλασσίου
3393 5354 3654 5447 κλυδωνος

410 5475 505 5528 b-t
531 5476 698 5529 maris
747 5484 881 5529 :rstu
947 5474 1241 5528 violentior
1298 5471 1523 5542 agitatio
1565 5476 1745 5524 arcem
1790 5467 1955 5522 invasi

2104 5443 2306 5530 παντὸς
2336 5465 2700 5535 ἀγριώτερος.
2733 5460 2815 5513 Τὰ
2852 5457 3106 5524 Πατέρων
3139 5451 3267 5523 ὃριά
3301 5466 3382 5542 τεῇ
3400 5445 3495 5502 καὶ
3537 5443 3656 5542 δόγῖ

413 5568 798 5624 ecclesiarum.
833 5568 1077 5623 Termini
1108 5565 1399 5624 constituti
1422 5573 1478 5619 et
1507 5560 1707 5617 tradita
1761 5575 1786 5612 a
1821 5559 1955 5613 Patri

2105 5575 2251 5628 ματα
2280 5528 2728 5610 κατασέσεισται.
2762 5548 2885 5605 Τῶν
2915 5547 3192 5619 ἀρχόντων
3246 5543 3275 5597 ὁ
3319 5538 3485 5609 τῦφος
3524 5528 3659 5606 μετὰ

1762 5700 2117 5769 ,νει-ἰονυω
2148 5702 2341 5759 notae.

492 5830 605 5901 (58)
644 5831 816 5889 Verba
864 5830 1037 5889 sancti
1084 5831 1296 5907 Qasilii,
1325 5837 1387 5883 ut
1413 5843 1579 5898 supra
1618 5841 1733 5897 rap.
1763 5826 1815 5892 lt,
1849 5820 1955 5879 sccl

2051 5821 2081 5889 ι,
2116 5836 2268 5875 num.
2309 5821 2360 5875 l.
2395 5817 2611 5872 Batvttt.
