4002 6456
2136 230 2233 244 ο·⁶φ

284 371 417 437 iam
738 368 812 442 [Α.
856 387 904 428 c;
947 373 1111 450 1551]
1255 373 1693 438 nmmum
1728 377 1868 438 Hls’.

1969 378 2107 438 pug
2147 380 2292 452 mu.
2332 383 2486 446 XXI.
2630 384 2763 456 [IIIP.
2805 398 2846 438 ι.
2889 395 3181 437 ets-nun.
3225 382 3282 454 5]
3394 385 3528 461 1310

274 479 379 549 τῆς
410 478 646 575 άᾼμαθίας
707 481 971 550 ταράττει
999 483 1155 554 δίκην
1178 483 1408 575 θυέλλης
1439 483 1680 542 ἅπαντα,
1714 482 1850 552 πρὸς

1969 486 2063 543 bus
2084 487 2337 559 dogmata
2370 492 2789 549 labefactantur.
2822 494 3016 550 Omnia
3049 496 3299 563 procella:
3356 495 3530 549 instar

280 568 587 639 ὑπερϐολὰς
621 572 719 624 καὶ
747 572 1015 643 ἐλλείψεις
1037 575 1109 629 τὰ
1138 574 1240 645 τῆς
1294 568 1578 637 εὐσεϐείας
1604 591 1854 645 παρασο-

1969 582 2244 637 :onturbat
2270 585 2492 653 junctus
2518 602 2642 641 cum
2664 586 2967 656 ignorantia
3000 586 3171 640 fastus
3194 586 3527 655 principum,

282 662 489 728 ρόντων
514 663 784 732 δόγματα.
818 665 947 730 Τοῖς
989 667 1088 736 μὲν
1130 667 1241 720 τῶν
1288 665 1701 735 ἀνθισταμένων
1746 668 1857 736 χεῖ-

1969 672 2045 743 |ui
2096 685 2152 729 et
2197 676 2473 744 superﬂua
2517 679 2790 742 addendo;
2818 687 2875 733 et
2931 676 3280 731 detrahendo
3333 692 3529 731 neces-

283 765 378 818 ρες
408 751 703 819 ἐπάγονται
752 757 971 824 φονικαί
995 771 1012 789 ⁶
1043 757 1171 819 τοὺς
1203 757 1248 811 δ’
1273 758 1477 828 ὲεορίαι
1500 759 1594 810 καὶ
1625 757 1856 826 διωγμοὶ

1969 764 2121 829 iaria,
2168 765 2473 822 doctrinam
2505 768 2629 824 ﬁdei
2654 779 2999 839 pervertunt.
3033 769 3089 823 Si
3124 769 3215 836 qui
3242 767 3527 829 resistunt.

282 845 527 896 παντοῖοι
558 846 911 915 μερίζονται·
932 849 1060 910 τοὺς
1098 849 1144 902 δ’
1173 849 1391 920 εἱρκταὶ
1443 847 1852 918 συγκρύπτουσι

1969 871 2144 911 eorum
2165 858 2284 912 aliis
2315 873 2510 915 manus
2555 860 2870 915 inferuntur
2928 859 3330 930 sanguinariae;
3394 858 3551 912 alios.

282 938 1005 1009 καταχθόνιοι,αὒτοσχέδιοι
1037 942 1150 1002 τοῖς
1182 941 1263 994 ἔτι
1290 941 1424 1022 ζῶσι
1459 939 1729 1010 ὁρώμενοι
1756 939 1856 991 τά·

1969 945 2146 999 exsilia
2180 948 2433 1004 etomnis
2458 949 2679 1018 generis
2714 952 3127 1019 persecutiones
3155 948 3530 1022 dispertiunt:

281 1046 394 1097 φοι.
414 1029 769 1098 (θεολογοῦσιν
794 1033 964 1094 ἀδεῶς
992 1035 1042 1086 οἱ
1075 1033 1352 1101 βάναυσοι,
1380 1033 1586 1103 ἀγορὰς
1604 1036 1695 1083 καὶ
1725 1031 1849 1084 θέαι

1969 1031 2099 1084 alios
2149 1033 2388 1103 denique
2446 1051 2637 1090 carcer
2686 1037 3083 1092 subterraneus
3134 1037 3335 1105 operit,
3383 1021 3534 1088 velut

284 1137 388 1191 τρα
424 1123 603 1178 πάντα
644 1126 903 1178 τοιούτων
936 1123 1025 1197 [Ρ.
1059 1124 1184 1195 650]
1225 1125 1845 1194 gowvrbv,épmnlc7w:s;.

1969 1120 2210 1174 tumulus
2236 1122 2459 1191 quidam
2496 1124 2828 1192 subitarius,
2855 1124 3178 1179 hominibus
3227 1123 3411 1177 adhuc
3445 1121 3532 1175 vi-

286 1214 552 1282 Ποιμένες
583 1214 899 1267 ἐλαύνονται
929 1230 940 1242 ·
980 1215 1165 1285 βαρεῖς
1192 1215 1239 1267 δ’
1262 1214 1673 1281 ἀντεισάγονται
1702 1210 1859 1264 λύκοι

1969 1210 2050 1265 vis
2080 1223 2322 1281 paratus.
2353 1212 2511 1281 Fabri
2545 1217 2799 1273 vilissimi
2827 1216 2898 1272 de
2925 1218 3088 1271 rebus
3114 1215 3317 1269 divinis
3347 1213 3536 1283 dispu-

285 1306 427 1358 κατὰ
458 1305 569 1358 τῶν
600 1306 890 1375 ποιμνίων.
924 1307 1208 1376 Θεοτήτων
1269 1305 1543 1358 ἀκτίστων
1574 1307 1601 1356 ὸ
1629 1300 1861 1372 ἀριθμὸς

1969 1311 2076 1357 Laut
2138 1309 2387 1374 impune,
2463 1306 2578 1362 fora
2639 1309 2965 1379 theatraque
3037 1308 3219 1362 omnia
3264 1304 3535 1375 ejusmodi

285 1398 368 1459 είς
398 1398 627 1468 ἄπειρον
658 1398 959 1451 ἐκτείνεται
987 1397 1214 1466 πλῆθος.
1266 1395 1526 1449 Λαλετται
1560 1393 1621 1446 τὸ
1666 1392 1862 1461 ψεῦδος

286 1487 544 1557 ἀφόϐωςο
603 1488 900 1559 ήάλήθεια
954 1487 1419 1556 συγκαλύπτεται.
1470 1484 1864 1539 Διαϐάλλουσιν

286 1578 437 1646 ἡμᾶς
467 1576 555 1647 ἐφ’
585 1572 668 1642 οἷς
695 1578 848 1633 αὐτοί
873 1595 937 1648 γε
965 1580 1242 1651 ἐνέχονται
1291 1579 1625 1650 ἐγκλήμασι.
1658 1574 1864 1646 Θεσμοὶ

295 1669 566 1740 Πατέρων-
582 1671 949 1740 πεπάτηνται,

1956 1399 2306 1452 sermonibus
2339 1399 2651 1469 implentes.
2680 1401 2936 1456 Pastores
2973 1399 3345 1470 expelluntur.
3395 1395 3535 1471 Lupi

1956 1486 2210 1544 crudeles
2237 1488 2294 1544 in
2320 1505 2519 1547 eorum
2554 1493 2735 1548 locum
2770 1493 3036 1549 adversus
3059 1506 3254 1563 greges
3285 1490 3538 1545 introdu-

1958 1588 2181 1636 cuntur.
2208 1582 2562 1640 Divinitatum
2593 1585 2958 1643 increatarum
2983 1599 3251 1640 numerus
3308 1584 3362 1638 in
3414 1581 3539 1636 intl-

1958 1671 2137 1726 nitum
2160 1675 2500 1732 extenditur.
2548 1677 2845 1732 Mentiendi
2873 1676 3062 1732 nullus
3093 1684 3304 1731 metus.
3372 1673 3538 1729 Veri-

287 1772 370 1817 tas
399 1761 699 1819 involucris
730 1764 952 1834 tegitur.
986 1762 1232 1831 Quorum
1297 1761 1595 1821 criminum
1615 1758 1697 1814 rei
1757 1757 1859 1828 ipsi
1899 1770 2048 1828 sunt,
2076 1778 2141 1818 ea
2172 1763 2227 1819 in
2247 1779 2348 1821 nos
2374 1781 2474 1837 per
2494 1766 2823 1824 calumniam
2889 1765 3249 1822 transferunt.
3314 1764 3537 1820 Patrum
3604 1756 3609 1761 ⁷

287 1855 607 1926 praescripta
641 1855 875 1925 pedibus
897 1865 1279 1926 proteruntur.

357 1946 434 1999 Z’.
465 1918 573 1997 καὶ
600 1918 658 1998 τί
689 1945 770 1998 δεῖ
803 1918 925 1999 καθ-⁵
973 1947 1181 2000 ἕκαστα
1231 1946 1413 1999 πάντα
1448 1918 1707 2009 διεξιέναι
1759 1940 1854 2010 ζη·

2028 1944 2140 2002 Vll.
2174 1945 2244 2004 Et
2294 1948 2427 2020 quid
2455 1964 2679 2037 necesse
2726 1955 2813 2006 est
2857 1947 2998 2004 velle
3049 1948 3236 2003 omnia
3282 1939 3539 2019 persequi

288 2041 427 2102 τείν,
451 2038 574 2105 ἐξὸν
607 2038 734 2102 τοὺς
770 2039 1247 2106 ἀναγινώσκοντας
1317 2035 1694 2107 παραϐάλλειν
1746 2033 1864 2097 τοῖς

291 2129 606 2201 πράγμασι,
632 2130 728 2183 καὶ
756 2130 1014 2197 συνάγειν
1048 2131 1115 2182 ὲκ
1176 2128 1539 2203 παραθέσεως
1601 2125 1703 2194 τὴν
1751 2124 1863 2177 τῶν

292 2221 463 2275 πάλαι
493 2221 650 2291 πρὸς·
678 2221 747 2275 τὰ
792 2219 889 2274 νῦν
951 2220 1289 2291 ὁμοιότητα*
1349 2218 1517 2288 φαίην
1570 2218 1616 2270 δ’
1666 2216 1734 2271 ἂν
1770 2214 1866 2269 καὶ

296 2300 468 2382 μείζω
496 2312 594 2382 τὴν
618 2311 715 2365 νῦν
755 2312 1036 2383 εὑρίσκειν
1072 2313 1295 2379 κακίαν,
1340 2311 1373 2383 ἦ
1406 2291 1549 2364 κατὰ
1576 2311 1673 2374 τὰς
1698 2308 1866 2378 θρυλ-

291 2404 560 2474 λουμένας
586 2405 697 2459 τῶν
720 2405 891 2459 πάλαι
916 2421 932 2437 ο
969 2405 1211 2475 παρόσον
1252 2405 1349 2475 τῆς
1396 2403 1520 2456 τότε
1578 2394 1866 2471 Ῥωμαίων

294 2495 471 2566 ἀρχῆς
528 2494 834 2567 εὐρυτέρας
873 2494 1043 2564 οῦσης
1084 2498 1143 2549 ἐν
1189 2497 1407 2566 ἠπείρῳ
1449 2495 1544 2547 καὶ
1599 2493 1866 2563 θαλάσσῃ,

292 2588 391 2641 καὶ
423 2588 607 2655 σοφῶν
634 2587 846 2658 ἀνδρῶν
870 2588 1121 2659 πανταχῆ
1158 2589 1256 2659 τῆς
1313 2585 1643 2656 οἰκουμένης
1681 2586 1868 2654 ἀκμα-

294 2679 518 2745 ζόντων.
552 2680 648 2733 καὶ
701 2680 919 2736 πάντων
957 2681 1057 2751 μὲν
1093 2679 1451 2751 πατριαρχῶν
1515 2679 1724 2750 σχεδὸν,
1773 2678 1869 2731 καὶ

295 2769 615 2823 ἐπισκόπων
668 2770 779 2824 τῶν
830 2771 1122 2839 πλείστων,
1195 2771 1427 2841 ἐχόντων
1485 2770 1625 2839 μετὰ
1679 2768 1869 2837 σοφίας

296 2861 563 2930 ἀνάλογον
588 2862 680 2917 καὶ
707 2862 808 2934 τὴν
843 2864 902 2916 ὲν
938 2863 1171 2934 δόγμασι
1203 2856 1422 2932 πεῖραν,
1448 2861 1524 2923 ὡς
1571 2860 1717 2930 ἔχειν
1742 2863 1870 2923 τοὺς

292 2953 663 3024 διωκομένους
685 2955 949 3009 πλατεῖαν
978 2954 1079 3025 τὴν
1105 2955 1312 3026 χώρανς
1360 2955 1426 3007 ἐκ
1459 2953 1621 3022 τῆσδε
1652 2953 1752 3022 τῆς
1778 2949 1873 3005 πό-

292 3045 432 3108 λεως
472 3044 698 3115 φεύγειν
736 3046 817 3109 είς
846 3045 945 3116 τὴν
972 3046 1188 3116 ἑτέραν,
1218 3045 1481 3115 κᾴκεῖθεν
1540 3045 1622 3108 είς
1673 3044 1865 3112 ἄλλην,

295 3137 391 3190 καὶ
438 3136 594 3199 αὖθις
613 3137 827 3190 ἐκεῖθεν
871 3137 1160 3190 ἐντεῦθεν·
1197 3136 1289 3189 καὶ
1342 3132 1599 3188 δύνασθαι
1646 3134 1739 3188 τοῦ
1771 3138 1871 3202 μὲν

292 3228 414 3291 ἰνὸς
460 3226 861 3290 κινδυνεύοντος
890 3228 1116 3297 μέρους,
1140 3225 1250 3279 τῶν
1276 3226 1321 3278 δ’
1366 3226 1544 3280 ἄλλων
1595 3225 1865 3293 ὑγιαινόν-

293 3336 403 3373 των
433 3317 514 3372 ἔτι
554 3320 650 3371 καὶ
705 3317 1141 3388 ἀνθισταμένων,
1204 3316 1522 3391 ¹ἐγείρεσθαι
1556 3317 1615 3371 τὸ
1651 3332 1869 3368 πεπτω·
1902 3316 1923 3341 ’⁸

294 3413 413 3474 κός.
451 3409 568 3464 Νῦν
601 3409 646 3463 δ’
680 3414 739 3463 ἐν
774 3412 920 3480 μρνῳ
944 3410 1022 3480 τῷ
1052 3410 1339 3480 Βυζαντίῳ
1367 3410 1559 3480 σχεδὸν
1581 3408 1682 3477 τῆς
1714 3406 1866 3472 ἐξου-

292 3505 415 3568 σίας
450 3503 853 3573 καθισταμένης
877 3502 1118 3569 άπάσττς,
1140 3501 1556 3574 πατριαρχικῶν
1588 3501 1634 3555 δ’
1663 3500 1867 3567 ἐκκλη-

292 3596 427 3648 σιῶν
460 3597 555 3649 καὶ
596 3595 998 3662 ἑπισκοπικῶν,
1024 3596 1207 3663 ὀλίγον
1234 3597 1338 3650 δέω
1371 3595 1555 3663 λέγειν
1611 3593 1863 3658 ἁπασῶν,

291 3689 604 3757 γενομένων
643 3688 736 3756 ὑφ’
760 3688 991 3767 ἡγεμόσι
1053 3688 1375 3759 βαρϐάροις,
1420 3688 1516 3740 καὶ
1545 3686 1634 3740 διὰ
1689 3684 1866 3737 ταῦτα

290 3781 398 3834 τῶν
419 3781 727 3834 διωκόντων
752 3782 889 3850 ὁμοῦ
924 3781 1018 3834 καὶ
1048 3781 1418 3851 διωκομένων,
1448 3778 1647 3831 ταυτὸν
1691 3777 1738 3830 δ’
1789 3775 1866 3828 εί-

291 3876 414 3924 πείν
438 3872 619 3926 λύκων
648 3871 786 3938 ὁμοῦ
813 3870 908 3922 κα)⁹
931 3869 1155 3938 ἀρνίων,
1182 3872 1239 3922 ὲν
1272 3868 1481 3940 μάνδρᾳ
1515 3867 1636 3937 μιᾷ,
1665 3864 1741 3933 τῷ
1761 3865 1865 3917 Βυ-

286 3965 494 4034 ζαντίῳ
526 3966 693 4034 φημὶ,
721 3961 1212 4032 συγκλεισθέντων,
1247 3961 1386 4029 μετὰ
1422 3958 1624 4026 πολλῆς
1679 3956 1864 4017 ἁδείας

289 4060 354 4112 τὸ
375 4057 469 4111 τοῦ
497 4055 738 4125 Χριστοῦ
773 4054 1084 4108 δαπανᾶται
1132 4051 1412 4120 ποίμνιον,
1466 4046 1697 4120 μηδενὸς
1758 4064 1863 4117 μη-

290 4150 439 4222 δαμῆ
500 4149 776 4219 μηδεμίαν
822 4144 1152 4213 καταφυγὴν
1210 4141 1429 4212 ἀσφαλῆ
1498 4139 1860 4221 κεκτημένου,

293 4241 421 4313 μηδ’
451 4244 509 4294 ὲν
529 4241 671 4311 ψυχῇ
694 4238 885 4292 λαϐεῖν
914 4236 1162 4290 ὁπωσοῦν
1203 4235 1503 4306 δυναμένου
1533 4234 1595 4286 τὸ
1649 4230 1865 4288 εῦελπι,

292 4337 404 4391 Καὶ
450 4333 663 4402 γίνεται
694 4331 753 4384 τὸ
783 4331 1021 4401 πρᾶγμα
1056 4325 1237 4398 πολλῷ
1297 4325 1603 4396 βιαιότερον
1650 4323 1770 4389 νῦν,
1825 4322 1858 4393 ἢ

290 4427 433 4480 κατὰ
499 4425 591 4477 τὸν
643 4420 949 4476 Αἰσώπειον
1011 4419 1182 4489 μῦθον
1239 4418 1465 4479 ἐκεῖνον,
1517 4409 1561 4484 ᾧ
1609 4415 1701 4467 ἐπὶ
1735 4430 1860 4467 και-

290 4512 388 4584 ροῦ
431 4510 715 4572 Βασίλειος
776 4511 805 4562 ὁ
869 4508 1073 4587 μέγας⁸
1114 4508 1386 4578 ἐχρήσατο
1452 4505 1858 4576 παραδείγματι

288 4604 426 4675 πρὸς
464 4598 838 4674 ³παράστασιν
897 4600 999 4672 τῆς
1059 4600 1355 4679 θηριωδίας
1413 4600 1520 4654 τῶν
1556 4600 1677 4653 τότε
1727 4600 1855 4654 διω-
1896 4612 1946 4671 ι)

289 4713 458 4753 κτων.

363 4787 447 4845 n'.
481 4788 642 4845 Ἐπεὶ
672 4788 851 4843 δὲκαὶ
903 4773 1007 4860 τῆς
1072 4787 1140 4842 δι’
1190 4785 1417 4855 ὀνείρων
1468 4783 1870 4853 ὴναγκάσμεθά

290 4899 411 4944 πως
438 4884 709 4953 μαντικῆς
745 4879 840 4934 ὑπ’
901 4879 1083 4935 αὐτῶν
1111 4880 1199 4933 διὰ
1237 4880 1461 4948 μνήμης
1522 4878 1696 4930 ἐλθεῖν
1730 4877 1867 4948 ('59),

288 4975 359 5030 δι’
390 4970 466 5029 ὦν
507 4977 587 5038 είς
613 4976 685 5028 τά
721 4973 961 5046 μάλιστα
1013 4974 1114 5043 τῆς
1177 4972 1271 5025 τοῦ
1320 4973 1584 5041 βασιλέως
1642 4968 1869 5038 γνώμης

289 5069 393 5138 τὴν
425 5068 679 5122 εὐκολίαν
709 5066 1012 5136 ἐξέπληξαν
1035 5082 1096 5119 τε
1133 5065 1334 5135 ῥᾳδίως
1365 5062 1462 5115 καὶ
1496 5062 1866 5131 ὑπηγάγοντο,

292 5162 428 5232 φέρε
491 5145 587 5213 καὶ
642 5159 1027 5228 περὶ-τούτων
1072 5157 1277 5223 μέτρια
1323 5155 1595 5224 λέξωμεν,
1646 5155 1739 5206 καὶ
1769 5153 1870 5207 ὅσα

291 5231 444 5317 παρὰ
476 5247 572 5298 τοῦ
601 5231 958 5316 προτεθέντος
1005 5233 1208 5311 ἀρτίως
1256 5242 1388 5310 ἡμῖν
1448 5243 1529 5302 εἰς
1560 5241 1871 5309 ἀρχέτυπον

292 5338 627 5409 ἀφηγήσεως
653 5333 940 5388 Βασιλείου
967 5332 1063 5387 τοῦ
1116 5332 1264 5386 θείου
1296 5330 1655 5402 ἐρανίσασθαι
1702 5331 1868 5401 δυνη-

291 5429 521 5499 θείημεν
549 5429 806 5492 άν.’Τοὺς
834 5427 944 5497 γὰρ
973 5427 1168 5489 ἄλλους
1204 5424 1291 5478 διὰ
1335 5421 1631 5503 συντομίαν
1687 5425 1869 5494 παρή-

1965 2037 2265 2108 sigillatim,
2298 2055 2423 2110 qua:
2465 2040 2561 2110 qui
2583 2041 2770 2112 legunt
2813 2040 2977 2096 facile
3000 2041 3103 2110 ipsi
3139 2047 3370 2109 possunt
3408 2054 3535 2094 cum

1966 2128 2131 2184 rebus
2160 2129 2434 2197 conferre,
2478 2141 2537 2186 ut
2564 2132 2869 2201 priscarum
2907 2146 3031 2185 cum
3073 2130 3359 2185 hodiernis
3383 2131 3577 2185 simi-1

1965 2219 2140 2276 litudo
2176 2238 2243 2277 ex
2272 2223 2686 2292 comparatione
2710 2223 3044 2293 colligatur:
3081 2222 3213 2281 imo.
3245 2223 3425 2277 ausim
3457 2223 3543 2276 di-

1967 2326 2114 2378 cere,
2144 2321 2206 2367 ut
2236 2315 2410 2383 majus
2435 2313 2599 2369 hodie
2629 2314 2833 2369 malum
2861 2316 3099 2382 grassari
3144 2314 3539 2383 comperiatur,

1967 2421 2130 2475 quam
2158 2406 2361 2462 fuerint
2384 2419 2569 2463 vetera
2604 2417 2679 2475 ej.
2707 2409 3029 2479 pervulgata
3081 2406 3169 2462 illa
3199 2423 3215 2463 :
3250 2416 3541 2476 propterea

1968 2497 2116 2567 quod
2176 2497 2245 2551 iis
2301 2497 2669 2568 temporibus,
2727 2513 2852 2553 cum
2892 2497 3199 2551 Romanum
3251 2493 3539 2562 imperium

1973 2596 2114 2642 terra
2138 2598 2193 2642 et
2223 2589 2362 2643 mari
2388 2588 2965 2658 latiuszporrigeretur,
2992 2587 3266 2656 etubique
3294 2586 3540 2655 gentium

1970 2678 2074 2733 viri
2105 2679 2269 2735 docti-
2299 2679 2587 2746 ﬂorerent,
2616 2680 2945 2749 patriarchae
2974 2690 3156 2733 autem
3189 2677 3303 2732 fere
3327 2688 3540 2734 omnes.

1968 2781 2027 2827 et
2054 2773 2298 2844 episcopi
2337 2773 2609 2842 plerique.
2663 2771 2878 2843 1034
2917 2770 3233 2826 eruditione
3275 2770 3428 2837 juxta
3475 2782 3544 2822 ac

1971 2864 2286 2935 dogmatum
2334 2878 2438 2918 usu
2490 2871 2837 2929 praestarent,
2882 2862 3142 2931 patebant
3194 2859 3539 2931 fugientibus

1972 2971 2164 3025 magna
2202 2942 2451 3010 locorum
2485 2955 2681 3025 spatia,
2703 2963 2764 3007 ut
2791 2953 2931 3024 pulsi
2981 2953 3085 3007 hac
3118 2952 3254 3006 urbe
3294 2952 3350 3006 in
3377 2950 3542 3004 aliam

1971 3046 2242 3116 fugerent,
2280 3055 2336 3100 et
2362 3046 2489 3100 inde
2519 3047 2573 3098 iu
2603 3045 2791 3107 aliam,
2824 3055 2879 3098 et
2914 3056 3108 3096 rursus
3134 3041 3260 3094 inde
3310 3040 3547 3094 aliover-

1972 3154 2092 3194 sum
2126 3155 2140 3192 :
2175 3140 2446 3206 adeoque,
2504 3137 2551 3190 si
2586 3151 2716 3205 pars
2748 3150 2857 3189 una
2894 3133 3195 3197 laboraret,
3256 3131 3378 3184 alia:
3412 3144 3544 3183 vero

1972 3231 2157 3284 adhuc
2178 3230 2428 3284 valerent
2457 3243 2522 3283 ac
2550 3229 2890 3290 resisterent,
2924 3232 3109 3294 posset
3134 3221 3272 3292 erigi
3307 3222 3359 3274 id
3395 3219 3545 3289 quod

1970 3321 2284 3377 cecidisset.
2317 3320 2429 3374 Hoc
2465 3306 2648 3374 autem
2689 3318 2958 3389 tempore,
3021 3330 3146 3369 cum
3204 3310 3551 3379 munitiet-0

1966 3412 2309 3483 principatus
2331 3412 2386 3465 in
2416 3412 2535 3467 solo
2563 3410 2823 3481 Byzantio
2839 3408 3118 3472 consistit,
3163 3420 3288 3461 cum
3317 3406 3548 3476 patriar-

1966 3505 2154 3560 chales
2181 3504 2463 3570 ecclesiae,
2486 3513 2541 3558 et
2562 3501 2905 3573 episcopales
2953 3514 3092 3570 pene
3126 3497 3358 3552 dixerim
3420 3496 3550 3550 uui-

1970 3611 2166 3661 versaz,
2218 3595 2563 3665 principibus
2613 3592 2865 3649 barbaris
2935 3590 3347 3661 subjiciuntur;
3385 3596 3552 3656 atque

1967 3687 2176 3743 idcirco
2199 3695 2583 3755 persecutores
2611 3683 2777 3739 simul
2810 3692 2867 3738 et
2898 3682 2936 3737 ii
2969 3681 3061 3751 qui
3092 3679 3540 3750 persecutionem

1966 3780 2270 3852 patiuntur,
2299 3792 2420 3840 seu,
2442 3776 2591 3846 quod
2636 3778 2779 3830 idem
2814 3784 2918 3837 est,
2973 3771 3099 3842 lupi
3150 3771 3465 3842 promiscue
3495 3776 3555 3824 et

1967 3871 2096 3941 agni
2130 3871 2183 3924 in
2211 3868 2406 3925 eodem
2433 3868 2590 3932 ovili,
2632 3866 2896 3938 Byzantio
2933 3865 3093 3930 urbe,
3152 3861 3509 3917 includuntur
3532 3899 3549 3924 ,

1964 3966 2070 4020 huc
2094 3965 2316 4035 inquam
2352 3972 2596 4031 tempore
2615 3976 2748 4016 oves
2771 3959 2976 4015 Christi
3008 3973 3204 4028 magna
3231 3971 3354 4011 cum
3374 3955 3553 4008 lieen-

1969 4060 2042 4115 tia
2077 4056 2496 4128 disperduutur,
2534 4056 2664 4125 quia
2705 4054 2859 4109 nulla
2893 4061 3069 4107 tutum
3100 4065 3333 4119 usquam
3359 4049 3553 4118 perfu-

1962 4150 2112 4219 gium
2144 4148 2332 4212 habet,
2375 4162 2476 4202 nec
2499 4162 2652 4216 spem
2680 4148 2874 4199 bonam
2911 4142 3208 4212 concipere
3247 4141 3357 4194 ullo
3390 4138 3553 4192 modo

1965 4250 2163 4312 potest.
2192 4242 2268 4293 lta
2306 4240 2386 4303 tit,
2421 4249 2479 4293 ut
2505 4237 2770 4292 violentia
2795 4236 2967 4291 multo
3014 4250 3171 4295 nunc,
3228 4233 3405 4303 major
3452 4245 3552 4286 sar-

1962 4308 2097 4395 viat,
2124 4347 2289 4403 quam
2323 4340 2383 4385 ut
2407 4340 2662 4385 narratur
2710 4330 2766 4384 in
2797 4328 2888 4383 illa
2932 4326 3127 4397 Αἰδορὶ
3178 4325 3387 4387 fabula,
3436 4308 3563 4393 qua

1963 4441 2193 4494 magnus
2217 4423 2451 4478 Basilius
2478 4422 2532 4475 in
2570 4431 2817 4493 tempore
2846 4436 2980 4475 usus
3013 4428 3121 4478 est,
3155 4426 3213 4471 ut
3257 4417 3552 4470 immanem

1962 4521 2383 4583 persecutorqu
2418 4510 2685 4566 sazvitiam
2716 4525 2784 4565 eo
2812 4508 3064 4579 exemplo
3087 4507 3417 4562 declararet.

2614 4618 2638 4648 Ι

2047 4774 2186 4831 VIII.
2215 4774 2483 4841 Quoniam
2518 4788 2652 4829 vero
2674 4772 2794 4843 ejus
2829 4770 3004 4843 ipsius
3035 4786 3197 4842 quam
3228 4769 3433 4824 habent
3455 4783 3556 4839 per
3659 4826 3669 4836 ,

1974 4868 2187 4922 somnia
2213 4868 2498 4923 divinandi
2532 4867 2815 4922 facultatis
2860 4867 3196 4920 mentionem
3233 4864 3418 4919 facere
3453 4880 3550 4917 co-

1973 4962 2079 5017 acti
2117 4962 2185 5015 ab
2212 4961 2550 5026 illissumus,
2576 4975 2683 5029 qua
2742 4958 3087 5029 potissimum
3150 4972 3211 5012 re
3265 4955 3549 5012 credulam

1975 5053 2329 5125 imperatoris
2358 5062 2596 5106 mentem
2633 5049 2798 5105 facile
2848 5048 3228 5118 perculerunt,
3294 5062 3360 5103 ac
3396 5045 3551 5101 velut

1974 5149 2238 5203 domitam
2263 5146 2737 5216 subegerunt,age
2768 5141 2837 5197 de
2861 5142 2945 5197 bis
2991 5141 3157 5196 etiam
3186 5155 3355 5209 pauca
3387 5154 3419 5192 a
3452 5154 3551 5192 no-

1976 5241 2058 5295 luis
2101 5239 2395 5302 dicantur;
2437 5253 2500 5292 ea
2546 5236 2780 5300 scilicet,
2822 5250 2948 5305 que
2990 5250 3057 5290 ex
3087 5230 3548 5295 sancto'Basilio,

1973 5347 2136 5403 quem
2190 5330 2348 5385 nobis
2404 5330 2458 5384 in
2506 5329 2593 5384 his
2633 5329 2801 5384 rebus
2851 5325 3172 5382 enarrandis
3220 5322 3549 5378 imitandum

1974 5424 2141 5478 modo
2169 5422 2580 5493 proposuimus,
2639 5408 2936 5489 corrogare
2989 5415 3229 5473 licuerit.
3266 5414 3405 5470 Nam
3444 5428 3548 5468 ca:-

1647 5543 1970 5604 Variorum
2004 5552 2189 5605 noten-

366 5652 478 5715 (59)
506 5649 778 5720 Gregoras
807 5652 915 5704 hoc
941 5648 1063 5703 loro
1114 5648 1407 5703 Palamitas
1438 5655 1611 5720 notat,
1645 5656 1711 5720 ut.
1733 5662 1863 5720 pro-

295 5726 426 5791 priis
449 5716 677 5776 somniis
704 5720 962 5791 intentos.
990 5724 1056 5773 At
1087 5720 1187 5787 ipsi
1212 5733 1429 5787 quoque
1448 5716 1716 5791 Gregorte:
1736 5717 1861 5791 Phi-

292 5786 514 5850 ietheus
543 5789 847 5863 patriarcha
878 5786 1165 5845 Autirrhét.
1228 5803 1322 5853 xu,
1359 5788 1481 5844 cod.
1527 5786 1657 5859 lieg.
1700 5788 1856 5851 1996.

1968 5649 2063 5704 fol.
2093 5649 2220 5709 297,
2246 5648 2499 5705 eumdem
2530 5646 2780 5701 morbum
2807 5641 3032 5709 objicit;
3070 5656 3175 5712 qua
3200 5640 3269 5696 de
3298 5653 3357 5694 re
3384 5638 3543 5710 plura

1970 5736 2071 5777 nos
2103 5736 2265 5790 supra
2302 5721 2353 5775 in
2392 5720 2506 5774 Vita
2543 5720 2818 5788 Gregorm.
2849 5715 3059 5770 Burrus.
3276 5730 3279 5734 ‘
