4002 6468
435 1770 447 1835 ί

485 337 628 402 1315
767 330 844 403 [Α.
887 345 942 384 ιι.
984 329 1142 396 6859,
1176 344 1287 385 IND.
1320 328 1376 400 4]

1663 329 2090 393 NICEPHORI
2130 330 2516 392 GREGORAE

3595 325 3724 389 1316

2835 325 2968 396 [ιιιιι.
3011 342 3053 380 t.
3096 339 3382 380 omnem.
3424 324 3479 396 5]

478 445 726 502 obsecuti
761 461 884 500 cum
933 445 1150 500 Palama
1196 444 1282 499 sic
1311 443 1520 514 egistis,
1560 459 1800 514 eumque
1865 443 2060 498 iisdem

2172 443 2333 513 ὑμεῖς
2372 443 2556 514 ἐκείνῃ
2605 445 2671 513 τῇ
2725 443 2844 513 θείᾳ
2884 442 2977 495 καὶ
3024 441 3378 511 οἰκουμενικῇ
3420 442 3528 494 τῶν
3557 441 3725 494 Πατέ-

478 538 888 594 conditionibus
918 537 1238 605 recepistis;
1263 537 1374 606 jam
1409 553 1531 600 vos,
1585 538 1792 607 scripta
1823 537 1916 590 illa
1963 550 2064 604 pa-

479 631 586 684 lam
615 628 979 698 proferentes,
1004 628 1250 681 animum
1282 643 1341 682 re
1364 628 1662 690 declarate,
1714 637 1771 682 et
1796 643 1880 682 me
1908 627 2066 679 vobis

478 722 919 775 consentientem
953 719 1235 774 habetote.
1273 718 1432 785 Quod
1469 720 1513 774 si
1547 729 1602 775 et
1633 720 1853 789 praemia
1883 718 2067 771 distri-

478 812 631 877 buta,
669 822 726 864 et
761 826 964 864 mensa:
1005 811 1369 878 imperatoria:
1400 810 1582 874 luxus,
1610 821 1668 864 et
1719 809 1866 878 larga
1897 823 2066 878 pecu-

477 900 582 953 niae
619 899 777 967 copia
815 899 868 952 in
922 906 1142 953 vestros
1171 899 1421 955 sacculos
1469 900 1673 970 jugiter
1714 899 1960 953 defluens
2007 909 2065 952 et

477 991 745 1055 animum,
777 1006 838 1042 ea
875 998 1027 1056 parte
1058 1004 1162 1054 qtta
1193 989 1454 1058 gaudium
1486 989 1675 1053 sentit,
1704 988 1902 1042 blande
1945 988 2066 1042 alli-

477 1081 665 1146 ciens;
702 1082 747 1134 si
777 1080 1016 1148 denique
1050 1081 1131 1149 (ut
1160 1091 1215 1134 et
1242 1081 1346 1134 hoc
1365 1079 1654 1149 addamus)
1690 1079 1850 1134 cilicii
1909 1079 2065 1149 igno-

477 1176 616 1230 ratio
650 1185 704 1229 et
760 1173 981 1228 inscitia
1011 1172 1164 1225 vobis
1199 1181 1616 1241 persuaserunt,
1654 1171 1812 1224 facile
1849 1183 1908 1224 ut
1961 1171 2064 1225 Pa-

479 1279 623 1321 trum
649 1266 904 1336 dogmata
926 1265 1219 1332 ejuraretis
1243 1265 1736 1318 etconstittttarum
1761 1264 1938 1333 legum
1965 1279 2063 1318 no-

477 1360 746 1414 bilitatem
778 1358 932 1428 parvi
967 1357 1254 1421 faceretis;
1289 1355 1395 1410 hoc
1437 1357 1652 1420 scitote,
1704 1356 1857 1410 nullo
1899 1366 2061 1426 pacto

477 1448 596 1502 fieri
621 1456 878 1519 posse_,ut
903 1445 1011 1499 ulla
1037 1461 1274 1514 unquam
1302 1445 1447 1498 inter
1479 1460 1580 1498 nos
1610 1459 1866 1498 connuun
1894 1459 1927 1498 ο
1953 1445 2058 1508 sit;

476 1555 585 1594 non
623 1541 793 1608 magis
835 1539 1067 1598 scilicet.
1126 1551 1287 1606 quam
1317 1545 1412 1589 attt
1473 1535 1580 1588 luci
1613 1552 1739 1588 cum
1789 1535 2057 1601 tenebris,

475 1639 571 1683 aut
602 1630 888 1683 serenitati
913 1643 1038 1683 cum
1071 1627 1347 1682 Stevientis
1385 1626 1560 1696 pelagi
1598 1625 1880 1685 fluetibus.

2171 552 2280 605 ρων
2311 535 2516 606 συνόδῳ
2549 535 2616 587 τὰ
2639 536 2799 602 ὃμοια
2831 535 2967 587 κάπὶ
3006 535 3083 603 τῷ
3127 533 3359 602 Ιιαλαμᾷ
3390 533 3727 602 πεπράχατε,

2169 625 2313 678 κάπὶ
2358 628 2471 688 τοῖς
2520 627 2730 694 ὁμοίοις
2783 625 2943 678 αὑτὸν
2973 623 3246 687 ἐδέξασθε,
3287 623 3469 690 ἔργοις
3505 624 3633 690 ἡμῖν
3665 624 3731 674 τὰ

2173 719 2274 785 τῆς
2309 717 2538 786 γνώμης
2580 713 2909 779 ἐνδείξασθε,
2952 714 3261 786 παρρησίᾳ,
3292 713 3360 764 τὰ
3425 713 3732 780 γράμματα

2169 805 2430 874 φέροντες
2450 821 2463 835 ο
2491 809 2582 857 καὶ
2614 805 2871 872 ὁμόξρων
2904 804 3031 872 ὑμῖν
3063 803 3277 870 ἔσομαι.
3305 802 3365 854 Εἰ
3394 800 3450 852 δὲ
3485 801 3731 868 διανομαὶ

2167 884 2349 966 γερῶν
2397 899 2490 948 καὶ
2549 896 2835 966 βασιλικῆς
2881 893 3166 964 τραπέζης
3193 891 3371 963 τρυφὴ
3398 893 3493 945 καὶ
3518 894 3731 961 χρημά-

2166 1005 2276 1040 των
2305 989 2535 1054 ἄφθονος
2570 987 2805 1057 χορηγία
2841 986 3227 1055 συνεχέστερον
3260 983 3600 1065 ἀντλουμένη
3621 985 3731 1043 τοῖς

2174 1076 2483 1145 βαλαντίοις
2515 1079 2671 1145 ὑμῶν
2709 1078 2805 1130 καὶ
2839 1079 2900 1129 τὸ
2948 1079 3134 1146 χαῖρον
3160 1075 3258 1143 τῆς
3284 1073 3458 1143 ψυχῆς
3486 1072 3733 1124 ἐντεῦθεν

2165 1171 2532 1239 ἐφελκομένη,
2569 1170 2918 1241 προσκείσθω
2950 1169 2996 1222 δ’
3030 1170 3148 1236 ἀμα
3180 1171 3272 1222 καὶ
3298 1169 3404 1219 τῶν
3432 1165 3729 1235 προσηκόν-

2163 1276 2272 1312 των
2306 1262 2528 1328 ἀπειρία
2582 1260 2720 1329 μετὰ
2749 1259 2850 1327 τῆς
2893 1257 3152 1327 ἀμαθίας,
3187 1257 3381 1327 ῥᾳδίως
3414 1252 3729 1321 ἐξόμνυσθαι

2163 1351 2233 1403 τὰ
2271 1353 2484 1420 πάτρια
2526 1351 2761 1402 πέπεικε
2787 1348 3030 1417 δόγματα
3057 1349 3149 1399 καὶ
3175 1346 3273 1416 τὴν
3303 1347 3410 1397 τῶν
3458 1340 3728 1396 καθεστώ-

2163 1460 2272 1495 των
2302 1443 2551 1512 νομίμων
2608 1435 2895 1510 φαυλίζειν
2949 1441 3255 1509 εὐγένειαν,
3291 1438 3488 1490 εἰδέναι
3531 1435 3724 1505 χρεὼν,

2163 1535 2240 1597 ὡς
2271 1534 2446 1596 οὐδεὶς
2490 1535 2622 1602 ἡμῖν
2669 1533 2879 1602 οὐδαμῆ
2922 1549 3056 1584 ποτε
3117 1531 3404 1592 κοινωνίας
3454 1530 3725 1594 ἐγγίνεται

2162 1628 2388 1696 τρόπος.
2421 1628 2535 1697 Οὐχ
2573 1621 2736 1698 ἦττον
2771 1627 2879 1695 γὰρ
2901 1625 2965 1679 ἂν
3053 1624 3193 1693 φωτὶ
3223 1623 3358 1692 πρὸς
3401 1622 3610 1683 σκότος,
3635 1619 3729 1672 καὶ

2163 1718 2376 1791 γαλήνῃ
2403 1720 2540 1789 πρὸς
2567 1721 2917 1780 διαποντίους
2938 1718 3239 1778 κλύδωνας.

548 1813 635 1867 Ill.
673 1812 741 1866 At
771 1811 849 1865 illi
880 1827 982 1866 nec
1006 1810 1209 1865 libellis
1235 1825 1375 1880 Opus
1404 1823 1529 1864 esse
1560 1807 1612 1861 in
1640 1807 1919 1877 przesenti,
1953 1823 2057 1863 nec

2231 1811 2305 1864 Γ.
2351 1812 2586 1864 Ἐκεῖνοι
2644 1809 2743 1881 μὲν
2775 1808 2867 1866 οὖν
2913 1811 2987 1880 μὴ
3043 1810 3232 1881 χρείαν
3292 1802 3433 1860 εἶναι
3471 1804 3724 1858 λιϐέλλων

479 1906 606 1961 talia
633 1919 781 1958 nunc
813 1903 1079 1972 exigenda
1111 1903 1180 1956 ab
1208 1918 1266 1956 se
1294 1903 1537 1957 aiebant.
1573 1903 1708 1956 Nam
1740 1901 1886 1970 quod
1924 1900 2058 1969 ipsis

476 1998 838 2068 approbatum
881 1996 1277 2063 decretumque
1306 2005 1473 2059 esset,
1503 1993 1557 2048 id
1595 1995 1770 2063 legem
1796 2007 1919 2046 esse
1943 2007 2060 2045 oui-

477 2093 641 2145 nibus
686 2090 889 2144 libellis
937 2087 1259 2142 firmiorem.
1297 2088 1452 2153 Quod
1505 2087 1571 2140 ad
1631 2101 1771 2140 nova
1814 2085 2054 2148 decreta,

475 2199 600 2252 qua:
642 2181 1020 2252 scripsissent,
1059 2190 1116 2234 et
1162 2180 1228 2234 ad
1286 2179 1536 2251 synodici
1587 2177 1743 2232 Tomi
1783 2177 2057 2232 constitu-

477 2275 656 2328 tiones
687 2275 984 2337 attineret;
1017 2287 1081 2326 ea
1127 2271 1256 2341 quia
1292 2270 1772 2341 non‘attulisseut,
1805 2284 1865 2322 se
1913 2271 2059 2338 ipsos

475 2365 824 2427 incusabant,
855 2374 910 2418 et
939 2363 1054 2431 ejus
1087 2364 1165 2418 rei
1199 2364 1415 2433 culpam
1449 2361 1808 2418 conferebant
1836 2361 1889 2414 in
1920 2361 2059 2414 obli.

475 2459 720 2522 \ionem,
753 2457 912 2525 cujus
943 2464 1188 2524 poteStas
1222 2470 1434 2508 suunna
1471 2463 1529 2508 et
1561 2452 1843 2523 tyrannica
1877 2461 2054 2516 esset;

476 2565 643 2618 atque
681 2550 732 2602 id
773 2557 1058 2618 peccatum
1099 2557 1321 2617 postera
1366 2547 1456 2602 die
1495 2558 1845 2604 correcturos
1879 2561 1939 2602 se
1977 2545 2060 2600 af-

477 2645 692 2694 firmate
726 2639 1144 2711 promittebant.

550 2735 638 2788 lV.
703 2724 994 2786 Enimvero
1047 2732 1308 2801 negabam
1351 2722 1464 2801 {ego
1518 2731 1716 2785 rationi
1764 2737 2057 2785 consenta-

478 2843 640 2881 neum
672 2840 815 2889 esse,
857 2835 951 2877 aut
998 2823 1123 2877 aliis
1163 2826 1462 2877 convenire
1509 2832 1874 2892 praeterquam
1916 2821 2056 2884 istis,

476 2916 748 2987 ejusmodi
779 2917 942 2972 verba
975 2915 1196 2983 afferre,
1235 2933 1356 2986 quae
1401 2933 1529 2971 aere
1573 2931 1834 2986 percusso
1873 2915 2056 2970 statim

479 3017 912 3075 vanescerent;
963 3007 1075 3062 imo
1112 3009 1204 3062 illa
1255 3009 1497 3071 decreta,
1548 3008 1706 3078 prius
1740 3023 1903 3076 quam
1951 3006 2056 3077 ipsi

2161 1899 2372 1969 ἔφασαν
2409 1902 2675 1968 ἐνταυθοῖ,
2709 1903 2844 1972 μηδέ
2891 1902 3151 1956 τοιούτων
3203 1902 3384 1970 σφίσιν
3438 1901 3723 1968 ἀπαίτησιν

2163 1993 2280 2046 νῦν.
2313 1993 2498 2063 Νόμον
2531 1994 2640 2063 γὰρ
2674 1992 2813 2047 εἶναι
2849 1993 3130 2047 -λιϐέλλων
3153 1996 3410 2048 ἁπάντων
3443 1993 3722 2062 στερρότε-

2161 2105 2255 2158 ρον
2285 2090 2344 2140 τδ
2379 2090 2529 2155 σφίσι
2571 2089 2892 2156 δεδεγμένον
2925 2105 2985 2140 τε
3028 2090 3120 2141 καὶ
3145 2087 3486 2157 δεδογμένον.
3519 2086 3653 2156 Περὶ
3677 2085 3722 2138 δ’

2159 2176 2233 2234 ὧν
2266 2181 2455 2243 αὐτοῖς
2483 2182 2798 2249 γέγραπται
2831 2182 2924 2232 νέα
2947 2181 3293 2250 ψηφίσματα,
3335 2179 3428 2232 καὶ
3452 2196 3724 2249 τομογραι

2161 2273 2338 2342 φικῶν
2387 2272 2768 2342 συνθημάτων,
2799 2272 2955 2324 αὐτοὶ
2988 2273 3201 2338 ἐαιιτοίς
3255 2274 3328 2341 μὴ
3373 2272 3717 2340 κεκομικόσιν

2159 2366 2470 2434 ἐμέμφοντό
2492 2383 2551 2416 τε
2587 2366 2682 2418 καὶ⁸
2705 2367 2761 2427 ἐς
2787 2364 2888 2434 τὴν
2907 2364 3006 2434 τῆς
3029 2363 3199 2432 λήθης
3220 2363 3514 2431 αὐτόνομον
3532 2380 3721 2431 τυραν-
3791 2403 3800 2408 .

2162 2457 2282 2510 νίδα
2328 2437 2428 2526 τὴν
2481 2455 2576 2509 τοῦ
2631 2455 2942 2525 συμϐάντος
2995 2454 3324 2524 διαμαρτίαν
3361 2455 3655 2523 ἀνέφερονο
3693 2454 3720 2507 ὃ

2158 2547 2410 2626 διορθοῦν
2441 2547 2541 2620 τὴν
2574 2547 2866 2618 ὑστεραίαν
2899 2547 3104 2618 σῴὸδρα
3130 2547 3549 2616 ἐπηγγέλλοντο.

2229 2735 2304 2788 Δ⁹.
2338 2732 2492 2802 Μηδέ
2542 2732 2654 2801 γὰρ
2698 2725 2842 2787 εἶναι
2899 2732 3008 2784 τῶν
3048 2732 3291 2797 εἰκότων,
3319 2731 3456 2801 πλὴν
3478 2732 3714 2793 ἐκείνων,

2157 2825 2352 2897 λόγους
2380 2825 2517 2898 ὁμοῦ
2554 2826 2633 2896 τῷ
2671 2825 2937 2895 πληγέντι
2997 2824 3376 2894 διαλυομένους
3421 2827 3542 2894 ἀέρι
3571 2829 3722 2894 κομί-

2162 2921 2300 2986 ζειν,
2361 2919 2604 2989 ἔφασκον
2657 2918 2855 2988 ἔγωγε.
2902 2917 3119 2972 Μᾶλλον
3159 2917 3267 2987 γὰρ
3327 2917 3394 2970 ἂν
3429 2919 3609 2970 ἐκεῖνά
3661 2934 3718 2984 γε

2159 3014 2362 3084 κρῆναι
2417 3015 2594 3068 ποιεῖν
2658 3012 2900 3082 ἐμφανῆ,
2965 3012 3096 3088 πρὶν
3145 3011 3178 3081 ἢ
3239 3010 3478 3074 ἐκείνους
3505 3010 3718 3072 αὐτούς.

479 3109 889 3168 comparerent,
934 3101 1256 3170 oportuisse,
1285 3100 1499 3172 1040
1545 3115 1730 3155 coram
1780 3099 2053 3155 exhiberi.

2174 3105 2327 3158 Ἐπεὶ
2364 3105 2460 3158 καὶ
2518 3107 2586 3159 τά
2631 3104 2753 3157 θεῖα
2781 3105 2896 3166 τοῖς
2924 3102 3242 3165 ἀποστόλοις
3292 3101 3595 3168 Εὐαγγέλια
3625 3103 3717 3154 καὶ

478 3193 693 3261 Quippe
730 3190 989 3262 (aiebam)
1033 3208 1134 3246 nec
1174 3193 1359 3248 divina
1402 3193 1693 3262 Evangelia
1734 3194 1804 3248 ab
1835 3202 2057 3263 aposto-

479 3287 571 3352 lis,
605 3300 706 3340 uee
756 3287 1063 3353 sapientum
1099 3283 1358 3339 Ecclesia:
1393 3284 1701 3338 antistitum
1735 3284 2060 3353 prazceptio-

480 3395 604 3443 nes,
640 3393 744 3432 nec
774 3393 928 3431 sacra
960 3379 1213 3449 dogmata
1253 3379 1333 3432 sic
1363 3378 1568 3447 scripta
1599 3385 1750 3442 sunt,
1789 3387 1848 3430 ut
1881 3377 1937 3430 in
1973 3376 2059 3430 lu-

480 3484 602 3523 cem
624 3471 772 3524 edita
802 3469 946 3523 haud
974 3468 1216 3535 fuerint;
1249 3484 1352 3523 nec
1375 3469 1453 3522 sic
1483 3467 1706 3537 quidem
1730 3467 1875 3521 edita
1909 3478 2060 3532 sunt,

482 3571 544 3613 ut
592 3560 754 3614 tacita
806 3560 1108 3625 latuerint;
1147 3559 1242 3614 sed
1275 3568 1330 3613 et
1378 3567 1492 3613 toto
1541 3559 1696 3624 orbe,
1731 3573 2061 3629 quacunque

483 3651 802 3730 habitabilis
833 3661 935 3716 est,
969 3651 1341 3721 praedicantur
1389 3652 1509 3705 sine
1552 3650 1679 3716 line,
1713 3661 1790 3713 et.
1829 3651 2060 3706 mortuis

484 3744 555 3798 iis
585 3745 678 3812 qui
706 3746 1070 3813 scripserunt,
1102 3755 1429 3813 permanent
1473 3745 1673 3812 scripta
1706 3744 2058 3810 immortalia,

482 3839 679 3906 quovis
720 3837 902 3907 cippo,
947 3837 1290 3906 quibuslibet
1331 3837 1645 3892 simulacris
1679 3839 2007 3907 perenniora
2044 3854 2063 3896 :

482 3944 660 3998 eaque
689 3945 801 3983 non
833 3929 1011 3983 solum
1050 3928 1138 3992 iis,
1170 3929 1264 3998 qui
1300 3938 1551 3992 utuntur,
1579 3929 1765 3982 vivum
1800 3939 1854 3983 et
1888 3929 2060 3983 veluti

483 4023 782 4085 spirantem
819 4020 1055 4074 fructum
1087 4019 1360 4086 afferunt;
1389 4021 1482 4075 sed
1516 4030 1572 4076 ct
1603 4020 1842 4085 illorum,
1881 4037 1910 4074 a
1936 4021 2062 4090 qui-

485 4116 592 4170 bus
618 4116 818 4187 scripta
850 4124 1004 4178 sunt,
1046 4113 1384 4168 voluntatem
1423 4113 1833 4183 oﬂiciosamque
1873 4115 2062 4184 provi-

484 4206 730 4262 dentiam
786 4213 1055 4274 perpetuo
1094 4213 1525 4274 repraesentant,
1585 4213 1641 4260 et
1694 4221 1879 4260 veram
1927 4206 2063 4276 ipsis

485 4298 953 4352 immortalitatem
989 4297 1260 4353 tribuunt.
1293 4297 1501 4367 Nempe
1535 4313 1598 4350 ea
1633 4311 1715 4353 est
1745 4310 1938 4353 natura
1973 4315 2060 4354 re-

485 4407 607 4445 rum
644 4390 953 4457 sensilium,
991 4401 1052 4445 ut
1086 4391 1212 4460 quia
1255 4389 1510 4444 sensibus
1544 4400 1786 4459 cognata:
1818 4401 1874 4444 et
1902 4391 2059 4460 quasi

2162 3193 2272 3246 τῶν
2301 3193 2482 3261 σοφῶν
2506 3196 2604 3263 τῆς
2623 3191 2953 3262 Ἐκκλησίας
2997 3189 3369 3260 μυσταγωγῶν
3394 3191 3448 3240 αί
3473 3189 3720 3242 διδασκα-

2161 3285 2276 3339 λίαι
2312 3285 2503 3340 καὶτὰ
2544 3286 2668 3355 ίερά
2701 3286 2950 3355 δόγματα
2989 3287 3299 3358 γέγραπται
3337 3288 3457 3356 μὲν,
3491 3286 3590 3338 οὐκ
3633 3288 3720 3338 ἐκ·

2162 3378 2375 3432 δέδοται
2400 3378 2456 3430 δέ
2475 3394 2491 3410 ⁸
2524 3378 2632 3431 οὐδ’
2660 3378 2934 3432 ἐκδέδοται
2970 3380 3088 3446 μὲν,
3118 3381 3450 3450 σεσιώπηται
3472 3379 3528 3434 δέ
3549 3395 3562 3408 ·
3589 3359 3734 3433 ἀλλὰ·

2164 3473 2258 3523 καὶ
2277 3470 2366 3523 διὰ
2386 3471 2564 3540 πάσης
2585 3470 2684 3540 τῆς
2703 3472 3027 3541 οἰκουμένης
3044 3473 3130 3526 ἀεὶ
3153 3474 3494 3542 κηρύττεται,
3511 3473 3604 3525 καὶ
3619 3474 3720 3526 τῶν

2163 3565 2520 3634 γεγραφότων
2553 3562 2821 3616 θανόντων
2850 3565 3091 3618 ἀθάνατα
3122 3567 3270 3634 μένει
3297 3567 3362 3619 τὰ
3401 3567 3719 3637 γράμματα,

2166 3655 2367 3724 στήλης
2387 3653 2714 3721 ἁπάσηςκαὶ
2735 3655 3065 3728 ἀνδριάντων
3089 3656 3339 3710 ἁπάντων
3361 3659 3553 3728 μακρῷ
3578 3675 3720 3727 μονι·

2167 3745 2413 3814 μώτερα,
2474 3743 2550 3813 μὴ
2603 3725 2765 3813 μόνον
2817 3743 3000 3808 ζῶσαν
3052 3749 3146 3798 καὶ
3191 3745 3426 3814 ἔμπνουν
3459 3725 3587 3800 τινὰ.
3608 3751 3719 3812 τοῖς

2164 3836 2470 3907 χρωμένοις
2505 3837 2857 3906 παρεχόμενα
2894 3838 2994 3906 τὴν
3023 3836 3312 3904 ώρέλειαν,
3347 3839 3481 3891 ἀλλά
3508 3839 3601 3891 καὶ
3627 3838 3720 3910 τὴν

2165 3929 2276 3981 τῶν
2330 3930 2690 3998 γεγραφότων
2741 3930 3065 3998 προαίρεσίν
3123 3945 3181 3981 τε
3240 3931 3334 3984 καὶ
3382 3931 3722 4001 οίκονομικὴν

2167 4021 2386 4072 σύνεσιν
2448 4017 2713 4087 διηνεκῶς
2772 4019 3131 4084 είκονίζοντα,
3189 4021 3282 4075 καὶ
3344 4021 3404 4073 τὸ
3463 4021 3721 4076 ἀθάνατον

2165 4111 2488 4180 ἐμπρακτόν
2525 4126 2680 4178 σφισι
2709 4111 2982 4166 διδόντων.
3019 4114 3232 4181 Πέφυκε
3265 4113 3371 4184 γὰρ
3405 4114 3490 4166 ἀεὶ
3517 4116 3724 4184 χειροῦ-

2167 4205 2292 4258 σθαι
2328 4204 2471 4274 μετά
2500 4203 2786 4274 ῥᾳστώνης
2816 4208 2885 4258 τά
2924 4205 3158 4282 αἰσθητά
3189 4205 3287 4275 τὴν
3317 4208 3420 4258 τῶν
3475 4207 3724 4279 αἰσθητη-

2169 4298 2302 4371 ρίων
2341 4297 2652 4368 ἀντίληψιν,
2700 4297 2790 4350 διὰ
2845 4297 2932 4348 τὸ·
2959 4298 3222 4365 συγγενὲς
3253 4299 3348 4352 καὶ
3395 4300 3612 4368 οἰκεῖον,
3635 4301 3724 4353 καί

2167 4396 2364 4464 πεῖραν
2404 4392 2520 4460 ἅμα
2574 4390 2671 4444 καὶ
2701 4388 3008 4460 γνωστικὴν
3061 4391 3352 4461 ἐμπειρίαν
3407 4393 3722 4462 συνάγεσθαι

484 4483 786 4538 familiares
821 4493 968 4547 sunt,
1000 4483 1208 4538 idcirco
1237 4482 1301 4535 ad
1335 4482 1419 4536 sui
1457 4483 1867 4552 perceptionem
1904 4483 2061 4538 facile

2173 4487 2234 4538 τὸ
2268 4484 2488 4556 καίριον
2538 4483 2769 4554 ἔχουσαν
2817 4485 2881 4536 ἐκ
2925 4485 3022 4552 τῆς
3069 4483 3286 4554 ὁμιλίας
3327 4486 3549 4559 ἀμφοῖν.
3585 4485 3723 4551 Νοῦς

407 4579 413 4597 ⁴
483 4591 582 4629 eos
613 4590 830 4644 semper
859 4575 1016 4644 quasi
1048 4578 1392 4642 mancipatos
1421 4574 1714 4637 adducant,
1740 4583 1904 4644 atque
1931 4576 2066 4629 adeo

485 4681 553 4720 ex
587 4667 834 4733 utrisque
883 4665 1194 4732 conjunctis
1237 4679 1369 4719 USIIS
1418 4675 1473 4718 et
1509 4653 1821 4733 opportune
1868 4667 2064 4736 agendi

485 4773 651 4826 sagax
685 4757 1026 4827 experientia
1059 4756 1367 4824 colligatur.
1403 4754 1604 4810 Eorum
1643 4757 1814 4821 enim,
1854 4773 1974 4826 quae
2011 4757 2063 4810 in

485 4849 698 4901 mundo
756 4856 904 4910 sunt,
948 4846 1119 4916 judex
1174 4847 1476 4900 constituta
1526 4863 1682 4901 mens
1740 4849 1851 4902 vim
1905 4863 2063 4902 suam

486 4954 637 4993 nunc
670 4939 722 4991 in
759 4939 982 5002 coelum,
1010 4953 1158 4991 nunc
1192 4938 1248 4991 in
1283 4948 1482 4992 terram
1525 4947 1766 5003 exercet,
1804 4950 1858 4993 et
1879 4953 2065 4994 rerum

482 5031 782 5101 qualitates
828 5045 930 5097 ope
978 5045 1240 5085 sensuum
1285 5033 1602 5101 cognoscit;
1651 5046 1715 5087 ac
1769 5031 1931 5086 modo
1969 5047 2066 5100 per

487 5129 690 5174 tactum
727 5121 1052 5189 asperitates
1079 5121 1453 5192 lacvitatesque
1481 5138 1795 5192 corporum,
1832 5131 1888 5179 et
1919 5139 2067 5194 quaa-

483 5226 705 5281 cunque
736 5212 786 5266 ei
817 5213 1002 5266 sensui
1031 5229 1060 5266 a
1086 5223 1289 5268 natura
1312 5214 1706 5286 subjiciuntur,
1733 5216 1986 5283 explorat
2011 5227 2065 5271 et
2102 5235 2103 5238 ‘

483 5304 776 5374 intelligit;
816 5304 978 5358 modo
1022 5320 1120 5374 per
1167 5306 1481 5370 odoratum,
1517 5321 1640 5376 quia
1684 5308 2064 5362 suaveolentia

483 5398 593 5452 sint
625 5410 680 5453 et
710 5406 940 5462 contra;
972 5398 1135 5453 modo
1170 5414 1268 5469 per
1319 5400 1566 5454 auditum
1611 5416 1774 5455 voces
1820 5389 2066 5457 modula-

485 5495 567 5540 tas
604 5488 878 5558 percipit;
917 5488 1080 5542 modo
1118 5505 1216 5560 per
1246 5491 1438 5545 oculos
1480 5490 1648 5544 variis
1693 5492 1939 5546 colorum
1977 5492 2066 5546 fu-

486 5579 565 5632 cis
602 5579 861 5645 interest;
897 5589 1061 5650 atque
1094 5582 1286 5637 eadem
1323 5581 1908 5652 prteterea'hominum
1941 5600 2066 5640 mo-

490 5684 574 5722 res
604 5687 750 5726 nune
781 5671 982 5741 lingua:
1017 5689 1164 5729 nunc
1196 5675 1484 5744 scripturae
1513 5689 1615 5744 ope
1643 5676 1977 5746 assequitur,
2011 5686 2066 5732 et

487 5761 678 5826 quales
713 5765 748 5818 ii
781 5763 891 5818 sint
921 5763 1104 5819 discit.
1138 5767 1197 5819 In
1245 5765 1311 5820 iis
1344 5765 1600 5821 sensibus
1645 5768 1754 5824 duo
1791 5769 2066 5839 principa-

2171 4578 2273 4646 μὲν
2307 4579 2417 4647 γὰρ
2453 4577 2718 4646 δικαστὴς
2749 4577 2858 4628 τῶν
2890 4578 2949 4629 ἐν
2981 4577 3174 4647 κόσμῳ
3201 4577 3540 4648 πραγμάτων
3563 4578 3724 4648 ὑπάρ-

2169 4684 2282 4737 χων
2299 4665 2395 4719 νῦν
2419 4666 2517 4732 μὲν
2537 4666 2614 4726 εἰς
2633 4665 2850 4735 αἰθέρα,
2870 4663 2965 4717 νῦν
2982 4664 3026 4716 δ’
3045 4667 3124 4722 είς
3152 4668 3512 4736 γῆνδὲνεργεί,
3532 4669 3623 4720 καὶ
3639 4668 3722 4720 διὰ

2169 4759 2279 4810 τῶν
2293 4756 2384 4829 [Ρ.
2399 4754 2530 4828 654]
2550 4756 2919 4826 αἰσθητηρίων
2933 4755 3032 4818 τὰς
3056 4757 3163 4809 τῶν
3183 4758 3518 4827 πραγμάτων
3541 4760 3723 4826 ἀναγι-

2167 4848 2368 4900 νώσκει
2401 4850 2693 4911 ποιότητας
2714 4863 2728 4877 ο
2768 4848 2864 4899 καὶ
2891 4847 2986 4900 νῦν
3023 4847 3124 4918 μὲν
3153 4847 3240 4902 διὰ
3267 4849 3364 4920 τῆς
3391 4850 3530 4920 ἁφῆς
3552 4851 3724 4920 ἐρωτᾷ

2166 4937 2264 4990 καὶ
2294 4927 2554 5010 μανθάνει
2592 4939 2864 5007 σωμάτων
2911 4940 3257 5010 τραχύτητας
3307 4942 3723 5012 καὶλειότητας,

2167 5033 2395 5090 καὶ,ὂσα
2428 5029 2504 5100 τῷ
2542 5029 2774 5100 τοιούτῳ
2808 5030 3054 5112 πέφυκεν
3104 5030 3425 5086 ὑποκεῖσθαι
3469 5035 3725 5106 αίσθητηο

2169 5119 2434 5191 ρίῳ·’καὶ
2469 5115 2536 5174 αὖ
2562 5119 2652 5172 διὰ
2679 5121 2778 5188 τῆς
2819 5120 3142 5191 ὀσφρήσεως
3166 5125 3266 5175 ὅσα
3298 5125 3464 5194 εὐώδη
3500 5129 3589 5178 καὶ
3621 5131 3722 5196 μή·

2166 5211 2263 5265 καὶ
2290 5211 2387 5265 νῦν
2424 5212 2523 5281 μὲν
2553 5212 2643 5265 διὰ
2675 5211 2774 5281 τῆς
2807 5213 2979 5283 ἀκοῆς
3015 5215 3123 5268 τῶν
3171 5216 3506 5286 ἐναρμονίων
3542 5221 3727 5286 φωνῶν

2167 5302 2264 5373 τὴν
2305 5302 2596 5373 ἀντίληψιν
2632 5303 2772 5373 ίσχει
2791 5318 2807 5334 ο
2838 5303 2932 5358 νῦν
2960 5304 3017 5358 δὲ
3044 5307 3166 5370 ταῖς
3211 5308 3485 5378 διαφόροις
3516 5309 3600 5363 διά
3627 5313 3727 5363 τῶν

2166 5392 2343 5462 ὄψεων
2393 5393 2595 5463 βαφαῖς
2639 5393 2822 5462 ὁμιλεῖ
2869 5393 2980 5446 τῶν
3011 5395 3352 5465 χρωμάτων·
3388 5398 3478 5449 καὶ
3504 5399 3634 5466 πρός
3663 5414 3724 5465 γε

2166 5485 2249 5537 ἔτι
2298 5485 2394 5539 νῦν
2431 5485 2530 5555 μὲν
2568 5485 2657 5538 διὰ
2705 5483 2979 5556 γλώττης,
3018 5485 3110 5540 νῦν
3151 5486 3207 5540 δὲ
3240 5488 3325 5542 διὰ
3363 5491 3722 5560 γραμμάτων,

2167 5578 2475 5644 ἐφάπτεται
2518 5575 2628 5631 τῶν
2657 5577 3018 5649 ἀνθρωπίνων
3052 5577 3201 5648 ἠθῶν
3253 5582 3346 5633 καὶ
3389 5582 3486 5642 τὰς
3527 5581 3724 5632 τούτων

2169 5674 2542 5744 ἀναγινώσκει
2583 5675 2901 5740 ποιότητας.
2931 5675 3154 5732 Τούτων
3181 5679 3359 5732 τοίνυν
3387 5677 3529 5732 δυοῖν
3562 5679 3725 5730 ὄντων

2168 5770 2686 5840 ἡγεμονικωτέρων,
2735 5771 2836 5826 ὅσα
2880 5787 2943 5840 γε
2989 5772 3124 5845 πρὸς
3166 5773 3225 5826 τὸ
3269 5771 3626 5827 διακονεῖσθαι
3657 5771 3729 5840 τῷ
