4002 6468
306 350 439 419 1321
650 344 728 417 [λ.
770 359 817 398 ε-
876 342 1027 414 εδει]

1243 344 1681 406 ΒΥΖᾹΝΤΙΝΑΞ
1719 347 2099 408 ΠΙΞΤΟΗΙΕ
2156 346 2296 408 LIB.
2339 346 2528 408 XXII.

2649 341 2781 413 [tum
2825 358 2866 395 ι.
2909 358 3203 399 caxuccz.
3246 342 3298 415 5]

299 465 415 518 ὅσοι
444 464 546 517 τῶν
572 464 737 533 ἐγγύς
764 481 819 517 τε
850 466 942 516 καὶ
978 463 1169 534 πδρῤω
1202 480 1303 516 που
1336 463 1439 533 γῆς
1473 464 1567 516 καὶ
1590 462 1867 532 θαλάσσης

1990 477 2134 515 ,erra:
2168 472 2225 516 et
2260 461 2425 516 maris
2450 477 2618 532 prope
2656 470 2749 516 aut
2775 462 2934 531 longe
2966 462 3297 527 habitarent,
3330 470 3384 515 et
3414 477 3543 515 suo-

300 559 595 613 οἱκούντων
629 560 766 612 εἰσίν
791 576 801 590 ·
830 559 1050 622 ὁποίους
1095 560 1190 612 καὶ
1234 560 1320 613 διὰ
1352 559 1451 630 τὴν
1482 560 1727 613 σύνοικον
1752 560 1875 613 ἀλοο

303 654 428 720 γίαν
482 647 757 722 ἁλώσιμον
817 655 881 706 ἐκ
947 651 1041 703 τοῦ
1104 651 1304 721 ῥᾴστου
1363 652 1589 721 θήραμα
1618 654 1742 713 ταῖς
1775 650 1874 719 τῆς

305 738 604 809 θρησκείας
656 740 885 805 παγίσιν
935 737 1164 807 ἤλπισεν
1196 737 1453 790 ἔσεσθαι⁹
1495 738 1617 808 ἐμοὶ
1648 738 1694 791 δ’
1726 738 1874 805 ἀπη-

220 898 226 907 η
303 834 560 900 γὸρευται
590 831 737 901 μόνῳ
784 830 1138 884 παντάπασιν
1171 823 1312 881 εἶναι
1345 830 1422 899 μὴ
1455 830 1533 881 ὅτι
1583 846 1647 896 γε
1698 828 1875 897 ἄψαυ-

307 941 432 976 στον
470 923 684 990 ὂψεσιν,
717 921 831 975 ἀλλ’
872 921 980 973 οὐδ’
1007 920 1134 991 ἄχρι
1165 920 1327 989 ψιλῆς
1359 919 1535 974 ἐλθεῖν
1573 921 1742 989 ἀκοῆς
1766 921 1874 974 οὐδ’

303 1014 551 1067 ὁπωσοῦν
605 1013 712 1067 οὐδ’
748 1014 893 1083 ἴχνος
938 1013 1150 1083 οὐδαμῆ
1189 1013 1308 1066 ποτ’
1357 1015 1510 1067 οὐδὲν
1550 1014 1657 1083 τῶν
1703 1014 1875 1069 ἀπάν-

304 1124 413 1160 των
443 1108 675 1162 ἐκεῖθεν.
1596 1093 1607 1104 ’

379 1201 453 1253 Γ’.
487 1196 589 1252 Ἦν
624 1202 788 1253 ἕνεκα
818 1200 912 1253 καὶ
947 1199 1044 1262 τὰς
1082 1199 1222 1269 ἐμάς
1269 1199 1329 1261 ἐς
1364 1198 1524 1251 πλέον
1560 1214 1876 1269 προσεπατ-

304 1290 530 1343 τάλευον
588 1290 669 1342 ἔτι
733 1290 925 1358 θύρας,
964 1289 1040 1359 μὴ
1092 1290 1231 1362 λάθῃ
1260 1307 1344 1352 τις
1394 1286 1538 1359 αὖρα
1564 1289 1634 1341 δι’
1658 1287 1876 1358 αἰθέρος

304 1382 451 1443 τινὸς
486 1382 618 1451 ἡμῖν
671 1381 1039 1450 είσκομίσασα
1080 1383 1270 1451 φήμην
1319 1380 1530 1434 ἐκεῖθέν
1578 1396 1731 1434 τινα⁹
1783 1380 1878 1432 καὶ

269 1474 558 1541 ,φύλακας
609 1472 801 1525 ἔθεσαν
858 1472 1172 1541 ἔμπροσθέν
1217 1490 1277 1525 τε
1329 1474 1423 1526 καὶ
1463 1474 1711 1539 ὄπισθεν,
1768 1473 1879 1525 κάκ

305 1567 496 1631 δεξιῶν
543 1566 646 1630 κάξ
689 1566 1013 1635 εὐωνύμων,
1041 1565 1168 1629 τοὺς
1208 1562 1383 1646 ἐμοὺς.
1410 1565 1671 1631 ἅπαντας
1701 1567 1879 1635 γείτο-

308 1677 405 1723 νας
425 1677 438 1692 ο
470 1661 519 1712 οἱ
571 1660 860 1729 μοναδικδν
890 1659 1354 1728 ἐπαγγειλάμενοι
1386 1659 1513 1735 βίον
1536 1661 1750 1725 ἀσκεῖν,
1786 1661 1882 1714 καὶ

310 1751 533 1819 ἀγαπᾷν
561 1749 650 1801 τὸν
686 1748 914 1818 πλησίον
944 1749 1017 1811 ὡς
1042 1748 1235 1800 ἐαυτὸν
1266 1748 1518 1815 ἕκαστος,
1551 1748 1645 1802 καὶ
1676 1750 1787 1811 τοῖς
1821 1748 1878 1800 ἐν

313 1841 581 1908 φυλακαῖς
621 1840 933 1910 προσιέναι,
966 1840 1063 1891 καὶ
1111 1839 1487 1909 λυπουμένους
1535 1840 1881 1912 παραμυθεῖ-

314 1932 459 1996 σθαι,
500 1932 596 1983 καὶ
633 1928 846 2002 ψυχροῦ
907 1931 1133 1999 διψῶντι
1199 1930 1400 1984 διδόναι
1462 1934 1724 2002 ποτήριον
1786 1932 1880 2003 (ἐῶ

309 2024 461 2077 τᾶλλ’
488 2025 587 2077 ὅσα
619 2023 711 2076 καὶ
736 2022 1040 2091 βαρίάροις
1064 2021 1277 2075 ἔθνεσιν
1308 2021 1544 2076 εἴθισται
1575 2023 1707 2093 δρᾷν
1737 2040 1878 2093 συμ-

310 2117 459 2185 παθῆ
491 2119 643 2185 κοινῇ
704 2116 839 2185 πρὸς
876 2113 1126 2176 ἅπαντας
1176 2114 1483 2184 ὁμοφύλους
1531 2114 1628 2167 καὶ
1672 2115 1878 2180 ξένους,

312 2207 549 2277 φυσικῆς
578 2206 821 2277 ἀγούσης
849 2207 1012 2275 ὁλκῆς
1041 2206 1098 2269 ἐς
1127 2209 1188 2258 τδ
1222 2206 1616 2276 καμπτόμενον
1644 2207 1743 2277 τῆς
1774 2207 1879 2276 ψυ-

315 2304 464 2388 χῆς),
498 2288 548 2351 οἱ
591 2299 635 2351 δ’
683 2300 824 2373 cura)
850 2318 939 2369 μοι
972 2301 1070 2353 καὶ
1113 2300 1317 2371 θηρίων
1354 2299 1443 2373 [Ρ.
1475 2299 1602 2375 657]
1653 2301 1881 2365 ἑαυτοὺς

308 2391 652 2460 κατέστησαν
686 2393 1047 2461 πικροτέρους
1085 2391 1179 2444 καὶ
1209 2390 1323 2443 τῶν
1358 2392 1760 2446 ἐπιταττόντων
1787 2409 1884 2462 μα-

308 2481 425 2550 κρῷ
459 2483 887 2553 σκληροτέρους,
923 2482 1068 2535 ὥστε
1115 2484 1381 2554 μυριάκις
1422 2483 1487 2538 ἂν
1534 2485 1759 2555 εἱλόμην
1790 2487 1883 2557 θη-

308 2576 448 2645 ρίοις
484 2578 541 2629 ἐν
592 2577 778 2645 ὄρεσιν
824 2577 1041 2646 ἀγρίοις
1101 2578 1367 2639 συνεῖναι,
1397 2576 1429 2646 ἢ
1462 2578 1729 2642 τοιούτοις
1785 2580 1882 2633 ἀν-

306 2652 521 2735 δράσιν.
546 2666 701 2720 Οὕτω
733 2685 821 2737 μοι
847 2671 941 2723 καὶ
969 2668 1079 2721 τῶν
1106 2669 1429 2737 ἀλλοφύλων
1450 2669 1722 2741 ὠμότεροι
1748 2690 1883 2726 κατ-

307 2760 543 2826 ἐστησαν
573 2762 621 2812 οἱ
648 2758 878 2830 πλησίον
898 2776 912 2790 ·
944 2759 1142 2824 οἵτινες
1170 2762 1269 2815 καὶ
1304 2762 1364 2825 ἐς
1393 2761 1617 2817 τοσοῦτο
1678 2764 1880 2834 θηριω-

304 2852 425 2909 δίας
453 2851 753 2917 ἐξέκλιναν,
790 2852 989 2919 ὡς,καὶ
1018 2855 1411 2925 συκοφαντίαις
1438 2856 1614 2919 ἐνίους
1648 2856 1756 2909 τῶν
1784 2856 1883 2926 τὴν

307 2940 525 2997 αὔλειον
556 2945 653 3014 τῆς
677 2944 852 3006 οίκίας
876 2945 1038 3016 ήμῶν
1059 2946 1370 3017 παριόντων
1402 2948 1723 3019 περιϐαλεῖν
1744 2948 1882 3020 (42),

309 3034 375 3086 ἐκ
409 3036 578 3106 μόνης
610 3036 848 3105 ὑποψίας
886 3037 1267 3108 ἀτεκμάρτου,
1319 3036 1663 3106 πλασάμενοι
1717 3039 1884 3110 πρόσ-

1976 561 2066 622 pte
2100 563 2325 623 stupore
2359 556 2429 607 ita
2461 554 2641 609 stolidi
2671 564 2876 618 essent,
2915 564 2974 608 ut
3009 555 3419 620 superstitionis
3470 554 3545 605 ia-

1975 646 2135 713 queis
2166 623 2425 699 Rieillime
2462 660 2556 699 eos
2593 655 2810 715 captum
2846 644 2914 698 iri
2953 660 3077 714 Spes
3109 645 3250 698 foret
3309 645 3408 699 Uni
3450 659 3547 696 au-

1980 744 2089 789 tem
2139 735 2273 789 mihi
2314 752 2544 806 prorsus
2592 752 2702 791 non
2751 738 2927 792 solum
2976 738 3149 792 oculis
3204 737 3542 805 usurpanda,

1978 827 2071 881 sed
2111 836 2167 882 et
2203 823 2438 898 simplici
2484 830 2698 883 aurium
2744 844 2909 885 sensu
2953 829 3271 901 attingenda
3306 844 3542 898 unquam

1978 918 2063 971 rel
2102 919 2399 988 levissime,
2433 922 2597 976 etiam
2629 921 2853 975 minima
2880 937 3070 976 eorum
3105 921 3335 992 vestigia
3370 921 3545 996 inter-

1979 1007 2262 1066 dicuntur.

2051 1189 2139 1244 lii.
2178 1190 2309 1244 Eam
2351 1190 2421 1244 ob
2452 1204 2671 1245 causam
2722 1189 2871 1244 fores
2903 1202 3053 1243 meas
3083 1189 3335 1260 pluribus
3382 1202 3546 1259 quam

1981 1290 2140 1338 antea
2180 1282 2396 1352 paxillis
2429 1283 2719 1348 muniunt;
2758 1298 2826 1337 ne
2863 1298 2971 1353 qua
3018 1282 3208 1337 furum
3256 1298 3411 1347 aura,
3446 1298 3547 1353 per

1982 1374 2217 1444 aliquem
2253 1375 2395 1430 aeris
2426 1385 2666 1429 meatum
2695 1374 2906 1444 illapsa,
2938 1375 3133 1429 famam
3164 1375 3326 1429 ullam
3355 1374 3421 1428 ad
3453 1389 3553 1428 nos

1982 1466 2334 1521 intromittat.
2376 1464 2643 1520 Custodes
2669 1480 2801 1520 vero
2844 1480 2874 1519 a
2918 1465 3118 1531 fronte,
3152 1482 3180 1519 a
3211 1466 3551 1541 tergo,,dcx-

1983 1568 2245 1623 trorsum,
2277 1558 2653 1613 sinistrorsum
2689 1568 2992 1629 apponunt,
3023 1558 3231 1613 vicinos
3260 1573 3410 1612 meos
3438 1572 3556 1611 om-

1984 1669 2083 1709 nes
2107 1671 2121 1722 ;
2148 1655 2241 1723 qui
2266 1654 2391 1708 vitae
2414 1654 2730 1709 monasticae
2759 1663 3035 1708 austeram
3058 1652 3401 1722 disciplinam
3431 1667 3554 1730 p‘ro-

1986 1743 2136 1809 fessi,
2192 1754 2248 1799 et
2301 1743 2608 1814 proximum
2665 1743 2985 1807 dilecturos,
3041 1742 3185 1797 sicut
3236 1742 3445 1814 1045
3498 1756 3557 1797 se

1986 1837 2165 1905 ipsum
2193 1835 2444 1906 quisque,
2472 1844 2527 1890 et
2556 1850 2682 1891 eum
2715 1834 2810 1905 qui
2853 1834 2907 1887 in
2942 1833 3208 1889 custodiis
3250 1833 3397 1888 foret
3431 1833 3559 1888 visi-

1986 1939 2222 1997 taturos,
2265 1939 2321 1985 et
2372 1930 2585 1985 tristem
2628 1928 3029 1993 consolaturos,
3062 1938 3119 1983 et
3149 1927 3356 1983 sitienti
3391 1943 3559 1998 pocu-

1983 2024 2097 2079 lum
2145 2023 2358 2094 frigida:
2402 2030 2756 2093 porrecturus
2785 2036 2844 2076 se
2881 2021 3248 2094 promiserant
3294 2037 3310 2075 :
3360 2020 3556 2075 omitto

1985 2125 2181 2174 cattera
2205 2115 2563 2171 humanitatis
2588 2114 2785 2180 ofﬁcia,
2812 2130 2933 2184 qua:
2954 2124 3009 2168 et
3031 2114 3278 2169 barbarae
3305 2114 3559 2168 nationes

1985 2217 2245 2280 praestare
2287 2192 2549 2262 omnibus
2599 2206 2801 2271 solent,
2855 2203 3213 2273 popularibus
3265 2206 3471 2274 pariter
3503 2213 3560 2259 et

1988 2300 2312 2373 peregrinis,
2363 2298 2601 2353 naturali
2661 2296 2898 2368 quodam
2956 2296 3263 2366 affectionis
3316 2297 3559 2366 pondere

1987 2394 2199 2448 animos
2228 2390 2438 2446 scilicet
2469 2401 2756 2446 curvante.
2796 2389 2859 2443 lli
2900 2400 3083 2445 autem
3126 2389 3265 2445 adeo
3296 2389 3430 2445 feris
3461 2390 3558 2444 bc—

1988 2484 2111 2540 stiis
2135 2482 2474 2538 crudeliores
2501 2491 2557 2536 et
2584 2481 2652 2536 iis
2688 2481 2819 2550 ipsis
2844 2480 2936 2550 qui
2966 2481 3234 2551 jubeliant
3258 2480 3419 2549 longe
3457 2481 3563 2533 du-

1990 2582 2167 2632 riores
2198 2576 2252 2631 in
2284 2590 2371 2629 me
2404 2575 2548 2630 ultro
2581 2574 2829 2639 fuerunt,
2866 2584 2927 2627 ut
2974 2587 3074 2643 ego
3122 2573 3331 2627 centies
3374 2572 3559 2626 malim

1989 2666 2043 2720 in
2088 2665 2371 2719 montibus
2418 2678 2544 2717 cum
2598 2661 2934 2717 immanibus
2980 2661 3199 2725 bclluis,
3244 2676 3407 2731 quam
3437 2676 3563 2716 cum

1988 2758 2256 2830 ejusmodi
2287 2756 2626 2819 hominibus,
2660 2756 2892 2810 versari.
2924 2756 3076 2809 Adeo
3102 2769 3232 2819 erga
3263 2770 3347 2809 mc
3371 2754 3566 2809 alieni-

1987 2850 2140 2920 genis
2199 2848 2454 2905 suaviores
2505 2848 2767 2901 exstitere
2833 2846 2868 2899 ii
2924 2845 3021 2915 qui
3090 2845 3326 2915 proximi
3385 2831 3562 2901 erant.

1988 2946 2283 3002 Enimvero
2312 2943 2381 2998 ab
2414 2942 2658 2997 humano
2703 2940 2769 2994 ad
2817 2939 3053 2994 ferinum
3093 2955 3301 2995 morem
3349 2939 3430 2995 sic
3462 2939 3563 2996 de-

1989 3036 2279 3100 ﬁexcrunt,
2326 3043 2387 3089 ut
2430 3042 2485 3089 et
2519 3031 2806 3103 quosdam,
2843 3030 2936 3100 qui
2966 3039 3189 3101 propter
3216 3030 3415 3087 domus
3456 3046 3559 3086 no-

308 3143 468 3200 ρησιν
493 3127 652 3195 δῆθεν
682 3128 906 3183 ἐκείνων
939 3129 1068 3197 ἡμῖν
1104 3128 1429 3197 ἐγγενέσθαι
1465 3129 1617 3195 ποτὲ,
1643 3127 1742 3197 τὴν
1775 3147 1882 3200 μη-

1990 3140 2112 3185 strae
2145 3127 2473 3194 vestibulum
2497 3125 2860 3188 transiissent,
2879 3118 3554 3190 calumniis‘invoiverim,

303 3217 455 3287 δοιμῆ
487 3234 617 3271 ποτε
651 3220 1035 3290 τολμηθεῖσαν.
1072 3219 1183 3272 Καὶ
1215 3220 1388 3275 ταῦτα
1411 3220 1583 3287 τίνες;
1613 3221 1674 3274 Oi
1698 3221 1881 3290 φιλίας

307 3309 752 3374 ἀπολελαυκότες
814 3310 1030 3379 μακρᾶς
1086 3310 1182 3362 καὶ
1238 3310 1491 3381 ποικίλης
1519 3311 1581 3373 ἐξ
1617 3311 1799 3380 ἡμῶν,
1826 3313 1884 3364 ὲν

307 3400 591 3470 διαφόροις
626 3400 833 3473 καιρῶν
870 3401 1255 3471 περιστάσεσι,
1290 3404 1385 3454 καὶ
1423 3402 1592 3472 μηδὲν
1640 3403 1750 3455 τῶν
1779 3402 1888 3456 δει-

308 3494 418 3544 νῶν
447 3493 809 3562 μηδεπώποτε
846 3494 1210 3562 πειραθέντες
1254 3494 1343 3562 ὑφ’
1384 3494 1575 3564 ἡμῶν*
1619 3494 1762 3566 πλὴν
1789 3494 1884 3547 τοῦ

308 3571 545 3656 κώλυμά
602 3603 758 3655 σφισι
803 3586 1069 3651 πολλάκις
1118 3586 1483 3642 καθίστασθαι
1512 3589 1611 3657 τῆς
1646 3605 1706 3641 τε
1759 3588 1883 3641 καθ’

307 3676 449 3731 ὅλων
471 3677 579 3730 τῶν
614 3678 776 3748 ἱερῶν
819 3679 1171 3749 πραγμάτων
1200 3679 1450 3750 δαπάνης
1484 3681 1580 3734 καὶ
1617 3681 1720 3753 τῆς
1754 3679 1886 3735 ἐκά-

298 3785 457 3847 gmw
488 3771 928 3841 αἰσχροκερδίας.

384 4040 459 4098 Δν,
502 4042 597 4095 Ἐκ
624 4038 734 4111 γὰρ
778 4039 919 4093 πάνυ
949 4037 1030 4091 τοι
1073 4038 1200 4100 νέας
1231 4036 1324 4090 καὶ
1352 4035 1610 4105 παιδ’·κῆς
1650 4035 1885 4108 ἡλικία-ς’

310 4134 550 4205 ἐμαυτὸν
584 4131 981 4201 ἐγκαθιδρύσας
1009 4129 1135 4198 τῇδε
1165 4132 1229 4200 τῇ
1270 4131 1428 4198 μονῇ,
1458 4128 1762 4199 παρέμεινα
1790 4132 1890 4199 μέ..
1934 4161 1945 4171 .

309 4244 402 4296 χρι
436 4227 527 4278 καὶ
550 4227 605 4287 ἐς
639 4225 739 4294 τὴν
771 4225 1032 4293 τήμερον,
1063 4221 1183 4282 ἔτος
1227 4220 1471 4291 ἀμείϐων
1499 4220 1602 4291 ἤδη
1649 4221 1748 4292 τῆς
1771 4221 1890 4292 ήλι-

310 4318 436 4379 κίας
468 4315 899 4387 ﬂuendi/(45).
958 4311 1063 4366 Καὶ
1090 4312 1305 4365 πολλῶν
1355 4311 1454 4381 μὲν
1483 4313 1540 4363 ἐν
1574 4313 1723 4383 μέσῳ
1753 4312 1890 4382 πρόε-

312 4407 459 4471 ξενος
493 4407 761 4475 ἐγενόμην
786 4404 864 4474 τῷ
895 4404 1043 4472 τόπῳ
1078 4403 1279 4466 καλῶν,
1306 4405 1700 4472 συναιρομένου
1729 4401 1887 4455 Θεοῦ’

1990 3218 2223 3289 simplici
2257 3233 2451 3287 nempe
2483 3218 2800 3287 conjectura
2833 3224 2887 3270 et
2916 3214 3206 3269 temeraria
3250 3214 3563 3285 suspicione

1991 3310 2263 3381 tingendo,
2295 3324 2391 3364 eos
2420 3309 2683 3362 allocutus
2721 3322 2841 3361 esse
2874 3322 2982 3372 me,
3022 3306 3115 3377 qui
3157 3306 3381 3362 minimc
3414 3318 3567 3364 certe

1990 3407 2108 3459 ausi
2142 3403 2377 3457 fuerant.
2422 3402 2656 3468 Quinam
2697 3416 2829 3456 vero
2860 3400 3016 3455 lucc?
3051 3400 3132 3455 lili
3175 3399 3302 3471 ipsi,
3339 3401 3431 3473 qui
3470 3417 3568 3457 va-

1989 3495 2088 3551 riis
2118 3503 2173 3550 et
2211 3495 2418 3565 iniquis
2450 3494 2793 3565 temporibus
2834 3509 3089 3564 tiiagnum
3119 3503 3173 3547 ct
3204 3485 3564 3563 multiplicem

1989 3587 2192 3640 amoris
2218 3585 2391 3640 nostri
2420 3584 2661 3639 fructum
2690 3590 3080 3653 perceperunt,
3109 3583 3260 3637 nulla
3291 3593 3473 3639 autem
3504 3599 3567 3640 re

1986 3692 2185 3748 graves
2235 3692 2338 3731 nos
2386 3691 2624 3746 unquam
2674 3673 2886 3743 experti
2932 3684 3099 3740 sunt;
3148 3675 3253 3729 nisi
3291 3686 3565 3745 quatenus

1991 3767 2059 3821 iis
2089 3781 2234 3836 smpe
2264 3766 2602 3831 obstitimus,
2642 3780 2712 3819 ne
2762 3774 2902 3818 totas
2948 3780 3036 3819 res
3084 3780 3269 3820 sacras
3305 3767 3570 3834 impensis

1988 3866 2401 3925 consumerent,
2450 3865 2505 3911 et
2549 3856 2805 3927 privatim
2839 3856 3073 3926 quisque
3100 3856 3259 3911 lucro
3302 3857 3450 3927 turpi
3486 3858 3571 3913 di-

1990 3958 2281 4004 [CSCCI‘GDL

2063 4040 2150 4096 iV.
2194 4039 2407 4111 Quippe
2459 4055 2558 4111 ego
2606 4055 2636 4093 a
2680 4038 2987 4094 tenerrima
3030 4051 3086 4095 et
3135 4041 3335 4110 puerili
3385 4051 3567 4117 aetate,

1989 4146 2115 4188 cum
2150 4132 2203 4186 in
2249 4146 2315 4186 eo
2363 4133 2701 4188 monasterio
2735 4133 2921 4188 sedem
2970 4132 3105 4187 mihi
3150 4134 3252 4203 ipsi
3304 4135 3568 4200 fixisscm,

1991 4225 2268 4296 permansi
2322 4225 2525 4280 ibidem
2564 4241 2736 4295 usque
2771 4226 2838 4279 ad
2873 4225 3203 4281 hodiernum
3253 4228 3423 4293 diem,
3458 4244 3570 4298 quo
3620 4208 3625 4217 ’

1986 4319 2100 4389 jam
2146 4318 2549 4389 sexagesimum
2592 4318 2771 4373 aetatis
2799 4333 3005 4371 annum
3038 4317 3267 4373 excedo.
3302 4318 3407 4373 Per
3435 4319 3571 4375 illud

1998 4420 2215 4480 tempus
2242 4410 2422 4476 eﬂ‘eci,
2455 4411 2564 4464 Deo
2587 4411 2838 4481 juvante,
2870 4410 3040 4464 multa
3072 4420 3132 4464 ut
3166 4411 3294 4466 huic
3326 4413 3447 4468 loco
3479 4429 3573 4466 or-

313 4498 542 4559 πολλους
581 4496 636 4548 δὲ
671 4500 767 4548 καὶ
810 4495 889 4566 τῷ
938 4495 1038 4561 τὴν
1078 4494 1246 4562 μονὴν
1293 4494 1455 4557 εὐθὺς
1509 4494 1885 4564 ἀναδεξαμένῳ

1993 4510 2252 4556 namenta
2282 4500 2646 4566 accederent;
2677 4516 2743 4555 ac
2770 4501 2949 4567 illum,
2978 4501 3071 4570 qui
3096 4501 3260 4572 hujus
3291 4511 3572 4558 monaste-

312 4590 408 4643 καὶ
457 4588 821 4657 ἐγκαινίςοντι
858 4587 1131 4656 φιλοτίμῳ
1182 4584 1377 4660 γνώμη
1408 4588 1505 4641 καὶ
1543 4591 1689 4657 χειρὶ⁸
1718 4605 1895 4657 σοφω-

314 4684 460 4751 τάτῳ
509 4682 723 4751 ἐκείνῳ·
758 4680 915 4751 ἀνδρὶ
958 4680 1304 4749 συνηράμην,
1335 4682 1391 4742 ἐς
1440 4680 1539 4732 ὅσα
1592 4697 1650 4733 τε
1705 4682 1896 4751 χρείας

313 4775 508 4844 ἐκείνῳ
544 4772 637 4826 καὶ
669 4774 799 4842 ἡμῖν
839 4771 949 4825 ἔδει
980 4752 1218 4825 natam
1245 4772 1307 4823 τὸ
1350 4770 1444 4824 τοῦ
1475 4770 1700 4841 φίλτρου
1731 4773 1891 4825 δυνά-

318 4881 479 4936 μενον
514 4866 644 4935 ἡμῖν
669 4863 1004 4933 ὑπηγόρευε.
1043 4863 1122 4914 Δι’
1152 4861 1188 4915 ἆ
1222 4878 1312 4931 μοι
1340 4862 1434 4915 καὶ
1457 4862 1555 4934 τὴν
1585 4863 1894 4931 ἐπιτροπὴν

313 4960 411 5010 καὶ
439 4956 539 5025 τὴν
568 4954 679 5007 τῶν
705 4955 808 5023 τῆς
847 4954 1015 5021 μονῆς
1045 4956 1388 5023 τιμιωτέρων
1421 4954 1516 5006 καὶ
1541 4953 1897 5019 ἀνα,καιοτέ-

317 5065 428 5116 ρων
472 5047 761 5116 ἐπίσκεψιν
793 5044 1499 5115 πραγμάτωνέπίστευσε,
1548 5045 1645 5098 καὶ
1691 5047 1894 5115 τρόπον

312 5141 436 5194 τινὰ
468 5139 707 5208 διάδοχον
758 5139 956 5190 ἐαυτοῦ
1014 5140 1317 5207 κατέστησε
1360 5137 1630 5189 τελευτῶν
1683 5138 1893 5200 ἐκεῖνος

313 5231 567 5285 ἐνταῦθα.
599 5230 711 5283 Καὶ
739 5230 834 5283 νῦν
870 5226 962 5292 οὒς
995 5230 1093 5300 μὲν
1124 5223 1282 5299 εὗρον
1316 5231 1689 5299 ἀσκουμένους
1720 5227 1891 5281 ἐλθὼν

1994 4595 2061 4649 rii
2108 4609 2295 4649 curam
2342 4593 2453 4663 jam
2510 4603 2623 4647 tum
2675 4594 2921 4663 suscepit
2952 4593 3166 4665 1046
3194 4602 3250 4648 et
3300 4594 3353 4647 id
3395 4598 3572 4665 ipsum

1994 4686 2284 4757 magniﬁce
2337 4694 2391 4741 et
2435 4686 2582 4756 larga
2639 4701 2803 4741 manu
2855 4687 3204 4774 instauravit,
3261 4687 3438 4753 illum,
3491 4689 3577 4741 in-

1995 4795 2181 4849 quam,
2217 4779 2686 4848 sapientissimum
2724 4780 2901 4833 virum
2938 4778 3125 4848 adjuvi
3164 4780 3231 4834 ad
3268 4796 3330 4835 ca
3364 4781 3572 4844 omnia,

1995 4886 2116 4939 quae
2161 4870 2429 4925 ambobus
2476 4870 2632 4924 nobis
2680 4870 2803 4924 usui
2856 4870 3040 4925 futura
3091 4864 3297 4931 essent,
3348 4882 3405 4926 ct
3452 4887 3575 4941 qua:

1994 4959 2200 5013 amoris
2238 4958 2318 5012 vis
2350 4958 2539 5012 etlicax
2569 4957 2707 5010 mihi
2753 4958 3056 5011 dictasset:
3099 4971 3209 5027 quo
3253 4958 3476 5018 factum,
3516 4964 3577 5009 ut

1994 5051 2444 5122 procurationem
2484 5056 2779 5119 rerumque
2805 5050 2992 5121 ejusce
3024 5049 3339 5104 monasterii
3372 5052 3578 5119 pretio-

1991 5140 2337 5196 sissimarum
2387 5149 2443 5194 et
2493 5141 2731 5195 maxime
2785 5140 3224 5195 necessariarum
3273 5139 3574 5209 inspectio-

1989 5249 2114 5288 nem
2153 5233 2280 5289 ﬁdei
2318 5248 2451 5288 mea:
2483 5233 2845 5297 commiserit,
2878 5248 2940 5287 ac
2972 5247 3057 5286 me
3090 5231 3362 5285 ltmrcdcm
3429 5246 3569 5299 quo-

313 5323 376 5389 ἐξ
415 5316 588 5397 ἀρῇἧς
642 5324 817 5394 ἔγωγε
855 5323 1130 5392 ἐνταυθοῖ,
1188 5324 1389 5386 πάντες
1442 5325 1508 5375 ἐκ
1564 5322 1762 5377 πολλοῦ
1796 5325 1885 5377 τὸν

1990 5323 2278 5378 dummodo
2301 5310 2466 5378 suum
2499 5324 2590 5378 hic
2624 5324 2862 5377 moriens
2890 5317 3383 5376 instituerit.Nunc
3410 5328 3575 5390 quot-

1651 5441 1987 5504 \’ariorum
2034 5448 2226 5505 notae.

389 5574 502 5645 (ιὲ)
536 5571 791 5642 Gregora!
821 5571 1329 5645 domuminulla‘sui
1367 5580 1521 5641 parte
1563 5538 1923 5645 was/publi-I

316 5642 411 5700 cas
443 5642 707 5713 attigisse,
738 5653 891 5713 testis
927 5653 1011 5697 est
1050 5642 1383 5713 Philotbeus
1429 5643 1736 5709 patriarcha
1770 5643 1885 5694 An-

317 5718 519 5769 (ξι-νήει.
551 5711 590 5778 i,
626 5713 749 5766 cod.
800 5711 933 5781 Reg.
997 5715 1151 5775 1996,
1214 5714 1306 5765 ΙοΙ.
1360 5712 1414 5778 7,
1472 5726 1530 5767 ut
1568 5713 1886 5767 adnotatum

316 5801 482 5855 supra
513 5784 576 5838 ad
617 5784 873 5851 Gregora:
900 5784 1098 5838 Vitam.
1131 5785 1340 5837 Bomx.

641 5877 908 5940 ΡΑἸἪΟΙ..
959 5880 1071 5937 (in.
1111 5878 1396 5937 CXLVill

2059 5571 2172 5642 (45)
2202 5571 2493 5641 Gregoras,
2512 5585 2620 5640 quo
2640 5581 2886 5642 tempore
2906 5569 3024 5642 lucc
3071 5568 3311 5637 scripsit.
3333 5570 3575 5623 nomium

1992 5639 2540 5709 cxiile'veuat'annum
2570 5642 2742 5694 n-tatis
2775 5640 2862 5692 57.
2904 5639 3035 5696 Vide
3061 5643 3325 5693 aditotata
3353 5644 3418 5694 ad
3449 5655 3572 5710 cap.

1999 5713 2028 5763 7
2064 5714 2187 5765 libri
2221 5728 2373 5781 xvnl,
2411 5728 2562 5766 num.
2591 5713 2644 5766 5.
2684 5710 2896 5763 Bomx.

3106 5869 3180 5929 Ιιὲ
