4002 6456
542 357 678 418 13ἓῖ
860 355 937 429 [Α.
983 374 1039 413 ιι.
1072 358 1239 434 6859,,
1283 376 1391 417 mo.
1436 360 1491 433 4]

1746 367 2169 463 NICEPHORI
2208 367 2596 430 GREGORE

2866 365 3001 435 Itur.
3045 384 3087 423 ι.
3132 384 3412 427 ελιιτιευι.
3446 371 3496 448 5]

3618 379 3724 447 1324

537 479 672 538 quot
723 468 834 524 huc
886 471 1123 541 primum
1159 476 1459 531 adveniens
1509 474 1795 546 religiosos
1844 477 2047 547 reperi,
2084 475 2112 531 ii

2230 476 2346 546 βίον
2371 476 2728 539 ἀπολιπόντες
2759 479 2899 531 εἷσεν
2924 496 2935 509 ·
2966 480 3088 533 οι-δ’
3118 482 3225 534 είσὶ
3263 482 3373 550 νῦν,
3409 485 3588 552 πάντες
3614 493 3724 545 εἰσὶν

537 576 732 618 omnes
774 564 1103 635 jampridem
1153 584 1185 625 e
1233 569 1344 625 vita
1374 581 1730 625 excesserunt
1765 587 1775 622 :
1813 572 1906 641 qui
1958 570 2118 624 hodie

538 662 688 718 sunt,
725 656 764 709 ii
797 671 883 712 me
915 658 1131 714 volente
1159 676 1353 717 omnes
1392 662 1496 716 hoc
1545 663 1939 717 monasterium
1980 663 2117 718 alias

438 798 445 811 Ἃ
539 745 704 798 aliter
733 747 965 817 ingressi
1005 749 1340 807 habitarunt.

611 838 673 892 ν.
712 837 794 894 0b
824 840 922 894 has
961 841 1125 897 simul
1166 854 1222 899 et
1262 845 1384 901 illas
1427 861 1646 913 causas,
1675 863 1801 903 eum
1849 846 2118 905 deberent

538 931 831 986 reverendi
866 932 1057 989 Patres
1097 945 1154 991 et
1196 936 1418 993 Fratres
1450 939 1707 996 amicitia:
1734 950 1791 997 et
1828 941 2119 998 eharitatis

536 1024 866 1081 Christiante
916 1027 1069 1099 signa
1120 1030 1445 1099 rependere,
1500 1034 1666 1089 iidem
1715 1044 1930 1102 contra,
1971 1034 2117 1091 sicut

539 1119 706 1186 tauri,
738 1121 1082 1178 obsederunt
1119 1141 1205 1179 me
1234 1125 1275 1202 ³,
1311 1128 1653 1182 occasionem
1695 1129 1862 1196 nacti,
1894 1131 2111 1200 qualem

535 1212 799 1268 videlicet
825 1214 1215 1284 requirebant;
1244 1223 1300 1271 et
1328 1220 1470 1273 sicut
1505 1219 1558 1273 in
1591 1221 1929 1275 absconditis
1960 1220 2116 1276 habi-

534 1315 714 1362 tantes
742 1306 870 1362 t‘erae
913 1308 1104 1363 bestia:
1134 1308 1501 1366 frenduerunt
1536 1327 1705 1381 super
1734 1328 1823 1368 me
1852 1294 2114 1372 dentibus

533 1400 683 1478 suis,
720 1414 820 1464 pro
869 1400 1032 1456 bonis
1078 1402 1448 1458 retribuentcs
1498 1404 1640 1458 mala
1662 1406 1708 1461 ⁸.
1759 1406 2114 1476 Aperuerunt

532 1504 701 1559 super
738 1507 823 1546 me
855 1508 915 1546 os
954 1508 1136 1559 suum,
1177 1493 1323 1549 sicut
1347 1495 1435 1549 leo
1479 1496 1699 1566 rapiens
1729 1507 1785 1553 et
1815 1497 2041 1567 rugiens
2065 1497 2110 1551 ³.

532 1582 922 1638 Firmavernnt
982 1586 1087 1645 sibi
1146 1601 1456 1641 sermonem
1510 1588 1834 1657 malignum.
1868 1589 2115 1646 Exacue-

534 1686 666 1729 runt
689 1677 835 1730 sicut
858 1676 1096 1739 gladium
1124 1677 1337 1748 linguas
1362 1693 1509 1734 suas.
1550 1679 1842 1747 Dixerunt,
1865 1680 1999 1749 Quis
2031 1682 2112 1737 vi-

531 1767 775 1824 debit‘?
822 1752 1019 1825 Venite
1069 1778 1126 1824 et
1187 1770 1577 1840 disperdamus
1635 1789 1785 1839 eum,
1838 1782 1893 1830 et
1948 1789 2110 1830 nemo

534 1861 846 1917 meminerit
876 1863 1115 1917 nominis
1145 1863 1263 1935 ejus
1292 1864 1530 1934 amplius
1551 1864 1594 1919 '.
1622 1866 1757 1921 Nam
1795 1865 1928 1920 mihi
1960 1881 2108 1922 nunc

529 1950 623 2006 κιο
657 1953 944 2023 Propheta:
972 1956 1135 2009 verba
1178 1955 1234 2010 in
1266 1964 1508 2026 tempore
1552 1957 1866 2028 usurpanda
1912 1973 2107 2015 occur-

486 2095 499 2110 ,
526 2050 662 2095 runt
696 2061 709 2096 :
747 2057 869 2112 qua:
904 2059 1028 2098 cum
1060 2060 1163 2116 ego
1204 2060 1301 2115 per
1334 2056 1501 2101 lotam
1536 2048 1700 2101 vitam
1735 2050 1969 2106 antehac
2020 2064 2107 2104 re-

526 2135 834 2202 citaverim,
877 2151 1157 2207 nunquam
1198 2137 1274 2192 ita
1302 2139 1525 2208 penitus
1544 2139 1822 2206 intellexi,
1853 2150 1914 2196 ut
1957 2157 2107 2197 nunc

530 2242 635 2283 usu
669 2228 787 2298 ipso
819 2229 1015 2285 doctus
1048 2230 1316 2302 intelligo,
1352 2231 1573 2302 qualem
1619 2233 1708 2289 ille
1758 2241 1813 2287 et
1846 2216 2105 2303 quantam

524 2320 587 2375 in
625 2322 809 2377 animo
848 2322 1019 2378 aleret
1050 2323 1368 2395 foveretque
1409 2326 1662 2381 maeroris
1693 2325 2107 2382 inconsolabilis

524 2416 904 2470 acerbitatem.
940 2415 1124 2486 Neque
1151 2417 1297 2472 enim
1335 2416 1552 2473 videtur
1587 2419 1878 2489 quisquam
1912 2435 2103 2475 earum

530 2507 745 2581 1047
777 2524 984 2575 rerum,
1008 2523 1131 2579 quae
1162 2517 1291 2565 sunt
1318 2526 1509 2580 quaave
1535 2510 1690 2576 ﬁunt,
1723 2521 1976 2568 naturam
2008 2514 2110 2568 ali-

524 2610 614 2655 ter
643 2616 806 2672 posse
851 2602 1134 2671 explorate
1179 2617 1535 2673 cognoscere,
1586 2602 1691 2658 nisi
1744 2605 1797 2658 in
1849 2605 2106 2662 omnibus

522 2699 804 2762 quatenus
843 2706 945 2762 par
989 2700 1073 2747 est
1108 2696 1381 2759 versatus,
1418 2695 1837 2749 convenientem
1875 2696 2107 2764 singulis

526 2784 811 2839 notionem
840 2798 944 2839 usu
981 2784 1085 2840 sibi
1125 2785 1546 2856 comparaverit.
1581 2786 1761 2858 Atque
1806 2803 1874 2842 ex
1908 2789 1992 2843 his
2025 2790 2108 2859 (ut

527 2876 749 2949 opinor)
768 2876 1057 2947 principiis
1078 2876 1242 2932 ducto
1266 2888 1616 2949 argumento,
1648 2878 1836 2934 dixere
1866 2892 2105 2947 veteres,

524 2971 707 3027 simile
759 2968 925 3024 simili
963 2972 1333 3025 innotescere.
1383 2969 1440 3025 Si
1480 2971 1605 3040 quis
1635 2982 1895 3042 parentes
1931 2981 2107 3028 morte

525 3064 777 3120 sublatos
823 3076 934 3117 non
979 3061 1253 3135 amiserit,
1295 3061 1341 3116 is
1377 3061 1625 3117 vicinum
1675 3062 1945 3132 ejusmodi
1980 3078 2108 3118 casu

526 3153 789 3211 amictum
828 3146 1076 3217 intuens,
1116 3166 1243 3206 eum
1277 3152 1371 3222 qui
1404 3150 1534 3205 huic
1575 3150 1870 3205 calamitati
1900 3165 2104 3205 conve-
2138 3184 2179 3241 ο

527 3247 613 3303 nit
642 3261 865 3304 sensum
895 3260 1007 3300 non
1052 3243 1299 3309 habebit,
1347 3258 1450 3299 nec
1497 3258 1685 3298 veram
1734 3243 2106 3314 cognitionem

528 3346 890 3410 asseqnetur;
918 3336 1016 3393 sed
1049 3351 1116 3392 eo
1159 3336 1215 3391 in
1256 3335 1409 3391 luctu
1434 3334 1641 3391 doloris
1664 3350 1862 3405 expers
1889 3350 2111 3390 mansu-

529 3448 625 3488 rus
652 3440 771 3497 est;
801 3440 861 3486 ut
890 3445 986 3485 eos
1010 3429 1106 3501 qui
1135 3428 1270 3485 caeci
1301 3438 1432 3484 sunt
1466 3442 1498 3482 a
1542 3438 1762 3492 natura,
1797 3428 1841 3482 si
1872 3428 1938 3481 ad
1970 3428 2107 3499 diju-

532 3525 800 3582 dicandos
849 3523 1063 3578 colores
1093 3520 1458 3587 advocentur,
1494 3519 1649 3574 nullo
1700 3533 1893 3574 eorum
1944 3533 2111 3574 sensu

484 3652 491 3657 -
527 3618 670 3674 allici
707 3617 978 3673 videmus.
1018 3614 1143 3671 Pari
1179 3613 1364 3677 modo,
1403 3611 1509 3667 nisi
1546 3612 1668 3681 quis
1709 3609 1958 3665 dentium
2014 3609 2112 3664 do-

526 3714 676 3770 lores
703 3709 1019 3782 pertulerit,
1049 3708 1225 3764 altero
1257 3707 1481 3764 dolente
1510 3719 1620 3759 non
1652 3702 1924 3758 indolebit
1952 3721 1965 3757 :
2000 3703 2109 3757 nisi

527 3803 848 3860 acutissimo
874 3801 1074 3857 hiemis
1099 3798 1291 3869 frigori
1322 3797 1507 3851 nudus
1537 3794 1820 3866 expositus
1852 3794 2112 3866 obrigue-

526 3898 622 3965 rit,
653 3897 893 3952 alienum
918 3893 1092 3963 frigus
1116 3907 1226 3947 non
1255 3889 1476 3946 sentiet.
1504 3887 1733 3957 Oportet
1763 3886 1967 3958 quippe
1998 3887 2112 3943 sin-

527 3990 686 4062 gulos
723 3988 778 4045 id
809 3987 955 4059 quod
1005 3978 1131 4039 a'nte
1180 3982 1328 4053 passi
1381 3988 1511 4037 sunt
1550 3980 1850 4044 reminisci,
1880 3988 1937 4034 et
1985 3979 2108 4034 ani-

527 4096 774 4137 mnmeo
832 4079 1063 4142 referre,
1125 4083 1383 4144 tanquam
1442 4072 1510 4127 ad
1586 4072 1827 4142 primum
1885 4068 2109 4141 aliquod

526 4170 1047 4242 exetnplar..ltaque
1073 4176 1131 4223 et
1160 4181 1283 4236 ego,
1313 4164 1409 4235 qui
1440 4164 1494 4218 in
1526 4162 1728 4220 similia
1756 4177 1944 4219 rerum
1974 4177 2112 4218 nan-

525 4266 698 4336 fragia
745 4262 939 4329 incidi,
976 4260 1235 4332 quoniam
1282 4258 1464 4314 nullas
1499 4257 1722 4312 invenio
1768 4269 1935 4312 voces
1979 4255 2113 4312 huic

527 4356 764 4428 tempori
795 4352 1296 4416 eonvenientiores,
1325 4363 1421 4405 eas
1449 4347 1599 4418 ipsas
1624 4345 1873 4417 profero,
1907 4345 2111 4416 quibus

527 4449 620 4505 ille
648 4463 784 4503 usus
818 4454 932 4514 est;
962 4454 1019 4501 et
1046 4444 1215 4499 Deum
1250 4443 1460 4513 pariter
1508 4440 1815 4495 inclamans
1862 4434 2016 4511 rog'o,
2049 4447 2111 4495 ut

2224 567 2359 638 ἐμοῦ
2393 567 2721 640 βουλομένου
2741 570 2837 641 τὴν
2872 569 3037 643 μονὴν
3068 571 3244 627 ἄλλοτ’
3261 574 3427 641 άλλως
3452 578 3725 651 οἰκήσαντες

2220 658 2401 726 τήνδε.

2291 837 2369 894 E’.
2410 838 2513 893 Διά
2554 838 2619 913 δὴ
2651 839 2823 896 ταῦτα
2870 842 3097 897 κάκεῖνα
3131 844 3313 914 φιλίας
3348 847 3474 917 ἡμῖν
3509 850 3554 902 οἱ
3577 854 3731 920 σεμνοὶ

2223 935 2464 1008 Πατέρες
2487 936 2584 991 καὶ
2618 936 2864 1007 Ἀδελφοὶ
2883 939 2976 993 καὶ
3003 942 3376 1012 πνευματικῆς
3403 943 3597 1013 ἀγάπης
3614 946 3733 1013 695i-

2220 1028 2405 1093 λοντες
2428 1029 2665 1084 ἐκτίνειν
2698 1031 2921 1102 σημεῖα,
2944 1033 2993 1084 oi
3018 1031 3063 1085 δ’
3083 1033 3159 1097 ώς
3175 1034 3643 1107 ταῦροιπεριέσχον
3658 1058 3732 1107 με,

2222 1121 2415 1193 καιρὸν
2463 1122 2769 1192 εἰληφότες,
2811 1124 2993 1178 ὁποῖον
3022 1126 3096 1189 ώς
3127 1126 3299 1185 ἔοικεν
3329 1128 3601 1199 ἐπεζήτουν
3621 1147 3635 1163 ο
3660 1134 3734 1185 καὶ

2218 1216 2295 1279 ὡς
2326 1219 2385 1271 ὲν
2418 1204 2765 1288 ἀποκρύφοις
2811 1217 3087 1282 οἰκοῦντες
3119 1219 3282 1290 θῆρες
3316 1220 3538 1291 ἔϐρυξαν
3563 1224 3635 1275 ἐπ’
3657 1226 3761 1293 ἐμὲι

2216 1312 2344 1373 τους
2370 1309 2589 1374 ὀδόντας
2615 1308 2817 1375 αὐτῶν,
2836 1309 2954 1363 ἀντὶ
2973 1310 3192 1379 ἀγαθῶν
3213 1313 3582 1378 ἀνταποδόντες
3596 1317 3731 1370 κακά.

2222 1400 2480 1465 Ἢνοιξαν
2506 1401 2592 1456 ἐπ’
2621 1402 2722 1472 ἐμὲ
2755 1402 2816 1455 τὸ
2840 1403 3013 1473 στόμα
3046 1403 3246 1469 αὐτῶν,
3264 1405 3336 1467 ὡς
3361 1405 3494 1459 λέων
3516 1408 3734 1476 ἁρπάζων

2222 1492 2320 1547 καλ⁹
2348 1491 2681 1561 ώρυόμενος.
2720 1492 3131 1565 Ἐκραταίωσαν
3161 1496 3370 1560 ἑαυτοῖς
3418 1497 3564 1566 λόγον
3604 1517 3734 1570 πονη-

2224 1582 2336 1653 ρόν.
2381 1580 2705 1653 Ἧκόνησαν,
2737 1584 2812 1649 ὡς
2838 1585 3131 1655 ῥομφαίαν,
3158 1587 3255 1650 τὰς
3300 1588 3541 1654 γλώσσας
3569 1590 3732 1645 αὐτῶν.

2215 1670 2401 1740 Εἶπον,
2433 1675 2527 1735 Τίς
2550 1674 2739 1745 δψεται
2767 1691 2782 1741 ;
2806 1674 2956 1729 δεῦτε
2984 1682 3074 1729 καὶ
3108 1678 3564 1750 ὲξολοθρεύσωμεν
3586 1681 3734 1745 nam,

2216 1765 2311 1819 καὶ
2341 1766 2516 1830 οὶδεὶς
2562 1766 2622 1820 οὐ
2660 1765 2737 1837 μὴ
2776 1768 2988 1838 μνησθῇ
3019 1768 3080 1821 τὸ
3108 1770 3278 1838 ὄνομα
3309 1771 3470 1823 αὐτοῦ
3514 1770 3607 1825 ἔτι.
3644 1773 3733 1827 Νῦν

2218 1859 2324 1928 γάρ
2354 1875 2447 1927 μοι
2481 1859 2626 1913 κατὰ
2674 1858 2861 1931 καιρὸν
2916 1860 3011 1913 καὶ
3050 1860 3114 1913 τὰ
3144 1860 3236 1914 τοῦ
3286 1862 3561 1933 Προφήτου
3590 1862 3734 1931 λέγειν

2217 1950 2399 2023 ἐπῄει.
2430 1952 2534 2005 Τὸν
2562 1950 2670 2022 γὰρ
2700 1951 2912 2006 ἅπαντα
2938 1951 3051 2023 βίον
3082 1953 3221 2006 αὐτὰ
3242 1953 3428 2008 διῖόντι
3454 1972 3539 2025 μοι
3578 1955 3734 2024 πρότε-

2219 2062 2309 2118 ρον
2345 2046 2443 2117 οὐχ
2472 2044 2614 2099 οὕτω
2641 2046 2830 2115 μαθεῖν
2855 2045 3093 2116 ἀκριϐῶς
3135 2045 3432 2116 συνηνέχθη
3458 2046 3605 2100 ταυτὶ
3631 2048 3734 2115 πρὸς

2213 2137 2522 2209 ἀκρίϐειαν,
2541 2137 2614 2201 ὡς
2633 2136 2831 2208 ἀρτίως
2848 2136 2934 2209 [Ρ.
2950 2135 3075 2210 658]
3098 2139 3160 2190 ὲκ
3182 2138 3373 2208 πείρας
3389 2136 3735 2207 αὐτῆς,όποίας

2216 2231 2429 2292 ἐκεῖνος
2460 2230 2556 2283 καὶ
2593 2229 2721 2293 ὅσας
2760 2228 2949 2282 ἔϐοσκέ
3000 2247 3059 2282 τε
3111 2230 3203 2283 καὶ
3234 2228 3534 2284 συνέθαλπε
3562 2227 3737 2299 πικρῶς

2216 2322 2313 2385 τὰς
2349 2322 2648 2386 ἀθέλκτους
2680 2321 2855 2384 λύπας
2891 2323 2945 2374 ὲν
2974 2320 3143 2391 ψυχῇ.
3176 2322 3328 2391 Μηδὲ
3370 2321 3477 2392 γὰρ
3505 2320 3565 2375 ἂν
3592 2319 3735 2382 ἄλλως

2215 2413 2504 2484 γινώσκειν
2532 2415 2790 2469 δύνασθαι
2827 2414 3030 2485 μηδένα
3068 2414 3177 2467 τῶν
3226 2414 3399 2468 ὅντων
3430 2415 3520 2467 καὶ
3554 2412 3738 2483 γινομὲσ

2216 2522 2324 2575 νων
2356 2506 2452 2568 τὰς
2480 2505 2673 2574 φύσεις
2697 2507 2755 2569 ὲς
2780 2504 3060 2576 τάκριϐὲς,
3099 2505 3172 2576 μὴ
3196 2505 3281 2558 διὰ
3308 2505 3525 2560 πάντων
3553 2504 3739 2558 ἐλθόντα

2182 2596 2562 2671 *πραγμάτων
2611 2597 2685 2661 ώς
2723 2598 2823 2661 δεῖ,
2862 2598 3058 2668 πεῖραν
3106 2596 3205 2668 τὴν
3236 2597 3455 2668 ἑκάστῳ
3479 2596 3739 2668 προσήκου-

2217 2706 2317 2743 σαν
2371 2688 2548 2759 ἑαυτῴ
2588 2688 2969 2760 ποριζόμενον.
3013 2688 3292 2744 Ἐντεῦθεν
3340 2691 3453 2762 γὰρ
3499 2686 3740 2760 οἶμαικαὶ

2188 2768 2192 2773 ’
2215 2781 2518 2854 τάς¹ἀρχάς
2548 2782 2837 2852 εἰληφότας
2864 2781 2975 2835 τῶν
3004 2782 3194 2848 πάλαι,
3221 2782 3299 2854 τῷ
3327 2785 3497 2854 ὁμοίῳ
3518 2784 3572 2837 τὸ
3591 2784 3739 2852 ὅμοιον

2214 2869 2467 2939 γίνεσθαι
2516 2869 2684 2939 φάναι
2717 2866 3017 2940 γνώριμον.
3053 2870 3115 2922 Εἰ
3158 2871 3233 2941 μὴ
3264 2871 3378 2941 γὰρ
3415 2870 3638 2924 ἀπέϐαλέ
3675 2884 3740 2929 τις

2217 2965 2433 3037 θανάτῳ
2469 2965 2683 3035 γονέας,
2717 2963 2816 3018 οὐκ
2867 2964 2933 3017 ἂν
2974 2963 3257 3034 ἀντίληψις
3303 2980 3394 3028 τις
3441 2963 3528 3017 τοῦ
3573 2961 3740 3023 πάθους

2216 3061 2572 3131 προσήκουσα
2606 3059 2811 3129 γίνοιτο
2840 3058 3036 3130 τούτῳ,
3070 3058 3191 3112 οὐδὲ
3238 3058 3443 3124 γνῶσις
3469 3055 3738 3125 ἀκίϐδηλος,

2215 3152 2411 3224 ὁρῶντι
2441 3152 2506 3205 τὰ
2540 3153 2702 3221 ὃμοια
2725 3150 3031 3205 πεπονθότα
3061 3151 3151 3203 τὸν
3186 3149 3407 3217 γείτονα
3431 3165 3443 3178 ’
3475 3148 3600 3203 ἀλλὰ
3616 3147 3742 3218 μενεῖ

2214 3241 2351 3313 πρὸς
2380 3240 2443 3294 τὸ
2477 3239 2651 3303 πάθος
2708 3240 2859 3309 παρά
2896 3237 3146 3292 τοσοῦτον
3179 3237 3504 3308 ἀνάλγητος,
3536 3235 3742 3308 παρόσον

2213 3331 2309 3387 καὶ
2347 3331 2475 3395 τοὺς
2507 3332 2570 3383 ὲκ
2599 3330 2865 3399 γενέσεως
2908 3328 3127 3401 ὁρῶμεν
3158 3330 3399 3399 τυφλοὺς
3445 3329 3742 3397 ἀναισθήτως

2211 3425 2613 3495 διακειμένους,
2664 3425 2715 3476 εί
2763 3439 2848 3486 τις
2887 3423 3082 3488 αὐτοὺς
3115 3424 3171 3487 ἐς
3209 3423 3516 3494 χρωμάτων
3565 3420 3743 3489 κρίσεις

2212 3516 2426 3586 καλοίη.
2456 3518 2565 3571 Καὶ
2597 3516 2646 3569 εί
2686 3516 2761 3586 μὴ
2800 3515 3098 3587 ἀλγηδόνας
3130 3515 3357 3569 ὀδόντων
3388 3515 3632 3584 ὑπέμεινέ
3654 3528 3740 3575 τις,

2211 3608 2312 3663 οὐκ
2360 3609 2427 3663 ἂν
2477 3608 2638 3662 ἄλλου
2678 3608 2980 3678 πάσχοντος
3020 3608 3401 3681 συναλγήσειε.
3456 3609 3560 3661 Καὶ
3604 3607 3647 3660 εί
3683 3603 3743 3674 μὴ

2211 3699 2484 3773 ἐρρίγωσὲ
2506 3717 2591 3763 τις
2624 3701 2913 3771 περιτυχὸν
2945 3703 3096 3773 ἀκμῇ
3133 3702 3400 3772 χειμῶνος
3429 3700 3637 3772 γυμνὸς,
3663 3696 3743 3750 οὐκ

2211 3793 2277 3848 ἄν
2330 3810 2460 3847 ποτε
2493 3792 2793 3863 ῥιγούντων
2843 3795 3050 3863 ἑτέρων
3097 3794 3364 3849 αἴσθοιτο.
3415 3794 3618 3866 Χρῆναι
3656 3789 3745 3859 γὰρ

2211 3886 2521 3957 ἀνάμνησίν
2544 3904 2666 3939 τινα
2695 3885 2945 3954 γίνεσθαι
2976 3886 3072 3938 καὶ
3095 3887 3375 3958 ἀναφορὰν
3402 3888 3499 3959 ἀφ’
3532 3886 3744 3941 ἑκάστων

2211 3979 2285 4042 ώς
2317 3977 2448 4048 παρ’
2474 3977 2785 4048 ἀρχέτυπον
2806 3977 2865 4030 τὸ
2904 3977 3300 4047 προπεπονθός.
3330 3978 3429 4043 Εἰς
3457 3978 3522 4038 δὴ
3549 3972 3745 4032 τοιαῦτα

2212 4068 2558 4141 πραγμάτων
2592 4067 2825 4136 ναυάγια
2848 4069 2940 4120 καὶ
2970 4067 3132 4130 αὐτὸς
3159 4054 3420 4140 ἐμπεσών
3446 4072 3543 4133 τὰς
3563 4064 3744 4121 ἐκείνου

2212 4161 2396 4231 φωνὰς
2437 4159 2665 4231 ἀφίημι,
2709 4158 3078 4231 καιριωτέρας
3110 4162 3210 4215 οὐκ
3253 4163 3391 4233 ἔχων
3432 4162 3636 4234 εὑρεῖν·
3666 4156 3747 4213 καὶ

2210 4256 2416 4326 ὁμοίως
2443 4255 2755 4325 ἐπιϐοῶμαι
2788 4255 2944 4319 Θεὸν,
2982 4255 3265 4322 ἐξελέσθαι
3299 4274 3370 4326 με
3400 4253 3642 4327 πονηρῶν
3666 4250 3745 4306 καὶ

2211 4348 2468 4420 γλώσσης
2496 4347 2677 4411 δολίας
2711 4349 2808 4402 καὶ
2845 4349 3213 4417 συκοφαντίας
3250 4346 3549 4419 ἀνθρώπων
3584 4344 3669 4400 καὶ
3691 4338 3743 4397 οὗ

2213 4441 2439 4513 θηρίων.
2493 4440 2671 4512 Θηρία
2709 4439 2809 4510 μὲν
2855 4440 2964 4511 γὰρ
3016 4436 3159 4511 αἷμα
3212 4442 3307 4496 καὶ
3362 4441 3546 4513 σάρκα
3575 4436 3741 4503 tuoin,

526 4551 685 4596 eruat
713 4554 801 4594 me
844 4554 873 4593 a
922 4537 1199 4608 malignis,
1225 4543 1281 4589 et
1325 4547 1354 4587 a
1394 4531 1580 4603 lingua
1609 4530 1823 4597 dolosa,
1851 4539 1907 4586 et
1938 4545 1971 4586 a
2006 4547 2100 4589 ca-

2213 4526 2350 4586 οὗτοι
2378 4531 2435 4584 δὲ
2467 4529 2696 4602 μυελοὺς
2716 4527 3004 4584 δαπανῶσι
3030 4524 3240 4600 ψυχῶν.
3512 4588 3521 4591 τ

526 4635 751 4691 lunmiis
782 4633 1063 4689 hominum
1099 4648 1113 4686 :
1150 4629 1437 4686 hominum
1480 4628 1626 4694 dico,
1664 4642 1775 4683 non
1829 4625 2090 4684 ferarum.
2126 4628 2279 4686 Ferat
2305 4629 2455 4684 enim
2485 4629 2751 4700 sanguine
2808 4635 2865 4684 et
2922 4624 3181 4683 carnibus
3234 4635 3560 4693 vescuntur;
3590 4624 3641 4680 hi
3670 4634 3746 4675 vo-

528 4744 591 4785 ro
623 4728 769 4799 ipsas
804 4725 1073 4782 medullas
1110 4724 1420 4779 animarum
1450 4730 1799 4778 consumunt.

1971 4835 2204 4895 CAPUT
2243 4836 2338 4892 ῙΙῐ.

527 4960 851 5018 Patriarcha
877 4959 986 5031 ipse
1014 4955 1300 5026 Gregoram
1346 4955 1544 5031 invisit.
1590 4953 1740 5031 Eum_
1775 4959 1943 5031 amice
1986 4957 2315 5031 alloquitur.
2358 4955 2623 5031 Ut__o_mne
2663 4949 3012 5031 contentioni:
3046 4948 3550 5031 studiumabjigiaf,
3583 4944 3745 5031 stolide

597 5015 868 5102 admonet.
898 5015 1166 5102 'Gireg‘ords
1214 5028 1497 5102 perstat‘in
1530 5027 1818 5102 preposito.
1860 5028 1926 5081 D.
1971 5015 2163 5102 Busiiii
2210 5026 2362 5102 veer
2404 5024 2932 5102 sibiuaccommodutn
2972 5020 3293 5102 Τειιιςξςυνεε,
3338 5015 3388 5072 εὶ
3414 5018 3583 5102 initis
3609 5015 3744 5102 d‘tsdf

596 5101 777 5172 pulus,
811 5091 1052 5169 magistri
1093 5091 1352 5172 proditor.
1381 5091 1602 5152 Frustra
1631 5091 1721 5151 isti
1754 5114 1958 5170 quoque
1985 5100 2279 5152 discedunt.
2322 5095 2573 5151 Custodia
2620 5108 2682 5146 ea;
2714 5109 2772 5145 eo
2811 5091 3012 5146 durior.
3044 5091 3150 5144 Alii
3192 5105 3373 5144 rursus
3422 5096 3687 5162 tentatum
3713 5101 3741 5139 ι

596 5169 905 5245 patriarcha
949 5169 1212 5223 submissi.

595 5291 638 5345 Ι.
678 5286 802 5341 Ilaec
827 5300 954 5341 cum
990 5284 1063 5337 ita
1091 5299 1148 5338 se
1180 5283 1469 5348 haberent,
1505 5284 1692 5339 multis
1718 5301 1785 5340 ex-
1811 5300 1879 5341 eo
1906 5285 2105 5341 diebus

524 5380 750 5451 elapsis,
784 5376 1093 5447 patriarcha
1120 5376 1187 5429 ad
1222 5390 1321 5430 nos
1341 5375 1490 5429 venit
1518 5391 1531 5427 :
1560 5385 1743 5431 utrum
1767 5390 1865 5431 sua
1888 5384 2106 5446 sponte,

525 5490 597 5531 an
627 5471 1179 5544 imperatorisjnssu,
1212 5472 1402 5523 nescio
1436 5486 1450 5522 :
1481 5477 1739 5523 caeterum
1771 5468 2107 5543 105.8.ve-

525 5563 643 5635 nil;
677 5564 947 5634 scriptum
981 5559 1233 5631 quidem,
1254 5558 1561 5628 cuiusmodi
1590 5559 1949 5628 petieramus,
1981 5558 2103 5613 nnl-
2142 5598 2155 5619 ,

524 5654 641 5712 tum
660 5655 1050 5731 exhibiturus;
1087 5651 1318 5707 blandos
1349 5659 1613 5705 autemet
1645 5652 1887 5706 urbanos
1918 5666 2101 5706 mores

2280 5282 2358 5337 A'.
2376 5272 2536 5334 Ἀλλὰ
2565 5280 2673 5350 γὰρ
2698 5278 2901 5333 τούτων
2929 5275 3100 5340 οὕτως
3126 5275 3374 5347 ὲχόιτων,
3399 5266 3585 5345 συχναὶ
3624 5284 3742 5342 παρ·

2207 5373 2368 5444 ἦλθον
2418 5373 2626 5425 ἐκεῖθεν
2649 5371 2870 5440 ἡμέραι,
2899 5370 2992 5422 καὶ
3013 5371 3040 5422 ὁ
3068 5370 3408 5440 πατριάρχης
3443 5360 3574 5438 ἧκον
3603 5364 3739 5435 ημῖν·
3796 5432 3799 5437 _

2205 5468 2305 5519 οὐκ
2345 5462 2464 5531 οἶδ’,
2498 5464 2596 5517 εἴτ’
2624 5463 2857 5526 οἴκοθεν,
2887 5460 3288 5532 εἴτεβασιλέως
3324 5453 3737 5530 προστεταχότος⁶

2203 5553 2306 5629 ἧκε
2336 5557 2380 5609 δ’
2415 5554 2507 5609 οὖν
2535 5573 2547 5587 ·
2601 5555 2838 5625 γράμμα
2885 5553 2984 5624 μὲν
3032 5552 3183 5606 οὐδὲν
3225 5549 3462 5620 κομίξων
3508 5533 3737 5618 ἡμιηῶ

2204 5651 2520 5721 ἀπῃτοῦμεν
2550 5666 2564 5682 ·
2612 5646 2860 5717 προσηνῆ
2911 5646 2966 5699 δέ
2998 5661 3117 5700 τινα
3152 5645 3246 5698 καὶ
3277 5642 3467 5697 ἀστεῖα
3494 5634 3736 5706 ἰαγιιιε-
3792 5646 3799 5651 '

602 5831 623 5865 ⁸
647 5832 785 5897 Psal.
818 5849 931 5902 xu,
965 5833 1051 5889 l5.
1132 5835 1152 5865 ²
1187 5834 1328 5890 Psal.
1365 5834 1678 5901 unum,
1718 5836 1803 5891 lii.
1880 5830 1902 5864 ⁸
1938 5834 2080 5892 Psal,
2115 5850 2224 5902 xm,
2264 5836 2348 5889 Η.
2427 5835 2445 5865 ⁸
2481 5833 2548 5885 Ps
2573 5832 2621 5885 .l.
2658 5846 2808 5896 wn,
2832 5830 2894 5897 Δ(3,
2928 5829 2981 5897 4,
3013 5827 3065 5883 6.
3145 5825 3165 5858 ³
3197 5824 3336 5882 Psal.
3366 5834 3565 5890 tum,
3592 5814 3643 5874 ὃ.

3522 6270 3525 6271 ,
3552 6254 3601 6269 ἠε-υ
3626 6254 3679 6269 κάηᾲ
3738 6268 3743 6271 Ἴ

3490 6280 3558 6301 νζ·
3725 6286 3773 6310 an,

3452 6314 3459 6345 1
3488 6309 3634 6350 πλέες-τε
3677 6315 3688 6322 ··
3793 6319 3804 6326 ·

3370 6388 3409 6440 Δί
3424 6384 3528 6438 ’ἶ
