4002 6462
154 790 177 823 ί

239 331 381 399 1325

676 330 752 407 EA.
795 351 844 391 tt.
888 334 1046 408 1551]

1229 336 1670 400 ΒΥΖΑΝΤΙΝΑΞ
1708 336 1819 397 HIS

1923 334 2091 396 iam;
2130 334 2269 397 Lm.
2333 335 2524 400 xx“.
2601 324 2738 401 [tum
2776 345 2818 385 ι.
2860 346 3149 387 manca.
3190 328 3244 405 5]
3313 287 3321 295 ’
3360 333 3491 400 1326
3605 325 3609 329 ’

233 475 331 520 νος
357 457 486 530 ἤθη,
514 458 737 524 πειθοῦς
768 461 851 527 ὡς
888 462 1024 533 ᾤετο
1060 461 1394 533 δημιουργά,
1432 460 1528 514 καὶ
1560 459 1819 526 πλείστην

1923 457 2181 526 aﬂ‘erens,
2220 458 2287 513 ad
2318 457 2762 529 persuadendum
2796 458 2879 527 (ut
2901 457 3146 527 putabat)
3178 471 3484 512 accommo

236 548 434 621 ἔχοντα
463 550 561 621 τὴν
594 551 731 605 αἰδῶ
783 552 920 622 πρὸς
953 554 1126 624 ἡμᾶς,
1153 553 1306 622 παρά
1357 550 1456 621 τὴν
1484 549 1651 604 αὐτοῦ
1691 548 1811 602 λίαν

234 638 553 710 ὑπάρχοντα
583 641 764 709 φύσιν.
793 636 890 706 οἷς
931 643 1229 712 συνύφαινέ
1260 657 1378 703 πως
1411 643 1507 695 καὶ
1537 639 1813 711 προύϐάλ-

234 733 386 799 λετο,
412 733 503 787 διὰ
548 733 611 788 τὸ
655 734 1072 806 ἀνυσιμώτερον
1118 736 1216 805 τῆς
1252 734 1583 806 βουλήσεως,
1624 734 1721 786 καὶ
1757 734 1818 785 τὸ

244 825 462 896 μακρὸν
505 827 600 880 καὶ
651 826 914 898 δυσχερὲς
948 827 1050 899 τῆς
1104 828 1318 883 οἴκοθεν
1355 827 1502 895 ὁδοῦ,
1554 825 1616 880 τό
1655 827 1818 894 σῶμα

238 917 505 987 καχεξίας
524 916 669 980 τινδς
686 917 1007 996 ἐνοχλούσης
1029 920 1350 996 τηνικαῦτα.
1374 918 1627 973 Κάπειτα
1650 916 1819 971 πολλά

244 1024 341 1074 μοι
368 1005 451 1079 [Ρ.
477 1008 607 1081 659]
638 992 853 1078 τάγαθά
901 989 1292 1082 ἐπηγγέλλετο,
1345 1009 1599 1081 δέχεσθαι
1654 1008 1816 1078 θελή-

241 1116 403 1153 σαντι
433 1101 532 1170 τὴν
559 1101 655 1155 τοῦ
688 1104 922 1173 Παλαμᾶ
946 1103 1233 1157 κοινωνίαν
1263 1101 1571 1171 ἀντιλογίας
1598 1101 1817 1168 ἀπάσης

244 1194 427 1256 ἐκτός.
487 1214 504 1245 ι
551 1195 663 1259 Τὰς
697 1197 807 1266 γὰρ
859 1197 1113 1258 τοιαύτας
1161 1195 1491 1264 ἀντιλογίας,
1557 1212 1575 1246 ι
1607 1193 1816 1262 ἔλεγεν,

243 1304 267 1338 ι
291 1288 535 1357 Ὀμήρου
581 1287 677 1339 καὶ
723 1289 1008 1352 Πλάτωνος
1036 1283 1414 1354 εἶναι’ἀκούω,
1452 1284 1559 1340 τῶν
1595 1286 1702 1337 σῶν
1739 1283 1818 1336 δι-

237 1379 569 1431 δασκάλων”
606 1379 657 1432 οἳ
714 1383 869 1448 σοφοί⁵
919 1379 1017 1450 μὲν
1050 1376 1213 1450 ἦσαν,
1264 1378 1401 1432 ἀλλὰ
1434 1377 1509 1449 μὴ
1537 1375 1821 1446 δεξάμενοι

237 1470 334 1520 τὸν
364 1469 602 1538 Χριστὸν
640 1469 1107 1541 ἀπεκηρῦχθησαν
1154 1470 1229 1532 ὡς
1290 1468 1576 1539 αἱρετικοί.
1611 1468 1820 1537 ’Ὠσπερ

237 1555 337 1613 οῦν
360 1560 586 1628 ὕστερον
613 1561 866 1615 ἐλθοῦσαι
898 1562 954 1616 αί
987 1563 1194 1614 σύνοδοι
1228 1561 1338 1614 τῶν
1360 1560 1531 1628 ἁγίων
1564 1561 1821 1629 Πατέρων

237 1653 337 1705 κα)⁸
371 1654 689 1708 ἀποστόλων
719 1655 813 1707 καὶ
854 1653 1154 1724 προφητῶν
1186 1653 1496 1707 κατέλυσαν
1551 1649 1819 1713 ἐκείνους,

239 1744 600 1815 ἀγράμματοι
654 1745 829 1812 ὄντες,
875 1744 1023 1799 οῦτω
1050 1745 1116 1816 δὴ
1158 1742 1315 1813 κάγὼ
1351 1745 1714 1814 ἀγράμματος
1746 1739 1821 1794 ὢν

241 1837 344 1906 τὴν
372 1836 471 1907 σὴν
499 1837 794 1891 καταλύσω
830 1838 1024 1906 σοφίαν
1048 1853 1064 1868 '
1090 1834 1186 1892 xui.
1224 1834 1529 1907 πληροῦται
1558 1834 1619 1888 τὸ
1652 1833 1817 1906 ῥηθὲν

238 1904 333 1982 διά
371 1904 465 1982 τοῦ
512 1931 795 2001 προφήτου
825 1947 839 1960 '
875 1904 986 1984 Ποῦ
1030 1929 1214 2000 σοφὸς,
1240 1904 1759 1999 ποῦήγραμματεύςς
1796 1943 1814 1974 ι
1842 1904 1862 1938 ⁸

1918 549 2099 615 datos,
2128 559 2185 604 et
2216 565 2348 605 cum
2382 551 2688 605 reverentia
2725 564 2854 620 erga
2909 564 3009 604 nos
3044 546 3280 602 maxima
3343 563 3489 602 con-

1913 641 2162 713 junctus,
2195 650 2361 711 atque
2395 641 2533 696 adeo
2562 641 2635 696 ab
2672 641 2844 711 ipsius
2900 641 3119 712 ingenio
3182 640 3342 709 longe
3394 641 3490 691 nl)-

1918 739 2146 788 e—untes.
2179 732 2278 788 His
2309 732 2423 796 ille.
2464 742 2520 788 ut
2553 732 2806 788 voluntas
2836 745 2985 787 esset
3019 731 3319 797 elﬁcacior,
3383 731 3489 784 alia

1920 823 2225 885 attexebat,
2251 834 2310 878 et.
2341 823 2586 878 laborem
2616 823 2721 879 viae
2752 838 2780 877 a
2806 822 2971 878 domo
3027 839 3125 878 sua
3163 839 3337 895 usque
3367 823 3492 877 lon-

1919 929 2000 986 gas
2026 914 2354 971 ac‘diﬂicilis
2376 916 2728 986 objectabat;
2758 931 2824 971 eo
2852 916 3065 972 scilicet
3117 927 3365 987 tempore
3396 932 3493 972 su-

1921 1017 2192 1076 peratum,
2230 1023 2356 1063 cum
2412 1009 2601 1079 aliquo
2631 1009 2961 1065 valetudinis
3014 1009 3149 1065 vitio
3181 1025 3382 1080 corpus
3412 1010 3493 1064 la-

1921 1098 2165 1154 boraret.
2199 1099 2409 1155 Deinde
2443 1101 2487 1156 si
2518 1101 2740 1166 vellem,
2802 1102 2980 1172 posita
3013 1102 3162 1157 omni
3198 1103 3493 1156 verborum

1918 1190 2298 1257 contentione,
2379 1191 2614 1248 Palamaa
2658 1194 3104 1249 communionem
3177 1176 3490 1254 admittere.

1922 1283 2093 1339 multa
2130 1283 2265 1338 mihi
2300 1284 2446 1341 bona
2491 1286 2879 1356 pollicebatur.
2928 1305 2947 1339 ι
2979 1287 3198 1342 Etenim
3254 1287 3497 1359 (inquie—

1923 1376 2039 1446 bat)
2074 1376 2209 1433 istas
2237 1379 2631 1434 contentiones
2693 1379 2918 1437 Homeri
2978 1388 3035 1435 et
3069 1380 3314 1435 Platonis
3373 1396 3495 1437 esse

1924 1467 2112 1534 audio,
2170 1478 2390 1524 tuorum
2446 1472 2879 1541 magistrorum:
2911 1473 3004 1543 qui
3043 1473 3320 1543 sapientes
3375 1475 3499 1545 qui-

1923 1562 2048 1616 dem
2081 1571 2270 1629 erant;
2305 1572 2361 1618 at
2388 1563 2518 1633 quia
2547 1564 2830 1620 Christum
2864 1581 2976 1621 non
3007 1577 3363 1638 receperunt,
3415 1568 3499 1622 id—

1924 1653 2074 1707 circo
2109 1662 2170 1707 ut
2198 1652 2443 1710 haeretici
2470 1656 2766 1726 proscripti
2798 1670 2967 1714 sunt.
3023 1658 3497 1727 Quemadmodum

1925 1743 2093 1815 igitur
2118 1745 2410 1801 subsecuta
2438 1756 2752 1804 sanctorum
2792 1749 3012 1805 Patrum
3036 1762 3094 1807 et
3123 1753 3499 1822 apostolorum
3538 1734 3547 1740 ”

1927 1837 2427 1908 prophetarumque
2459 1825 2714 1908 concilia,
2752 1842 2848 1912 qui
2878 1841 3131 1899 homines
3155 1853 3314 1919 eram
3365 1845 3501 1898 illit-

1931 1925 2113 1991 terati,
2143 1940 2240 1981 eos
2277 1925 2675 1997 proﬂigarunt;
2705 1929 2779 1985 ita
2808 1941 2865 1987 et
2891 1946 2993 2003 ego
3014 1973 3028 1998 ,
3059 1932 3152 2003 qui
3184 1933 3500 1989 illitteratus

240 2037 388 2087 sum,
420 2033 565 2078 tuam
595 2024 924 2095 sapientiam
992 2022 1158 2081 bodie
1208 2023 1638 2095 proﬂigabomt
1688 2020 2023 2092 adimpletur
2072 2008 2242 2089 illud,
2277 2024 2423 2094 quod
2485 2026 2692 2083 dictum
2737 2036 2849 2100 est;
2867 2044 2965 2101 per
2993 2030 3320 2102 prophetam
3353 2048 3367 2087 :
3395 2031 3501 2089 Ubi

237 2116 502 2187 sapiens?
523 2117 615 2172 ubi
643 2116 819 2172 scriba
843 2116 904 2171 ιῖ
938 2136 957 2171 ι

176 2242 205 2251 -
305 2171 394 2267 ⁸ιδ’.
435 2212 626 2282 Λόγων
654 2171 1057 2266 Ϋδὲνκάνταῦθα
1092 2171 1217 2275 τοῖς.
1257 2209 1438 2274 ἄλλοις
1470 2208 1674 2279 ὁμοίων
1721 2207 1815 2261 δα-

240 2302 615 2373 πανηθέντων,
646 2302 1065 2374 διελύθημενοέν
1094 2304 1294 2367 κενοῖς,
1321 2301 1549 2371 μηδενὸς
1576 2295 1651 2356 ὧν
1674 2301 1819 2354 ὲκεί-

239 2416 332 2463 νος
360 2396 617 2452 ἐδούλετο
654 2396 973 2467 γενομένου,
1005 2396 1098 2448 καὶ
1129 2388 1204 2450 ὧν
1250 2394 1416 2448 ἕνεκα
1462 2392 1814 2449 κεκοπίακεν.

240 2491 378 2546 Οὐδὲ
410 2490 521 2561 γὰρ
555 2488 768 2542 πολλῶν
810 2489 946 2557 ἡμῖν
997 2487 1187 2558 ἐδέησε
1248 2485 1429 2555 λόγων
1464 2484 1597 2554 πρὸς
1645 2483 1819 2555 ἄνδρα

244 2582 565 2655 βαναυσώδη
602 2582 695 2636 καὶ
725 2580 978 2648 ζάκοτον,
1002 2580 1097 2635 καὶ
1128 2578 1220 2634 τοῦ
1263 2579 1444 2648 λέγειν
1471 2575 1660 2640 ἁπλῶς
1690 2593 1823 2647 προ-

242 2677 557 2746 χειρότερον
612 2672 674 2727 τδ
718 2673 979 2743 πλήττειν
1037 2672 1256 2742 ἔχοντος
1310 2670 1407 2726 καὶ
1452 2667 1670 2742 γλώττῃ
1726 2669 1822 2722 καὶ

239 2767 408 2847 χειρί.
462 2766 553 2820 Διδ
590 2764 660 2819 τά
690 2764 784 2818 τοῦ
830 2764 973 2818 θείου
1006 2764 1220 2835 Πατρδς
1267 2762 1548 2815 Βασιλείου
1584 2761 1696 2832 (44)
1731 2760 1825 2814 δα-

240 2862 567 2928 νεισάμενος
601 2857 802 2930 προῦτε
815 2874 900 2912 ινα
925 2858 1022 2911 καὶ
1050 2857 1214 2920 αὐτὸς
1242 2858 1300 2909 ὲν
1326 2854 1536 2928 βραχεῖ,
1563 2853 1637 2917 ὡς
1660 2873 1680 2907 ι
1722 2851 1824 2908 Ἐν

241 2971 308 3021 γε
348 2952 509 3006 τοῦτο
538 2950 722 3022 τολμῶ
760 2951 873 3023 (45)
906 2949 1215 3021 καυχᾶσθαι
1245 2950 1301 3001 έν
1322 2949 1534 3019 Κυρίῳ,
1562 2948 1646 3001 ὅτι
1672 2946 1825 3001 οὐδέ·

240 3062 377 3099 ποτε
407 3044 830 3115 πεπλανημένας
860 3043 1017 3115 ἔσχον
1045 3045 1144 3106 τὰς
1172 3043 1303 3112 περὶ
1331 3041 1467 3095 Θεοῦ
1492 3041 1813 3110 ὑπολήψεις*

237 3137 359 3195 ἀλλ’
382 3140 448 3207 ἦν
482 3139 548 3190 ἐκ
605 3136 796 3200 παιδὸς
828 3136 1024 3190 ἔλαδον
1073 3135 1284 3189 ἔννοιαν
1324 3134 1457 3206 περὶ
1487 3132 1626 3187 Θεοῦ
1665 3132 1817 3202 παρά

1995 2204 2058 2263 ll.
2088 2206 2218 2263 Post
2251 2219 2557 2275 sermones,
2611 2209 2891 2279 prioribus
2909 2210 3055 2293 haud
3084 2214 3400 2280 dissimiles.
3438 2222 3502 2276 il—

1922 2297 1995 2354 lic
2025 2313 2247 2369 quoque
2281 2310 2655 2370 consumptos,
2693 2301 2898 2359 frustra
2935 2305 3159 2362 tandem
3190 2308 3497 2370 discessum

1923 2400 2037 2458 est;
2080 2406 2182 2447 nec
2208 2406 2332 2462 quae
2361 2392 2408 2447 is
2434 2392 2550 2447 tieri
2579 2394 2851 2459 voluerat,
2884 2396 3028 2453 etde
3055 2399 3257 2468 quibus
3282 2401 3503 2459 labora?-

1926 2493 2099 2551 verat,
2131 2498 2323 2540 eorum
2340 2484 2641 2560 quidquam
2659 2499 2747 2547 est
2776 2488 3103 2558 perfectum.
3134 2493 3325 2566 Neque
3350 2499 3500 2553 enim

1927 2574 2100 2631 multa
2136 2573 2300 2630 nobis
2336 2575 2586 2631 oratione
2615 2591 2756 2648 opus
2788 2576 3067 2649 iuitapud
3119 2580 3399 2639 hominem
3436 2585 3502 2641 il-

1918 2663 2165 2720 liberalis
2192 2664 2421 2736 ingenii,
2439 2665 2807 2738 eumdemque
2838 2670 3186 2742 iracundum,
3204 2674 3500 2749 linguaque

1919 2765 1977 2811 ct
2000 2771 2165 2811 manu
2195 2757 2591 2828 promptiorem
2637 2766 2705 2816 ad
2757 2760 3071 2821 feriendum
3111 2782 3274 2838 quam
3308 2770 3376 2826 ad
3414 2771 3502 2828 di-

1921 2848 2179 2907 cendum.
2212 2848 2580 2916 Quamobrem
2615 2852 2708 2909 illa
2767 2870 2799 2911 a
2856 2869 3052 2914 sancto
3082 2860 3243 2917 Patre
3298 2863 3500 2923 Basilio

1922 2941 2089 2997 verba
2124 2949 2430 3011 mutuatus,
2479 2944 2724 3002 breviter
2782 2946 2901 3019 ipse
2960 2966 3183 3023 quoque
3215 2961 3436 3026 reposui
3474 2978 3495 3020 :

1924 3047 2096 3088 unum
2156 3033 2262 3090 hoc
2308 3034 2500 3091 saltem
2530 3051 2692 3107 posse
2742 3055 2831 3094 me
2891 3042 2946 3097 in
2984 3043 3218 3103 Domino
3248 3050 3494 3121 gloriari,

1922 3124 2214 3196 Opiniones
2232 3125 2301 3182 d'e
2321 3126 2436 3184 Deo
2455 3127 2621 3185 falsas
2640 3146 2924 3203 nunquam
2952 3135 3213 3196 habuisse
3242 3157 3366 3212 me;
3399 3147 3497 3204 sed

239 3227 352 3282 τῶν
385 3228 648 3299 μακάρων
683 3228 885 3296 γονέων
917 3243 1022 3299 μου
1053 3226 1150 3281 καὶ
1177 3224 1288 3279 τῶν
1313 3222 1673 3295 θρεψαμένων
1696 3222 1816 3292 ἐμὲ,

1923 3233 2087 3309 quam
2118 3217 2333 3291 1049
2362 3220 2493 3276 olim
2532 3237 2672 3292 puer
2705 3239 2733 3279 a
2763 3225 2941 3309 beatis
2973 3233 3297 3297 parentibus
3330 3247 3385 3293 et
3434 3241 3502 3293 ab

239 3318 452 3387 ταύτην
502 3316 834 3386 αὑξηθεῖσαν
891 3314 1052 3385 ἔσχον
1104 3310 1171 3367 ἐν’
1217 3313 1480 3383 ὲμαυτῷο
1541 3312 1727 3366 πίστιν
1762 3311 1821 3365 δὲ

238 3404 364 3460 οῦτε
391 3404 504 3477 (46)
537 3404 668 3473 παρ’
708 3403 884 3458 ἄλλων
916 3403 1274 3475 γραφομένην
1322 3401 1608 3472 νεωτέρων
1644 3420 1822 3472 παρα-

238 3498 547 3570 δεχόμεθα,
572 3496 683 3552 οὒτ’
703 3499 860 3553 αὐτοὶ
886 3498 954 3553 τὰ
992 3499 1090 3570 τῆς
1121 3498 1398 3570 ἡμετέρας
1427 3496 1669 3560 διανοίας
1701 3514 1824 3564 γεν-

240 3595 462 3662 νήματα
503 3591 854 3655 παραδιδόναι
887 3593 1210 3662 τολμῶμεν,
1244 3593 1331 3646 ἵνα
1374 3590 1450 3661 μὴ
1501 3579 1823 3659 ἀνθρώπινα

242 3680 564 3751 ποιήσωμεν
598 3678 668 3732 τά
707 3680 806 3749 τῆς
840 3678 1126 3742 εὐσεϐείας
1157 3662 1422 3750 ῥήματαλ
1456 3678 1571 3732 ἀλλ’
1602 3678 1638 3731 ἃ
1670 3676 1821 3747 παρὰ

237 3770 355 3824 τῶν
380 3768 553 3837 ἁγίων
588 3767 855 3838 Πατέρων
901 3766 1283 3837 δεδιδάγμεθα,
1337 3764 1510 3818 ταῦτα
1543 3765 1655 3827 τοῖς
1687 3765 1824 3832 ἐρω-

235 3863 375 3916 τῶσι
407 3861 821 3931 διαγγέλλομεν.
884 3878 904 3912 ι
950 3859 1060 3913 Καὶ
1111 3857 1294 3913 ταῦτα
1335 3856 1437 3928 μὲν
1477 3855 1663 3910 τοῦτον
1692 3854 1819 3928 ἔσχε

240 3953 337 4007 τὸν
362 3953 584 4024 τρόπον.

309 4063 389 4117 Γ¹.
453 4062 541 4125 Ἐς
569 4059 757 4133 δὲτὴν
790 4058 1053 4114 ἐπιοῦσαν
1102 4058 1359 4130 παρῆσαν
1407 4056 1565 4124 αῦθις
1608 4057 1821 4114 ἐκεῖθεν

237 4155 643 4225 ἀπεσταλμένοι
671 4154 859 4225 συχνοὶ
887 4152 995 4206 τῶν
1038 4152 1139 4224 τῆς
1168 4151 1492 4223 Ἐκκλησίας
1519 4151 1818 4223 ἀρχόντων,

238 4250 337 4304 καὶ
362 4248 479 4320 μετ’
505 4247 685 4301 αὐτῶν
705 4241 786 4310 εἷς
811 4262 895 4311 τις
925 4244 1033 4299 τῶν
1065 4243 1216 4316 δμῶν
1248 4244 1530 4316 μαθητῶν,
1556 4245 1820 4317 ἄντικρυς

236 4343 398 4405 ἄλλος
454 4340 650 4394 τοῦδεο
701 4338 760 4402 ὃς
813 4340 908 4406 ἀφ’
954 4329 1015 4391 οῦ
1072 4339 1132 4392 τὸ
1198 4337 1485 4408 μοναδικὸν
1545 4339 1819 4393 ἑνδέδυται

241 4433 451 4504 σχῆμα,
494 4431 688 4486 ταυτὸν
719 4428 1010 4485 ἐπεπόνθει
1059 4429 1157 4483 καὶ
1215 4422 1393 4495 οὗτος,
1426 4431 1563 4503 ὅπερ
1613 4431 1820 4494 ἐκεῖνος

243 4525 435 4598 χερσὶν
461 4523 699 4596 εἰληφὼς
725 4526 790 4576 ὲκ
818 4521 912 4576 τοῦ
944 4521 1167 4577 δείπνου
1203 4523 1295 4576 τὸν
1330 4518 1599 4592 σωτήριόν
1623 4523 1811 4592 ἄρτον.

255 4617 343 4679 Ὡς
380 4616 489 4685 γὰρ
531 4617 613 4678 είς
669 4615 881 4668 ἐκεῖνον
918 4612 1081 4675 εὐθὺς
1129 4611 1220 4666 τὸν
1262 4611 1509 4669 διάϐολον
1552 4612 1817 4666 εἰσελθεῖν

243 4709 511 4778 ἐγεγόνει,
540 4706 941 4779 παραπλησίως
969 4704 1035 4777 δὴ
1068 4707 1164 4759 καὶ
1189 4705 1378 4777 τάνδρὶ
1406 4705 1608 4777 τουτῳῒ
1631 4706 1819 4776 σαφῶς

240 4805 270 4856 ὁ
317 4802 480 4864 αὐτὸς
525 4800 843 4871 ἐπεπήδησε
881 4797 1147 4861 διάϐολος,
1181 4798 1347 4863 εὐθὺς
1399 4798 1698 4872 ἀμείψαντι
1755 4800 1818 4852 τὸ

242 4895 451 4964 σχῆμα.
481 4890 575 4953 Εἰς
604 4890 712 4961 γάρ
738 4890 1066 4958 κακότεχνον
1110 4888 1289 4960 ψυχὴν
1319 4887 1504 4959 χώραν
1539 4890 1640 4943 οὐκ
1675 4887 1836 4959 ἔχεινί

241 4987 381 5058 φασὶ
409 4985 505 5039 καὶ
558 4985 721 5055 χάριν
774 4981 931 5036 Θεοῦ.
989 4980 1255 5037 Τοσοῦτον
1313 4983 1419 5052 γὰρ
1459 4984 1580 5048 ταῖς
1632 4982 1818 5045 ἄλλαις

239 5079 366 5134 καθ’
398 5077 556 5147 ἡμῶν
596 5073 915 5137 ὲπιὸουλαῖς
942 5074 1200 5139 καθάπαξ
1232 5066 1387 5138 οὗτος
1410 5075 1618 5128 ἐκεῖνον
1643 5073 1813 5141 ὑπερ-

238 5168 503 5223 ϐαλέσθαι
554 5164 1001 5235 πεφιλοτίμηται,
1031 5164 1107 5228 ὡς
1139 5164 1263 5236 μηδ’
1310 5165 1547 5219 ἐνταῦθα
1577 5165 1810 5235 γενόμε-

232 5281 328 5318 νον
359 5262 518 5331 μόνον
545 5261 704 5312 ἐᾶσαι
736 5259 838 5329 τὴν
867 5257 1123 5326 πρόδοσιν
1164 5257 1367 5311 Ἰούδαν
1407 5259 1618 5311 ἐκεῖνον
1643 5257 1811 5326 ἐγκα-

308 5437 324 5468 ²
352 5433 372 5488 1
406 5430 533 5487 Cor.
563 5445 601 5494 ι,
632 5420 721 5482 20.

1925 3308 2321 3367 educatoribus
2352 3312 2636 3369 notionem
2676 3313 2773 3371 Dei
2803 3320 3166 3391 accepissem,
3202 3339 3322 3381 eam
3354 3331 3501 3400 apud

1923 3416 2010 3456 me
2038 3412 2257 3457 auctam
2287 3403 2580 3462 retinuisse
2619 3424 2633 3460 :
2668 3406 2832 3465 fidem
2868 3420 3052 3478 autem
3080 3431 3261 3488 neque
3286 3420 3356 3476 ab
3383 3423 3503 3479 aliis

1923 3497 2335 3553 recentioribus
2363 3498 2698 3570 descriptam
2725 3502 3040 3574 admittere,
3072 3512 3175 3564 nec
3201 3526 3322 3582 quae
3344 3530 3503 3574 mens

1922 3598 2113 3645 nostra
2146 3591 2469 3661 parturiret,
2498 3610 2561 3649 ea
2592 3594 2809 3652 tradere
2852 3597 2976 3654 aliis
3006 3601 3232 3667 audere,
3290 3620 3360 3661 ne
3402 3606 3505 3661 bu-
3558 3600 3561 3603 ’

1922 3696 2083 3736 mana
2112 3698 2212 3753 per
2240 3698 2344 3740 nos
2389 3686 2584 3739 tierent
2614 3702 2758 3743 vera:
2806 3690 3097 3762 religionis
3158 3697 3357 3752 verba:
3404 3701 3501 3756 sed

1920 3786 2043 3841 qua:
2081 3788 2111 3828 a
2148 3775 2356 3829 sanctis
2382 3776 2645 3841 Patribus
2676 3778 3084 3847 didicissemus,
3121 3798 3184 3839 ca
3209 3802 3310 3844 nos
3330 3788 3504 3846 inter—

1919 3862 2135 3932 roganti
2187 3863 2399 3953 cuique.
2438 3867 2789 3939 annuntiare.
2865 3867 2935 3926 Et
2987 3871 3105 3929 haec
3146 3875 3368 3945 quidem
3427 3882 3501 3937 ita

1920 3968 1981 4010 se
2006 3954 2346 4011 habuerunt.
2391 3950 2398 3953 “
3218 3978 3221 3981 π
3328 3950 3337 3956 ’

1991 4061 2084 4117 lll.
2121 4061 2392 4120 Postridie
2412 4065 2533 4136 ejus
2550 4065 2658 4122 dici
2683 4065 2961 4125 ali‘uerunt
2989 4087 3186 4130 rursus
3236 4077 3364 4133 inde
3386 4080 3498 4137 huc

1922 4152 2077 4209 missi
2106 4152 2331 4224 plurimi
2378 4154 2644 4212 Ecclesiae
2702 4160 2967 4229 praesules
2999 4179 3013 4216 :
3046 4163 3180 4219 item
3238 4183 3364 4224 cum
3430 4172 3501 4228 iis
3580 4226 3581 4229 η

1920 4245 2318 4316 discipulorum
2335 4261 2583 4303 meorum
2607 4265 2769 4316 unus,
2795 4251 2936 4309 alius
2967 4255 3126 4325 plane
3149 4274 3180 4315 a
3200 4259 3497 4334 discipulo.

1923 4334 2143 4392 Scilicet
2162 4336 2312 4403 huic,
2331 4352 2398 4393 ex
2428 4352 2536 4409 quo
2555 4340 2917 4395 monasticum
2942 4342 3189 4400 habitum
3220 4346 3499 4415 induerat.

1922 4429 2067 4485 idem
2098 4429 2405 4502 contigerat
2433 4444 2597 4503 atque
2623 4431 2724 4498 illi,
2784 4434 2882 4505 qui
2906 4434 2975 4492 de
3004 4452 3160 4495 coena
3204 4440 3500 4502 salutarem

1923 4528 2119 4594 panem
2145 4522 2404 4579 manibus
2430 4524 2825 4596 apprehendit.
2883 4526 3098 4601 Quippe
3154 4539 3216 4588 ut
3245 4532 3502 4593 diabolus

1852 4593 1894 4649 ί)
1923 4613 1981 4668 in
2014 4614 2166 4668 illum
2197 4615 2384 4670 statim
2420 4593 2706 4683 introivit;
2744 4618 2820 4674 ita
2854 4593 3190 4695 etin-hunc,
3224 4636 3347 4696 post
3375 4645 3498 4684 mu-

1923 4713 2089 4761 tatam
2120 4717 2351 4776 vestem,
2387 4708 2531 4764 idem
2585 4710 2833 4780 profecto
2897 4712 3151 4771 diabolus
3206 4719 3499 4776 confestim

1919 4799 2156 4855 insiluit.
2187 4800 2462 4856 Nimirum
2488 4802 2541 4857 in
2565 4803 2769 4870 anima,
2796 4806 3009 4863 artibus
3028 4810 3187 4866 malis
3207 4813 3496 4881 instructa,

1920 4892 2154 4964 gratiam
2188 4891 2284 4948 Dei
2325 4903 2530 4965 negant
2559 4894 2742 4951 locum
2774 4897 3000 4956 habere.
3027 4903 3177 4959 Adeo
3197 4916 3381 4961 autem
3407 4907 3500 4962 hic

1919 4982 2099 5050 illum,
2133 4983 2256 5038 aliis
2288 4993 2552 5053 praeterea
2589 4986 2643 5041 in
2676 5002 2778 5043 nos
2821 4992 3051 5048 structis
3106 4994 3349 5063 insidiis,
3381 5013 3497 5051 om—

1921 5074 2055 5130 nino
2080 5089 2343 5144 supcrare
2370 5077 2625 5141 certavit,
2660 5088 2720 5133 ut
2752 5094 2856 5136 nec
2884 5081 2941 5136 itt
2983 5082 3087 5139 hac
3116 5095 3270 5156 parte
3293 5086 3490 5142 Judam

1918 5162 2253 5234 proditionis
2278 5179 2432 5219 reum
2460 5166 2616 5237 argui
2680 5183 2848 5224 unum
2882 5170 3143 5230 voluerit.
3201 5175 3492 5230 Enimvero

1916 5272 2042 5313 cum
2075 5268 2129 5313 et
2159 5252 2211 5311 hi
2246 5257 2443 5325 multa,
2483 5258 2667 5315 itidem
2711 5272 2771 5317 ut
2800 5267 3006 5332 czctcri,
3065 5268 3231 5323 verba
3260 5269 3493 5327 cﬂ‘udis-

1582 5521 1911 5583 Variorum
1954 5529 2144 5584 notas.

307 5643 418 5715 (ti)
457 5643 630 5712 Epist.
658 5641 745 5708 79,
780 5642 1070 5697 Eustathio
1098 5641 1361 5700 Scbastiae
1390 5644 1809 5716 cpiSCOiio.Bm'

232 5733 420 5857 v"2.45)
459 5784 591 5841 Vide
625 5798 793 5853 supra
834 5781 933 5839 lib.
975 5798 1090 5849 xm,
1117 5798 1244 5855 ,cap
1311 5785 1533 5851 4,.sect.
1567 5786 1619 5853 4,
1652 5803 1805 5843 num.

1919 5646 2007 5701 13.
2040 5645 2251 5701 Boms.

1919 5717 2103 5841 mitti)
2132 5717 2281 5773 Idem
2321 5718 2482 5790 epist.
2508 5718 2598 5786 ϐο,
2635 5715 2894 5774 Ecclesiae
2927 5717 3304 5781 Antiocheam.
3358 5716 3493 5780 Βοι-
