4002 6460
592 339 725 403 1327
911 334 987 408 [Α.
1030 352 1083 390 ιι-
1126 333 1286 399 6359.
1329 348 1434 386 mv-
1482 352 1536 403 -η
1809 333 2172 395 ΝΙΟΕΡΗΟΓ

2283 335 2647 398 }REGOR.E
2919 333 3055 407 lmr.
3093 350 3137 390 ι.
3178 348 3467 391 cumcur.
3498 336 3548 408 5]
3673 341 3771 404 1328
3876 298 3891 323 \

589 469 825 526 seut,‘et
855 460 1138 530 adjunctus
1165 456 1328 511 dictis
1378 455 1557 510 minas
1594 451 2033 524 quam‘pmrnnas
2058 450 2167 506 ἐχ-

2283 455 2491 510 λεῖσθαι
2526 457 2663 527 (47).
2710 455 2869 510 Ἀλλὰ
2903 457 3012 527 γάρ
3046 456 3324 520 πλείστους
3373 456 3466 509 καλ⁷
3501 448 3627 511 οὗτοι
3650 458 3778 510 κενώσ

588 563 966 624 aggerassent,
997 550 1098 621 ipsi
1127 564 1346 619 quoque
1382 563 1440 601 re
1477 545 1683 601 infecta
1720 545 2122 600 discesserunt.

2285 534 2479 613 σαντες
2508 550 2728 617 λόγους,
2757 552 2847 604 τὸν
2879 551 3065 617 ὅμοιον
3117 550 3312 617 τρόπον
3357 553 3465 612 τοῖς
3509 549 3680 613 ἄλλοις,
3706 552 3780 603 καὶ

2283 640 2543 706 πλείστας
2576 644 2690 706 τοῖς
2721 642 2961 714 λεχθεῖσι
2993 644 3092 707 τὰς
3118 642 3346 705 ἀπειλὰς
3371 642 3783 713 ἐπῳκοδομηκότες

2282 735 2528 805 ἀπῄεσαν
2551 735 2824 807 ἄπρακτοι
2851 739 2949 790 καὶ
2975 737 3149 789 αὐτοί.

659 828 750 884 ιν.
784 828 925 882 Tum
958 843 1091 881 vero
1120 826 1401 880 crebriora
1424 840 1588 895 quam
1621 824 1855 879 antehac
1884 833 1940 879 et
1975 827 2172 894 priori-

2353 829 2427 880 A'.
2466 828 2575 880 Καὶ
2601 826 2717 899 ἅμα
2748 827 3016 898 συνῄεσαν
3048 823 3203 891 αὖθις
3238 827 3544 897 συχνότεραι
3572 825 3665 879 τῶν
3686 842 3787 895 προ-

480 984 491 996 ,
591 924 698 977 bus
732 918 1087 991 impensiora,
1114 919 1267 972 velut
1298 917 1441 971 facto
1492 917 1711 987 agmine
1738 956 1752 981 ,
1811 917 2076 972 mandata
2111 919 2172 972 ad

2283 919 2458 989 τέρων
2487 919 2856 990 παραγγελίαι
2878 918 3231 990 παμπληθὲς,
3256 920 3541 995 παριοῦσαι
3561 919 3645 980 τὰς
3668 918 3785 987 πρὶν,

589 1015 715 1069 illos
753 1012 969 1067 vicinos
998 1010 1260 1065 custodes
1315 1017 1537 1064 nostros
1573 1019 1883 1074 venerunt;
1935 1010 2002 1065 ad
2051 1011 2172 1069 illos

2283 1010 2342 1072 ἐς
2396 1012 2521 1073 τοὺς
2566 1012 2815 1080 γείτονας
2894 1012 3140 1080 φύλακας
3209 1012 3406 1085 ἡμῶν*
3460 1010 3548 1074 οὓς
3594 1011 3788 1071 ἐπόπτας

589 1106 718 1161 dico
776 1104 1062 1174 appositos
1144 1101 1305 1155 nobis
1332 1101 1727 1156 acerbissimos
1767 1103 2172 1172 exploratores,

2284 1102 2374 1174 [P.
2411 1102 2539 1176 660]
2567 1106 2702 1172 ἡμῖν
2732 1107 3096 1175 πικροτάτους
3133 1107 3458 1176 ἐπέστησαν,
3492 1104 3784 1163 πανόπταςδ

612 1195 830 1266 1050
858 1193 939 1248 vel
972 1200 1054 1261 (ut
1090 1193 1488 1262 congruentius
1518 1193 1732 1264 loquar)
1762 1196 1947 1248 omnia
1989 1197 2172 1251 viden-

2283 1197 2460 1250 εἰπεῖν
2534 1198 2892 1269 οἰκειότερον,
2952 1200 3095 1253 κατὰ
3146 1201 3237 1253 τὸν
3287 1192 3612 1261 ἅττικίζοντα
3662 1194 3789 1264 μῦθον

591 1302 673 1344 tes
703 1286 1105 1358 speculatores,
1170 1283 1362 1353 quales
1394 1282 1579 1338 fabula
1629 1286 1810 1340 Attica
1869 1297 2172 1343 memorat:

2283 1288 2489 1342 ἐκεῖνον
2510 1306 2523 1320 ’
2559 1290 2607 1342 εί
2644 1289 2718 1360 μὴ
2750 1291 2844 1344 καὶ
2877 1290 3054 1362 πολλῷ
3083 1291 3415 1361 δεινοτέρους
3456 1288 3657 1350 τούτους
3691 1286 3786 1355 εἴπῃ

587 1377 694 1433 nisi
732 1378 857 1447 quis
917 1375 1053 1428 istos
1102 1374 1278 1427 multo
1317 1374 1684 1430 terribiliores
1736 1376 1945 1433 idcirco
2008 1379 2172 1447 dicat,

2283 1395 2363 1443 τις
2399 1379 2466 1432 ἄν
2500 1396 2513 1410 ·
2544 1379 2624 1433 ὅτι
2655 1380 2774 1434 ἐκεῖ
2806 1383 2904 1451 μὲν
2934 1364 3013 1434 ἐνί
3045 1399 3152 1435 τινι
3179 1381 3295 1435 ὄντι
3320 1380 3544 1441 πολλοὺς
3576 1378 3789 1447 παρέχον-

585 1468 715 1539 quia
741 1466 833 1520 ιιιιί
863 1465 1070 1520 homini
1109 1465 1311 1519 multos
1342 1466 1533 1520 oculos
1583 1465 1784 1521 fabula:
1838 1469 2172 1539 tribuebant,

2283 1490 2369 1527 σιν
2399 1473 2709 1545 ὀφθαλμούς
2737 1492 2751 1507 ο
2802 1476 3036 1529 ἐνταῦθα
3064 1476 3117 1529 δὲ
3149 1476 3336 1529 πολλοί
3380 1491 3521 1537 τινες
3550 1473 3698 1536 ὖντες,
3722 1470 3787 1522 καὶ

589 1561 682 1615 hic
716 1574 847 1613 vero
880 1556 1133 1613 homines
1167 1557 1347 1623 multi,
1405 1557 1555 1627 iique
1608 1559 1834 1614 diverso
1870 1570 1926 1615 et
1988 1563 2172 1618 multi-

2283 1565 2569 1635 διαφόρους
2589 1567 2687 1620 καὶ
2707 1560 3094 1638 πολυμόρφους
3115 1568 3411 1637 τρέφοντες
3435 1564 3660 1635 γνώμας.
3674 1563 3788 1630 ἅμιλ-

592 1651 718 1721 plici
751 1650 974 1720 ingenio
1009 1648 1246 1718 praediti,
1280 1649 1428 1704 inter
1463 1664 1521 1705 se
1547 1660 1787 1713 certant,
1823 1652 1948 1722 quis
1979 1669 2172 1723 quem-

2283 1656 2379 1710 λαν
2410 1657 2628 1728 ἔχουσιν
2665 1660 2722 1722 ἐς
2756 1659 2818 1711 τὸ
2851 1659 3069 1724 πλείους
3100 1660 3259 1724 ἄλλος
3302 1659 3465 1714 ἄλλου
3499 1657 3703 1727 φανῆναι
3721 1655 3789 1715 τὰς

590 1758 701 1813 que
730 1742 991 1797 facultate
1022 1740 1243 1795 videndi
1303 1749 1363 1795 et
1398 1741 1644 1812 plurium
1692 1744 1849 1814 quasi
1889 1746 2172 1800 oculorum

2283 1751 2589 1815 ἐποπτικὰς
2634 1753 2977 1823 κεκτημένος
3010 1753 3292 1825 δυνάμεις.

587 1835 932 1907 perspicacia
971 1842 1337 1905 superaturos
1367 1834 1461 1891 sit.
2203 1815 2252 1875 Β

658 1927 721 1983 γ.
753 1928 994 1983 Rursum
1028 1926 1218 1982 multis
1249 1936 1375 1997 post
1404 1926 1605 1982 diebus
1640 1927 1957 1998 patriarcha
1993 1927 2059 1982 ad
2089 1942 2172 1982 sa-

2347 1937 2423 1990 E'.
2459 1935 2618 1990 Μετὰ
2661 1936 2865 2001 πολλὰς
2892 1936 2937 2011 δ’
2968 1931 3124 2000 αὖθις
3171 1936 3388 2007 ἡμέρας
3428 1934 3564 1989 κατὰ
3603 1932 3659 2002 δή
3696 1947 3786 1985 τινα

585 2034 741 2074 crum
777 2017 883 2072 huc
910 2025 1160 2072 nostrum
1192 2016 1498 2087 hospitium
1526 2032 1585 2073 se
1613 2018 1872 2083 contulit,
1901 2033 2012 2089 quo
2045 2033 2172 2072 eum

2283 2028 2468 2099 χρείαν
2522 2029 2714 2100 ἐδέησε
2751 2029 3103 2099 πατριάρχης
3143 2029 3281 2083 ίέναι
3316 2030 3374 2091 ἐς
3405 2027 3501 2097 τὴν
3550 2023 3656 2081 καθ’
3681 2022 3786 2094 ἡμᾶς

589 2112 739 2167 aliud
767 2110 1032 2183 quiddam
1058 2110 1263 2181 negOtii
1301 2110 1554 2166 vocabat.
1626 2110 1703 2165 Ac
1767 2119 1881 2165 tum
1946 2111 2172 2182 quidem

2283 2118 2431 2186 αὖθις
2468 2122 2620 2191 ἱερὰν
2657 2122 2898 2192 μάνδραν
2932 2136 2945 2152 °
2976 2122 3074 2177 καὶ
3100 2118 3543 2192 αὑτοπροσώπως
3578 2119 3664 2187 μὲν
3684 2115 3785 2178 τέως

589 2204 735 2260 haud
767 2219 866 2274 per
896 2206 957 2258 se
992 2202 1110 2273 ipse
1147 2202 1441 2257 nobiscum
1471 2216 1661 2256 coram
1714 2202 2024 2258 collocutus
2052 2211 2172 2268 est;

2283 2214 2412 2284 ἡμῖν
2451 2211 2615 2271 αὐτὸς
2645 2213 2744 2281 οὐχ
2771 2210 3043 2282 ὡμίλησε,
3072 2210 3143 2265 δι’
3170 2210 3493 2264 ἀποστόλων
3521 2207 3562 2261 δ’
3597 2208 3684 2261 ὅσα
3724 2209 3789 2259 καὶ

585 2297 682 2353 sed
717 2312 818 2367 per
847 2294 1225 2350 internuntios
1281 2310 1346 2349 ea
1406 2293 1767 2365 signiﬁcavit,
1829 2310 2070 2365 quorum
2121 2304 2172 2350 et

2284 2306 2553 2377 πρότερον
2583 2300 2697 2376 εἶχε
2731 2304 3219 2375 πεφροντισμέθος,
3261 2302 3399 2374 μηδέ
3444 2301 3537 2355 νῦν
3560 2299 3621 2353 τὰ
3648 2293 3791 2370 ζητῶ·

582 2388 738 2459 prius
761 2387 873 2457 jam
903 2394 1199 2457 satcgerat.
1241 2384 1464 2457 Scripta
1498 2394 1708 2447 autem.
1768 2389 1952 2457 qualia
2005 2387 2172 2458 petie-

2286 2404 2425 2472 μένα
2450 2399 2758 2472 γράμματά
2788 2416 2879 2469 μοι
2917 2392 3251 2469 κεκομικώς.
3301 2398 3413 2452 Καὶ
3447 2396 3598 2459 πάλιν
3619 2389 3734 2465 ἦμεν
3755 2392 3792 2442 ὲν

586 2497 725 2544 ram,
760 2494 865 2536 nec
918 2490 1035 2535 tum
1067 2493 1288 2549 quoque
1350 2479 1459 2533 ulla
1485 2478 1691 2534 attulit.
1749 2477 1962 2535 Nostra:
1993 2480 2172 2551 itaque

2283 2494 2397 2555 τοῖς
2447 2493 2654 2556 αὐτοῖς.
2707 2492 2978 2555 Κάκεῖνος
3009 2492 3177 2563 ἀπῄει
3211 2490 3426 2556 λοιπὸν,
3459 2489 3554 2552 τὰς
3597 2483 3791 2545 τοιαύτας

586 2591 676 2630 res
705 2573 905 2630 eodem
938 2586 1136 2626 rursus
1169 2577 1313 2625 statu
1356 2570 1607 2626 fuerunt.
1638 2570 1705 2626 Et
1737 2572 1850 2639 ille,
1879 2588 2005 2627 cum
2029 2574 2172 2643 ejus-

2284 2583 2509 2649 ἐλπίδας
2547 2579 2692 2640 εἶναι
2732 2584 3157 2658 γρηγορούντων
3193 2584 3484 2657 μανθάνων
3507 2581 3723 2637 ἐνύπνια.
3796 2650 3804 2667 Ι

584 2666 736 2723 modi
761 2682 888 2737 spes
914 2680 1046 2721 suas
1070 2678 1222 2719 mera
1254 2663 1608 2734 vigilantium
1640 2665 1853 2722 somnia
1881 2665 2179 2723 esseintel-

580 2761 804 2832 ligeret,
834 2756 968 2814 hinc
995 2755 1237 2828 denique
1268 2755 1425 2815 abiit.

2038 2879 2218 2937 CAPU

2203 2883 2218 2935 ἶ
2334 2881 2376 2936 ν

1300 2970 1433 3027 Cum
1461 2970 1715 3027 Cabasita
1757 2981 1807 3027 et
1851 2881 2212 3046 αηοηῃιῗιῒῗίῐε
2228 2882 2481 3032 ἸῙθίιιίαηιιε
2530 2976 2799 3032 erroribus
2833 2975 3151 3046 disputatio.

558 3150 561 3153 λ
656 3089 698 3142 I.
729 3088 945 3150 Elapsis
983 3085 1186 3140 exinde
1219 3085 1540 3161 quindecim
1577 3102 1773 3143 rursus
1824 3087 2044 3155 diebus,
2074 3103 2172 3143 no-

2356 3088 2447 3163 [P.
2482 3089 2609 3164 661]
2642 3092 2746 3157 ΑΩ,
2777 3088 3023 3143 Ἐκεῖθεν
3072 3083 3230 3149 αὖθις
3275 3083 3488 3156 ἡμέραι
3516 3081 3799 3150 παρίππευον

581 3193 826 3237 atrorum
881 3178 1190 3232 amicorum
1251 3178 1496 3247 optimus
1553 3179 1645 3234 ille
1674 3177 1958 3249 Cabasilas
2004 3179 2172 3247 venit,

2284 3183 2448 3237 πέντε
2498 3184 2594 3238 καὶ
2643 3182 2798 3249 δέκα,
2852 3182 2949 3236 καὶ
2988 3185 3015 3236 ό
3046 3181 3156 3235 τῶν
3191 3179 3367 3252 φίλων
3414 3179 3543 3250 ἡμῖν
3575 3174 3799 3246 βέλτιστος

584 3268 825 3327 occultis
851 3277 908 3324 et
934 3267 1108 3323 variis
1148 3276 1265 3322 tum
1298 3269 1644 3338 patriarchae,
1681 3278 1796 3325 tum
1822 3270 2172 3342 imperatoris

2283 3275 2491 3339 ἐκεῖνος
2516 3272 2619 3348 ἦκε
2648 3276 2992 3341 Καϐασίλας,
3023 3274 3299 3347 λαθραίων
3324 3274 3425 3328 καὶ
3453 3272 3689 3325 ποικίλων
3707 3266 3801 3336 βου-

587 3370 825 3417 onustus
854 3360 1131 3427 c0nsiliis,
1162 3369 1328 3431 atque
1372 3360 1498 3417 inde
1523 3362 1839 3432 omnigenis
1870 3364 2169 3430 machinis,

2283 3368 2570 3439 λευμάτων
2624 3368 3046 3441 πατριαρχικῶν
3091 3366 3227 3438 ὁμοῦ
3263 3372 3359 3420 καὶ
3400 3362 3672 3438 βασιλικῶν
3701 3365 3800 3413 ἐπα·

583 3455 737 3510 vclut
759 3454 1074 3510 muralibus
1103 3452 1433 3523 quibusdam
1464 3457 1779 3521 tormentis,
1816 3457 2123 3514 instructus
2154 3474 2170 3513 :

2283 3462 2508 3532 γόμενος
2541 3463 2762 3535 φόρτον,
2793 3463 2889 3517 καὶ
2918 3464 3185 3538 μηχαναῖς
3209 3461 3379 3515 οἱονεί
3402 3478 3540 3514 τισιν
3569 3453 3797 3513 ἐλεπόὶεσι

584 3549 791 3621 quippe
850 3548 948 3619 qui
1002 3545 1086 3601 vir
1135 3554 1285 3625 esset
1338 3544 1680 3618 intelligens,
1745 3549 1942 3606 avidus
2002 3550 2172 3607 multa

2283 3556 2671 3624 πεφραγμένος
2701 3554 2911 3608 ἐκεῖθεν
2941 3536 3331 3616 παντοδαπαῖς,
3367 3552 3461 3606 ἁτε
3512 3548 3703 3608 συνετὸς
3727 3541 3799 3595 καὶ

584 3641 811 3713 agendi,
841 3640 1122 3700 variarum
1159 3654 1346 3694 rerum
1377 3639 1619 3709 peritus,
1672 3655 1776 3695 nec
1820 3641 1879 3696 in
1912 3641 2172 3700 civilibus

2283 3648 2693 3721 πολυπράγμων
2721 3648 2862 3718 ἀνὴρ
2911 3647 3007 3701 καλ⁵
3041 3647 3302 3701 ποικίλων
3336 3644 3478 3714 ἴδρις
3514 3640 3799 3712 πραγμάτων

582 3734 822 3808 negotiis
867 3727 1024 3788 rudis
1052 3727 1261 3788 orator.
1320 3730 1507 3802 Ipsum
1542 3732 1911 3788 comitabatur
1947 3748 2091 3789 unus
2141 3748 2172 3790 θ

2283 3742 2374 3794 καὶ
2400 3740 2574 3809 λόγων
2599 3740 2895 3794 πολιτικῶν
2916 3756 2929 3769 ·
2957 3741 3053 3793 σὺν
3083 3740 3129 3794 δ’
3157 3739 3306 3808 αύτῴ
3331 3743 3430 3792 καὶ
3454 3738 3558 3791 τῶν
3580 3743 3801 3803 πατριαρ-

585 3824 1044 3896 patriarchalium
1072 3822 1435 3878 ecclesiarum
1492 3821 1790 3892 praefectis,
1822 3823 1918 3893 qui
1965 3822 2172 3881 nostris

2283 3832 2449 3906 χικῶν
2500 3832 2779 3904 ἀρχόντων
2810 3832 2921 3905 (48)
2954 3826 3056 3898 εἷς,
3106 3834 3219 3895 τοῖς
3266 3832 3568 3893 πανόπταις
3617 3825 3799 3884 ἐκείνοις

585 3916 917 3972 custodibus
953 3915 1068 3987 (isti
1099 3930 1267 3986 porro
1297 3920 1460 3970 erant
1489 3914 1669 3977 oculei
1708 3917 1810 3971 toti
1837 3925 2004 3987 atque
2033 3915 2172 3973 adeo

2283 3926 2372 3981 καὶ
2402 3927 2597 3991 δεινοῖς
2636 3929 2668 3998 ἡ
2678 3926 2796 3998 μῶν
2826 3926 3056 3996 φύλαξιν
3086 3925 3367 3980 ἀκώλυτον
3400 3923 3686 3978 ἐπιτάττων
3708 3933 3799 3968 rou-

585 4006 893 4079 terribiles)
927 4006 1220 4078 prazcepit,
1279 4016 1343 4062 ut
1377 4006 1572 4061 liuicce
1609 4005 1878 4062 Cabasila‘.
1938 4007 2172 4063 liberum

2283 4014 2376 4087 τῳῒ
2403 4016 2503 4087 τὴν
2527 4014 2737 4071 εἴσοδον
2769 4017 3097 4087 παρασχεῖν.
3127 4015 3238 4070 Καί
3270 4031 3362 4085 μοι
3388 4012 3529 4067 κατὰ
3560 4010 3615 4064 τὸ
3652 4003 3800 4064 εἰωθὸς

586 4099 900 4170 ingressum
958 4097 1300 4169 praeberent.
1369 4096 1474 4153 llic
1518 4107 1730 4167 autem,
1788 4099 1885 4155 ubi
1947 4116 2036 4177 me
2071 4114 2172 4172 pro

2283 4103 2620 4175 προσειπὼν,
2678 4101 2802 4158 εἶτα
2840 4104 3064 4158 ἐκάθισε
3116 4103 3295 4173 κύψας
3337 4103 3402 4154 τὸ
3443 4102 3711 4172 πρόσωπον
3741 4093 3800 4154 εἰς

586 4205 742 4246 more
770 4206 871 4245 suo
897 4189 1178 4255 salutavit,
1205 4198 1395 4260 postea
1424 4189 1669 4247 demisso
1697 4191 1753 4245 in
1780 4198 1984 4248 terram
2013 4193 2171 4248 vultu

2283 4199 2403 4268 γῆν.
2441 4198 2601 4269 Ἔμολ⁵
2635 4197 2733 4269 μὲν
2760 4193 2854 4251 οὖν
2879 4197 3292 4268 ἐμπαθέστερον
3333 4195 3481 4261 εδοξε
3512 4192 3684 4247 τοῦτον
3710 4187 3800 4242 δια-

584 4281 840 4339 conscdit
869 4301 884 4338 :
912 4289 970 4337 et
1005 4281 1214 4352 1051
1244 4283 1372 4352 quia
1397 4282 1599 4338 domus
1635 4297 1770 4338 mea:
1802 4284 2170 4340 calamitatem

2283 4290 2528 4360 τεθῆναι,
2557 4288 2656 4360 τὴν
2719 4291 2817 4356 τῆς
2856 4289 2996 4359 ἐμῆς
3054 4277 3251 4351 οἳκίαξ
3286 4287 3451 4349 εὐθὺς
3513 4283 3799 4349 θεασάμενον

584 4390 898 4445 novamque
926 4374 1254 4445 tragoediam
1287 4375 1659 4455 conspiceret,
1690 4375 1843 4430 visus
1899 4385 1985 4432 est
2036 4377 2172 4432 mihi

2283 4381 2567 4452 συμφορὰν
2596 4381 2693 4435 καὶ
2720 4381 2821 4453 τὴν
2856 4380 3049 4451 καινὴν
3092 4379 3424 4451 τραγῳδίαν,
3459 4379 3553 4431 καὶ
3574 4375 3653 4430 διὰ
3678 4370 3801 4456 τοῦτο

582 4467 711 4536 plus
746 4467 909 4521 solito
940 4465 1300 4533 commoveri,
1335 4475 1501 4537 atque
1544 4467 1672 4522 ideo
1695 4468 1763 4522 ad
1798 4482 1860 4523 se
1912 4483 2172 4525 reversus

2283 4472 2399 4526 καθ’
2434 4470 2628 4523 ἑαυτὸν
2660 4470 2956 4539 γενόμενον
2982 4469 3075 4521 ἐπὶ
3109 4468 3300 4522 τούτου
3331 4468 3558 4520 καθίσαι
3591 4462 3675 4517 τοῦ
3702 4468 3798 4528 σχη-

562 4554 758 4615 Ἰιοοεο
784 4560 1034 4628 corporis
1068 4559 1261 4613 habitu
1294 4559 1532 4626 sedisse,
1569 4574 1767 4615 sensus
1813 4572 2074 4617 externos
2100 4563 2168 4618 ad

2283 4582 2470 4638 ματος,
2520 4566 2700 4634 ἡσυχῇ
2747 4563 2923 4626 πάθος
2980 4563 3153 4632 (ἐντὸς
3189 4563 3288 4625 τὰς
3337 4543 3613 4632 αἰσθήσεις
3644 4557 3710 4618 είς
3748 4550 3798 4604 τὰ

580 4644 755 4710 animi
781 4661 988 4709 secreta
1014 4653 1381 4718 convertisse,
1426 4662 1482 4708 et
1510 4669 1637 4707 cum
1668 4665 1888 4709 nostros
1915 4671 2077 4712 casus
2108 4675 2172 4715 ac

2283 4658 2375 4730 τῆς
2425 4658 2608 4730 ψυχῆς
2647 4659 2939 4728 ἀπόρρητα
2973 4657 3302 4727 στρέψαντα)
3333 4657 3428 4709 καὶ
3476 4655 3571 4717 τὰς
3615 4651 3699 4718 τῆς
3729 4644 3797 4698 τύ-

579 4744 819 4798 fortunae
847 4741 1257 4807 vicissitudines
1290 4741 1591 4811 tranquilla
1613 4751 1800 4798 mente
1828 4744 2172 4801 consideras-

2283 4771 2375 4826 mg
2407 4754 2464 4806 ἐν
2499 4751 2574 4822 νῷ
2605 4752 2918 4820 συνορῶντα
2946 4748 3280 4819 μεταϐολάς·
3307 4748 3431 4810 Πῶς
3464 4747 3493 4798 ό
3517 4746 3582 4799 τὰ
3616 4741 3796 4796 πλεῖστα

583 4843 689 4901 set,
727 4835 785 4889 in
810 4833 937 4890 haec
963 4834 1080 4889 fere
1109 4834 1277 4893 verba
1311 4833 1562 4904 erupisse
1587 4851 1602 4891 :
1631 4835 1919 4901 Quomodo
1942 4852 2062 4907 quae
2092 4846 2172 4893 tot

2283 4826 2653 4917 ρϐεγξὰμενος
2701 4837 2851 4907 οἶκος
2913 4843 3190 4913 ἄφθογγος
3247 4842 3509 4911 ἐξαίφνης
3558 4838 3792 4901 κατέστης

581 4927 813 4983 vocibus
877 4926 1166 4996 personuit
1217 4924 1439 4992 domus,
1502 4925 1805 4997 derepente
1850 4928 2172 4983 obmutuit?

2283 4940 2368 4994 καὶ
2396 4940 2515 5002 πῶς
2545 4938 2603 4993 αί
2651 4938 2763 4992 τῶν
2802 4938 2888 4990 ἀεὶ
2943 4936 3282 5006 προσιόντων
3317 4935 3493 4988 ἄλλοτ’
3528 4932 3689 4986 ἄλλων
3728 4940 3791 4978 σο-

578 5020 860 5093 quomodo
891 5028 1071 5074 caelus
1101 5018 1202 5084 illi,
1253 5015 1320 5073 ad
1356 5033 1498 5089 quos
1532 5019 1628 5074 alii
1665 5019 1803 5074 alias
1839 5034 2060 5090 semper
2081 5035 2172 5076 ac-

2283 5006 2388 5096 ρῶν
2420 5024 2706 5080 συναυλίαι
2738 5027 2834 5080 καὶ
2854 5025 3073 5092 λογικαὶ
3097 5024 3432 5094 πανηγύρεις
3456 5027 3549 5074 καὶ
3569 5027 3631 5073 τὰ
3657 5014 3791 5083 σεμνὰ

578 5114 855 5170 cedebant
881 5109 1182 5181 Sapientes,
1236 5111 1516 5180 quomodo
1573 5112 1874 5167 rationales
1932 5111 2010 5167 illi
2041 5127 2172 5167 con-

2283 5120 2382 5175 τῶν
2415 5121 2648 5190 ἀγώνων
2681 5119 2910 5173 ἐκείνων
2981 5113 3334 5184 παλαίσματα
3384 5115 3589 5187 φροῦδα
3614 5117 3791 5181 γέγονεν

576 5216 781 5261 ventus
810 5213 866 5259 et
896 5202 1215 5258 veneranda
1241 5203 1334 5257 illa
1366 5204 1670 5260 certamina
1703 5205 1886 5260 subito
1922 5219 2165 5260 evanue-

2383 5212 2612 5283 βραχεῖ;
2657 5210 2754 5264 καὶ
2801 5209 2916 5274 πῶς
2946 5212 2995 5264 οί
3046 5209 3158 5263 τῶν
3207 5207 3600 5280 μαθηματικῶν
3639 5200 3791 5271 πηγῶν

578 5296 751 5353 runt?
781 5294 1060 5367 qdomodo
1089 5295 1505 5366 disciplinarum
1530 5298 1731 5365 fontes,
1762 5298 1859 5368 qui
1886 5305 1966 5353 tot
1989 5300 2172 5353 scien-

2283 5303 2593 5372 ὶταμίευτοι
2624 5301 2825 5372 ῥύακες
2856 5300 2951 5353 νῦν
2979 5301 3285 5372 ἀταμίευτα
3311 5300 3549 5366 σιγῶσαν
3578 5296 3669 5366 τὴν
3694 5293 3792 5362 ἐρη-

581 5390 787 5446 tiarum
818 5387 1028 5444 rivulos
1057 5388 1320 5445 omnibus
1383 5388 1714 5457 fundebant,
1770 5405 1918 5445 nunc
1949 5393 2003 5445 in
2045 5407 2172 5461 pro-

2283 5394 2410 5464 μίαν
2445 5394 2788 5461 ὴλλάξαντος
2823 5394 2915 5446 καὶ
2949 5393 3067 5456 πῶς
3110 5368 3159 5445 σί
3198 5393 3306 5445 τῶν
3345 5389 3659 5459 πολλαχόθεν
3685 5388 3789 5438 ἀπο·

1940 5508 2274 5572 Yariorum
2323 5520 2514 5574 notas.

648 5610 762 5683 (47)
799 5608 1008 5683 Horum
1042 5610 1340 5667 verborum
1396 5612 1486 5667 hic
1520 5611 1741 5666 videtur
1766 5626 1890 5683 esse
1944 5627 2161 5681 sensus,
2265 5616 2440 5683 prium
2473 5632 2584 5670 esse
2612 5616 2851 5670 voluerit.
2887 5616 3099 5672 Borvuv.

484 5702 489 5711 ι
573 5676 728 5761 ἱίίιὶιη
744 5676 1070 5752 discipulum
1100 5685 1233 5761 adeo
1259 5698 1315 5735 se
1345 5683 1413 5735 ad
1444 5683 1739 5761 exemptum
1768 5682 1921 5736 Judw
1948 5678 2163 5761 εοιιιίιο-
2265 5676 2275 5683 ’
2338 5688 2449 5761 (48)
2487 5688 2619 5742 Vide
2659 5689 2821 5743 Gauri
2851 5689 3150 5761 Eucholog.
3180 5701 3301 5759 pag.
3332 5683 3433 5740 268
3460 5694 3512 5741 et
3539 5697 3644 5753 seq.
3673 5676 3782 5737 CL“

572 5755 759 5818 suisse,
791 5761 847 5805 ut
875 5769 937 5806 ne
968 5762 1079 5805 tum
1110 5755 1341 5821 quidem,
1391 5768 1509 5805 cum
1533 5753 1768 5805 habitum
1811 5757 2163 5806 monasticam
2265 5753 2484 5812 rerum.

575 5823 852 5888 induisset,
899 5825 1143 5891 magistri
1204 5825 1399 5891 proditi
1420 5825 1620 5877 crimen
1669 5824 1832 5878 solius
1863 5824 2017 5878 Iuda:
2039 5841 2165 5893 pro-
