4002 6468
210 428 356 493 132')
613 425 689 498 [Α.
732 443 782 483 c.
828 425 989 499 1351]

1219 431 1665 493 BYZANTINzE
1692 434 1803 495 HIS

1902 437 2072 496 tu”;
2121 438 2266 499 LIB,
2302 439 2491 502 xx”.
2572 434 2700 506 [ιιιιι.
2741 452 2786 491 ι.
2825 451 3118 493 caxncuz.
3162 408 3219 507 '5]

3331 440 3471 506 1330

205 552 345 622 ριῶν
376 550 710 607 καὶλύσεων
743 552 842 620 τῆς
876 551 1311 622 ἀστροθεάμονος
1350 552 1543 621 σοφίας
1571 552 1780 605 δίαυλοι

1902 554 2110 609 'undam
2152 565 2209 610 et
2240 556 2458 611 tacitam
2507 556 2860 611 solitudinem
2922 556 3248 611 commutati
3302 558 3471 611 sunt?

200 643 304 696 νῦν
333 644 392 696 ἐν
421 646 534 708 τοῖς
568 644 665 710 τῆς
685 644 855 714 λήθης
886 642 1200 713 ἐκρύϐησαν
1223 644 1415 712 τάφοις
1439 662 1452 709 ;
1496 643 1654 713 Ἐμοὶ
1686 644 1787 714 μὲν

202 730 304 789 οὖν
355 734 562 788 τοιαῦτ’
608 735 781 787 ἐδίδου
817 736 877 788 τδ
913 736 1099 805 σχῆμα
1131 735 1224 788 τοῦ
1260 736 1416 805 φίλου
1444 735 1785 819 λογίζεσθαι,

204 829 308 880 καὶ
336 828 437 881 ὅσα
471 827 640 881 πλείω
672 827 882 890 τούτοις
911 826 1127 883 ἕπεται.

282 1091 357 1147 B’:
390 1093 482 1146 Διὸ
512 1093 609 1146 καὶ
636 1091 816 1159 λέγειν
837 1091 1143 1162 ἀρξάμενος
1179 1092 1356 1162 ἔγωγε
1390 1094 1518 1162 περὶ
1552 1092 1653 1163 μὲν
1677 1090 1787 1146 τῶν

202 1186 497 1257 ἡμετέρων
522 1185 760 1239 Ἥκιστά
815 1201 899 1248 σε,
940 1184 1111 1252 φίλων
1141 1184 1355 1254 ἄριστε,
1407 1180 1785 1254 ᾖαὶεπαίνειν,

204 1277 473 1345 ἔφασκον,
510 1272 646 1328 εἶναι
682 1273 881 1344 χρεὼν,
909 1274 1033 1330 ἐπεὶ
1085 1274 1252 1344 μηδὲν
1295 1273 1401 1327 τῶν
1433 1275 1490 1327 ἐν
1525 1271 1625 1344 βίῳ
1658 1290 1789 1345 χρη-

209 1367 358 1421 στῶν
411 1367 613 1437 ἀμιγὲς
663 1366 772 1437 οὐδ’
811 1366 1051 1437 ἄκρατον
1103 1364 1218 1436 ἔχει
1270 1365 1333 1419 τὸ
1369 1368 1594 1436 χαῖρον·
1652 1362 1791 1418 ἀλλὰ

208 1458 481 1528 μέμικται
524 1459 702 1512 πάντα
742 1456 882 1527 πρὸς
930 1456 1022 1511 τοῦ
1073 1454 1231 1522 Θεοῦ,
1285 1456 1538 1527 καθάπερ
1584 1455 1789 1526 χαλινῷ

204 1569 319 1605 τινι
344 1551 445 1622 τὴν
481 1550 746 1621 διαμονὴν
778 1550 875 1602 τοῦ
920 1551 1138 1620 φρονεῖν
1186 1550 1245 1601 ὲν
1282 1549 1502 1618 μέτροις
1533 1548 1792 1618 κατέχον-

204 1661 300 1708 τος
323 1660 341 1677 ο
372 1640 511 1697 εἶναι
546 1644 654 1714 γὰρ
702 1643 1073 1713 παγχάλεπον,
1120 1641 1415 1711 εὐροοῦντα
1458 1644 1573 1705 ταῖς
1600 1644 1791 1710 ἁμωσ-

206 1735 398 1805 γέπως
450 1734 922 1805 μακαριζομέναις
962 1732 1159 1803 τύχαις
1217 1732 1311 1785 τοῦ
1354 1732 1473 1802 βίου
1507 1732 1694 1803 μένειν
1731 1730 1790 1785 ὲν

208 1828 293 1899 τῷ
322 1826 631 1882 καθεστῶτι
668 1825 761 1879 τοῦ
812 1826 1004 1897 ἤθους.
1038 1826 1174 1894 Περὶ
1204 1824 1262 1878 δὲ
1294 1825 1388 1879 σοῦ
1441 1819 1530 1895 μοι
1577 1824 1791 1894 θαυμά-

212 1921 332 1987 ζειν
363 1919 564 1983 ἔπεισι,
602 1920 720 1982 πῶς
752 1919 1008 1972 τοσούτου
1036 1918 1306 1989 χειμῶνος
1329 1917 1396 1972 τὰ
1425 1918 1522 1987 τῆς
1565 1918 1794 1988 Ἐκκλη-

213 2013 340 2076 σίας
361 2011 698 2082 ταράξαντος
719 2010 987 2080 δόγματα,
1013 2010 1212 2080 ἣκιστα
1239 2009 1533 2080 γινώσκειν
1558 2009 1645 2082 [Ρ.
1664 2009 1793 2083 662]

210 2106 328 2168 τοῖς
369 2104 542 2174 φίλοις
580 2105 732 2175 ἡμῖν,
765 2098 847 2166 οἷς
885 2102 954 2156 τὰ
989 2104 1231 2173 μάλιστα
1267 2105 1493 2184 θαρρεῖν
1539 2103 1752 2167 ἐδόκεις
1774 2143 1791 2170 ,

211 2196 369 2252 οὔπω
408 2196 651 2261 δέδωκας
701 2197 834 2267 ἡμῖν
864 2196 1020 2251 οὐδὲν
1075 2196 1307 2266 ἀκριϐές
1338 2213 1354 2229 ο
1406 2197 1522 2251 ἀλλ’
1570 2197 1795 2267 ἀφῆκας

212 2289 592 2352 παντοδαπαῖς
643 2288 950 2342 πλανᾶσθαι
1005 2290 1237 2359 φήμαις,
1273 2290 1369 2342 καὶ
1398 2288 1792 2359 ἀμφισϐητεῖν,

215 2383 452 2453 πότερον
480 2384 605 2444 τοῖς
631 2382 778 2450 ὅροις
824 2379 1057 2445 ἐκείνοις
1089 2380 1351 2447 ἐμμένεις
1383 2382 1478 2435 καὶ
1509 2384 1596 2445 σὺ,
1620 2381 1794 2436 καθά-

219 2491 330 2545 περ
352 2474 521 2544 ἡμεῖς
549 2489 563 2505 ο
592 2473 624 2546 ἢ
655 2472 909 2541 καθάπερ
958 2470 1185 2540 θυέλλης
1216 2474 1313 2542 τῆς
1364 2476 1479 2538 τοῖς
1530 2472 1797 2544 δόγμασιν

217 2566 576 2637 ἐνσκηψάσης
621 2564 717 2618 νῦν
752 2564 1092 2632 καταιγίδος,
1126 2564 1221 2616 καὶ
1256 2563 1434 2618 ἄλλων
1483 2564 1669 2620 ἄλλοθι
1704 2582 1798 2635 ips—

220 2657 493 2730 ρομὲνων,
528 2655 783 2726 καθάπερ
818 2655 926 2709 τῶν
963 2656 1164 2712 πλοίων
1193 2656 1263 2710 τὰ
1292 2657 1663 2727 ἀκυϐέρνητα,
1701 2659 1798 2726 φέ-

223 2769 333 2823 ρων
383 2751 479 2803 καὶ
525 2748 591 2802 σὺ
641 2748 844 2803 σαυτὸν
880 2751 994 2811 τοῖς
1045 2749 1313 2813 ἐναντίοις
1344 2750 1669 2822 ἐπέρῤιψας,
1700 2749 1797 2805 καὶ

217 2841 471 2912 γλώττης
501 2838 736 2908 ἀφειδῶς
772 2839 895 2893 καθ’
925 2836 1082 2911 ἡμῶν
1114 2842 1315 2911 ὁμοίως
1349 2841 1493 2911 ἔχεις
1545 2841 1795 2903 ἐκείνοις.

218 2932 418 2986 Καίτοι
457 2933 510 3002 γ’
541 2931 788 3000 ἀνάγκην
821 2930 1001 3000 ἥκιστ’
1036 2929 1198 3000 ῐσμεν
1244 2929 1503 2999 οὐδεμίαν
1553 2928 1644 3001 βίᾳ
1699 2944 1801 2981 πε-

224 3023 472 3096 ριοῦσανι
506 3023 718 3077 πείθειν
766 3025 833 3091 τῇ
889 3022 1161 3094 θρησκείᾳ
1192 3024 1289 3077 καὶ
1318 3024 1418 3091 τὴν
1450 3021 1629 3089 φιλίαν
1660 3019 1798 3090 ὁμοῦ

1891 648 2169 717 quomodo
2197 647 2438 718 denique
2494 648 2603 703 illa:
2653 649 2885 703 subinde
2938 657 3292 703 recurrentes
3321 664 3471 718 qua:-

1889 738 2131 793 stionum
2161 754 2224 794 ac
2250 740 2582 793 solutionum
2614 726 3114 794 astronomicaruui
3182 740 3461 794 exercita-

1892 831 2069 885 tiones
2096 830 2208 900 jam
2237 831 2512 885 oblivione
2539 831 2730 886 deletae
2750 831 2912 886 sunt?
2936 829 3080 895 Herc,
3113 841 3168 885 et
3185 830 3288 885 alia
3313 830 3465 900 plura

1889 920 1977 975 bis
2008 921 2335 985 consimilia,
2388 921 2540 977 'mihi
2598 922 2886 992 cogitanda
2944 921 3239 992 objiciebat
3305 921 3466 977 amici

1889 1010 2062 1064 nostri
2099 1011 2337 1066 habitus.

1960 1099 2700 1172 ll..ltaqueloquiexorsus,
2738 1123 2756 1156 ι
2792 1103 3146 1160 Calamitates
3199 1105 3465 1176 (inquam)

1891 1200 2109 1246 nostras
2142 1208 2287 1262 aegre
2312 1193 2457 1250 ferre
2487 1210 2596 1249 non
2645 1193 2835 1261 debes,
2886 1196 3186 1251 amicorum
3238 1197 3466 1265 Optime,

1889 1283 2336 1354 quandoquidem
2366 1286 2576 1342 nullum
2606 1296 2689 1343 est
2717 1288 2820 1343 hac
2850 1288 2905 1342 in
2947 1287 3059 1343 vita
3092 1287 3466 1353 commodum,

1889 1377 2037 1447 quod
2060 1392 2253 1447 puram
2287 1380 2528 1449 etplane
2586 1380 2858 1435 sinceram
2918 1380 3163 1435 Letitiam
3216 1378 3458 1437 aderat:

1889 1468 2024 1538 quin
2059 1470 2170 1524 imo
2194 1468 2337 1525 Dens
2371 1472 2557 1527 omnia
2607 1473 2977 1537 commiscuit,
3049 1480 3212 1541 atque
3264 1470 3336 1524 ita
3370 1484 3469 1524 nos

1891 1558 2049 1613 freno
2072 1559 2312 1627 quodam
2347 1572 2569 1617 coercet
2600 1580 2615 1628 ;
2648 1578 2717 1618 ne
2742 1562 2871 1631 quid
2904 1563 3091 1627 nimis,
3125 1560 3216 1617 sed
3251 1560 3318 1615 ad
3352 1575 3471 1615 me-

1874 1649 2241 1711 diocritatem
2269 1665 2492 1721 semper
2515 1653 2817 1722 sapiamus.
2845 1651 2901 1706 Si
2922 1652 3055 1717 quis
3087 1651 3470 1707 enim.utcuuo

1891 1758 1999 1813 que
2021 1743 2305 1813 prosperis
2363 1742 2600 1799 fortunae
2651 1744 2876 1799 ﬂatibus
2909 1754 3124 1805 utatur,
3187 1743 3235 1796 is
3301 1741 3469 1796 animi

1892 1825 2218 1904 morumque
2248 1835 2614 1891 constantiam
2644 1835 2959 1890 diﬂicillime
2992 1843 3306 1890 conservat.
3332 1831 3468 1909 illud

1895 1933 2080 1981 autem
2113 1926 2248 1980 mihi
2275 1925 2575 1997 permirum
2642 1925 2866 1990 accidit,
2923 1923 3071 1994 quod
3129 1938 3252 1978 cum
3320 1931 3467 1975 tanta

1897 2022 2191 2085 tempestas
2215 2014 2473 2071 Ecclesiae
2502 2014 2756 2084 dogmata
2787 2013 3147 2085 perturbarit,
3178 2027 3281 2067 nos
3328 2010 3471 2064 ami~

1895 2122 1991 2163 cos
2023 2116 2150 2163 tuos
2171 2149 2186 2176 ,
2224 2107 2427 2178 quibus
2477 2106 2760 2163 conlidere
2810 2108 3046 2183 maxime
3077 2104 3289 2175 1052
3321 2103 3475 2159 vide-

1894 2200 2065 2264 baris,
2099 2200 2335 2256 necdum
2364 2200 2562 2256 feceris
2593 2198 2878 2262 certiores,
2920 2198 3016 2254 scd
3061 2198 3229 2252 variis
3264 2198 3373 2251 huc
3404 2196 3471 2249 il-

1895 2292 1988 2347 luc
2037 2292 2237 2349 abduci
2290 2291 2614 2347 rumoribus
2671 2299 2729 2344 et
2787 2290 3047 2345 dubitare
3125 2289 3470 2360 permiseris,

1876 2374 2108 2448 ‘utrum,
2138 2380 2602 2457 quemadmodum
2635 2395 2759 2446 nos,
2792 2388 2850 2435 tu
2876 2395 3099 2451 quoque
3148 2379 3203 2434 in
3242 2376 3350 2434 illis
3379 2378 3476 2431 de-

1898 2474 2244 2531 ﬁnitionibus
2273 2489 2640 2546 permaneas;
2672 2490 2740 2530 an
2768 2488 2922 2538 vero,
2965 2487 3089 2528 cum
3122 2471 3292 2527 veluti
3347 2484 3476 2541 pro-

1898 2568 2034 2623 cella
2055 2568 2303 2638 qmedam
2337 2568 2637 2625 vehemens
2663 2567 2918 2635 Ecclesiae
2943 2566 3290 2639 dogmatibus
3318 2565 3476 2621 incu-

1901 2659 2103 2725 buerit,
2132 2667 2189 2714 et
2228 2659 2319 2714 alii
2354 2660 2461 2715 alio
2514 2660 2765 2717 ferantur
2796 2659 2866 2716 de
2900 2674 3053 2716 more
3104 2658 3472 2730 navigiorum,

1900 2768 2023 2823 qua:
2054 2752 2433 2822 gubernaculo
2459 2762 2674 2821 carent,
2722 2753 2776 2808 in
2810 2752 3256 2809 adversariorum
3289 2760 3477 2822 partes

1901 2856 1954 2901 te
1980 2847 2161 2915 ipsum
2193 2845 2518 2916 conjcceris.
2556 2860 2661 2900 nec
2683 2860 2849 2916 parce
2907 2844 3149 2915 linguam
3207 2843 3478 2898 adversus

1900 2949 2004 2991 nos
2027 2950 2213 3001 acuas,
2237 2936 2474 2990 sicutilli
2495 2936 2762 2990 hactenus
2786 2944 3078 2991 acuerunt.
3105 2934 3267 3004 Atqui
3293 2943 3473 2988 tamen

1902 3027 2108 3082 nullam
2141 3027 2399 3083 novimus
2424 3042 2553 3083 esse
2580 3028 2990 3091 necessitatem,
3048 3042 3173 3097 qua:
3202 3026 3384 3096 adigat
3414 3035 3476 3078 ut

222 3115 638 3181 συνεξίστασθαι
665 3130 679 3146 ⁸
707 3116 829 3168 ἐπεὶ
853 3116 947 3167 καὶ
979 3112 1254 3180 Λιϐἀνιον,
1276 3114 1516 3185 ’Ἕλληνα
1541 3114 1640 3186 τὴν
1666 3113 1800 3186 θρη-

1904 3119 2069 3175 simul
2128 3134 2256 3174 cum
2331 3120 2598 3191 religione
2645 3120 2885 3175 amicitia
2943 3118 3059 3189 ipsa
3128 3118 3472 3188 deponatur;

223 3211 416 3264 σκείαν
454 3210 607 3274 ὄντα,
643 3209 909 3278 Βασιλείῳ
933 3208 1086 3277 φίλον
1112 3203 1252 3261 εἶναι
1287 3207 1413 3278 ἐνῆν
1446 3208 1523 3277 τῷ
1548 3207 1792 3279 μεγάλῳο

1902 3207 2345 3280 quandoquidem
2386 3206 2640 3273 Libanio,
2667 3208 3217 3279 ethnicm'rcligionis
3250 3206 3475 3272 cultori,

221 3305 321 3358 καὶ
346 3302 606 3355 τοιούτων
634 3301 662 3353 ὁ
694 3301 809 3371 βίος
842 3303 1002 3370 γέμει
1027 3299 1379 3370 παραϐολῶν.
1414 3301 1650 3368 Ἔπειτ’,
1678 3300 1799 3354 οὐδὲ

1902 3300 2141 3357 amicitia
2196 3314 2320 3355 cum
2355 3315 2567 3372 magno
2626 3299 2827 3355 Basilio
2863 3315 2986 3355 esse
3044 3299 3261 3370 potuit:
3292 3304 3347 3354 'et
3374 3298 3478 3353 hu-

224 3396 419 3460 θέλων,
462 3394 540 3465 τῷ
606 3382 842 3463 lianqu
924 3393 1316 3464 προστίθεσθαι
1374 3393 1663 3464 δυνηθείης
1711 3394 1799 3449 ἄν.

222 3485 400 3542 Οἶσθα
428 3489 535 3557 γὰρ
568 3486 643 3551 ὡς
683 3487 907 3559 Ἰωάννῃ
942 3485 1021 3564 τῷ
1074 3487 1393 3560 πατριάρχῃ
1430 3486 1592 3550 ζῶντι
1630 3488 1801 3557 συχνὰ

222 3581 322 3633 καὶ
358 3582 498 3648 μετά
524 3595 588 3647 γε
612 3566 810 3649 πολλῆς
840 3578 941 3648 τῆς
990 3576 1173 3641 αἰδοῦς
1208 3577 1471 3647 προσιὼν,
1505 3578 1667 3632 αὐτὸν
1701 3580 1800 3650 μὲν

221 3670 342 3730 τοῖς
370 3668 547 3734 ἁγίοις
580 3668 902 3729 συνέταττες
931 3667 1082 3731 ὅλαις
1124 3669 1413 3735 προθέσεσι
1454 3670 1553 3739 τῆς
1582 3668 1761 3741 ψυχῆς
1781 3686 1797 3703 ο

226 3761 499 3828 Παλαμᾶν
560 3759 605 3813 δ’
653 3759 790 3829 ὁμοῦ
845 3758 1057 3829 βασιλεῖ
1105 3759 1548 3830 Καντακουζηνῷ
1602 3762 1805 3825 πάσαις

224 3851 455 3914 ἔπλυνες
486 3849 674 3922 ὕϐρεσι
702 3850 918 3920 νύκτωρ
968 3849 1063 3902 καὶ
1100 3849 1221 3919 μεθ’
1261 3850 1497 3920 ἡμέραν,
1551 3851 1646 3904 καὶ
1679 3852 1803 3905 ἀσε-

228 3943 343 3996 ϐῶν
373 3943 767 4013 ἁσεϐεστέρους
801 3930 1058 3995 ἁπάντων
1087 3940 1305 4005 ἐκάλεις
1327 3957 1342 3972 ·
1376 3941 1471 3994 καί
1519 3959 1673 4011 σφισι
1706 3961 1806 3998 ταο

228 4036 331 4106 χίιν
360 4035 451 4088 τὸν
484 4034 793 4104 ἀφανισμὸν
826 4033 1044 4086 ἔσεσθαι
1100 4031 1407 4105 προῦλεγες
1432 4048 1447 4064 ·
1497 4032 1572 4097 ὡς
1605 4034 1806 4104 ἥκιστα

233 4129 384 4200 μάλα
419 4144 502 4181 σοι
531 4126 924 4198 περιΐστασθαι
956 4124 1073 4189 νῦν,
1104 4126 1201 4195 την
1231 4125 1371 4197 πρὸς
1404 4127 1670 4181 τάναντία
1709 4144 1809 4198 με-

230 4220 471 4289 ταϐολὴν
498 4220 873 4290 ἁρμόττουσαν
912 4212 1077 4276 εἶναι..
1116 4216 1388 4280 συνέσεως
1415 4219 1685 4274 οὕτωκαὶ
1715 4217 1809 4286 γή-

231 4332 346 4387 ρως
379 4313 575 4384 ἔχοντι,
614 4312 707 4365 καὶ
743 4311 979 4381 συνορᾷν
1020 4309 1307 4379 δυναμένῳ
1334 4310 1431 4378 τῆς
1459 4298 1720 4380 αἰσχύνης
1746 4309 1807 4361 τὸ

235 4403 492 4477 μέγεθος.
553 4404 712 4457 Ποῖον
757 4404 864 4472 γὰρ
919 4401 999 4454 ἔτι
1049 4402 1239 4473 χρόνον
1296 4401 1403 4455 τῶν
1454 4401 1807 4469 καθηκόντων

231 4501 506 4569 ἁναμενεῖ
542 4514 627 4560 τις
679 4496 1007 4566 σύμϐουλον,
1039 4498 1096 4548 ἐν
1144 4494 1373 4564 τοιαύτῃ
1406 4494 1645 4560 γεγονὼς
1690 4496 1807 4563 ήλιο

1904 3406 2063 3446 mana
2089 3391 2201 3446 vita
2260 3390 2578 3462 bujusmodi
2613 3391 2880 3460 exemplis
2931 3390 3130 3445 referta
3160 3399 3265 3445 est.
3322 3387 3476 3443 Adde

1906 3484 2052 3555 quod
2087 3485 2334 3548 Palamte,
2367 3499 2469 3540 nec
2491 3485 2535 3540 si
2563 3484 2701 3539 velis
2731 3483 2976 3555 quidem,
3009 3484 3261 3538 assentiri
3287 3496 3479 3553 queas.

1906 3578 2065 3643 Nam,
2102 3587 2162 3632 ut
2208 3578 2376 3641 nosti,
2436 3578 2501 3632 ad
2557 3577 2825 3634 Joannem
2886 3576 3253 3646 patriarcham
3312 3575 3482 3629 multa

1907 3683 2031 3724 cum
2063 3669 2371 3723 reverentia
2402 3682 2543 3737 saepe
2567 3668 2871 3732 accessisti,
2898 3683 3138 3738 eumque
3158 3676 3270 3723 tota
3303 3668 3485 3721 inten-

1908 3761 2057 3816 tione
2109 3760 2275 3815 animi
2336 3761 2544 3815 sanctis
2600 3759 3051 3826 adnumerabas;
3111 3760 3165 3814 in
3207 3760 3481 3813 Palamam

1907 3861 2091 3933 autem
2120 3860 2177 3907 et
2214 3853 2602 3921 imperatorem
2633 3851 3076 3906 Cantacuzenum
3107 3851 3292 3905 omnia
3310 3851 3484 3905 male-

1910 3943 2055 3998 dicta
2107 3943 2201 3996 diu
2233 3950 2511 4011 noctuque
2538 3941 2885 3997 conferebas.
2951 3942 3299 3997 Vocabantur
3325 3942 3418 3995 isti
3452 3956 3482 3995 a

1909 4044 1963 4090 te
1995 4034 2242 4089 omnium
2273 4034 2569 4102 impiorum
2598 4032 2836 4088 maxime
2864 4033 3020 4102 impii
3058 4050 3072 4087 :
3126 4048 3266 4103 quos
3313 4032 3479 4088 etiam

1908 4126 1977 4180 de
1998 4124 2181 4179 medio
2203 4123 2496 4179 confestim
2550 4124 2825 4180 sublatum
2891 4124 2956 4178 iri
2995 4125 3329 4194 praedicebas
3356 4141 3370 4177 :
3402 4125 3476 4177 ita

1908 4226 1969 4273 ut
2000 4232 2110 4271 non
2150 4216 2388 4287 amplius
2411 4216 2527 4287 jam
2562 4224 2617 4271 te
2648 4216 2841 4271 deceat
2901 4216 2955 4271 in
2986 4218 3214 4271 alteram
3256 4226 3475 4285 partem

1910 4313 2176 4373 converti,
2214 4323 2341 4364 cum
2377 4316 2584 4363 tantam
2614 4309 2961 4378 prudentiam
3028 4316 3085 4363 ct
3136 4316 3477 4362 senectutem

1910 4400 2141 4469 adeptus
2167 4399 2357 4465 fueris,
2390 4408 2448 4454 et
2480 4398 2641 4454 facile
2670 4400 2961 4470 perpicere
2984 4401 3188 4464 valeas,
3215 4409 3481 4468 quantum

1915 4492 1968 4546 in
2004 4502 2054 4548 te
2081 4491 2323 4547 dedecus
2348 4492 2546 4546 exinde
2574 4491 2645 4546 sit
2674 4491 3141 4547 redundaturum.
3199 4482 3300 4559 Qu‘t
3333 4493 3479 4546 cutim

233 4589 330 4660 κίᾳ
353 4608 367 4655 ;
391 4589 496 4643 Καὶ
527 4588 728 4650 πάσαις
757 4585 853 4654 μὲν
876 4586 982 4657 γὰρ
1014 4584 1248 4656 ἡλικίαις
1273 4584 1367 4636 καὶ
1385 4585 1574 4654 τύχαις
1595 4584 1803 4651 ἀνάγκη

1913 4599 1980 4639 eo
2009 4584 2187 4639 atatis
2215 4592 2507 4653 provectus
2529 4593 2636 4648 est,
2679 4583 2841 4652 quale
2874 4592 3087 4652 tempus
3119 4584 3481 4651 exspectabit,

233 4679 402 4748 φόϐον
432 4673 570 4731 εἶναι
598 4677 851 4741 θανάτου,
879 4677 1124 4747 ἀγνωσία⁵
1150 4679 1387 4747 μυστικῇ
1425 4678 1549 4739 τοὺς
1577 4675 1812 4739 κανόνας

234 4773 371 4842 ἡμῖν
407 4772 508 4840 τῆς
538 4770 687 4840 ζωῆς
721 4769 812 4821 τοῦ
860 4768 995 4821 Θεοῦ
1043 4768 1541 4837 συγκαλύπτοντος,
1575 4767 1811 4838 μάλιστα

236 4861 295 4914 δέ
326 4865 437 4925 τοῖς
474 4864 566 4914 τὸν
599 4860 825 4929 ἔσχατον
862 4859 1188 4930 οὖτωςξὸρον
1215 4860 1310 4928 τῆς
1342 4857 1563 4928 ἡλικίας
1614 4874 1812 4929 σκηνο-

234 4952 536 5007 6ατοῦσινο
569 4953 657 5005 ὅτε
701 4950 939 5021 μάλιστα
993 4928 1088 5003 καὶ
1136 4950 1237 5020 τῆς
1291 4950 1477 5020 ἀκμῆς
1532 4949 1807 5023 ἐκείνηςή

236 5047 549 5115 πανήγυρις
586 5043 686 5115 ἤδη
720 5043 1030 5109 σϐέννυται,
1079 5044 1173 5096 καὶ
1213 5044 1273 5095 τὸ
1315 5044 1423 5096 τῶν
1454 5043 1685 5114 μακρῶν
1717 5044 1804 5097 ἐλ-

239 5143 412 5196 πίδων
440 5141 514 5203 ὡς
546 5140 614 5194 τὰ
637 5140 808 5193 πολλὰ
835 5139 1180 5210 παρατρέχει
1204 5139 1452 5208 θέατρον.
1488 5139 1551 5192 Ὃ
1581 5137 1644 5208 δὴ
1675 5137 1815 5191 κάπὶ

237 5234 364 5289 νοῦν
396 5235 482 5288 ἀεί
519 5252 609 5305 μςι
639 5233 923 5303 στρέφοντι
955 5230 1061 5309 τῶν
1096 5208 1555 5301 διεῖδριαντοποιῶν
1599 5227 1715 5298 (49)
1753 5244 1813 5280 τε

240 5330 338 5382 καὶ
369 5327 474 5380 τῶν
505 5326 814 5396 ζωγράφων
850 5323 1091 5386 ἐκείνους
1122 5322 1279 5392 ἐπῄει
1332 5320 1660 5387 θαυμάζειν,
1696 5320 1811 5372 ὅσοι

238 5418 342 5489 τῆς
368 5418 629 5489 χρονικῆς
663 5417 911 5487 περιόδου
949 5414 1009 5466 τὸ
1040 5413 1206 5482 τάχος
1247 5413 1532 5480 μιμεῖσθαι
1580 5409 1668 5462 διὰ
1714 5409 1815 5477 τῆς

240 5512 440 5583 τέχνης
493 5511 769 5571 ἐθέλοντες
820 5492 986 5574 ἄνδρα
1040 5505 1285 5558 ποιοῦσιν
1334 5498 1811 5569 ὀπισθοφάλακρον

246 5605 349 5678 μὲν
382 5604 456 5669 ὡς
493 5604 720 5667 ἐπίπαν,
761 5603 822 5655 οὐ
850 5601 891 5652 δ’
917 5597 1357 5666 ἀναφαλαντίαν·
1390 5593 1528 5647 ἀλλὰ
1560 5592 1813 5659 μέτωπον

1910 4674 2058 4742 quod
2083 4687 2209 4727 eum
2234 4672 2317 4727 sui
2350 4672 2515 4727 cilicii
2554 4672 2888 4728 admoneat?
2929 4672 3064 4726 Nam
3120 4688 3247 4726 cum
3305 4673 3486 4729 omnis

1908 4767 2090 4821 tetatis
2122 4774 2178 4821 et
2201 4765 2439 4819 fortuna:
2467 4764 2789 4821 hominibus
2822 4765 3061 4821 timenda
3092 4765 3165 4821 sit
3197 4781 3368 4830 mors,
3418 4780 3485 4821 eo

1911 4859 2059 4929 quod
2084 4858 2209 4913 vita:
2237 4865 2442 4912 nostra;
2474 4865 2650 4912 metas
2712 4858 2941 4927 mystica
2974 4857 3209 4926 quadam
3261 4856 3485 4928 ignora-

1913 4949 2062 5004 tione
2089 4948 2234 5002 Deus
2260 4946 2555 5010 obvelarit,
2594 4955 2707 5000 tum
2743 4946 2977 5001 maxime
3007 4948 3075 5001 iis
3110 4948 3353 5002 timenda
3376 4956 3483 5011 est,

1909 5038 2003 5107 qui
2035 5036 2246 5107 1053
2279 5037 2574 5092 terminum
2612 5038 2734 5093 vitae
2765 5047 2821 5093 et
2876 5038 3132 5093 ultimum
3191 5052 3372 5094 actum
3404 5038 3485 5093 sic

1908 5128 2060 5183 velut
2099 5128 2157 5182 in
2189 5144 2351 5184 scena
2377 5127 2658 5199 produnt:
2693 5129 2911 5198 quando
2968 5130 3275 5199 priesertim
3334 5127 3479 5182 festi--

1909 5237 2012 5278 vus
2040 5221 2128 5277 ille
2160 5221 2316 5291 vigor
2345 5220 2523 5276 anatis
2553 5221 2943 5291 exstinguitur,
2968 5236 3190 5289 et.qu:c
3234 5236 3334 5275 nos
3387 5220 3483 5274 diu

1910 5329 2037 5385 spes
2063 5313 2339 5383 praeclarae
2363 5313 2633 5374 luserant.
2669 5329 2856 5368 earum
2892 5313 3007 5369 fere
3033 5314 3310 5368 theatrum
3345 5328 3484 5382 pra:-

1915 5406 2226 5462 terlabitur.
2287 5404 2442 5471 Quod
2475 5405 2659 5460 animo
2698 5405 2826 5460 dum
2870 5420 3095 5475 semper
3138 5419 3353 5459 mecum
3386 5420 3484 5459 vo-

1914 5497 2051 5563 luto,
2082 5496 2378 5552 statuarios
2434 5497 2555 5551 illos
2616 5504 2672 5551 et
2723 5496 2962 5566 pictores
2998 5494 3261 5549 admirari
3314 5495 3483 5557 subit,

1917 5590 2014 5657 qui
2075 5588 2320 5645 velocem
2358 5590 2738 5645 convertentis
2788 5592 2909 5648 seSc
2963 5589 3225 5658 temporis
3258 5600 3482 5643 cursum

1559 5731 1889 5791 \‘ariorum
1938 5733 2125 5788 noto.

318 5881 436 5953 (49)
476 5881 566 5936 Sic
612 5895 773 5950 supra
804 5877 901 5932 lib.
941 5889 1058 5942 xm,
1112 5888 1233 5942 cap.
1274 5871 1320 5937 l,
1359 5879 1491 5927 sect.
1538 5870 1587 5923 -i.
1616 5868 1953 5923 Cirrcnoxx.
