4002 6446
302 400 439 465 1337
677 394 753 468 μ.
782 410 834 451 ε.
866 394 1023 466 ιδει]

1239 395 1681 459 ΒΥΖΑΝΤΙΝιΕ
1716 392 2112 480 ῌΙΞΤΟΒΙᾹΞ
2152 394 2304 486 LlB.
2336 394 2528 477 XXI}.

2658 387 2794 460 [tum
2823 402 2869 441 ι.
2909 401 3206 441 omnem.
3243 388 3298 456 5|
3422 389 3555 450 1338

302 534 446 587 μεως
476 516 572 570 καὶ
604 515 809 586 ἰσχύος,
843 516 976 580 ἂνευ
1004 514 1194 578 οὐσίας
1228 515 1365 586 πρὸς
1392 516 1541 587 ἡμᾶς
1575 521 1868 583 κατιούσης

1976 512 2071 569 Dei
2111 514 2370 568 thronum
2420 528 2571 568 sacra
2606 511 2890 582 Scriptura
2945 509 3184 575 vocavit)
3225 508 3558 578 participare

297 611 538 677 ἑκάστης
574 611 671 663 καὶ
705 608 965 677 ποιούσης
999 606 1292 670 ἀκτίστους
1325 622 1342 640 ⁶
1373 607 1535 676 ἄλλης
1568 606 1669 676 μὲν
1706 603 1870 672 οὔσης

295 705 392 758 καὶ
421 704 632 773 μακρὸν
654 702 714 755 τὸ
737 703 994 770 διάφορον
1026 703 1090 754 ἐκ
1120 701 1217 770 τῆς
1242 700 1432 764 οὐσίας
1464 699 1693 769 ἐχούσης
1716 715 1729 729 ·
1756 699 1874 752 θεό-

294 772 459 863 τητος
492 791 537 845 δ’
568 790 735 862 οὔσης
766 791 861 845 καὶ
890 791 1083 881 αὐτῆς,
1114 789 1373 843 ἀκτίστου
1411 790 1532 859 μὲν,
1570 789 1873 861 ὑφειμένης

294 883 342 939 δ’
370 882 485 938 οὖν.
521 902 540 937 r
576 882 766 938 Ταῦτα
794 882 839 936 δ’
871 882 1037 937 αὐτοῦ
1066 883 1374 948 διεξιόντος,
1404 883 1556 953 κῦμα
1589 883 1682 935 καὶ
1712 883 1874 936 σάλον

295 973 410 1046 εἶχε
443 977 503 1030 τὸ
532 971 662 1048 ἦθος
691 975 858 1030 αὑτοῦ
880 991 895 1006 ο
932 977 1029 1030 καὶ
1057 975 1296 1028 ἐνέκειτο
1327 974 1475 1043 μάλα
1512 975 1777 1045 σφοδρῶς,
1811 974 1874 1028 ἐκ

291 1067 390 1120 τοῦ
425 1066 673 1134 μείζονος
708 1066 956 1120 ἀπαιτῶν
981 1108 997 1131 ,
1029 1066 1290 1137 ὁπότερον
1337 1065 1405 1118 ἂν
1434 1064 1659 1135 ἑλοίμην
1713 1065 1876 1128 αὐτὸς

294 1158 444 1211 δυοῖν
469 1158 644 1212 δντοιν
667 1155 1385 1229 πραγμάτοιν,’ἀντιθέσεως
1412 1155 1505 1208 καὶ
1529 1153 1872 1223 συγκαταθέι

296 1262 456 1314 σεως.

1979 623 2088 661 non
2132 608 2398 671 valemus,
2430 606 2525 661 sed
2570 608 2692 677 ejus
2742 607 3147 676 operationem,
3194 604 3556 668 voluntatem,

1978 700 2168 763 vitam,
2192 699 2490 769 potentiam
2516 709 2571 753 et
2595 696 2859 753 virtutem
2880 698 3294 767 partieipamus,
3321 707 3571 765 quarum-

1980 805 2324 860 unaquaeque
2378 789 2586 860 absque
2639 789 2946 844 substantia
2987 787 3273 843 descendit
3308 785 3377 839 ad
3428 799 3556 850 nos,

1975 898 2113 954 quos
2141 891 2197 937 et
2228 881 2502 937 increatos
2529 881 2713 936 etiicit.
2756 881 2825 935 Et
2853 881 3073 950 quidem
3111 879 3328 934 illarum
3360 877 3556 947 quaeli-

1974 976 2067 1029 bet
2098 975 2201 1028 alia
2233 982 2318 1028 est
2339 990 2368 1027 a
2398 971 2580 1027 divina
2611 973 2939 1037 substantia,
2965 987 2994 1025 a
3026 987 3133 1041 qua
3163 972 3324 1038 longe
3348 969 3555 1035 distat;

1975 1076 2215 1120 attamen
2256 1066 2370 1136 ipsa
2406 1083 2628 1136 quoque
2669 1067 2856 1121 Deitas
2889 1076 2974 1120 est
3007 1066 3273 1129 inereata,
3301 1061 3556 1133 quamvis

1977 1159 2226 1212 inferior.
2269 1178 2287 1211 ι
2337 1158 2479 1213 Cum.
2523 1161 2622 1215 ista
2675 1160 2912 1214 dicendo
2960 1166 3337 1229 percurreret,
3389 1154 3556 1210 maris

1978 1248 2224 1303 adiustar
2272 1250 2539 1304 aestuabat
2573 1259 2627 1304 et
2658 1251 3113 1306 commovebatur
3141 1252 3259 1321 eius
3297 1247 3551 1303 animus:

295 1349 409 1396 tum
443 1342 619 1400 multo
647 1342 818 1414 magis
848 1341 1109 1409 instabat,
1141 1356 1172 1395 a
1197 1355 1286 1396 me
1344 1354 1620 1411 quaerens,
1654 1346 1836 1394 utrum
1869 1354 1901 1395 e
1940 1339 2161 1397 duobus
2227 1343 2526 1412 eligerem;
2562 1359 2694 1398 num
2738 1344 2950 1400 scilicet
3001 1344 3454 1405 contradicerem,
3485 1356 3554 1393 an

292 1448 424 1488 vero
455 1434 772 1488 assentirer.

363 1525 444 1578 H'.
465 1522 781 1578 ’Υπολαὸὼν
808 1524 940 1592 γοῦν
968 1522 1080 1592 ἐγὼ
1106 1523 1246 1593 πρὸς
1285 1523 1379 1577 δύο
1410 1524 1510 1594 τὴν
1548 1521 1876 1594 παροιμίαν,

296 1637 317 1671 ε
359 1619 510 1689 Μηδὲ
540 1617 630 1671 τὸν
665 1617 941 1688 Ἠρακλέα
985 1617 1237 1671 διδοῦσαν
1277 1615 1462 1671 ἀκούω
1507 1615 1568 1668 τὸ
1619 1614 1878 1669 δύνασθαι

262 1695 432 1779 *πρὶς
476 1709 770 1762 ἀντίπαλον
809 1709 1053 1777 ἔφασκον
1086 1710 1287 1778 μάχην.
1333 1706 1474 1770 Ἐγὼ
1501 1706 1556 1759 δὲ
1591 1708 1687 1761 καὶ
1719 1707 1916 1795 μόνος.

290 1802 368 1857 ὣν
388 1802 657 1866 ἐνταυθοῖ,
684 1801 778 1854 καὶ
799 1801 1040 1870 δέσμιος,
1072 1801 1169 1853 καὶ¹
1194 1799 1329 1870 μηδὲ
1357 1798 1531 1870 βραχὺ
1565 1800 1625 1850 τὸ
1657 1799 1878 1869 θαρρεῖν

2051 1523 2189 1579 Vlll.
2219 1524 2330 1595 Ego
2367 1525 2552 1596 itaque
2586 1524 2805 1580 huncin
2832 1522 3057 1578 modum
3089 1523 3384 1592 respondi:
3427 1542 3443 1574 ι
3477 1524 3555 1578 Ne

1979 1619 2241 1675 Hercules
2273 1619 2496 1690 quidem
2527 1619 2793 1675 adversus
2827 1620 2966 1674 duos
3002 1618 3176 1688 aequis
3215 1618 3425 1671 viribus
3458 1634 3560 1687 pu-

1977 1726 2145 1782 gnare
2182 1724 2386 1781 posset,
2415 1721 2473 1766 ut
2513 1727 2582 1767 ex
2615 1712 2788 1766 veteri
2808 1710 3119 1779 proverbio
3149 1710 3340 1765 didici.
3386 1710 3561 1764 Porro

1978 1820 2098 1858 sum
2128 1804 2219 1858 hic
2241 1803 2414 1873 solus,
2438 1812 2494 1859 et
2526 1805 2766 1868 vinctus,
2805 1806 2891 1859 cui
2929 1820 2998 1859 ne
3030 1803 3302 1858 tantillum
3336 1801 3559 1872 quidem

290 1893 431 1964 ιχων
463 1895 528 1947 ἐκ
558 1892 654 1947 τοῦ
686 1892 902 1962 καιροῦ,
942 1893 1075 1962 πρὸς
1104 1891 1198 1945 δύο
1229 1892 1321 1945 τὸν
1352 1891 1543 1961 ἀγῶνα
1603 1891 1868 1945 ποιεῖσθαι

1980 1895 2186 1951 audere
2220 1912 2320 1966 per
2352 1897 2457 1952 hoc
2485 1907 2700 1967 tempus
2734 1897 2883 1951 licet.
2917 1895 3096 1966 Cogor
3130 1906 3308 1949 tamen
3345 1902 3559 1947 certare

290 1987 759 2056 ἀναγκαζόμενος,
790 1987 1200 2059 τεθαρῤηκυίας
1233 1986 1562 2049 ὁπλίσαντας
1596 1988 1655 2039 ὲν
1696 1984 1877 2055 ταυτῷ

190 2155 199 2163 _
288 2085 382 2137 καὶ
399 2083 645 2149 γλώττας
667 2084 764 2134 καὶ
784 2079 1028 2150 γνώμας,
1045 2083 1102 2134 ἐν
1118 2083 1150 2134 ἀ
1159 2097 1230 2148 μα
1241 2081 1421 2153 ρτύρῳ
1440 2082 1639 2150 σταδίῳ
1652 2080 1720 2134 τὰ
1738 2081 1877 2135 κατὰ

290 2174 547 2245 βούλησιν
572 2172 588 2244 [
597 2177 652 2229 Ρ.
696 2173 819 2245 666]
845 2174 1060 2227 ᾶπαντα
1086 2173 1267 2241 λέγειν
1291 2174 1505 2242 ἀφόϐως
1531 2173 1758 2243 ἐχούσας
1781 2173 1876 2226 καὶ

285 2267 710 2336 ἀποφαίνεσθαι,
728 2269 820 2322 καὶ
838 2265 1142 2321 διαϐάλλειν
1162 2265 1294 2336 πρὸς
1322 2269 1562 2330 ἀπόντας
1584 2267 1872 2329 ἀπιόντας,

289 2359 592 2431 μήτ’ἐμοῦ
637 2361 924 2429 παρόντος,
983 2358 1112 2429 μήτ’
1141 2359 1354 2421 οὖδενδς
1403 2358 1595 2428 ἐτέρου
1628 2358 1723 2410 τοῦ
1771 2357 1871 2421 τὴν

284 2451 551 2520 ἀλήθειαν
574 2451 688 2505 ἀντ’
720 2451 855 2521 ἐμοῦ
888 2449 1144 2521 μαρτυρή
1156 2466 1360 2513 σοντος,
1391 2450 1448 2502 ἐν
1473 2449 1643 2519 στενῷ
1672 2448 1869 2519 κομιδῇ

283 2546 384 2614 τὴν
424 2545 523 2614 τῆς
560 2544 871 2614 ἀμηχανίας
908 2543 1022 2614 ὁρῶ
1067 2558 1157 2611 μοι
1193 2542 1519 2613 περίστασιν
1553 2542 1868 2610 ἑστηκυῖαν.

289 2639 484 2700 Ὀντος
511 2636 620 2703 γὰρ
666 2635 930 2704 ἐκατέρου
962 2632 1157 2701 κομιδῇ
1192 2630 1456 2702 φορτικοῦ
1475 2670 1492 2697 ,
1521 2630 1616 2684 τοῦ
1644 2647 1704 2682 τε
1740 2632 1868 2701 σιγῇ

284 2730 385 2793 τὰς
409 2730 509 2799 τῆς
530 2727 626 2780 νῦν
653 2727 821 2797 ἀκοῆς
851 2730 1094 2794 ἐνεγκεῖν
1122 2724 1421 2795 τρικυμίας
1450 2725 1543 2777 καὶ
1570 2722 1663 2776 τοῦ
1689 2740 1869 2794 παρα-

282 2824 473 2895 χρῆμα
513 2822 639 2885 τοὺς
684 2821 785 2890 τῆς
831 2822 1060 2881 ἀτοπίας
1099 2819 1357 2889 ἐλέγχους
1402 2816 1656 2887 κομίζειν
1705 2815 1866 2884 ὑμῖν,

283 2913 378 2976 οὒς
426 2913 579 2982 τάμὰ
623 2912 934 2966 διαϐάλλειν
978 2912 1131 2965 οὐδὲν
1175 2911 1284 2963 τῶν
1333 2908 1590 2963 ἁπάντων
1632 2907 1727 2961 ἐπὶ
1768 2907 1868 2977 τῆς

281 3008 520 3077 ἐρημίας
568 3009 772 3076 ταύτης
824 3003 1091 3070 κωλύσει,
1128 3002 1392 3073 δύσεργός
1449 3018 1540 3071 μοι
1588 3001 1683 3055 καὶ
1719 2999 1866 3071 μάλα

280 3099 617 3169 δυσέμϐολος
650 3100 682 3169 ἠ
715 3097 1058 3168 ἐπιχείρησις
1097 3096 1229 3164 πρὸς
1265 3096 1528 3164 ἑκάτερον
1567 3094 1899 3161 ἀναφαίνεπ

1980 1988 2249 2044 adversus
2279 1991 2439 2052 duos,
2467 1991 2562 2048 aui
2593 1989 2828 2044 audaces
2852 1988 3070 2059 linguas
3098 1996 3155 2042 et
3181 1995 3393 2042 mentes
3416 1986 3562 2055 pari-

1981 2090 2063 2134 ter
2091 2091 2397 2146 armarunt,
2424 2091 2481 2137 et
2512 2083 2565 2135 in
2598 2081 2778 2136 stadio
2810 2081 2915 2135 hoc
2944 2080 3180 2134 testibus
3206 2093 3380 2132 vacuo
3410 2093 3562 2146 quat-

1976 2188 2197 2243 cunque
2222 2172 2501 2229 voluerint
2527 2171 2676 2243 loqui
2706 2179 2761 2247 et
2786 2171 3145 2241 pronuntiare
3173 2178 3435 2239 possunt:
3464 2167 3556 2222 ubi

1975 2277 2157 2320 autem
2193 2267 2546 2327 recesserint,
2582 2265 2717 2336 ipsis
2751 2263 2909 2319 facile
2959 2263 3065 2318 erit
3112 2261 3255 2329 apud
3300 2260 3560 2316 absente

1974 2359 2321 2424 calumniari,
2373 2358 2504 2412 dum
2546 2373 2649 2413 nec
2686 2372 2787 2427 ego
2838 2357 3030 2421 adero,
3089 2370 3192 2410 nec
3240 2354 3402 2415 alius,
3459 2353 3555 2420 qui

1976 2466 2096 2504 mea
2130 2451 2248 2505 vice
2275 2449 2495 2505 veritati
2526 2449 2903 2504 testimonium
2945 2447 3231 2517 perltibeat
3267 2465 3279 2500 :
3319 2445 3462 2499 unde
3498 2445 3556 2500 in

1974 2559 2199 2614 magnas
2242 2558 2425 2597 rerum
2471 2542 2750 2613 angustias
2789 2549 2844 2596 et
2878 2540 3228 2595 difﬁcultates
3272 2539 3556 2593 redactum

1972 2651 2059 2691 me
2090 2637 2267 2691 video.
2310 2635 2449 2690 Nam
2478 2650 2603 2690 eum
2640 2644 2939 2703 utrumque
2975 2632 3134 2686 valde
3162 2630 3451 2685 molestum
3492 2644 3557 2683 ac

1970 2745 2133 2801 grave
2175 2729 2271 2794 sit,
2320 2743 2426 2782 seu.
2468 2727 2791 2791 verborum,
2841 2742 2963 2796 qua:
3008 2724 3341 2787 audivimus,
3394 2722 3554 2792 ηιιωὶ

1970 2822 2306 2896 decumanos
2326 2820 2525 2876 ﬂuctus
2548 2835 2673 2876 cum
2697 2821 2919 2875 silentio
2940 2819 3195 2878 tolerare,
3224 2833 3319 2872 seu
3346 2828 3554 2870 extem-

1968 2894 2219 2983 poraleu’t
2266 2914 2460 2967 harum
2514 2912 2731 2983 1059
2779 2913 3112 2983 ineptiarum
3162 2910 3547 2965 refutationem

1970 3006 2125 3060 vobis
2149 3005 2369 3068 aﬂ‘erre,
2391 3012 2531 3075 quos
2558 3006 2697 3060 nihil
2719 3006 3017 3075 quidquam
3045 3005 3100 3057 in
3126 3003 3229 3057 hac
3254 3002 3551 3057 solitudine
3628 3056 3639 3072 ,

1967 3100 2261 3168 pnoltihere
2293 3097 2521 3167 poterit,
2554 3098 2853 3168 quominus
2892 3111 3042 3151 meas
3071 3110 3160 3150 res
3191 3091 3549 3157 obtrectetis;

281 3212 393 3247 ται.
448 3192 817 3261 Ἀναιμάκτου
862 3190 971 3261 γὰρ
1015 3188 1191 3258 ,οὔσης
1223 3189 1317 3258 τῆς
1366 3188 1544 3258 μάχης
1570 3226 1585 3253 ,
1624 3188 1718 3239 καὶ
1756 3186 1864 3240 τῶν

1973 3191 2099 3244 hinc
2124 3190 2345 3244 dillicile
2371 3190 2503 3244 mihi
2534 3190 2753 3243 videtur
2779 3204 2841 3243 ac
2869 3186 3026 3241 valde
3053 3185 3307 3246 arduum,
3338 3193 3555 3241 utrum-

279 3285 517 3353 λογικῶν
544 3285 719 3351 ξιφῶν
754 3285 848 3337 καὶ
877 3259 919 3335 ’τ
932 3281 1230 3353 ραυμάτων
1260 3280 1357 3343 τὰς
1400 3280 1733 3351 ὰντερείσεις
1764 3279 1861 3347 τῆς

1973 3285 2106 3339 libet
2137 3284 2336 3338 horum
2373 3270 2615 3354 aggredi.
2647 3282 2784 3347 Quia
2817 3281 2963 3335 enim
3005 3278 3293 3334 incruenta
3317 3286 3403 3333 est
3433 3278 3551 3331 haec

277 3378 576 3448 ἀσωμάτου
611 3366 790 3446 ψυχῆς
839 3375 1136 3445 δεχομένης
1158 3413 1173 3436 ,
1205 3372 1498 3425 εὐδιάϐολα
1543 3372 1641 3442 μὲν
1671 3371 1760 3425 διὰ
1805 3372 1864 3423 τὸ

279 3473 483 3537 ἀφανὲς
518 3475 765 3538 φανεῖται
798 3468 867 3521 τὰ
898 3469 1168 3537 τροπαῖα,
1214 3465 1580 3537 ἀγχίστροφος
1617 3464 1662 3517 δ’
1688 3467 1734 3535 ,ἡ
1768 3466 1865 3528 τῆς

277 3565 526 3634 γλώττης
581 3562 840 3624 διάθεσις,
891 3561 1027 3629 πρὸς
1073 3559 1170 3627 τὴν
1217 3558 1316 3627 τῆς
1368 3556 1596 3625 γνώμης
1649 3556 1864 3626 αἵρεσιν

279 3654 673 3724 καπηλεύουσα
696 3651 794 3722 τὴν
836 3652 1060 3720 γνώμην
1082 3650 1178 3719 τῆς
1209 3649 1468 3720 κρίσεως.
1507 3648 1737 3701 Ἔπειτα
1753 3646 1863 3700 οὐδ’

279 3731 397 3816 ἔχω’
434 3745 551 3809 πῶς
579 3745 829 3812 ὀνομάσω
861 3743 959 3812 τὴν
996 3740 1303 3811 παράταξιν
1332 3738 1443 3808 ἐγὼ
1487 3738 1582 3792 τοῦ
1620 3738 1862 3793 τοιούτου

278 3837 539 3907 πολέμου.
572 3833 707 3888 Οῦτε
732 3835 839 3905 γὰρ
878 3831 1184 3904 μονομαχία
1216 3832 1300 3895 τίς
1323 3833 1460 3893 ἐστι,
1483 3831 1576 3884 δύο
1605 3830 1860 3894 κᾶθ’ἐνος

278 3929 653 4000 ὁπλιζομένων
674 3920 934 3996 γλωσσῶν
958 3942 972 3957 ο
998 3926 1122 3979 οὔτε
1154 3926 1261 3997 μὴν
1294 3923 1746 3995 στρατευομένων
1770 3924 1863 3977 καὶ

280 4025 588 4096 βλεπόντων
617 4022 818 4089 ἔξωθεν
851 4019 1052 4088 ἕστηκε
1084 4019 1307 4089 πλῆθος,
1328 4019 1395 4071 ἵν’
1423 4018 1666 4088 ἐμφανὲς
1698 4013 1862 4092 ᾗτῶν

279 4114 698 4185 ἀγωνιζομένων
736 4112 796 4164 τὸ
818 4111 1051 4175 στάδιον,
1082 4108 1267 4177 ὥσπερ
1289 4105 1401 4162 οἷον
1433 4109 1730 4178 πολεμικαὶ
1763 4128 1863 4163 πε·-

279 4209 594 4280 ριτρέχουσι
628 4203 724 4256 καὶ
757 4201 1081 4273 περιηχοῦσι
1113 4202 1438 4270 σάλπιγγες,
1470 4206 1537 4254 τὰ
1572 4203 1860 4273 παρακλη-

277 4297 407 4350 τικά
449 4292 852 4365 συγκροτοῦσαι
881 4293 992 4346 τῶν
1025 4293 1082 4346 ἐν
1130 4292 1417 4362 ὑπαίθροις
1462 4293 1718 4362 πολέμων
1744 4310 1759 4325 ·
1787 4293 1862 4358 ὡς

278 4388 690 4458 ἀναγκάζεσθαί
725 4405 792 4456 με
833 4387 1016 4440 λοιπὸν
1047 4387 1397 4455 ἀμφίστομον
1439 4386 1498 4439 τὸ
1529 4387 1627 4455 τῆς
1654 4388 1861 4456 ἡμετέο

188 4550 195 4554 _
285 4496 384 4549 ρας
416 4477 623 4531 τιθέναι
647 4477 927 4547 φάλαγγος
949 4476 1242 4547 πρόσωπον
1263 4477 1506 4544 τήμερον
1527 4491 1540 4506 ·
1568 4476 1634 4529 ἶν’
1660 4478 1861 4531 οὑτωσὶ

281 4572 418 4642 πρὸς
449 4572 713 4641 ἑκατέρας
756 4570 857 4633 τὰς
899 4568 1142 4637 γλώττας
1178 4569 1467 4637 ἐφικνῆται
1504 4585 1623 4632 πως
1665 4571 1759 4623 καὶ
1789 4569 1859 4623 τὰ

278 4664 547 4734 ἡμέτερα,
574 4662 669 4715 νῦν
697 4660 796 4731 μὲν
822 4658 1119 4730 ἀθλοθέτην
1149 4660 1244 4712 καὶ
1274 4658 1533 4729 δικαστὴν
1559 4659 1858 4712 ἀδέκαστον

278 4755 473 4825 ἔχοντα
507 4754 598 4807 τὸν
647 4754 947 4823 ἀκοίμητον
980 4750 1260 4821 ὀφθαλμὸν
1289 4751 1384 4804 τοῦ
1416 4752 1585 4825 Θεοῦ,
1619 4753 1760 4822 ὑπὲρ
1791 4749 1856 4806 οῦ

278 4845 404 4907 τοὺς
430 4844 624 4908 ἄθλους
653 4844 801 4897 ἀνύω
833 4842 1088 4906 τούτους·
1119 4843 1345 4913 ὕστερον
1371 4842 1448 4910 δὲ,
1482 4846 1579 4896 καὶ
1607 4843 1716 4896 τῶν
1743 4844 1857 4897 ὅσοι

283 4938 359 5008 μὴ
388 4937 610 5006 πάρεισι
632 4934 729 4989 νῦν
758 4935 858 4988 οὐκ
882 4934 1095 5003 ὀλίγους
1117 4950 1132 4967 ’
1163 4937 1558 5005 παραπομποτς
1578 4937 1862 5006 χρησάμε-

278 5047 370 5084 νον
389 5031 503 5090 τοῖς
534 5027 823 5097 ἡμετέροις
851 5026 1198 5096 γράμμασιν,
1228 5026 1276 5078 εξ
1299 5024 1492 5095 χρόνον
1521 5012 1653 5096 ημῖν
1683 5026 1862 5097 παρά-

281 5137 403 5190 σχοι
458 5121 588 5183 Θεὸς
651 5103 907 5190 βραχείας
969 5119 1069 5189 μέν
1125 5135 1272 5183 τινος
1330 5118 1499 5189 ζωῆς,
1562 5117 1859 5189 ἐλευθέρας

277 5211 325 5264 δ’
350 5211 465 5265 οὖν.
504 5230 522 5264 ι

1969 3391 2169 3447 pugna,
2211 3385 2267 3429 et
2300 3375 2564 3429 adversos
2608 3372 3029 3427 dialecticorum
3064 3369 3371 3442 gladiorum
3405 3369 3549 3424 ictus

1967 3484 2031 3523 ac
2081 3469 2310 3522 vulnera
2373 3466 2592 3521 animus
2646 3466 3003 3535 incorporeus
3057 3462 3549 3530 aceipit,'tropaca

1967 3570 2191 3632 prrpter
2214 3575 2368 3615 suam
2395 3559 2788 3619 obscuritatem
2813 3557 3102 3613 calumniis
3126 3556 3283 3612 facile
3307 3556 3547 3610 obnoxia

1965 3669 2086 3709 esse
2116 3653 2475 3707 videbuntur.
2505 3650 2742 3705 Aliunde
2773 3666 2902 3704 vero
2936 3650 3134 3720 linguae
3162 3647 3452 3718 dispositio
3478 3647 3544 3702 ad

1966 3744 2170 3799 mentis
2203 3743 2496 3797 arbitrium
2526 3742 2802 3796 versatilis
2834 3749 2938 3807 est,
2982 3751 3035 3795 et
3077 3740 3280 3810 iudicis
3318 3749 3547 3794 senten-

1967 3835 2098 3889 tiam
2131 3837 2457 3902 corrumpit.
2484 3833 2694 3889 Deinde
2727 3832 2915 3887 nescio
2941 3847 3050 3901 quo
3077 3831 3299 3887 demum
3323 3832 3546 3886 nomine

1964 3927 2233 3995 appellem
2266 3926 2390 3981 belli
2424 3925 2598 3980 aciem
2641 3926 2747 3979 hoc
2776 3923 2937 3979 modo
2969 3923 3318 3978 instructam.
3353 3923 3545 3992 Neque
3582 3960 3585 3963 -

1963 4019 2110 4072 enim
2147 4026 2232 4072 est
2265 4015 2540 4085 singulare
2587 4024 2890 4079 certamen,
2940 4014 3385 4086 quandoquidem
3421 4017 3543 4069 duae

1964 4120 2153 4165 contra
2185 4126 2354 4164 unum
2387 4110 2581 4177 linguae
2616 4117 2936 4176 armantur;
2973 4124 3152 4178 neque
3185 4110 3541 4165 militantium

1963 4211 2019 4258 et
2050 4202 2416 4272 spectantium
2449 4202 2641 4273 ingens
2670 4211 2826 4257 extra
2856 4201 3111 4256 consistit
3141 4202 3457 4265 multitudo,
3487 4212 3546 4256 ut

1962 4296 2142 4366 palam
2196 4293 2290 4349 ﬁat
2332 4294 2664 4349 certantium
2717 4294 2990 4360 stadium;
3042 4294 3203 4364 quale
3255 4305 3339 4348 est
3386 4294 3543 4361 illud,

1963 4385 2108 4456 quod
2135 4385 2581 4441 circumcurrunt
2605 4396 2662 4440 et
2692 4386 3108 4442 circumsonant
3135 4386 3346 4441 bellicae
3375 4385 3540 4452 tuba},

1962 4480 2091 4534 dum
2123 4479 2414 4534 classicum
2443 4488 2651 4534 canunt
2679 4488 2735 4535 et
2764 4478 2832 4533 ad
2861 4491 3050 4548 aperta
3097 4479 3239 4533 bella
3282 4479 3540 4534 incitant.

1962 4571 2236 4628 Caeterum
2264 4571 2426 4626 hodie
2454 4571 2606 4627 acies
2631 4582 2816 4627 nostra
2844 4572 3158 4627 necessario
3180 4571 3318 4626 mihi
3340 4584 3546 4641 anceps

1964 4674 2020 4717 et
2060 4663 2273 4718 bifrons
2310 4663 2465 4733 quasi
2504 4665 2826 4719 instruenda
2859 4674 2973 4731 est;
3026 4674 3085 4719 ut
3127 4663 3211 4718 sic
3258 4665 3544 4732 utriusque

1966 4756 2266 4811 adversarii
2294 4772 2605 4812 sermonem
2637 4757 2856 4827 aggredi
2889 4758 3390 4826 quomodocunque
3420 4770 3546 4825 pos-

1966 4849 2094 4904 sim.
2116 4848 2184 4903 Et
2208 4863 2354 4902 nunc
2376 4849 2600 4918 quidem
2634 4849 2812 4903 habeo
2840 4850 3157 4904 certaminis
3183 4849 3344 4920 hujus
3368 4850 3543 4902 nostri

1969 4937 2370 4992 moderatorem
2394 4947 2450 4992 et
2476 4938 2858 5008 incorruptum
2884 4938 3150 5009 judiccm,
3174 4939 3295 5003 Dei,
3319 4949 3544 5009 propter
3642 5012 3647 5017 ἡ

1966 5042 2130 5097 quem
2168 5029 2267 5081 ltac
2301 5028 2357 5083 in
2385 5043 2564 5100 pugna
2600 5038 2811 5083 tantum
2848 5030 3052 5085 laboris
3091 5046 3379 5090 consumo,
3413 5046 3546 5099 per-

1964 5120 2182 5189 vigilem
2214 5120 2433 5174 oculum
2463 5139 2477 5174 :
2512 5120 2609 5175 sed
2637 5119 2691 5174 in
2718 5129 3001 5189 posterum
3039 5138 3144 5175 non
3168 5118 3329 5190 pauci
3357 5136 3423 5175 ex
3453 5120 3541 5182 iis,

1965 5210 2062 5279 qui
2111 5224 2261 5263 nunc
2316 5211 2541 5276 adsunt,
2588 5212 2832 5281 ejusdem
2889 5213 3277 5267 controversia:
3329 5212 3542 5279 judiccs

277 5310 464 5368 erunt,
516 5300 583 5356 ad
637 5310 870 5371 quorum
928 5315 1015 5355 me
1073 5299 1314 5356 tribunal
1370 5300 1648 5358 deducent
1695 5303 1861 5372 libri;
1903 5319 2061 5375 quos,
2098 5305 2155 5360 si'
2177 5304 2315 5359 mihi
2374 5306 2557 5361 brevis
2594 5307 2839 5377 quidem,
2874 5317 2931 5362 at
2959 5308 3145 5362 liberae
3176 5317 3391 5375 tempus
3420 5306 3540 5360 vita.

280 5398 429 5454 Deus
451 5395 772 5467 prmbuerit,
809 5393 1174 5449 conscribam.
1204 5412 1222 5444 ι

351 5492 429 5545 6’.
466 5509 487 5543 ‹
533 5489 608 5543 Τὸ
636 5491 742 5559 ’μὲν
775 5485 869 5543 οῦν
903 5490 973 5543 τὰ
1002 5488 1311 5560 ζητούμενα
1338 5489 1413 5553 ὼς
1444 5490 1860 5562 ὁμολογούμενα

278 5583 547 5647 τίθεσθαι,
592 5582 814 5653 πολλὴν,
854 5602 872 5634 ι
913 5583 1073 5651 ἔφην,
1108 5601 1126 5633 ι
1181 5582 1422 5651 ἀμαθίαν
1473 5582 1568 5636 τοῦ
1621 5584 1859 5655 δρῶντος

280 5676 599 5747 κατηγορεῖ,
639 5673 737 5731 καὶ
774 5674 890 5743 ἅμα
943 5672 1109 5726 πολύν
1143 5690 1202 5726 τε
1258 5672 1599 5742 ὀφλισκαίνει
1637 5676 1727 5728 τὸν
1758 5677 1859 5746 τῆς

2032 5496 2126 5553 1x.
2160 5496 2287 5555 llazc
2307 5499 2587 5570 praefatus,
2608 5502 3027 5573 responsionem
3054 5516 3227 5556 meant
3252 5500 3339 5554 bis
3356 5500 3551 5555 verbis

1961 5587 2195 5644 inStitui.
2239 5607 2259 5641 ι
2289 5589 2621 5662 Quicunque
2658 5602 3068 5648 controversam
3115 5604 3227 5647 rem
3278 5600 3536 5660 tauquam

1959 5693 2274 5734 concessam
2327 5681 2543 5753 1060
2597 5685 2769 5750 ponit,
2828 5685 2873 5738 is
2908 5684 3186 5752 magnum
3245 5682 3545 5752 imperitia!

279 5770 546 5839 αἰσχύνης
577 5767 800 5836 ἔλεγχον
832 5767 925 5820 καὶ
957 5765 1336 5835 μεσημϐρινῆς
1373 5767 1587 5829 ἀκτῖνος
1620 5784 1855 5836 περιφα-

1973 5785 2067 5823 tum
2090 5783 2474 5840 argumentum
2500 5776 2740 5843 praebet:
2769 5785 2824 5829 et
2847 5776 3016 5831 multo
3038 5773 3308 5829 dedecore
3333 5775 3548 5843 dignus-

281 5861 557 5930 νέστερον.
597 5857 781 5913 Ἦλίου
813 5857 919 5928 γὰρ
946 5857 1046 5928 τὴν
1086 5856 1186 5927 μὲν
1215 5857 1404 5912 οὐσίαν
1435 5859 1583 5930 αύτῴ
1617 5860 1854 5930 οὐρανίῳ

1973 5874 2034 5918 :st
2068 5867 2476 5937 ignominiaque
2512 5871 2853 5935 turpissima,
2886 5886 3006 5927 (tuae
3040 5869 3542 5925 inet-idtanmiueis
3580 5913 3585 5917 «
