4002 6464
428 410 557 477 141

790 407 874 483 [Α.
915 425 964 467 c.
1010 411 1169 484 1551]

1405 422 1850 488 BYZANTINA’Z
1891 428 2279 492 HISTORIAE
2317 433 2465 495 LIB.
2511 436 2704 498 XXII.

2823 430 2957 502 tum
2998 447 3041 488 ι.
3085 448 3375 492 omnem.
3421 436 3477 508 Si}
3557 441 3689 505 132:!

427 527 541 599 γὰρ
564 527 731 581 θέλων
750 527 955 592 ὲνόσεις
974 532 1062 596 ἂν,
1077 532 1213 586 ἀλλὰ
1230 535 1402 588 νοσῶν
1421 537 1611 606 ἡθελες
1627 539 1714 595 ἄν.
1735 537 1848 594 Νῦν
1860 540 1904 596 δ’
1926 542 2006 605 εἰς

2115 548 2302 601 :cterni
2345 549 2598 619 supplicii
2640 567 2831 621 poenas
2861 568 2981 609 esse
3030 554 3289 608 daturum
3321 574 3335 609 :
3373 556 3528 624 quasi
3561 571 3691 611 vero

424 623 527 690 τὴν
540 621 766 692 θατέρου
784 623 967 693 χώραν
982 626 1249 680 καὶτοῦτο
1266 647 1339 681 πα
1350 630 1813 705 ραδυόμενονίσὶϐ)
1838 653 1902 701 με
1913 635 2009 699 ίζω

428 713 519 767 διὰ
560 714 656 784 τὴν
683 717 961 771 ἀναίδειαν
1001 719 1100 789 τὴν
1125 721 1223 789 τῆς
1258 721 1458 786 κακίας
1488 724 1776 791 κομίζεται
1806 726 2007 796 ψῆφον.

434 804 545 877 καὶ
568 805 654 859 ἵνα
681 807 748 860 τά
775 809 1090 864 πλείωτῶν
1123 810 1362 867 ἐνταῦθα
1394 814 1650 883 λέγεσθαι
1686 818 2011 886 ὀφειλόντων

429 897 578 953 ὲάσω
609 900 695 955 διὰ
725 900 787 954 τὸ
819 901 1014 972 μῆκος,
1044 903 1165 967 ἑνὸς
1198 904 1293 957 καὶ
1321 905 1468 960 δυοῖν
1501 909 1905 979 μνησθήσομαι.
1949 911 2011 965 Ὀ

433 991 576 1053 θεῖος
625 993 805 1046 τοίνυν
853 995 918 1046 ἐκ
969 997 1262 1065 Δαμασκοῦ
1310 1001 1438 1053 τάδε
1494 1004 1658 1071 φησὶν
1712 1003 2005 1071 Ἰωάννης·

346 1114 357 1123 ο
433 1101 454 1137 ι
501 1086 715 1150 Ὥσπερ
744 1086 936 1155 ὀὴλιος
958 1081 1037 1148 εἷς
1065 1089 1167 1157 μέν
1186 1092 1484 1162 ὲστιν,ἔχει
1498 1094 1552 1146 δὲ
1584 1095 1769 1158 οὐσίας
1790 1095 2010 1158 δύο,τοῦ

427 1192 486 1230 τε
507 1175 743 1243 φωτὸς.ὄ
766 1178 1052 1247 γεγένηται
1077 1181 1363 1252 πρότερον,
1386 1185 1592 1239 καὶτοῦ
1618 1189 1683 1257 τῇ
1716 1186 1893 1241 κτίσει
1917 1192 2012 1257 ἑφ-

430 1265 807 1336 υστερίζοντος
834 1268 1086 1338 σώματος
1113 1272 1264 1341 (57)·
1300 1273 1370 1327 δι’
1392 1275 1518 1328 ὅλου
1548 1293 1606 1328 τε
1635 1275 1730 1331 τοῦ
1761 1277 2012 1349 σώματος

429 1358 492 1410 τὸ
524 1359 641 1424 φῶς
690 1359 1015 1430 ἀδιαιρέτως
1047 1363 1288 1432 ἥνωται.
1341 1368 1435 1420 καὶ
1484 1367 1580 1421 τοῦ
1631 1367 1886 1437 σώματος
1924 1371 2010 1439 ἀφ’

432 1451 628 1509 ἑαυτοῦ
678 1450 952 1521 μένοντος,
1004 1455 1189 1525 πάσης
1228 1458 1326 1528 τῆς
1357 1459 1464 1525 γῆς
1513 1461 1853 1529 ὲφαπλοΰται
1899 1465 2013 1527 τοῖς

430 1542 666 1610 πέρασιν
691 1559 704 1572 ·
733 1545 875 1600 οὕτω
892 1565 986 1601 και
1007 1550 1035 1601 ὀ
1057 1549 1317 1620 Χριστὸς,
1345 1551 1458 1620 ςρῶς
1489 1554 1551 1606 ὲκ
1582 1554 1755 1621 φωτὸς
1779 1553 2013 1625 ἄναρχον

428 1634 490 1689 ὃν
523 1635 617 1690 καὶ
655 1638 952 1708 ἀπρόσιτον
976 1683 991 1707 ,
1027 1642 1086 1695 ἐν
1120 1641 1196 1713 τῷ
1230 1644 1470 1714 χρονικῷ
1499 1647 1593 1699 καὶ
1626 1646 1829 1717 κτιστῷ
1856 1648 2012 1715 γενό-

433 1744 592 1797 μενος
639 1728 884 1797 σώματι,
934 1726 1013 1796 εἷς
1045 1734 1161 1788 ἐστι
1205 1735 1552 1807 δικαιοσύνης
1576 1739 1749 1809 ἣλιος.
1789 1759 1808 1791 ι
1849 1740 2013 1811 Ὁρᾷς

428 1818 544 1880 πῶς
569 1820 682 1883 ἑνὸς
716 1821 984 1889 ὀνόματος
1012 1823 1107 1878 δύο
1145 1830 1281 1895 φησὶ
1304 1822 1400 1891 τὰς
1430 1828 1794 1899 ὑποκειμένας
1824 1831 2012 1894 οὐσίας

430 1911 716 1983 ὑπάρχειν,
747 1915 848 1975 τὴν
872 1915 970 1981 μὲν
1006 1918 1187 1986 σῶμα,
1208 1922 1305 1991 τὴν
1328 1920 1374 1973 δ’
1397 1920 1707 1992 ἀσώματον,
1741 1923 1931 1993 ὥσπερ
1945 1925 2010 1997 δὴ

432 2008 525 2060 καὶ
571 2006 659 2058 τὸν
687 2007 1036 2078 δικαιοσύνης
1076 2012 1228 2082 ἥλιον
1264 2013 1536 2084 Χριστὸνο
1581 2016 1862 2080 είκονίζων
1913 2020 2013 2087 μὲν

429 2096 662 2161 ἐκεῖθεν,
688 2099 811 2153 ὅσον
847 2102 1067 2171 ἐφικτόν
1091 2118 1106 2136 ο
1137 2103 1420 2172 ὀνομάζων
1449 2106 1493 2158 δ’
1520 2095 1643 2160 ἀνα
1678 2109 1846 2177 μέρος
1887 2110 2015 2164 ἐκά-

429 2187 566 2258 τερά
592 2189 641 2242 τ’
670 2192 853 2245 ἐκεῖνα
880 2194 977 2247 καὶ
1001 2194 1212 2259 τοῦτον,
1237 2197 1408 2266 ἥλιον,
1433 2199 1575 2252 κατά
1598 2199 1725 2264 τοὺς
1748 2200 1848 2267 τῆς
1872 2204 2016 2268 ὀμω-

433 2281 632 2348 νυμίας
657 2286 929 2350 τρόπους·
970 2289 1066 2340 καὶ
1101 2288 1318 2353 δεικνὺς
1346 2290 1543 2352 διπλᾶς
1575 2293 1668 2346 καὶ
1697 2293 1796 2355 τὰς
1826 2291 2015 2355 οὐσίας

432 2368 573 2424 εἶναι
594 2373 875 2430 κάνταῦθα
899 2378 1084 2444 κάκεῖ,
1111 2380 1207 2432 καὶ
1231 2379 1292 2432 οὐ
1314 2380 1374 2433 τὸ
1402 2384 1503 2451 μὲν
1527 2381 1738 2447 οὐσίαν,
1771 2383 1830 2435 τὸ
1853 2384 1896 2436 δ’
1912 2381 1974 2436 οὒ
1996 2398 2010 2414 ⁶

430 2464 552 2517 οὐδὲ
580 2467 642 2517 τὸ
679 2464 779 2534 μὲν
805 2466 1178 2542 ἀνυπόστατον
1211 2473 1513 2542 ἐνέργειαν,
1545 2472 1605 2525 τὸ
1635 2472 1679 2525 δ’
1710 2474 2016 2542 ὑφιστάμε-

431 2572 524 2610 νον
555 2529 1068 2631 μὲνξάνενέργητδν
1092 2563 1148 2618 δὲ
1172 2529 1600 2627 καθἰὲαυτδξδιῖ
1611 2529 1883 2636 στᾶμενης
1909 2529 2016 2637 ίδίᾳ

432 2651 535 2720 τῆς
567 2652 853 2723 ἐνεργείας
896 2653 1151 2725 ἀπείροις
1192 2660 1307 2721 τοῖς
1340 2664 1586 2725 τοπικοῖς
1625 2663 2013 2736 διαστήμασιν.

434 2745 580 2816 Ὅρα
609 2745 675 2816 δὴ
706 2746 800 2799 καὶ
827 2746 918 2800 τὸν
951 2748 1127 2814 μέγαν
1157 2749 1216 2801 ὲν
1247 2748 1502 2823 θεολογία
1529 2754 1832 2825 Γρηγόριον
1868 2758 1980 2826 (58)
2000 2799 2015 2824 ,

430 2837 736 2907 φάσκοντα,
784 2837 860 2902 ὡς
903 2857 922 2890 t
971 2834 1230 2911 Τοϊςδμὲν
1256 2843 1446 2908 ἀϊδίοις
1474 2845 1638 2910 αύτός
1682 2850 1799 2902 ἐστι
1841 2849 1955 2918 φῶς
1991 2851 2019 2903 ὀ

431 2932 589 2997 Θεδς,
616 2933 710 2986 καὶ
730 2932 832 2986 οὐκ
857 2930 1035 2995 ἄλλος.
1066 2934 1131 2987 Τί
1158 2935 1267 3004 γὰρ
1293 2936 1398 2989 ἔδει
1425 2939 1603 3006 φωτὸς
1626 2941 1880 3012 δευτέρου
1906 2946 2020 3007 τοῖς

435 3027 498 3080 τὸ
540 3027 794 3097 μέγιστον
837 3028 1019 3099 ἔχουσι
1046 3045 1064 3063 ο
1105 3031 1220 3093 τοῖς
1267 3030 1417 3085 κάτω
1454 3033 1511 3086 δὲ
1551 3034 1645 3087 καὶ
1693 3037 1823 3105 περὶ
1870 3037 2019 3105 ἡμᾶς

435 3117 663 3189 πρώτην
709 3118 988 3189 ἐκλάμπει
1037 3121 1135 3190 τὴν
1183 3121 1279 3175 τοῦ
1314 3123 1494 3190 φωτὸς
1531 3124 1723 3178 τούτου
1764 3126 2016 3196 δύναμιν.

2114 641 2182 695 ab
2210 640 2361 696 illius
2389 642 2618 698 arbitrio
2654 655 2866 700 cunctae
2896 662 2984 699 res
3012 646 3162 699 fatali
3188 647 3425 716 quadam
3452 649 3691 702 necessi-

2115 742 2225 787 tate
2254 733 2581 799 penderent,
2619 746 2673 791 et
2720 737 3043 807 improbitas
3077 739 3543 793 immortalitatem
3591 740 3692 793 ho‘

2114 826 2357 880 minibus
2404 842 2726 896 comparare
2772 837 2977 897 posset.
3022 829 3162 885 Sane
3205 832 3371 900 (quod
3419 847 3526 885 non
3575 830 3694 885 aui-

2115 918 2437 986 madvertis)
2472 918 2648 988 pietas
2680 919 2896 976 facilius
2926 936 2989 977 ea
3033 922 3232 988 quibus
3265 923 3451 992 inique
3483 923 3690 989 privata

2113 1018 2197 1064 est
2246 1012 2630 1079 recuperabit,
2678 1028 2841 1083 quam
2894 1029 3006 1067 suae
3062 1014 3368 1083 iniquitatis
3421 1016 3695 1070 fructibus

2115 1101 2367 1166 impietas
2395 1103 2662 1172 potiatur.
2690 1105 2803 1175 Ego
2838 1121 2978 1161 vero
3008 1108 3193 1160 nescio
3221 1106 3353 1176 quid
3388 1108 3484 1162 tibi
3521 1109 3693 1175 mag's

2119 1195 2332 1265 1062
2364 1196 2628 1265 expedire
2659 1206 2842 1267 putes,
2871 1213 2980 1267 quo
3014 1198 3189 1253 levior
3216 1199 3373 1268 culpa
3411 1209 3500 1253 tua
3539 1199 3694 1253 vide-

2113 1298 2275 1354 atur;
2307 1302 2379 1341 an
2414 1288 2839 1343 involuntariam
2874 1290 3141 1344 maiorum
3176 1290 3598 1359 ignorationem,
3625 1306 3694 1345 an

2113 1391 2248 1432 vero
2297 1378 2654 1433 involuntarii
2702 1380 2917 1449 peccati
2959 1385 3309 1449 praetextum.
3342 1380 3555 1434 Rursus
3596 1394 3694 1432 ne-

2114 1468 2230 1525 scio
2259 1453 2367 1522 utri
2396 1469 2680 1538 graviores
2709 1484 2903 1539 poenas
2925 1469 3190 1541 indigam,
3210 1485 3333 1525 cum
3361 1469 3477 1524 lucc
3497 1469 3695 1524 diﬂ‘usa

2116 1559 2440 1627 improbitas
2484 1561 2601 1616 fere
2643 1561 2904 1617 similiter
2951 1563 3007 1617 in
3048 1572 3345 1632 utrumque
3388 1562 3693 1618 dividatur.

2116 1650 2172 1707 Si
2200 1652 2348 1707 enim
2373 1653 2806 1724 theologicarttm
2827 1670 3016 1727 rerum
3044 1654 3696 1725 ignarusqubdammodo

2115 1743 2186 1798 ab
2215 1745 2296 1800 eis
2327 1745 2713 1813 abstinuisses,
2749 1747 3026 1803 mitiorem
3063 1748 3440 1802 damnationis
3470 1756 3702 1819 senteng

2120 1835 2249 1890 tiam
2288 1837 2342 1890 in
2393 1846 2444 1892 te
2475 1837 2645 1894 ferret
2687 1855 2815 1894 vera
2860 1848 2916 1895 et
2958 1839 3226 1895 catholica
3271 1838 3546 1893 doctrina.
3582 1838 3696 1893 Nec

2118 1929 2266 1985 enim
2295 1930 2444 1986 hunc
2473 1939 2629 1985 tuum
2660 1929 2983 2002 ignorantiae
3006 1930 3262 1985 morbum
3289 1929 3547 1985 voluntas
3578 1939 3693 1990 tua,

2112 2021 2220 2098 sed
2237 2022 2577 2077 voluntatem
2610 2022 2838 2078 morbus
2864 2023 2980 2092 ipse
3005 2021 3387 2093 praevenisset.
3415 2022 3536 2076 Jam
3563 2036 3697 2076 vero

2117 2127 2241 2169 cum
2281 2112 2335 2167 in
2377 2113 2603 2169 alterius
2637 2114 2819 2169 locum
2855 2114 2907 2169 id
2952 2130 3173 2185 quoque
3213 2114 3332 2169 vitii
3361 2115 3695 2184 obrepserit,

2115 2204 2341 2273 majoris
2389 2206 2459 2260 ob
2510 2206 2653 2260 hanc
2706 2206 3106 2277 impudentiam
3149 2207 3520 2279 improbitatis
3568 2223 3699 2263 reus

2070 2310 2075 2327 ι
2116 2295 2406 2351 habendus
2429 2311 2511 2351 es.
2545 2297 2615 2351 Et
2640 2288 2813 2362 certe,
2847 2288 2907 2353 ut
2935 2298 3092 2367 plura
3132 2314 3196 2353 ex
3228 2299 3470 2369 iis,-qu2e
3495 2300 3585 2354 hic
3612 2299 3699 2354 di-

2116 2387 2290 2442 cenda
2346 2386 2550 2453 forent,
2587 2397 2781 2458 utpote
2832 2389 3156 2459 prolixiora,
3195 2390 3417 2445 silentio
3468 2400 3699 2456 praeter-

2118 2477 2356 2541 mittam,
2393 2479 2561 2535 unius
2617 2484 2677 2535 et
2729 2480 2969 2535 duorum
3027 2481 3296 2537 duntaxat
3329 2484 3427 2539 SS.
3469 2485 3696 2539 Patrum

2120 2572 2435 2626 testimonia
2480 2570 2742 2627 referam.
2779 2572 2965 2628 Primo
3001 2575 3187 2643 itaque
3217 2574 3274 2629 S.
3305 2575 3546 2631 Joannes
3589 2577 3698 2631 Da-

2118 2674 2411 2715 mascenus
2443 2661 2523 2715 sic
2548 2660 2795 2731 loquitur
2823 2678 2837 2714 :
2883 2680 2902 2713 ι
2935 2661 3408 2729 Quemadmodum
3436 2666 3519 2720 sol
3554 2682 3699 2721 unus

2118 2752 2342 2823 quidem
2379 2761 2486 2815 est,
2521 2767 2715 2807 verum
2747 2751 2884 2808 duas
2933 2753 3099 2808 habet
3136 2754 3501 2821 substantias,
3531 2770 3697 2809 unam

2118 2842 2370 2907 luminis,
2401 2843 2550 2914 quod
2584 2844 2740 2913 prius
2785 2843 2990 2900 factum
3027 2853 3133 2909 est,
3178 2845 3408 2901 alteram
3450 2846 3700 2916 corporis

2119 2936 2337 3000 solaris,
2363 2935 2509 3006 quod
2541 2937 2764 2991 nonnisi
2801 2946 2927 3007 post
2960 2938 3294 2993 creationem
3329 2938 3533 2994 factum
3563 2948 3649 2995 est
3682 2955 3697 2994 :

2118 3027 2304 3082 lumen
2329 3037 2512 3081 autem
2542 3027 2823 3083 indivisim
2848 3029 3064 3084 unitum
3087 3039 3173 3085 est
3194 3043 3292 3098 per
3318 3030 3697 3085 totum'solare

2119 3133 2342 3188 corpus,
2374 3119 2522 3187 quod
2556 3120 2686 3173 dum
2716 3121 2770 3174 in
2808 3136 2867 3175 se
2898 3122 3105 3180 manet.
3141 3122 3195 3175 in
3234 3121 3503 3176 universae
3539 3129 3695 3175 terra:

439 3212 552 3268 Καὶ
586 3212 696 3281 γὰρ
736 3211 947 3282 ἔπρεπε
977 3211 1054 3282 τῷ
1106 3214 1336 3284 μεγάλῳ
1352 3217 1493 3285 φωτὶ
1513 3217 1617 3287 τῆς
1650 3218 2012 3290 δημιουργίας

2122 3211 2389 3267 terminos
2417 3212 2508 3265 lux
2536 3212 2870 3281 expauditur
2895 3229 2911 3265 :
2950 3214 3031 3268 sic
3057 3222 3114 3267 et
3138 3212 3395 3269 Christus
3419 3213 3606 3267 lumen
3631 3212 3701 3268 de

433 3306 500 3359 ὲκ
530 3305 707 3373 φωτὸς
740 3304 1035 3375 ἄρξασθαι,
1067 3298 1254 3375 ᾧλλύει
1292 3307 1353 3361 τὸ
1385 3308 1579 3372 σκότος
1622 3311 1718 3363 καὶ
1745 3312 1844 3381 τὴν
1886 3314 2016 3365 επέ-

429 3413 637 3467 χουσαν
662 3396 800 3460 τέως
834 3397 1114 3466 ἀκοσμίαν
1147 3399 1238 3452 καλ
1282 3399 1514 3464 ἀταξίαν
1538 3415 1554 3432 ο
1584 3405 1682 3455 καὶ
1723 3403 1882 3456 τοῦτο
1917 3403 2017 3457 ούκ

428 3487 725 3558 ὀργανικὸν
772 3488 867 3541 ἀπ’
895 3487 1071 3559 ἀρχῆς
1106 3489 1416 3556 ἀναδείξας,
1447 3490 1558 3545 οὐδ’
1584 3492 1836 3562 ἡλιακὸν,
1876 3493 1951 3557 ὡς
1987 3494 2017 3547 ὀ

429 3581 564 3653 ὲμδς
591 3583 771 3651 λόγος,
793 3582 913 3636 ἀλλ’
945 3577 1239 3650 ἀσώματον
1282 3584 1378 3636 καὶ
1426 3584 1648 3656 ἀνήλιον
1673 3603 1688 3618 ο
1734 3584 1928 3640 ἔπειτα
1959 3586 2018 3641 δὲ

429 3679 528 3733 καὶ
551 3678 687 3748 ἡλίῳ
716 3677 890 3740 δοθὲν,
918 3677 1319 3745 καταφωτίζειν
1342 3678 1526 3732 πᾶσαν
1545 3678 1644 3745 τὴν
1660 3681 2012 3752 οἰκουμένην.

443 3768 663 3840 Ἐπειδὴ
693 3768 802 3839 γὰρ
831 3770 943 3833 τοῖς
978 3768 1158 3832 ἀλλοις
1192 3767 1292 3839 τὴν
1320 3768 1455 3840 ὓλην
1484 3772 1914 3840 προῦποστὴσας
1939 3772 2019 3824 εί-

429 3862 721 3932 δοποίησεν
750 3859 998 3930 ὕστερον,
1026 3858 1242 3928 ἑκάστῳ
1274 3857 1432 3922 τάξιν
1460 3861 1552 3912 καὶ
1581 3862 1768 3930 σχῆμα
1790 3862 1884 3914 καὶ
1916 3861 2014 3930 μέ-

435 3955 599 4025 γεθος
637 3952 904 4024 περιθεὶς,
941 3952 1027 4006 ἵνα
1066 3951 1535 4023 θαυματουργήση
1584 3968 1639 4005 τι
1687 3952 1891 4020 μεῖζον,
1928 3954 2016 4008 ἐν·

433 4045 611 4102 ταῦθα
639 4047 738 4115 τῆς
769 4045 900 4115 ὕλης
931 4045 992 4096 τὺ
1020 4040 1158 4107 εἶδος
1194 4044 1599 4115 προὺστὴσατο.
1634 4043 1721 4115 lP.
1750 4043 1878 4117 669]
1926 4040 2015 4098 Εῐο

428 4140 518 4205 δος
540 4139 650 4209 γὰρ
675 4136 827 4206 ἡλίου
857 4139 916 4189 τὸ
946 4136 1078 4204 φῶς.
1113 4134 1267 4189 Μετὰ
1298 4131 1544 4188 δὲστοῦτο
1578 4133 1680 4204 τὴν
1705 4133 1837 4205 ὕλην
1873 4134 2009 4189 ἑπά-

428 4250 540 4303 γει.
569 4230 661 4284 τὸν
688 4227 965 4299 ὀφθαλμὸν
996 4229 1098 4297 τῆς
1124 4226 1340 4298 ἡμέρας
1377 4226 1793 4298 δημιουργήσας
1821 4226 2011 4281 τοῦτον

428 4325 492 4381 τδ
512 4324 686 4393 ἣλιον.
722 4340 742 4375 ι
786 4320 920 4375 Ἰδοὺ
951 4321 1043 4374 καὶ
1066 4315 1221 4383 οὗτος
1245 4319 1434 4390 ἕτερον
1463 4318 1664 4387 φάσκει
1688 4318 1750 4373 τὸ
1777 4318 1893 4387 φῶς
1913 4318 2009 4372 τοῦ

429 4418 606 4489 ἡλίου,
640 4415 737 4470 καὶ
766 4413 874 4485 πρὸ
905 4411 1001 4466 τοῦ
1031 4412 1260 4483 ἡλιακοῦ
1301 4412 1400 4482 μὲν
1433 4411 1663 4475 σκεύους
1695 4411 2010 4465 καθ’ὲαυτὸ

428 4511 814 4582 ὑφιστὶμενον,
864 4508 1051 4560 ἔπειτα
1088 4506 1144 4560 δὲ
1188 4506 1283 4560 καὶ
1314 4505 1450 4577 ἡλίῳ
1482 4504 1637 4560 δοθέν
1659 4523 1674 4538 ·
1707 4505 1860 4576 ἥλιον
1909 4506 2009 4575 μὲν

428 4601 714 4673 ὀνομάζων
743 4600 806 4653 τὸ
839 4590 1054 4664 σκεῦος,
1091 4599 1155 4652 τὸ
1180 4598 1239 4652 δὲ
1272 4597 1388 4666 φῶς
1416 4591 1558 4661 εἶδος
1597 4595 2010 4652 αὐθυπόστατον

427 4694 524 4748 τοῦ
545 4694 721 4764 ἡλίου,
756 4691 856 4746 εἶτ’
875 4690 969 4745 οὖν
993 4690 1184 4745 οὐσίαν
1212 4689 1506 4761 ἀσώματον
1536 4690 1633 4744 καὶ
1660 4688 2013 4761 ψυχὴνὲκεί-

432 4803 527 4840 νου
585 4785 681 4840 τοῦ
714 4785 987 4855 σώματος.
1036 4783 1110 4837 Οὐ
1137 4781 1245 4851 γὰρ
1302 4781 1371 4835 ἂν
1402 4780 1778 4851 ὲνὴργεικαθ⁹
1831 4780 2012 4846 ἑαυτὸ,

433 4875 511 4946 μὴ
555 4874 617 4929 δν
659 4874 1100 4930 ἅνθυπόστατονο
1150 4872 1260 4927 οὐδ’
1287 4872 1790 4945 ἂνζάνθυπόστατον
1818 4867 1907 4943 ἦν,
1937 4872 2012 4943 μὴ

428 4968 488 5022 ὃν
513 4969 690 5023 οὐσία.
730 4969 817 5031 Ὠς
850 4969 959 5039 γὰρ
989 4969 1172 5022 πᾶσαν
1200 4967 1390 5021 οὐσίαν
1418 4965 1832 5020 αύθυπόστατον
1867 4963 2012 5020 εἶναι

428 5061 702 5131 ὁρίζονται
735 5061 992 5131 πρᾶγμα,
1026 5058 1172 5113 οὕτω
1197 5060 1262 5129 δὴ
1291 5058 1385 5112 καί⁸
1417 5056 1566 5112 ἅπαν
1594 5056 2010 5112 αὐθυπόστατον

429 5154 685 5221 πρᾶγμα,
737 5151 951 5234 οὐσίαν.
1006 5150 1160 5204 Ἐπεὶ
1210 5148 1303 5203 οὖν
1334 5147 1397 5202 τὸ
1444 5143 1586 5213 εἶδος
1624 5146 1877 5201 ἐνταυθοί
1916 5147 2013 5201 τοῦ

428 5243 605 5314 ἡλίου,
648 5244 745 5297 εἴτ’
777 5237 872 5297 οῦν
902 5242 965 5296 τὸ
1005 5243 1144 5310 φῶς,
1169 5242 1199 5295 ὀ
1223 5242 1381 5309 ἀγιος
1431 5240 1529 5294 καὶ
1583 5242 1691 5311 πρὸ
1734 5238 1839 5310 τῆς
1878 5239 2012 5311 ὕλης

427 5336 656 5409 (δηλαδὴ
696 5335 788 5391 τοῦ
838 5334 1092 5406 σκεύους)
1130 5333 1406 5390 δείκνυσιν
1451 5332 1598 5405 ἔχειν
1632 5332 1859 5404 ἐνεργον
1912 5333 2013 5403 τὴν

2121 3304 2351 3370 lumine,
2385 3304 2530 3360 initii
2559 3321 2755 3375 expers
2783 3314 2840 3361 et
2869 3300 3199 3371 iuacessum',
3228 3306 3282 3360 in
3326 3305 3613 3374 temporali
3644 3314 3710 3360 et

2118 3406 2305 3454 creato
2329 3412 2561 3467 corpore
2587 3397 2783 3462 factus,
2815 3414 2960 3452 unus
2987 3407 3073 3453 est
3102 3397 3193 3453 Sol
3215 3396 3498 3468 justitiae.»
3536 3396 3701 3451 Vides

2119 3489 2396 3559 quomodo
2437 3487 2576 3543 duas
2616 3487 2712 3543 uni
2759 3487 2972 3543 nomini
3007 3488 3285 3559 subjectas
3324 3502 3445 3543 esse
3488 3497 3701 3542 asserat

2117 3580 2487 3663 substantias,
2539 3595 2702 3633 unam
2745 3579 3122 3649 corporalem,
3169 3578 3396 3634 alteram
3449 3578 3705 3648 incorpo-

2118 3685 2294 3736 ream,
2335 3679 2526 3740 utpote
2555 3671 2651 3741 qui
2701 3671 2868 3725 etiam
2920 3672 3150 3740 iustitiae
3197 3672 3369 3727 solem
3417 3672 3699 3727 Christum

2117 3762 2221 3819 hac
2273 3763 2531 3835 imagine,
2581 3772 2847 3833 quantum
2899 3763 3015 3819 ﬁeri
3066 3773 3267 3835 potest,
3316 3766 3608 3834 exprimat,
3644 3774 3703 3819 et

2112 3853 2397 3923 sigillatim
2427 3863 2543 3906 tum
2574 3854 2713 3908 duas
2744 3853 2967 3922 priores
2994 3854 3348 3916 substantias,
3384 3864 3498 3909 tum
3529 3855 3699 3919 hunc,

2114 3961 2313 4016 nempe
2337 3946 2644 4011 Christum,
2668 3961 2770 4017 pro
2794 3945 3203 4015 tequivocorum
3226 3960 3378 4000 more
3401 3946 3573 3999 solem
3602 3959 3702 4014 ap-

2114 4038 2318 4110 pellet;
2351 4038 2640 4093 declarans
2664 4039 2889 4107 insuper
2912 4038 3048 4097 duas
3069 4052 3193 4093 esse
3224 4046 3338 4092 tum
3371 4037 3424 4090 in
3453 4036 3696 4101 Christo,

2115 4138 2233 4185 tum
2255 4129 2309 4182 iu
2328 4130 2462 4193 sole,
2478 4128 2840 4185 substantias.
2858 4128 2978 4184 Non
3003 4128 3139 4183 dicit
3162 4143 3324 4183 unam
3343 4129 3563 4199 quidem
3580 4143 3703 4184 esse

2117 4223 2329 4294 1063
2353 4237 2538 4277 veram
2577 4221 2964 4287 substantiam,
3001 4223 3229 4276 alteram
3258 4223 3392 4283 vero
3423 4220 3651 4275 minime
3683 4237 3700 4278 :

2112 4333 2222 4372 non
2251 4306 2386 4372 dicit
2432 4331 2597 4370 unam
2638 4315 2861 4386 quidem
2910 4331 3033 4372 esse
3081 4315 3462 4385 Operationem
3516 4316 3704 4371 subsi-

2113 4406 2312 4463 stentia
2345 4421 2595 4474 vacuam,
2624 4407 2849 4461 alteram
2878 4422 3011 4461 vero
3036 4421 3157 4463 esse
3188 4420 3286 4477 per
3309 4421 3369 4461 se
3396 4404 3714 4462 subsisteu--

2113 4509 2223 4555 tem
2283 4509 2340 4554 et
2388 4498 2605 4554 ratione
2668 4496 2754 4553 Sui
2821 4497 3047 4553 minime
3111 4499 3470 4569 operativam,
3540 4496 3700 4566 quasi

2114 4593 2362 4667 operatio
2390 4608 2640 4648 Seorsum
2676 4594 2852 4664 posita
2887 4593 3113 4649 inﬁnitis
3156 4594 3404 4649 locorum
3450 4591 3643 4662 spatiis
3671 4607 3712 4646 ιιι

2115 4686 2422 4742 substantia
2473 4685 2730 4741 distaret.
2768 4685 2942 4742 Velim
2972 4689 3138 4742 etiam
3188 4684 3510 4741 consideres
3554 4684 3711 4740 illius

2118 4780 2287 4836 verba
2336 4779 2625 4850 Gregorii,
2679 4779 2774 4848 qui
2836 4780 2941 4836 sibi
2993 4795 3251 4850 magnum
3314 4779 3369 4833 in
3428 4778 3709 4849 theologia

2118 4886 2320 4927 nomen
2380 4872 2513 4927 fecit
2557 4890 2572 4926 :
2609 4891 2627 4924 ι
2664 4870 2914 4928 Alternis
2967 4872 3188 4942 quidem
3250 4870 3438 4935 rebus,
3498 4870 3715 4939 iuquit,‘

2109 4978 2224 5020 non
2264 4963 2415 5018 aliud
2466 4964 2653 5019 lumen
2708 4973 2795 5020 est
2840 4973 3042 5035 praeter
3092 4965 3273 5035 ipsum
3321 4950 3705 5029 Deumet’tid

2108 5055 2257 5111 enim
2305 5055 2550 5110 secundo
2570 5055 2799 5127 {lumine
2841 5055 2910 5112 iis
2954 5069 3096 5125 opus
3115 5063 3256 5121 erat,
3282 5055 3376 5126 qui
3400 5055 3696 5111 maximum

2111 5147 2430 5203 habebant?
2457 5146 2818 5202 lni‘erioribus
2843 5156 3031 5202 autem
3066 5156 3123 5204 et
3150 5146 3410 5205 humanis
3459 5148 3694 5216 primam

2110 5241 2277 5312 hujus
2308 5239 2536 5296 luminis
2569 5239 2680 5296 vim
2730 5241 2987 5312 protulit.
3020 5242 3216 5314 Magno
3246 5242 3453 5313 quippe
3496 5240 3698 5296 lumini

2110 5333 2500 5401 conveniebat,
2529 5334 2809 5407 opiﬁcium
2858 5351 3020 5394 suum
3064 5352 3097 5394 a
3144 5337 3355 5393 lumine
3393 5332 3693 5408 auspicari,

1754 5457 2086 5522 Variorum
2130 5466 2321 5523 nota).

499 5584 709 5657 (56),”
744 5601 947 5657 quoque
996 5585 1111 5657 vitii
1140 5584 1476 5657 iobrepserit;
1534 5579 1680 5649 quod
1737 5582 2001 5657 nimirum
2106 5583 2318 5640 Alludit
2348 5584 2417 5641 ad
2449 5583 2648 5657 Cenes.
2672 5599 2828 5656 -cap.
2859 5602 2899 5647 ι.
2931 5583 3025 5640 ubi
3054 5584 3154 5657 lux
3184 5583 3359 5656 prima
3404 5583 3500 5657 die
3543 5580 3695 5640 facta

428 5655 518 5728 de'
550 5655 717 5712 rebus
771 5655 1093 5727 theologicis
1135 5656 1359 5728 ignarus
1407 5655 1675 5710 disserere
1729 5655 1997 5711 volueris.

427 5727 764 5784 CAPPERONN.
1168 5727 1177 5728 “
1497 5754 1507 5763 ρ

504 5798 615 5865 (57)
647 5798 881 5851 Alteram
930 5813 1047 5852 vero
1091 5795 1446 5851 substantiam
1494 5797 1726 5864 corporis
1778 5794 1991 5860 solaris,

431 5870 567 5938 quod
598 5884 702 5922 non
743 5869 842 5922 nisi
872 5877 987 5938 post
1031 5869 1347 5923 creationem
1377 5867 1636 5941 [luminis]
1659 5869 1860 5940 factum
1893 5878 1993 5924 est.

2103 5664 2386 5781 Ean-amr,
2431 5656 2509 5712 sol
2558 5665 2745 5711 autem
2770 5653 3000 5713 nonnisi
3031 5656 3122 5712 die
3155 5653 3352 5727 quarta
3396 5653 3694 5711 formatus.

2148 5741 2446 5781 arpsaoan.

2148 5741 2446 5782 APPEBONN.

2173 5796 2288 5870 (58)
2319 5796 2550 5870 Gregor.
2590 5784 2850 5870 Nazianz.
2892 5807 3032 5854 orat.
3066 5797 3159 5866 43,
3200 5813 3321 5870 qua:
3359 5805 3444 5855 est
3494 5797 3548 5854 in
3584 5813 3690 5857 no-

2103 5865 2223 5923 vatn
2259 5865 2613 5924 Domitiicatu.
2645 5865 2978 5924 CAPPEltONN.
