4002 6460
349 340 483 404 ιδλξ,
659 336 734 390 [Α.
773 350 823 390 c.
870 328 1059 406 l55l]‘

1245 335 1686 397 BYZANTIN/E
1724 332 2104 392 merentis
2141 332 2280 391 ue.
2318 315 2506 391 xx’n.

2691 325 2827 398 [iam
2865 344 2905 381 ι.
2950 344 2978 382 c
3015 345 3240 385 unum.
3285 330 3339 403 5']

3476 329 3613 402 134’;

342 459 507 529 φύσιν
535 455 862 523 δηλωτικάς.
893 452 1028 529 Τινὰ
1069 450 1169 520 μὲν
1199 450 1309 521 γὰρ
1352 451 1635 519 πρέποντα
1681 449 1746 517 τῇ
1805 444 1917 515 θείᾳ

2038 445 2320 499 inminuis.
2374 444 2513 498 liinc
2567 445 2618 498 in
2661 445 2774 499 Deo
2826 461 3005 515 neque
3056 449 3313 503 accidens
3365 465 3483 505 esse
3532 451 3614 505 di-

341 526 502 616 φύσει
524 544 906 615 σημαίνουσιν,
948 526 1048 595 οὐκ
1079 542 1248 611 αὐτὴν
1270 541 1327 594 δὲ
1350 539 1447 611 τὴν
1470 538 1633 609 φύσιν
1695 538 1923 608 μηνύου-

342 656 445 704 σιν,
472 639 604 706 ὅπερ
633 635 763 689 ίδιον
795 633 905 688 τῶν
953 632 1259 686 οὐσιωδέων
1315 632 1409 686 καὶ
1443 630 1780 685 συστατικῶν
1800 630 1918 684 δια·
1949 686 1958 697 ,

341 731 541 801 φορῶν.
584 747 604 779 ι
642 728 751 782 Καὶ.
788 725 950 780 πάλιν
981 742 997 759 ο
1031 742 1049 776 ι
1086 725 1243 777 Πᾶσα
1260 723 1438 789 οὐσία,
1471 722 1561 776 τὸν
1618 722 1748 776 ῐδιον
1794 722 1920 791 ὅρον

340 823 506 891 ἑαυτῇ
549 818 969 885 συνεισάγουσα,
1017 814 1295 868 τουτέστιν
1321 813 1637 884 ὁριζομένη,
1665 811 1808 881 ἀρχὴ
1826 812 1922 863 πέ-

345 906 673 981 φυκενεῖναι
701 909 799 978 τῆς
829 906 1310 974 έπιθεωρουμένης
1335 904 1470 975 αὐτῇ
1518 904 1658 956 κατὰ
1688 902 1918 972 δύναμιν

340 1005 626 1073 κινήσεως,
661 1002 812 1054 πᾶσα
834 999 891 1053 δὲ
916 998 1184 1065 οὐσιώδης
1221 998 1357 1066 πρὸς
1387 997 1674 1065 ἐνέργειαν
1702 996 1918 1064 κίνησις

342 1096 579 1164 μεσότης
614 1093 732 1145 ἐστὶ
754 1088 1222 1159 μετεπινοουμένη
1263 1086 1363 1156 μὲν
1387 1087 1486 1156 τῆς
1512 1086 1720 1153 οὐσίας,
1753 1101 1919 1157 προε-

339 1185 669 1256 πινοουμένη
692 1183 749 1237 δὲ
789 1184 888 1253 τῆς
922 1184 1005 1235 ὲνε
1016 1182 1222 1252 ργείας.
1240 1181 1348 1233 Καὶ
1371 1181 1523 1233 πᾶσα
1547 1179 1818 1251 ἐνέργεια,
1841 1178 1918 1249 τῷ

339 1279 463 1333 καθ’
492 1257 865 1346 ἑαυτὴνκλόγῳ
925 1273 1172 1342 φυσικῶς
1225 1270 1700 1342 περιγραφομένη,
1764 1269 1917 1334 τέλος

338 1371 457 1425 ἐστὶ
480 1370 577 1439 τῆς
594 1368 701 1439 πρὸ
727 1368 897 1432 αὐτῆς
953 1364 1072 1418 κατ’
1093 1362 1334 1417 ἐπίνοιαν
1395 1362 1777 1434 θεωρουμένης
1825 1362 1917 1415 οὐ·

341 1463 565 1524 σιώδους
597 1460 887 1529 κινήσεως.
920 1459 979 1512 ’0
1001 1457 1058 1510 δὲ
1091 1457 1222 1520 Θεὸς
1258 1457 1380 1511 οὔτε
1407 1458 1549 1527 ἀρχή
1611 1457 1758 1510 ἑστιν
1783 1455 1918 1526 (61),

340 1555 467 1609 οὔτε
501 1553 762 1623 μεσότης,
818 1549 942 1603 οὔτε
972 1550 1149 1612 τέλος.
1210 1548 1397 1602 Ταῦτα
1442 1550 1552 1620 γὰρ
1589 1549 1696 1601 τῶν
1742 1547 1923 1617 χρόνῳ

339 1645 630 1718 διαιρετῶν
654 1646 761 1697 είσι
800 1641 1163 1713 γνωρίσματα
1185 1656 1200 1671 ⁶
1234 1640 1380 1694 εἴποι
1414 1641 1459 1694 δ’
1493 1641 1557 1696 ἄν
1585 1640 1797 1707 τις,¹ὄτι
1820 1639 1918 1692 καὶ

339 1741 450 1794 τῶν
471 1737 629 1791 αίῶνι
657 1734 1074 1805 συνορωμένων.
1117 1732 1179 1789 Ὀ
1207 1733 1317 1803 γὰρ
1359 1733 1571 1805 χρόνος,
1609 1730 1915 1802 μετρουμέ-

340 1849 440 1902 νην
465 1830 605 1901 ἔχων
626 1831 724 1899 τὴν
754 1827 994 1896 κίνησιν,
1038 1825 1258 1896 ἀριθμῷ
1313 1826 1719 1895 περιγράφεται
1745 1837 1760 1855 °
1790 1825 1818 1876 ὁ
1865 1823 1922 1877 δὲ

339 1922 499 1988 αίὼν,
539 1920 1031 1988 συνεπινοουμένην
1074 1917 1215 1986 ἔχων
1243 1918 1309 1987 τῇ
1364 1915 1598 1987 ὑπάρξει
1627 1919 1726 1985 τὴν
1776 1918 1922 1969 πότε

344 2011 709 2083 κατηγορίαν,
735 2011 932 2080 πάσχει
958 2009 1263 2074 διάστασιν,
1320 2008 1394 2071 ὡς
1425 2010 1600 2079 ἀρχὴν
1631 2007 1726 2061 τοῦ
1783 2004 1922 2061 εἶναι

341 2101 540 2158 λαϐών.
575 2102 658 2174 [Ρ.
693 2100 821 2172 671]
854 2102 914 2153 Et
941 2099 998 2152 δὲ
1032 2100 1225 2170 χρόνος
1253 2101 1350 2157 καὶ
1373 2098 1506 2153 αίὼν
1551 2100 1652 2153 οὐκ
1682 2100 1919 2167 ἄναρχα,

341 2193 521 2265 πολλῷ
581 2193 781 2265 μᾶλλον
802 2192 871 2245 τὰ
900 2193 958 2245 ὲν
988 2190 1215 2255 τούτοις
1239 2191 1629 2262 περιεχόμενα.
1666 2191 1724 2243 ὐ
1780 2189 1912 2253 Θεὸς

344 2289 548 2352 τοίνυν,
577 2286 701 2340 οὔτε
754 2285 913 2340 οὐσία
935 2284 1033 2349 ὣν,
1052 2284 1140 2336 ἵνα
1177 2284 1250 2353 μὴ
1281 2283 1424 2354 ἀρχὴ
1452 2282 1735 2353 νομισθείη
1758 2298 1771 2313 ·
1795 2282 1920 2335 οὔτε

337 2377 590 2447 δύναμις,
626 2376 712 2430 ἵνα
753 2374 829 2445 μὴ
864 2373 1096 2442 μεσότης
1124 2388 1138 2402 '
1160 2372 1282 2425 οὔτε
1301 2374 1575 2441 ἐνέργεια,
1612 2371 1695 2424 ἵνα
1728 2371 1804 2442 μὴ
1829 2371 1921 2424 τέο

344 2469 437 2533 λος
458 2469 655 2527 ’,ἐστιν
683 2466 989 2528 οὐσιοποιὸς
1023 2463 1120 2518 καὶ
1147 2465 1470 2535 ὑπερούσιος
1522 2465 1767 2532 ὀντότης,
1823 2464 1921 2518 καὶ

260 2628 277 2633 ἢ
341 2559 706 2629 δυναμοποιὸς
734 2557 832 2611 καὶ
868 2555 1250 2625 ὑπερδύναμος
1291 2557 1643 2621 πανσοένεια,
1678 2556 1776 2609 καὶ
1809 2554 1918 2607 πά-

342 2669 443 2722 σης
473 2650 755 2719 ἐνεργείας
816 2647 1081 2719 δραστικὴ
1134 2650 1225 2702 καὶ
1256 2645 1612 2716 άτελερτητος
1634 2645 1752 2710 ἕξις
1799 2644 1915 2710 καὶ,

343 2742 623 2812 συντόμως
645 2744 840 2808 εἰπεῖν,
869 2743 1049 2814 πάσης
1103 2742 1292 2804 οὐσίας
1339 2741 1436 2793 καὶ
1489 2740 1770 2809 δυνάμεως
1825 2738 1920 2792 καὶ

343 2832 623 2903 ἐνεργείας
651 2832 827 2903 ἀρχῆς
862 2849 922 2886 τε
963 2836 1056 2888 καὶ
1086 2832 1382 2902 μεσότητος
1413 2835 1508 2884 καὶ
1541 2830 1731 2893 τέλους
1756 2844 1919 2898 ποιη-

337 2925 486 2994 τική.
531 2942 551 2975 ι
589 2923 752 2995 Ὁρᾷς
774 2924 919 2986 ὅπως
955 2923 1079 2979 οὔτε
1110 2925 1228 2976 κατ’
1257 2925 1445 2977 οὐσίαν
1467 2923 1747 2992 διάφορον,
1788 2922 1912 2975 οὔτε

336 3016 459 3070 καθ’
479 3010 589 3069 οἷον
604 3014 802 3086 δήτινα
812 3014 1031 3086 τρόπον,
1047 3013 1306 3083 ποιότητα
1324 3011 1699 3083 συγχωροῦσιν
1716 3011 1765 3063 οἱ
1783 3011 1918 3064 θεῖοι

2036 538 2273 593 cendum
2320 548 2423 601 est,
2481 553 2663 608 neque
2701 538 3021 610 qualitatem
3057 558 3070 594 :
3110 541 3225 596 bmc
3269 542 3418 596 enim
3467 558 3615 598 com-

2037 629 2235 698 positis
2260 628 2483 683 entibus
2529 631 2867 684 conveniunt
2912 649 2924 683 :
2960 630 3053 685 scd
3091 648 3435 702 quaecunque
3468 634 3616 688 Deus

2034 719 2221 786 habet,
2253 728 2382 774 sunt
2413 720 2487 773 illi
2529 720 2820 786 naturalia,
2859 736 2969 776 non
3003 730 3182 777 autem
3233 723 3553 779 adventitia.
3590 745 3610 779 ι

2031 811 2207 884 Igitur
2235 813 2351 867 sive
2405 813 2658 868 dicamus
2699 814 2839 868 hanc
2886 815 2983 869 Dei
3032 806 3408 885 operationem
3457 820 3510 872 in
3545 836 3615 875 eo

2031 918 2152 959 esse
2188 905 2506 960 distinctam
2548 920 2584 961 a
2632 905 2962 971 substantia,
2998 907 3113 963 sive
3178 910 3261 977 (ut
3308 910 3612 982 existimas)

2031 995 2348 1064 qualitatem
2415 1011 2536 1050 esse
2596 996 3035 1051 substantialiter
3110 999 3496 1065 accidentcm,
3556 1000 3614 1054 in

2029 1099 2277 1140 errorem
2332 1085 2695 1139 insanabilem
2761 1086 3148 1156 impiugemus.
3199 1088 3334 1142 Nam
3393 1090 3612 1158 piorum

2030 1190 2198 1231 nemo
2232 1162 2597 1246 duas'potest
2650 1176 2747 1230 Dei
2802 1179 3139 1247 substantias
3205 1180 3511 1270 nominare,
3558 1187 3616 1234 et

2033 1267 2143 1324 duo
2174 1266 2424 1323 ell‘ectiva
2449 1269 2748 1338 principia;
2801 1278 2860 1323 ut
2892 1269 3004 1336 jam
3052 1285 3213 1325 antea
3264 1272 3450 1326 multis
3469 1266 3613 1327 san-

2033 1367 2247 1414 ctorum
2324 1359 2612 1414 doctorum
2677 1360 3013 1415 testimoniis
3085 1360 3609 1417 demonstravimus.

2033 1450 2222 1521 Neque
2255 1468 2498 1522 unquam
2536 1454 2591 1506 in
2625 1455 2732 1508 Deo
2759 1452 3056 1523 excogitari
3089 1453 3323 1522 qualitas
3384 1454 3612 1522 poterit,

2033 1556 2154 1613 quae
2180 1558 2210 1598 a
2244 1544 2426 1598 divina
2454 1544 2758 1599 substantia
2809 1544 3204 1613 distinguatur,
3245 1554 3340 1598 aut
3373 1560 3495 1614 quae
3541 1545 3614 1599 sit

2034 1633 2433 1688 substantialis.
2492 1634 2646 1701 Quod
2699 1635 2848 1690 enim
2906 1637 3276 1692 sulistantiale
3331 1651 3437 1701 εει,
3484 1654 3614 1707 pars

2031 1731 2118 1776 est
2158 1723 2503 1789 substantiae,
2553 1732 2612 1777 ut
2639 1726 2840 1778 docent
2881 1734 2992 1780 tum
3029 1728 3309 1798 sapientes
3356 1729 3615 1784 Ecclesia:

1956 1784 2299 1887 Bdoctores,
2362 1823 2475 1869 tum
2542 1817 2842 1886 scriptores
2891 1819 3128 1890 profani,
3173 1822 3267 1890 qui
3318 1822 3615 1876 verborum

2026 1906 2308 1961 scientiam
2361 1909 2796 1973 adinvenerunt;
2847 1909 2914 1962 ad
2946 1928 3182 1980 quorum
3245 1915 3613 1983 proindeea-

2026 2012 2200 2052 nones
2230 2008 2283 2051 et
2321 1998 2539 2067 regulas
2566 2013 2628 2052 ea
2674 2000 3063 2068 perpendenda
3106 2011 3211 2056 est.
3249 2003 3315 2056 Et
3348 2018 3496 2059 certe
3533 2004 3613 2068 id,

2023 2105 2135 2158 quo
2188 2090 2405 2143 sublato
2442 2090 2730 2144 mutilatur
2780 2102 2977 2153 totum.
3009 2094 3179 2149 totius
3230 2107 3441 2164 partem
3490 2113 3613 2153 esse

2024 2196 2255 2236 necesse
2289 2192 2394 2237 est.
2430 2183 2484 2238 Si
2512 2200 2641 2254 ergo
2669 2184 2785 2253 ipsa
2818 2186 3087 2254 operatio,
3125 2196 3318 2256 utpote
3352 2190 3613 2244 substan-

2028 2273 2195 2338 tialis,
2243 2290 2311 2328 ex
2363 2284 2453 2328 tua
2506 2277 2781 2329 sententia
2834 2292 2964 2345 pars
3013 2287 3092 2331 est
3119 2280 3464 2342 substantiae,
3518 2280 3610 2333 dic

2024 2365 2187 2419 nobis
2219 2381 2324 2434 qua
2377 2367 2594 2420 tandem
2632 2367 2846 2421 ratione
2886 2368 3036 2422 aliud
3095 2371 3168 2423 sit
3206 2386 3236 2423 a
3276 2371 3610 2436 substantia,

2023 2466 2119 2511 aut
2150 2457 2219 2510 sit
2250 2472 2379 2526 pars
2422 2458 2594 2519 illius,
2640 2459 2787 2528 quod
2847 2460 3026 2514 nullas
3073 2461 3236 2515 habet
3290 2463 3518 2530 partes?
3555 2463 3612 2518 Si

2023 2561 2154 2599 vero
2208 2547 2309 2599 ista
2347 2547 2598 2616 Opi-ratio
2645 2548 2885 2617 qualitas
2932 2558 3019 2603 est
3064 2564 3094 2603 a
3151 2549 3462 2605 substantia
3517 2550 3609 2608 dio

2026 2640 2248 2704 stincta,
2284 2641 2560 2710 quomodo
2597 2641 2717 2695 sine
2766 2642 3018 2712 subjecto
3058 2644 3287 2714 intelligi
3342 2653 3438 2698 aut
3482 2660 3613 2699 con-

2022 2730 2158 2800 spici
2189 2733 2410 2801 potest?
2438 2733 2572 2787 Nam
2621 2733 2739 2787 sine
2795 2735 3044 2804 subjecto
3088 2736 3467 2791 exsistentiam
3509 2736 3610 2791 ba-

2022 2819 2155 2876 bere
2191 2837 2470 2891 nunquam
2523 2824 2751 2893 poterit.
2796 2824 2952 2890 Quod
2993 2836 3176 2880 autem
3212 2842 3322 2881 non
3373 2826 3608 2895 exsistit,

2022 2913 2300 2981 quomodo
2330 2915 2477 2968 Deus
2501 2915 2650 2969 erit?
2679 2913 2847 2970 Vides
2872 2930 2981 2985 qua
3030 2898 3264 2982 ratione,
3316 2934 3418 2989 per
3466 2919 3610 2975 hanc

2021 3003 2088 3058 de
2109 2994 2312 3069 divinis
2335 2998 2759 3076 'operationibus
2801 3009 3142 3085 opinionem,
3192 3011 3480 3081 imperitos
3507 3011 3613 3066 Ec-

340 3109 584 3180 Ιίατέρες
620 3108 713 3160 ἐπὶ
739 3108 837 3176 τῆς
866 3107 1027 3175 ,θείας
1066 3104 1415 3175 δογματίζειν
1438 3105 1652 3175 ἐκείνης
1672 3104 1861 3166 οὐσίας
1890 3118 1909 3167 ,°

2026 3098 2200 3154 clesiaa
2225 3099 2506 3154 antistites
2537 3098 2596 3154 in
2639 3101 2978 3156 atlieismum
3015 3102 3269 3157 Palamas
3321 3105 3610 3174 impellat?

342 3221 364 3257 t
391 3204 602 3273 Ὥσπερ
627 3200 734 3271 γάρ
757 3202 790 3270 ἡ
811 3200 973 3270 μονὰς
994 3200 1093 3252 οὐκ
1124 3201 1212 3265 ἂν,
1259 3216 1278 3250 ι
1306 3200 1458 3268 φησὶ,
1491 3214 1510 3249 ι
1564 3197 1795 3268 τμηθείη
1835 3199 1914 3260 είς

341 3296 575 3364 μονάδας
601 3293 692 3347 δύο
721 3293 778 3364 (η
811 3292 918 3362 γὰρ
942 3294 1023 3355 είς
1045 3291 1220 3345 ταῦτα
1244 3291 1597 3362 διαιρουμένη
1623 3289 1802 3345 οὐκᾶν
1826 3290 1915 3361 εἴη

341 3385 677 3456 μονὰς,ὰλλὰ
705 3384 882 3453 δυὰς),
902 3382 1045 3437 οὕτω
1070 3385 1102 3453 ὴ
1125 3383 1273 3450 ὲνὰς,
1291 3385 1431 3437 κατὰ
1454 3383 1554 3454 τὴν
1574 3381 1751 3450 άκραν
1774 3381 1916 3436 ἕνω-

344 3495 449 3543 σιν,
476 3480 577 3531 οὐκ
603 3476 669 3530 ἂν
689 3478 766 3539 είς
795 3475 889 3528 δύο
912 3475 1217 3545 διαιρεθείη
1242 3475 1457 3545 φύσεις.
1476 3475 1549 3528 Οὐ
1578 3475 1688 3546 γὰρ
1710 3474 1916 3539 ἁπλοῦς

337 3570 721 3640 ἕσται,ξφησ“.ν,
748 3573 775 3621 ό
803 3567 912 3620 τῶν
942 3568 1077 3621 ὅλων
1106 3566 1237 3630 Θεὸς
1281 3567 1363 3620 ἐτι
1393 3566 1488 3638 τὴν
1515 3565 1700 3635 φύσιν,
1757 3566 1915 3637 εἰπερ

338 3664 485 3717 ἐστὶν
518 3664 683 3733 ἑτέρα
707 3660 839 3730 παρ’
866 3659 1031 3713 αὑτὸν
1068 3660 1182 3729 ήὲν
1238 3659 1389 3729 αὐτῷ
1452 3659 1584 3728 ζωή.
1624 3659 1723 3729 Είη
1746 3657 1791 3711 δ’
1850 3660 1916 3712 ἂν

339 3755 432 3808 καὶ
453 3752 654 3824 μείζων
680 3750 867 3815 αὐτοῦ,
886 3751 979 3804 καὶ
997 3734 1053 3804 έν
1073 3750 1356 3820 ἀμείνοσιν
1388 3748 1757 3819 ἀσυγκρίτως,
1783 3751 1809 3801 ὁ
1836 3749 1915 3813 ὡς

337 3846 438 3899 οὐκ
468 3845 642 3915 ἔχοντι
672 3843 793 3906 δοὺς
816 3841 915 3912 τὴν
935 3840 1099 3912 ζωὴν,
1129 3842 1288 3912 εἴπερ
1331 3841 1467 3903 ὅλως
1488 3840 1644 3910 ἁλοίη
1674 3840 1906 3893 λαϐὼν.»

354 3937 495 3991 Ἀλλ’
523 3936 552 3989 ό
579 3937 841 4005 ὑμέτερος
863 3932 1180 3996 διδάσκαλος
1207 3934 1468 4002 Παλαμᾶς
1498 3932 1599 4005 (δεῖ
1627 3931 1734 4002 γὰρ
1767 3931 1911 3984 ὲκεί-

341 4048 419 4101 νῳ
440 4029 817 4098 περιγράφειν
839 4025 937 4089 τὰς
962 4026 1071 4077 τῶν
1088 4024 1344 4077 τοιούτων
1390 4025 1569 4084 αἰτίας
1594 4022 1806 4087 κακῶν,
1849 4021 1910 4073 οὐ

350 4123 532 4193 μόνοις
567 4121 695 4189 ὑμῖν
720 4119 914 4188 ἐκείνῳ
945 4116 1363 4187 μαθητευθεῖσιν
1392 4116 1664 4185 ἐγκαλεῖν)
1690 4115 1749 4168 οὐ
1793 4112 1912 4184 μεθ’

342 4213 643 4283 ὑποστολῆς
670 4228 833 4277 τινος,
855 4208 964 4263 οὐδ’
995 4210 1413 4280 αἰνιγματωδῶς
1445 4225 1580 4274 πως,
1609 4205 1724 4260 ἀλλ’
1754 4207 1910 4265 ἀπερι-

348 4310 454 4372 δῶς
486 4308 586 4361 καὶ
610 4305 929 4379 διαρρήδην,
950 4305 1153 4374 κυρίω,
1178 4303 1437 4372 θεότητας
1463 4300 1782 4370 δογματίζει
1814 4300 1911 4370 τὴν

342 4401 641 4468 ἐνέργειαν,
660 4400 754 4450 καὶ
771 4396 887 4465 ἅμα
916 4392 1060 4464 ζωὴν
1087 4395 1177 4446 καὶ
1202 4393 1397 4460 σοφίαν
1423 4396 1515 4447 καὶ
1539 4391 1793 4462 βούλησιν
1814 4391 1911 4443 καὶ

2021 3203 2232 3258 Deinde
2264 3218 2394 3259 vero
2423 3206 2516 3274 qui
2552 3203 2672 3260 ﬁeri
2703 3215 2911 3276 posset,
2958 3215 3019 3265 ut
3058 3207 3165 3262 ista
3193 3207 3381 3263 divina
3415 3224 3608 3279 opera-

2024 3299 2103 3353 tio
2133 3308 2283 3355 esset
2330 3312 2360 3353 a
2395 3299 2488 3355 Dei
2539 3300 2849 3354 substantia
2902 3300 3200 3356 distincta?
3228 3302 3296 3359 Ut
3353 3303 3502 3358 enim
3532 3306 3611 3356 ait

2022 3402 2247 3446 sanctus
2304 3391 2611 3458 Maximus,
2674 3410 2693 3443 ι
2727 3393 2935 3449 Eorum
2989 3410 3111 3464 quae
3164 3410 3289 3450 esse
3345 3397 3609 3450 dicuntur

2023 3481 2158 3536 nihil
2190 3481 2355 3536 habet
2383 3482 2612 3536 omnino
2645 3484 2868 3552 preprie
2895 3498 3036 3539 esse.
3076 3484 3249 3553 Igitur
3279 3485 3417 3538 nihil
3451 3500 3610 3554 prox--

2024 3589 2121 3629 sus
2144 3589 2253 3627 una
2279 3589 2403 3629 cum
2428 3574 2539 3629 Deo
2575 3574 2790 3645 1066
2823 3575 3051 3641 intelligi
3073 3575 3143 3629 ab
3174 3584 3380 3629 aeterno
3402 3585 3604 3645 potest.

2022 3666 2170 3737 quod
2208 3665 2277 3721 ab
2308 3667 2430 3736 ipso
2461 3667 2906 3721 substantialiter
2940 3667 3181 3729 diﬂ‘erat,
3242 3683 3349 3721 non
3400 3683 3603 3731 aevum,

2024 3773 2136 3811 non
2173 3766 2411 3826 tempus,
2448 3773 2630 3826 neque
2659 3758 2962 3827 quidquam
2995 3774 3210 3823 eorum,
3244 3774 3366 3827 qua:
3396 3759 3449 3813 in
3487 3766 3604 3815 atto

2022 3857 2118 3903 aut
2136 3847 2189 3900 in
2214 3855 2464 3917 tempore
2479 3849 2775 3903 exsistunt.
2794 3848 2930 3902 Nam
2945 3847 3048 3902 ista
3066 3849 3196 3914 duo,
3218 3851 3434 3919 proprie
3455 3865 3602 3915 esse,

2020 3950 2076 3992 et
2110 3952 2219 3990 non
2255 3937 2475 4006 proprie
2523 3953 2668 4005 esse,
2706 3955 2987 4007 nunquam
3032 3940 3136 3994 sibi
3188 3941 3419 3995 invicem
3471 3938 3602 3996 con-

2020 4029 2258 4083 venient.
2283 4046 2302 4079 ι
2324 4029 2393 4082 Ει
2419 4026 2619 4082 iterum
2657 4047 2669 4082 ε
2709 4046 2726 4078 ι
2760 4028 2894 4084 Cum
2920 4031 2987 4084 de
3006 4028 3393 4097 Deodicimus,
3421 4032 3598 4101 ipsum

2019 4134 2141 4175 esse
2185 4134 2304 4185 ens,
2362 4121 2593 4184 bonum,
2632 4114 2842 4187 .Deu'm,
2867 4121 3143 4189 cpiticem,
3177 4125 3603 4192 supersubstan-
3630 4190 3649 4203 ί

2020 4212 2228 4276 tialcm,
2280 4210 2577 4278 inﬁnitum,
2615 4212 3009 4277 immortalem,
3044 4224 3099 4269 et
3121 4216 3224 4269 alia
3258 4215 3599 4284 hujusmodi,

2017 4321 2127 4360 non
2149 4303 2535 4359 substantiales
2558 4302 2897 4359 dillerentias
2924 4305 3293 4376 signiﬁcamus
3313 4320 3401 4376 (ne
3420 4312 3598 4380 ipsum

2018 4414 2084 4454 ex
2116 4399 2183 4453 iis
2211 4389 2722 4467 compositunfesse
2766 4388 3167 4467 praaditemus),
3192 4400 3285 4455 sed
3337 4417 3473 4471 quas
3496 4404 3600 4457 lam

344 4492 604 4561 φρόνησιν
624 4490 717 4540 καὶ
751 4487 928 4555 ἰσχὺν,
967 4487 1062 4536 καὶ
1090 4484 1158 4536 τὰ
1186 4483 1431 4547 τοιαῦτα,
1456 4485 1551 4536 καὶ
1567 4482 1913 4550 ἀσυγκρίτως

2026 4492 2546 4559 denominationes,
2603 4505 2725 4560 qua:
2780 4490 2914 4544 licet
2993 4490 3260 4546 denotent
3316 4494 3599 4563 quidpiam

341 4582 550 4653 ἀμείνω
571 4584 667 4651 τῆς
683 4580 870 4640 οὐσίας
890 4578 1121 4639 ἕκαστα,
1140 4577 1374 4646 διάφορά
1394 4593 1450 4629 τε
1472 4577 1601 4629 ὄντα
1619 4579 1712 4647 τῆς
1730 4577 1916 4639 οὐσίας

345 4675 441 4728 καὶ
471 4673 735 4742 ἀλλήλων.
780 4672 921 4740 Περὶ
951 4665 1024 4723 ὧν
1058 4670 1152 4721 καὶ
1179 4671 1206 4720 ὁ
1237 4668 1377 4730 θεῖος
1399 4667 1539 4749 ἔφθη
1568 4670 1916 4739 προειρηκὼς

292 4758 300 4763 ’
353 4767 668 4827 Ἀθανάσιος
701 4763 812 4835 (6'2)
845 4778 859 4791 ·
890 4762 962 4825 ὡς
997 4781 1016 4813 ι
1053 4760 1358 4829 Οίηὰσεϐεῑς
1382 4761 1443 4811 οὐ
1491 4759 1705 4812 θέλουσι
1757 4759 1914 4828 λόγον

342 4863 437 4914 καὶ
460 4858 651 4926 σοφίαν
686 4858 782 4911 καὶ
824 4855 1018 4928 βουλὴν
1050 4856 1230 4920 ζῶσαν
1285 4849 1426 4906 εἷναι
1460 4852 1551 4906 τὸν
1606 4853 1756 4918 Υίὸν,
1790 4854 1916 4924 περὶ

340 4955 398 5010 δὲ
432 4958 522 5010 τὸν
543 4952 674 5009 Θεὸν
706 4954 963 5023 φρόνησιν
999 4957 1091 5009 καὶ
1133 4950 1390 5023 βούλησιν
1446 4947 1538 5001 καὶ⁸
1588 4952 1803 5020 σοφίαν,
1840 4952 1917 5018 ὠς

341 5048 461 5115 ἕξιν
493 5054 894 5123 συμϐαίνουσαν
925 5055 1018 5107 καὶ
1046 5050 1582 5120 ἀποσυμϐαίνουσαν.
1608 5069 1627 5102 ι
1682 5052 1791 5105 Καὶ
1814 5050 1917 5106 αὗ-

343 5141 430 5203 θις
461 5145 488 5194 ὁ
523 5144 693 5214 μέγας
750 5143 919 5214 ἔφησε
953 5142 1202 5211 Μάξιμος
1232 5140 1348 5211 (63)
1378 5155 1391 5170 ⁸
1435 5159 1454 5190 ι
1495 5140 1586 5210 Μὴ
1629 5141 1767 5206 ἕξεις
1825 5141 1918 5196 καὶ

343 5237 788 5307 ἐπιτηδειότητας
821 5235 1065 5307 ζητήσης
1095 5236 1190 5289 ἐπὶ
1234 5234 1332 5313 τῇς
1362 5234 1541 5306 ἁπλῆς
1561 5238 1654 5290 καί⁵
1686 5236 1914 5307 ἀπείρου

343 5333 532 5395 οὐσίας
560 5332 656 5402 τῆς
688 5331 851 5400 ἁγίας
880 5332 1127 5401 Τριάδος,
1167 5333 1252 5386 ἵνα
1313 5334 1387 5405 μὴ
1446 5334 1697 5389 σύνθετον
1746 5329 1915 5399 αὐτὴν

2023 4600 2249 4647 eorum,
2308 4600 2431 4653 qua:
2484 4583 2632 4637 circa
2688 4582 2866 4651 ipsum
2926 4581 3094 4635 Deum
3149 4585 3599 4651 considerantur,

2023 4676 2161 4730 nihil
2193 4684 2373 4729 tamen
2407 4674 2473 4729 de
2508 4675 2630 4743 ejus
2657 4673 2962 4727 substantia
2991 4680 3047 4726 et
3093 4683 3290 4726 natura
3323 4674 3599 4727 delarant.

2023 4765 2285 4849 Quaedam
2336 4764 2484 4819 enim
2543 4765 2883 4835 significant,
2952 4779 3073 4832 qua:
3128 4764 3326 4818 divina:
3391 4776 3601 4819 natura:

2027 4868 2363 4929 congruunt,
2416 4858 2588 4927 ipsum
2615 4874 2747 4911 vero
2800 4867 3054 4911 naturain
3109 4872 3217 4909 non
3264 4857 3599 4926 designant:

2023 4952 2184 5022 quod»
2228 4949 2599 5006 constitutivis
2652 4959 2707 5003 et
2759 4950 3216 5004 substantialibus
3271 4949 3600 5002 dilIcri-ntiis

2022 5046 2306 5117 preprium
2356 5053 2460 5097 est.
2519 5061 2536 5092 ι
2584 5040 2647 5094 Ει
2703 5057 2940 5095 rursus:
2979 5061 2997 5094 ι
3033 5041 3348 5095 Substantia
3391 5040 3596 5101 omnis,
3689 5117 3692 5121 ἢ

2024 5154 2149 5194 cum
2196 5137 2474 5208 propriam
2526 5151 2711 5191 secum
2763 5136 3026 5206 importet
3071 5118 3485 5195 ddﬁnitiouem,
3530 5148 3598 5186 ex

2022 5244 2219 5289 natura
2267 5250 2365 5289 sua
2429 5233 2765 5303 principium
2818 5242 2902 5286 est
2950 5231 3098 5286 illius
3151 5239 3352 5292 motus,
3412 5229 3504 5298 qui
3547 5229 3597 5284 ei

2026 5328 2349 5383 substantia:
2385 5327 2579 5382 saltem
2629 5327 2696 5380 de
2744 5326 2990 5396 potentia
3027 5324 3207 5377 inesse
3250 5322 3597 5391 intelligitur.

1699 5424 2029 5487 Variorum
2075 5430 2267 5485 notae.

420 5529 531 5600 (61)
565 5527 706 5600 Deus
742 5545 902 5600 neque
945 5530 1264 5599 principium
1301 5540 1442 5586 est...
1478 5545 1640 5598 neque
1667 5529 1911 5581 substan-

346 5597 446 5654 tia;
484 5597 857 5670 Subintelltgc,
894 5597 1195 5654 cr‘eatarum
1223 5617 1393 5654 rerum
1438 5597 1600 5661 more,
1634 5614 1795 5668 prout
1828 5600 1914 5670 lu-

347 5673 595 5724 culenter
636 5668 870 5739 explicat
921 5671 1063 5724 idem
1116 5679 1336 5726 sanctus
1382 5671 1666 5733 Maximus,
1701 5680 1832 5721 tom.
1872 5668 1909 5730 I,

349 5755 474 5810 pug.
509 5740 612 5794 462
639 5738 1157 5811 ριῗίϐὄλρειιιηιηρι
1184 5742 1430 5808 consule,
1453 5741 1495 5794 si
1522 5743 1686 5794 lubet.
1718 5738 1916 5793 Carra-

352 5824 514 5867 κολα.
1190 5822 1203 5827 ”

2093 5528 2206 5599 (62)
2237 5524 2392 5599 Orat.
2449 5525 2506 5587 4,
2557 5534 2748 5579 contra
2804 5525 2992 5577 Arian.
3051 5529 3181 5575 tom.
3223 5517 3432 5597 l,pag.
3467 5519 3594 5589 5l5,

2020 5596 2155 5653 edit.
2188 5596 2293 5651 vet.
2329 5596 2656 5650 (lacrimosa.
3292 5596 3295 5597 '

2092 5671 2205 5737 ((55)
2255 5669 2540 5734 Capitibus
2594 5666 2663 5723 de
2723 5665 2990 5721 charitate
3040 5670 3174 5716 tom.
3212 5660 3254 5724 l,
3306 5675 3427 5731 pag.
3466 5660 3593 5717 544.

2020 5742 2346 5797 (harenosa.

3705 5768 3735 5786 /

3718 5986 3733 6017 [ί
