4016 6464
473 341 602 403 13ίῖ
753 333 809 407 [Α
875 349 924 387 ιι.
973 326 1136 396 6859,
1174 344 1285 384 1ND.
1328 326 1384 400 4]

1675 328 2102 393 NICEPIIORI
2141 327 2527 389 GliEGORlE

2834 321 2968 395 [ιιιιι.
3010 341 3054 380 ι.
3095 338 3380 383 murmur.
3421 327 3476 402 5]
3579 335 3691 400 13;;

462 457 659 518 Omnis
692 463 879 510 autem
918 450 1302 508 substantialis
1331 460 1513 506 motus
1551 449 1618 506 ad
1652 450 2061 521 operationem,

2170 446 2537 518 δογματίσῃ·,
2562 446 2754 516 ὥσπερ
2782 446 2852 501 τὰ
2911 446 3208 517 κτίσματι.
3269 449 3446 505 Πάντα
3494 451 3591 518 γὰρ
3617 454 3698 506 in

465 551 708 607 medimn
760 549 943 602 locum
982 554 1140 602 tenet
1174 546 1320 599 inter
1351 544 1744 606 substantiam,
1801 560 1909 614 qua
1958 557 2061 613 po»

464 643 668 701 sterior
720 639 1054 711 concipitur,
1092 646 1149 693 et
1183 636 1588 708 operationem,
1636 652 1745 705 qua
1793 637 1947 705 prior
1978 639 2063 692 in-

466 734 770 805 telligitur;
804 742 861 786 et
884 730 1068 786 omnis
1092 728 1342 800 operatio
1369 726 1593 798 propria
1623 742 1722 783 sua
1758 738 1815 784 et
1840 726 2060 784 l‘ormali

462 827 681 882 ratione
722 823 1151 893 circumscripta
1224 820 1351 877 linis
1392 830 1480 875 est
1552 831 1736 876 metus
1802 822 2065 877 substan-

465 920 634 986 tialis,
671 917 765 989 qui
792 917 988 971 saltem
1022 931 1118 986 per
1138 926 1378 971 mentem
1406 913 1562 986 prius
1587 914 1704 984 ipsa
1736 914 2063 985 Operatione

462 1013 870 1068 consideratur.
917 1008 1088 1080 Atqui
1142 1008 1287 1063 Deus
1338 1021 1521 1078 neque
1576 1007 1912 1078 principium
1954 1015 2060 1072 est,

461 1119 646 1173 neque
680 1103 951 1166 medium,
1001 1115 1182 1170 neque
1246 1099 1395 1154 ﬁnis.
1455 1099 1549 1154 [ire
1594 1099 1868 1169 siquidem
1918 1111 2064 1182 nota:

463 1206 595 1251 sunt
625 1210 819 1250 eorum
862 1211 985 1264 quae
1020 1202 1267 1264 tempore
1299 1191 1598 1248 divisibilia
1642 1200 1794 1261 sunt,
1846 1193 1962 1247 imo
1990 1193 2062 1263 (si

460 1290 586 1360 quis
627 1291 812 1344 dicere
863 1287 1129 1360 voluerit)
1187 1286 1354 1343 etiam
1415 1286 1609 1349 eorum
1666 1300 1791 1356 quae
1843 1285 1896 1340 in
1944 1301 2064 1342 aevo

461 1386 734 1438 exsistere
766 1381 1220 1436 considerantur.
1257 1379 1392 1434 Nam
1429 1389 1673 1450 tempus,
1700 1381 1857 1451 cujus
1880 1391 2064 1436 motus

461 1483 848 1539 mensuratur,
901 1482 1057 1529 certo
1102 1488 1335 1528 numero
1392 1472 1606 1544 1067
1646 1473 2064 1530 circumseribi-

463 1576 554 1623 tur
585 1587 598 1622 :
636 1583 813 1622 aevum
852 1576 1061 1631 autem,
1095 1582 1221 1621 eum
1266 1566 1323 1621 in
1352 1580 1451 1621 sua
1504 1566 1829 1622 exsistentia
1887 1566 2065 1623 inclu-

462 1657 970 1728 dere‘intelligatur
1000 1657 1297 1728 specialem
1348 1658 1498 1712 illam
1546 1658 1910 1730 categoriam,
1939 1675 2062 1730 quae

458 1752 670 1807 dicitur
720 1751 954 1823 quando,
994 1750 1344 1806 intervallum
1377 1761 1433 1805 et
1466 1751 1703 1821 spatium
1750 1752 2061 1810 durationis

2167 541 2282 611 ἔχει
2318 544 2344 594 ὁ
2378 540 2535 603 Θεὸς,
2566 538 2727 608 φύσει
2752 540 2864 610 ἔχει
2893 542 2989 593 καὶ
3013 540 3116 594 οὐκ
3138 541 3419 616 ἐπίκτητα.
3449 560 3466 593 ι
3489 543 3586 597 Καὶ
3610 544 3699 597 πά-

2166 632 2252 686 λιν
2279 645 2293 662 ⁰
2333 649 2353 681 ι
2377 631 2436 686 '0
2467 631 2600 692 Θεὸς
2629 631 2690 683 οὐ
2731 633 3052 701 ποιοτήτων,
3080 631 3194 684 ἀλλ’
3214 633 3405 684 οὐσιῶν
3430 634 3704 703 πεποιωμέ-

2163 743 2271 782 νων
2306 725 2424 779 ἐστὶ
2452 724 2805 797 δημιουργός.
2836 742 2855 776 ι
2894 725 3055 796 Ὀρᾷς
3083 723 3156 788 ὡς
3180 725 3319 792 ῑξεις
3343 726 3436 778 καὶ
3472 724 3702 792 διαθέσεις

2166 818 2266 873 καὶ
2322 817 2618 887 ποιότητας
2671 816 2853 877 πάσας
2891 814 3233 887 ἁλλοτριοῦσι
3279 815 3577 871 παντάπασι
3620 818 3702 887 τῆς

2166 913 2319 973 θείας
2351 912 2567 979 οὐσίας,
2608 912 2699 967 διὰ
2724 914 2784 967 τὸ
2810 913 2886 985 μὴ
2918 909 3057 966 εἶναι
3091 912 3213 965 καθ’
3248 911 3443 980 ἑαυτὴν
3481 911 3704 979 οὐδεμίαν

2167 1006 2473 1068 συνθέσεως
2501 1007 2656 1061 ἄνευ.
2699 1007 2843 1060 Ἀλλ’
2874 1009 2903 1060 ὁ
2943 1006 3032 1069 σὸς
3078 1005 3342 1071 Παλαμιὶς
3390 1004 3450 1058 οὐ
3485 1003 3702 1074 βούλεται

2163 1099 2344 1167 τοῦτο,
2373 1102 2494 1157 οὐδὲ
2514 1100 2737 1157 δύναται
2787 1100 3100 1168 γινώσκειν,
3154 1098 3231 1162 ὡς
3263 1098 3329 1151 τὰ
3380 1099 3508 1152 ἑκτὰ
3554 1097 3706 1151 πάντα

2165 1198 2263 1250 καὶ
2287 1195 2375 1269 [Ρ.
2401 1196 2530 1270 672]
2560 1199 2615 1251 αί
2634 1197 2777 1264 ἕξεις
2816 1194 2980 1248 αὐταὶ
3020 1193 3223 1263 ληπταὶ
3241 1193 3350 1254 τοῖς
3373 1189 3547 1261 ἔχουσι
3571 1190 3707 1260 ποιή-

2168 1289 2335 1357 μασίν
2358 1289 2489 1358 είσι,
2515 1289 2783 1350 δεκτικοῖς
2808 1283 2928 1341 οὖσι
2955 1285 3063 1339 τῶν
3091 1283 3291 1349 ἔξωθεν
3329 1282 3709 1352 ἐπιγινομένων.

2169 1382 2283 1435 Καὶ
2305 1382 2352 1435 εί
2373 1382 2448 1452 μὴ
2471 1381 2625 1436 λάϐοι
2642 1398 2748 1444 τις,
2767 1379 2878 1435 οὐδ’
2894 1378 3027 1445 ἔξει.
3055 1396 3075 1431 t
3099 1378 3164 1431 Τί
3181 1376 3291 1448 γὰρ
3329 1377 3492 1446 ἔχεις,
3515 1394 3532 1428 ι
3555 1377 3710 1445 φησιν,

2172 1489 2191 1521 ι
2221 1470 2362 1524 δοὺκ
2387 1470 2601 1535 ἔλασεςς
2629 1489 2648 1523 ι
2677 1469 2808 1525 ὥσθ’
2825 1471 2854 1524 ὃ
2877 1472 2990 1541 ἔχει
3018 1486 3123 1533 τις,
3142 1467 3419 1538 ἀλλότριόν
3436 1467 3493 1520 τέ
3510 1468 3616 1519 ἐστι
3636 1468 3713 1520 καὶ

2167 1562 2499 1616 ἐπείσακτον
2526 1576 2543 1595 ⁶
2574 1563 2765 1634 ὥσπερ
2792 1562 2891 1616 καὶ
2914 1563 2983 1616 τὰ
3004 1560 3202 1627 ἔξωθεν
3223 1558 3427 1613 οὑτωσὶ
3464 1557 3714 1619 πωςὺιτιι·

2168 1657 2355 1710 σιόντα
2385 1656 2561 1712 ταῦτα
2619 1658 2873 1729 νοήματα
2904 1657 3067 1712 τύποι
3097 1656 3340 1725 γίνονται
3365 1652 3463 1707 καὶ
3488 1653 3616 1708 αὐτὰ
3639 1650 3715 1705 καὶ

2167 1749 2470 1822 παθήματα
2489 1752 2607 1815 ταῖς
2625 1751 3018 1821 ὑποκειμέναις
3038 1749 3256 1821 ψυχαῖς,
3274 1749 3541 1818 παθηταῐς
3557 1744 3717 1807 οὔσαις

463 1821 739 1907 admittit,
759 1852 949 1913 utpote
972 1842 1122 1914 quod
1151 1842 1493 1898 exsislentiaa
1522 1842 1745 1898 initium
1777 1843 2058 1903 habuerit.

2170 1821 2354 1914 φύσει.
2406 1844 2529 1898 Ἐπὶ
2559 1842 2696 1897 Θεοῦ
2717 1842 2775 1897 δὲ
2799 1842 2862 1896 τὸ
2894 1842 3041 1913 ἔχειν
3075 1842 3142 1896 τὰ
3168 1841 3304 1912 πρὸς
3360 1840 3506 1912 ἡμᾶς
3544 1839 3713 1905 ὀνομα-

461 1935 621 2002 Quod
674 1935 721 1989 si
780 1944 997 2006 tempus
1042 1946 1099 1989 et
1147 1951 1324 1990 aevum
1373 1951 1483 1989 non
1524 1944 1657 1991 sunt
1702 1936 1822 1992 sine
1877 1937 2060 2004 initio,

459 2029 624 2099 longe
666 2028 871 2100 potiori
932 2028 1149 2084 ratione
1195 2028 1316 2083 sine
1372 2027 1535 2083 initio
1586 2043 1700 2083 nou
1756 2039 1922 2084 erunt
1973 2045 2059 2093 ea,

460 2138 587 2192 qua:
615 2122 667 2175 in
707 2122 816 2177 illis
858 2121 1435 2192 comprehenduntur.
1483 2122 1675 2192 itaque
1722 2120 1892 2188 Deus,
1934 2139 2061 2177 cum

460 2229 575 2269 non
636 2215 710 2269 sit
756 2213 1099 2280 substantia,
1155 2230 1224 2269 ne
1270 2214 1608 2284 principium
1674 2229 1799 2272 esse
1873 2216 2065 2271 existi-

459 2315 675 2371 metur;
711 2320 892 2375 neque
923 2306 1191 2376 potentia,
1223 2321 1292 2361 ne
1343 2306 1587 2361 medium
1637 2306 1760 2363 esse
1798 2316 2061 2377 putetur;

461 2417 641 2470 neque
670 2400 969 2471 operatio,“
1000 2415 1069 2454 ne
1127 2397 1253 2453 linis
1287 2413 1411 2453 esse
1455 2399 1832 2471 intelligatur;
1894 2402 2062 2467 Deus,

456 2496 941 2564 inquamhentitas
959 2502 1043 2547 est
1069 2491 1506 2548 substantiarutn
1531 2495 1864 2557 creatrixaet
1894 2509 2062 2564 supra

456 2604 681 2644 omnem
725 2586 1093 2643 substantiam
1126 2586 1338 2656 posita;
1383 2585 1782 2655 onmipotent‘ta
1834 2598 1918 2641 est
1969 2603 2067 2657 po-

458 2684 760 2734 tentiarum
803 2672 1095 2742 ell'eetrix,
1147 2689 1206 2733 et
1259 2693 1424 2747 supra
1483 2695 1705 2735 omnem
1763 2680 2062 2751 potentiam

458 2774 638 2840 posita
666 2789 679 2836 ;
727 2772 950 2828 habitus
986 2768 1071 2826 est
1105 2772 1485 2843 cujuscunque
1531 2772 1872 2842 operationis
1902 2773 2067 2828 elfec-

460 2864 607 2918 tivus
634 2874 689 2919 et
739 2867 847 2918 line
906 2879 1122 2929 carens,
1181 2873 1349 2932 atque
1389 2868 1476 2929 (ut
1537 2880 1649 2918 uno
1708 2864 1881 2920 verbo
1913 2882 2090 2923 e0m-.

470 2957 683 3029 plectar
714 2957 919 3025 omnia)
950 2958 1133 3011 oumis
1168 2957 1510 3020 substantia),
1546 2958 1827 3027 potentiae,
1869 2974 2067 3028 Opera-

412 3112 413 3115 η
463 3049 653 3115 ιίοηίς,
684 3048 967 3120 principii,
1000 3048 1188 3111 tnedii,
1239 3062 1294 3102 et
1338 3049 1484 3115 linis,
1527 3065 1693 3104 causa
1733 3050 1999 3106 etliaiens.
2040 3069 2059 3102 ι

2168 1939 2373 2010 ξὸμενα
2398 1939 2558 2010 τίμια
2577 1953 2637 1989 τε
2661 1934 2758 1991 καὶ
2785 1933 2989 2004 ἀγαθὰ,
3018 1930 3481 2003 καταχρηστικῶς
3506 1929 3713 1996 λέγεται,

2166 2036 2226 2087 οὐ
2252 2032 2479 2105 κυρίως.
2516 2030 2764 2101 Ἀπαθὴς
2801 2028 2931 2099 γάρ.
2968 2027 3041 2079 Ἣ
3066 2026 3272 2094 λεγέτω
3307 2022 3401 2094 μοί
3430 2039 3509 2085 τις
3542 2017 3716 2089 παρελ-

2167 2126 2276 2181 θών
2307 2141 2322 2156 ⁸
2360 2124 2526 2179 πόθεν
2560 2125 2655 2179 καὶ
2721 2122 2873 2193 παρὰ
2919 2120 3066 2183 τίνος
3095 2118 3209 2190 ἔχει
3240 2115 3425 2170 λαδῖυν
3452 2112 3718 2185 πρεσϐυτέ-

2170 2235 2265 2290 ρου
2296 2218 2393 2273 καὶ
2411 2216 2678 2289 μείζονος,
2711 2214 2745 2286 ἢ
2784 2211 3118 2280 τελειοτέρου
3150 2225 3165 2275 ;
3197 2200 3307 2261 Ἦν
3332 2206 3433 2278 μὲν
3462 2203 3564 2274 γὰρ
3586 2201 3719 2262 αὖτις

2167 2314 2253 2366 ἀεὶ
2290 2310 2456 2382 φύσει
2508 2309 2693 2364 πάντα
2741 2306 2993 2378 τάγαθάο
3045 2302 3485 2375 παρωνόμασται
3513 2298 3554 2352 δ’
3606 2293 3722 2351 αὐτὰ

2170 2405 2308 2475 πρὸς
2334 2404 2443 2457 τῶν
2471 2398 3066 2472 ἀνθρώπωνοῦστερον,
3105 2399 3199 2466 ἀφ’
3233 2388 3295 2450 οῦ
3358 2396 3490 2468 πρὸς
3542 2392 3723 2446 ἔννοιαν

2167 2495 2277 2550 τῶν
2308 2492 2540 2549 ἑνταῦθα
2573 2492 2756 2547 καλῶν
2779 2493 2873 2546 καὶ
2900 2492 3099 2561 τιμίων
3119 2487 3477 2562 ἐληλύθεσαν,
3506 2489 3593 2542 καὶ
3611 2490 3727 2544 διαι-

2170 2593 2288 2662 ρεῖν
2327 2592 2391 2644 ἐκ
2423 2590 2521 2660 τῆς
2554 2589 2802 2661 χείρονος
2843 2589 3093 2658 ἔγνωσαν
3126 2589 3347 2660 μοίρας.
3381 2589 3494 2643 Καὶ
3522 2590 3725 2659 οὐρανὸς

2175 2685 2308 2755 γὰρ,
2351 2685 2652 2753 σφαιρικός
2689 2700 2748 2736 τε
2779 2685 2877 2738 καὶ
2902 2683 3215 2752 ἀεικίνητος
3247 2685 3346 2738 καὶ
3384 2683 3513 2755 πρὶν
3541 2683 3727 2753 ἀνθρώ·

2171 2791 2308 2839 πους
2347 2771 2490 2828 εἶναι
2525 2774 2814 2846 ὑπάρχων,
2847 2775 2996 2844 ὅμως
3045 2774 3315 2844 ἔγνωσται
3347 2777 3445 2829 καὶ
3488 2778 3729 2848 προσωνό-

2173 2885 2376 2939 μασται
2395 2867 2531 2937 πρδς
2548 2867 2856 2938 ἀνθρώπων
2881 2866 3007 2920 ῦστε
3015 2885 3131 2940 ρον,
3152 2868 3186 2923 ἃ
3206 2871 3475 2944 πρότερον
3493 2873 3641 2936 αὐτὸς
3653 2866 3725 2941 ἦν.

2177 2980 2195 3012 ι
2227 2961 2543 3030 Οἰκτίρμων
2571 2960 2702 3031 γὰρ,
2752 2977 2771 3011 ι
2825 2965 2981 3029 φησι,
3012 2979 3032 3013 ι
3074 2968 3169 3016 καὶ
3200 2964 3455 3036 ἐλεήμων
3484 2966 3511 3017 ὁ
3532 2964 3726 3035 Κύριος,

2175 3069 2285 3120 μακ.
2296 3052 2421 3121 ρὸθυ
2431 3068 2528 3118 μσς
2547 3048 2980 3118 καὶξπολυέλεος.
3014 3070 3031 3101 ι
3062 3049 3130 3104 Τί
3156 3050 3359 3114 τοίνυν]
3386 3052 3551 3106 ταῦτα
3573 3051 3729 3117 λέγου-

463 3139 628 3196 Vides
660 3157 719 3193 ut
755 3157 935 3210 neque
968 3141 1277 3195 secundum
1321 3140 1710 3208 substantiam,
1744 3158 1923 3214 neque
1979 3159 2063 3199 se-

2174 3160 2262 3196 σιν
2287 3143 2573 3216 ἐνεργείας
2607 3142 2754 3214 ἔχειν
2782 3144 2885 3214 τὴν
2940 3143 3241 3214 σημασίαν,
3275 3144 3308 3216 ἢ
3368 3146 3577 3215 φύσεως
3599 3161 3612 3211 ;
3636 3145 3730 3198 Οὐκ

461 3234 705 3286 cundum
772 3233 943 3287 alium
990 3248 1379 3302 quemcunque
1440 3235 1687 3299 modum,
1745 3236 2063 3292 distinctam

466 3322 789 3392 qualitatem
849 3322 904 3375 in
973 3321 1163 3375 divina
1226 3321 1318 3377 illa
1387 3325 1697 3380 substantia
1764 3327 2068 3397 praedicare

461 3415 785 3482 permittant
820 3414 993 3467 sancti
1047 3414 1278 3469 Patres?
1308 3431 1327 3467 (
1368 3416 1502 3471 Nam
1556 3417 1700 3473 sicut
1744 3420 1948 3487 unitas,
1987 3421 2069 3475 in-

456 3506 603 3576 quit,
659 3506 715 3561 iu
774 3507 913 3562 duas
977 3508 1216 3563 unitates
1260 3508 1428 3564 dividi
1490 3526 1600 3566 non
1671 3510 1858 3579 poséet
1926 3516 2069 3584 (qua:

461 3599 609 3652 enim
644 3601 827 3653 unitas
862 3600 936 3654 ita
963 3601 1331 3669 divideretur,
1376 3618 1490 3657 non
1516 3604 1629 3673 jam
1679 3613 1829 3659 esset
1861 3607 2065 3675 unitas,

461 3690 556 3746 sed
585 3690 870 3763 dualitas),
917 3695 1126 3763 pariter
1162 3694 1312 3765 quod
1381 3711 1599 3750 summa
1649 3696 1859 3752 unitate
1894 3714 2065 3752 unum

461 3794 568 3847 est,
608 3783 746 3836 duas
779 3786 830 3837 in
864 3800 1095 3842 naturas
1144 3788 1319 3842 dividi
1363 3804 1645 3859 nunquam
1680 3791 1900 3860 poterit.
1937 3791 2070 3847 Ete-

460 3881 599 3945 nim,
633 3889 829 3951 inquit,
872 3896 1260 3936 universorum
1316 3882 1462 3937 Deus
1518 3898 1626 3938 non
1681 3883 1788 3939 erit
1827 3886 2067 3954 amplius

463 3986 661 4029 natura
690 3992 789 4033 sua
822 3974 1081 4045 simplex,
1116 3975 1163 4029 si
1198 3975 1332 4041 vita,
1373 3991 1497 4046 qua:
1529 3976 1583 4029 in
1628 3976 1749 4047 ipso
1778 3989 1885 4044 est,
1918 3977 2065 4032 aliud

458 4067 531 4122 ab
572 4068 691 4138 ipso
731 4069 822 4123 sit.
874 4069 1148 4123 Praeterea
1214 4067 1326 4122 Deo
1374 4067 1551 4138 major
1617 4078 1674 4123 et
1730 4071 2069 4126 conditionis

461 4160 968 4227 incomparabiliter
1029 4161 1434 4231 prazstanlioris
1487 4171 1637 4217 esset
1691 4163 1757 4226 is,
1809 4166 1902 4232 qui
1956 4162 2105 4219 Deo.

463 4252 564 4324 ipsi
592 4259 785 4321 vitam,
820 4265 880 4309 ut
934 4270 1045 4310 non
1097 4254 1352 4321 habenti,
1405 4255 1672 4322 dedisset,
1732 4257 1778 4312 si
1839 4259 2067 4314 omnino

462 4347 744 4417 accepisse
819 4347 911 4402 ille
962 4345 1499 4416 deprehenderetur.
1541 4365 1561 4399 ι
1631 4347 1738 4403 Sed
1806 4350 2068 4421 magister

465 4450 647 4493 vester
677 4440 923 4493 l’alamas
958 4438 1182 4510 (horum
1217 4436 1427 4507 quippe
1482 4439 1750 4494 malorum
1784 4455 1950 4496 causa
1982 4451 2065 4497 est

2171 3233 2236 3287 ἄν
2279 3249 2361 3296 τις
2384 3231 2511 3285 ἄλλο
2536 3248 2587 3285 τι
2615 3231 2766 3302 παρᾶ
2794 3230 2893 3302 τὴν
2926 3231 3209 3305 ἐνέργειαν
3235 3235 3408 3289 εῐποι.
3461 3236 3588 3289 Πότε
3633 3234 3727 3289 τοί-

2172 3345 2269 3379 νυν
2295 3327 2602 3399 ἐνεργήσας
2637 3327 2764 3390 τοὺς
2793 3328 3115 3399 οἱκτιρμοὺς
3142 3331 3170 3382 ό
3193 3327 3325 3394 Θεὸς
3365 3331 3458 3387 καὶ
3488 3332 3574 3385 τὸν
3603 3330 3730 3403 ἔλεον

2174 3419 2338 3490 ἔσχεν
2377 3421 2441 3472 ἐκ
2472 3422 2571 3489 τῆς
2605 3420 2891 3491 ἐνεργείας
2915 3419 3153 3491 τοῦνομα
3180 3439 3195 3490 ;
3228 3418 3339 3491 ἄρα
3370 3425 3479 3495 πρὸ
3516 3424 3608 3495 τῆς
3645 3424 3728 3477 ἀν-

2172 3513 2459 3584 θρωπίνης
2506 3510 2695 3582 ζωῆς;
2747 3514 2843 3567 καὶ
2898 3513 3161 3576 τίςότοῦ
3219 3516 3410 3580 ἐλέους
3464 3517 3725 3589 δεόμενος;

2182 3604 2347 3659 Ἀλλά
2406 3606 2547 3676 μετὰ
2606 3606 2707 3674 τὴν
2767 3605 3047 3678 ἁμαρτίαν
3106 3608 3363 3681 παντως·
3417 3610 3516 3683 ἡδ’
3565 3604 3725 3681 ditur

2168 3696 2261 3751 τία
2297 3697 2439 3768 μετὰ
2468 3697 2561 3751 τὸν
2587 3697 2903 3769 ἄνθρωπον.
2935 3699 3146 3754 Οὐκοῦν
3180 3703 3317 3772 μετὰ
3345 3703 3442 3758 τὸν
3467 3705 3727 3775 ἄνθρωπον

2171 3791 2265 3845 καὶ
2285 3792 2319 3861 ὴ
2345 3789 2440 3845 τοῦ
2463 3790 2635 3843 ἐλεεῖν
2662 3791 2914 3863 ἐνέργεια
2937 3793 3148 3848 καὶτοῦ
3187 3797 3339 3849 ἐλέου
3355 3799 3417 3851 τὸ
3436 3799 3616 3868 ὄνομα.
3636 3798 3729 3853 Καὶ

2171 3882 2375 3953 ὁμοίως
2397 3882 2426 3936 ὁ
2445 3883 2620 3953 μέγας
2639 3888 2806 3955 φησιν
2824 3883 3148 3969 Ἀθανάσιρς
3169 3904 3183 3919 ο
3213 3905 3232 3940 ι
3256 3889 3370 3960 υῦχ
3388 3893 3445 3945 αί
3464 3893 3625 3960 λέξεις
3648 3890 3730 3960 τὴν

2171 3976 2337 4045 φύσιν
2364 3975 2768 4047 παραιροῦνται
2789 3990 2805 4008 ·
2830 3977 2967 4033 ἀλλὰ
2991 3981 3195 4049 μᾶλλον
3216 3985 3246 4053 ἡ
3276 3983 3439 4052 φύσις
3466 3987 3561 4049 τὰς
3585 3985 3733 4050 λέξεις

2171 4073 2254 4150 εἰς
2285 4069 2492 4141 ἑαυτὴν
2542 4069 2781 4124 ἕλκουσα
2812 4073 3164 4143 μεταϐάλλει.
3191 4076 3300 4130 Καὶ
3349 4081 3459 4150 γὰρ
3481 4080 3539 4132 οὐ
3564 4080 3733 4149 πρότε-

2176 4141 2265 4235 ραί
2299 4163 2409 4218 τῶν
2448 4164 2650 4219 οὐσιῶν
2677 4167 2733 4219 αἱ
2780 4141 2957 4234 λέξεις
2985 4182 3002 4197 ⁸
3033 4167 3151 4222 ἀλλ’
3177 4169 3235 4224 αί
3279 4141 3458 4227 οὐσίαι
3516 4141 3731 4245 πριῖιτον,

2171 4257 2267 4310 καὶ
2292 4256 2547 4331 δεύτεραι
2571 4257 2776 4313 τούτων
2809 4260 2865 4315 αί
2888 4260 3085 4326 λέξεις.
3117 4260 3178 4317 ’0
3213 4264 3321 4336 γὰρ
3355 4266 3511 4335 Θεὸς,
3544 4266 3728 4329 ἁπλοῦς

2172 4347 2248 4401 ὢν
2313 4350 2410 4403 καὶ
2458 4349 2759 4415 ἀσύνθετος
2809 4350 2995 4421 φύσει,
3050 4355 3239 4422 ἁπλῶς
3296 4360 3391 4411 καὶ
3466 4361 3728 4431 μονοειδῶς

2170 4441 2237 4495 τὰ
2295 4442 2456 4511 φύσει
2515 4443 2694 4497 πάντα
2745 4445 2990 4515 πέφυκεν
3049 4443 3189 4503 εῖναι
3241 4450 3384 4504 καλὰ
3440 4453 3579 4525 ὑπὲρ
3617 4453 3723 4507 νοῦν

464 4531 541 4604 illi
606 4532 959 4598 ascribenda,
1017 4548 1128 4586 nou
1168 4531 1222 4586 in
1283 4547 1380 4587 vos
1413 4532 1681 4587 duntaxat
1728 4534 1850 4604 ejus
1896 4536 2063 4592 disci-

2169 4536 2264 4588 καὶ
2315 4534 2475 4605 λόγον
2541 4536 2904 4607 ἀνθρώπινον.
2968 4540 3050 4593 Τὰ
3103 4540 3148 4593 δ’
3202 4542 3261 4596 ἔν
3333 4545 3524 4619 κόσμῳ
3595 4546 3717 4599 καλά

461 4624 624 4695 pulos
650 4627 809 4695 cu‘pa
841 4625 1202 4692 conferenda)
1238 4640 1347 4679 non
1382 4641 1509 4681 cum
1548 4625 1844 4682 formidine
1880 4628 2063 4701 aliqua

458 4723 558 4770 aut
609 4715 966 4782 obscuritate,
1030 4716 1249 4788 1068
1300 4717 1395 4772 sed
1446 4717 1799 4789 impudenter
1833 4728 1887 4776 et
1932 4738 2064 4779 cou-

465 4807 644 4875 ceptis
673 4808 877 4875 verbis,
910 4824 1144 4879 pravum
1177 4809 1280 4862 hoc
1317 4809 1513 4881 dogma
1544 4810 1876 4879 introducit;
1914 4815 2061 4884 quod

462 4899 700 4968 scilicet,
755 4902 978 4972 preprie
1040 4911 1095 4957 et
1160 4904 1353 4958 stricte
1390 4904 1691 4975 loquendo,
1742 4907 2063 4964 divinitates

462 4989 690 5045 totidem
738 4991 871 5059 sint,
919 4994 1192 5064 Operatio,
1242 4994 1399 5059 vita,
1436 4996 1730 5066 sapientia,
1775 4998 2058 5067 volu'ntas,

460 5084 778 5151 prudentia,
816 5085 1108 5155 fortitudo,
1138 5097 1194 5144 et
1226 5090 1332 5144 alia
1390 5092 1607 5161 generis
1654 5093 1901 5163 ejusdem
1933 5113 1945 5150 :
1981 5097 2055 5151 ita

458 5185 521 5229 ut
551 5175 748 5229 horum
780 5176 992 5247 singula
1027 5190 1083 5236 et
1122 5198 1150 5235 a
1198 5198 1257 5239 se
1301 5183 1561 5249 invicem,
1593 5193 1651 5240 et
1681 5186 1750 5241 ab
1799 5187 1915 5258 ipsa
1954 5190 2053 5244 Dei

456 5271 767 5324 subslantia
803 5272 1234 5343 distinguantur,
1285 5292 1393 5347 qua
1430 5278 1593 5332 etiam
1649 5277 2050 5350 incomparabi-

456 5358 588 5415 liter
613 5364 723 5416 siut
764 5363 1012 5420 meliora.
1045 5367 1116 5422 De
1147 5368 1348 5439 quibus
1382 5369 1489 5438 jam
1531 5370 1860 5439 praedixerat
1890 5375 2052 5429 divus

458 5452 795 5510 Athanasius
824 5457 895 5510 ita
923 5459 1170 5515 scribens
1197 5479 1210 5515 :
1249 5479 1266 5513 t
1293 5462 1516 5527 Nolunt,
1554 5463 1753 5533 inquit,
1782 5464 1933 5535 impii
1965 5466 2053 5520 Fi-

458 5541 590 5598 lium
613 5562 730 5602 esse
750 5548 1011 5617 Verbum,
1037 5554 1383 5623 sapientiam,
1408 5555 1707 5627 vivumque
1729 5562 2047 5628 consilium;

459 5637 557 5691 sed
600 5642 945 5697 contendunt
999 5644 1179 5714 ipsum
1230 5662 1352 5703 esse
1388 5648 1531 5718 apud
1588 5650 1755 5705 Deum
1807 5657 2046 5722 pruden-

2171 4626 2317 4679 θέσει
2383 4626 2484 4680 καὶ
2539 4627 2601 4680 οὐ
2666 4629 2873 4699 κυρίως
2936 4630 3067 4698 εἰσί,
3108 4630 3206 4685 καὶ
3255 4633 3464 4697 εἰκόνες
3500 4636 3727 4706 ,ἀμυδραὶ

2125 4720 2281 4778 ,τῶν
2309 4720 2528 4774 ἐκείνου
2593 4721 2797 4778 καλῶν.
2844 4722 3110 4794 Ἦμεϊςδ⁹
3165 4725 3545 4796 ὑστερογενεῖς
3594 4726 3725 4808 ὄντες

2170 4814 2508 4887 ὑστερογενῆ
2541 4817 2635 4869 καὶ
2661 4816 2728 4870 τὰ
2751 4816 2931 4885 ἀγαθὰ
2964 4816 3334 4889 διδασκόμεθα
3370 4822 3500 4875 ὄντα
3529 4821 3612 4876 διὰ
3643 4819 3726 4888 τῆς

2166 4907 2395 4974 πείραςο
2432 4907 2728 4961 κάντεῦθεν
2768 4909 2865 4963 καὶ
2904 4911 3040 4982 πρὸς
3066 4912 3198 4966 Θεὸν
3221 4905 3288 4968 τὰ
3342 4917 3565 4969 τοιαῦτα
3609 4913 3723 4968 ἀνάο

2165 5016 2354 5069 γοντες
2382 5004 2445 5055 ἐκ
2480 5003 2700 5055 πάντων
2726 5003 2885 5056 αἰτὺν
2919 5008 3398 5078 παρονομάξομεν,
3431 5012 3461 5064 ἃ
3482 5012 3625 5063 ἐστιν
3641 5009 3725 5063 αὖε

2157 5096 2248 5162 τὸς
2282 5096 2465 5168 φύσει,
2494 5098 2587 5151 καὶ
2616 5099 2716 5169 οὐχ
2733 5099 2823 5163 ὡς
2843 5100 2900 5167 ἐξ
2937 5101 3115 5153 αὐτῶν
3140 5103 3340 5173 ὁμοίως
3366 5107 3499 5175 ἡμῖν
3529 5104 3725 5171 συγκεί-

2161 5209 2343 5265 μενος.
2392 5192 2669 5263 Ὀνόματα
2713 5192 2822 5263 γάρ
2854 5195 2960 5247 είσι
2991 5193 3162 5249 ταῦτα
3218 5200 3313 5249 καὶ
3356 5200 3597 5270 νοήματα
3630 5196 3722 5249 τῶν

2154 5287 2440 5357 ἡμετέρων
2457 5284 2707 5356 ψυχικῶν
2727 5285 2953 5354 ὠδίνων,
2975 5290 3095 5363 ὅσαι
3124 5295 3595 5364 πολυπραγμονεῖν
3620 5289 3722 5343 τιλ-

2157 5381 2301 5449 μῶσι
2348 5380 2505 5443 Θεὸν,
2537 5382 2595 5432 ἐν
2637 5380 2932 5452 προθύροις
2965 5385 3335 5452 αὑλιζομένων
3376 5388 3466 5442 τοῦ
3523 5387 3716 5447 ἀδύτου,

2153 5471 2248 5523 καὶ
2270 5470 2422 5524 οὐδὲν
2442 5470 2540 5541 μὲν
2556 5472 2663 5524 τῶν
2687 5473 2897 5526 ἐκείνου
2917 5475 3261 5546 ἐξαγγέλλειν
3282 5482 3404 5551 ὲχου
3414 5473 3715 5552 σῶνίΡ.675]

2150 5564 2220 5615 τὰ
2264 5563 2307 5616 δ’
2340 5567 2516 5619 οἰκεία
2549 5565 2697 5637 πάθη
2728 5571 2858 5637 περὶ
2879 5568 3042 5624 αὐτὸν
3064 5573 3156 5625 καὶ
3176 5572 3272 5637 τὰς
3294 5573 3523 5644 ἀπορίας
3562 5588 3615 5624 τε
3634 5569 3715 5622 καὶ

2150 5658 2480 5726 διαπτώσεις
2500 5669 2829 5736 μηνυουσῶν
2853 5666 3083 5734 ἑαυτῶν,
3102 5667 3421 5737 οἰδὲξσαφῶς
3445 5667 3577 5739 (64),
3594 5661 3713 5717 ἀλλᾶ

1847 5751 2111 5815 Varioru
2126 5777 2181 5818 ut
2224 5767 2414 5822 noltB.

536 5840 645 5903 ((3.2)
684 5840 737 5892 Si
784 5841 933 5914 iegas
963 5847 1145 5915 σαφῶς

457 5902 791 5965 Carrznoxx.

1152 5891 1166 5916 ,
1206 5846 1553 5915 vertendum,
1586 5865 1685 5904 non
1732 5854 1941 5921 quidem
2002 5860 2286 5934 evidenter,
2323 5863 2414 5918 sed
2481 5865 2694 5921 indiciis
2765 5869 3077 5943 quibusdam
3128 5870 3482 5924 dentomtram
3518 5866 3579 5919 iis
3612 5856 3718 5934 ᾳιιὶἔ
