4016 6482
293 314 463 400 1349
684 335 759 409 [Α.
795 351 845 394 c.
888 338 1047 412 1351]

1226 344 1673 409 BYZANTENZE
1712 347 2098 410 HISTORI/E
2133 351 2283 414 LIB.
2323 352 2513 413 XXII.

2622 349 2762 420 [μιν.
2801 365 2851 404 ι.
2889 366 3179 409 ΩΛΝΤΛΕΕΖ.
3212 354 3269 425 ὃ]

3416 361 3554 425 1350

290 447 367 501 δι’
389 447 669 514 ἐνδείξεων
697 451 794 506 καὶ
827 453 1022 523 ταῦτα,
1047 454 1141 508 καὶ
1164 457 1277 520 τοῖς
1307 457 1520 511 ἐπαΐειν
1550 459 1645 511 καὶ
1667 459 1859 515 τούτωι

1979 462 2132 528 tiam,
2158 462 2517 531 voluntatem,
2549 474 2601 519 et
2648 466 3010 534 sapientiam:
3056 484 3177 539 quae
3207 470 3355 524 velut
3389 470 3550 527 habi-

286 542 634 614 δυναμένοις.
674 547 814 601 Ἀλλ’
850 551 877 602 ό
909 549 1174 619 ὑμέτερος
1219 550 1541 615 διδάσκαλος
1605 551 1869 621 Παλαμᾶς

290 635 475 690 πάντα
495 636 562 689 τὰ
592 637 878 709 θεοπρεπῆ
919 640 1159 708 ὀνόματά
1176 657 1237 693 τε
1276 642 1370 694 καὶ
1399 645 1648 713 νοήματα
1688 642 1874 711 θεότη-

286 743 390 789 τας
423 728 712 792 άκτίστους
742 731 972 801 νομίζει,
995 732 1331 803 διῃρημένας
1360 734 1607 805 ἀλλήλων
1630 736 1721 788 καὶ
1749 736 1872 789 ἁτε-

292 813 406 876 λεί,
432 817 555 871 καθ’
587 819 810 887 ἑαυτὰς,
836 817 924 887 αἷς
958 825 1219 878 συνάπτει
1250 826 1345 879 καὶ
1399 825 1497 896 τὴν
1539 827 1723 897 κρίσιν
1776 824 1872 880 τοῦ

293 906 432 961 Θεοῦ
457 910 547 962 καὶ
572 909 672 981 τὴν
726 912 1119 985 αἰδεσιμότητα
1163 915 1351 982 αὑτοῦ,
1380 918 1476 969 καὶ
1528 916 1729 989 μυρίας
1777 918 1873 971 καὶ

292 999 426 1063 ὅσας
458 998 727 1072 δείξομεν,
760 1006 840 1067 είς
869 1005 1035 1072 μέσον
1084 1008 1497 1076 προαγαγόντες
1552 1009 1721 1070 αὐτὰς
1773 1010 1872 1072 τὰς

297 1091 489 1161 ῥήσεις
516 1091 684 1147 αὐτοῦ
708 1095 876 1163 (καθὰ
917 1098 1012 1150 καὶ
1043 1098 1304 1167 ἀνωτέρω
1327 1116 1430 1153 που
1482 1106 1864 1170 πεποιήκαμεν

287 1181 540 1249 ὀλιγάκις
563 1199 620 1235 τε
667 1185 764 1238 καὶ
790 1187 1072 1258 μετρίως),
1103 1187 1177 1258 μὴ
1210 1190 1410 1254 συνιεὶς
1446 1191 1554 1243 τῶν
1596 1191 1768 1258 ἁγίων
1787 1191 1872 1243 λε-

296 1272 505 1339 γόντων
531 1288 545 1303 ⁸
581 1292 599 1325 ι
630 1275 965 1345 Πιστεύομεν
987 1281 1066 1339 είς
1084 1279 1177 1331 ἕνα
1201 1278 1353 1345 Θεὸν,
1376 1279 1503 1349 μίαν
1519 1279 1692 1351 ἀρχὴν
1708 1279 1874 1348 ἄναρ-

288 1364 693 1433 χον,άκτιστον,
709 1367 890 1420 καὶτὰ
912 1369 1060 1438 ἑξῆς,
1079 1372 1208 1439 μίαν
1228 1369 1495 1439 ἐξουσίαν,
1526 1372 1654 1441 μίαν
1682 1371 1872 1442 κυριό-

289 1471 455 1525 τητα,
485 1457 615 1527 μίαν
664 1458 966 1527 βασιλείαν,
986 1464 1044 1515 ἐν
1081 1465 1229 1533 τρισὶ
1277 1463 1505 1528 τελείαις
1546 1464 1872 1518 ὑποστάσεσι

283 1547 698 1621 γνωριζομένην
716 1567 777 1604 τε
801 1553 896 1607 καὶ
921 1555 1400 1627 προσκυνουμένην
1434 1558 1532 1627 μιᾷ
1564 1557 1874 1628 προσκυνή-

258 1661 263 1667 -
293 1648 397 1686 σει.
435 1652 454 1685 ι
493 1633 624 1688 Ἰδοὺ
643 1636 751 1708 γὰρ
784 1638 882 1702 τὰς
910 1641 1108 1704 πολλὰς
1137 1640 1399 1713 ὑφ’ήμῶν
1424 1645 1772 1716 ἀναγομένοις
1793 1645 1871 1717 τῷ

290 1724 410 1795 Θεῷ
426 1728 812 1799 προσωνυμίας
831 1732 858 1783 ό
885 1733 1047 1795 πολὺς
1069 1733 1325 1806 Ἰωάννης
1344 1730 1750 1791 ἑνῒσυνέκλεισε
1773 1738 1868 1791 καὶ

1974 561 2063 609 tus
2087 555 2310 624 quidam
2338 555 2451 611 Deo
2499 556 2813 619 adveniant.
2846 571 2939 614 aut
2984 564 3052 615 ab
3097 579 3164 617 eo
3205 565 3488 619 recedant.
3523 583 3544 619 ι

1973 643 2043 698 Et
2074 659 2305 715 magnus
2328 646 2525 700 iterum
2554 647 2820 704 Maximus
2846 650 2919 703 ita
2954 651 3200 721 loquitur
3236 673 3249 708 :
3293 673 3311 706 ι
3339 655 3397 708 In
3423 656 3556 710 sim-

1970 736 2102 806 plici
2169 744 2334 806 atque
2386 737 2597 793 inunita
2652 749 2853 795 sanctae
2911 741 3194 800 Trinitatis
3245 746 3552 804 substantia

1970 828 2083 882 noli
2120 828 2344 885 habitus
2378 839 2433 885 et
2469 830 2782 888 habilitates
2833 850 3116 903 quaerere;
3167 852 3235 893 ne
3275 850 3555 895 creatura-

1971 933 2095 973 rum
2126 934 2277 975 more
2311 922 2673 992 compositam
2717 940 2838 980 esse
2889 925 3059 996 ipsam
3102 931 3386 998 praztliees.
3414 933 3551 988 Nam

1972 1024 2314 1080 quaecunque
2342 1012 2487 1068 Deus
2520 1014 2706 1082 habet,
2734 1031 2801 1072 ex
2853 1028 3048 1074 natura
3087 1037 3183 1075 sua
3221 1033 3276 1075 et
3308 1039 3415 1077 non
3466 1040 3556 1079 re-

1971 1114 2104 1155 cens
2132 1101 2436 1158 adventitia
2479 1105 2744 1174 possidet.
2781 1126 2799 1158 ι
2847 1107 2913 1161 Ει
2954 1125 3142 1164 rursus
3172 1129 3184 1164 :
3218 1132 3233 1162 ι
3268 1114 3412 1169 Deus
3441 1131 3548 1169 non

1973 1190 2321 1258 qualitatum,
2373 1193 2468 1247 sed
2519 1196 2952 1250 substantiarum
3004 1201 3363 1268 qualitatibus
3419 1205 3554 1260 atie-

1972 1287 2204 1343 ctarum,
2235 1291 2321 1336 est
2343 1292 2580 1338 creator.
2627 1305 2645 1337 ι
2676 1284 2869 1341 Cernis
2894 1288 3004 1357 jam
3054 1306 3164 1359 quo
3193 1305 3351 1362 pacto
3391 1296 3550 1351 habi-

1977 1376 2064 1422 tus
2088 1409 2103 1434 ,
2152 1369 2541 1440 dispositiones
2577 1384 2633 1431 et
2667 1393 3025 1452 quascunque
3063 1385 3351 1453 qualitates
3401 1403 3431 1441 a
3466 1388 3551 1442 di-

1972 1458 2096 1514 vina
2127 1461 2431 1519 substantia
2480 1474 2539 1520 ut
2588 1467 2794 1525 alienas
2853 1483 3169 1545 removeam
3205 1476 3303 1531 SS.
3340 1477 3549 1545 Patres,

1946 1554 2039 1608 'eo
2095 1555 2240 1624 quod
2291 1571 2479 1611 earum
2536 1559 2683 1614 nulla
2748 1562 2819 1616 sit
2870 1566 3286 1635 compositionis
3332 1585 3548 1639 expers.

1974 1644 2089 1700 lloc
2123 1656 2304 1701 autem
2339 1656 2434 1703 tuo
2466 1664 2574 1704 non
2610 1651 2789 1721 placet
2827 1653 3079 1720 Ριιίειιιιω,
3110 1657 3206 1726 qui
3246 1656 3552 1728 intelligere

1975 1753 2083 1791 non
2117 1738 2278 1801 valet,
2312 1739 2418 1795 hoc
2454 1757 2576 1797 esse
2609 1743 2679 1798 de
2730 1753 2927 1801 natura
2962 1749 3205 1802 omnium
3260 1750 3549 1807 habituum

293 1817 566 1886 μοναδικῷ
606 1823 1056 1893 συμπεράσματι.
1089 1826 1156 1879 Et
1181 1826 1288 1895 γὰρ
1304 1828 1498 1881 ταυτὸν
1518 1829 1657 1882 κατά
1678 1845 1730 1882 τι
1772 1830 1859 1900 φῦ-

1972 1835 2027 1882 et
2059 1843 2240 1882 rerum
2272 1844 2392 1898 quae
2432 1830 2636 1886 haberi'
2680 1844 2930 1902 possunt,
2972 1845 3032 1891 ut
3075 1853 3106 1892 a
3143 1842 3414 1897 creaturis
3452 1842 3552 1898 ha-

292 1922 378 1959 σει
432 1909 528 1962 καὶ
583 1910 840 1966 ἄκτιστον
886 1902 1103 1983 ἔχει’τὺ
1144 1913 1346 1979 πλῆθος
1386 1915 1494 1968 τῶν
1542 1916 1872 1987 Παλαμικῶν

288 1997 565 2077 ἀπτίστων
584 2001 873 2074 θεοτήτων,
891 2006 948 2057 οὐ
969 2005 1171 2075 πλῆθος
1188 2008 1253 2059 ἂν
1284 2009 1366 2078 είη
1391 2008 1450 2061 τὸ
1478 2008 1705 2080 πλῆθος,
1730 2008 1867 2064 ἀλλὰ

287 2090 483 2159 μονάς⁶
509 2094 844 2167 καὶ,λέληθεν
875 2097 984 2167 ἄρα
1004 2098 1202 2153 ταύτὸν
1230 2102 1295 2170 τῇ
1329 2099 1486 2171 οὐσίᾳ
1518 2102 1742 2171 φάσκων
1768 2102 1868 2157 αὐ-

280 2183 406 2249 τάς,
462 2187 554 2240 καί
602 2188 676 2258 μὴ
728 2189 863 2243 νοῶν
898 2191 1065 2259 ὑγιῶς
1105 2191 1139 2245 ἆ
1178 2208 1340 2263 φησιν
1398 2192 1585 2262 ὑγιῶς.
1636 2192 1709 2246 Τὸ
1758 2195 1868 2266 γὰρ

279 2276 500 2340 ταυτὸν,
533 2278 631 2347 οὐχ
655 2278 860 2349 ἕτερον,
892 2281 1011 2334 οὐδὲ
1076 2281 1281 2351 πλῆθος
1313 2284 1380 2354 τῇ
1430 2284 1591 2353 φύσει
1640 2300 1702 2335 τε
1764 2285 1865 2338 καὶ

281 2366 463 2439 οὐσίᾳ.
521 2370 583 2421 Et
639 2369 694 2422 δὲ
737 2369 944 2440 χάριτι,
999 2373 1251 2444 καθάπερ
1313 2378 1406 2427 καὶ
1464 2375 1590 2435 τοὺς
1652 2373 1862 2446 ἀνθρώ-

281 2476 420 2522 πους
473 2462 774 2531 νομοθετεῖ,
832 2463 1056 2532 λέληθεν
1097 2467 1206 2536 ἄρα
1258 2466 1454 2529 τοῦτὸν
1506 2468 1618 2529 τοῖς
1655 2466 1861 2537 ἀνθρώ-

279 2567 402 2613 ποις
431 2552 655 2621 φάσκων
694 2555 753 2607 τὸ
800 2556 1001 2625 πλῆθος
1038 2558 1147 2611 τῶν
1174 2560 1446 2613 ἀκτίστων
1502 2559 1708 2613 τούτων
1741 2559 1859 2612 θεο-
1908 2602 1913 2607 .

276 2646 455 2709 τήτων
485 2660 498 2674 ·
555 2645 651 2698 καὶ
681 2647 908 2714 γίνεταί,
938 2649 989 2701 oi
1029 2650 1089 2703 τὸ
1121 2649 1380 2703 ἄκτιστον
1424 2651 1525 2703 οὐκ
1569 2650 1853 2711 ἄκτιστον,

279 2733 422 2787 ἀλλὰ
447 2738 683 2790 κτιστόν.
746 2738 1050 2803 Ἐνίζονται
1100 2743 1209 2812 γὰρ
1247 2741 1316 2795 τὰ
1364 2741 1537 2795 πολλὰ
1566 2742 1645 2812 τῷ
1678 2741 1859 2812 ταυτῷ

286 2827 392 2897 τῆς
434 2828 741 2900 ὑπάρξεως,
774 2830 935 2900 φύσιν
966 2832 1197 2902 ἑχόντων
1223 2832 1470 2904 ἀλλήλοις
1492 2833 1601 2887 τῶν
1628 2832 1703 2904 μὴ
1748 2834 1862 2886 ἑτέ·-

254 2940 396 2994 ορων
427 2924 517 2977 ἀεὶ
548 2926 783 2977 συνεῖναι
801 2925 940 2978 κατὰ
968 2926 1027 2976 τὸ
1063 2926 1309 2995 συμφυὲς
1344 2928 1437 2979 καὶ
1461 2926 1746 2997 ὁμότιμον,
1780 2924 1857 2994 μὴ

274 3014 561 3085 παρούσης
588 3014 687 3084 τῆς
717 3016 1054 3087 ἑτερότητος.
1092 3016 1216 3079 Πῶς
1245 3018 1353 3087 γὰρ
1387 3015 1454 3070 ἂν
1485 3017 1673 3087 μιγείη
1700 3017 1769 3070 τὰ
1793 3017 1856 3069 ὲκ

268 3101 570 3171 διαμέτρου
602 3101 1002 3174 κληρωσάμενα
1034 3105 1134 3176 τὴν
1157 3106 1450 3170 ἀντίθεσιν,
1476 3105 1571 3159 καὶ
1601 3106 1691 3160 ἀεὶ
1752 3121 1855 3175 μα·

1972 1917 2254 1986 bentibus,
2290 1930 2345 1976 et
2380 1922 2445 1975 ad
2499 1938 2587 1978 res
2617 1925 2962 1981 extrinsecus
3016 1928 3372 1986 advenientes
3414 1935 3552 1989 reci—

1970 2010 2197 2077 piendas
2250 2012 2489 2073 idoneis.
2542 2014 2901 2083 accipiantur.
2960 2017 3073 2073 Nec
3126 2018 3352 2077 habebit
3399 2024 3546 2094 quis,

1967 2102 2074 2156 nisi
2128 2104 2424 2174 acceperit.
2481 2101 2671 2172 «Quid
2722 2109 2868 2162 enim
2914 2109 3106 2175 habes,
3158 2113 3358 2184 inquit,
3400 2116 3548 2187 quod

1967 2207 2079 2247 non
2108 2194 2428 2263 acceperis?
2459 2214 2477 2248 ι
2514 2196 2657 2266 Ergo
2674 2198 2817 2268 quod
2840 2198 3004 2255 habet
3035 2201 3179 2271 quis,
3201 2203 3437 2260 alienum
3463 2218 3549 2265 est

1966 2295 2021 2339 et
2093 2286 2389 2341 ascititium
2430 2306 2446 2344 :
2486 2290 2630 2345 sicut
2661 2303 2866 2361 etquae
2915 2296 3260 2353 extrinsecus
3297 2299 3399 2356 hac
3430 2301 3544 2357 fere

1964 2370 2178 2425 ratione
2225 2373 2524 2432 adveniunt
2579 2378 2894 2448 bujusmodi
2957 2384 3338 2453 capitationes,
3398 2399 3543 2447 nota

1976 2463 2191 2534 1069
2214 2475 2349 2521 sunt
2384 2467 2663 2538 impressae
2716 2482 2771 2526 et
2819 2473 3122 2541 passiones,
3175 2494 3295 2549 quae
3326 2481 3380 2535 in
3417 2483 3543 2536 ani-

1962 2555 2176 2617 mabus,
2213 2564 2468 2624 tanquam
2502 2557 2555 2611 in
2596 2558 2862 2629 subjectis
2884 2575 2947 2614 ex
2988 2573 3182 2617 natura
3211 2578 3308 2619 sua
3340 2566 3545 2636 patibi-

1962 2644 2126 2710 libus,
2178 2647 2538 2717 recipiuntur.
2597 2649 2742 2705 Deus
2791 2661 2997 2720 autem,
3045 2668 3170 2708 eum
3225 2657 3543 2727 neutiquam

1959 2737 2025 2790 sit
2061 2739 2300 2806 patibilis
2325 2780 2337 2800 .
2392 2740 2530 2799 non!
2546 2741 2787 2810 proprie,
2823 2743 2920 2797 sed
2975 2760 3073 2813 per
3101 2745 3440 2814 abusionem”,
3480 2765 3544 2804 ea

1959 2826 2165 2880 dicitur
2197 2830 2422 2893 habere,
2448 2846 2569 2900 qua:
2602 2845 2853 2901 respectu
2889 2838 3063 2889 nostri
3116 2838 3256 2891 bona
3286 2849 3341 2893 et
3369 2839 3545 2895 hono-

1959 2920 2152 2975 rabilia
2213 2932 2628 2993 nuncupantur.
2670 2924 2927 2995 Alioquin
2974 2927 3083 2981 huc
3133 2931 3359 2994 prodeat
3390 2932 3544 3000 quis-

1916 3018 2103 3082 -piatn
2144 3014 2280 3067 mihi
2318 3015 2593 3081 ιίὶιιυτυε,
2644 3032 2674 3070 a
2724 3032 2835 3086 quo
2889 3020 3207 3088 antiquiori.
3247 3024 3457 3092 majori,
3487 3032 3544 3080 et

1959 3103 2296 3173 perfectiori,
2326 3116 2610 3175 acceptum
2647 3106 2779 3178 qttid
2814 3108 3012 3165 habeat
3039 3110 3204 3166 Deus.
3239 3112 3353 3182 Ipse
3391 3115 3539 3169 enim

269 3197 483 3266 χόμενα
502 3196 622 3249 κατ’
642 3196 774 3249 αὑτό
796 3212 859 3264 γε
890 3198 1038 3251 τουτὶ
1071 3198 1134 3251 τὸ
1168 3198 1268 3267 τῆς
1298 3199 1617 3269 ἑτερότητος
1650 3199 1847 3269 μέρος;

1958 3211 2021 3249 ex
2050 3205 2242 3251 natura
2268 3212 2364 3251 sua
2397 3214 2616 3265 semper
2649 3198 2753 3253 fuit
2797 3214 2960 3254 onme
2992 3200 3217 3255 bonum.
3245 3201 3351 3256 Sed
3392 3203 3537 3259 bona

268 3289 334 3340 οὐ
365 3288 476 3359 γὰρ
510 3287 578 3342 ἂν
618 3288 811 3357 φθάνει
868 3287 1099 3360 θάτερον
1151 3289 1385 3361 Οατὲρῳ,
1447 3292 1645 3345 θᾶττον
1694 3292 1852 3362 λόγου

274 3380 503 3452 παντὸς,
535 3385 788 3456 λαμπρὸν
805 3386 894 3440 τὸν
929 3385 1023 3440 τοῦ
1072 3386 1303 3440 θανάτου
1339 3386 1541 3456 κιρνῶν
1581 3389 1848 3460 κρατῆρα.

281 3475 348 3531 Ὅ
386 3478 517 3546 γοῦν
552 3478 704 3547 παρὰ
754 3479 852 3548 τὴν
908 3477 1059 3532 θείαν
1104 3477 1291 3532 οὐσίαν
1347 3477 1514 3541 ἄλλας
1553 3479 1858 3549 νομοθετῶν

270 3567 561 3631 ἁκτίστους
585 3566 842 3639 θεότητας
858 3568 952 3622 καὶ
967 3569 1244 3638 ἐνεργείας
1258 3571 1320 3622 τὸ
1343 3569 1541 3621 ἐνιαῖον
1562 3568 1856 3641 διέφθαρκε

268 3662 372 3731 τῆς
402 3659 497 3713 τοῦ
531 3659 750 3714 πάντων
768 3659 1105 3732 δημιουργοῦ
1136 3661 1391 3730 θεότητος
1412 3678 1426 3693 ο
1460 3661 1597 3730 μηδὲ
1631 3663 1738 3734 γὰρ
1771 3659 1852 3715 εἷ-

265 3766 360 3804 ναι
385 3749 492 3804 τῶν
510 3749 843 3821 δυναμένων,
874 3752 953 3814 είς
972 3751 1278 3822 ταυτότητά
1302 3751 1535 3822 φυσικὴν
1556 3752 1653 3824 τὴν
1670 3755 1854 3825 ἑτερό-

267 3860 413 3915 τητα
437 3844 678 3899 συνιέναι
706 3844 816 3900 τῶν
850 3843 1143 3914 θεοτήτων.
1171 3845 1285 3898 Οὐκ
1316 3846 1423 3915 ἄρα
1457 3842 1647 3916 θεότης
1695 3847 1852 3900 ἀκτι-

269 3953 419 4001 στος,
454 3936 616 4007 ἑτέρα
651 3936 803 4000 παρὰ
832 3935 931 4006 τὴν
965 3935 1117 3989 θείαν
1150 3934 1247 3990 καὶ
1283 3934 1453 4005 μόνην
1482 3935 1853 4005 τρισυπόστα-

264 4045 360 4083 τον
378 4028 588 4091 οὐσίαν.
618 4026 730 4081 οὔτ’
755 4028 930 4093 ἔσται,
956 4026 1059 4079 κᾶν
1107 4025 1309 4088 πάντες
1354 4023 1694 4096 διαρραγῶσι
1748 4025 1852 4093 φά-

266 4138 489 4185 σκοντες
517 4121 826 4191 Παλαμῖται
847 4136 860 4151 ο
892 4119 1011 4173 οὐδὲ
1035 4119 1172 4173 θεῶν
1202 4118 1755 4189 πλῆθοςἙλληνικόν.
1790 4119 1849 4174 Ὀ

266 4215 381 4286 γὰρ
408 4214 475 4268 τὰ
500 4213 620 4267 θεῖα
662 4213 828 4275 πολὺς
860 4212 1132 4285 Ἰωάννης,
1163 4229 1183 4265 ς
1211 4213 1274 4264 Εἰ
1318 4212 1567 4277 πολλοὺς,
1605 4229 1623 4263 ι
1661 4211 1846 4283 φησὶν,

268 4325 291 4361 ι
337 4306 565 4379 ἐροῦμεν
585 4305 670 4380 [Ρ.
688 4305 814 4378 674]
841 4304 1017 4370 θεοὺς,
1046 4306 1260 4376 ἀνάγκῃ
1284 4303 1520 4375 διαφορά
1550 4305 1609 4356 ὲν
1642 4306 1846 4368 αὐτοῖς.

273 4402 340 4454 '0
382 4400 480 4471 μὲν
511 4400 650 4453 κατᾶ
678 4401 861 4452 πάντα
878 4397 1100 4463 τέλειος,
1132 4389 1285 4460 οὗτος
1308 4396 1372 4449 ἂν
1397 4397 1481 4466 είη
1507 4396 1647 4450 κατὰ
1672 4397 1847 4452 πάντα

271 4489 434 4561 μόνος
462 4488 592 4552 Θεός
609 4502 623 4515 ’
654 4488 761 4551 πᾶς
788 4487 846 4540 δὲ
866 4488 893 4539 ὁ
914 4485 1008 4539 τοῦ
1032 4483 1605 4552 τελείουζλειπόμενος,
1636 4485 1669 4554 ἦ
1704 4486 1843 4540 κατὰ

262 4554 664 4649 άγαθότητα,ῆ
697 4579 840 4631 κατὰ
861 4575 1075 4645 σοφίαν,
1111 4575 1146 4647 ἢ
1169 4574 1311 4627 κατὰ
1340 4574 1592 4645 δύναμιν,
1628 4574 1660 4646 ἢ
1703 4575 1844 4653 ὅλως,
1874 4554 1918 4612 D

206 4722 217 4731 ,
261 4671 411 4725 κατά
437 4685 511 4734 τι,
547 4670 646 4723 οὐκ
686 4668 753 4723 ἂν
790 4668 878 4737 εἴη
901 4667 1052 4731 Θεός.
1088 4665 1295 4746 natust
1329 4665 1422 4717 καὶ
1453 4664 1669 4730 πολλοῖς
1725 4668 1845 4723 οὖσι

257 4766 320 4819 τὸ
348 4764 757 4835 ἀπερίγραπτον
787 4759 1196 4831 φυλαχθήσεται
1223 4777 1236 4825 ;
1274 4760 1402 4813 ἔνθα
1460 4757 1597 4837 γὰρξ
1611 4763 1677 4816 ἂν
1705 4763 1790 4831 εἴη
1822 4763 1849 4817 ὁ

258 4848 363 4921 εἷς,
381 4852 479 4905 οὐκ
506 4851 570 4906 ἂν
592 4852 676 4921 είη
699 4853 726 4903 ὁ
747 4851 954 4921 ἕτερος.
976 4850 1068 4899 Δεῖ
1087 4847 1145 4899 δὲ
1166 4845 1256 4898 τὸν
1282 4847 1414 4902 Θεὸν
1436 4851 1849 4924 ἀπερίγραπτον

258 4944 521 5003 εἶναικαὶ
547 4946 727 5000 πάντα
761 4942 1096 5013 πληροῦντα,
1134 4963 1152 4996 ι
1192 4942 1468 4998 Σκεπτέον
1493 4941 1586 4999 οῦν
1609 4940 1842 4999 κάντεῦ-

258 5041 376 5106 θεν,
406 5039 553 5102 δπως
589 5038 705 5100 ἑνὸς
726 5036 862 5090 Θεοῦ
889 5039 1237 5094 παντάπασιν
1267 5037 1592 5107 ἀναίσθητος
1615 5039 1710 5090 καὶ
1734 5037 1839 5091 πάι

259 5148 361 5202 an;
386 5133 642 5193 ἀσύνετος
668 5131 813 5194 θείας
847 5130 1068 5201 Γραφῆς
1102 5134 1129 5185 ὁ
1184 5118 1449 5201 Παλαμᾶς
1497 5129 1837 5201 ἐμεμθενήκει

258 5223 547 5296 διηνεκῶς,
582 5222 842 5294 διάφορον
873 5222 1062 5277 οὐσίαν
1099 5223 1194 5277 καὶ
1238 5223 1522 5294 ἐνέργειαν
1565 5224 1624 5286 ὲς
1668 5223 1837 5293 τούμ-

259 5318 426 5389 φανὲς
459 5316 821 5386 δογματίζων,
843 5316 936 5368 καὶ
961 5315 1034 5386 μὴ
1054 5314 1216 5385 μόνον
1238 5315 1367 5383 μίαν
1395 5314 1612 5378 δεικνὺς
1653 5313 1835 5384 ἑτερό-

256 5409 572 5482 quam
606 5409 701 5461 καὶ
746 5408 1007 5477 ἀπείρους
1031 5423 1045 5439 ο
1078 5408 1170 5461 καὶ
1218 5406 1295 5478 μὴ
1346 5407 1507 5476 μόνον
1544 5406 1830 5477 ἀπείρους,

1963 3291 2224 3357 temporis
2297 3306 2590 3360 progressu
2658 3290 2728 3345 ab
2799 3291 3116 3348 hominibus
3187 3294 3541 3351 denominata

1959 3388 2104 3447 sunt,
2137 3397 2203 3434 ex
2234 3397 2344 3450 quo
2377 3382 2430 3435 in
2456 3382 2843 3452 cogitationem
2873 3399 3066 3437 eorum
3098 3390 3539 3456 venerunt.’qu:e

1959 3475 2218 3544 prteelara
2260 3482 2314 3528 et
2356 3474 2702 3529 honorabilia
2733 3475 2786 3528 in
2830 3476 2933 3530 hac
2966 3492 3147 3530 rerum
3178 3479 3538 3533 universitate

1958 3566 2400 3635 conspiciuntur,
2447 3576 2503 3621 et
2545 3581 2573 3620 a
2623 3566 2988 3621 deterioribus
3014 3582 3075 3622 ea
3130 3584 3420 3624 secernere
3447 3569 3545 3622 de-

1956 3667 2270 3714 creverunt.
2323 3658 2458 3713 Nam
2513 3658 2711 3713 coelum
2764 3659 3061 3713 rotundum
3119 3671 3175 3714 et
3214 3660 3327 3731 jugi
3386 3669 3541 3716 mutu

1955 3748 2221 3819 agitatum
2279 3755 2423 3811 erat,
2493 3749 2659 3802 etiam
2731 3758 3025 3818 antequam
3089 3749 3344 3804 homines
3390 3736 3541 3805 eisi-

1955 3834 2165 3895 sterent
2211 3857 2224 3893 :
2275 3847 2453 3892 tamen
2512 3840 2730 3894 nonnisi
2789 3841 3051 3910 deinceps
3101 3841 3169 3894 ab
3221 3842 3542 3898 hominibus

1953 3931 2260 3999 cognitum-
2289 3936 2373 3984 est
2420 3937 2478 3983 et
2534 3929 2642 3983 tale
2700 3928 3140 3996 denominatum,
3184 3929 3345 3998 quale
3384 3933 3540 4002 prius

1952 4029 2090 4077 erat.
2143 4038 2160 4071 ι
2197 4019 2481 4075 Miserator
2515 4021 2687 4082 enim,
2722 4019 2926 4090 inquit,
2970 4028 3025 4074 et
3078 4020 3393 4075 misericors
3433 4020 3544 4075 Do-

1952 4114 2156 4178 minus,
2189 4114 2521 4185 longanitnis
2545 4125 2602 4169 et
2653 4115 2889 4169 multum
2935 4114 3253 4170 misericors
3278 4116 3357 4169 ¹.›
3394 4116 3539 4183 Quid

1952 4204 2160 4277 igitur?
2192 4205 2450 4260 dicentne
2501 4205 2589 4259 his
2627 4206 2948 4261 nominibus
2982 4216 3253 4270 naturam,
3289 4222 3359 4261 an
3407 4223 3541 4278 Ope-

1951 4296 2215 4352 rationem
2244 4296 2540 4366 signiﬁcari
2565 4296 2587 4349 ?
2616 4296 2787 4351 Nemo
2820 4311 2951 4350 sane
2997 4296 3143 4351 aliud
3182 4305 3383 4366 prteter
3410 4312 3540 4368 ope-

1950 4389 2222 4445 rationem
2272 4389 2356 4443 ltis
2383 4388 2614 4443 vocibus
2670 4387 2946 4458 designari
3006 4384 3536 4455 aliirmarit.Quan-

1951 4480 2151 4535 donant
2190 4479 2376 4549 itaque
2410 4479 2843 4533 misericordiam
2880 4492 3140 4547 operatus
3171 4488 3255 4533 est
3285 4479 3448 4545 Deus,
3477 4488 3535 4535 et

1948 4572 2030 4628 sic
2058 4588 2125 4627 ex
2160 4571 2251 4626 illa
2281 4571 2603 4641 oneratique
2651 4586 2851 4625 nomen
2886 4570 3268 4625 misericordis
3298 4571 3535 4625 habuit?

1948 4671 2091 4726 Num
2126 4678 2422 4737 antequam
2473 4667 2723 4722 homines
2767 4666 3057 4721 viverent?
3085 4666 3191 4722 Sed
3241 4668 3366 4737 quis
3405 4677 3536 4724 tunc

1948 4759 2340 4817 misericordia
2375 4759 2697 4829 indigebat?
2742 4757 2902 4814 Certe
2929 4759 3149 4814 nonnisi
3176 4771 3299 4830 post
3344 4775 3537 4830 pecca-

1949 4862 2086 4907 tum.
2126 4853 2293 4922 Atqui
2352 4861 2635 4922 peccatum
2680 4861 2803 4920 post
2860 4851 3142 4907 hominem
3202 4852 3329 4905 fuit.
3384 4852 3532 4922 Ergo

1947 4947 2113 5002 etiam
2172 4955 2295 5016 post
2348 4944 2631 4998 hominem
2688 4942 3056 4998 miserationis
3099 4946 3350 5014 operatio
3404 4946 3529 5009 fuit,

1947 5050 2009 5095 ut
2046 5049 2103 5095 et
2136 5038 2531 5093 misericordiae
2585 5050 2808 5090 nomen.
2850 5036 3078 5106 Magnus
3116 5037 3325 5106 pariter
3357 5036 3533 5092 Atha-

1945 5132 2145 5186 nasius,
2167 5131 2240 5184 ita
2268 5129 2515 5200 loquitur
2548 5146 2562 5182 :
2601 5146 2620 5179 ι
2655 5128 2773 5183 Non
2810 5128 2980 5182 verba
3008 5139 3263 5183 naturam
3307 5128 3530 5190 tollunt,

1944 5224 2039 5279 sed
2092 5235 2286 5278 natura
2336 5222 2519 5292 potius
2557 5220 2624 5274 ad
2666 5236 2725 5276 se
2776 5220 2956 5291 ipsum
3033 5221 3201 5274 verba
3258 5218 3426 5272 trahit
3477 5222 3534 5275 et

1943 5322 2264 5369 commutat.
2310 5312 2526 5382 1070
2554 5310 2688 5365 Natu
2725 5312 2893 5366 verba
2918 5324 3027 5364 non
3053 5319 3182 5365 sunt
3202 5307 3531 5364 substantiis

1941 5405 2149 5475 priora,
2189 5404 2283 5459 sed
2324 5401 2649 5458 substantia:
2690 5402 2952 5472 primitus
2996 5402 3295 5463 exsistunt,
3324 5397 3531 5470 quibus

258 5503 395 5560 ἀλλὰ
423 5504 519 5556 καὶ
545 5501 836 5564 ἀκτίστους
857 5516 872 5530 ·
906 5500 1001 5552 καὶ
1038 5500 1111 5570 μὴ
1136 5500 1297 5569 μόνον
1352 5498 1664 5562 ἁκτίστους,
1701 5499 1836 5552 ἀλλὰ

1958 5497 2244 5551 tosteriora
2292 5504 2423 5550 sunt
2455 5494 2820 5550 verba.Deus
2884 5497 3090 5563 quippe
3151 5506 3276 5547 cum
3337 5492 3412 5547 sit
3459 5505 3531 5546 ex

259 5597 354 5653 καὶ
387 5597 605 5667 μείζους
656 5596 745 5646 καὶ
779 5592 1059 5655 ἐλάττους.
1092 5592 1151 5645 '0
1183 5593 1239 5645 δὲ
1283 5590 1501 5661 μείζους
1529 5591 1622 5645 καὶ
1673 5589 1833 5645 ἐλάτ-

334 5783 346 5813 ¹
383 5782 521 5837 i’sztl.
562 5797 653 5846 (zu,
688 5782 757 5849 8;
793 5797 988 5851 Lxxxv,
1029 5780 1095 5835 15
1123 5797 1137 5848 ;
1169 5794 1347 5846 θεων,
1381 5778 1434 5833 8.
1467 5774 1471 5777 λ

1937 5597 2270 5660 natura_sua
2299 5589 2533 5659 simplex
2570 5596 2626 5644 et
2659 5585 3079 5658 compositionis
3126 5600 3345 5657 expers,
3391 5585 3529 5642 sim-
