4016 6470
544 325 678 393 13st
823 284 877 394 iA
947 340 1003 379 ιι.
1047 322 1343 388 ϐδδῡμκυι
1388 318 1443 391 4]
1748 320 2130 384 Ntcnpnon

2150 325 2169 381 ι
2206 319 2594 383 GREGURE
2886 316 3019 393 Ioue.
3060 334 3104 372 «ι.
3146 333 3424 375 (ΖΑΝΤΔΕΗΖ.
3458 319 3507 390 5]
3633 330 3736 394 1352

538 440 760 511 pliciter
789 439 954 494 etiam
1013 448 1071 494 et
1110 437 1459 492 uniformiter
1509 444 1591 492 est
1644 451 1710 491 ex
1764 447 1983 515 natura
2026 450 2124 491 sua

2156 444 2199 498 Α
2228 451 2357 498 τους
2386 434 2741 504 δογματίξωλι
2792 436 3079 500 ἐκτιστους
3122 437 3373 507 θεότητας
3421 440 3614 505 πάντως
3649 444 3740 499 Gni-

539 550 705 589 omne
737 537 966 598 bonum,
997 543 1053 589 et
1093 548 1257 588 omne
1281 529 1581 601 pulchrum
1616 518 1935 597 essentiale,
1966 545 2125 601 supra

2234 528 2418 595 στημά
2455 543 2508 580 τι
2529 529 2653 579 νοεῖ
2686 525 2916 595 μεταξύ.
2969 526 3139 581 Τοῦτο
3160 528 3208 581 δ’
3250 532 3463 599 ἄπειρον
3510 532 3535 583 ὀ
3558 533 3641 603 τῆς
3665 552 3739 606 με.

540 642 707 697 quam
761 627 1051 695 quisquam
1102 626 1394 679 hominum
1453 625 1762 695 intelligere
1820 623 1995 693 possit
2041 624 2126 676 aut

2236 621 2460 689 σότητος
2486 618 2626 675 εἶναι
2656 623 2717 676 οὐ
2750 623 2935 693 δίδωσε
2966 624 3123 692 λόγος
3143 639 3158 655 ⁸
3199 626 3329 694 μηδὲ
3357 628 3459 696 γὰρ
3494 632 3740 699 πεφυκέναι

539 732 821 772 enarrare.
868 718 999 782 Qua:
1052 732 1184 773 vero
1240 717 1296 771 in
1357 718 1462 772 hac
1524 732 1715 772 rerum
1774 716 2125 770 universitate

2234 712 2336 783 τὴν
2365 713 2627 783 ἀπειρίαν
2657 716 2887 786 βαθμοῖς
2922 719 3019 771 καὶ
3081 720 3298 789 μέτροις
3352 722 3460 774 τισὶ
3508 722 3741 776 διακόπτε-

542 810 775 879 pulchra
808 810 1106 873 habentur,
1140 824 1251 862 non
1296 823 1363 863 ex
1414 808 1635 878 pr0pria
1684 816 1902 870 natura,
1944 821 2128 861 verum

2241 811 2387 864 σθαι.
2424 807 2547 870 Πῶς
2570 810 2679 879 γὰρ
2708 810 2774 863 ἂν
2803 809 2994 879 (φησὶν
3031 804 3063 862 ὅ
3090 789 3228 874 θεῖος
3262 811 3562 883 Γρηγόριος)
3588 832 3748 885 μετρη-

542 902 969 972 dependentera
999 902 1306 957 constituto
1358 902 1566 972 aliquo,
1614 902 1842 972 pulchra
1894 910 2042 964 sunt,
2076 908 2128 955 et

2245 901 2362 971 θείη
2383 902 2442 955 τὸ
2471 902 2719 971 ἄπειρον,
2756 901 2823 953 ἵν’
2850 899 2885 953 ὃ
2902 900 3012 954 τῶν
3030 904 3448 972 περατουμὲνων
3472 907 3600 966 ἐστὶ,
3626 907 3748 959 vetito

542 996 741 1050 d.vin:e
768 994 1205 1066 pulchritudinis
1242 989 1462 1051 nonnisi
1502 994 1800 1049 obscuram
1835 994 2128 1064 imaginem

2241 993 2393 1066 πάθῃ
2429 992 2644 1064 θεότης,
2673 993 2902 1062 βαθμοῖς
2929 994 3274 1064 μετρουμένη
3298 996 3392 1048 καὶ
3420 996 3747 1062 ὐπθὸἀσεσιςι

541 1092 827 1147 exhibent.
857 1090 970 1145 Nos
1035 1098 1245 1155 autem,
1317 1090 1660 1158 posteriores
1721 1087 1872 1149 facti,
1926 1087 2073 1141 bona
2132 1085 2383 1157 quaedam
2438 1088 2707 1142 exsistere
2744 1087 3020 1157 posterius
3072 1086 3234 1139 etiam
3264 1085 3423 1153 facta,
3472 1089 3754 1158 experientia

544 1196 685 1243 teste
713 1188 1010 1243 discimus:
1067 1196 1235 1255 atque
1266 1186 1467 1240 exinde
1510 1187 1578 1239 ad
1626 1187 1797 1240 Deum
1849 1183 2167 1256 hujusmodi
2208 1184 2352 1239 bona
2431 1184 2756 1246 referentes,
2813 1198 2877 1236 ex
2916 1182 2982 1237 iis
3025 1184 3282 1239 omnibus
3325 1184 3488 1238 Deum
3520 1185 3659 1239 talem
3685 1185 3758 1241 de-

543 1282 918 1345 nominamus,
949 1280 1128 1349 qualis
1159 1286 1244 1333 est
1282 1293 1349 1333 ex
1381 1289 1573 1333 natura
1630 1294 1727 1333 sua
1765 1297 1778 1332 :
1831 1293 1941 1333 non
1988 1278 2136 1347 quod
2176 1292 2243 1332 ex
2319 1277 2429 1331 illis
2462 1277 2800 1345 compositus
2859 1277 2955 1339 sit,
2979 1276 3435 1355 quemadmodum
3477 1278 3620 1333 nobis
3647 1283 3757 1334 accio

544 1375 647 1429 dit.
702 1370 828 1429 Haec
867 1375 1015 1429 enim
1083 1358 1215 1428 su'ut
1277 1373 1500 1428 nomina
1578 1382 1634 1426 et
1686 1383 1999 1427 nostrarum
2055 1372 2415 1441 cogitationes
2466 1371 2816 1433 animarum;
2889 1385 3010 1439 qua:
3070 1387 3194 1425 cum
3228 1370 3283 1424 in
3326 1370 3468 1443 adyti
3532 1375 3756 1428 vestibqu

543 1469 772 1539 degant,
804 1468 899 1521 Dei
939 1478 1123 1523 tamen
1187 1474 1439 1521 naturam
1502 1464 1786 1521 curiosius
1821 1466 2028 1520 audent
2090 1465 2449 1534 perscrutari,
2520 1479 2711 1519 verum
2759 1463 2829 1519 de
2874 1464 3076 1519 divinis
3116 1465 3395 1520 attributis
3457 1465 3583 1521 nihil
3625 1483 3758 1521 enun-

546 1566 689 1621 tiare
747 1572 1002 1635 possunt,
1066 1580 1196 1619 suas
1252 1562 1515 1618 duntaxat
1564 1562 1850 1632 passiones
1898 1572 1955 1616 ct
2006 1577 2136 1633 erga
2178 1560 2348 1616 Deum
2428 1561 2753 1618 affectiones
2816 1561 3113 1628 declarant,
3159 1570 3273 1616 tum
3312 1561 3637 1618 diﬂicultates
3659 1579 3758 1633 quas

546 1660 837 1729 patiuntur
893 1647 951 1713 Et
1029 1666 1213 1714 errata
1276 1657 1333 1711 in
1414 1668 1537 1726 quae
1603 1656 1960 1726 impingunt,
2031 1670 2140 1709 non
2219 1656 2443 1726 quidem
2498 1656 2831 1721 evidenter;
2925 1655 3019 1710 sed
3072 1655 3289 1710 iudiciis
3338 1656 3641 1726 quibusdam
3692 1657 3760 1710 de—

548 1766 871 1811 monstrant
925 1756 994 1811 iis
1057 1756 1151 1825 qui
1193 1769 1257 1809 ea
1300 1753 1488 1809 valent
1562 1752 1947 1823 intelligere.»
2015 1750 2211 1807 VeSIer
2250 1763 2430 1808 autem
2513 1753 2777 1825 magister
2846 1753 3092 1808 Palamas
3163 1770 3501 1824 quaecunque
3551 1753 3611 1808 de
3676 1754 3758 1807 Deo

546 1863 674 1924 apte
735 1853 1146 1924 praedicantur,
1219 1860 1275 1906 et
1334 1851 1748 1921 intelliguntur,
1829 1850 2058 1905 totidem
2116 1850 2437 1906 divinitates
2489 1867 2612 1906 esse
2664 1852 2974 1914 increatas,
3015 1867 3045 1904 a
3098 1866 3156 1905 se
3210 1852 3445 1906 invicem
3497 1851 3757 1914 distinctas,

547 1947 985 2018 independentes
1058 1945 1383 2001 existimat:
1439 1944 1645 2015 quibus
1712 1944 1808 1999 Dei
1892 1945 2164 2016 judicium
2242 1953 2300 1999 et
2379 1946 2718 2017 maiestatem
2804 1945 3181 2008 adnumerat,
3264 1954 3315 1999 et
3398 1945 3500 2000 alia
3570 1943 3757 2010 inﬁnita;

547 2060 691 2116 quae,
723 2043 977 2098 adductis
1029 2043 1087 2097 in
1145 2042 1388 2097 medium
1448 2042 1625 2112 ipsius
1674 2041 1908 2116 Palamte
1948 2041 2153 2107 verbis,
2195 2042 2594 2109 ostendemus;
2650 2053 2710 2097 ut
2756 2058 2944 2113 supra,
3001 2042 3287 2096 moderate
3362 2043 3490 2097 licet
3538 2051 3590 2096 et
3650 2058 3758 2102 rant,

548 2112 771 2195 anobis
820 2139 1029 2220 factum
1081 2147 1187 2193 est.
1242 2137 1514 2192 Nimirum
1551 2151 1663 2191 non
1721 2112 1984 2207 in'telligit
2032 2137 2149 2191 haec
2191 2138 2400 2207 1071
2446 2135 2550 2191 SS.
2597 2112 2831 2191 Patrum
2892 2135 3102 2191 verba:
3145 2155 3163 2188 ι
3200 2134 3489 2192 Credimus
3535 2136 3582 2189 in
3635 2149 3760 2188 unum

551 2234 751 2297 Deum,
784 2248 956 2287 unum
995 2232 1332 2302 principium
1378 2231 1638 2301 principii
1670 2245 1893 2301 expers,
1960 2231 2269 2285 increatum
2339 2238 2473 2294 etc.,
2540 2244 2703 2284 unam
2750 2238 3101 2299 potestatem,
3170 2246 3334 2283 unam
3374 2229 3761 2292 dominatiomm,

550 2346 726 2387 unum
778 2344 1055 2399 regnum;
1093 2327 1239 2398 quod
1279 2330 1332 2381 in
1369 2328 1549 2384 tribus
1576 2326 1843 2399 perfectis
1889 2327 2148 2398 personis
2195 2327 2540 2398 agnoscitur,
2605 2334 2663 2382 et
2726 2326 3048 2382 adoratione
3090 2329 3251 2382 unica
3300 2330 3573 2382 adoratur.
3612 2344 3628 2376 ι
3659 2325 3766 2392 Quas

548 2428 701 2482 enim
735 2427 850 2480 Deo
882 2425 1186 2479 tribuimus
1217 2424 1621 2495 appellationes
1665 2424 1954 2494 plurimas,
2011 2427 2176 2478 unica
2215 2434 2273 2479 et
2329 2422 2576 2479 solitaria
2609 2423 2964 2480 conclusione
3006 2438 3231 2494 magnus
3267 2424 3505 2503 Joannes
3531 2420 3765 2478 conclusit.

552 2523 621 2579 Et
669 2538 804 2578 vero
861 2522 908 2576 si
968 2522 1273 2576 multitudo
1331 2522 1706 2578 increatarum
1758 2506 2149 2587 divinitatum,
2194 2538 2332 2591 quas
2391 2521 2643 2576 Palamas
2715 2521 2944 2587 invexit,
2976 2521 3141 2576 habet
3171 2537 3236 2576 ex
3268 2531 3462 2576 natura
3496 2537 3586 2576 sua
3617 2517 3767 2576 identi-

553 2624 755 2678 tatem.
781 2628 837 2672 et
872 2618 1136 2673 increatm
1166 2618 1243 2673 rei
1278 2617 1684 2685 conditionem,
1739 2620 1855 2691 jam
1918 2620 2011 2674 illa
2079 2619 2377 2674 multitudo
2416 2634 2527 2674 non
2566 2618 2673 2673 erit
2718 2618 3018 2675 multitudo
3044 2661 3061 2685 ,
3108 2620 3201 2675 sed
3249 2620 3453 2675 unitas.
3501 2618 3607 2674 Hoc
3644 2620 3770 2689 igitur

558 2730 672 2768 non
711 2712 1113 2767 animadvertit
1160 2712 1457 2780 Palamas;
1531 2715 1677 2782 quod
1727 2715 1944 2798 scilicet
2008 2714 2241 2769 deitates
2280 2714 2404 2769 illas
2466 2722 2680 2769 asserat
2724 2728 2848 2769 esse
2890 2713 3024 2784 quid
3085 2729 3253 2768 unum
3308 2729 3436 2769 cum
3486 2714 3766 2770 substantia:

557 2810 707 2863 unde
737 2824 847 2863 non
875 2819 1024 2864 recte
1056 2808 1339 2881 intelligit,
1360 2825 1483 2880 quae
1513 2820 1664 2866 recte
1694 2810 1967 2866 enuntiat.
1989 2809 2147 2877 Quod
2187 2811 2336 2867 enim
2373 2812 2517 2867 idem
2551 2821 2656 2879 est,
2692 2826 2801 2866 non
2827 2821 2911 2867 est
2942 2810 3113 2874 aliud,
3146 2826 3324 2881 neque
3374 2812 3667 2875 multitudo,
3699 2826 3767 2865 seu

554 2910 841 2967 naturam,
888 2917 985 2956 seu
1015 2902 1380 2956 substantiam
1406 2912 1643 2973 spectes.
1672 2906 1728 2961 Si
1749 2892 1882 2960 vero
1900 2905 2076 2976 gratia
2098 2907 2388 2972 duntaxat,
2409 2905 2876 2976 quemadmodum
2912 2905 3187 2972 homines,
3207 2904 3323 2961 illas
3363 2906 3656 2961 divinitates
3683 2920 3771 2960 esse

561 2994 700 3066 quid
731 3011 903 3049 unum
941 3006 997 3051 et
1028 2996 1337 3051 increatum
1376 3007 1585 3052 statuat
1613 2999 1888 3064 Palamas,
1919 3015 2028 3054 non
2074 3000 2313 3055 advertit
2342 3015 2373 3055 a
2405 3016 2464 3055 se
2499 2998 2755 3054 aﬂirmari
2804 2997 3067 3054 deitatum
3121 3000 3437 3069 hujusmodi
3470 3000 3771 3057 incteatarum

558 3089 978 3144 multitudinem
1012 3105 1134 3155 esse
1165 3090 1294 3158 quid
1332 3090 1475 3145 idem
1508 3108 1631 3147 cum
1678 3092 2031 3148 hominibus:
2060 3105 2117 3148 et
2161 3094 2240 3153 sic
2277 3095 2429 3167 juxta
2457 3095 2691 3150 Palamae
2716 3094 3233 3164 sententiam,quod
3269 3095 3567 3151 increatum
3588 3104 3773 3160 esl,non

554 3181 666 3236 erit
725 3184 1057 3248 increatum,
1110 3182 1207 3237 sed
1265 3194 1536 3255 creatum.
1591 3187 1730 3243 Nam
1788 3203 1912 3258 quae
1975 3188 2148 3243 multa
2187 3199 2342 3254 sunt,
2396 3188 3064 3249 exsistentiaaxidentitate
3137 3191 3438 3245 uniuntnr:
3484 3188 3774 3262 quandoqui-

558 3273 684 3329 dem
720 3289 751 3328 a
795 3284 993 3329 natura
1024 3275 1098 3329 ita
1139 3288 1522 3344 comparatum
1555 3288 1662 3343 est,
1697 3289 1759 3335 ut
1815 3297 1941 3352 quae.
2004 3281 2228 3337 diversa
2267 3296 2379 3337 non
2423 3292 2574 3347 sunt,
2619 3297 2808 3337 secum
2862 3282 3100 3339 invicem
3139 3285 3473 3340 conveniant
3528 3284 3775 3340 secundum

557 3378 776 3424 natura:
806 3382 861 3425 et
880 3370 1082 3441 gradus
1129 3374 1578 3453 similitudinem,
1627 3378 1721 3433 ubi
1789 3379 1939 3433 nulla
2009 3388 2095 3454 est
2171 3378 2488 3435 diversitas.
2535 3379 2686 3434 Alias
2732 3380 3011 3450 quomodo
3067 3385 3549 3438 commiscerent-:r
3604 3397 3658 3436 ea
3687 3391 3779 3449 qua!

559 3462 776 3517 directe
833 3480 896 3521 ac
951 3465 1121 3523 veluti
1165 3483 1195 3522 e
1242 3468 1520 3543 diametro
1565 3470 1671 3525 sibi
1746 3471 1983 3527 invicem
2054 3483 2437 3543 Opponuntur,
2486 3481 2544 3527 et
2618 3473 2811 3528 saltem
2860 3474 3075 3528 ratione
3136 3490 3248 3530 suae
3298 3475 3621 3531 diversitatis
3664 3489 3777 3527 nun-

558 3571 862 3625 quamnon
905 3574 1091 3613 secum
1126 3561 1410 3630 pugnant?
1459 3562 1649 3633 Neque
1683 3566 1833 3620 enim
1883 3565 2002 3621 ﬁeri
2050 3576 2279 3636 posset,
2320 3573 2380 3619 ut
2427 3566 2661 3621 alterum
2733 3568 2893 3623 alteri
2968 3568 3309 3623 luculentum
3387 3570 3587 3625 scilicet
3630 3566 3778 3622 interi-

560 3664 677 3708 tum
706 3655 931 3727 jamjam
969 3658 1120 3711 omni
1156 3658 1306 3713 dicto
1344 3659 1512 3715 citius
1545 3678 1653 3716 non
1698 3674 1944 3733 pararet.
1981 3664 2152 3734 igitur
2185 3663 2279 3734 qui
2316 3672 2518 3734 praeter
2595 3665 2807 3736 1072
2870 3664 3112 3720 divinam
3144 3667 3532 3731 substantiam,
3560 3668 3780 3721 increatas

556 3749 879 3807 divinitatcs
915 3753 1052 3808 alias
1120 3765 1178 3809 et
1214 3759 1569 3825 operationes
1611 3760 1826 3825 statuit,
1897 3760 1944 3815 is
1984 3760 2232 3814 onmium
2271 3748 2558 3817 cre’atricis
2619 3761 2928 3816 divinitatis
2977 3762 3242 3818 unitatem
3298 3764 3523 3821 "evertit.
3582 3763 3778 3832 Namque

556 3860 787 3915 prorsus
826 3847 1167 3916 lmpOSSlbllc
1210 3861 1318 3913 est,
1354 3860 1411 3904 ut
1446 3850 1716 3908 deitatum
1748 3837 2046 3910 diversitas
2090 3855 2145 3909 in
2188 3856 2534 3911 identitatem
2581 3857 2890 3911 naturalem
2952 3866 3130 3913 coeat.
3167 3858 3354 3929 Itaque
3418 3859 3560 3914 nulla
3587 3858 3675 3912 luit
3704 3868 3777 3909 nec

556 3939 667 3991 erit
703 3956 945 4010 unquam
999 3942 1245 3998 increata
1322 3944 1587 4001 divinitas
1636 3948 1766 4013 alia,
1839 3959 2041 4017 praeter
2084 3947 2329 4003 divinam
2364 3959 2423 4004 et
2449 3948 2623 4004 solam
2690 3949 3055 4005 substantiam
3117 3952 3170 4006 iu
3209 3952 3390 4010 tribus
3431 3952 3664 4024 personis
3685 3948 3780 4005 sub-

557 4032 846 4087 sistentem
876 4052 889 4100 ;
924 4036 1146 4095 etiamsi
1180 4036 1467 4093 Palamilae
1503 4039 1652 4094 istud
1688 4042 2008 4097 cllutientes
2041 4040 2487 4118 disr_umpantur.
2557 4043 2750 4114 Neque
2815 4059 2950 4101 vero
2996 4044 3333 4102 admittenda
3397 4057 3483 4103 est
3540 4045 3777 4118 paganica-

557 4141 681 4180 runt
741 4128 970 4184 deorum
1022 4131 1342 4185 multitudo.
1378 4133 1453 4186 lta
1483 4133 1632 4188 enim
1678 4136 1941 4205 prmelare
1989 4115 2166 4191 habet,
2199 4138 2601 4192 celeberrimus
2631 4137 2922 4209 theologus
2988 4150 3215 4195 sanctus
3266 4126 3504 4197 Joannes
3542 4142 3779 4195 Damasce-

560 4241 710 4280 nus:
747 4231 774 4275 ἰ
821 4226 879 4282 Si
922 4227 1141 4296 plures,
1197 4229 1410 4298 inquit,
1460 4238 1582 4286 esSe
1636 4232 1773 4287 deos
1821 4233 2150 4302 dixerimus,
2228 4250 2458 4305 necesse
2500 4246 2586 4291 cst
2632 4244 2691 4290 ut
2758 4237 2861 4306 ipsi
2906 4236 3054 4291 inter
3099 4253 3159 4294 se.
3187 4237 3464 4294 dill‘crant.
3497 4239 3561 4294 Et
3606 4238 3779 4307 quidem

559 4324 715 4378 solus
748 4324 839 4378 ille
873 4324 1104 4379 omnino
1135 4335 1190 4379 ct
1214 4327 1457 4382 totaliter
1488 4328 1636 4382 Deus
1675 4328 1804 4394 erit,
1837 4330 1932 4401 qui
1968 4331 2216 4385 totaliter
2243 4341 2299 4385 et
2344 4332 2573 4386 omnino
2631 4333 2909 4403 perfectus
2979 4334 3087 4390 erit
3147 4353 3161 4389 :
3222 4310 3534 4407 quicunque
3580 4345 3732 4391 autem
3756 4346 3779 4387 a

563 4430 780 4470 summe
830 4417 1074 4486 perfecto
1123 4418 1217 4472 illo
1246 4421 1603 4488 superabitur
1650 4426 1957 4478 secundum
2006 4425 2343 4491 bonitatem,
2409 4434 2505 4480 aut
2579 4428 2930 4497 sapientiam,
2978 4438 3074 4483 aut
3132 4431 3461 4500 potentiam,
3497 4440 3584 4487 aut
3619 4443 3776 4485 secun-

562 4514 695 4565 dum
740 4512 889 4566 aliud
924 4514 1234 4583 quidpiam,
1272 4516 1417 4569 Deus
1450 4532 1561 4570 non
1607 4518 1735 4572 erit.
1766 4520 1975 4575 Deinde
2007 4536 2160 4586 vero,
2203 4522 2249 4577 si
2317 4523 2476 4577 multi
2525 4523 2638 4578 sint
2680 4524 2792 4588 dii,
2827 4526 3105 4596 quomodo
3153 4527 3601 4599 incircumscripti
3637 4539 3778 4582 manc-

563 4602 871 4685 bunt?Ubi
922 4606 1071 4659 enim
1124 4608 1290 4663 fuerit
1344 4626 1513 4679 unus,
1567 4611 1645 4665 ibi
1693 4613 1832 4668 alter
1909 4630 2018 4669 non
2072 4617 2202 4670 erit.
2244 4618 2410 4686 Atqui
2461 4627 2644 4673 tamen
2675 4624 2914 4676 'neccsse
2957 4632 3042 4679 est
3094 4636 3154 4679 ut
3213 4625 3694 4696 incircumscriptus
3723 4613 3776 4674 si‘

567 4698 737 4760 Deus,
789 4707 848 4752 et
886 4701 1069 4754 onmia
1104 4703 1333 4772 repleat.
1370 4724 1388 4756 ι
1424 4705 1605 4777 lgitur-
1637 4708 1765 4762 hinc
1808 4710 1975 4765 etiam
2022 4712 2493 4787 considerandum
2528 4724 2633 4780 est,
2700 4719 2978 4786 quomodo
3042 4721 3275 4778 stolidus
3338 4693 3605 4787 Palamas,
3638 4693 3808 4787 neque.

571 4806 787 4845 sacram
819 4792 1159 4862 Scripturam
1200 4798 1477 4854 ullatenus
1508 4800 1843 4873 intelligens,
1867 4785 2163 4885 manifeste
2204 4822 2423 4877 semper
2462 4812 2744 4864 censuerit
2780 4823 2836 4867 et
2872 4812 3142 4881 docuerit,
3164 4817 3327 4872 unius
3354 4817 3448 4872 Dei
3473 4814 3771 4872 substantiam

572 4893 630 4939 ct
667 4885 1053 4953 operationem
1084 4906 1116 4943 a
1150 4907 1208 4945 se
1240 4892 1478 4948 invicem
1527 4895 1777 4964 differre,
1819 4915 1997 4970 neque
2039 4916 2203 4955 unam
2246 4901 2513 4956 duntaxat
2536 4903 2879 4961 divinitatem
2921 4908 3131 4963 admitti
3170 4912 3294 4967 a’se
3331 4912 3678 4968 declaraverit.
3705 4903 3773 4962 sed

580 4980 860 5048 inﬁnitas;
891 5000 997 5039 nec
1025 4984 1270 5044 inﬁnitas
1306 4991 1618 5058 solum,sed
1647 5003 1705 5049 et
1730 4996 2031 5066 increatas;
2076 5014 2180 5053 nec
2217 5000 2602 5056 tantummodo
2628 5001 3029 5069 increatas,sed
3054 5009 3283 5079 majores
3310 5017 3365 5064 et
3389 5010 3632 5065 minores.
3647 5007 3772 5061 Porro

574 5079 670 5148 qui
705 5081 945 5151 majores
969 5094 1024 5137 et
1051 5086 1295 5141 minores
1331 5090 1605 5175 increatas
1632 5091 1866 5147 deitatcs
1889 5093 2211 5161 introducit,
2238 5096 2284 5151 is
2317 5097 2563 5167 profecto
2591 5098 2936 5156 intervallum
2964 5102 3235 5173 quoddam
3258 5107 3400 5162 inter
3419 5122 3509 5164 cas
3534 5109 3770 5175 excogitat.

571 5177 687 5232 lloc
731 5189 919 5234 autem
958 5182 1307 5238 intervallum
1337 5173 1615 5241 inﬁnitum
1654 5204 1778 5245 esse
1817 5191 2030 5262 1073
2072 5208 2181 5248 non
2219 5194 2428 5262 patitur
2476 5195 2647 5264 ipsius
2686 5196 2873 5263 medii,
2914 5214 3011 5253 seu
3045 5199 3341 5270 intervalli,
3371 5205 3507 5259 ratio
3557 5173 3767 5259 formatis.

569 5275 679 5330 Nec
722 5277 871 5332 enim
913 5277 1205 5334 inﬁnitatis
1249 5291 1448 5338 natura
1488 5286 1762 5357 ejusmodi
1821 5297 1923 5356 est,
1959 5300 2017 5343 ut
2067 5291 2330 5360 gradibus
2380 5299 2496 5347 tum
2535 5294 2916 5363 superioribus
2967 5304 3081 5351 tum
3135 5298 3487 5358 inferioribus
3542 5310 3769 5357 mensura

562 5379 677 5424 tur.
712 5388 731 5421 ι
2064 5391 2076 5411 ι

642 5464 707 5517 Χ.
751 5465 1021 5533 Equidem
1073 5478 1324 5539 poteram
1391 5472 1498 5529 alia
1574 5477 1732 5548 plura
1790 5479 1891 5535 SS.
1924 5479 2147 5534 Patrum

2334 5482 2395 5541 I'.
2437 5480 2570 5551 Ἐμὲ
2601 5483 2657 5536 δὲ
2686 5485 2778 5538 καὶ
2819 5485 3041 5553 πλείους
3077 5493 3384 5564 μαρτυρίας
3413 5494 3591 5564 ἑτέρας
3621 5492 3765 5563 ἔχοντα

567 5561 815 5626 prolerre
846 5562 1185 5627 testimonia,
1218 5566 1422 5635 quibus
1452 5579 1753 5635 constaret,
1787 5588 1972 5642 neque
2017 5591 2147 5645 ope-

2261 5580 2448 5649 φέρειν
2472 5580 2664 5648 ἁγίων,
2692 5582 2820 5652 περέ
2842 5598 2903 5650 γε
2922 5581 3014 5636 τοῦ
3038 5585 3174 5656 μήτε
3202 5587 3495 5658 ἐνέργειαν,
3531 5593 3652 5657 μήτε
3675 5582 3765 5635 τινὰ

567 5657 1053 5725 rationem,neque
1088 5657 1250 5711 ullam
1276 5660 1620 5728 qualitatem,
1645 5680 1821 5734 neque
1853 5667 2002 5721 aliud
2031 5685 2150 5723 om-

2260 5674 2524 5744 ποιότητα
2543 5672 2677 5744 μήτε
2696 5692 2747 5728 τι
2769 5676 2878 5731 τῶν
2892 5679 3105 5732 πάντων
3130 5678 3185 5746 ἐξ
3208 5681 3374 5735 ἀϊδίου
3398 5683 3612 5734 συνεῖναι
3628 5677 3767 5742 διάφο-

563 5741 698 5795 nino
734 5742 1038 5812 quidpiam,
1082 5746 1284 5804 divina:
1326 5750 1647 5808 substantiae
1702 5768 2036 5811 corctcrnum
2093 5768 2148 5813 ct

2262 5780 2355 5832 ριν
2370 5765 2629 5819 ὃύυαςοαι
2656 5769 2721 5837 τῇ
2748 5767 2864 5837 θείᾳ
2886 5770 3063 5842 οὐσίᾳ,
3086 5771 3179 5825 καὶ
3197 5773 3307 5839 ἅμα
3328 5773 3433 5833 τοῖς
3450 5771 3521 5841 τῷ
3539 5766 3763 5830 Καὸασίὶᾳ
