4016 6478
1215 350 1657 413 ΒΥΖΑΝΤΙΝΙΕ
1699 349 2079 411 HISTORIE
2120 351 2262 412 LIB.
2304 350 2491 411 XXII.

265 350 406 417 1353
656 348 734 421 [Α.
774 365 825 405 c.
869 346 1031 419 i351]
1215 350 1657 413 ΒΥΖΑΝΤΙΝΕ
1699 352 1855 411 HIS'I

1955 351 2079 409 in;
2120 351 2262 412 LIB.
2304 350 2491 411 Χχῃ,
2609 343 2744 416 [mm
2788 360 2828 397 ι.
2874 358 3169 399 cursem.
3214 342 3274 420 5]

3390 351 3529 414 1354

261 464 574 534 προτεθείσι
615 465 1070 537 κενοφωνήμασιν
1103 466 1389 535 ἐπιφέρειν
1417 465 1518 528 τὰς
1544 449 1653 518 τῶν
1675 464 1849 531 ἁγίων

1955 465 2019 515 ab
2051 462 2166 531 ipsa
2194 461 2511 515 distinctum
2536 476 2655 516 esse
2688 477 2868 530 posse.
2900 463 3030 515 Erat
3053 463 3220 517 etiam
3250 464 3530 529 inanimo,

256 554 570 625 ἀντιλογίας
600 554 949 626 βουλόμενον,
976 554 1211 625 ἐπέσχεν
1248 553 1720 623 ἐπαγγειλάμενος
1745 551 1844 620 τὴν

1955 554 2109 608 vanis
2159 563 2217 607 et
2258 553 2514 608 futilibus
2541 552 2811 608 Cabasilze
2865 554 3047 609 verbis
3096 553 3454 625 depromptae
3507 573 3536 611 te

156 680 163 685 ρ
257 647 489 702 ἐκείνων
512 646 837 719 ἀντίῤῥησιν
870 647 1017 717 μάλα
1045 646 1302 716 ἁσμένως
1338 642 1676 698 ἀκούσεσθαι
1724 643 1844 711 μετ’

1955 644 2055 700 SS.
2089 645 2349 700 Pati-ibus
2375 646 2738 702 refutationes
2776 630 3074 717 subjicere.
3112 647 3217 703 Sed
3242 665 3328 704 me
3358 652 3535 705 inter-

255 740 464 809 ὀλίγον.
487 739 660 803 Αὐτὸς
686 741 729 792 δ’
759 742 819 793 ἐν
845 739 1051 809 σπουδῇ
1083 737 1321 809 μεγίστῃ
1343 735 1667 806 πεποίηται,
1714 737 1849 805 πρό-ι

259 849 424 900 τερον
453 832 908 903 παρεισενεγκείν
941 828 1042 903 τὴν
1065 829 1275 900 συνήθη
1301 829 1399 883 καὶ
1433 828 1623 898 κοινὴν
1679 844 1846 881 κατα-

261 925 448 999 φυγὴν
482 924 665 978 αὐτῶν
695 925 754 979 ἐν
811 924 872 977 οὐ
935 922 1136 995 καιρῷ,
1176 922 1236 976 τὸ
1290 925 1347 973 ἐν
1383 918 1656 990 Θαὸωρίῳ
1705 919 1849 986 λέγω

262 1018 407 1085 φῶς,
448 1017 735 1087 ἐνέργειαν
786 1015 1043 1069 ἄκτιστον
1098 1013 1190 1068 καὶ
1247 1013 1481 1083 θεότητα
1531 1011 1688 1082 πρὸς
1737 1010 1863 1063 τῶν

259 1111 443 1180 ἁγίων
508 1110 936 1180 ὀνομαζόμενον.
975 1127 996 1161 ι
1043 1107 1167 1171 Φῶς
1220 1106 1351 1175 γὰρ,
1397 1122 1419 1155 ι
1494 1103 1701 1172 ἐλεγεν,
1750 1121 1770 1154 ι
1815 1102 1847 1171 ἡ

264 1204 701 1276 παραδειχθεῶα
732 1202 948 1272 θεότης,
991 1200 1160 1271 φησὶν
1180 1200 1209 1253 ό
1238 1199 1389 1263 θεῖος
1408 1197 1731 1269 Γρηγόριος,
1755 1196 1849 1248 ἐπὶ

258 1295 357 1348 τοῦ
377 1295 559 1365 ὕρους.
594 1295 708 1347 Καὶ¹
729 1295 759 1347 ό
783 1293 1042 1364 Μελῳδὸς
1082 1288 1242 1356 αὖθις
1268 1291 1368 1355 τὰς
1407 1290 1667 1353 τοιαύτας
1699 1291 1852 1358 ἐνερ-

260 1386 418 1453 γείας
443 1383 657 1455 βολίδας
682 1383 890 1454 γράφει
922 1381 1202 1451 θεότητος.
1244 1379 1530 1434 Ἀκτίστου
1582 1378 1713 1448 γοῦν
1763 1377 1855 1432 ού-

264 1494 366 1544 σης
394 1477 497 1547 τῆς
514 1475 669 1538 θείας
697 1474 909 1539 οὐσίας,
956 1465 1208 1529 ἄῖιτιστοι
1250 1474 1349 1528 καὶ
1369 1474 1427 1525 αί
1455 1470 1662 1543 βολίδες
1708 1471 1853 1523 ἐκεῖ»

260 1587 377 1636 ναι,
405 1569 555 1637 παρᾶ
576 1567 678 1639 τὴν
697 1567 760 1635 ού
770 1566 890 1620 τίαν
906 1566 1037 1620 ἄλλο
1052 1583 1107 1621 τι
1136 1565 1313 1620 οὖσαι.
1335 1564 1409 1618 Τὸ
1426 1565 1535 1636 γὰρ
1556 1562 1683 1618 ἄλλο
1699 1562 1852 1633 παρὰ

259 1663 365 1733 τὴν
395 1662 588 1717 οὐσίαν
616 1663 719 1716 οὐκ
752 1661 961 1729 ἐκείνη,
990 1661 1108 1715 ἀλλ’
1141 1661 1381 1730 ἐκείνης.
1401 1658 1466 1712 Ei
1506 1657 1613 1728 γὰρ
1655 1657 1850 1709 ταυτὸν

257 1749 350 1826 ἦν,
391 1753 629 1826 μεθεκτή
664 1754 733 1809 ἂν
762 1749 831 1826 ἦν
856 1754 952 1809 καὶ
973 1753 1132 1807 οὐσία
1159 1751 1296 1823 ὁμοῦ
1349 1755 1468 1819 ταῖς
1507 1752 1810 1822 ἐνεργείαις
1831 1791 1847 1813 ν

1951 736 2195 807 pellavit,
2234 737 2513 807 pollicitus
2546 739 2710 808 paulo
2757 748 2882 809 post
2926 739 3265 799 lubenterse
3312 744 3530 799 iliorum

1901 894 1915 904 ἢ
1953 830 2347 886 refutationem
2403 846 2524 887 esse
2570 831 2912 887 auditurum.
2974 835 3094 905 Ipse
3137 846 3319 892 autem
3366 855 3532 894 omne

1951 920 2221 988 studium,
2266 936 2486 977 omnem
2527 937 2751 992 operam
2809 924 3086 993 adhibuit,
3118 937 3177 982 ut
3203 928 3359 997 prius
3393 946 3529 985 cou-

1952 1021 2172 1068 snetum
2203 1024 2259 1068 et
2286 1030 2583 1071 commune
2635 1017 3025 1072 Palamitarum
3062 1021 3324 1092 eﬂ‘ugium
3374 1027 3534 1079 nobis

1952 1107 2266 1177 importune
2294 1108 3014 1176 obtruderet,Thaboricum
3042 1114 3227 1170 lumen
3264 1117 3528 1188 intelligo,

1952 1200 2105 1270 quod
2153 1199 2254 1255 SS.
2286 1200 2475 1256 Patres
2510 1202 2813 1258 increatam
2843 1206 3222 1275 operationem
3256 1219 3311 1265 et
3357 1214 3530 1265 dena-

1960 1302 2066 1347 tem
2121 1296 2420 1365 appellant.
2477 1315 2497 1348 ι
2554 1294 2728 1360 Nam,
2780 1298 3105 1368 inquiebat,
3152 1302 3415 1363 deitatem
3478 1307 3530 1359 in

1954 1395 2143 1441 monte
2175 1397 2452 1442 ostensam
2506 1389 2692 1443 lumen
2743 1389 2912 1445 fuisse
2952 1390 3088 1447 dicit
3143 1392 3305 1450 divus
3331 1397 3536 1468 Grego-

1955 1477 2092 1533 rius.
2129 1478 2199 1533 Et
2225 1479 2425 1534 iterum
2449 1478 2678 1536 Cosmas
2716 1481 2962 1537 Mclodus
2994 1483 3307 1556 huiusmodi
3332 1502 3534 1558 opera-

1957 1571 2137 1626 tiones
2167 1570 2338 1628 fuisse
2378 1571 2688 1629 divinitatis
2715 1574 3112 1644 ejaculationes
3142 1578 3358 1633 scribit.
3398 1580 3532 1636 Cum

1955 1677 2089 1734 ergo
2121 1663 2309 1719 divina
2372 1663 2682 1720 substantia
2728 1670 2801 1721 sit
2842 1668 3108 1735 int-reatu,
3166 1671 3284 1727 ista:
3333 1675 3538 1742 pariter

1957 1754 2356 1823 ejaculationes
2382 1756 2644 1813 increata:
2677 1767 2898 1823 suut,et
2927 1775 2955 1813 a
2988 1761 3299 1820 substantia
3343 1767 3538 1822 distin-

174 1908 177 1909 ί
261 1805 360 1899 ἐξιέά
391 1805 647 1916 “am;
669 1805 1003 1909 ;..".t;t.
1028 1805 1150 1899 τις
1176 1805 1245 1917 ιι
1274 1805 1554 1918 “οιὲέεἱεαο
1598 1805 1757 1901 luis-.5
1793 1805 1850 1896 ’δέ

1955 1856 2073 1901 ctat.
2117 1846 2252 1901 Nam
2300 1848 2458 1918 quod.
2496 1848 2645 1903 aliud
2697 1859 2783 1905 est
2829 1866 2858 1904 a
2900 1852 3234 1923 substantia,
3282 1870 3391 1911 non
3451 1870 3536 1917 est

258 1933 544 1990 ἀδύνατον.
616 1934 945 2006 ’Δμέθεκτος
995 1937 1104 2008 γὰρ
1167 1938 1281 2001 τοῖς
1328 1939 1624 2008 κτίσμασιν
1682 1938 1855 1991 ἅπασι

260 2028 511 2096 πέφυκεν
538 2029 570 2100 ἠ
598 2028 761 2083 οὐσία
777 2042 805 2098 ,⁸
838 2028 937 2083 καὶ
968 2029 1238 2100 δαιμόνων
1273 2029 1599 2102 εὖρημασκο
1639 2030 1851 2094 τεινῶν,

260 2120 349 2193 [Ρ.
373 2120 501 2194 675]
555 2121 733 2185 ἄλλως
781 2121 960 2190 λέγειν
1021 2137 1081 2175 τε
1128 2124 1222 2177 καὶ
1272 2119 1551 2176 πιστεύειν
1611 2126 1722 2185 τοῖς
1770 2122 1855 2174 λέ-

256 2199 441 2281 ¹γουσι.
479 2214 577 2267 Διὰ
607 2215 715 2284 γὰρ
745 2213 905 2267 τοῦτο
939 2214 1033 2267 καὶ
1056 2214 1156 2285 τὴν
1199 2214 1390 2269 οὐσίαν
1438 2215 1538 2287 τῆς
1567 2215 1851 2285 ἐνεργείας

257 2306 520 2377 διάφορον
568 2301 708 2360 εἷναί
750 2323 953 2377 φαμεν,
999 2306 1244 2361 ἐκποδὼν
1291 2308 1581 2379 γινομένης
1633 2307 1854 2377 ἀπάσης

259 2398 614 2468 ταυτότητος.
640 2416 660 2449 ι
685 2397 797 2450 Καὶ
819 2396 937 2469 ἅμα
960 2399 1300 2469 παρεισῆγεν
1323 2398 1439 2452 ἔνια
1476 2398 1586 2454 τῶν
1608 2399 1853 2466 Παλαμι-

261 2488 381 2542 κῶν
406 2489 702 2560 δογμάτων
733 2490 843 2543 ἀπὸ
875 2489 1125 2560 γλώττης
1155 2492 1248 2543 καὶ
1285 2492 1533 2563 μνήμης,
1573 2491 1869 2562 σποράδην

266 2580 370 2651 μὲν
389 2619 403 2646 ,
435 2581 652 2650 παρῆγε
686 2578 733 2633 δ’
750 2578 863 2645 οὖν,
898 2580 1195 2653 ὀλόκληρον
1225 2585 1325 2652 τὴν
1342 2582 1583 2636 διάνοιαν
1613 2582 1853 2647 σώζοντα

225 2731 229 2733 _
262 2674 361 2727 καὶ
390 2671 710 2742 ὠςηέχουσιν
748 2673 842 2725 ἐπὶ
892 2672 1092 2740 λέξεως
1121 2672 1390 2745 ἀκριϐῶς.
1431 2691 1450 2725 ι
1491 2674 1688 2726 Κοινὸν
1710 2673 1848 2744 γὰρ»

266 2782 290 2817 ι
322 2766 475 2835 φησὶ,
506 2783 525 2817 ι
556 2764 737 2833 δόγμα
756 2764 864 2819 τῶν
886 2766 1088 2832 ἔξωθεν
1108 2766 1332 2819 καὶτῶν
1359 2766 1482 2819 καθ’
1513 2767 1664 2836 ἡμᾶς
1702 2766 1856 2834 φιλο-

263 2857 469 2925 σόφων,
488 2858 581 2911 ἐπὶ
597 2856 778 2927 ἁπλῆς
789 2858 886 2911 καὶ
901 2857 1197 2927 ἀσωμάτου
1216 2857 1432 2927 φύσεως
1446 2857 1535 2911 τὸν
1554 2857 1718 2910 αὐτὸν
1737 2859 1857 2910 ἐπι-

260 2950 519 3020 δέχεσθαι
536 2950 696 3020 λόγον
718 2950 819 3020 τὴν
846 2951 1132 3020 ἐνέργειαν
1158 2952 1226 3020 τῇ
1251 2950 1431 3020 οὐσίᾳ.
1453 2949 1534 3004 Τὰ
1556 2950 1613 3002 δὲ
1643 2950 1739 3003 τὸν
1755 2951 1852 3001 αὖ-

261 3045 359 3097 τὸν
421 3041 578 3110 λόγον
605 3038 969 3112 ἐπιόεχόμενα
1008 3041 1125 3096 δύο.
1146 3042 1286 3108 ἐστὶ,
1312 3042 1408 3095 καὶ
1439 3042 1538 3112 οὐχ
1558 3041 1635 3095 ἐν.
1665 3043 1775 3097 Καὶ
1798 3045 1847 3095 εἰ

1957 1938 2072 2005 ipsa
2112 1941 2440 2005 substantia,
2493 1941 2590 1995 sed
2639 1941 2710 1995 ad
2760 1941 3126 1999 substantiam
3179 1948 3441 2009 pertinet.
3476 1952 3533 2005 Si

1953 2032 2102 2085 enim
2150 2041 2296 2087 esset
2326 2032 2460 2102 quid
2494 2031 2641 2087 idem
2675 2046 2800 2087 cum
2851 2035 3180 2098 substantia,
3210 2036 3324 2090 lucc
3369 2040 3533 2095 simul

1955 2139 2082 2177 cum
2136 2124 2557 2194 operationibus
2608 2134 2756 2180 esset
2800 2125 3232 2195 participabilis,
3289 2146 3391 2186 nec
3426 2134 3534 2190 ulla

1956 2218 2103 2273 inter
2151 2234 2247 2274 eas
2284 2220 2426 2276 foret
2458 2221 2798 2276 admittenda
2847 2221 3153 2278 distinctio.
3208 2227 3374 2297 Atqui
3429 2232 3535 2287 hoc

1957 2314 2305 2383 impmsibile
2332 2328 2432 2369 est.
2471 2317 2603 2371 Nam
2637 2317 2948 2372 subs'tantia
2976 2319 3067 2374 Dei
3100 2336 3164 2375 ex
3198 2332 3393 2378 natura
3434 2341 3532 2380 sua

1956 2407 2271 2476 participari
2319 2423 2350 2462 a
2389 2409 2660 2463 creaturis
2709 2423 2816 2464 non
2842 2419 3080 2479 potest:
3131 2423 3187 2469 et
3216 2415 3537 2487 quicunque

1956 2501 2102 2555 aliud
2136 2502 2220 2556 vel
2256 2500 2451 2555 dicunt
2480 2502 2564 2555 vel
2596 2501 2915 2560 dicentibus
2961 2504 3218 2570 credunt,
3262 2507 3299 2561 ii
3332 2509 3541 2565 dortri-

1959 2604 2082 2643 nam
2139 2604 2169 2641 a
2230 2589 2651 2644 tenebriontbus
2710 2590 2947 2645 diabolis
3002 2591 3540 2671 inventap11075

1957 2690 2261 2737 sectantur.
2331 2681 2548 2736 Idcirco
2591 2682 2812 2752 .quippe
2885 2686 3251 2742 substantiam
3312 2690 3405 2744 Dei
3469 2697 3539 2745 ab

1954 2775 2076 2845 ejus
2115 2774 2434 2844 operatione
2478 2774 2794 2830 distinctam
2834 2791 2959 2834 esse
3022 2780 3346 2849 asset-imus,
3374 2783 3540 2839 iden—

1959 2868 2115 2921 titate
2151 2867 2399 2936 qualibet
2422 2881 2453 2921 e
2489 2866 2675 2922 medio
2708 2869 2944 2925 sublata.
2982 2890 3001 2921 ›
3032 2871 3243 2927 Pariter
3272 2879 3536 2933 nonnulla

1957 2972 1989 3013 e
2024 2957 2260 3013 Palamae
2300 2956 2651 3030 dogmatibus
2690 2961 3023 3026 adducebat,
3055 2981 3177 3035 quae
3228 2966 3367 3024 hinc
3409 2973 3538 3026 inde

1956 3051 2109 3106 nullo
2140 3053 2253 3107 fere
2292 3054 2488 3110 ordine
2523 3052 2754 3110 collecta
2806 3058 3131 3114 memoriter
3160 3060 3280 3129 ipse
3334 3065 3536 3119 recita—

262 3135 510 3199 δύο,πῶς
525 3133 698 3207 χωρὶς
711 3131 1032 3204 ἡστινοσοῦν
1046 3132 1179 3204 πρὸς
1194 3132 1404 3203 ἄλληλα
1421 3129 1786 3202 διαφορᾶ;;⁷Α
1797 3135 1845 3203 ρ’

1955 3142 2085 3198 bat:
2112 3154 2330 3199 servata
2358 3144 2534 3201 nihilo
2565 3146 2748 3202 minus
2771 3146 2981 3216 integra
3013 3146 3300 3219 scriptoris
3328 3166 3534 3221 mente,

262 3224 360 3282 οὖν
380 3232 442 3281 οὐ
459 3229 739 3299 διενήνοχε
758 3228 822 3281 τὸ
839 3227 1069 3281 θεᾶσθαι
1089 3224 1183 3279 τοῦ
1213 3225 1517 3293 θεοποιοῦν;
1544 3225 1576 3294 ἦ
1603 3229 1695 3279 καὶ
1733 3226 1851 3280 Oeo-

263 3325 414 3375 ποιεί
434 3321 591 3377 πάνθ’
611 3322 711 3375 ὅσα
738 3319 1098 3387 θεᾶταιΘεόςς
1115 3316 1270 3373 Ἐπεὶ
1296 3319 1354 3373 δὲ
1379 3320 1674 3391 διενήνοχε,
1699 3321 1774 3391 μή
1798 3338 1851 3373 τι

261 3431 473 3470 τουτων
520 3414 639 3470 ἐστὶ
701 3413 962 3482 κτιστόν;
994 3433 1013 3464 ι
1053 3411 1191 3468 Εῐτα
1246 3410 1668 3484 ἐπανελάμὸανε
1725 3415 1851 3469 καθ’

263 3507 477 3562 ἕκαστα
500 3506 564 3560 τὸ
581 3505 1014 3577 προγνωστικὸν,
1039 3505 1100 3559 τὸ
1120 3505 1478 3576 δημιουργὸν,
1501 3504 1602 3576 τὴν
1633 3505 1771 3575 πρὸς
1794 3504 1853 3557 τὸ

266 3599 522 3669 ἐνεργεῖν
555 3597 904 3668 ἑτοιμότητα,
930 3598 1026 3665 καὶ
1060 3596 1249 3651 τᾶλλα.
1275 3615 1294 3649 ι
1335 3597 1429 3660 Ὠς
1445 3597 1552 3667 γὰρ
1582 3600 1610 3649 ὁ
1638 3597 1785 3660 νοῦς,
1826 3615 1844 3649 ι

263 3690 426 3764 φησὶ,
450 3708 471 3743 ι
498 3691 599 3756 τὰς
618 3691 930 3761 ἐπιστήμας
953 3688 1394 3760 προσλαμύόωων
1417 3690 1673 3754 σύνθετος
1689 3692 1749 3743 οὐ
1776 3691 1856 3758 γί-

265 3802 447 3855 νεται,
477 3785 569 3839 τὸν
617 3784 780 3838 αὑτὸν
823 3782 1160 3851 τρόπον,καὶ
1185 3781 1363 3851 πολλῷ
1386 3782 1609 3853 μᾶλλον,
1629 3782 1693 3834 τὸ
1716 3799 1853 3853 προ-

261 3877 572 3950 γνωστικὸν
597 3877 692 3931 καὶ
713 3877 895 3939 πάσας
916 3872 1105 3937 ἁπλῶς
1125 3873 1224 3936 τὰς
1238 3876 1499 3936 τοιαύτας
1518 3873 1775 3945 δυνάμεις
1792 3892 1852 3928 τε

264 3972 365 4028 καὶ
382 3969 662 4041 ἐνεργείας
684 3967 932 4039 φυσικῶς
952 3969 988 4040 ἠ
1019 3967 1140 4020 θεία
1165 3967 1328 4036 φύσις
1352 3965 1553 4036 ἔχουσα
1593 3965 1852 4030 σύνθετος

265 4066 374 4120 οὐκ
401 4064 541 4119 ἐστι.
572 4083 594 4117 ι
616 4065 728 4117 Καὶ
775 4061 959 4132 λέγειν
984 4062 1238 4132 φανερῶς
1259 4059 1385 4122 τοὺς
1428 4060 1616 4128 ἁγίους
1647 4059 1851 4129 ἔφασκε

271 4157 397 4229 μὲν,
422 4157 485 4212 ού
517 4156 813 4230 παρήγαγε
833 4155 877 4209 5’
903 4153 1017 4208 οὔτ’
1035 4154 1118 4215 είς
1153 4153 1276 4223 ὄψιν
1299 4150 1410 4205 οὔτ’
1436 4153 1516 4215 είς
1536 4154 1707 4212 ἀκοὴν
1723 4169 1855 4221 γρα-

268 4249 437 4319 φικὰς
471 4247 684 4313 οὐδενὸς
704 4247 1033 4318 μαρτυρίας.
1062 4246 1173 4299 Καὶ
1209 4244 1408 4299 πάλινο
1441 4261 1459 4296 ι
1484 4243 1574 4306 Ὦς
1622 4244 1732 4314 γὰρ
1786 4245 1850 4297 ἐκ

266 4342 408 4398 Θεοῦ
448 4342 660 4412 Πατρὸς
682 4341 816 4405 Θεὸς
843 4340 920 4396 ὣν
950 4339 1045 4395 καὶ
1067 4342 1095 4394 ὁ
1111 4339 1260 4406 Υίὸς,
1285 4340 1387 4413 ούκ
1415 4338 1573 4403 ἄλλος
1599 4338 1702 4408 μὲν
1720 4339 1857 4392 καθὸ

265 4436 402 4498 Θεὸς
427 4433 682 4497 ἄκτιστός
712 4436 879 4499 ἐστιν,
910 4432 1067 4496 ἄλλος
1097 4430 1154 4485 δέ
1182 4431 1321 4484 καθὸ
1352 4430 1477 4499 Υἱός
1505 4447 1519 4462 ·
1570 4432 1665 4484 καὶ
1721 4429 1857 4484 καθὸ

271 4495 676 4600 μὲν-ἄκτιστοςή
688 4526 844 4594 Θεὸς,
866 4495 983 4589 ίσος
1015 4525 1157 4579 κατὰ
1181 4523 1360 4600 πάντα
1391 4495 1473 4595 τῷ
1493 4523 1690 4593 Πατρί⁴
1721 4522 1857 4576 καθὸ
1891 4495 1931 4549 D

265 4622 327 4676 δὲ
362 4621 511 4687 Υἱὸς,
561 4620 784 4691 μείζονα
808 4619 883 4682 ὡς
911 4617 1086 4677 αἴτιον
1115 4617 1256 4690 ἔχων
1282 4619 1374 4673 τὸν
1398 4619 1642 4688 Πατέρα,
1674 4615 1861 4670 δεύτε-

274 4732 371 4785 ρος
393 4716 631 4785 ὑπάρχει
662 4714 756 4768 τοῦ
783 4714 1020 4785 Πατρὸς,
1041 4714 1103 4766 οὐ
1155 4712 1407 4781 δεύτερος
1437 4710 1594 4775 Θεὸς,
1656 4711 1857 4777 ἄπαγε,

270 4806 410 4861 ἀλλὰ
430 4806 683 4876 δεύτερος
707 4807 772 4877 τῇ
804 4804 958 4868 τάξει
981 4819 996 4835 ⁸
1027 4802 1279 4872 καθάπερ
1308 4803 1336 4854 ό
1376 4800 1553 4871 μέγας
1582 4801 1718 4870 φησὶ
1757 4799 1859 4851 Βα-

226 4916 241 4929 λ
275 4900 474 4965 σίλειος
498 4916 516 4934 ο
540 4900 683 4955 οὕτω
707 4901 802 4954 καὶ
835 4903 900 4953 ὲκ
926 4899 1182 4968 θεότητος
1206 4896 1470 4950 ἀκτίστου
1537 4896 1637 4965 τῆς
1668 4896 1856 4957 οὐσίας

271 4991 469 5062 θεότης
491 4992 741 5055 ἄκτιστος
771 4992 805 5061 ἡ
826 4992 1076 5060 ἐνέργεια
1100 5005 1115 5021 ο
1152 4989 1252 5042 ούκ
1284 4986 1420 5057 ἄλλη
1443 4986 1563 5058 μὲν,
1588 4986 1723 5041 καθὸ
1740 4985 1857 5039 θεό-

270 5100 376 5155 της
423 5084 699 5150 ἄκτιστος,
732 5082 868 5153 ἄλλη
906 5081 961 5135 δέ
991 5081 1112 5135 κατ’
1144 5079 1427 5153 ἐνέργειαν
1465 5078 1542 5149 τῷ
1577 5079 1674 5149 μὲν
1704 5080 1862 5131 ἀκτι-

272 5193 408 5248 στῳ,
433 5177 533 5247 τῆς
555 5176 740 5240 οὐσίας
798 5175 963 5247 μηδὲν
989 5172 1323 5243 διαφέρουσα
1352 5172 1488 5242 μηδέ
1509 5172 1859 5243 διαιρουμένη

270 5269 441 5332 ὃλως⁶
499 5254 572 5334 ὡς
616 5270 663 5324 δ’
712 5271 894 5324 αἰτίαν
947 5266 1151 5337 ἑαυτῆς
1188 5265 1597 5337 ὑπερκειμένην
1637 5266 1856 5335 ἔχουσα.

276 5360 426 5416 Εἶεν.
478 5381 496 5415 ι
1026 5362 1041 5369 ”

1955 3245 2010 3290 et
2038 3236 2290 3308 ejusdem
2321 3239 2614 3293 sententiis
2648 3239 2716 3294 de
2748 3239 2917 3294 verbo
2952 3241 3020 3295 ad
3048 3241 3272 3296 verbum
3309 3260 3542 3300 accura-

1960 3328 2171 3384 tissime
2221 3327 2431 3385 relatis.
2494 3347 2512 3381 ι
2572 3329 2696 3385 Haec
2740 3331 2888 3384 enim
2943 3333 3255 3388 communis
3281 3344 3399 3399 est,
3456 3336 3543 3391 in-

1954 3422 2080 3492 quit
2127 3422 2396 3489 Palamas,
2462 3430 2578 3477 tum
2607 3422 2897 3494 gentilium
2944 3434 3057 3478 tum
3088 3426 3534 3483 Christianorum

1957 3512 2210 3568 doctrina
2257 3513 2764 3584 phi1050phorum:
2813 3531 3013 3585 nempe
3084 3516 3138 3570 in
3200 3518 3435 3587 simjdiei
3484 3533 3542 3576 et

1955 3610 2284 3679 incorporea
2349 3618 2550 3665 natura
2604 3611 2984 3680 operationem
3054 3622 3109 3666 ct
3169 3613 3532 3669 substantiam

1953 3706 2200 3773 ejusdem
2256 3688 2488 3773 prorsus
2533 3719 2660 3759 esse
2713 3705 2968 3760 rationis.
3024 3689 3196 3759 Porro
3232 3721 3355 3774 quae
3405 3719 3537 3764 sunt

1953 3794 2203 3867 ejusdem
2234 3794 2486 3860 rationis,
2508 3795 2621 3850 duo
2657 3805 2809 3861 sunt,
2829 3811 2938 3850 non
2969 3807 3152 3851 autem
3179 3813 3348 3851 unum
3378 3800 3535 3868 quid.

1953 3886 2109 3952 Quod
2134 3886 2179 3942 si
2199 3886 2310 3942 duo
2336 3888 2467 3951 sint,
2487 3888 2765 3956 quomodo
2787 3887 2994 3943 nullam
3013 3888 3160 3943 inter
3180 3902 3238 3943 se
3265 3890 3534 3947 haberent

1954 3977 2548 4032 dilferentiam?Num
2601 3976 2767 4048 igitur
2815 3978 2960 4031 inter
3004 3992 3064 4033 se
3112 3993 3222 4032 non
3269 3979 3537 4035 diﬂ'erunt

1954 4068 2146 4125 videre
2196 4079 2253 4124 et
2296 4068 2598 4124 dciﬁcare?
2646 4071 2726 4123 An
2775 4084 3121 4140 qnzceunque
3171 4070 3317 4126 Deus
3360 4073 3533 4142 videt,

1956 4164 2121 4218 etiam
2154 4162 2418 4217 deificat?
2450 4163 2568 4218 lam
2607 4178 2738 4217 vero
2766 4164 3030 4233 quoniam
3085 4163 3202 4219 haec
3231 4163 3342 4219 duo
3374 4163 3537 4221 diffe—

1957 4266 2108 4321 runt,
2136 4273 2266 4310 num
2293 4256 2422 4325 quid
2453 4257 2653 4309 iturum
2688 4267 2935 4311 creatum
2969 4256 3093 4311 est?
3131 4275 3149 4308 ι
3184 4257 3393 4313 Deinde
3423 4260 3535 4313 vim

1961 4346 2056 4401 Dei
2103 4348 2575 4416 praecognitivam,
2628 4348 2954 4410 creativam,
3003 4358 3062 4403 et
3091 4350 3159 4404 ad
3193 4350 3535 4419 operandum

1963 4439 2547 4507 promptitudinem,et
2569 4438 2674 4493 alia
2702 4438 2977 4509 sigillatim
3013 4440 3317 4509 repetebat.
3343 4459 3362 4494 ι
3383 4441 3540 4498 Sicut

1961 4529 2130 4595 enim,
2206 4529 2418 4600 inquit;
2493 4545 2668 4593 mens,
2727 4534 2856 4585 dum
2929 4531 3193 4588 scientias
3271 4536 3536 4605 acquirit,
3598 4576 3603 4579 -

1961 4640 2070 4679 non
2124 4624 2184 4678 fit
2213 4624 2539 4695 composita,
2581 4627 2652 4679 ita
2707 4628 2875 4681 etiam
2907 4636 2963 4681 et
3011 4627 3172 4699 longe
3217 4631 3417 4699 potiori
3457 4651 3542 4687 ra-

1961 4719 2108 4772 tione
2136 4717 2323 4773 divina
2373 4728 2590 4782 natura,
2613 4734 2737 4773 cum
2766 4722 2877 4774 vim
2910 4722 3379 4790 prmcoguitivam,
3407 4743 3543 4795 prae—

1959 4808 2378 4873 iutellectivam,
2410 4818 2468 4863 et
2499 4825 2694 4865 omnes
2747 4812 3075 4880 simpliciter
3110 4814 3426 4886 hujusmodi
3462 4827 3544 4872 la-

1962 4900 2198 4954 cullates
2238 4908 2294 4954 et
2335 4900 2710 4968 Operatioues,
2760 4904 3089 4958 naturaliter
3141 4905 3363 4973 habeat,
3394 4925 3546 4962 cum-

1963 4993 2144 5063 posita
2187 5007 2297 5047 non
2350 5003 2454 5046 est.
2496 5011 2513 5043 ι
2570 4993 2639 5046 Ει
2682 4992 2972 5063 jaclilabat
3026 4997 3253 5066 quidem
3313 5000 3458 5055 istud
3510 5020 3541 5055 ιι

1964 5083 2063 5139 SS.
2117 5082 2375 5137 Patribus
2423 5085 2711 5139 evidenter
2761 5086 3061 5143 adﬁrmari:
3123 5091 3218 5145 sed
3274 5093 3539 5147 nulliuse

1962 5177 2184 5247 scriptis
2212 5178 2528 5232 testimonia
2559 5178 2899 5246 proferebat,
2934 5197 3058 5250 quae
3085 5183 3275 5238 videre
3311 5194 3407 5237 aut
3435 5202 3538 5237 au-

1962 5269 2082 5322 dire
2115 5282 2427 5337 possemus.
2458 5264 2524 5320 Et
2557 5265 2759 5321 iterum
2791 5286 2804 5321 :
2848 5285 2865 5318 ι
2904 5269 3040 5324 Nam
3071 5269 3539 5339 quemadmodum

1966 5359 2252 5421 Fitius.cx
2307 5357 2418 5413 Deo
2467 5359 2628 5413 Patre
2676 5362 2980 5430 procedens
3035 5361 3203 5428 Deus,
3238 5379 3346 5416 non
3386 5362 3543 5415 alius

276 5468 360 5514 est
418 5475 448 5512 a
499 5459 691 5523 Patre,
728 5466 1005 5528 quatenus
1064 5455 1212 5510 Deus
1259 5463 1346 5509 est
1390 5453 1705 5519 increatus,
1757 5454 1851 5510 sed
1894 5434 2036 5511 alius
2061 5464 2147 5510 est
2210 5464 2487 5524 quatenus
2559 5455 2770 5510 Filius:
2802 5465 2859 5511 et
2898 5456 2951 5511 in
2985 5467 3249 5525 quantum
3280 5457 3422 5511 Deus
3460 5468 3544 5512 est

275 5539 585 5614 iucrcatns,
664 5549 816 5605 Patri
871 5564 967 5619 per
1014 5547 1199 5602 omnia
1249 5546 1476 5616 aequalis
1518 5546 1731 5618 1075
1806 5558 1932 5614 est;
1978 5548 2070 5602 sed
2118 5548 2171 5601 in
2213 5557 2480 5616 quantum
2532 5547 2743 5613 Filius,
2799 5548 3073 5603 secundus
3115 5559 3200 5603 est
3261 5566 3291 5603 a
3341 5550 3541 5611 Patre;

276 5660 442 5714 quem
494 5645 753 5715 majorem
803 5658 883 5709 se,
920 5649 981 5696 ut
1015 5638 1103 5697 sui
1137 5654 1387 5713 causam,
1416 5639 1665 5717 agnoscit
1690 5640 1720 5706 ,'
1743 5657 1851 5693 non
1897 5649 2077 5695 tamen
2146 5640 2426 5694 secundus
2462 5638 2628 5703 Deus,
2692 5640 2856 5717 absit,
2887 5639 2982 5693 sed
3008 5640 3291 5694 secundus
3318 5642 3540 5699 ordim.

287 5753 347 5797 ut
377 5740 456 5795 ait
489 5754 720 5809 magnus
752 5738 1033 5794 Basilius:
1063 5737 1144 5792 sic
1186 5734 1352 5790 etiam
1385 5749 1451 5789 ex
1485 5716 1724 5790 increata
1797 5735 2106 5801 divinitate,
2172 5749 2369 5804 nempe
2433 5733 2742 5789 substantia
2789 5716 2905 5800 Dei,
2975 5734 3223 5803 procedit
3285 5732 3544 5786 divinitas

276 5839 544 5901 increata,
579 5848 778 5903 nempe
801 5833 1084 5903 operatio:
1114 5841 1167 5886 et
1196 5830 1316 5883 haec
1349 5828 1573 5900 quidem
1622 5845 1732 5886 non
1805 5840 1887 5887 est
1930 5831 2035 5885 alia
2085 5846 2113 5885 a
2170 5829 2499 5896 divini‘atc,
2569 5839 2843 5898 quatenus
2897 5825 3072 5882 deitas
3118 5835 3204 5883 cst
3258 5829 3542 5892 increata;

516 5928 784 5989 ίἈτῐιοι.
829 5926 945 5987 Gn.
984 5925 1087 5989 CX
1104 5923 1291 5986 LVIII
1808 5944 1855 5985 -τε

2390 6003 2495 6013 θ’
3149 5918 3226 5982 ίι3
