4016 6456
330 420 467 486 1369
718 423 794 494 [Α.
841 439 889 479 c.
941 425 1099 499 l35l]

1288 432 1729 495 ΒΥΖᾹΝΤΙΝᾸΞ
1774 437 1908 497 HIS-3'

2012 443 2147 503 tua:
2189 444 2330 506 Ltn.
2376 445 2595 504 xxm.
2679 438 2810 510 tum
2850 457 2891 495 ιε
2934 452 3227 496 omnem.
3273 439 3327 511 δέ

3442 443 3578 507 1370

329 539 582 591 ὐποθοῖτό
639 556 720 599 τις
767 542 981 614 (φησὶν)
1010 544 1230 597 ἑλέσθαι
1268 547 1359 600 τὶν
1394 547 1528 601 Θεδν
1558 550 1897 615 άλλέξασθαι

2012 557 2147 624 quis,
2186 558 2387 626 inquit,
2430 565 2766 626 supponeret
2788 555 2925 610 velle
2952 555 3120 609 Deum
3152 569 3306 608 suam
3332 569 3579 609 commu-

328 633 425 716 τῂν
458 631 653 686 ἑαυτοῦ
689 633 871 703 φύσιν,
912 636 1038 705 μήτ’
1076 635 1143 689 ἂν
1190 637 1319 691 ἄλλο
1344 657 1395 693 τι
1427 644 1680 707 γενέσθαι
1710 644 1904 712 βουλη-

326 722 510 790 θῆναι,
555 725 681 794 μήτ’
714 725 781 778 ἂν
831 727 1012 798 ἑαυτῷ
1046 728 1388 797 μέμψασθαι,
1421 731 1497 795 ὡς
1528 733 1623 785 ὑπ’
1654 736 1901 806 ἀνάγκης

327 812 486 862 τοῦτο
513 807 604 882 ἦν.
646 814 803 867 Ἐστι
834 815 945 884 γὰρ
967 815 1137 880 ὅντως
1168 820 1201 888 ἡ
1249 820 1455 887 ἀγαθοῦ
1489 823 1647 890 φύσις
1682 826 1902 895 θέλησις

327 902 525 954 αὐτοῦ·
550 904 633 956 ὅτι
696 906 864 994 μηδὲν
905 902 976 977 ἦν
1026 908 1176 976 ἄλλο,
1208 910 1296 964 ἵνα
1324 912 1461 980 πρὸς
1501 915 1678 969 ἐκεῖνο
1711 918 1899 989 λεχθῇ.

330 995 390 1046 Εἰ
424 997 522 1061 μὲν
565 995 660 1049 οὖν
698 997 783 1068 εἴη
833 1014 919 1059 τις
960 1000 1214 1072 ἐνέργεια
1246 1004 1306 1056 ὲν
1337 1005 1504 1076 αὐτῷ,
1534 1008 1628 1060 καὶ
1654 1013 1719 1078 τῇ
1746 1010 1901 1079 ἐνερ-

329 1086 457 1154 γεὶᾳ
499 1084 722 1156 θείημεν
755 1087 941 1150 αὐτὸν.
989 1089 1100 1143 οὐδ’
1146 1091 1213 1144 ἂν
1250 1092 1336 1146 διὰ
1391 1096 1550 1148 τοῦτο
1587 1096 1673 1166 εἴη
1706 1098 1904 1169 ἔτερος

328 1177 517 1240 αὐτοῦ,
550 1178 644 1230 καὶ
666 1179 767 1232 οὐκ
808 1180 973 1244 αὐτὸς
1001 1181 1164 1235 αὐτοῦ
1208 1184 1419 1254 κύριος,
1460 1187 1554 1255 ἀφ’
1577 1181 1638 1241 οὗ
1673 1190 1705 1259 ἡ
1755 1192 1902 1262 ἐνέρ-

327 1283 474 1333 γεια’
506 1270 589 1321 ὅτι
622 1270 698 1339 μὴ
732 1269 919 1340 ἕτερον
951 1271 1206 1341 ἐνέργεια
1240 1276 1337 1329 καὶ
1368 1277 1550 1340 αὐτός.
1599 1277 1754 1333 Ἐπεὶ
1794 1283 1905 1352 γὰρ

327 1358 486 1410 οὐσία
516 1360 610 1412 καὶ
643 1360 896 1430 ἐνέργεια
923 1363 1041 1416 ἐκεῖ
1072 1365 1308 1433 ἐλέγετο,
1350 1367 1445 1421 δύο
1490 1386 1609 1433 πως
1644 1370 1795 1431 ὄντα.
1842 1374 1905 1426 ἐκ

326 1453 425 1517 τῆς
455 1445 738 1519 ἐνεργείας
765 1453 937 1507 ἐδίδου
973 1456 1072 1526 τὴν
1099 1455 1311 1512 ἔννοιαν
1355 1459 1450 1512 τοῦ
1490 1463 1716 1531 Κυρίου·
1750 1463 1907 1517 τοῦτο

326 1542 372 1593 δ’
402 1539 468 1612 ἦν
518 1546 584 1614 τῇ
633 1546 795 1617 οὐσίᾳ
857 1532 1095 1603 ταυτόνξ
1137 1550 1239 1604 Διὰ
1293 1552 1452 1606 τοῦτο
1510 1557 1602 1607 καὶ
1642 1557 1705 1609 οὐ
1737 1558 1905 1626 χωρὶς

327 1636 543 1700 ἐγένετο
592 1635 654 1688 τὸ
686 1637 877 1707 κύριον
912 1635 1076 1707 εἶναι,
1112 1642 1228 1694 ἀλλ’
1282 1645 1414 1698 αὐτὸ
1468 1648 1664 1700 ἑαυτοῦ
1714 1650 1906 1716 κύριον

327 1725 567 1791 ἐλέγετο.
596 1725 670 1778 Οὐ
702 1727 812 1799 γὰρ
835 1727 929 1782 δύο
954 1730 1029 1793 ὡς
1049 1730 1129 1794 ἓν,
1157 1732 1272 1785 ἀλλ’
1304 1734 1383 1788 ἓν.
1411 1736 1482 1789 Ἢ
1508 1736 1618 1807 γὰρ
1648 1726 1906 1808 ’ἐνέργεια

332 1813 517 1881 μόνον,
569 1813 603 1884 ἦ
657 1814 768 1868 οὐδ’
814 1817 950 1882 ὅλως
997 1822 1272 1889 ἐνέργεια.
1329 1825 1393 1877 Et
1444 1824 1490 1876 δ’
1530 1827 1721 1879 οὐσίαν
1769 1827 1902 1881 ἄνευ

2011 657 2124 703 tare
2157 658 2408 702 naturam
2431 688 2447 713 ,
2488 663 2667 716 neque
2704 658 2833 704 tunc
2865 646 3010 700 aliud
3048 646 3165 701 lieri
3218 646 3360 700 Deus
3393 646 3575 710 vellet,

2006 755 2184 809 neque
2251 740 2303 793 id
2358 738 2463 794 sibi
2512 738 2648 793 vitio
2708 737 2886 803 daret,
2926 736 3071 806 quod
3110 737 3423 792 necessario
3458 737 3581 791 talis

2006 841 2167 886 esset.
2202 831 2338 884 Nam
2369 829 2501 885 boni
2547 838 2743 883 natura
2776 838 2859 882 est
2896 844 3088 882 revera
3125 827 3218 881 Dei
3277 827 3532 881 voluntas
3564 845 3577 879 :

2007 923 2137 991 quia
2193 922 2332 976 nihil
2382 929 2534 977 esset
2568 920 2739 986 aliud,
2779 920 2934 990 cujus
2976 919 3160 974 habita
3194 919 3406 972 ratione
3439 905 3582 971 Deus

2006 1016 2145 1069 velle
2181 1016 2479 1070 diceretur.
2514 1014 2571 1069 Si
2602 1015 2726 1085 quis
2761 1014 2929 1083 igitur
2957 1021 3104 1067 esset
3131 1012 3186 1064 in
3226 1024 3293 1064 eo
3323 1021 3496 1071 actus,
3526 1021 3583 1062 et

2006 1121 2132 1159 eum
2161 1120 2282 1159 esse
2326 1105 2381 1160 in
2419 1115 2543 1160 actu
2576 1119 2932 1175 poneremus,
2968 1118 3077 1156 non
3110 1101 3232 1156 ideo
3263 1111 3411 1155 esset
3444 1099 3584 1154 alius

2008 1211 2037 1250 a
2087 1213 2145 1251 se
2175 1197 2325 1268 ipso,
2364 1212 2463 1250 nec
2490 1196 2612 1251 ideo
2653 1211 2763 1249 non
2791 1203 2936 1249 esset
2980 1192 3065 1247 sui
3109 1192 3386 1256 dominus,
3411 1206 3442 1244 a
3474 1206 3584 1260 quo

2007 1295 2166 1338 actus
2201 1283 2566 1354 procederet:
2609 1282 2872 1352 quoniam
2929 1282 3076 1336 aliud
3119 1295 3230 1336 non
3256 1289 3339 1332 est
3385 1286 3541 1332 actus
3565 1316 3581 1339 ,

2007 1388 2061 1432 et
2092 1377 2239 1431 aliud
2300 1377 2416 1447 ipse
2471 1378 2637 1432 Deus.
2692 1375 2832 1430 Cum
2872 1375 3019 1429 enim
3073 1373 3147 1429 ibi
3182 1371 3485 1428 substantia
3533 1378 3588 1422 ct

2008 1475 2162 1520 actus
2199 1481 2322 1520 esse
2361 1465 2767 1534 quadamtenus
2817 1464 2927 1518 duo
2975 1462 3314 1524 dicerentur,
3361 1473 3429 1512 ex
3457 1466 3582 1510 actu
3620 1493 3641 1503 -

2009 1558 2127 1627 ipso
2162 1557 2338 1611 ideam
2371 1557 2603 1627 alicujus
2671 1555 2883 1611 domini
2928 1556 3146 1620 darent,
3202 1550 3314 1605 lloe
3355 1557 3535 1602 autem
3569 1585 3585 1609 ,

2009 1650 2153 1718 qned
2205 1648 2414 1703 domini
2463 1650 2735 1703 ratibnem
2789 1647 3056 1707 haberet,
3096 1651 3244 1697 esset
3291 1641 3432 1695 idem
3461 1653 3586 1692 cum

2009 1741 2334 1797 substantia.
2369 1740 2499 1795 Ideo
2532 1781 2547 1801 ,
2602 1754 2724 1794 esse
2755 1738 3068 1801 dominum,
3106 1749 3213 1787 non
3267 1740 3414 1787 esset
3455 1730 3587 1799 quid

2011 1832 2321 1894 separatum
2363 1839 2427 1879 ac
2460 1823 2702 1877 divisum
2731 1839 2744 1884 ;
2779 1820 2874 1875 sed
2909 1820 3052 1873 idem
3094 1817 3177 1871 sui
3208 1816 3381 1886 ipsius
3411 1813 3591 1867 domi-

330 1903 612 1976 δνεργείας
651 1923 735 1971 τις
781 1907 957 1977 λέγοι,
985 1910 1210 1982 ἐλλιπὴς
1241 1915 1273 1985 ὴ
1309 1915 1452 1987 ἁρχὴ
1506 1918 1604 1970 καὶ
1646 1919 1844 1987 ἀτελὴς
1871 1923 1904 1990 ἡ

2012 1932 2113 1971 nus
2145 1915 2443 1971 diceretur.
2472 1915 2602 1969 Non
2627 1914 2773 1967 enim
2807 1913 2918 1966 duo
2949 1918 3008 1964 ut
3035 1922 3232 1975 unum,
3261 1905 3357 1962 sed
3389 1920 3448 1960 re
3473 1906 3589 1973 ipsa

327 1998 642 2071 τελειοτάτη
672 2002 861 2056 πασῶν
887 2004 1059 2062 ἔσται.
1087 2008 1194 2059 Καὶ
1223 2009 1272 2060 εί
1307 2009 1567 2080 προσθείη
1602 2009 1906 2080 ἐνέργειαν,

327 2091 426 2162 οὐχ
464 2092 526 2145 ιν
570 2095 744 2164 τηρεῖ,
799 2095 1226 2168 ἀλλ’,ὴλάττωσε
1264 2102 1326 2169 τῇ
1383 2101 1692 2175 προσθήκῃ.
1725 2104 1785 2156 Et
1818 2102 1910 2157 οὖν

327 2183 664 2257 τελειότερον
686 2187 721 2256 ἡ
749 2186 999 2269 ἐνέργεια
1018 2188 1117 2257 τῆς
1147 2189 1358 2253 οὒσῖας,
1383 2191 1726 2263 τελειότερον
1759 2193 1817 2246 δὲ
1847 2194 1910 2245 τὸ

333 2271 592 2344 πρῶτον,
644 2290 864 2346 πρῶτον
922 2275 990 2329 ἂν
1061 2276 1316 2345 ἐνέργεια
1359 2279 1468 2350 εἴη.
1512 2279 1799 2350 Ἐνέργεια
1829 2280 1909 2345 δὲ,

329 2366 391 2416 οὐ
422 2364 754 2419 δουλεύουσα
783 2367 964 2439 οὐσίᾳ,
996 2367 1254 2439 καθαρῶς
1289 2370 1441 2423 ἐστιν
1487 2371 1773 2444 ἐλευθέρα.
1799 2374 1908 2426 Καὶ

252 2530 259 2535 ἦ
330 2455 504 2518 οὕτως
546 2456 711 2520 αὐτὸς
752 2458 884 2529 παρ’
911 2459 1079 2513 αὑτοῦ
1116 2462 1145 2512 ὁ
1179 2461 1333 2525 Θεὸς,
1360 2461 1460 2515 εἰτ’
1493 2462 1683 2517 οὐσίαν
1709 2464 1906 2532 είποις,

333 2550 432 2601 εἴτ’
460 2549 765 2619 ἐνέργειαν.
827 2551 904 2605 Οὐ
946 2554 1057 2623 γὰρ
1094 2552 1208 2617 δύο,
1253 2553 1369 2606 ἀλλ’
1411 2552 1491 2608 ἓν.
1549 2554 1670 2617 Πῶς
1704 2555 1813 2626 γὰρ
1842 2557 1910 2610 ἂν

333 2637 420 2708 εἴη
470 2637 730 2710 βούλησις
778 2642 837 2708 te
889 2642 1079 2706 οὐσίας
1126 2644 1531 2713 ἀνενεργήτους
1573 2644 1669 2713 οὐχ
1723 2644 1911 2716 ἕτερον

334 2729 446 2799 ἄρα
480 2731 583 2801 τῆς
635 2732 828 2796 οὐσίας
881 2732 1057 2788 οὐδέν.
1091 2735 1257 2797 Φύσις
1301 2731 1395 2788 οὖν
1429 2735 1599 2805 ἁπλῆ,
1633 2738 1725 2788 καὶ
1752 2738 1906 2805 ἐνέρ-

333 2837 464 2889 γειαι
517 2820 639 2891 μία,
684 2827 777 2877 καὶ
828 2824 951 2877 οὐδὲ
981 2825 1043 2879 τὸ
1087 2825 1314 2895 δυνάμει
1365 2827 1565 2896 ἔχουσα
1603 2826 1752 2892 ἄλλο,
1783 2827 1910 2880 ἄλλο

331 2912 392 2966 δὲ
421 2914 483 2969 τὸ
511 2917 776 2985 ἐνεργεῖν,
810 2917 929 2995 ἐτῶς
959 2918 1060 2970 οὐκ
1093 2917 1393 2988 ἐλευθέρας
1427 2919 1562 2971 Οὐδὲ
1588 2918 1696 2988 γὰρ
1737 2935 1910 2985 πεφυ-

335 3004 494 3081 κέναι
526 3005 729 3076 λέγοιτ’
755 3009 822 3062 ἂν
857 3010 1119 3077 ἐνεργεῖν,
1162 3009 1327 3078 ἄλλης
1359 3008 1526 3081 οῦσης
1554 3012 1653 3077 τῆς
1697 3010 1907 3077 οὐσίας,

336 3099 434 3149 καὶ
463 3099 561 3167 τῆς
595 3099 881 3170 ἐνεργείας
921 3100 1108 3170 ἄλλης.
1143 3118 1162 3151 ι

2010 2022 2177 2060 unum
2219 2006 2418 2060 forent.
2453 2007 2563 2059 Aut
2596 2005 2742 2059 enim
2779 2011 2936 2057 actus
2965 2001 3273 2065 duntaxat,
3305 2006 3401 2051 aut
3440 1995 3591 2049 mlle

2011 2100 2173 2154 modo
2206 2108 2361 2154 actus
2394 2108 2566 2154 esset.
2597 2082 2757 2164 Quod
2791 2097 2836 2149 si
2878 2095 3003 2165 quis
3049 2094 3257 2162 absque
3296 2076 3447 2153 actu,
3493 2102 3588 2142 seu

2008 2192 2353 2261 operatione,
2391 2178 2757 2245 substantiam
2777 2202 2899 2243 esse
2929 2184 3150 2248 dixerit,
3180 2193 3309 2237 tunc
3332 2180 3591 2236 substan-

2013 2285 2110 2350 tia,
2141 2299 2265 2354 qute
2301 2282 2629 2354 principium
2663 2290 2768 2345 est,
2803 2281 2859 2334 itt
2895 2278 3081 2347 aliquo
3099 2274 3317 2329 deﬁciet
3339 2291 3352 2336 ;
3376 2283 3441 2326 et
3470 2288 3592 2341 qure

2009 2376 2256 2429 omnium
2303 2383 2390 2431 est
2425 2373 2828 2445 perfectissima
2853 2411 2870 2435 ,
2929 2369 3039 2425 erit
3095 2366 3439 2438 imperfecta.
3470 2364 3589 2419 Jaat

2012 2480 2142 2519 vero
2168 2464 2215 2519 si
2247 2464 2371 2534 quis
2414 2465 2468 2519 ei
2510 2463 2837 2518 substantiae
2871 2468 3054 2515 actum
3083 2455 3180 2516 séu
3214 2456 3589 2527 operationem

2009 2557 2192 2622 addat,
2222 2571 2333 2610 non
2358 2564 2545 2610 servat
2565 2555 2866 2618 unitatem;
2900 2552 2994 2608 sed
3018 2552 3189 2607 hocce
3220 2548 3592 2603 additamenta

2010 2648 2368 2703 substantiam
2404 2647 2701 2701 imminuit.
2738 2645 2797 2700 Si
2854 2660 2986 2715 ergo
3020 2651 3173 2698 actus
3205 2641 3502 2712 perfectior
3523 2638 3592 2692 sit

2008 2738 2341 2801 substantia,
2379 2749 2435 2791 et
2462 2738 2686 2793 aliunde
2719 2736 2862 2805 quod
2902 2734 3137 2804 primunt
3166 2740 3269 2798 est,
3299 2727 3430 2783 illud
3459 2741 3591 2796 quo-

2008 2844 2117 2898 que
2149 2826 2222 2882 sit
2255 2828 2554 2898 perfectius
2578 2870 2595 2895 ,
2652 2830 2901 2897 sequitur
2955 2834 3136 2880 actum
3169 2836 3290 2878 esse
3318 2819 3447 2889 qttid
3479 2818 3593 2889 pri-

2011 2934 2182 2975 mum.
2218 2919 2390 2975 Actus
2424 2930 2608 2975 autem
2644 2918 2972 2974 substantia:
3020 2931 3131 2970 non
3168 2913 3475 2969 inserviens
3512 2925 3588 2966 BSt

2010 3029 2147 3084 pure
2196 3014 2360 3069 liber.
2410 3012 2482 3068 Et
2526 3013 2607 3069 sic
2643 3014 2761 3083 ipse
2809 3028 2840 3066 a
2895 3024 2952 3065 se
2988 3010 3108 3080 ipso
3144 3009 3290 3062 Deus
3321 3013 3443 3071 est,
3478 3005 3593 3059 sive

2009 3105 2370 3159 substantiam
2435 3105 2625 3170 dicas,
2689 3106 2804 3159 sive
2859 3110 3065 3156 actum.
3116 3099 3230 3156 Nec
3286 3097 3434 3153 enim
3485 3095 3595 3149 duo

335 3198 483 3247 sunt.
534 3190 630 3255 sed
666 3206 835 3246 unum
882 3191 1036 3262 quid.
1095 3191 1165 3254 Et
1232 3208 1364 3248 vero
1422 3193 1699 3264 quomodo
1749 3193 1941 3248 volitio
1979 3197 2305 3265 procederet
2343 3212 2374 3251 a
2423 3197 2752 3259 substantia,
2791 3194 3009 3264 1089
3051 3206 3174 3263 qua:
3205 3198 3331 3245 actu
3395 3195 3448 3242 et
3486 3186 3597 3240 αἶ’-

336 3281 489 3336 cacia
523 3282 777 3338 careret?
816 3281 958 3354 Ergo
1010 3284 1145 3339 nihil
1187 3282 1337 3340 aliud
1369 3293 1454 3340 est
1506 3294 1664 3340 actus
1712 3297 1910 3354 praeter
1947 3285 2335 3344 substantiam.

2415 3287 2603 3357 Itaque
2634 3297 2829 3341 natura
2882 3285 3136 3354 simplex,
3171 3291 3228 3337 et
3291 3288 3448 3335 actus
3477 3279 3594 3331 uni-

337 3388 458 3439 cus,
496 3374 550 3428 in
578 3391 687 3445 quo
711 3377 857 3430 aliud
884 3391 994 3431 non
1029 3384 1112 3432 est
1140 3393 1263 3434 esse
1293 3379 1348 3433 in
1383 3380 1647 3448 potentia,
1674 3388 1730 3433 et
1796 3380 1944 3444 aliud
1985 3396 2106 3439 esse
2149 3384 2203 3437 in
2271 3394 2396 3440 actu
2424 3426 2439 3449 ,
2491 3382 2768 3454 quomodo
2800 3396 2910 3436 non
2946 3381 3053 3433 erit
3084 3376 3268 3433 liber?
3296 3376 3409 3431 Nec
3447 3372 3593 3428 enim

336 3467 617 3522 diceretur
639 3468 781 3523 Deus
809 3483 873 3524 ex
914 3477 1110 3525 natura
1145 3486 1243 3527 sua
1265 3486 1386 3527 esse
1417 3472 1473 3527 in
1537 3481 1684 3540 actu,
1717 3472 1762 3528 si
1822 3473 1970 3531 aliud
2010 3487 2158 3533 esset
2206 3477 2381 3549 ipsius
2413 3478 2738 3541 substantia,
2797 3486 2852 3531 et
2898 3472 3044 3529 aliud
3076 3478 3230 3527 actus
3262 3484 3357 3525 seu
3403 3481 3596 3538 operae

336 3557 435 3613 tio.
470 3578 491 3612 ι

407 3653 482 3709 Ζ¹.
512 3656 651 3728 Φησὶ
678 3655 1276 3729 δὲικαὶἌριστοτέλης,
1305 3658 1386 3712 ὅτι
1415 3678 1435 3711 ι
1458 3660 1537 3712 Τὸ
1565 3660 1624 3726 ἐξ
1653 3658 1905 3730 ἀνάγκης

2081 3663 2195 3719 γη.
2226 3663 2550 3719 Aristoteles
2583 3663 2748 3717 etiam
2796 3660 2871 3714 ita
2905 3658 3194 3727 loquitur:
3234 3668 3255 3704 ι
3300 3646 3459 3719 ρυοὲι
3500 3667 3597 3702 nc-

331 3746 396 3802 ὃν
419 3749 543 3802 κατ’
575 3747 859 3819 ὲνέργειάν
899 3749 1018 3802 ὶστι
1059 3751 1155 3802 καὶ
1184 3749 1356 3803 ἀΐδιον
1399 3751 1496 3803 καὶ
1526 3750 1699 3820 χωρὶς
1747 3749 1911 3802 δυνά-

340 3857 488 3911 μεως
517 3840 654 3912 (Ἡ),
695 3842 874 3895 είτουν
903 3840 1285 3912 αὐτοενέργεια
1325 3842 1420 3895 καὶ
1451 3841 1644 3915 πρώτη
1669 3841 1846 3896 οὐσία.
1886 3858 1906 3893 t

335 3933 449 3986 Καὶ
507 3931 743 4002 ἀλλαχοῦ
767 3946 782 3962 ο
829 3948 851 3984 ι
907 3931 1174 3985 Ἕκαστον
1221 3931 1329 3986 τῶν
1370 3931 1561 3997 ὄντων,
1619 3926 1695 3987 ὧν
1751 3930 1912 4002 ἔργον

335 4025 390 4078 τί
419 4027 585 4090 ἐστιν,
618 4025 736 4095 ἦτοι
759 4025 1035 4094 ἐνέργεια,
1063 4023 1230 4077 ἕνεκα
1255 4023 1350 4077 τυῦ
1370 4023 1533 4093 ἔργον
1565 4022 1734 4083 αὐτοῦ
1770 4025 1909 4078 ἐστι.

336 4117 475 4170 Θεοῦ
514 4118 561 4171 δ’
581 4117 834 4187 ἐνέργειά
870 4117 1019 4177 ἐστιν
1058 4113 1328 4170 ἀθανασία
1350 4157 1365 4180 ,
1395 4116 1531 4187 ὅπερ
1564 4118 1682 4169 ἐστὶ
1713 4115 1913 4169 ταυτὸν

338 4211 517 4263 εἰπεῖν
542 4209 654 4280 ζωὴ
689 4208 859 4271 ἀΐδιος
884 4223 902 4243 ο
937 4205 1079 4260 ὥστε
1126 4208 1345 4279 ἀνάγκη
1391 4208 1483 4260 τὸν
1531 4207 1665 4261 Θεὸν
1697 4207 1913 4277 κίνησιν

339 4302 509 4357 ἀΐδιον
566 4302 872 4373 ὑπάρχειν,
924 4302 1102 4356 εῐτουν
1156 4301 1463 4371 ἐνέργειαν.
1523 4317 1542 4351 ι
1611 4299 1776 4370 Ὁρᾷς
1815 4299 1913 4363 τὰς

340 4394 647 4467 μαρτυρίας
673 4433 689 4460 ,
728 4396 826 4448 σὺν
854 4395 1164 4463 ἐπιστήμης
1213 4392 1408 4464 εὐροίᾳ
1471 4391 1910 4464 προενεχθείσας,

339 4489 433 4542 καὶ
490 4489 622 4558 ὅσην
667 4485 996 4558 αὐτόχρημα
1060 4487 1173 4549 τοῖς
1226 4487 1359 4556 περὶ
1408 4485 1546 4539 Θεοῦ
1599 4484 1914 4553 λεγομένοις

342 4578 431 4650 [Ρ.
485 4577 614 4650 6841
669 4578 807 4650 πρὸς
862 4580 972 4631 τῶν
1008 4579 1189 4647 σοφῶν
1232 4577 1570 4632 διδασκάλων
1610 4576 1769 4647 ἡμῶν
1823 4577 1915 4629 καὶ

342 4675 647 4743 φωστήρων
686 4670 785 4741 τῆς
820 4669 1147 4739 Ἐκκλησίας
1190 4663 1298 4740 τὴν
1321 4671 1643 4738 συμφωνίαν
1677 4669 1911 4738 ἔχουσιν·

340 4763 419 4827 ὼς
447 4763 643 4816 ταυτὸν
673 4763 763 4813 ἐπὶ
797 4760 932 4813 Θεοῦ
981 4761 1170 4828 σαφῶς
1206 4759 1362 4813 οὐσία
1407 4776 1465 4812 τε
1513 4760 1605 4810 καὶ
1641 4760 1913 4826 ἐνέργεια.

345 4854 512 4926 μηδὲν
542 4853 793 4923 οὐδαμῶς
822 4851 1173 4925 διαφέροντου
1202 4852 1453 4921 καθάπερ
1480 4853 1575 4902 καὶ
1608 4851 1742 4918 ἡμῖν
1775 4849 1918 4902 άνω-

244 4968 255 4976 ‘
339 4948 486 5016 τέρω
527 4945 788 5000 λαϐοῦσιν
836 4947 915 5008 είς
975 4946 1149 5014 μῆκος
1187 4942 1494 4996 ὲκτὲθειται
1525 4957 1539 4972 ο
1590 4939 1914 4993 Ἀθανασίου

2016 3756 2261 3812 eessario
2280 3764 2383 3820 est,
2418 3763 2544 3811 actu
2575 3762 2660 3808 est
2691 3760 2748 3808 et
2774 3762 3045 3806 aeternum
3069 3760 3123 3803 et
3152 3747 3360 3813 absque
3396 3753 3593 3813 poten-

2018 3848 2272 3912 tialitate,
2310 3860 2407 3901 seu
2460 3845 2644 3915 potius
2680 3852 2764 3898 est
2811 3857 2877 3896 ex
2923 3847 3122 3894 natura
3180 3851 3278 3891 sua
3310 3842 3368 3888 et
3411 3848 3506 3902 per
3535 3847 3595 3887 se

2016 3948 2171 3993 actus
2201 3936 2327 3990 sive.
2344 3934 2613 4005 operatio,
2641 3943 2696 3987 et
2724 3931 2901 4001 prima
2928 3927 3258 3982 substantia.
3283 3942 3300 3975 ι
3332 3923 3399 3977 Ει
3419 3919 3549 3974 alibi
3576 3935 3592 3979 :

2020 4049 2040 4083 ι
2078 4026 2525 4097 Unumquodque
2551 4023 2787 4084 etutium,
2828 4035 3062 4090 quorum
3098 4026 3185 4073 est
3208 4014 3427 4085 aliquo’d
3456 4027 3595 4082 opus

2016 4117 2332 4190 proprium.
2384 4131 2483 4172 seu
2529 4115 2801 4185 Operatio,
2839 4122 2927 4168 est
2980 4119 3206 4181 propter
3236 4124 3397 4163 suum
3432 4121 3592 4177 opus.

2018 4211 2185 4265 Porro
2222 4207 2318 4262 Dei
2350 4205 2601 4276 operatio
2657 4213 2742 4259 est
2781 4201 3207 4263 immortalitas;
3245 4196 3393 4268 quod
3432 4196 3592 4250 idem

2017 4310 2101 4357 est
2132 4316 2196 4355 ac
2226 4299 2275 4354 si
2306 4298 2480 4361 dicas,
2512 4304 2598 4352 est
2635 4295 2747 4349 vita
2788 4305 2995 4348 aeterna
3045 4311 3058 4347 :
3104 4293 3179 4347 ita
3216 4299 3276 4345 ut
3328 4289 3471 4342 Deus
3500 4302 3597 4339 nes

2016 4382 2258 4439 cessario
2288 4382 2361 4436 sit
2405 4390 2606 4435 uterna
2663 4378 2835 4432 motio
2898 4391 2994 4430 seu
3043 4375 3312 4445 operatio.
3367 4390 3387 4424 ι
3434 4370 3597 4423 Vides

2019 4475 2333 4533 testimonia
2362 4511 2376 4537 ,
2416 4471 2543 4528 cum
2604 4470 2748 4525 facili
2811 4467 3178 4538 expeditaque
3211 4463 3456 4534 scientia
3488 4461 3598 4531 hue

2017 4585 2194 4639 usque
2232 4570 2467 4640 prolata.
2512 4565 2705 4621 Cernis
2750 4572 3015 4634 quantum
3067 4574 3124 4614 re
3181 4559 3298 4628 ipsa
3354 4570 3595 4620 consona

2017 4666 2132 4720 sint
2162 4664 2231 4718 iis
2277 4678 2399 4733 quae
2430 4660 2709 4730 sapientes
2756 4655 2930 4711 nostri
2968 4655 3223 4708 dnctmes
3256 4661 3311 4706 et
3342 4647 3595 4703 Ecclesia:

2018 4756 2228 4809 lumina
2269 4754 2338 4807 de
2372 4753 2485 4806 Deo
2517 4751 2822 4814 disserunt;
2866 4760 3059 4814 nempe
3086 4746 3137 4796 in
3199 4744 3307 4795 Deo
3338 4741 3595 4794 substan-

2022 4848 2154 4900 tiam
2185 4852 2241 4899 et
2280 4850 2502 4905 aetum,
2544 4854 2643 4894 seu
2701 4837 3101 4906 Operationcm,
3151 4846 3273 4887 esse
3307 4831 3595 4893 manifeste

2023 4953 2193 4994 unum
2221 4936 2354 5006 quid
2381 4974 2395 4997 ,
2430 4948 2532 4988 nec
2583 4933 2859 4986 ullatenus
2886 4945 2915 4983 a
2951 4944 3009 4983 se
3044 4926 3280 4980 invicem
3333 4922 3593 4977 diiierre:

343 5007 508 5111 φημὶ,
539 5038 842 5102 Βασιλείου,
873 5007 1169 5107 Κυρίλλου,
1220 5037 1316 5090 καὶ
1361 5033 1659 5102 Θεοδώρου,
1687 5033 1781 5085 τοῦ
1821 5031 1908 5102 τὴκ

2027 5026 2487 5098 quemadmodum
2521 5031 2578 5076 et
2607 5035 2772 5090 supra
2805 5019 2981 5074 fusius
3011 5016 3387 5086 exposuimus.
3427 5011 3595 5065 Porro

343 5100 727 5203 εἰὲοκμομαχίαν
777 5100 1070 5191 ἐλάσαντος
1128 5128 1463 5195 σοφωτάτοις
1509 5100 1573 5180 ta
1614 5126 1780 5196 μέσου
1829 5100 1908 5175 λό-

2022 5133 2146 5174 eunt
2197 5116 2478 5185 sapientes
2527 5123 2746 5167 nostros
2794 5109 3051 5165 doctores
3110 5107 3272 5167 dico,
3302 5100 3498 5170 loquor
3527 5100 3594 5159 de

345 5244 484 5295 γοις,
516 5193 912 5303 ῶςηἊοηναῖοι
943 5224 1111 5279 πάλαι
1138 5193 1504 5276 ’τὸ-Κυλώνιον
1546 5193 1676 5289 ἄγος
1712 5217 1827 5288 (72)
1866 5215 1908 5269 ὲί

2022 5210 2231 5268 sanctis
2276 5204 2578 5261 Athanasio
2598 5245 2613 5272 ,
2650 5203 2854 5258 Basilio
2876 5241 2891 5267 ,
2941 5199 3146 5285 Cyrillo
3184 5205 3241 5252 et
3268 5193 3559 5264 Theodore
3580 5232 3594 5257 ,

1694 5332 2035 5393 Vat-iurum
2068 5336 2255 5390 notae.

422 5441 533 5510 (7|)
563 5439 762 5510 Absque
814 5436 1219 5510 potentialitale.
1258 5433 1475 5510 Nostri‘
1498 5435 1578 5487 sic
1605 5434 1657 5488 in
1713 5432 1916 5510 scholis

347 5501 686 5580 loquuntur;
719 5501 826 5562 non
858 5507 1005 5577 quod
1037 5505 1421 5580 itttpo'tetts_sit
1446 5504 1609 5568 Deus,
1641 5501 1911 5580 sedquod

346 5573 453 5636 non
492 5573 686 5634 habent
724 5573 926 5632 ttterain
960 5573 1254 5644 potentiam
1288 5575 1358 5635 ab
1415 5585 1535 5628 actu
1568 5589 1668 5629 suo
1720 5573 1916 5626 distin-

345 5663 489 5705 ctam
516 5661 567 5705 et
603 5658 929 5718 separatam.
954 5647 1281 5718 capessens.

421 5722 534 5789 (Ἱὲ)
567 5712 799 5789 ϐῃίοηὶιιν
822 5718 977 5771 cn'dis
1007 5717 1199 5771 labent.
1225 5716 1361 5789 Cylo
1390 5712 1916 5789 ithlljS‘Alitttllit‘n-

347 5783 445 5847 sis.
471 5783 526 5843 et
557 5783 946 5858 in'Oiyutpieis
979 5788 1173 5858 victor,
1227 5783 1290 5840 ei
1341 5786 1469 5839 falsa
1516 5783 1759 5850 Delphici
1798 5798 1920 5858 ora-

350 5860 463 5920 culi
511 5857 963 5926 interpretatione
1000 5857 1336 5911 Athenarum
1383 5869 1563 5910 arcem
1607 5857 1917 5916 occupavit,

2024 5439 2281 5498 tauquam
2318 5435 2606 5499 tyrannum
2639 5430 2899 5499 acturus.
2955 5421 3089 5489 Tum
3124 5414 3596 5499 Atltettieuses‘ip-

2014 5486 2392 5567 smn'cjusqde
2417 5496 2599 5567 socios
2638 5494 2711 5567 ibi
2732 5486 2990 5567 'obscssos
3019 5486 3427 5567 oppugnarunt.
3452 5486 3594 5567 fiyio

2015 5554 2213 5623 autem.
2235 5554 2434 5636 et'ejtts
2466 5566 2636 5636 frater
2665 5566 2802 5636 clam
2834 5554 3199 5630 aufugerunt}
3229 5557 3412 5636 eteteri
3450 5554 3592 5607 fame

2016 5634 2357 5705 consumpti,
2409 5635 2685 5705 supplices
2737 5634 2813 5705 ad
2857 5648 3005 5705 arant
3044 5635 3325 5705 qutecrat
3357 5634 3408 5678 in
3467 5640 3594 5705 arce

2018 5699 2408 5776 confuge-runt.
2451 5699 2555 5760 Sed
2604 5720 2700 5758 eos
2728 5704 2852 5756 inde
2877 5699 3151 5776 abductos
3185 5700 3595 5776 ⁸ἱιιιιινςςὶριιιεῑριει

2020 5779 2053 5831 ii
2091 5764 2292 5846 quibus
2323 5776 2616 5829 commissa
2655 5776 2770 5828 eral
2806 5772 2956 5824 urbis
3002 5769 3273 5846 custodia.
3311 5764 3591 5846 Quosdam

2019 5837 2185 5903 etiam
2216 5850 2267 5901 in
2302 5847 2422 5914 ipso
2457 5846 2687 5900 transitu
2720 5855 2773 5897 et
2814 5846 2983 5909 prope
3012 5838 3242 5893 deorum
3278 5837 3469 5891 altaria
3499 5847 3592 5888 se.
