  <div class='ocr_page' id='page_1' title='image "/cluster/home/n/w/nwhite01/storage/ocr_20150623/148:no.1/coo.31924054870534/693.png"; bbox 0 0 4016 6540; ppageno 0'>
   <div class='ocr_carea' id='block_1_1' title="bbox 475 420 2061 506">
    <p class='ocr_par' dir='ltr' id='par_1_1' title="bbox 475 420 2061 500">
     <span class='ocr_line' id='line_1_1' title="bbox 475 420 2061 500; baseline -0.004 -5"><span class='ocrx_word' id='word_1_1' title='bbox 475 433 611 496; x_wconf 71' lang='lat'><strong>1375</strong></span> <span class='ocrx_word' id='word_1_2' title='bbox 760 428 835 500; x_wconf 57' lang='lat' dir='ltr'><strong>ta.</strong></span> <span class='ocrx_word' id='word_1_3' title='bbox 882 442 939 482; x_wconf 72' lang='grc' dir='ltr'>ιι.</span> <span class='ocrx_word' id='word_1_4' title='bbox 976 420 1137 491; x_wconf 79' lang='lat'><strong>6859;</strong></span> <span class='ocrx_word' id='word_1_5' title='bbox 1175 439 1285 480; x_wconf 67' lang='grc' dir='ltr'><strong>ων·</strong></span> <span class='ocrx_word' id='word_1_6' title='bbox 1322 422 1383 497; x_wconf 73' lang='grc'><strong>4]</strong></span> <span class='ocrx_word' id='word_1_7' title='bbox 1667 427 2061 490; x_wconf 83' lang='lat' dir='ltr'><strong>NICEPHOR</strong></span> 
     </span>
    </p>
   </div>
   <div class='ocr_carea' id='block_1_2' title="bbox 2116 420 3702 506">
    <p class='ocr_par' dir='ltr' id='par_1_2' title="bbox 2137 426 3702 506">
     <span class='ocr_line' id='line_1_2' title="bbox 2137 426 3702 506; baseline 0.01 -31"><span class='ocrx_word' id='word_1_8' title='bbox 2137 428 2527 490; x_wconf 70' lang='lat' dir='ltr'><strong>GREQOR/E</strong></span> <span class='ocrx_word' id='word_1_9' title='bbox 2834 426 2969 499; x_wconf 70' lang='grc' dir='ltr'>[ιιιιν.</span> <span class='ocrx_word' id='word_1_10' title='bbox 3010 445 3053 483; x_wconf 70' lang='grc' dir='ltr'>ι.</span> <span class='ocrx_word' id='word_1_11' title='bbox 3096 441 3381 488; x_wconf 67' lang='grc' dir='ltr'>οιιιιτριουῑ.</span> <span class='ocrx_word' id='word_1_12' title='bbox 3425 430 3482 506; x_wconf 79' lang='lat'><strong>5]</strong></span> <span class='ocrx_word' id='word_1_13' title='bbox 3588 437 3702 506; x_wconf 73' lang='lat'><strong>1375</strong></span> 
     </span>
    </p>
   </div>
   <div class='ocr_carea' id='block_1_3' title="bbox 474 544 2060 626">
    <p class='ocr_par' dir='ltr' id='par_1_3' title="bbox 474 544 2060 623">
     <span class='ocr_line' id='line_1_3' title="bbox 474 544 2060 623; baseline -0.007 -13"><span class='ocrx_word' id='word_1_14' title='bbox 474 556 663 623; x_wconf 76' lang='lat' dir='ltr'><strong>dignm</strong></span> <span class='ocrx_word' id='word_1_15' title='bbox 691 562 800 619; x_wconf 90' lang='lat' dir='ltr'><strong>est,</strong></span> <span class='ocrx_word' id='word_1_16' title='bbox 822 549 1029 621; x_wconf 85' lang='lat' dir='ltr'><strong>indiget</strong></span> <span class='ocrx_word' id='word_1_17' title='bbox 1057 554 1333 620; x_wconf 75' lang='lat' dir='ltr'><strong>quatenus</strong></span> <span class='ocrx_word' id='word_1_18' title='bbox 1366 544 1928 617; x_wconf 84' lang='lat' dir='ltr'><strong>principiicupidium</strong></span> <span class='ocrx_word' id='word_1_19' title='bbox 1956 553 2060 601; x_wconf 87' lang='lat' dir='ltr'><strong>est.</strong></span> 
     </span>
    </p>
   </div>
   <div class='ocr_carea' id='block_1_4' title="bbox 2120 544 3706 626">
    <p class='ocr_par' dir='ltr' id='par_1_4' title="bbox 2120 546 3706 626">
     <span class='ocr_line' id='line_1_4' title="bbox 2120 546 3706 626; baseline 0.008 -28"><span class='ocrx_word' id='word_1_20' title='bbox 2120 546 2267 608; x_wconf 62' lang='grc' dir='ltr'>ικαὶ</span> <span class='ocrx_word' id='word_1_21' title='bbox 2321 546 2430 617; x_wconf 80' lang='grc' dir='ltr'><strong>πρὸ</strong></span> <span class='ocrx_word' id='word_1_22' title='bbox 2487 548 2748 617; x_wconf 82' lang='grc' dir='ltr'><strong>νοήσεως.</strong></span> <span class='ocrx_word' id='word_1_23' title='bbox 2783 547 2852 603; x_wconf 84' lang='grc' dir='ltr'><strong>Ἦ</strong></span> <span class='ocrx_word' id='word_1_24' title='bbox 2901 550 3138 621; x_wconf 84' lang='grc' dir='ltr'><strong>νοήσεως</strong></span> <span class='ocrx_word' id='word_1_25' title='bbox 3182 551 3451 622; x_wconf 75' lang='grc' dir='ltr'>δεήσεται,</span> <span class='ocrx_word' id='word_1_26' title='bbox 3485 554 3567 608; x_wconf 77' lang='grc' dir='ltr'>ἵνα</span> <span class='ocrx_word' id='word_1_27' title='bbox 3610 557 3706 626; x_wconf 77' lang='grc' dir='ltr'><strong>γνῷ</strong></span> 
     </span>
    </p>
   </div>
   <div class='ocr_carea' id='block_1_5' title="bbox 475 637 2061 718">
    <p class='ocr_par' dir='ltr' id='par_1_5' title="bbox 475 639 2061 718">
     <span class='ocr_line' id='line_1_5' title="bbox 475 639 2061 718; baseline -0.008 -13"><span class='ocrx_word' id='word_1_28' title='bbox 475 651 533 705; x_wconf 87' lang='lat' dir='ltr'><strong>Si</strong></span> <span class='ocrx_word' id='word_1_29' title='bbox 563 662 697 718; x_wconf 85' lang='lat' dir='ltr'><strong>ergo</strong></span> <span class='ocrx_word' id='word_1_30' title='bbox 718 646 902 699; x_wconf 88' lang='lat' dir='ltr'><strong>unitas</strong></span> <span class='ocrx_word' id='word_1_31' title='bbox 941 652 1027 698; x_wconf 91' lang='lat' dir='ltr'><strong>est</strong></span> <span class='ocrx_word' id='word_1_32' title='bbox 1053 642 1261 712; x_wconf 81' lang='lat' dir='ltr'><strong>indiga,</strong></span> <span class='ocrx_word' id='word_1_33' title='bbox 1292 648 1379 696; x_wconf 89' lang='lat' dir='ltr'><strong>est</strong></span> <span class='ocrx_word' id='word_1_34' title='bbox 1414 639 1757 711; x_wconf 86' lang='lat' dir='ltr'><strong>hujusmodi,</strong></span> <span class='ocrx_word' id='word_1_35' title='bbox 1793 646 2061 707; x_wconf 78' lang='lat' dir='ltr'><strong>quatenus</strong></span> 
     </span>
    </p>
   </div>
   <div class='ocr_carea' id='block_1_6' title="bbox 2122 637 3708 718">
    <p class='ocr_par' dir='ltr' id='par_1_6' title="bbox 2164 637 3708 713">
     <span class='ocr_line' id='line_1_6' title="bbox 2164 637 3708 713; baseline 0.008 -24"><span class='ocrx_word' id='word_1_36' title='bbox 2164 637 2359 691; x_wconf 64' lang='grc' dir='ltr'>ἑαυτὸν</span> <span class='ocrx_word' id='word_1_37' title='bbox 2387 638 2417 690; x_wconf 82' lang='grc' dir='ltr'><strong>ὁ</strong></span> <span class='ocrx_word' id='word_1_38' title='bbox 2448 637 2734 710; x_wconf 81' lang='grc' dir='ltr'><strong>αὐτάρκης</strong></span> <span class='ocrx_word' id='word_1_39' title='bbox 2768 639 2969 709; x_wconf 81' lang='grc' dir='ltr'>ἑαυτῷ.</span> <span class='ocrx_word' id='word_1_40' title='bbox 2996 640 3202 711; x_wconf 84' lang='grc' dir='ltr'>Νόησις</span> <span class='ocrx_word' id='word_1_41' title='bbox 3237 643 3347 713; x_wconf 81' lang='grc' dir='ltr'>γὰρ</span> <span class='ocrx_word' id='word_1_42' title='bbox 3370 644 3433 697; x_wconf 78' lang='grc' dir='ltr'>οὐ</span> <span class='ocrx_word' id='word_1_43' title='bbox 3459 647 3582 712; x_wconf 78' lang='grc' dir='ltr'>νοεῖ,</span> <span class='ocrx_word' id='word_1_44' title='bbox 3614 648 3708 701; x_wconf 78' lang='grc' dir='ltr'>ἀλλ’</span> 
     </span>
    </p>
   </div>
   <div class='ocr_carea' id='block_1_7' title="bbox 477 729 2063 811">
    <p class='ocr_par' dir='ltr' id='par_1_7' title="bbox 477 729 2063 811">
     <span class='ocr_line' id='line_1_7' title="bbox 477 729 2063 811; baseline -0.005 -21"><span class='ocrx_word' id='word_1_45' title='bbox 477 740 676 811; x_wconf 73' lang='lat' dir='ltr'><strong>quaerit</strong></span> <span class='ocrx_word' id='word_1_46' title='bbox 735 753 847 792; x_wconf 93' lang='lat' dir='ltr'><strong>non</strong></span> <span class='ocrx_word' id='word_1_47' title='bbox 899 735 1137 806; x_wconf 85' lang='lat' dir='ltr'><strong>amplius</strong></span> <span class='ocrx_word' id='word_1_48' title='bbox 1190 748 1315 789; x_wconf 88' lang='lat' dir='ltr'><strong>esse</strong></span> <span class='ocrx_word' id='word_1_49' title='bbox 1351 747 1523 787; x_wconf 91' lang='lat' dir='ltr'><strong>unum</strong></span> <span class='ocrx_word' id='word_1_50' title='bbox 1556 730 1691 801; x_wconf 87' lang='lat' dir='ltr'><strong>quid</strong></span> <span class='ocrx_word' id='word_1_51' title='bbox 1723 747 1738 782; x_wconf 87' lang='lat'><strong>:</strong></span> <span class='ocrx_word' id='word_1_52' title='bbox 1770 740 1827 785; x_wconf 91' lang='lat' dir='ltr'><strong>et</strong></span> <span class='ocrx_word' id='word_1_53' title='bbox 1853 730 1933 784; x_wconf 89' lang='lat' dir='ltr'><strong>sic</strong></span> <span class='ocrx_word' id='word_1_54' title='bbox 1961 729 2063 783; x_wconf 87' lang='lat' dir='ltr'><strong>erit</strong></span> 
     </span>
    </p>
   </div>
   <div class='ocr_carea' id='block_1_8' title="bbox 2125 729 3711 811">
    <p class='ocr_par' dir='ltr' id='par_1_8' title="bbox 2163 730 3711 807">
     <span class='ocr_line' id='line_1_8' title="bbox 2163 730 3711 807; baseline 0.005 -22"><span class='ocrx_word' id='word_1_55' title='bbox 2163 730 2315 786; x_wconf 80' lang='grc' dir='ltr'>αἰτία</span> <span class='ocrx_word' id='word_1_56' title='bbox 2361 730 2458 785; x_wconf 80' lang='grc' dir='ltr'><strong>τοῦ</strong></span> <span class='ocrx_word' id='word_1_57' title='bbox 2499 733 2644 787; x_wconf 79' lang='grc' dir='ltr'>νοεῖν</span> <span class='ocrx_word' id='word_1_58' title='bbox 2698 730 2863 803; x_wconf 75' lang='grc' dir='ltr'>ἄλλῳ.</span> <span class='ocrx_word' id='word_1_59' title='bbox 2895 733 2970 787; x_wconf 70' lang='lat' dir='ltr'><strong>To</strong></span> <span class='ocrx_word' id='word_1_60' title='bbox 3012 733 3058 786; x_wconf 80' lang='grc' dir='ltr'>δ’</span> <span class='ocrx_word' id='word_1_61' title='bbox 3107 735 3278 789; x_wconf 73' lang='grc' dir='ltr'>αἴτιον</span> <span class='ocrx_word' id='word_1_62' title='bbox 3321 737 3382 789; x_wconf 83' lang='grc' dir='ltr'>οὐ</span> <span class='ocrx_word' id='word_1_63' title='bbox 3424 739 3608 796; x_wconf 80' lang='grc' dir='ltr'>ταυτὸν</span> <span class='ocrx_word' id='word_1_64' title='bbox 3646 739 3711 807; x_wconf 81' lang='grc' dir='ltr'><strong>τῷ</strong></span> 
     </span>
    </p>
   </div>
   <div class='ocr_carea' id='block_1_9' title="bbox 478 819 2064 898">
    <p class='ocr_par' dir='ltr' id='par_1_9' title="bbox 478 821 2064 898">
     <span class='ocr_line' id='line_1_9' title="bbox 478 821 2064 898; baseline -0.006 -13"><span class='ocrx_word' id='word_1_65' title='bbox 478 831 628 885; x_wconf 88' lang='lat' dir='ltr'><strong>illius</strong></span> <span class='ocrx_word' id='word_1_66' title='bbox 681 828 888 898; x_wconf 71' lang='lat' dir='ltr'><strong>indiga,</strong></span> <span class='ocrx_word' id='word_1_67' title='bbox 921 826 1069 896; x_wconf 82' lang='lat' dir='ltr'><strong>quod</strong></span> <span class='ocrx_word' id='word_1_68' title='bbox 1112 825 1187 880; x_wconf 88' lang='lat' dir='ltr'><strong>sit</strong></span> <span class='ocrx_word' id='word_1_69' title='bbox 1219 825 1394 894; x_wconf 84' lang='lat' dir='ltr'><strong>ipsam</strong></span> <span class='ocrx_word' id='word_1_70' title='bbox 1425 832 1843 892; x_wconf 89' lang='lat' dir='ltr'><strong>corrupturum.</strong></span> <span class='ocrx_word' id='word_1_71' title='bbox 1873 821 2064 891; x_wconf 79' lang='lat' dir='ltr'><strong>Itaque</strong></span> 
     </span>
    </p>
   </div>
   <div class='ocr_carea' id='block_1_10' title="bbox 2124 819 3710 898">
    <p class='ocr_par' dir='ltr' id='par_1_10' title="bbox 2162 819 3710 895">
     <span class='ocr_line' id='line_1_10' title="bbox 2162 819 3710 895; baseline 0.006 -18"><span class='ocrx_word' id='word_1_72' title='bbox 2162 823 2415 895; x_wconf 82' lang='grc' dir='ltr'>αίτιατῷ.</span> <span class='ocrx_word' id='word_1_73' title='bbox 2453 823 2525 878; x_wconf 83' lang='grc' dir='ltr'>Τδ</span> <span class='ocrx_word' id='word_1_74' title='bbox 2558 824 2617 879; x_wconf 75' lang='grc' dir='ltr'>δὲ</span> <span class='ocrx_word' id='word_1_75' title='bbox 2668 825 2895 879; x_wconf 81' lang='grc' dir='ltr'>πάντων</span> <span class='ocrx_word' id='word_1_76' title='bbox 2934 824 3111 879; x_wconf 75' lang='grc' dir='ltr'>αἴτιον</span> <span class='ocrx_word' id='word_1_77' title='bbox 3138 819 3466 890; x_wconf 74' lang='grc' dir='ltr'>οὐδέν,ἔστιν</span> <span class='ocrx_word' id='word_1_78' title='bbox 3493 830 3710 889; x_wconf 70' lang='grc' dir='ltr'>ἐκείνων.</span> 
     </span>
    </p>
   </div>
   <div class='ocr_carea' id='block_1_11' title="bbox 478 914 2064 991">
    <p class='ocr_par' dir='ltr' id='par_1_11' title="bbox 478 916 2064 978">
     <span class='ocr_line' id='line_1_11' title="bbox 478 916 2064 978; baseline -0.006 -1"><span class='ocrx_word' id='word_1_79' title='bbox 478 923 676 978; x_wconf 89' lang='lat' dir='ltr'><strong>unitati</strong></span> <span class='ocrx_word' id='word_1_80' title='bbox 707 922 845 977; x_wconf 81' lang='lat' dir='ltr'><strong>nihil</strong></span> <span class='ocrx_word' id='word_1_81' title='bbox 875 930 962 976; x_wconf 86' lang='lat' dir='ltr'><strong>est</strong></span> <span class='ocrx_word' id='word_1_82' title='bbox 995 919 1230 975; x_wconf 91' lang='lat' dir='ltr'><strong>bonum.</strong></span> <span class='ocrx_word' id='word_1_83' title='bbox 1258 917 1496 973; x_wconf 85' lang='lat' dir='ltr'><strong>Proinde</strong></span> <span class='ocrx_word' id='word_1_84' title='bbox 1528 932 1630 972; x_wconf 89' lang='lat' dir='ltr'><strong>nec</strong></span> <span class='ocrx_word' id='word_1_85' title='bbox 1662 916 1830 970; x_wconf 89' lang='lat' dir='ltr'><strong>ullius</strong></span> <span class='ocrx_word' id='word_1_86' title='bbox 1860 916 1940 969; x_wconf 87' lang='lat' dir='ltr'><strong>rei</strong></span> <span class='ocrx_word' id='word_1_87' title='bbox 1969 930 2064 969; x_wconf 77' lang='lat' dir='ltr'><strong>vo-</strong></span> 
     </span>
    </p>
   </div>
   <div class='ocr_carea' id='block_1_12' title="bbox 2127 914 3713 991">
    <p class='ocr_par' dir='ltr' id='par_1_12' title="bbox 2164 914 3713 991">
     <span class='ocr_line' id='line_1_12' title="bbox 2164 914 3713 991; baseline 0.005 -24"><span class='ocrx_word' id='word_1_88' title='bbox 2164 914 2241 968; x_wconf 76' lang='grc' dir='ltr'><strong>Οὑ</strong></span> <span class='ocrx_word' id='word_1_89' title='bbox 2287 914 2470 969; x_wconf 78' lang='grc' dir='ltr'><strong>τοίνυν</strong></span> <span class='ocrx_word' id='word_1_90' title='bbox 2521 916 2633 969; x_wconf 85' lang='grc' dir='ltr'>οὐδ’</span> <span class='ocrx_word' id='word_1_91' title='bbox 2681 915 2886 983; x_wconf 69' lang='grc' dir='ltr'>ἀγαθὸν</span> <span class='ocrx_word' id='word_1_92' title='bbox 2937 916 3159 971; x_wconf 73' lang='grc' dir='ltr'>λεκτέον</span> <span class='ocrx_word' id='word_1_93' title='bbox 3201 918 3362 972; x_wconf 81' lang='grc' dir='ltr'>τοῦτο</span> <span class='ocrx_word' id='word_1_94' title='bbox 3414 919 3443 972; x_wconf 82' lang='grc' dir='ltr'><strong>ὃ</strong></span> <span class='ocrx_word' id='word_1_95' title='bbox 3488 922 3713 991; x_wconf 77' lang='grc' dir='ltr'><strong>παρέχει,</strong></span> 
     </span>
    </p>
   </div>
   <div class='ocr_carea' id='block_1_13' title="bbox 476 1005 2062 1080">
    <p class='ocr_par' dir='ltr' id='par_1_13' title="bbox 476 1007 2062 1080">
     <span class='ocr_line' id='line_1_13' title="bbox 476 1007 2062 1080; baseline -0.006 -10"><span class='ocrx_word' id='word_1_96' title='bbox 476 1017 663 1070; x_wconf 88' lang='lat' dir='ltr'><strong>luntas</strong></span> <span class='ocrx_word' id='word_1_97' title='bbox 686 1016 737 1069; x_wconf 89' lang='lat' dir='ltr'><strong>ei</strong></span> <span class='ocrx_word' id='word_1_98' title='bbox 775 1022 899 1069; x_wconf 90' lang='lat' dir='ltr'><strong>est:</strong></span> <span class='ocrx_word' id='word_1_99' title='bbox 933 1012 1028 1068; x_wconf 89' lang='lat' dir='ltr'><strong>sed</strong></span> <span class='ocrx_word' id='word_1_100' title='bbox 1058 1021 1141 1066; x_wconf 87' lang='lat' dir='ltr'><strong>est</strong></span> <span class='ocrx_word' id='word_1_101' title='bbox 1171 1025 1336 1080; x_wconf 89' lang='lat' dir='ltr'><strong>supra</strong></span> <span class='ocrx_word' id='word_1_102' title='bbox 1371 1024 1591 1064; x_wconf 89' lang='lat' dir='ltr'><strong>omnem</strong></span> <span class='ocrx_word' id='word_1_103' title='bbox 1633 1007 1936 1064; x_wconf 78' lang='lat' dir='ltr'><strong>bonitatem</strong></span> <span class='ocrx_word' id='word_1_104' title='bbox 1962 1021 2062 1076; x_wconf 85' lang='lat' dir='ltr'><strong>po-</strong></span> 
     </span>
    </p>
   </div>
   <div class='ocr_carea' id='block_1_14' title="bbox 1912 1005 3498 1080">
    <p class='ocr_par' dir='ltr' id='par_1_14' title="bbox 1912 1005 3498 1079">
     <span class='ocr_line' id='line_1_14' title="bbox 1912 1005 3498 1079; baseline 0.002 -20"><span class='ocrx_word' id='word_1_105' title='bbox 1912 1022 1936 1059; x_wconf 88' lang='lat' dir='ltr'><strong>n</strong></span> <span class='ocrx_word' id='word_1_106' title='bbox 1962 1021 2063 1076; x_wconf 86' lang='lat' dir='ltr'><strong>po-</strong></span> <span class='ocrx_word' id='word_1_107' title='bbox 2161 1006 2280 1060; x_wconf 80' lang='grc' dir='ltr'>ἀλλ’</span> <span class='ocrx_word' id='word_1_108' title='bbox 2321 1005 2497 1069; x_wconf 78' lang='grc' dir='ltr'>ἄλλως</span> <span class='ocrx_word' id='word_1_109' title='bbox 2525 1005 2769 1076; x_wconf 76' lang='grc' dir='ltr'>τάγαθὸν</span> <span class='ocrx_word' id='word_1_110' title='bbox 2803 1006 2946 1079; x_wconf 66' lang='grc' dir='ltr'>ὑπὲρ</span> <span class='ocrx_word' id='word_1_111' title='bbox 2976 1006 3209 1062; x_wconf 75' lang='grc' dir='ltr'>τᾶοᾶλλα</span> <span class='ocrx_word' id='word_1_112' title='bbox 3245 1010 3447 1079; x_wconf 79' lang='grc' dir='ltr'><strong>ἀγαθά.</strong></span> <span class='ocrx_word' id='word_1_113' title='bbox 3480 1029 3498 1062; x_wconf 77' lang='grc' dir='ltr'><strong>ι</strong></span> 
     </span>
    </p>
   </div>
   <div class='ocr_carea' id='block_1_15' title="bbox 480 1099 3720 1176">
    <p class='ocr_par' dir='ltr' id='par_1_15' title="bbox 480 1099 3720 1176">
     <span class='ocr_line' id='line_1_15' title="bbox 480 1099 3720 1176; baseline -0.002 -12"><span class='ocrx_word' id='word_1_114' title='bbox 480 1109 610 1173; x_wconf 87' lang='lat' dir='ltr'><strong>sita,</strong></span> <span class='ocrx_word' id='word_1_115' title='bbox 660 1123 765 1162; x_wconf 89' lang='lat' dir='ltr'><strong>nec</strong></span> <span class='ocrx_word' id='word_1_116' title='bbox 796 1106 914 1176; x_wconf 89' lang='lat' dir='ltr'><strong>ipsa</strong></span> <span class='ocrx_word' id='word_1_117' title='bbox 950 1104 1059 1160; x_wconf 85' lang='lat' dir='ltr'><strong>sibi</strong></span> <span class='ocrx_word' id='word_1_118' title='bbox 1112 1103 1256 1159; x_wconf 90' lang='lat' dir='ltr'><strong>bona</strong></span> <span class='ocrx_word' id='word_1_119' title='bbox 1285 1111 1391 1170; x_wconf 89' lang='lat' dir='ltr'><strong>est,</strong></span> <span class='ocrx_word' id='word_1_120' title='bbox 1424 1118 1615 1158; x_wconf 86' lang='lat' dir='ltr'><strong>verum</strong></span> <span class='ocrx_word' id='word_1_121' title='bbox 1668 1101 1791 1157; x_wconf 91' lang='lat' dir='ltr'><strong>aliis</strong></span> <span class='ocrx_word' id='word_1_122' title='bbox 1814 1141 1830 1165; x_wconf 93' lang='lat'><strong>,</strong></span> <span class='ocrx_word' id='word_1_123' title='bbox 1896 1100 1942 1156; x_wconf 89' lang='lat' dir='ltr'><strong>si</strong></span> <span class='ocrx_word' id='word_1_124' title='bbox 2007 1099 2141 1171; x_wconf 91' lang='lat' dir='ltr'><strong>quid</strong></span> <span class='ocrx_word' id='word_1_125' title='bbox 2153 1101 2402 1167; x_wconf 68' lang='lat' dir='ltr'><strong>:tandem</strong></span> <span class='ocrx_word' id='word_1_126' title='bbox 2436 1100 2583 1156; x_wconf 88' lang='lat' dir='ltr'><strong>illius</strong></span> <span class='ocrx_word' id='word_1_127' title='bbox 2623 1101 2899 1172; x_wconf 78' lang='lat' dir='ltr'><strong>particeps</strong></span> <span class='ocrx_word' id='word_1_128' title='bbox 2940 1115 3064 1157; x_wconf 81' lang='lat' dir='ltr'><strong>esse</strong></span> <span class='ocrx_word' id='word_1_129' title='bbox 3096 1102 3285 1171; x_wconf 84' lang='lat' dir='ltr'><strong>possit.</strong></span> <span class='ocrx_word' id='word_1_130' title='bbox 3309 1103 3430 1159; x_wconf 86' lang='lat' dir='ltr'><strong>Non</strong></span> <span class='ocrx_word' id='word_1_131' title='bbox 3466 1112 3548 1159; x_wconf 88' lang='lat' dir='ltr'><strong>est</strong></span> <span class='ocrx_word' id='word_1_132' title='bbox 3577 1104 3720 1159; x_wconf 88' lang='lat' dir='ltr'><strong>etiam</strong></span> 
     </span>
    </p>
   </div>
   <div class='ocr_carea' id='block_1_16' title="bbox 477 1193 3723 1267">
    <p class='ocr_par' dir='ltr' id='par_1_16' title="bbox 477 1193 3723 1267">
     <span class='ocr_line' id='line_1_16' title="bbox 477 1193 3723 1267; baseline -0.001 -10"><span class='ocrx_word' id='word_1_133' title='bbox 477 1202 804 1266; x_wconf 87' lang='lat' dir='ltr'><strong>intellectio,</strong></span> <span class='ocrx_word' id='word_1_134' title='bbox 837 1215 906 1254; x_wconf 91' lang='lat' dir='ltr'><strong>ne</strong></span> <span class='ocrx_word' id='word_1_135' title='bbox 933 1199 1230 1254; x_wconf 77' lang='lat' dir='ltr'><strong>diversitas</strong></span> <span class='ocrx_word' id='word_1_136' title='bbox 1253 1198 1307 1252; x_wconf 90' lang='lat' dir='ltr'><strong>in</strong></span> <span class='ocrx_word' id='word_1_137' title='bbox 1333 1212 1403 1253; x_wconf 91' lang='lat' dir='ltr'><strong>eo</strong></span> <span class='ocrx_word' id='word_1_138' title='bbox 1426 1205 1713 1261; x_wconf 80' lang='lat' dir='ltr'><strong>occurrat;</strong></span> <span class='ocrx_word' id='word_1_139' title='bbox 1744 1209 1848 1251; x_wconf 91' lang='lat' dir='ltr'><strong>nec</strong></span> <span class='ocrx_word' id='word_1_140' title='bbox 1873 1195 2068 1261; x_wconf 88' lang='lat' dir='ltr'><strong>motio,</strong></span> <span class='ocrx_word' id='word_1_141' title='bbox 2109 1208 2237 1251; x_wconf 90' lang='lat' dir='ltr'><strong>cum</strong></span> <span class='ocrx_word' id='word_1_142' title='bbox 2272 1193 2498 1261; x_wconf 61' lang='lat' dir='ltr'><strong>sittante</strong></span> <span class='ocrx_word' id='word_1_143' title='bbox 2531 1195 2829 1267; x_wconf 80' lang='lat' dir='ltr'><strong>motionem</strong></span> <span class='ocrx_word' id='word_1_144' title='bbox 2898 1202 2956 1250; x_wconf 92' lang='lat' dir='ltr'><strong>et</strong></span> <span class='ocrx_word' id='word_1_145' title='bbox 3018 1194 3468 1264; x_wconf 86' lang='lat' dir='ltr'><strong>intellectionem,</strong></span> <span class='ocrx_word' id='word_1_146' title='bbox 3500 1200 3626 1254; x_wconf 87' lang='lat' dir='ltr'><strong>alias</strong></span> <span class='ocrx_word' id='word_1_147' title='bbox 3653 1199 3723 1254; x_wconf 89' lang='lat' dir='ltr'><strong>in-</strong></span> 
     </span>
    </p>
   </div>
   <div class='ocr_carea' id='block_1_17' title="bbox 480 1287 3722 1366">
    <p class='ocr_par' dir='ltr' id='par_1_17' title="bbox 480 1287 3722 1366">
     <span class='ocr_line' id='line_1_17' title="bbox 480 1287 3722 1366; baseline -0.001 -16"><span class='ocrx_word' id='word_1_148' title='bbox 480 1295 795 1351; x_wconf 89' lang='lat' dir='ltr'><strong>tellectione</strong></span> <span class='ocrx_word' id='word_1_149' title='bbox 831 1291 1136 1362; x_wconf 83' lang='lat' dir='ltr'><strong>indigebit,</strong></span> <span class='ocrx_word' id='word_1_150' title='bbox 1181 1298 1242 1345; x_wconf 93' lang='lat' dir='ltr'><strong>ut</strong></span> <span class='ocrx_word' id='word_1_151' title='bbox 1285 1304 1345 1345; x_wconf 89' lang='lat' dir='ltr'><strong>se</strong></span> <span class='ocrx_word' id='word_1_152' title='bbox 1398 1291 1577 1360; x_wconf 87' lang='lat' dir='ltr'><strong>ipsum</strong></span> <span class='ocrx_word' id='word_1_153' title='bbox 1624 1296 1940 1360; x_wconf 78' lang='lat' dir='ltr'><strong>cognoscat,</strong></span> <span class='ocrx_word' id='word_1_154' title='bbox 2001 1288 2099 1358; x_wconf 88' lang='lat' dir='ltr'><strong>qui</strong></span> <span class='ocrx_word' id='word_1_155' title='bbox 2138 1288 2246 1344; x_wconf 84' lang='lat' dir='ltr'><strong>sibi</strong></span> <span class='ocrx_word' id='word_1_156' title='bbox 2290 1287 2409 1357; x_wconf 87' lang='lat' dir='ltr'><strong>ipse</strong></span> <span class='ocrx_word' id='word_1_157' title='bbox 2480 1287 2702 1343; x_wconf 83' lang='lat' dir='ltr'><strong>suiﬁcit.</strong></span> <span class='ocrx_word' id='word_1_158' title='bbox 2742 1289 3049 1347; x_wconf 91' lang='lat' dir='ltr'><strong>lntellectio</strong></span> <span class='ocrx_word' id='word_1_159' title='bbox 3096 1290 3297 1361; x_wconf 86' lang='lat' dir='ltr'><strong>quippe</strong></span> <span class='ocrx_word' id='word_1_160' title='bbox 3329 1306 3443 1347; x_wconf 93' lang='lat' dir='ltr'><strong>non</strong></span> <span class='ocrx_word' id='word_1_161' title='bbox 3476 1292 3722 1366; x_wconf 74' lang='lat' dir='ltr'><strong>intelligit,</strong></span> 
     </span>
    </p>
   </div>
   <div class='ocr_carea' id='block_1_18' title="bbox 479 1378 3723 1452">
    <p class='ocr_par' dir='ltr' id='par_1_18' title="bbox 479 1378 3723 1452">
     <span class='ocr_line' id='line_1_18' title="bbox 479 1378 3723 1452; baseline -0.001 -11"><span class='ocrx_word' id='word_1_162' title='bbox 479 1388 578 1443; x_wconf 84' lang='lat' dir='ltr'><strong>sed</strong></span> <span class='ocrx_word' id='word_1_163' title='bbox 621 1388 675 1442; x_wconf 91' lang='lat' dir='ltr'><strong>in</strong></span> <span class='ocrx_word' id='word_1_164' title='bbox 727 1401 894 1441; x_wconf 87' lang='lat' dir='ltr'><strong>causa</strong></span> <span class='ocrx_word' id='word_1_165' title='bbox 927 1392 1012 1439; x_wconf 84' lang='lat' dir='ltr'><strong>est</strong></span> <span class='ocrx_word' id='word_1_166' title='bbox 1085 1399 1186 1439; x_wconf 92' lang='lat' dir='ltr'><strong>cur</strong></span> <span class='ocrx_word' id='word_1_167' title='bbox 1217 1382 1361 1438; x_wconf 88' lang='lat' dir='ltr'><strong>alius</strong></span> <span class='ocrx_word' id='word_1_168' title='bbox 1410 1382 1703 1452; x_wconf 80' lang='lat' dir='ltr'><strong>intelligat.</strong></span> <span class='ocrx_word' id='word_1_169' title='bbox 1787 1378 1967 1437; x_wconf 90' lang='lat' dir='ltr'><strong>Causa</strong></span> <span class='ocrx_word' id='word_1_170' title='bbox 2008 1394 2142 1435; x_wconf 84' lang='lat' dir='ltr'><strong>vero</strong></span> <span class='ocrx_word' id='word_1_171' title='bbox 2180 1394 2291 1434; x_wconf 92' lang='lat' dir='ltr'><strong>non</strong></span> <span class='ocrx_word' id='word_1_172' title='bbox 2317 1387 2403 1434; x_wconf 89' lang='lat' dir='ltr'><strong>est</strong></span> <span class='ocrx_word' id='word_1_173' title='bbox 2431 1379 2566 1450; x_wconf 87' lang='lat' dir='ltr'><strong>quid</strong></span> <span class='ocrx_word' id='word_1_174' title='bbox 2601 1379 2746 1434; x_wconf 86' lang='lat' dir='ltr'><strong>idem</strong></span> <span class='ocrx_word' id='word_1_175' title='bbox 2787 1394 2913 1435; x_wconf 90' lang='lat' dir='ltr'><strong>cum</strong></span> <span class='ocrx_word' id='word_1_176' title='bbox 2938 1380 3165 1446; x_wconf 79' lang='lat' dir='ltr'><strong>eil‘ectu,</strong></span> <span class='ocrx_word' id='word_1_177' title='bbox 3196 1388 3253 1435; x_wconf 92' lang='lat' dir='ltr'><strong>et</strong></span> <span class='ocrx_word' id='word_1_178' title='bbox 3281 1382 3600 1439; x_wconf 84' lang='lat' dir='ltr'><strong>universalis</strong></span> <span class='ocrx_word' id='word_1_179' title='bbox 3622 1401 3723 1439; x_wconf 86' lang='lat' dir='ltr'><strong>om-</strong></span> 
     </span>
    </p>
   </div>
   <div class='ocr_carea' id='block_1_19' title="bbox 482 1472 3724 1547">
    <p class='ocr_par' dir='ltr' id='par_1_19' title="bbox 482 1472 3724 1547">
     <span class='ocr_line' id='line_1_19' title="bbox 482 1472 3724 1547; baseline -0.001 -11"><span class='ocrx_word' id='word_1_180' title='bbox 482 1484 637 1536; x_wconf 89' lang='lat' dir='ltr'><strong>nium</strong></span> <span class='ocrx_word' id='word_1_181' title='bbox 692 1494 863 1537; x_wconf 87' lang='lat' dir='ltr'><strong>causa</strong></span> <span class='ocrx_word' id='word_1_182' title='bbox 886 1520 901 1545; x_wconf 94' lang='lat'><strong>,</strong></span> <span class='ocrx_word' id='word_1_183' title='bbox 932 1478 1071 1533; x_wconf 87' lang='lat' dir='ltr'><strong>nihil</strong></span> <span class='ocrx_word' id='word_1_184' title='bbox 1119 1486 1209 1533; x_wconf 92' lang='lat' dir='ltr'><strong>est</strong></span> <span class='ocrx_word' id='word_1_185' title='bbox 1258 1491 1452 1533; x_wconf 89' lang='lat' dir='ltr'><strong>eorum</strong></span> <span class='ocrx_word' id='word_1_186' title='bbox 1486 1488 1723 1545; x_wconf 88' lang='lat' dir='ltr'><strong>quorum</strong></span> <span class='ocrx_word' id='word_1_187' title='bbox 1768 1487 1933 1530; x_wconf 79' lang='lat' dir='ltr'><strong>causa</strong></span> <span class='ocrx_word' id='word_1_188' title='bbox 1965 1481 2071 1528; x_wconf 86' lang='lat' dir='ltr'><strong>est.</strong></span> <span class='ocrx_word' id='word_1_189' title='bbox 2114 1472 2289 1542; x_wconf 86' lang='lat' dir='ltr'><strong>Igitur</strong></span> <span class='ocrx_word' id='word_1_190' title='bbox 2318 1487 2500 1543; x_wconf 86' lang='lat' dir='ltr'><strong>neque</strong></span> <span class='ocrx_word' id='word_1_191' title='bbox 2527 1472 2581 1528; x_wconf 89' lang='lat' dir='ltr'><strong>id</strong></span> <span class='ocrx_word' id='word_1_192' title='bbox 2646 1472 2853 1529; x_wconf 88' lang='lat' dir='ltr'><strong>bonum</strong></span> <span class='ocrx_word' id='word_1_193' title='bbox 2884 1472 3177 1529; x_wconf 89' lang='lat' dir='ltr'><strong>dicendum</strong></span> <span class='ocrx_word' id='word_1_194' title='bbox 3207 1484 3311 1540; x_wconf 88' lang='lat' dir='ltr'><strong>est,</strong></span> <span class='ocrx_word' id='word_1_195' title='bbox 3372 1477 3518 1547; x_wconf 90' lang='lat' dir='ltr'><strong>quod</strong></span> <span class='ocrx_word' id='word_1_196' title='bbox 3540 1473 3724 1535; x_wconf 80' lang='lat' dir='ltr'><strong>bonum</strong></span> 
     </span>
    </p>
   </div>
   <div class='ocr_carea' id='block_1_20' title="bbox 480 1554 3243 1648">
    <p class='ocr_par' dir='ltr' id='par_1_20' title="bbox 480 1554 3243 1648">
     <span class='ocr_line' id='line_1_20' title="bbox 480 1554 3243 1648; baseline -0.006 -12"><span class='ocrx_word' id='word_1_197' title='bbox 480 1580 608 1637; x_wconf 86' lang='lat' dir='ltr'><strong>aliis</strong></span> <span class='ocrx_word' id='word_1_198' title='bbox 639 1579 847 1648; x_wconf 69' lang='lat' dir='ltr'><strong>praebet</strong></span> <span class='ocrx_word' id='word_1_199' title='bbox 870 1595 885 1631; x_wconf 90' lang='lat'><strong>:</strong></span> <span class='ocrx_word' id='word_1_200' title='bbox 909 1580 1005 1632; x_wconf 90' lang='lat' dir='ltr'><strong>sed</strong></span> <span class='ocrx_word' id='word_1_201' title='bbox 1036 1575 1149 1630; x_wconf 89' lang='lat' dir='ltr'><strong>alio</strong></span> <span class='ocrx_word' id='word_1_202' title='bbox 1184 1574 1411 1631; x_wconf 88' lang='lat' dir='ltr'><strong>nomine</strong></span> <span class='ocrx_word' id='word_1_203' title='bbox 1439 1569 1832 1643; x_wconf 87' lang='lat' dir='ltr'><strong>appellandum</strong></span> <span class='ocrx_word' id='word_1_204' title='bbox 1854 1609 1873 1636; x_wconf 92' lang='lat'><strong>,</strong></span> <span class='ocrx_word' id='word_1_205' title='bbox 1915 1554 2177 1624; x_wconf 78' lang='lat' dir='ltr'><strong>videlicet</strong></span> <span class='ocrx_word' id='word_1_206' title='bbox 2206 1569 2413 1624; x_wconf 90' lang='lat' dir='ltr'><strong>bonum</strong></span> <span class='ocrx_word' id='word_1_207' title='bbox 2443 1582 2614 1638; x_wconf 87' lang='lat' dir='ltr'><strong>super</strong></span> <span class='ocrx_word' id='word_1_208' title='bbox 2647 1569 2754 1624; x_wconf 87' lang='lat' dir='ltr'><strong>alia</strong></span> <span class='ocrx_word' id='word_1_209' title='bbox 2784 1568 2944 1623; x_wconf 90' lang='lat' dir='ltr'><strong>bona.</strong></span> <span class='ocrx_word' id='word_1_210' title='bbox 2981 1586 3002 1621; x_wconf 78' lang='grc' dir='ltr'><strong>ι</strong></span> <span class='ocrx_word' id='word_1_211' title='bbox 3238 1574 3243 1579; x_wconf 79' lang='lat'><strong>‘</strong></span> 
     </span>
    </p>
   </div>
   <div class='ocr_carea' id='block_1_21' title="bbox 558 1664 2144 1737">
    <p class='ocr_par' dir='ltr' id='par_1_21' title="bbox 558 1665 2079 1728">
     <span class='ocr_line' id='line_1_21' title="bbox 558 1665 2079 1728; baseline -0.003 -2"><span class='ocrx_word' id='word_1_212' title='bbox 558 1671 656 1728; x_wconf 82' lang='lat' dir='ltr'><strong>XI.</strong></span> <span class='ocrx_word' id='word_1_213' title='bbox 699 1672 902 1727; x_wconf 83' lang='lat' dir='ltr'><strong>Eadem</strong></span> <span class='ocrx_word' id='word_1_214' title='bbox 955 1670 1026 1725; x_wconf 90' lang='lat' dir='ltr'><strong>de</strong></span> <span class='ocrx_word' id='word_1_215' title='bbox 1058 1684 1171 1726; x_wconf 91' lang='lat' dir='ltr'><strong>uno</strong></span> <span class='ocrx_word' id='word_1_216' title='bbox 1212 1678 1269 1726; x_wconf 89' lang='lat' dir='ltr'><strong>et</strong></span> <span class='ocrx_word' id='word_1_217' title='bbox 1300 1671 1449 1725; x_wconf 90' lang='lat' dir='ltr'><strong>bono</strong></span> <span class='ocrx_word' id='word_1_218' title='bbox 1493 1668 1816 1725; x_wconf 89' lang='lat' dir='ltr'><strong>Platonicus</strong></span> <span class='ocrx_word' id='word_1_219' title='bbox 1856 1665 2079 1724; x_wconf 87' lang='lat' dir='ltr'><strong>disserit</strong></span> 
     </span>
    </p>
   </div>
   <div class='ocr_carea' id='block_1_22' title="bbox 2141 1664 3727 1737">
    <p class='ocr_par' dir='ltr' id='par_1_22' title="bbox 2259 1664 3727 1737">
     <span class='ocr_line' id='line_1_22' title="bbox 2259 1664 3727 1737; baseline 0.003 -18"><span class='ocrx_word' id='word_1_220' title='bbox 2259 1667 2365 1720; x_wconf 81' lang='lat' dir='ltr'><strong>lA&#39;.</strong></span> <span class='ocrx_word' id='word_1_221' title='bbox 2395 1666 2478 1719; x_wconf 81' lang='grc' dir='ltr'>Τὰ</span> <span class='ocrx_word' id='word_1_222' title='bbox 2532 1665 2580 1719; x_wconf 82' lang='grc' dir='ltr'>δ’</span> <span class='ocrx_word' id='word_1_223' title='bbox 2617 1664 2758 1721; x_wconf 81' lang='grc' dir='ltr'><strong>αὐτὰ</strong></span> <span class='ocrx_word' id='word_1_224' title='bbox 2808 1667 2838 1718; x_wconf 84' lang='grc' dir='ltr'><strong>ό</strong></span> <span class='ocrx_word' id='word_1_225' title='bbox 2882 1666 3232 1734; x_wconf 82' lang='grc' dir='ltr'>Πλατωνικὸς</span> <span class='ocrx_word' id='word_1_226' title='bbox 3261 1668 3487 1734; x_wconf 78' lang='grc' dir='ltr'><strong>διέξεισι</strong></span> <span class='ocrx_word' id='word_1_227' title='bbox 3516 1668 3727 1737; x_wconf 75' lang='grc' dir='ltr'><strong>Πρόκλος</strong></span> 
     </span>
    </p>
   </div>
   <div class='ocr_carea' id='block_1_23' title="bbox 490 1758 2076 1835">
    <p class='ocr_par' dir='ltr' id='par_1_23' title="bbox 490 1758 2074 1835">
     <span class='ocr_line' id='line_1_23' title="bbox 490 1758 2074 1835; baseline -0.005 -15"><span class='ocrx_word' id='word_1_228' title='bbox 490 1765 745 1828; x_wconf 73' lang='lat' dir='ltr'><strong>Procles,</strong></span> <span class='ocrx_word' id='word_1_229' title='bbox 781 1764 940 1835; x_wconf 84' lang='lat' dir='ltr'><strong>cujus</strong></span> <span class='ocrx_word' id='word_1_230' title='bbox 963 1761 1304 1833; x_wconf 87' lang='lat' dir='ltr'><strong>theologicas</strong></span> <span class='ocrx_word' id='word_1_231' title='bbox 1322 1761 1704 1818; x_wconf 85' lang='lat' dir='ltr'><strong>institutiones</strong></span> <span class='ocrx_word' id='word_1_232' title='bbox 1723 1760 1827 1833; x_wconf 88' lang='lat' dir='ltr'><strong>qui</strong></span> <span class='ocrx_word' id='word_1_233' title='bbox 1843 1758 2042 1830; x_wconf 88' lang='lat' dir='ltr'><strong>legerit</strong></span> <span class='ocrx_word' id='word_1_234' title='bbox 2058 1798 2074 1821; x_wconf 86' lang='lat'><strong>,</strong></span> 
     </span>
    </p>
   </div>
   <div class='ocr_carea' id='block_1_24' title="bbox 2139 1758 3725 1835">
    <p class='ocr_par' dir='ltr' id='par_1_24' title="bbox 2139 1759 3725 1835">
     <span class='ocr_line' id='line_1_24' title="bbox 2139 1759 3725 1835; baseline 0.002 -23"><span class='ocrx_word' id='word_1_235' title='bbox 2139 1829 2150 1835; x_wconf 70' lang='lat'><strong><em>_</em></strong></span> <span class='ocrx_word' id='word_1_236' title='bbox 2188 1760 2319 1833; x_wconf 76' lang='grc' dir='ltr'>περὶ</span> <span class='ocrx_word' id='word_1_237' title='bbox 2367 1759 2463 1815; x_wconf 82' lang='grc' dir='ltr'><strong>τοῦ</strong></span> <span class='ocrx_word' id='word_1_238' title='bbox 2503 1760 2623 1825; x_wconf 82' lang='grc' dir='ltr'>ἑνὸς</span> <span class='ocrx_word' id='word_1_239' title='bbox 2656 1760 2752 1814; x_wconf 75' lang='grc' dir='ltr'>καὶ</span> <span class='ocrx_word' id='word_1_240' title='bbox 2788 1759 2885 1814; x_wconf 84' lang='grc' dir='ltr'><strong>τοῦ</strong></span> <span class='ocrx_word' id='word_1_241' title='bbox 2930 1761 3163 1829; x_wconf 80' lang='grc' dir='ltr'>ἀγαθοῦ·</span> <span class='ocrx_word' id='word_1_242' title='bbox 3193 1762 3286 1817; x_wconf 78' lang='grc' dir='ltr'>καὶ</span> <span class='ocrx_word' id='word_1_243' title='bbox 3320 1764 3349 1816; x_wconf 84' lang='grc' dir='ltr'>ὁ</span> <span class='ocrx_word' id='word_1_244' title='bbox 3376 1763 3492 1835; x_wconf 78' lang='grc' dir='ltr'>τοῖς</span> <span class='ocrx_word' id='word_1_245' title='bbox 3515 1761 3725 1831; x_wconf 82' lang='grc' dir='ltr'>Θεολογι-</span> 
     </span>
    </p>
   </div>
   <div class='ocr_carea' id='block_1_25' title="bbox 487 1826 2073 1931">
    <p class='ocr_par' dir='ltr' id='par_1_25' title="bbox 487 1848 2073 1925">
     <span class='ocr_line' id='line_1_25' title="bbox 487 1848 2073 1925; baseline -0.001 -18"><span class='ocrx_word' id='word_1_246' title='bbox 487 1867 766 1907; x_wconf 84' lang='lat' dir='ltr'><strong>summam</strong></span> <span class='ocrx_word' id='word_1_247' title='bbox 814 1866 940 1907; x_wconf 91' lang='lat' dir='ltr'><strong>cum</strong></span> <span class='ocrx_word' id='word_1_248' title='bbox 991 1850 1271 1921; x_wconf 80' lang='lat' dir='ltr'><strong>praedictis</strong></span> <span class='ocrx_word' id='word_1_249' title='bbox 1322 1851 1741 1925; x_wconf 83' lang='lat' dir='ltr'><strong>consonantiam</strong></span> <span class='ocrx_word' id='word_1_250' title='bbox 1788 1848 2073 1907; x_wconf 85' lang='lat' dir='ltr'><strong>manifeste</strong></span> 
     </span>
    </p>
   </div>
   <div class='ocr_carea' id='block_1_26' title="bbox 2141 1826 3727 1931">
    <p class='ocr_par' dir='ltr' id='par_1_26' title="bbox 2141 1826 3727 1931">
     <span class='ocr_line' id='line_1_26' title="bbox 2141 1826 3727 1931; baseline 0.002 -26"><span class='ocrx_word' id='word_1_251' title='bbox 2141 1829 2156 1886; x_wconf 64' lang='grc'><em>³</em></span> <span class='ocrx_word' id='word_1_252' title='bbox 2183 1826 2302 1916; x_wconf 69' lang='grc' dir='ltr'>κοίς</span> <span class='ocrx_word' id='word_1_253' title='bbox 2332 1853 2681 1924; x_wconf 71' lang='grc' dir='ltr'><strong>ἐντυγχάνων</strong></span> <span class='ocrx_word' id='word_1_254' title='bbox 2710 1852 2924 1908; x_wconf 79' lang='grc' dir='ltr'>ἐκείνου</span> <span class='ocrx_word' id='word_1_255' title='bbox 2949 1826 3156 1907; x_wconf 63' lang='lat' dir='ltr'><strong>sise-rat</strong></span> <span class='ocrx_word' id='word_1_256' title='bbox 3187 1853 3389 1931; x_wconf 60' lang='lat' dir='ltr'><strong>saepti);</strong></span> <span class='ocrx_word' id='word_1_257' title='bbox 3410 1834 3506 1925; x_wconf 78' lang='grc' dir='ltr'><strong>τὴν</strong></span> <span class='ocrx_word' id='word_1_258' title='bbox 3534 1826 3727 1922; x_wconf 58' lang='grc' dir='ltr'>συμφυ-</span> 
     </span>
    </p>
   </div>
   <div class='ocr_carea' id='block_1_27' title="bbox 487 1940 2073 2019">
    <p class='ocr_par' dir='ltr' id='par_1_27' title="bbox 487 1940 2073 2013">
     <span class='ocr_line' id='line_1_27' title="bbox 487 1940 2073 2013; baseline 0.001 -16"><span class='ocrx_word' id='word_1_259' title='bbox 487 1941 891 2012; x_wconf 85' lang='lat' dir='ltr'><strong>deprebendet.</strong></span> <span class='ocrx_word' id='word_1_260' title='bbox 919 1940 1058 1997; x_wconf 87' lang='lat' dir='ltr'><strong>Nam</strong></span> <span class='ocrx_word' id='word_1_261' title='bbox 1097 1950 1161 1997; x_wconf 89' lang='lat' dir='ltr'><strong>ut</strong></span> <span class='ocrx_word' id='word_1_262' title='bbox 1189 1941 1278 1997; x_wconf 89' lang='lat' dir='ltr'><strong>bis</strong></span> <span class='ocrx_word' id='word_1_263' title='bbox 1303 1941 1511 1998; x_wconf 87' lang='lat' dir='ltr'><strong>diutius</strong></span> <span class='ocrx_word' id='word_1_264' title='bbox 1545 1942 1833 2009; x_wconf 88' lang='lat' dir='ltr'><strong>immorer,</strong></span> <span class='ocrx_word' id='word_1_265' title='bbox 1878 1941 2073 2013; x_wconf 84' lang='lat' dir='ltr'><strong>capitis</strong></span> 
     </span>
    </p>
   </div>
   <div class='ocr_carea' id='block_1_28' title="bbox 2140 1940 3726 2019">
    <p class='ocr_par' dir='ltr' id='par_1_28' title="bbox 2180 1946 3726 2019">
     <span class='ocr_line' id='line_1_28' title="bbox 2180 1946 3726 2019; baseline 0.001 -18"><span class='ocrx_word' id='word_1_266' title='bbox 2180 1947 2322 2002; x_wconf 87' lang='grc' dir='ltr'>νίαν.</span> <span class='ocrx_word' id='word_1_267' title='bbox 2359 1946 2517 2017; x_wconf 79' lang='grc' dir='ltr'><strong>Ἐμοὶ</strong></span> <span class='ocrx_word' id='word_1_268' title='bbox 2548 1946 2659 2019; x_wconf 80' lang='grc' dir='ltr'>γὰρ</span> <span class='ocrx_word' id='word_1_269' title='bbox 2692 1947 2754 2001; x_wconf 81' lang='grc' dir='ltr'>οὐ</span> <span class='ocrx_word' id='word_1_270' title='bbox 2783 1947 3063 2018; x_wconf 80' lang='grc' dir='ltr'><strong>σχολάζειν</strong></span> <span class='ocrx_word' id='word_1_271' title='bbox 3096 1949 3154 2013; x_wconf 75' lang='grc' dir='ltr'><strong>σί</strong></span> <span class='ocrx_word' id='word_1_272' title='bbox 3188 1948 3286 2019; x_wconf 84' lang='grc' dir='ltr'><strong>τῆς</strong></span> <span class='ocrx_word' id='word_1_273' title='bbox 3320 1947 3563 2017; x_wconf 76' lang='grc' dir='ltr'><strong>κεφαλῆς</strong></span> <span class='ocrx_word' id='word_1_274' title='bbox 3594 1948 3726 2002; x_wconf 83' lang='grc' dir='ltr'>ἐῶσιν</span> 
     </span>
    </p>
   </div>
   <div class='ocr_carea' id='block_1_29' title="bbox 488 2034 2074 2110">
    <p class='ocr_par' dir='ltr' id='par_1_29' title="bbox 488 2034 2074 2105">
     <span class='ocr_line' id='line_1_29' title="bbox 488 2034 2074 2105; baseline -0.001 -14"><span class='ocrx_word' id='word_1_275' title='bbox 488 2035 711 2091; x_wconf 90' lang='lat' dir='ltr'><strong>dolores</strong></span> <span class='ocrx_word' id='word_1_276' title='bbox 730 2050 841 2090; x_wconf 89' lang='lat' dir='ltr'><strong>non</strong></span> <span class='ocrx_word' id='word_1_277' title='bbox 860 2035 1212 2105; x_wconf 88' lang='lat' dir='ltr'><strong>permittunt.</strong></span> <span class='ocrx_word' id='word_1_278' title='bbox 1241 2034 1384 2102; x_wconf 84' lang='lat' dir='ltr'><strong>Quid</strong></span> <span class='ocrx_word' id='word_1_279' title='bbox 1406 2051 1542 2090; x_wconf 82' lang='lat' dir='ltr'><strong>vero</strong></span> <span class='ocrx_word' id='word_1_280' title='bbox 1578 2036 1682 2092; x_wconf 84' lang='lat' dir='ltr'><strong>hac</strong></span> <span class='ocrx_word' id='word_1_281' title='bbox 1715 2036 1785 2091; x_wconf 91' lang='lat' dir='ltr'><strong>de</strong></span> <span class='ocrx_word' id='word_1_282' title='bbox 1830 2050 1891 2091; x_wconf 91' lang='lat' dir='ltr'><strong>re</strong></span> <span class='ocrx_word' id='word_1_283' title='bbox 1923 2036 2074 2092; x_wconf 86' lang='lat' dir='ltr'><strong>Plato</strong></span> 
     </span>
    </p>
   </div>
   <div class='ocr_carea' id='block_1_30' title="bbox 2140 2034 3726 2110">
    <p class='ocr_par' dir='ltr' id='par_1_30' title="bbox 2181 2037 3726 2110">
     <span class='ocr_line' id='line_1_30' title="bbox 2181 2037 3726 2110; baseline -0.002 -17"><span class='ocrx_word' id='word_1_284' title='bbox 2181 2039 2478 2106; x_wconf 82' lang='grc' dir='ltr'>ἀλγηδόνες</span> <span class='ocrx_word' id='word_1_285' title='bbox 2523 2041 2581 2094; x_wconf 86' lang='grc' dir='ltr'>ὲν</span> <span class='ocrx_word' id='word_1_286' title='bbox 2626 2039 2858 2103; x_wconf 82' lang='grc' dir='ltr'>τούτοις.</span> <span class='ocrx_word' id='word_1_287' title='bbox 2890 2041 3109 2094; x_wconf 85' lang='grc' dir='ltr'>Είσεται</span> <span class='ocrx_word' id='word_1_288' title='bbox 3132 2039 3178 2093; x_wconf 79' lang='grc' dir='ltr'>δ’</span> <span class='ocrx_word' id='word_1_289' title='bbox 3215 2043 3274 2094; x_wconf 76' lang='grc' dir='ltr'>ἐν</span> <span class='ocrx_word' id='word_1_290' title='bbox 3299 2039 3490 2110; x_wconf 78' lang='grc' dir='ltr'>ταυτῷ</span> <span class='ocrx_word' id='word_1_291' title='bbox 3533 2039 3620 2093; x_wconf 74' lang='grc' dir='ltr'>καὶ</span> <span class='ocrx_word' id='word_1_292' title='bbox 3649 2037 3726 2108; x_wconf 75' lang='grc' dir='ltr'>τὴν</span> 
     </span>
    </p>
   </div>
   <div class='ocr_carea' id='block_1_31' title="bbox 485 2127 2071 2202">
    <p class='ocr_par' dir='ltr' id='par_1_31' title="bbox 485 2127 2071 2199">
     <span class='ocr_line' id='line_1_31' title="bbox 485 2127 2071 2199; baseline 0 -17"><span class='ocrx_word' id='word_1_293' title='bbox 485 2142 710 2197; x_wconf 91' lang='lat' dir='ltr'><strong>quoque</strong></span> <span class='ocrx_word' id='word_1_294' title='bbox 745 2128 1018 2196; x_wconf 87' lang='lat' dir='ltr'><strong>senserit,</strong></span> <span class='ocrx_word' id='word_1_295' title='bbox 1073 2143 1142 2184; x_wconf 81' lang='lat' dir='ltr'><strong>ex</strong></span> <span class='ocrx_word' id='word_1_296' title='bbox 1177 2128 1380 2184; x_wconf 87' lang='lat' dir='ltr'><strong>eo‘dem</strong></span> <span class='ocrx_word' id='word_1_297' title='bbox 1409 2127 1606 2184; x_wconf 89' lang='lat' dir='ltr'><strong>Proclo</strong></span> <span class='ocrx_word' id='word_1_298' title='bbox 1638 2139 1934 2199; x_wconf 76' lang='lat' dir='ltr'><strong>cognoscet</strong></span> <span class='ocrx_word' id='word_1_299' title='bbox 1983 2127 2071 2199; x_wconf 82' lang='lat' dir='ltr'><strong>qui</strong></span> 
     </span>
    </p>
   </div>
   <div class='ocr_carea' id='block_1_32' title="bbox 2140 2127 3726 2202">
    <p class='ocr_par' dir='ltr' id='par_1_32' title="bbox 2181 2129 3726 2202">
     <span class='ocr_line' id='line_1_32' title="bbox 2181 2129 3726 2202; baseline -0.002 -17"><span class='ocrx_word' id='word_1_300' title='bbox 2181 2132 2476 2196; x_wconf 79' lang='grc' dir='ltr'>Πλάτωνος</span> <span class='ocrx_word' id='word_1_301' title='bbox 2525 2133 2657 2202; x_wconf 75' lang='grc' dir='ltr'>περὶ</span> <span class='ocrx_word' id='word_1_302' title='bbox 2709 2132 2777 2186; x_wconf 78' lang='grc' dir='ltr'><strong>τὰ</strong></span> <span class='ocrx_word' id='word_1_303' title='bbox 2817 2131 3044 2186; x_wconf 85' lang='grc' dir='ltr'>τοιαῦτα</span> <span class='ocrx_word' id='word_1_304' title='bbox 3075 2132 3230 2197; x_wconf 81' lang='grc' dir='ltr'>δόξαν</span> <span class='ocrx_word' id='word_1_305' title='bbox 3275 2131 3336 2196; x_wconf 75' lang='grc' dir='ltr'><strong>ἐξ</strong></span> <span class='ocrx_word' id='word_1_306' title='bbox 3382 2129 3567 2196; x_wconf 81' lang='grc' dir='ltr'>αὑτοῦ,</span> <span class='ocrx_word' id='word_1_307' title='bbox 3594 2131 3726 2201; x_wconf 79' lang='grc' dir='ltr'>είπερ</span> 
     </span>
    </p>
   </div>
   <div class='ocr_carea' id='block_1_33' title="bbox 371 2216 1957 2296">
    <p class='ocr_par' dir='ltr' id='par_1_33' title="bbox 371 2220 1957 2291">
     <span class='ocr_line' id='line_1_33' title="bbox 371 2220 1957 2291; baseline 0.001 -18"><span class='ocrx_word' id='word_1_308' title='bbox 371 2222 377 2228; x_wconf 91' lang='grc'><em>’</em></span> <span class='ocrx_word' id='word_1_309' title='bbox 492 2220 659 2290; x_wconf 87' lang='lat' dir='ltr'><strong>hujus</strong></span> <span class='ocrx_word' id='word_1_310' title='bbox 709 2220 914 2291; x_wconf 88' lang='lat' dir='ltr'><strong>scripta</strong></span> <span class='ocrx_word' id='word_1_311' title='bbox 975 2220 1267 2276; x_wconf 83' lang='lat' dir='ltr'><strong>evolverit.</strong></span> <span class='ocrx_word' id='word_1_312' title='bbox 1313 2220 1451 2276; x_wconf 90' lang='lat' dir='ltr'><strong>Nam</strong></span> <span class='ocrx_word' id='word_1_313' title='bbox 1523 2220 1819 2291; x_wconf 87' lang='lat' dir='ltr'><strong>plurimam</strong></span> <span class='ocrx_word' id='word_1_314' title='bbox 1867 2235 1957 2291; x_wconf 81' lang='lat' dir='ltr'><strong>par</strong></span> 
     </span>
    </p>
   </div>
   <div class='ocr_carea' id='block_1_34' title="bbox 2143 2216 3729 2296">
    <p class='ocr_par' dir='ltr' id='par_1_34' title="bbox 2184 2216 3729 2296">
     <span class='ocr_line' id='line_1_34' title="bbox 2184 2216 3729 2296; baseline -0.003 -19"><span class='ocrx_word' id='word_1_315' title='bbox 2184 2224 2348 2288; x_wconf 79' lang='grc' dir='ltr'>αὐτὸς</span> <span class='ocrx_word' id='word_1_316' title='bbox 2408 2223 2488 2295; x_wconf 86' lang='grc' dir='ltr'><strong>τῷ</strong></span> <span class='ocrx_word' id='word_1_317' title='bbox 2532 2241 2598 2294; x_wconf 87' lang='grc' dir='ltr'><strong>γε</strong></span> <span class='ocrx_word' id='word_1_318' title='bbox 2651 2225 2862 2279; x_wconf 86' lang='grc' dir='ltr'>πλείονι</span> <span class='ocrx_word' id='word_1_319' title='bbox 2925 2216 3094 2296; x_wconf 75' lang='grc' dir='ltr'>μέρει</span> <span class='ocrx_word' id='word_1_320' title='bbox 3151 2224 3411 2278; x_wconf 80' lang='grc' dir='ltr'>τάκείνου</span> <span class='ocrx_word' id='word_1_321' title='bbox 3466 2223 3729 2291; x_wconf 76' lang='grc' dir='ltr'><strong>φθέγγεται</strong></span> 
     </span>
    </p>
   </div>
   <div class='ocr_carea' id='block_1_35' title="bbox 492 2311 2078 2389">
    <p class='ocr_par' dir='ltr' id='par_1_35' title="bbox 492 2311 2078 2383">
     <span class='ocr_line' id='line_1_35' title="bbox 492 2311 2078 2383; baseline 0.002 -17"><span class='ocrx_word' id='word_1_322' title='bbox 492 2311 683 2366; x_wconf 89' lang='lat' dir='ltr'><strong>omnia</strong></span> <span class='ocrx_word' id='word_1_323' title='bbox 718 2312 968 2369; x_wconf 87' lang='lat' dir='ltr'><strong>Platonis</strong></span> <span class='ocrx_word' id='word_1_324' title='bbox 998 2312 1172 2369; x_wconf 87' lang='lat' dir='ltr'><strong>verba</strong></span> <span class='ocrx_word' id='word_1_325' title='bbox 1203 2321 1454 2383; x_wconf 85' lang='lat' dir='ltr'><strong>usurpat.</strong></span> <span class='ocrx_word' id='word_1_326' title='bbox 1486 2312 1756 2383; x_wconf 86' lang='lat' dir='ltr'><strong>Pleraque</strong></span> <span class='ocrx_word' id='word_1_327' title='bbox 1785 2320 1964 2369; x_wconf 88' lang='lat' dir='ltr'><strong>tamen</strong></span> <span class='ocrx_word' id='word_1_328' title='bbox 1988 2329 2078 2369; x_wconf 88' lang='lat' dir='ltr'><strong>eo-</strong></span> 
     </span>
    </p>
   </div>
   <div class='ocr_carea' id='block_1_36' title="bbox 2144 2311 3730 2389">
    <p class='ocr_par' dir='ltr' id='par_1_36' title="bbox 2185 2313 3730 2389">
     <span class='ocr_line' id='line_1_36' title="bbox 2185 2313 3730 2389; baseline -0.001 -19"><span class='ocrx_word' id='word_1_329' title='bbox 2185 2317 2392 2372; x_wconf 81' lang='grc' dir='ltr'>πάντα.</span> <span class='ocrx_word' id='word_1_330' title='bbox 2431 2317 2688 2372; x_wconf 80' lang='grc' dir='ltr'>Δεικτέον</span> <span class='ocrx_word' id='word_1_331' title='bbox 2720 2318 2765 2371; x_wconf 72' lang='grc' dir='ltr'>δ’</span> <span class='ocrx_word' id='word_1_332' title='bbox 2794 2317 2945 2389; x_wconf 81' lang='grc' dir='ltr'>ὅμως</span> <span class='ocrx_word' id='word_1_333' title='bbox 2979 2317 3044 2371; x_wconf 83' lang='grc' dir='ltr'>ὲκ</span> <span class='ocrx_word' id='word_1_334' title='bbox 3079 2318 3281 2388; x_wconf 82' lang='grc' dir='ltr'><strong>μέρους</strong></span> <span class='ocrx_word' id='word_1_335' title='bbox 3326 2316 3399 2371; x_wconf 85' lang='grc' dir='ltr'><strong>τὰ</strong></span> <span class='ocrx_word' id='word_1_336' title='bbox 3439 2313 3618 2368; x_wconf 87' lang='grc' dir='ltr'>πλείω.</span> <span class='ocrx_word' id='word_1_337' title='bbox 3644 2314 3730 2382; x_wconf 75' lang='grc' dir='ltr'><strong>Φη-</strong></span> 
     </span>
    </p>
   </div>
   <div class='ocr_carea' id='block_1_37' title="bbox 489 2401 2075 2480">
    <p class='ocr_par' dir='ltr' id='par_1_37' title="bbox 489 2404 2075 2476">
     <span class='ocr_line' id='line_1_37' title="bbox 489 2404 2075 2476; baseline 0.001 -17"><span class='ocrx_word' id='word_1_338' title='bbox 489 2419 616 2459; x_wconf 89' lang='lat' dir='ltr'><strong>rum</strong></span> <span class='ocrx_word' id='word_1_339' title='bbox 646 2444 662 2470; x_wconf 89' lang='lat'><strong>,</strong></span> <span class='ocrx_word' id='word_1_340' title='bbox 713 2419 836 2474; x_wconf 74' lang='lat' dir='ltr'><strong>qua-</strong></span> <span class='ocrx_word' id='word_1_341' title='bbox 874 2404 1099 2474; x_wconf 87' lang='lat' dir='ltr'><strong>scripsit</strong></span> <span class='ocrx_word' id='word_1_342' title='bbox 1161 2404 1409 2469; x_wconf 85' lang='lat' dir='ltr'><strong>Proclus,</strong></span> <span class='ocrx_word' id='word_1_343' title='bbox 1445 2421 1513 2460; x_wconf 82' lang='lat' dir='ltr'><strong>ex</strong></span> <span class='ocrx_word' id='word_1_344' title='bbox 1550 2414 1704 2476; x_wconf 88' lang='lat' dir='ltr'><strong>parte</strong></span> <span class='ocrx_word' id='word_1_345' title='bbox 1744 2407 1938 2462; x_wconf 88' lang='lat' dir='ltr'><strong>saltem</strong></span> <span class='ocrx_word' id='word_1_346' title='bbox 1987 2406 2075 2461; x_wconf 89' lang='lat' dir='ltr'><strong>de-</strong></span> 
     </span>
    </p>
   </div>
   <div class='ocr_carea' id='block_1_38' title="bbox 2145 2401 3731 2480">
    <p class='ocr_par' dir='ltr' id='par_1_38' title="bbox 2186 2401 3731 2480">
     <span class='ocr_line' id='line_1_38' title="bbox 2186 2401 3731 2480; baseline -0.006 -17"><span class='ocrx_word' id='word_1_347' title='bbox 2186 2411 2273 2463; x_wconf 76' lang='lat' dir='ltr'><strong>c‘w</strong></span> <span class='ocrx_word' id='word_1_348' title='bbox 2327 2409 2423 2463; x_wconf 84' lang='grc' dir='ltr'><strong>οῦν</strong></span> <span class='ocrx_word' id='word_1_349' title='bbox 2473 2408 2633 2480; x_wconf 83' lang='grc'><strong>(77)·</strong></span> <span class='ocrx_word' id='word_1_350' title='bbox 2681 2426 2699 2460; x_wconf 79' lang='grc' dir='ltr'><strong>ι</strong></span> <span class='ocrx_word' id='word_1_351' title='bbox 2741 2409 2857 2463; x_wconf 83' lang='grc' dir='ltr'><strong>Πᾶν</strong></span> <span class='ocrx_word' id='word_1_352' title='bbox 2893 2408 2954 2463; x_wconf 79' lang='grc' dir='ltr'><strong>τδ</strong></span> <span class='ocrx_word' id='word_1_353' title='bbox 3002 2409 3291 2478; x_wconf 84' lang='grc' dir='ltr'>γινόμενον</span> <span class='ocrx_word' id='word_1_354' title='bbox 3330 2407 3391 2461; x_wconf 70' lang='grc' dir='ltr'>ἐν</span> <span class='ocrx_word' id='word_1_355' title='bbox 3427 2403 3630 2476; x_wconf 81' lang='grc' dir='ltr'>μεθέξει</span> <span class='ocrx_word' id='word_1_356' title='bbox 3654 2401 3731 2455; x_wconf 85' lang='grc' dir='ltr'><strong>τοῦ</strong></span> 
     </span>
    </p>
   </div>
   <div class='ocr_carea' id='block_1_39' title="bbox 491 2491 2077 2572">
    <p class='ocr_par' dir='ltr' id='par_1_39' title="bbox 491 2497 2077 2569">
     <span class='ocr_line' id='line_1_39' title="bbox 491 2497 2077 2569; baseline 0.002 -19"><span class='ocrx_word' id='word_1_357' title='bbox 491 2497 852 2553; x_wconf 87' lang='lat' dir='ltr'><strong>monstranda</strong></span> <span class='ocrx_word' id='word_1_358' title='bbox 910 2506 1058 2553; x_wconf 87' lang='lat' dir='ltr'><strong>sunt.</strong></span> <span class='ocrx_word' id='word_1_359' title='bbox 1117 2497 1209 2554; x_wconf 91' lang='lat' dir='ltr'><strong>Sic</strong></span> <span class='ocrx_word' id='word_1_360' title='bbox 1261 2511 1428 2569; x_wconf 83' lang='lat' dir='ltr'><strong>porro</strong></span> <span class='ocrx_word' id='word_1_361' title='bbox 1477 2497 1698 2554; x_wconf 87' lang='lat' dir='ltr'><strong>habet:</strong></span> <span class='ocrx_word' id='word_1_362' title='bbox 1743 2517 1762 2550; x_wconf 76' lang='grc' dir='ltr'><strong>ι</strong></span> <span class='ocrx_word' id='word_1_363' title='bbox 1802 2498 2077 2569; x_wconf 79' lang='lat' dir='ltr'><strong>Quidquid</strong></span> 
     </span>
    </p>
   </div>
   <div class='ocr_carea' id='block_1_40' title="bbox 2146 2491 3732 2572">
    <p class='ocr_par' dir='ltr' id='par_1_40' title="bbox 2187 2491 3732 2572">
     <span class='ocr_line' id='line_1_40' title="bbox 2187 2491 3732 2572; baseline -0.008 -16"><span class='ocrx_word' id='word_1_364' title='bbox 2187 2502 2305 2566; x_wconf 80' lang='grc' dir='ltr'>ἑνδς</span> <span class='ocrx_word' id='word_1_365' title='bbox 2343 2502 2558 2571; x_wconf 77' lang='grc' dir='ltr'>γίνεται</span> <span class='ocrx_word' id='word_1_366' title='bbox 2586 2502 2666 2558; x_wconf 73' lang='grc' dir='ltr'><strong>ἓν.</strong></span> <span class='ocrx_word' id='word_1_367' title='bbox 2704 2501 2844 2557; x_wconf 80' lang='grc' dir='ltr'>Δύτδ</span> <span class='ocrx_word' id='word_1_368' title='bbox 2891 2500 2992 2570; x_wconf 82' lang='grc' dir='ltr'><strong>μὲν</strong></span> <span class='ocrx_word' id='word_1_369' title='bbox 3022 2501 3131 2572; x_wconf 83' lang='grc' dir='ltr'><strong>γὰρ</strong></span> <span class='ocrx_word' id='word_1_370' title='bbox 3164 2500 3265 2571; x_wconf 81' lang='grc' dir='ltr'><strong>οὐχ</strong></span> <span class='ocrx_word' id='word_1_371' title='bbox 3311 2498 3374 2554; x_wconf 74' lang='grc' dir='ltr'><strong>ἓν</strong></span> <span class='ocrx_word' id='word_1_372' title='bbox 3424 2499 3557 2552; x_wconf 74' lang='grc' dir='ltr'>ἔστι.</span> <span class='ocrx_word' id='word_1_373' title='bbox 3605 2491 3732 2548; x_wconf 65' lang='lat' dir='ltr'><strong>Radb</strong></span> 
     </span>
    </p>
   </div>
   <div class='ocr_carea' id='block_1_41' title="bbox 489 2588 2075 2665">
    <p class='ocr_par' dir='ltr' id='par_1_41' title="bbox 489 2588 2075 2661">
     <span class='ocr_line' id='line_1_41' title="bbox 489 2588 2075 2661; baseline 0.002 -19"><span class='ocrx_word' id='word_1_374' title='bbox 489 2604 665 2644; x_wconf 89' lang='lat' dir='ltr'><strong>unum</strong></span> <span class='ocrx_word' id='word_1_375' title='bbox 719 2588 819 2655; x_wconf 81' lang='lat' dir='ltr'><strong>iit,</strong></span> <span class='ocrx_word' id='word_1_376' title='bbox 859 2588 1027 2644; x_wconf 89' lang='lat' dir='ltr'><strong>unius</strong></span> <span class='ocrx_word' id='word_1_377' title='bbox 1087 2589 1513 2660; x_wconf 87' lang='lat' dir='ltr'><strong>participatione</strong></span> <span class='ocrx_word' id='word_1_378' title='bbox 1553 2588 1613 2644; x_wconf 80' lang='lat' dir='ltr'><strong>ﬁt</strong></span> <span class='ocrx_word' id='word_1_379' title='bbox 1653 2590 2075 2661; x_wconf 86' lang='lat' dir='ltr'><strong>unum.&#39;lpsum</strong></span> 
     </span>
    </p>
   </div>
   <div class='ocr_carea' id='block_1_42' title="bbox 2148 2588 3734 2665">
    <p class='ocr_par' dir='ltr' id='par_1_42' title="bbox 2186 2588 3734 2665">
     <span class='ocr_line' id='line_1_42' title="bbox 2186 2588 3734 2665; baseline -0.007 -15"><span class='ocrx_word' id='word_1_380' title='bbox 2186 2595 2245 2650; x_wconf 80' lang='grc' dir='ltr'>δὲ</span> <span class='ocrx_word' id='word_1_381' title='bbox 2277 2595 2523 2650; x_wconf 83' lang='grc' dir='ltr'>πέπονθε</span> <span class='ocrx_word' id='word_1_382' title='bbox 2556 2595 2657 2662; x_wconf 84' lang='grc' dir='ltr'><strong>τὴν</strong></span> <span class='ocrx_word' id='word_1_383' title='bbox 2690 2595 2927 2665; x_wconf 82' lang='grc' dir='ltr'><strong>μετοχὴν</strong></span> <span class='ocrx_word' id='word_1_384' title='bbox 2967 2593 3231 2661; x_wconf 74' lang='grc' dir='ltr'>τοῦὲνὸς,</span> <span class='ocrx_word' id='word_1_385' title='bbox 3266 2591 3327 2647; x_wconf 72' lang='grc' dir='ltr'><strong>ἓν</strong></span> <span class='ocrx_word' id='word_1_386' title='bbox 3362 2594 3534 2661; x_wconf 74' lang='grc' dir='ltr'>ἐστιν.</span> <span class='ocrx_word' id='word_1_387' title='bbox 3562 2590 3619 2642; x_wconf 80' lang='lat' dir='ltr'><strong>El</strong></span> <span class='ocrx_word' id='word_1_388' title='bbox 3648 2588 3734 2656; x_wconf 78' lang='grc' dir='ltr'>γὰρ</span> 
     </span>
    </p>
   </div>
   <div class='ocr_carea' id='block_1_43' title="bbox 488 2679 2074 2758">
    <p class='ocr_par' dir='ltr' id='par_1_43' title="bbox 488 2679 2074 2751">
     <span class='ocr_line' id='line_1_43' title="bbox 488 2679 2074 2751; baseline 0.002 -19"><span class='ocrx_word' id='word_1_389' title='bbox 488 2681 640 2735; x_wconf 70' lang='lat' dir='ltr'><strong>cutim</strong></span> <span class='ocrx_word' id='word_1_390' title='bbox 674 2694 777 2750; x_wconf 91' lang='lat' dir='ltr'><strong>per</strong></span> <span class='ocrx_word' id='word_1_391' title='bbox 814 2693 874 2736; x_wconf 81' lang='lat' dir='ltr'><strong>se</strong></span> <span class='ocrx_word' id='word_1_392' title='bbox 928 2694 1100 2734; x_wconf 91' lang='lat' dir='ltr'><strong>unum</strong></span> <span class='ocrx_word' id='word_1_393' title='bbox 1138 2694 1247 2734; x_wconf 91' lang='lat' dir='ltr'><strong>non</strong></span> <span class='ocrx_word' id='word_1_394' title='bbox 1303 2688 1431 2734; x_wconf 90' lang='lat' dir='ltr'><strong>est:</strong></span> <span class='ocrx_word' id='word_1_395' title='bbox 1465 2679 1559 2738; x_wconf 91' lang='lat' dir='ltr'><strong>sed</strong></span> <span class='ocrx_word' id='word_1_396' title='bbox 1596 2686 1868 2751; x_wconf 89' lang='lat' dir='ltr'><strong>quatenus</strong></span> <span class='ocrx_word' id='word_1_397' title='bbox 1922 2680 2074 2736; x_wconf 68' lang='lat' dir='ltr'><strong>unius</strong></span> 
     </span>
    </p>
   </div>
   <div class='ocr_carea' id='block_1_44' title="bbox 2148 2679 3734 2758">
    <p class='ocr_par' dir='ltr' id='par_1_44' title="bbox 2187 2681 3734 2758">
     <span class='ocr_line' id='line_1_44' title="bbox 2187 2681 3734 2758; baseline -0.006 -16"><span class='ocrx_word' id='word_1_398' title='bbox 2187 2687 2393 2757; x_wconf 80' lang='grc' dir='ltr'>γίνοιτο</span> <span class='ocrx_word' id='word_1_399' title='bbox 2422 2686 2502 2752; x_wconf 78' lang='grc' dir='ltr'><strong>ἓν,</strong></span> <span class='ocrx_word' id='word_1_400' title='bbox 2532 2685 2571 2741; x_wconf 74' lang='grc' dir='ltr'><strong>ἃ.</strong></span> <span class='ocrx_word' id='word_1_401' title='bbox 2593 2687 2668 2758; x_wconf 87' lang='grc' dir='ltr'><strong>μὴ</strong></span> <span class='ocrx_word' id='word_1_402' title='bbox 2711 2684 2862 2740; x_wconf 77' lang='grc' dir='ltr'>ἐστιν</span> <span class='ocrx_word' id='word_1_403' title='bbox 2901 2686 2966 2740; x_wconf 78' lang='grc' dir='ltr'><strong>ἓν</strong></span> <span class='ocrx_word' id='word_1_404' title='bbox 3015 2687 3139 2740; x_wconf 80' lang='grc' dir='ltr'>καθ’</span> <span class='ocrx_word' id='word_1_405' title='bbox 3164 2684 3363 2749; x_wconf 77' lang='grc' dir='ltr'>ἑαυτὰ,</span> <span class='ocrx_word' id='word_1_406' title='bbox 3402 2682 3638 2737; x_wconf 83' lang='grc' dir='ltr'>συνιόντα</span> <span class='ocrx_word' id='word_1_407' title='bbox 3663 2681 3734 2749; x_wconf 66' lang='grc' dir='ltr'><strong>δή·</strong></span> 
     </span>
    </p>
   </div>
   <div class='ocr_carea' id='block_1_45' title="bbox 493 2772 2079 2850">
    <p class='ocr_par' dir='ltr' id='par_1_45' title="bbox 493 2772 2079 2846">
     <span class='ocr_line' id='line_1_45' title="bbox 493 2772 2079 2846; baseline 0.004 -20"><span class='ocrx_word' id='word_1_408' title='bbox 493 2774 555 2827; x_wconf 86' lang='lat' dir='ltr'><strong>tit</strong></span> <span class='ocrx_word' id='word_1_409' title='bbox 586 2773 886 2843; x_wconf 87' lang='lat' dir='ltr'><strong>particeps,</strong></span> <span class='ocrx_word' id='word_1_410' title='bbox 919 2789 1090 2828; x_wconf 91' lang='lat' dir='ltr'><strong>unum</strong></span> <span class='ocrx_word' id='word_1_411' title='bbox 1137 2780 1242 2828; x_wconf 88' lang='lat' dir='ltr'><strong>est.</strong></span> <span class='ocrx_word' id='word_1_412' title='bbox 1271 2772 1408 2828; x_wconf 82' lang='lat' dir='ltr'><strong>Nam</strong></span> <span class='ocrx_word' id='word_1_413' title='bbox 1457 2774 1503 2829; x_wconf 92' lang='lat' dir='ltr'><strong>si</strong></span> <span class='ocrx_word' id='word_1_414' title='bbox 1557 2790 1727 2830; x_wconf 91' lang='lat' dir='ltr'><strong>unum</strong></span> <span class='ocrx_word' id='word_1_415' title='bbox 1762 2773 1929 2844; x_wconf 81' lang='lat' dir='ltr'><strong>fiant,</strong></span> <span class='ocrx_word' id='word_1_416' title='bbox 1964 2790 2079 2846; x_wconf 61' lang='lat' dir='ltr'><strong>qua</strong></span> 
     </span>
    </p>
   </div>
   <div class='ocr_carea' id='block_1_46' title="bbox 2149 2772 3735 2850">
    <p class='ocr_par' dir='ltr' id='par_1_46' title="bbox 2190 2773 3735 2850">
     <span class='ocr_line' id='line_1_46' title="bbox 2190 2773 3735 2850; baseline -0.005 -18"><span class='ocrx_word' id='word_1_417' title='bbox 2190 2795 2295 2833; x_wconf 82' lang='grc' dir='ltr'><strong>που</strong></span> <span class='ocrx_word' id='word_1_418' title='bbox 2334 2778 2431 2833; x_wconf 75' lang='grc' dir='ltr'>καὶ</span> <span class='ocrx_word' id='word_1_419' title='bbox 2458 2779 2830 2834; x_wconf 80' lang='grc' dir='ltr'>κοινωνοῦντα</span> <span class='ocrx_word' id='word_1_420' title='bbox 2865 2779 3139 2850; x_wconf 81' lang='grc' dir='ltr'>ἀλλήλοις,</span> <span class='ocrx_word' id='word_1_421' title='bbox 3178 2778 3396 2847; x_wconf 85' lang='grc' dir='ltr'>γίνεται</span> <span class='ocrx_word' id='word_1_422' title='bbox 3426 2776 3485 2829; x_wconf 80' lang='grc' dir='ltr'><strong>ἓν</strong></span> <span class='ocrx_word' id='word_1_423' title='bbox 3518 2776 3604 2828; x_wconf 81' lang='grc' dir='ltr'>καὶ</span> <span class='ocrx_word' id='word_1_424' title='bbox 3628 2773 3735 2826; x_wconf 75' lang='grc' dir='ltr'>ὓπο-</span> 
     </span>
    </p>
   </div>
   <div class='ocr_carea' id='block_1_47' title="bbox 495 2865 2081 2945">
    <p class='ocr_par' dir='ltr' id='par_1_47' title="bbox 495 2865 2081 2940">
     <span class='ocr_line' id='line_1_47' title="bbox 495 2865 2081 2940; baseline 0.004 -23"><span class='ocrx_word' id='word_1_425' title='bbox 495 2881 596 2934; x_wconf 81' lang='lat' dir='ltr'><strong>per</strong></span> <span class='ocrx_word' id='word_1_426' title='bbox 630 2880 691 2921; x_wconf 86' lang='lat' dir='ltr'><strong>se</strong></span> <span class='ocrx_word' id='word_1_427' title='bbox 723 2865 841 2935; x_wconf 88' lang='lat' dir='ltr'><strong>ipsa</strong></span> <span class='ocrx_word' id='word_1_428' title='bbox 875 2881 986 2920; x_wconf 88' lang='lat' dir='ltr'><strong>non</strong></span> <span class='ocrx_word' id='word_1_429' title='bbox 1022 2876 1156 2921; x_wconf 89' lang='lat' dir='ltr'><strong>sunt</strong></span> <span class='ocrx_word' id='word_1_430' title='bbox 1189 2880 1396 2934; x_wconf 90' lang='lat' dir='ltr'><strong>unum;</strong></span> <span class='ocrx_word' id='word_1_431' title='bbox 1430 2866 1566 2923; x_wconf 83' lang='lat' dir='ltr'><strong>ﬁunt</strong></span> <span class='ocrx_word' id='word_1_432' title='bbox 1589 2884 1783 2935; x_wconf 87' lang='lat' dir='ltr'><strong>unum,</strong></span> <span class='ocrx_word' id='word_1_433' title='bbox 1816 2878 2081 2940; x_wconf 85' lang='lat' dir='ltr'><strong>quatenus</strong></span> 
     </span>
    </p>
   </div>
   <div class='ocr_carea' id='block_1_48' title="bbox 2145 2865 3731 2945">
    <p class='ocr_par' dir='ltr' id='par_1_48' title="bbox 2194 2865 3731 2945">
     <span class='ocr_line' id='line_1_48' title="bbox 2194 2865 3731 2945; baseline -0.005 -19"><span class='ocrx_word' id='word_1_434' title='bbox 2194 2872 2346 2945; x_wconf 80' lang='grc' dir='ltr'>μένει</span> <span class='ocrx_word' id='word_1_435' title='bbox 2392 2872 2491 2945; x_wconf 84' lang='grc' dir='ltr'>τὴν</span> <span class='ocrx_word' id='word_1_436' title='bbox 2544 2872 2638 2928; x_wconf 86' lang='grc' dir='ltr'><strong>τοῦ</strong></span> <span class='ocrx_word' id='word_1_437' title='bbox 2681 2871 2799 2936; x_wconf 82' lang='grc' dir='ltr'><strong>ἐνὸς</strong></span> <span class='ocrx_word' id='word_1_438' title='bbox 2853 2874 3179 2944; x_wconf 78' lang='grc' dir='ltr'>παρουσίαν,</span> <span class='ocrx_word' id='word_1_439' title='bbox 3212 2873 3313 2925; x_wconf 85' lang='grc' dir='ltr'>οὐκ</span> <span class='ocrx_word' id='word_1_440' title='bbox 3361 2870 3491 2925; x_wconf 70' lang='grc' dir='ltr'>ὄντα</span> <span class='ocrx_word' id='word_1_441' title='bbox 3520 2870 3643 2936; x_wconf 81' lang='grc' dir='ltr'>ὅπερ</span> <span class='ocrx_word' id='word_1_442' title='bbox 3669 2865 3731 2919; x_wconf 79' lang='grc' dir='ltr'><strong>ἒν.</strong></span> 
     </span>
    </p>
   </div>
   <div class='ocr_carea' id='block_1_49' title="bbox 494 2950 2080 3044">
    <p class='ocr_par' dir='ltr' id='par_1_49' title="bbox 494 2958 2080 3016">
     <span class='ocr_line' id='line_1_49' title="bbox 494 2958 2080 3016; baseline 0.002 -3"><span class='ocrx_word' id='word_1_443' title='bbox 494 2973 685 3013; x_wconf 86' lang='lat' dir='ltr'><strong>secum</strong></span> <span class='ocrx_word' id='word_1_444' title='bbox 711 2958 947 3014; x_wconf 85' lang='lat' dir='ltr'><strong>invicem</strong></span> <span class='ocrx_word' id='word_1_445' title='bbox 966 2968 1168 3015; x_wconf 90' lang='lat' dir='ltr'><strong>coeunt</strong></span> <span class='ocrx_word' id='word_1_446' title='bbox 1188 2967 1246 3015; x_wconf 89' lang='lat' dir='ltr'><strong>et</strong></span> <span class='ocrx_word' id='word_1_447' title='bbox 1272 2968 1521 3014; x_wconf 91' lang='lat' dir='ltr'><strong>mutuam</strong></span> <span class='ocrx_word' id='word_1_448' title='bbox 1553 2960 1607 3015; x_wconf 92' lang='lat' dir='ltr'><strong>in</strong></span> <span class='ocrx_word' id='word_1_449' title='bbox 1639 2961 2080 3016; x_wconf 80' lang='lat' dir='ltr'><strong>communionem</strong></span> 
     </span>
    </p>
   </div>
   <div class='ocr_carea' id='block_1_50' title="bbox 2148 2950 3734 3044">
    <p class='ocr_par' dir='ltr' id='par_1_50' title="bbox 2191 2950 3734 3044">
     <span class='ocr_line' id='line_1_50' title="bbox 2191 2950 3734 3044; baseline -0.008 -22"><span class='ocrx_word' id='word_1_450' title='bbox 2191 2950 2431 3039; x_wconf 83' lang='grc' dir='ltr'>Μετέχει</span> <span class='ocrx_word' id='word_1_451' title='bbox 2473 2967 2583 3038; x_wconf 76' lang='grc' dir='ltr'>ἄρα</span> <span class='ocrx_word' id='word_1_452' title='bbox 2615 2966 2711 3021; x_wconf 88' lang='grc' dir='ltr'><strong>τοῦ</strong></span> <span class='ocrx_word' id='word_1_453' title='bbox 2746 2966 2864 3032; x_wconf 80' lang='grc' dir='ltr'><strong>ἐνὸς</strong></span> <span class='ocrx_word' id='word_1_454' title='bbox 2895 2966 3090 3038; x_wconf 84' lang='grc' dir='ltr'>ταύτῃ,</span> <span class='ocrx_word' id='word_1_455' title='bbox 3216 2965 3420 3036; x_wconf 81' lang='grc' dir='ltr'>πάσχει</span> <span class='ocrx_word' id='word_1_456' title='bbox 3449 2963 3507 3015; x_wconf 76' lang='grc' dir='ltr'>τὸ</span> <span class='ocrx_word' id='word_1_457' title='bbox 3535 2961 3587 3014; x_wconf 82' lang='grc' dir='ltr'><strong>ἒν</strong></span> <span class='ocrx_word' id='word_1_458' title='bbox 3612 2960 3734 3044; x_wconf 72' lang='grc' dir='ltr'>γενέ·</span> 
     </span>
    </p>
   </div>
   <div class='ocr_carea' id='block_1_51' title="bbox 500 3048 2086 3131">
    <p class='ocr_par' dir='ltr' id='par_1_51' title="bbox 500 3048 2086 3121">
     <span class='ocr_line' id='line_1_51' title="bbox 500 3048 2086 3121; baseline 0.005 -21"><span class='ocrx_word' id='word_1_459' title='bbox 500 3048 721 3120; x_wconf 59' lang='grc'><strong>1094</strong></span> <span class='ocrx_word' id='word_1_460' title='bbox 749 3051 1015 3113; x_wconf 76' lang='lat' dir='ltr'><strong>veniunt,</strong></span> <span class='ocrx_word' id='word_1_461' title='bbox 1048 3051 1289 3119; x_wconf 59' lang='lat' dir='ltr'><strong>necfnon</strong></span> <span class='ocrx_word' id='word_1_462' title='bbox 1327 3051 1556 3106; x_wconf 86' lang='lat' dir='ltr'><strong>unitatis</strong></span> <span class='ocrx_word' id='word_1_463' title='bbox 1587 3053 1935 3121; x_wconf 83' lang='lat' dir='ltr'><strong>praesentiam</strong></span> <span class='ocrx_word' id='word_1_464' title='bbox 1965 3066 2086 3108; x_wconf 86' lang='lat' dir='ltr'><strong>sus-</strong></span> 
     </span>
    </p>
   </div>
   <div class='ocr_carea' id='block_1_52' title="bbox 2147 3048 3733 3131">
    <p class='ocr_par' dir='ltr' id='par_1_52' title="bbox 2196 3048 3733 3131">
     <span class='ocr_line' id='line_1_52' title="bbox 2196 3048 3733 3131; baseline -0.009 -19"><span class='ocrx_word' id='word_1_465' title='bbox 2196 3059 2341 3112; x_wconf 82' lang='grc' dir='ltr'>σθαι.</span> <span class='ocrx_word' id='word_1_466' title='bbox 2376 3059 2439 3112; x_wconf 81' lang='lat' dir='ltr'><strong>El</strong></span> <span class='ocrx_word' id='word_1_467' title='bbox 2474 3060 2575 3130; x_wconf 80' lang='grc' dir='ltr'><strong>μὲν</strong></span> <span class='ocrx_word' id='word_1_468' title='bbox 2607 3058 2718 3130; x_wconf 83' lang='grc' dir='ltr'>γὰρ</span> <span class='ocrx_word' id='word_1_469' title='bbox 2762 3059 2865 3131; x_wconf 68' lang='grc' dir='ltr'><strong>ἤδη</strong></span> <span class='ocrx_word' id='word_1_470' title='bbox 2922 3059 3077 3113; x_wconf 70' lang='grc' dir='ltr'>ἐστὶν</span> <span class='ocrx_word' id='word_1_471' title='bbox 3131 3057 3211 3124; x_wconf 81' lang='grc' dir='ltr'><strong>ἓν,</strong></span> <span class='ocrx_word' id='word_1_472' title='bbox 3255 3057 3316 3111; x_wconf 80' lang='grc' dir='ltr'>οὐ</span> <span class='ocrx_word' id='word_1_473' title='bbox 3361 3055 3564 3124; x_wconf 80' lang='grc' dir='ltr'>γίνεται</span> <span class='ocrx_word' id='word_1_474' title='bbox 3588 3051 3656 3104; x_wconf 76' lang='grc' dir='ltr'><strong>ἓν.</strong></span> <span class='ocrx_word' id='word_1_475' title='bbox 3679 3048 3733 3100; x_wconf 82' lang='grc' dir='ltr'><strong>Τὸ</strong></span> 
     </span>
    </p>
   </div>
   <div class='ocr_carea' id='block_1_53' title="bbox 458 3138 2044 3237">
    <p class='ocr_par' dir='ltr' id='par_1_53' title="bbox 458 3142 2044 3215">
     <span class='ocr_line' id='line_1_53' title="bbox 458 3142 2044 3215; baseline 0.003 -20"><span class='ocrx_word' id='word_1_476' title='bbox 458 3148 463 3153; x_wconf 79' lang='grc'><em>’</em></span> <span class='ocrx_word' id='word_1_477' title='bbox 496 3142 767 3212; x_wconf 62' lang='lat' dir='ltr'><strong>cipiunt;</strong></span> <span class='ocrx_word' id='word_1_478' title='bbox 801 3142 929 3197; x_wconf 88' lang='lat' dir='ltr'><strong>licet</strong></span> <span class='ocrx_word' id='word_1_479' title='bbox 975 3152 1086 3198; x_wconf 86' lang='lat' dir='ltr'><strong>non</strong></span> <span class='ocrx_word' id='word_1_480' title='bbox 1140 3146 1254 3198; x_wconf 87' lang='lat' dir='ltr'><strong>sint</strong></span> <span class='ocrx_word' id='word_1_481' title='bbox 1317 3144 1463 3199; x_wconf 87' lang='lat' dir='ltr'><strong>istud</strong></span> <span class='ocrx_word' id='word_1_482' title='bbox 1506 3143 1708 3213; x_wconf 90' lang='lat' dir='ltr'><strong>ipsum,</strong></span> <span class='ocrx_word' id='word_1_483' title='bbox 1735 3143 1882 3215; x_wconf 89' lang='lat' dir='ltr'><strong>quod</strong></span> <span class='ocrx_word' id='word_1_484' title='bbox 1918 3160 2044 3199; x_wconf 77' lang='lat' dir='ltr'><strong>unui</strong></span> 
     </span>
    </p>
   </div>
   <div class='ocr_carea' id='block_1_54' title="bbox 2147 3138 3733 3237">
    <p class='ocr_par' dir='ltr' id='par_1_54' title="bbox 2147 3138 3733 3237">
     <span class='ocr_line' id='line_1_54' title="bbox 2147 3138 3733 3237; baseline -0.022 -11"><span class='ocrx_word' id='word_1_485' title='bbox 2147 3152 2304 3237; x_wconf 66' lang='grc' dir='ltr'>ιγὰρ</span> <span class='ocrx_word' id='word_1_486' title='bbox 2340 3151 2402 3208; x_wconf 76' lang='grc' dir='ltr'><strong>ὃν</strong></span> <span class='ocrx_word' id='word_1_487' title='bbox 2447 3153 2510 3206; x_wconf 78' lang='grc' dir='ltr'>οὐ</span> <span class='ocrx_word' id='word_1_488' title='bbox 2543 3152 2754 3222; x_wconf 79' lang='grc' dir='ltr'>γίνεται</span> <span class='ocrx_word' id='word_1_489' title='bbox 2802 3151 2831 3205; x_wconf 82' lang='grc' dir='ltr'><strong>δ</strong></span> <span class='ocrx_word' id='word_1_490' title='bbox 2876 3151 2977 3223; x_wconf 66' lang='grc' dir='ltr'><strong>ἥδη</strong></span> <span class='ocrx_word' id='word_1_491' title='bbox 3024 3150 3193 3207; x_wconf 79' lang='grc' dir='ltr'>ἐστίν.</span> <span class='ocrx_word' id='word_1_492' title='bbox 3233 3150 3293 3203; x_wconf 82' lang='lat' dir='ltr'><strong>Ei</strong></span> <span class='ocrx_word' id='word_1_493' title='bbox 3337 3148 3399 3203; x_wconf 82' lang='grc' dir='ltr'>δὲ</span> <span class='ocrx_word' id='word_1_494' title='bbox 3421 3138 3733 3237; x_wconf 37' lang='lat' dir='ltr'><strong>gemam</strong></span> 
     </span>
    </p>
   </div>
   <div class='ocr_carea' id='block_1_55' title="bbox 495 3233 2081 3316">
    <p class='ocr_par' dir='ltr' id='par_1_55' title="bbox 495 3236 2081 3308">
     <span class='ocr_line' id='line_1_55' title="bbox 495 3236 2081 3308; baseline 0.001 -17"><span class='ocrx_word' id='word_1_495' title='bbox 495 3239 608 3291; x_wconf 68' lang='grc' dir='ltr'>ρει.</span> <span class='ocrx_word' id='word_1_496' title='bbox 641 3236 815 3306; x_wconf 84' lang='lat' dir='ltr'><strong>Igitur</strong></span> <span class='ocrx_word' id='word_1_497' title='bbox 846 3246 1083 3292; x_wconf 91' lang='lat' dir='ltr'><strong>eatenus</strong></span> <span class='ocrx_word' id='word_1_498' title='bbox 1117 3238 1386 3292; x_wconf 89' lang='lat' dir='ltr'><strong>unitatem</strong></span> <span class='ocrx_word' id='word_1_499' title='bbox 1416 3236 1792 3308; x_wconf 90' lang='lat' dir='ltr'><strong>participant,</strong></span> <span class='ocrx_word' id='word_1_500' title='bbox 1820 3245 2081 3306; x_wconf 76' lang='lat' dir='ltr'><strong>quatenus</strong></span> 
     </span>
    </p>
   </div>
   <div class='ocr_carea' id='block_1_56' title="bbox 2146 3233 3732 3316">
    <p class='ocr_par' dir='ltr' id='par_1_56' title="bbox 2148 3233 3732 3316">
     <span class='ocr_line' id='line_1_56' title="bbox 2148 3233 3732 3316; baseline -0.012 -16"><span class='ocrx_word' id='word_1_501' title='bbox 2148 3233 2163 3237; x_wconf 41' lang='grc'>⁷</span> <span class='ocrx_word' id='word_1_502' title='bbox 2197 3244 2273 3316; x_wconf 84' lang='grc' dir='ltr'>μὴ</span> <span class='ocrx_word' id='word_1_503' title='bbox 2323 3243 2382 3296; x_wconf 80' lang='grc' dir='ltr'><strong>ἓν</strong></span> <span class='ocrx_word' id='word_1_504' title='bbox 2416 3241 2558 3313; x_wconf 74' lang='grc' dir='ltr'>εἶναι</span> <span class='ocrx_word' id='word_1_505' title='bbox 2593 3245 2884 3315; x_wconf 86' lang='grc' dir='ltr'>πρότερον,</span> <span class='ocrx_word' id='word_1_506' title='bbox 2922 3242 3034 3309; x_wconf 75' lang='grc' dir='ltr'>ἔξει</span> <span class='ocrx_word' id='word_1_507' title='bbox 3067 3243 3128 3296; x_wconf 76' lang='grc' dir='ltr'>τὸ</span> <span class='ocrx_word' id='word_1_508' title='bbox 3158 3241 3215 3295; x_wconf 82' lang='grc' dir='ltr'><strong>ἓν</strong></span> <span class='ocrx_word' id='word_1_509' title='bbox 3248 3240 3391 3314; x_wconf 87' lang='lat'><strong>(78),</strong></span> <span class='ocrx_word' id='word_1_510' title='bbox 3420 3233 3732 3309; x_wconf 72' lang='grc' dir='ltr'>ἐγγενομένου</span> 
     </span>
    </p>
   </div>
   <div class='ocr_carea' id='block_1_57' title="bbox 496 3328 2082 3400">
    <p class='ocr_par' dir='ltr' id='par_1_57' title="bbox 496 3328 2082 3400">
     <span class='ocr_line' id='line_1_57' title="bbox 496 3328 2082 3400; baseline 0.003 -17"><span class='ocrx_word' id='word_1_511' title='bbox 496 3344 600 3398; x_wconf 90' lang='lat' dir='ltr'><strong>per</strong></span> <span class='ocrx_word' id='word_1_512' title='bbox 641 3328 1043 3385; x_wconf 85' lang='lat' dir='ltr'><strong>accidentalem</strong></span> <span class='ocrx_word' id='word_1_513' title='bbox 1086 3339 1143 3385; x_wconf 90' lang='lat' dir='ltr'><strong>et</strong></span> <span class='ocrx_word' id='word_1_514' title='bbox 1197 3330 1557 3386; x_wconf 84' lang='lat' dir='ltr'><strong>adventitiam</strong></span> <span class='ocrx_word' id='word_1_515' title='bbox 1610 3330 1720 3386; x_wconf 88' lang='lat' dir='ltr'><strong>sibi</strong></span> <span class='ocrx_word' id='word_1_516' title='bbox 1768 3331 2082 3400; x_wconf 77' lang='lat' dir='ltr'><strong>qualitatem</strong></span> 
     </span>
    </p>
   </div>
   <div class='ocr_carea' id='block_1_58' title="bbox 1719 3328 3305 3400">
    <p class='ocr_par' dir='ltr' id='par_1_58' title="bbox 1719 3331 3305 3400">
     <span class='ocr_line' id='line_1_58' title="bbox 1719 3331 3305 3400; baseline 0.006 -15"><span class='ocrx_word' id='word_1_517' title='bbox 1719 3380 1720 3385; x_wconf 47' lang='grc' dir='ltr'><strong>η</strong></span> <span class='ocrx_word' id='word_1_518' title='bbox 1768 3331 2092 3400; x_wconf 74' lang='lat' dir='ltr'><strong>qualitatem</strong></span> <span class='ocrx_word' id='word_1_519' title='bbox 2195 3337 2342 3400; x_wconf 82' lang='grc' dir='ltr'>τινὸς</span> <span class='ocrx_word' id='word_1_520' title='bbox 2369 3338 2426 3392; x_wconf 80' lang='grc' dir='ltr'><strong>ὲν</strong></span> <span class='ocrx_word' id='word_1_521' title='bbox 2454 3337 2638 3400; x_wconf 85' lang='grc' dir='ltr'>αὐτοῖς</span> <span class='ocrx_word' id='word_1_522' title='bbox 2672 3336 2816 3399; x_wconf 76' lang='grc' dir='ltr'>ἑνός.</span> <span class='ocrx_word' id='word_1_523' title='bbox 3299 3340 3305 3347; x_wconf 80' lang='grc'><strong><em>’</em></strong></span> 
     </span>
    </p>
   </div>
   <div class='ocr_carea' id='block_1_59' title="bbox 497 3419 3737 3500">
    <p class='ocr_par' dir='ltr' id='par_1_59' title="bbox 497 3419 3737 3500">
     <span class='ocr_line' id='line_1_59' title="bbox 497 3419 3737 3500; baseline 0.001 -29"><span class='ocrx_word' id='word_1_524' title='bbox 497 3437 670 3475; x_wconf 77' lang='lat' dir='ltr'><strong>unum</strong></span> <span class='ocrx_word' id='word_1_525' title='bbox 713 3425 869 3480; x_wconf 91' lang='lat' dir='ltr'><strong>liunt.</strong></span> <span class='ocrx_word' id='word_1_526' title='bbox 895 3424 1029 3479; x_wconf 90' lang='lat' dir='ltr'><strong>Nam</strong></span> <span class='ocrx_word' id='word_1_527' title='bbox 1064 3425 1108 3481; x_wconf 92' lang='lat' dir='ltr'><strong>si</strong></span> <span class='ocrx_word' id='word_1_528' title='bbox 1134 3427 1248 3497; x_wconf 88' lang='lat' dir='ltr'><strong>jam</strong></span> <span class='ocrx_word' id='word_1_529' title='bbox 1290 3436 1452 3481; x_wconf 90' lang='lat' dir='ltr'><strong>antea</strong></span> <span class='ocrx_word' id='word_1_530' title='bbox 1480 3440 1651 3481; x_wconf 90' lang='lat' dir='ltr'><strong>unum</strong></span> <span class='ocrx_word' id='word_1_531' title='bbox 1678 3435 1888 3491; x_wconf 89' lang='lat' dir='ltr'><strong>essent,</strong></span> <span class='ocrx_word' id='word_1_532' title='bbox 1919 3442 2089 3481; x_wconf 90' lang='lat' dir='ltr'><strong>unum</strong></span> <span class='ocrx_word' id='word_1_533' title='bbox 2131 3445 2242 3486; x_wconf 90' lang='lat' dir='ltr'><strong>non</strong></span> <span class='ocrx_word' id='word_1_534' title='bbox 2289 3432 2506 3488; x_wconf 85' lang='lat' dir='ltr'><strong>ﬁerent.</strong></span> <span class='ocrx_word' id='word_1_535' title='bbox 2551 3431 2710 3500; x_wconf 85' lang='lat' dir='ltr'><strong>Quod</strong></span> <span class='ocrx_word' id='word_1_536' title='bbox 2760 3429 2909 3486; x_wconf 86' lang='lat' dir='ltr'><strong>enim</strong></span> <span class='ocrx_word' id='word_1_537' title='bbox 2980 3436 3087 3496; x_wconf 90' lang='lat' dir='ltr'><strong>est,</strong></span> <span class='ocrx_word' id='word_1_538' title='bbox 3156 3442 3267 3481; x_wconf 88' lang='lat' dir='ltr'><strong>non</strong></span> <span class='ocrx_word' id='word_1_539' title='bbox 3314 3425 3379 3480; x_wconf 83' lang='lat' dir='ltr'><strong>lit</strong></span> <span class='ocrx_word' id='word_1_540' title='bbox 3430 3419 3565 3478; x_wconf 86' lang='lat' dir='ltr'><strong>istud</strong></span> <span class='ocrx_word' id='word_1_541' title='bbox 3593 3423 3737 3489; x_wconf 76' lang='lat' dir='ltr'><strong>ipwm</strong></span> 
     </span>
    </p>
   </div>
   <div class='ocr_carea' id='block_1_60' title="bbox 493 3514 3740 3595">
    <p class='ocr_par' dir='ltr' id='par_1_60' title="bbox 493 3514 3740 3595">
     <span class='ocr_line' id='line_1_60' title="bbox 493 3514 3740 3595; baseline -0.002 -27"><span class='ocrx_word' id='word_1_542' title='bbox 493 3514 646 3584; x_wconf 80' lang='lat' dir='ltr'><strong>quod</strong></span> <span class='ocrx_word' id='word_1_543' title='bbox 711 3516 824 3587; x_wconf 88' lang='lat' dir='ltr'><strong>jam</strong></span> <span class='ocrx_word' id='word_1_544' title='bbox 880 3525 985 3572; x_wconf 91' lang='lat' dir='ltr'><strong>est.</strong></span> <span class='ocrx_word' id='word_1_545' title='bbox 1061 3516 1159 3572; x_wconf 91' lang='lat' dir='ltr'><strong>Sin</strong></span> <span class='ocrx_word' id='word_1_546' title='bbox 1212 3533 1383 3572; x_wconf 90' lang='lat' dir='ltr'><strong>unum</strong></span> <span class='ocrx_word' id='word_1_547' title='bbox 1432 3516 1606 3581; x_wconf 83' lang='lat' dir='ltr'><strong>ﬁant,</strong></span> <span class='ocrx_word' id='word_1_548' title='bbox 1656 3531 1725 3571; x_wconf 90' lang='lat' dir='ltr'><strong>eo</strong></span> <span class='ocrx_word' id='word_1_549' title='bbox 1778 3516 1929 3588; x_wconf 92' lang='lat' dir='ltr'><strong>quod</strong></span> <span class='ocrx_word' id='word_1_550' title='bbox 1982 3534 2172 3576; x_wconf 80' lang='lat' dir='ltr'><strong>unum.</strong></span> <span class='ocrx_word' id='word_1_551' title='bbox 2196 3522 2353 3593; x_wconf 79' lang='lat' dir='ltr'><strong>prius</strong></span> <span class='ocrx_word' id='word_1_552' title='bbox 2390 3539 2500 3581; x_wconf 70' lang='lat' dir='ltr'><strong>non</strong></span> <span class='ocrx_word' id='word_1_553' title='bbox 2544 3532 2774 3589; x_wconf 71' lang='lat' dir='ltr'><strong>essent,</strong></span> <span class='ocrx_word' id='word_1_554' title='bbox 2835 3520 3102 3580; x_wconf 73' lang='lat' dir='ltr'><strong>unitatem</strong></span> <span class='ocrx_word' id='word_1_555' title='bbox 3151 3517 3474 3582; x_wconf 74' lang='lat' dir='ltr'><strong>habebunt,</strong></span> <span class='ocrx_word' id='word_1_556' title='bbox 3509 3519 3740 3595; x_wconf 76' lang='lat' dir='ltr'><strong>quatenus</strong></span> 
     </span>
    </p>
   </div>
   <div class='ocr_carea' id='block_1_61' title="bbox 464 3610 1459 3682">
    <p class='ocr_par' dir='ltr' id='par_1_61' title="bbox 464 3610 1459 3682">
     <span class='ocr_line' id='line_1_61' title="bbox 464 3610 1459 3682; baseline 0.001 -18"><span class='ocrx_word' id='word_1_557' title='bbox 464 3678 477 3682; x_wconf 23' lang='grc' dir='ltr'><strong><em>υ</em></strong></span> <span class='ocrx_word' id='word_1_558' title='bbox 498 3625 671 3665; x_wconf 90' lang='lat' dir='ltr'><strong>unum</strong></span> <span class='ocrx_word' id='word_1_559' title='bbox 708 3610 840 3681; x_wconf 90' lang='lat' dir='ltr'><strong>quid</strong></span> <span class='ocrx_word' id='word_1_560' title='bbox 871 3610 1009 3682; x_wconf 89' lang='lat' dir='ltr'><strong>ipsis</strong></span> <span class='ocrx_word' id='word_1_561' title='bbox 1050 3626 1244 3668; x_wconf 86' lang='lat' dir='ltr'><strong>recens</strong></span> <span class='ocrx_word' id='word_1_562' title='bbox 1270 3610 1459 3666; x_wconf 90' lang='lat' dir='ltr'><strong>inerit.</strong></span> 
     </span>
    </p>
   </div>
   <div class='ocr_carea' id='block_1_62' title="bbox 1980 3722 2321 3781">
    <p class='ocr_par' dir='ltr' id='par_1_62' title="bbox 1980 3722 2321 3781">
     <span class='ocr_line' id='line_1_62' title="bbox 1980 3722 2321 3781; baseline -0.012 -1"><span class='ocrx_word' id='word_1_563' title='bbox 1980 3722 2209 3781; x_wconf 80' lang='lat' dir='ltr'><strong>CAPUT</strong></span> <span class='ocrx_word' id='word_1_564' title='bbox 2251 3722 2321 3777; x_wconf 87' lang='lat' dir='ltr'><strong>ll.</strong></span> 
     </span>
    </p>
   </div>
   <div class='ocr_carea' id='block_1_63' title="bbox 576 3802 2162 3894">
    <p class='ocr_par' dir='ltr' id='par_1_63' title="bbox 576 3818 2109 3894">
     <span class='ocr_line' id='line_1_63' title="bbox 576 3818 2109 3894; baseline 0.001 -19"><span class='ocrx_word' id='word_1_565' title='bbox 576 3820 617 3876; x_wconf 89' lang='grc' dir='ltr'>ι.</span> <span class='ocrx_word' id='word_1_566' title='bbox 689 3821 816 3877; x_wconf 78' lang='lat' dir='ltr'><strong>llaec</strong></span> <span class='ocrx_word' id='word_1_567' title='bbox 873 3837 976 3894; x_wconf 86' lang='lat' dir='ltr'><strong>ego</strong></span> <span class='ocrx_word' id='word_1_568' title='bbox 1033 3836 1159 3876; x_wconf 89' lang='lat' dir='ltr'><strong>cum</strong></span> <span class='ocrx_word' id='word_1_569' title='bbox 1221 3820 1533 3887; x_wconf 80' lang='lat' dir='ltr'><strong>dixissem,</strong></span> <span class='ocrx_word' id='word_1_570' title='bbox 1604 3820 1869 3893; x_wconf 89' lang='lat' dir='ltr'><strong>loquendi</strong></span> <span class='ocrx_word' id='word_1_571' title='bbox 1928 3818 2109 3877; x_wconf 83' lang='lat' dir='ltr'><strong>cilicio</strong></span> 
     </span>
    </p>
   </div>
   <div class='ocr_carea' id='block_1_64' title="bbox 2155 3802 3741 3894">
    <p class='ocr_par' dir='ltr' id='par_1_64' title="bbox 2279 3802 3741 3888">
     <span class='ocr_line' id='line_1_64' title="bbox 2279 3802 3741 3888; baseline -0.014 -12"><span class='ocrx_word' id='word_1_572' title='bbox 2279 3819 2359 3877; x_wconf 54' lang='grc' dir='ltr'><strong>ΔΩ</strong></span> <span class='ocrx_word' id='word_1_573' title='bbox 2408 3812 2549 3888; x_wconf 62' lang='grc' dir='ltr'><strong>Ἐγὼ</strong></span> <span class='ocrx_word' id='word_1_574' title='bbox 2588 3816 2688 3888; x_wconf 80' lang='grc' dir='ltr'><strong>μὲν</strong></span> <span class='ocrx_word' id='word_1_575' title='bbox 2715 3812 2812 3870; x_wconf 71' lang='grc' dir='ltr'>οὖν</span> <span class='ocrx_word' id='word_1_576' title='bbox 2844 3811 3017 3869; x_wconf 78' lang='grc' dir='ltr'>ταῦτα</span> <span class='ocrx_word' id='word_1_577' title='bbox 3036 3810 3209 3866; x_wconf 79' lang='grc' dir='ltr'>εἰπὼν</span> <span class='ocrx_word' id='word_1_578' title='bbox 3242 3810 3403 3882; x_wconf 77' lang='grc' dir='ltr'><strong>ᾤμην</strong></span> <span class='ocrx_word' id='word_1_579' title='bbox 3418 3809 3569 3876; x_wconf 85' lang='grc' dir='ltr'>λόγου</span> <span class='ocrx_word' id='word_1_580' title='bbox 3599 3802 3741 3873; x_wconf 77' lang='grc' dir='ltr'>ἀπηλ-</span> 
     </span>
    </p>
   </div>
   <div class='ocr_carea' id='block_1_65' title="bbox 504 3897 2090 3984">
    <p class='ocr_par' dir='ltr' id='par_1_65' title="bbox 504 3911 2090 3984">
     <span class='ocr_line' id='line_1_65' title="bbox 504 3911 2090 3984; baseline -0.002 -16"><span class='ocrx_word' id='word_1_581' title='bbox 504 3913 727 3969; x_wconf 83' lang='lat' dir='ltr'><strong>abunde</strong></span> <span class='ocrx_word' id='word_1_582' title='bbox 758 3912 1111 3984; x_wconf 79' lang='lat' dir='ltr'><strong>perfuncmm</strong></span> <span class='ocrx_word' id='word_1_583' title='bbox 1142 3927 1229 3968; x_wconf 88' lang='lat' dir='ltr'><strong>me</strong></span> <span class='ocrx_word' id='word_1_584' title='bbox 1275 3927 1399 3967; x_wconf 86' lang='lat' dir='ltr'><strong>esse</strong></span> <span class='ocrx_word' id='word_1_585' title='bbox 1432 3913 1718 3983; x_wconf 83' lang='lat' dir='ltr'><strong>putabam.</strong></span> <span class='ocrx_word' id='word_1_586' title='bbox 1741 3913 1933 3984; x_wconf 89' lang='lat' dir='ltr'><strong>Neque</strong></span> <span class='ocrx_word' id='word_1_587' title='bbox 1956 3911 2090 3967; x_wconf 83' lang='lat' dir='ltr'><strong>enin</strong></span> 
     </span>
    </p>
   </div>
   <div class='ocr_carea' id='block_1_66' title="bbox 2155 3897 3741 3984">
    <p class='ocr_par' dir='ltr' id='par_1_66' title="bbox 2204 3897 3741 3984">
     <span class='ocr_line' id='line_1_66' title="bbox 2204 3897 3741 3984; baseline -0.013 -17"><span class='ocrx_word' id='word_1_588' title='bbox 2204 3911 2441 3983; x_wconf 73' lang='grc' dir='ltr'>λάχθαιο</span> <span class='ocrx_word' id='word_1_589' title='bbox 2482 3909 2621 3981; x_wconf 79' lang='grc' dir='ltr'><strong>μηδὲ</strong></span> <span class='ocrx_word' id='word_1_590' title='bbox 2664 3908 2776 3979; x_wconf 81' lang='grc' dir='ltr'>γὰρ</span> <span class='ocrx_word' id='word_1_591' title='bbox 2823 3905 3037 3961; x_wconf 80' lang='grc' dir='ltr'>δεῖσθαι</span> <span class='ocrx_word' id='word_1_592' title='bbox 3087 3902 3355 3957; x_wconf 85' lang='grc' dir='ltr'>πλειόνων</span> <span class='ocrx_word' id='word_1_593' title='bbox 3409 3901 3489 3955; x_wconf 75' lang='grc' dir='ltr'>ἔτι</span> <span class='ocrx_word' id='word_1_594' title='bbox 3540 3897 3625 3951; x_wconf 78' lang='grc' dir='ltr'>καὶ</span> <span class='ocrx_word' id='word_1_595' title='bbox 3668 3911 3741 3984; x_wconf 81' lang='grc' dir='ltr'>σα-</span> 
     </span>
    </p>
   </div>
   <div class='ocr_carea' id='block_1_67' title="bbox 498 3980 2084 4075">
    <p class='ocr_par' dir='ltr' id='par_1_67' title="bbox 498 4003 2084 4075">
     <span class='ocr_line' id='line_1_67' title="bbox 498 4003 2084 4075; baseline -0.001 -16"><span class='ocrx_word' id='word_1_596' title='bbox 498 4004 882 4059; x_wconf 74' lang='lat' dir='ltr'><strong>existimabam</strong></span> <span class='ocrx_word' id='word_1_597' title='bbox 928 4003 1185 4073; x_wconf 85' lang='lat' dir='ltr'><strong>pluribus</strong></span> <span class='ocrx_word' id='word_1_598' title='bbox 1215 4012 1272 4058; x_wconf 89' lang='lat' dir='ltr'><strong>et</strong></span> <span class='ocrx_word' id='word_1_599' title='bbox 1313 4003 1757 4060; x_wconf 88' lang='lat' dir='ltr'><strong>evidentioribus</strong></span> <span class='ocrx_word' id='word_1_600' title='bbox 1802 4021 1944 4075; x_wconf 90' lang='lat' dir='ltr'><strong>opus</strong></span> <span class='ocrx_word' id='word_1_601' title='bbox 1984 4019 2084 4060; x_wconf 63' lang='lat' dir='ltr'><strong>e551</strong></span> 
     </span>
    </p>
   </div>
   <div class='ocr_carea' id='block_1_68' title="bbox 2155 3980 3741 4075">
    <p class='ocr_par' dir='ltr' id='par_1_68' title="bbox 2202 3980 3741 4075">
     <span class='ocr_line' id='line_1_68' title="bbox 2202 3980 3741 4075; baseline -0.014 -20"><span class='ocrx_word' id='word_1_602' title='bbox 2202 3980 2493 4073; x_wconf 69' lang='grc' dir='ltr'>φεστέρων</span> <span class='ocrx_word' id='word_1_603' title='bbox 2526 3980 2877 4070; x_wconf 64' lang='grc' dir='ltr'>μαρτυριῶν;</span> <span class='ocrx_word' id='word_1_604' title='bbox 2925 3996 3006 4058; x_wconf 86' lang='grc' dir='ltr'><strong>είς</strong></span> <span class='ocrx_word' id='word_1_605' title='bbox 3053 3992 3412 4064; x_wconf 78' lang='grc' dir='ltr'>παράστασιν</span> <span class='ocrx_word' id='word_1_606' title='bbox 3441 3988 3538 4055; x_wconf 82' lang='grc' dir='ltr'>τῆς</span> <span class='ocrx_word' id='word_1_607' title='bbox 3565 3980 3741 4075; x_wconf 68' lang='grc' dir='ltr'>ἑνιαίας</span> 
     </span>
    </p>
   </div>
   <div class='ocr_carea' id='block_1_69' title="bbox 500 4070 2086 4179">
    <p class='ocr_par' dir='ltr' id='par_1_69' title="bbox 500 4094 2086 4167">
     <span class='ocr_line' id='line_1_69' title="bbox 500 4094 2086 4167; baseline 0 -15"><span class='ocrx_word' id='word_1_608' title='bbox 500 4097 843 4153; x_wconf 87' lang='lat' dir='ltr'><strong>testimoniis</strong></span> <span class='ocrx_word' id='word_1_609' title='bbox 863 4136 878 4161; x_wconf 94' lang='lat'><strong>,</strong></span> <span class='ocrx_word' id='word_1_610' title='bbox 908 4104 971 4150; x_wconf 91' lang='lat' dir='ltr'><strong>ut</strong></span> <span class='ocrx_word' id='word_1_611' title='bbox 998 4094 1162 4150; x_wconf 86' lang='lat' dir='ltr'><strong>unica</strong></span> <span class='ocrx_word' id='word_1_612' title='bbox 1193 4095 1283 4150; x_wconf 85' lang='lat' dir='ltr'><strong>illa</strong></span> <span class='ocrx_word' id='word_1_613' title='bbox 1318 4096 1618 4167; x_wconf 83' lang='lat' dir='ltr'><strong>singularis</strong></span> <span class='ocrx_word' id='word_1_614' title='bbox 1645 4108 1701 4153; x_wconf 89' lang='lat' dir='ltr'><strong>et</strong></span> <span class='ocrx_word' id='word_1_615' title='bbox 1721 4098 1921 4154; x_wconf 74' lang='lat' dir='ltr'><strong>divina</strong></span> <span class='ocrx_word' id='word_1_616' title='bbox 1954 4099 2086 4153; x_wconf 87' lang='lat' dir='ltr'><strong>sim-</strong></span> 
     </span>
    </p>
   </div>
   <div class='ocr_carea' id='block_1_70' title="bbox 2156 4070 3742 4179">
    <p class='ocr_par' dir='ltr' id='par_1_70' title="bbox 2201 4070 3742 4179">
     <span class='ocr_line' id='line_1_70' title="bbox 2201 4070 3742 4179; baseline -0.016 -32"><span class='ocrx_word' id='word_1_617' title='bbox 2201 4070 2420 4163; x_wconf 61' lang='grc' dir='ltr'>εκείντίς</span> <span class='ocrx_word' id='word_1_618' title='bbox 2453 4091 2549 4146; x_wconf 73' lang='grc' dir='ltr'>καὶ</span> <span class='ocrx_word' id='word_1_619' title='bbox 2599 4087 2903 4161; x_wconf 82' lang='grc' dir='ltr'>μοναδικῆς</span> <span class='ocrx_word' id='word_1_620' title='bbox 2963 4086 3060 4139; x_wconf 76' lang='grc' dir='ltr'>καὶ</span> <span class='ocrx_word' id='word_1_621' title='bbox 3118 4084 3270 4147; x_wconf 82' lang='grc' dir='ltr'>Θείας</span> <span class='ocrx_word' id='word_1_622' title='bbox 3318 4080 3646 4179; x_wconf 45' lang='grc' dir='ltr'>ἁπλότητος..</span> <span class='ocrx_word' id='word_1_623' title='bbox 3668 4070 3742 4179; x_wconf 61' lang='grc' dir='ltr'><strong>καί</strong></span> 
     </span>
    </p>
   </div>
   <div class='ocr_carea' id='block_1_71' title="bbox 498 4164 2084 4265">
    <p class='ocr_par' dir='ltr' id='par_1_71' title="bbox 498 4164 2084 4265">
     <span class='ocr_line' id='line_1_71' title="bbox 498 4164 2084 4265; baseline -0.001 -19"><span class='ocrx_word' id='word_1_624' title='bbox 498 4191 722 4265; x_wconf 79' lang='lat' dir='ltr'><strong>plicitas</strong></span> <span class='ocrx_word' id='word_1_625' title='bbox 756 4189 1169 4253; x_wconf 86' lang='lat' dir='ltr'><strong>ostenderetur,</strong></span> <span class='ocrx_word' id='word_1_626' title='bbox 1206 4198 1265 4244; x_wconf 92' lang='lat' dir='ltr'><strong>ut</strong></span> <span class='ocrx_word' id='word_1_627' title='bbox 1291 4164 1475 4245; x_wconf 77' lang='lat' dir='ltr'><strong>etalia</strong></span> <span class='ocrx_word' id='word_1_628' title='bbox 1514 4206 1862 4264; x_wconf 72' lang='lat' dir='ltr'><strong>quaecunque</strong></span> <span class='ocrx_word' id='word_1_629' title='bbox 1895 4191 1964 4246; x_wconf 90' lang='lat' dir='ltr'><strong>de</strong></span> <span class='ocrx_word' id='word_1_630' title='bbox 1990 4191 2084 4247; x_wconf 75' lang='lat' dir='ltr'><strong>Det</strong></span> 
     </span>
    </p>
   </div>
   <div class='ocr_carea' id='block_1_72' title="bbox 2154 4164 3740 4265">
    <p class='ocr_par' dir='ltr' id='par_1_72' title="bbox 2208 4164 3740 4265">
     <span class='ocr_line' id='line_1_72' title="bbox 2208 4164 3740 4265; baseline -0.014 -26"><span class='ocrx_word' id='word_1_631' title='bbox 2208 4186 2310 4240; x_wconf 79' lang='grc' dir='ltr'>ὅσα</span> <span class='ocrx_word' id='word_1_632' title='bbox 2329 4183 2605 4237; x_wconf 60' lang='grc' dir='ltr'>δεικνῦσιν</span> <span class='ocrx_word' id='word_1_633' title='bbox 2645 4181 2812 4251; x_wconf 76' lang='grc' dir='ltr'>ἕτερα</span> <span class='ocrx_word' id='word_1_634' title='bbox 2850 4179 2981 4247; x_wconf 68' lang='grc' dir='ltr'>περὶ</span> <span class='ocrx_word' id='word_1_635' title='bbox 3003 4175 3137 4230; x_wconf 84' lang='grc' dir='ltr'>Θεοῦ</span> <span class='ocrx_word' id='word_1_636' title='bbox 3179 4174 3287 4229; x_wconf 85' lang='grc' dir='ltr'><strong>τῶν</strong></span> <span class='ocrx_word' id='word_1_637' title='bbox 3329 4175 3499 4227; x_wconf 74' lang='grc' dir='ltr'>πάλαι</span> <span class='ocrx_word' id='word_1_638' title='bbox 3521 4166 3680 4238; x_wconf 76' lang='grc' dir='ltr'>σοφῶν</span> <span class='ocrx_word' id='word_1_639' title='bbox 3705 4164 3740 4265; x_wconf 75' lang='grc' dir='ltr'>οξ</span> 
     </span>
    </p>
   </div>
   <div class='ocr_carea' id='block_1_73' title="bbox 499 4256 2085 4355">
    <p class='ocr_par' dir='ltr' id='par_1_73' title="bbox 499 4261 2079 4355">
     <span class='ocr_line' id='line_1_73' title="bbox 499 4261 2079 4355; baseline 0.001 -19"><span class='ocrx_word' id='word_1_640' title='bbox 499 4261 958 4338; x_wconf 69' lang='lat' dir='ltr'><strong>démonstrantur</strong></span> <span class='ocrx_word' id='word_1_641' title='bbox 984 4298 1050 4337; x_wconf 84' lang='lat' dir='ltr'><strong>ex</strong></span> <span class='ocrx_word' id='word_1_642' title='bbox 1086 4293 1337 4338; x_wconf 82' lang='lat' dir='ltr'><strong>veterum</strong></span> <span class='ocrx_word' id='word_1_643' title='bbox 1366 4282 1583 4354; x_wconf 88' lang='lat' dir='ltr'><strong>placitis</strong></span> <span class='ocrx_word' id='word_1_644' title='bbox 1621 4284 2079 4355; x_wconf 78' lang='lat' dir='ltr'><strong>philosophorum</strong></span> 
     </span>
    </p>
   </div>
   <div class='ocr_carea' id='block_1_74' title="bbox 2159 4256 3745 4355">
    <p class='ocr_par' dir='ltr' id='par_1_74' title="bbox 2208 4256 3745 4351">
     <span class='ocr_line' id='line_1_74' title="bbox 2208 4256 3745 4351; baseline -0.017 -16"><span class='ocrx_word' id='word_1_645' title='bbox 2208 4279 2381 4350; x_wconf 75' lang='grc' dir='ltr'>λόγοι,</span> <span class='ocrx_word' id='word_1_646' title='bbox 2402 4277 2485 4351; x_wconf 78' lang='grc' dir='ltr'><strong>[Ρ.</strong></span> <span class='ocrx_word' id='word_1_647' title='bbox 2518 4275 2644 4349; x_wconf 81' lang='grc'>687]</span> <span class='ocrx_word' id='word_1_648' title='bbox 2667 4271 3017 4346; x_wconf 80' lang='grc' dir='ltr'>ὑπεράγαθον</span> <span class='ocrx_word' id='word_1_649' title='bbox 3053 4268 3215 4324; x_wconf 77' lang='grc' dir='ltr'>αὐτὸν</span> <span class='ocrx_word' id='word_1_650' title='bbox 3242 4268 3550 4330; x_wconf 76' lang='grc' dir='ltr'>καλοῦντες,</span> <span class='ocrx_word' id='word_1_651' title='bbox 3573 4263 3658 4315; x_wconf 69' lang='grc' dir='ltr'>καὶ</span> <span class='ocrx_word' id='word_1_652' title='bbox 3677 4256 3745 4309; x_wconf 77' lang='grc' dir='ltr'>τό·</span> 
     </span>
    </p>
   </div>
   <div class='ocr_carea' id='block_1_75' title="bbox 504 4355 2090 4447">
    <p class='ocr_par' dir='ltr' id='par_1_75' title="bbox 504 4374 2090 4447">
     <span class='ocr_line' id='line_1_75' title="bbox 504 4374 2090 4447; baseline 0.001 -18"><span class='ocrx_word' id='word_1_653' title='bbox 504 4376 600 4446; x_wconf 89' lang='lat' dir='ltr'><strong>qni</strong></span> <span class='ocrx_word' id='word_1_654' title='bbox 638 4374 817 4447; x_wconf 84' lang='lat' dir='ltr'><strong>ipsum</strong></span> <span class='ocrx_word' id='word_1_655' title='bbox 865 4391 1034 4447; x_wconf 84' lang='lat' dir='ltr'><strong>super</strong></span> <span class='ocrx_word' id='word_1_656' title='bbox 1072 4377 1633 4432; x_wconf 80' lang='lat' dir='ltr'><strong>omnembonitatem</strong></span> <span class='ocrx_word' id='word_1_657' title='bbox 1667 4376 1899 4443; x_wconf 86' lang='lat' dir='ltr'><strong>bonum,</strong></span> <span class='ocrx_word' id='word_1_658' title='bbox 1923 4377 2090 4432; x_wconf 89' lang='lat' dir='ltr'><strong>locun</strong></span> 
     </span>
    </p>
   </div>
   <div class='ocr_carea' id='block_1_76' title="bbox 2155 4355 3741 4447">
    <p class='ocr_par' dir='ltr' id='par_1_76' title="bbox 2209 4355 3741 4447">
     <span class='ocr_line' id='line_1_76' title="bbox 2209 4355 3741 4447; baseline -0.015 -20"><span class='ocrx_word' id='word_1_659' title='bbox 2209 4390 2311 4426; x_wconf 76' lang='grc' dir='ltr'>τιον</span> <span class='ocrx_word' id='word_1_660' title='bbox 2347 4369 2491 4441; x_wconf 81' lang='grc' dir='ltr'><strong>ὑπὲρ</strong></span> <span class='ocrx_word' id='word_1_661' title='bbox 2512 4369 2701 4433; x_wconf 80' lang='grc' dir='ltr'>τόπον,</span> <span class='ocrx_word' id='word_1_662' title='bbox 2725 4368 2819 4422; x_wconf 83' lang='grc' dir='ltr'>καὶ</span> <span class='ocrx_word' id='word_1_663' title='bbox 2836 4367 3021 4435; x_wconf 80' lang='grc' dir='ltr'>νόησιν</span> <span class='ocrx_word' id='word_1_664' title='bbox 3048 4363 3187 4434; x_wconf 77' lang='grc' dir='ltr'>ὑπὲρ</span> <span class='ocrx_word' id='word_1_665' title='bbox 3211 4364 3418 4431; x_wconf 83' lang='grc' dir='ltr'>νόησιν,</span> <span class='ocrx_word' id='word_1_666' title='bbox 3447 4359 3536 4412; x_wconf 75' lang='grc' dir='ltr'>καὶ</span> <span class='ocrx_word' id='word_1_667' title='bbox 3562 4355 3741 4447; x_wconf 65' lang='grc' dir='ltr'>κίνηςιν</span> 
     </span>
    </p>
   </div>
   <div class='ocr_carea' id='block_1_77' title="bbox 498 4442 2084 4544">
    <p class='ocr_par' dir='ltr' id='par_1_77' title="bbox 498 4468 2082 4540">
     <span class='ocr_line' id='line_1_77' title="bbox 498 4468 2082 4540; baseline 0.001 -17"><span class='ocrx_word' id='word_1_668' title='bbox 498 4484 676 4540; x_wconf 88' lang='lat' dir='ltr'><strong>super</strong></span> <span class='ocrx_word' id='word_1_669' title='bbox 705 4484 927 4524; x_wconf 88' lang='lat' dir='ltr'><strong>omnem</strong></span> <span class='ocrx_word' id='word_1_670' title='bbox 957 4469 1167 4533; x_wconf 86' lang='lat' dir='ltr'><strong>locum,</strong></span> <span class='ocrx_word' id='word_1_671' title='bbox 1196 4468 1542 4523; x_wconf 89' lang='lat' dir='ltr'><strong>intellectum</strong></span> <span class='ocrx_word' id='word_1_672' title='bbox 1572 4484 1742 4539; x_wconf 89' lang='lat' dir='ltr'><strong>super</strong></span> <span class='ocrx_word' id='word_1_673' title='bbox 1770 4484 1989 4524; x_wconf 89' lang='lat' dir='ltr'><strong>omnem</strong></span> <span class='ocrx_word' id='word_1_674' title='bbox 2027 4469 2082 4524; x_wconf 88' lang='lat' dir='ltr'><strong>in</strong></span> 
     </span>
    </p>
   </div>
   <div class='ocr_carea' id='block_1_78' title="bbox 2155 4442 3741 4544">
    <p class='ocr_par' dir='ltr' id='par_1_78' title="bbox 2212 4442 3741 4544">
     <span class='ocr_line' id='line_1_78' title="bbox 2212 4442 3741 4544; baseline -0.016 -24"><span class='ocrx_word' id='word_1_675' title='bbox 2212 4465 2357 4537; x_wconf 83' lang='grc' dir='ltr'><strong>ὑπὲρ</strong></span> <span class='ocrx_word' id='word_1_676' title='bbox 2396 4465 2635 4535; x_wconf 84' lang='grc' dir='ltr'>κίνησιν,</span> <span class='ocrx_word' id='word_1_677' title='bbox 2691 4463 2804 4524; x_wconf 80' lang='grc' dir='ltr'>τοῖς</span> <span class='ocrx_word' id='word_1_678' title='bbox 2845 4459 3022 4524; x_wconf 83' lang='grc' dir='ltr'>ἁγίοις</span> <span class='ocrx_word' id='word_1_679' title='bbox 3056 4455 3281 4526; x_wconf 83' lang='grc' dir='ltr'><strong>ὁμοίως,</strong></span> <span class='ocrx_word' id='word_1_680' title='bbox 3311 4453 3408 4508; x_wconf 74' lang='grc' dir='ltr'>ἅτε</span> <span class='ocrx_word' id='word_1_681' title='bbox 3448 4448 3547 4519; x_wconf 46' lang='grc' dir='ltr'><strong>ὕφη</strong></span> <span class='ocrx_word' id='word_1_682' title='bbox 3571 4447 3643 4502; x_wconf 75' lang='grc' dir='ltr'><strong>ἑνὶ</strong></span> <span class='ocrx_word' id='word_1_683' title='bbox 3670 4442 3741 4544; x_wconf 60' lang='lat' dir='ltr'><strong>nol</strong></span> 
     </span>
    </p>
   </div>
   <div class='ocr_carea' id='block_1_79' title="bbox 506 4549 2092 4632">
    <p class='ocr_par' dir='ltr' id='par_1_79' title="bbox 506 4557 2092 4632">
     <span class='ocr_line' id='line_1_79' title="bbox 506 4557 2092 4632; baseline -0.002 -15"><span class='ocrx_word' id='word_1_684' title='bbox 506 4562 828 4632; x_wconf 80' lang='lat' dir='ltr'><strong>tellectum,</strong></span> <span class='ocrx_word' id='word_1_685' title='bbox 867 4560 1172 4615; x_wconf 87' lang='lat' dir='ltr'><strong>motionem</strong></span> <span class='ocrx_word' id='word_1_686' title='bbox 1205 4575 1375 4629; x_wconf 89' lang='lat' dir='ltr'><strong>super</strong></span> <span class='ocrx_word' id='word_1_687' title='bbox 1407 4575 1626 4616; x_wconf 86' lang='lat' dir='ltr'><strong>omnem</strong></span> <span class='ocrx_word' id='word_1_688' title='bbox 1663 4557 1969 4621; x_wconf 81' lang='lat' dir='ltr'><strong>&#39;melionem</strong></span> <span class='ocrx_word' id='word_1_689' title='bbox 2007 4577 2092 4632; x_wconf 90' lang='lat' dir='ltr'><strong>ap-</strong></span> 
     </span>
    </p>
   </div>
   <div class='ocr_carea' id='block_1_80' title="bbox 2154 4549 3740 4632">
    <p class='ocr_par' dir='ltr' id='par_1_80' title="bbox 2154 4549 3740 4632">
     <span class='ocr_line' id='line_1_80' title="bbox 2154 4549 3740 4632; baseline -0.016 -17"><span class='ocrx_word' id='word_1_690' title='bbox 2154 4624 2172 4632; x_wconf 34' lang='grc' dir='ltr'><strong>λ</strong></span> <span class='ocrx_word' id='word_1_691' title='bbox 2211 4561 2292 4632; x_wconf 78' lang='grc' dir='ltr'>τῷ</span> <span class='ocrx_word' id='word_1_692' title='bbox 2320 4558 2472 4628; x_wconf 74' lang='grc' dir='ltr'>αὐτῷ</span> <span class='ocrx_word' id='word_1_693' title='bbox 2506 4555 2718 4627; x_wconf 80' lang='grc' dir='ltr'>τούτοις</span> <span class='ocrx_word' id='word_1_694' title='bbox 2755 4553 2943 4609; x_wconf 75' lang='grc' dir='ltr'>κανόνι</span> <span class='ocrx_word' id='word_1_695' title='bbox 2999 4553 3332 4620; x_wconf 82' lang='grc' dir='ltr'>τυπούμενοι</span> <span class='ocrx_word' id='word_1_696' title='bbox 3382 4549 3480 4615; x_wconf 82' lang='grc' dir='ltr'><strong>τῆς</strong></span> <span class='ocrx_word' id='word_1_697' title='bbox 3530 4549 3740 4631; x_wconf 66' lang='grc' dir='ltr'>τεχνικηξ</span> 
     </span>
    </p>
   </div>
   <div class='ocr_carea' id='block_1_81' title="bbox 500 4624 2086 4733">
    <p class='ocr_par' dir='ltr' id='par_1_81' title="bbox 500 4624 2086 4733">
     <span class='ocr_line' id='line_1_81' title="bbox 500 4624 2086 4733; baseline -0.001 -24"><span class='ocrx_word' id='word_1_698' title='bbox 500 4654 730 4733; x_wconf 83' lang='lat' dir='ltr'><strong>pellant.</strong></span> <span class='ocrx_word' id='word_1_699' title='bbox 910 4654 966 4706; x_wconf 89' lang='lat' dir='ltr'><strong>in</strong></span> <span class='ocrx_word' id='word_1_700' title='bbox 987 4667 1047 4707; x_wconf 92' lang='lat' dir='ltr'><strong>re</strong></span> <span class='ocrx_word' id='word_1_701' title='bbox 1077 4652 1174 4707; x_wconf 87' lang='lat' dir='ltr'><strong>SS.</strong></span> <span class='ocrx_word' id='word_1_702' title='bbox 1209 4624 1472 4707; x_wconf 74' lang='lat' dir='ltr'><strong>Patribus</strong></span> <span class='ocrx_word' id='word_1_703' title='bbox 1503 4652 1885 4720; x_wconf 87' lang='lat' dir='ltr'><strong>consentiunt,</strong></span> <span class='ocrx_word' id='word_1_704' title='bbox 1916 4624 2086 4722; x_wconf 62' lang='lat' dir='ltr'><strong>utpote</strong></span> 
     </span>
    </p>
   </div>
   <div class='ocr_carea' id='block_1_82' title="bbox 2154 4624 3740 4733">
    <p class='ocr_par' dir='ltr' id='par_1_82' title="bbox 2154 4624 3740 4733">
     <span class='ocr_line' id='line_1_82' title="bbox 2154 4624 3740 4733; baseline -0.02 -23"><span class='ocrx_word' id='word_1_705' title='bbox 2154 4624 2181 4680; x_wconf 57' lang='grc'><strong>⁵</strong></span> <span class='ocrx_word' id='word_1_706' title='bbox 2211 4624 2466 4716; x_wconf 65' lang='grc' dir='ltr'>παιδείας</span> <span class='ocrx_word' id='word_1_707' title='bbox 2497 4626 2592 4705; x_wconf 82' lang='grc' dir='ltr'><strong>καί</strong></span> <span class='ocrx_word' id='word_1_708' title='bbox 2624 4649 2965 4717; x_wconf 75' lang='grc' dir='ltr'>ἐπιστήμης,</span> <span class='ocrx_word' id='word_1_709' title='bbox 3005 4645 3162 4713; x_wconf 79' lang='grc' dir='ltr'>κοινῇ</span> <span class='ocrx_word' id='word_1_710' title='bbox 3207 4643 3317 4703; x_wconf 80' lang='grc' dir='ltr'>τοῖς</span> <span class='ocrx_word' id='word_1_711' title='bbox 3350 4640 3485 4692; x_wconf 74' lang='grc' dir='ltr'>πᾶσι</span> <span class='ocrx_word' id='word_1_712' title='bbox 3520 4631 3641 4703; x_wconf 75' lang='grc' dir='ltr'>πρὸς</span> <span class='ocrx_word' id='word_1_713' title='bbox 3672 4624 3740 4733; x_wconf 53' lang='lat' dir='ltr'><strong>to?</strong></span> 
     </span>
    </p>
   </div>
   <div class='ocr_carea' id='block_1_83' title="bbox 499 4719 2085 4818">
    <p class='ocr_par' dir='ltr' id='par_1_83' title="bbox 499 4727 2085 4809">
     <span class='ocr_line' id='line_1_83' title="bbox 499 4727 2085 4809; baseline -0.001 -6"><span class='ocrx_word' id='word_1_714' title='bbox 499 4727 626 4809; x_wconf 63' lang='lat' dir='ltr'><strong>cum</strong></span> <span class='ocrx_word' id='word_1_715' title='bbox 664 4746 953 4803; x_wconf 85' lang='lat' dir='ltr'><strong>sermones</strong></span> <span class='ocrx_word' id='word_1_716' title='bbox 1012 4746 1089 4800; x_wconf 90' lang='lat' dir='ltr'><strong>illi</strong></span> <span class='ocrx_word' id='word_1_717' title='bbox 1153 4760 1284 4801; x_wconf 89' lang='lat' dir='ltr'><strong>suos</strong></span> <span class='ocrx_word' id='word_1_718' title='bbox 1349 4744 1755 4801; x_wconf 84' lang='lat' dir='ltr'><strong>conformarint</strong></span> <span class='ocrx_word' id='word_1_719' title='bbox 1812 4745 1880 4799; x_wconf 87' lang='lat' dir='ltr'><strong>ad</strong></span> <span class='ocrx_word' id='word_1_720' title='bbox 1940 4761 2085 4801; x_wconf 89' lang='lat' dir='ltr'><strong>unau</strong></span> 
     </span>
    </p>
   </div>
   <div class='ocr_carea' id='block_1_84' title="bbox 2151 4719 3737 4818">
    <p class='ocr_par' dir='ltr' id='par_1_84' title="bbox 2210 4719 3737 4818">
     <span class='ocr_line' id='line_1_84' title="bbox 2210 4719 3737 4818; baseline -0.018 -16"><span class='ocrx_word' id='word_1_721' title='bbox 2210 4746 2347 4803; x_wconf 85' lang='grc' dir='ltr'>Θεοῦ</span> <span class='ocrx_word' id='word_1_722' title='bbox 2382 4741 2807 4818; x_wconf 72' lang='grc' dir='ltr'>βραδευθείσης,</span> <span class='ocrx_word' id='word_1_723' title='bbox 2858 4737 3049 4793; x_wconf 83' lang='grc' dir='ltr'>ὁπόσοι</span> <span class='ocrx_word' id='word_1_724' title='bbox 3078 4734 3346 4805; x_wconf 76' lang='grc' dir='ltr'>διαλέκτῳ</span> <span class='ocrx_word' id='word_1_725' title='bbox 3397 4730 3669 4801; x_wconf 77' lang='grc' dir='ltr'>κέχρηνται</span> <span class='ocrx_word' id='word_1_726' title='bbox 3690 4719 3737 4784; x_wconf 75' lang='grc' dir='ltr'>τῇ</span> 
     </span>
    </p>
   </div>
   <div class='ocr_carea' id='block_1_85' title="bbox 504 4820 2375 4913">
    <p class='ocr_par' dir='ltr' id='par_1_85' title="bbox 504 4820 2375 4913">
     <span class='ocr_line' id='line_1_85' title="bbox 504 4820 2375 4913; baseline -0.005 -18"><span class='ocrx_word' id='word_1_727' title='bbox 504 4820 875 4907; x_wconf 79' lang='lat' dir='ltr'><strong>eamdemque</strong></span> <span class='ocrx_word' id='word_1_728' title='bbox 905 4835 1172 4907; x_wconf 80' lang='lat' dir='ltr'><strong>regulam,</strong></span> <span class='ocrx_word' id='word_1_729' title='bbox 1206 4837 1514 4893; x_wconf 80' lang='lat' dir='ltr'><strong>artiﬁcialis</strong></span> <span class='ocrx_word' id='word_1_730' title='bbox 1546 4836 1819 4895; x_wconf 78' lang='lat' dir='ltr'><strong>doctrina:</strong></span> <span class='ocrx_word' id='word_1_731' title='bbox 1855 4844 1908 4890; x_wconf 87' lang='lat' dir='ltr'><strong>et</strong></span> <span class='ocrx_word' id='word_1_732' title='bbox 1931 4836 2111 4892; x_wconf 86' lang='lat' dir='ltr'><strong>scien-</strong></span> <span class='ocrx_word' id='word_1_733' title='bbox 2210 4843 2375 4913; x_wconf 72' lang='grc' dir='ltr'>αὐτῇ,</span> 
     </span>
    </p>
   </div>
   <div class='ocr_carea' id='block_1_86' title="bbox 505 4928 2110 5002">
    <p class='ocr_par' dir='ltr' id='par_1_86' title="bbox 505 4928 2110 5002">
     <span class='ocr_line' id='line_1_86' title="bbox 505 4928 2110 5002; baseline -0.004 -13"><span class='ocrx_word' id='word_1_734' title='bbox 505 4934 618 4999; x_wconf 65' lang='lat' dir='ltr'><strong>tie,</strong></span> <span class='ocrx_word' id='word_1_735' title='bbox 662 4948 829 5002; x_wconf 85' lang='lat' dir='ltr'><strong>quam</strong></span> <span class='ocrx_word' id='word_1_736' title='bbox 882 4931 1027 4985; x_wconf 84' lang='lat' dir='ltr'><strong>Deus</strong></span> <span class='ocrx_word' id='word_1_737' title='bbox 1061 4929 1436 4985; x_wconf 85' lang='lat' dir='ltr'><strong>communiter</strong></span> <span class='ocrx_word' id='word_1_738' title='bbox 1469 4928 1756 4994; x_wconf 86' lang='lat' dir='ltr'><strong>omnibus,</strong></span> <span class='ocrx_word' id='word_1_739' title='bbox 1789 4928 2110 5000; x_wconf 86' lang='lat' dir='ltr'><strong>quicunque</strong></span> 
     </span>
    </p>
   </div>
   <div class='ocr_carea' id='block_1_87' title="bbox 508 5013 3707 5098">
    <p class='ocr_par' dir='ltr' id='par_1_87' title="bbox 508 5013 3707 5098">
     <span class='ocr_line' id='line_1_87' title="bbox 508 5013 3707 5098; baseline 0.001 -21"><span class='ocrx_word' id='word_1_740' title='bbox 508 5025 696 5097; x_wconf 77' lang='lat' dir='ltr'><strong>lingua</strong></span> <span class='ocrx_word' id='word_1_741' title='bbox 720 5024 915 5080; x_wconf 89' lang='lat' dir='ltr'><strong>eadem</strong></span> <span class='ocrx_word' id='word_1_742' title='bbox 943 5031 1198 5090; x_wconf 85' lang='lat' dir='ltr'><strong>utuntur,</strong></span> <span class='ocrx_word' id='word_1_743' title='bbox 1230 5022 1447 5077; x_wconf 87' lang='lat' dir='ltr'><strong>tribuit.</strong></span> <span class='ocrx_word' id='word_1_744' title='bbox 1581 5030 1608 5057; x_wconf 71' lang='grc' dir='ltr'><strong>ἰ</strong></span> <span class='ocrx_word' id='word_1_745' title='bbox 1730 5013 1736 5017; x_wconf 64' lang='grc'><strong>’</strong></span> <span class='ocrx_word' id='word_1_746' title='bbox 2191 5062 2194 5066; x_wconf 52' lang='grc' dir='ltr'><strong>λ</strong></span> <span class='ocrx_word' id='word_1_747' title='bbox 2810 5096 2817 5098; x_wconf 14' lang='grc' dir='ltr'><strong>Α</strong></span> <span class='ocrx_word' id='word_1_748' title='bbox 3010 5093 3021 5098; x_wconf 90' lang='lat'>_</span> <span class='ocrx_word' id='word_1_749' title='bbox 3252 5090 3263 5098; x_wconf 37' lang='lat'><em>.</em></span> 
     </span>
    </p>
   </div>
   <div class='ocr_carea' id='block_1_88' title="bbox 582 5086 2168 5186">
    <p class='ocr_par' dir='ltr' id='par_1_88' title="bbox 582 5086 2105 5186">
     <span class='ocr_line' id='line_1_88' title="bbox 582 5086 2105 5186; baseline -0.005 -11"><span class='ocrx_word' id='word_1_750' title='bbox 582 5086 648 5180; x_wconf 57' lang='lat' dir='ltr'><strong>il.</strong></span> <span class='ocrx_word' id='word_1_751' title='bbox 681 5118 765 5180; x_wconf 82' lang='lat' dir='ltr'><strong>Illi</strong></span> <span class='ocrx_word' id='word_1_752' title='bbox 798 5128 979 5177; x_wconf 87' lang='lat' dir='ltr'><strong>autem</strong></span> <span class='ocrx_word' id='word_1_753' title='bbox 1005 5133 1035 5173; x_wconf 91' lang='lat' dir='ltr'><strong>a</strong></span> <span class='ocrx_word' id='word_1_754' title='bbox 1068 5132 1154 5172; x_wconf 91' lang='lat' dir='ltr'><strong>me</strong></span> <span class='ocrx_word' id='word_1_755' title='bbox 1183 5086 1300 5172; x_wconf 84' lang='lat' dir='ltr'><strong>non</strong></span> <span class='ocrx_word' id='word_1_756' title='bbox 1333 5114 1705 5179; x_wconf 87' lang='lat' dir='ltr'><strong>recedebant,</strong></span> <span class='ocrx_word' id='word_1_757' title='bbox 1755 5113 1851 5171; x_wconf 84' lang='lat' dir='ltr'><strong>sed</strong></span> <span class='ocrx_word' id='word_1_758' title='bbox 1906 5124 2105 5186; x_wconf 87' lang='lat' dir='ltr'><strong>postu-</strong></span> 
     </span>
    </p>
   </div>
   <div class='ocr_carea' id='block_1_89' title="bbox 2155 5086 3741 5186">
    <p class='ocr_par' dir='ltr' id='par_1_89' title="bbox 2290 5086 3741 5186">
     <span class='ocr_line' id='line_1_89' title="bbox 2290 5086 3741 5186; baseline -0.024 -24"><span class='ocrx_word' id='word_1_759' title='bbox 2290 5103 2366 5161; x_wconf 84' lang='lat' dir='ltr'><strong>B&#39;.</strong></span> <span class='ocrx_word' id='word_1_760' title='bbox 2400 5102 2467 5158; x_wconf 78' lang='grc' dir='ltr'>Οἱ</span> <span class='ocrx_word' id='word_1_761' title='bbox 2514 5100 2559 5154; x_wconf 82' lang='grc' dir='ltr'>δ’</span> <span class='ocrx_word' id='word_1_762' title='bbox 2589 5101 2691 5152; x_wconf 78' lang='grc' dir='ltr'>οὐκ</span> <span class='ocrx_word' id='word_1_763' title='bbox 2723 5093 3023 5169; x_wconf 78' lang='grc' dir='ltr'>ἀφίσταντό</span> <span class='ocrx_word' id='word_1_764' title='bbox 3057 5109 3185 5162; x_wconf 77' lang='grc' dir='ltr'>μου,</span> <span class='ocrx_word' id='word_1_765' title='bbox 3214 5090 3312 5159; x_wconf 75' lang='grc' dir='ltr'>τὴν</span> <span class='ocrx_word' id='word_1_766' title='bbox 3346 5086 3643 5186; x_wconf 61' lang='grc' dir='ltr'>συμφωνίαν</span> <span class='ocrx_word' id='word_1_767' title='bbox 3661 5086 3741 5186; x_wconf 50' lang='grc' dir='ltr'><strong>ἶφι</strong></span> 
     </span>
    </p>
   </div>
   <div class='ocr_carea' id='block_1_90' title="bbox 509 5167 2095 5306">
    <p class='ocr_par' dir='ltr' id='par_1_90' title="bbox 509 5188 2095 5285">
     <span class='ocr_line' id='line_1_90' title="bbox 509 5188 2095 5285; baseline -0.005 -14"><span class='ocrx_word' id='word_1_768' title='bbox 509 5215 726 5285; x_wconf 73' lang='lat' dir='ltr'><strong>labant,</strong></span> <span class='ocrx_word' id='word_1_769' title='bbox 766 5221 825 5267; x_wconf 93' lang='lat' dir='ltr'><strong>ut</strong></span> <span class='ocrx_word' id='word_1_770' title='bbox 856 5188 993 5283; x_wconf 70' lang='lat' dir='ltr'><strong>ipsis</strong></span> <span class='ocrx_word' id='word_1_771' title='bbox 1041 5210 1113 5266; x_wconf 92' lang='lat' dir='ltr'><strong>ob</strong></span> <span class='ocrx_word' id='word_1_772' title='bbox 1173 5209 1364 5273; x_wconf 84' lang='lat' dir='ltr'><strong>oculos</strong></span> <span class='ocrx_word' id='word_1_773' title='bbox 1411 5224 1677 5275; x_wconf 82' lang='lat' dir='ltr'><strong>ponerem</strong></span> <span class='ocrx_word' id='word_1_774' title='bbox 1724 5208 2039 5263; x_wconf 89' lang='lat' dir='ltr'><strong>testimonia</strong></span> <span class='ocrx_word' id='word_1_775' title='bbox 2073 5222 2095 5263; x_wconf 80' lang='grc' dir='ltr'><strong>ε</strong></span> 
     </span>
    </p>
   </div>
   <div class='ocr_carea' id='block_1_91' title="bbox 2156 5167 3742 5306">
    <p class='ocr_par' dir='ltr' id='par_1_91' title="bbox 2220 5167 3742 5306">
     <span class='ocr_line' id='line_1_91' title="bbox 2220 5167 3742 5306; baseline -0.021 -52"><span class='ocrx_word' id='word_1_776' title='bbox 2220 5200 2332 5254; x_wconf 82' lang='grc' dir='ltr'>τῶν</span> <span class='ocrx_word' id='word_1_777' title='bbox 2390 5197 2559 5268; x_wconf 74' lang='grc' dir='ltr'>ἱερῶν</span> <span class='ocrx_word' id='word_1_778' title='bbox 2603 5188 2974 5251; x_wconf 80' lang='grc' dir='ltr'>ἀπαιτοῦντες</span> <span class='ocrx_word' id='word_1_779' title='bbox 3033 5186 3223 5254; x_wconf 70' lang='grc' dir='ltr'>ὕψεσιν</span> <span class='ocrx_word' id='word_1_780' title='bbox 3254 5182 3445 5243; x_wconf 79' lang='grc' dir='ltr'>αὐταῖς</span> <span class='ocrx_word' id='word_1_781' title='bbox 3474 5167 3742 5306; x_wconf 53' lang='lat' dir='ltr'><strong>availing;</strong></span> 
     </span>
     <span class='ocr_line' id='line_1_92' title="bbox 2388 5270 3674 5306; baseline -0.012 0"><span class='ocrx_word' id='word_1_782' title='bbox 2388 5291 2413 5306; x_wconf 69' lang='grc' dir='ltr'>η</span> <span class='ocrx_word' id='word_1_783' title='bbox 2446 5289 2528 5306; x_wconf 61' lang='grc' dir='ltr'><strong>,κο</strong></span> <span class='ocrx_word' id='word_1_784' title='bbox 2685 5285 2756 5306; x_wconf 62' lang='lat' dir='ltr'><strong>n1</strong></span> <span class='ocrx_word' id='word_1_785' title='bbox 2825 5283 2933 5306; x_wconf 61' lang='grc' dir='ltr'><strong>με.-</strong></span> <span class='ocrx_word' id='word_1_786' title='bbox 2993 5279 3243 5306; x_wconf 57' lang='lat' dir='ltr'><strong>xui-mu-..</strong></span> <span class='ocrx_word' id='word_1_787' title='bbox 3298 5270 3498 5306; x_wconf 60' lang='grc' dir='ltr'><strong>,η’,χηης</strong></span> <span class='ocrx_word' id='word_1_788' title='bbox 3549 5278 3674 5306; x_wconf 55' lang='lat' dir='ltr'><strong>ﬁdo</strong></span> 
     </span>
    </p>
   </div>
   <div class='ocr_carea' id='block_1_92' title="bbox 516 5256 2102 5378">
    <p class='ocr_par' dir='ltr' id='par_1_92' title="bbox 516 5256 2102 5375">
     <span class='ocr_line' id='line_1_93' title="bbox 516 5256 2102 5375; baseline -0.007 -10"><span class='ocrx_word' id='word_1_789' title='bbox 656 5256 1065 5363; x_wconf 58' lang='lat' dir='ltr'><strong>Patrumrlibris</strong></span> <span class='ocrx_word' id='word_1_790' title='bbox 1098 5256 1463 5372; x_wconf 40' lang='lat' dir='ltr'><strong>deprompta:</strong></span> <span class='ocrx_word' id='word_1_791' title='bbox 1493 5316 1619 5372; x_wconf 70' lang='lat' dir='ltr'><strong>qua:</strong></span> <span class='ocrx_word' id='word_1_792' title='bbox 1647 5299 2102 5375; x_wconf 78' lang='lat' dir='ltr'><strong>phiIOSOphorum</strong></span> 
     </span>
    </p>
   </div>
   <div class='ocr_carea' id='block_1_93' title="bbox 2149 5256 3735 5378">
    <p class='ocr_par' dir='ltr' id='par_1_93' title="bbox 2216 5256 3735 5378">
     <span class='ocr_line' id='line_1_94' title="bbox 2216 5256 3735 5378; baseline -0.021 -29"><span class='ocrx_word' id='word_1_793' title='bbox 2216 5313 2330 5348; x_wconf 89' lang='grc' dir='ltr'>νειν</span> <span class='ocrx_word' id='word_1_794' title='bbox 2387 5256 2631 5365; x_wconf 62' lang='grc' dir='ltr'>βιδλίων.</span> <span class='ocrx_word' id='word_1_795' title='bbox 2683 5285 2759 5339; x_wconf 83' lang='grc' dir='ltr'><strong>Οὐ</strong></span> <span class='ocrx_word' id='word_1_796' title='bbox 2824 5283 2935 5353; x_wconf 81' lang='grc' dir='ltr'><strong>γὰρ</strong></span> <span class='ocrx_word' id='word_1_797' title='bbox 2992 5279 3243 5349; x_wconf 77' lang='grc' dir='ltr'>ἐνέτυχον</span> <span class='ocrx_word' id='word_1_798' title='bbox 3298 5270 3501 5342; x_wconf 80' lang='grc' dir='ltr'>οὐδαμῆ</span> <span class='ocrx_word' id='word_1_799' title='bbox 3549 5256 3735 5378; x_wconf 49' lang='grc' dir='ltr'>πξιῗοῦθ</span> 
     </span>
    </p>
   </div>
   <div class='ocr_carea' id='block_1_94' title="bbox 515 5361 2101 5480">
    <p class='ocr_par' dir='ltr' id='par_1_94' title="bbox 515 5394 2101 5477">
     <span class='ocr_line' id='line_1_95' title="bbox 515 5394 2101 5477; baseline -0.007 -19"><span class='ocrx_word' id='word_1_800' title='bbox 515 5400 736 5477; x_wconf 80' lang='lat' dir='ltr'><strong>placitis</strong></span> <span class='ocrx_word' id='word_1_801' title='bbox 809 5412 1056 5457; x_wconf 84' lang='lat' dir='ltr'><strong>consona</strong></span> <span class='ocrx_word' id='word_1_802' title='bbox 1115 5411 1239 5453; x_wconf 88' lang='lat' dir='ltr'><strong>esse</strong></span> <span class='ocrx_word' id='word_1_803' title='bbox 1295 5394 1641 5450; x_wconf 85' lang='lat' dir='ltr'><strong>viderentur.</strong></span> <span class='ocrx_word' id='word_1_804' title='bbox 1713 5394 1933 5449; x_wconf 84' lang='lat' dir='ltr'><strong>Etenim</strong></span> <span class='ocrx_word' id='word_1_805' title='bbox 2006 5408 2101 5448; x_wconf 90' lang='lat' dir='ltr'><strong>ne-</strong></span> 
     </span>
    </p>
   </div>
   <div class='ocr_carea' id='block_1_95' title="bbox 2150 5361 3736 5480">
    <p class='ocr_par' dir='ltr' id='par_1_95' title="bbox 2219 5361 3736 5480">
     <span class='ocr_line' id='line_1_96' title="bbox 2219 5361 3736 5461; baseline -0.022 -15"><span class='ocrx_word' id='word_1_806' title='bbox 2219 5361 2418 5460; x_wconf 65' lang='grc' dir='ltr'>ίεραῖςς</span> <span class='ocrx_word' id='word_1_807' title='bbox 2449 5385 2575 5439; x_wconf 75' lang='grc' dir='ltr'>οὔτε</span> <span class='ocrx_word' id='word_1_808' title='bbox 2624 5374 2736 5437; x_wconf 75' lang='grc' dir='ltr'>τισὶ</span> <span class='ocrx_word' id='word_1_809' title='bbox 2786 5379 2896 5433; x_wconf 84' lang='grc' dir='ltr'><strong>τῶν</strong></span> <span class='ocrx_word' id='word_1_810' title='bbox 2935 5376 3169 5438; x_wconf 81' lang='grc' dir='ltr'><strong>ούραθεν</strong></span> <span class='ocrx_word' id='word_1_811' title='bbox 3224 5372 3354 5442; x_wconf 78' lang='grc' dir='ltr'>περὶ</span> <span class='ocrx_word' id='word_1_812' title='bbox 3401 5370 3531 5423; x_wconf 83' lang='grc' dir='ltr'><strong>ὅτων</strong></span> <span class='ocrx_word' id='word_1_813' title='bbox 3575 5361 3736 5461; x_wconf 44' lang='lat' dir='ltr'><strong>animi;</strong></span> 
     </span>
     <span class='ocr_line' id='line_1_97' title="bbox 2704 5452 3736 5480; baseline -0.026 15"><span class='ocrx_word' id='word_1_814' title='bbox 2704 5464 2729 5480; x_wconf 19' lang='grc' dir='ltr'><strong>’ν</strong></span> <span class='ocrx_word' id='word_1_815' title='bbox 2943 5472 2966 5480; x_wconf 91' lang='grc'><strong>-·</strong></span> <span class='ocrx_word' id='word_1_816' title='bbox 2999 5471 3013 5480; x_wconf 79' lang='grc' dir='ltr'>ι</span> <span class='ocrx_word' id='word_1_817' title='bbox 3081 5468 3102 5480; x_wconf 73' lang='grc' dir='ltr'>-ι</span> <span class='ocrx_word' id='word_1_818' title='bbox 3242 5466 3254 5480; x_wconf 72' lang='grc' dir='ltr'>ι</span> <span class='ocrx_word' id='word_1_819' title='bbox 3308 5467 3322 5480; x_wconf 79' lang='grc' dir='ltr'>ι</span> <span class='ocrx_word' id='word_1_820' title='bbox 3378 5465 3400 5480; x_wconf 70' lang='grc' dir='ltr'><strong>ο</strong></span> <span class='ocrx_word' id='word_1_821' title='bbox 3498 5458 3602 5480; x_wconf 35' lang='grc' dir='ltr'><strong>,Αχρ</strong></span> <span class='ocrx_word' id='word_1_822' title='bbox 3637 5452 3736 5480; x_wconf 60' lang='grc' dir='ltr'><em>,τη-</em></span> 
     </span>
    </p>
   </div>
   <div class='ocr_carea' id='block_1_96' title="bbox 510 5458 2096 5567">
    <p class='ocr_par' dir='ltr' id='par_1_96' title="bbox 510 5458 2096 5567">
     <span class='ocr_line' id='line_1_98' title="bbox 510 5458 2096 5567; baseline -0.017 -13"><span class='ocrx_word' id='word_1_823' title='bbox 510 5458 625 5567; x_wconf 53' lang='lat' dir='ltr'><strong>que</strong></span> <span class='ocrx_word' id='word_1_824' title='bbox 700 5491 802 5553; x_wconf 85' lang='lat' dir='ltr'><strong>SS.</strong></span> <span class='ocrx_word' id='word_1_825' title='bbox 860 5493 1087 5550; x_wconf 85' lang='lat' dir='ltr'><strong>Patrum</strong></span> <span class='ocrx_word' id='word_1_826' title='bbox 1162 5504 1346 5560; x_wconf 87' lang='lat' dir='ltr'><strong>neque</strong></span> <span class='ocrx_word' id='word_1_827' title='bbox 1410 5488 1698 5559; x_wconf 82' lang='lat' dir='ltr'><strong>gentilium</strong></span> <span class='ocrx_word' id='word_1_828' title='bbox 1750 5488 2096 5559; x_wconf 78' lang='lat' dir='ltr'><strong>philosOpho.</strong></span> 
     </span>
    </p>
   </div>
   <div class='ocr_carea' id='block_1_97' title="bbox 2152 5458 3738 5567">
    <p class='ocr_par' dir='ltr' id='par_1_97' title="bbox 2219 5458 3738 5555">
     <span class='ocr_line' id='line_1_99' title="bbox 2219 5458 3738 5555; baseline -0.02 -18"><span class='ocrx_word' id='word_1_829' title='bbox 2219 5458 2422 5555; x_wconf 70' lang='grc' dir='ltr'>βίϐλων</span> <span class='ocrx_word' id='word_1_830' title='bbox 2452 5464 2914 5550; x_wconf 76' lang='grc' dir='ltr'>φιλοπονώτερον,</span> <span class='ocrx_word' id='word_1_831' title='bbox 2943 5471 3013 5526; x_wconf 80' lang='grc' dir='ltr'><strong>ἶν’</strong></span> <span class='ocrx_word' id='word_1_832' title='bbox 3051 5468 3137 5537; x_wconf 73' lang='grc' dir='ltr'><strong>εἴη</strong></span> <span class='ocrx_word' id='word_1_833' title='bbox 3171 5466 3267 5520; x_wconf 75' lang='grc' dir='ltr'>καὶ</span> <span class='ocrx_word' id='word_1_834' title='bbox 3298 5465 3448 5535; x_wconf 77' lang='grc' dir='ltr'><strong>ἡμῖν,</strong></span> <span class='ocrx_word' id='word_1_835' title='bbox 3478 5458 3602 5530; x_wconf 74' lang='grc' dir='ltr'><strong>πρὸς</strong></span> <span class='ocrx_word' id='word_1_836' title='bbox 3636 5458 3738 5503; x_wconf 59' lang='grc' dir='ltr'>εἰσίν</span> 
     </span>
    </p>
   </div>
   <div class='ocr_carea' id='block_1_98' title="bbox 1883 5608 2442 5670">
    <p class='ocr_par' dir='ltr' id='par_1_98' title="bbox 1883 5608 2442 5670">
     <span class='ocr_line' id='line_1_100' title="bbox 1883 5608 2442 5670; baseline -0.007 -1"><span class='ocrx_word' id='word_1_837' title='bbox 1883 5608 2220 5670; x_wconf 72' lang='lat' dir='ltr'><strong>Vat-iorum</strong></span> <span class='ocrx_word' id='word_1_838' title='bbox 2256 5613 2442 5669; x_wconf 70' lang='lat' dir='ltr'><strong>notes.</strong></span> 
     </span>
    </p>
   </div>
   <div class='ocr_carea' id='block_1_99' title="bbox 594 5679 2180 5795">
    <p class='ocr_par' dir='ltr' id='par_1_99' title="bbox 594 5710 2111 5795">
     <span class='ocr_line' id='line_1_101' title="bbox 594 5710 2111 5795; baseline -0.009 -18"><span class='ocrx_word' id='word_1_839' title='bbox 594 5724 710 5795; x_wconf 80' lang='lat'><strong>(&#39;1&#39;!)</strong></span> <span class='ocrx_word' id='word_1_840' title='bbox 743 5719 997 5783; x_wconf 85' lang='lat' dir='ltr'><strong>Proclus,</strong></span> <span class='ocrx_word' id='word_1_841' title='bbox 1022 5715 1265 5772; x_wconf 79' lang='lat' dir='ltr'><strong>Institut.</strong></span> <span class='ocrx_word' id='word_1_842' title='bbox 1310 5710 1587 5783; x_wconf 73' lang='lat' dir='ltr'><strong>theologia.</strong></span> <span class='ocrx_word' id='word_1_843' title='bbox 1624 5710 1723 5767; x_wconf 87' lang='lat' dir='ltr'><strong>lib.</strong></span> <span class='ocrx_word' id='word_1_844' title='bbox 1757 5726 1856 5779; x_wconf 83' lang='lat' dir='ltr'><strong>vn,</strong></span> <span class='ocrx_word' id='word_1_845' title='bbox 1907 5727 2031 5784; x_wconf 90' lang='lat' dir='ltr'><strong>cap.</strong></span> <span class='ocrx_word' id='word_1_846' title='bbox 2056 5711 2111 5766; x_wconf 84' lang='lat'><strong>&#39;5.</strong></span> 
     </span>
    </p>
   </div>
   <div class='ocr_carea' id='block_1_100' title="bbox 2147 5679 3733 5795">
    <p class='ocr_par' dir='ltr' id='par_1_100' title="bbox 2227 5679 3733 5795">
     <span class='ocr_line' id='line_1_102' title="bbox 2227 5679 3733 5779; baseline -0.028 -16"><span class='ocrx_word' id='word_1_847' title='bbox 2227 5709 2541 5779; x_wconf 78' lang='grc' dir='ltr'>στερήσεως</span> <span class='ocrx_word' id='word_1_848' title='bbox 2597 5700 2864 5770; x_wconf 81' lang='grc' dir='ltr'>πρότερον</span> <span class='ocrx_word' id='word_1_849' title='bbox 2920 5697 2980 5749; x_wconf 81' lang='grc' dir='ltr'>τὸ</span> <span class='ocrx_word' id='word_1_850' title='bbox 3039 5694 3117 5757; x_wconf 75' lang='grc' dir='ltr'><strong>ἓν,</strong></span> <span class='ocrx_word' id='word_1_851' title='bbox 3151 5692 3222 5746; x_wconf 82' lang='lat' dir='ltr'><strong>ita</strong></span> <span class='ocrx_word' id='word_1_852' title='bbox 3251 5695 3465 5771; x_wconf 74' lang='lat' dir='ltr'><strong>vertes:</strong></span> <span class='ocrx_word' id='word_1_853' title='bbox 3504 5679 3733 5750; x_wconf 59' lang='lat' dir='ltr'><strong>Siunnum</strong></span> 
     </span>
     <span class='ocr_line' id='line_1_103' title="bbox 2228 5752 3733 5795; baseline -0.018 23"><span class='ocrx_word' id='word_1_854' title='bbox 2228 5782 2254 5795; x_wconf 67' lang='grc' dir='ltr'>ι·</span> <span class='ocrx_word' id='word_1_855' title='bbox 2337 5790 2347 5795; x_wconf 95' lang='grc'><strong><em>-</em></strong></span> <span class='ocrx_word' id='word_1_856' title='bbox 2541 5773 2684 5795; x_wconf 55' lang='grc' dir='ltr'><strong>-ιηιι-</strong></span> <span class='ocrx_word' id='word_1_857' title='bbox 2772 5770 2826 5795; x_wconf 62' lang='grc' dir='ltr'><strong>εει</strong></span> <span class='ocrx_word' id='word_1_858' title='bbox 2885 5777 2953 5795; x_wconf 70' lang='grc' dir='ltr'><strong>.-ι</strong></span> <span class='ocrx_word' id='word_1_859' title='bbox 3006 5782 3065 5795; x_wconf 82' lang='grc'>...</span> <span class='ocrx_word' id='word_1_860' title='bbox 3116 5764 3405 5795; x_wconf 54' lang='lat' dir='ltr'><strong>menum”</strong></span> <span class='ocrx_word' id='word_1_861' title='bbox 3467 5752 3579 5795; x_wconf 69' lang='lat' dir='ltr'><strong>ﬁunt</strong></span> <span class='ocrx_word' id='word_1_862' title='bbox 3621 5752 3733 5795; x_wconf 71' lang='lat' dir='ltr'><strong>unm</strong></span> 
     </span>
    </p>
   </div>
   <div class='ocr_carea' id='block_1_101' title="bbox 518 5752 3733 5867">
    <p class='ocr_par' dir='ltr' id='par_1_101' title="bbox 518 5752 3733 5867">
     <span class='ocr_line' id='line_1_104' title="bbox 518 5752 3733 5867; baseline -0.004 11"><span class='ocrx_word' id='word_1_863' title='bbox 518 5752 1112 5867; x_wconf 55' lang='grc' dir='ltr'><strong>ελῖτὲὲέιὲἐιὲῪ¹¹⁸ῗ⁸ῗ</strong></span> <span class='ocrx_word' id='word_1_864' title='bbox 1182 5857 1214 5867; x_wconf 62' lang='lat'><strong>,.</strong></span> <span class='ocrx_word' id='word_1_865' title='bbox 1678 5854 1693 5867; x_wconf 95' lang='lat'><strong>.</strong></span> <span class='ocrx_word' id='word_1_866' title='bbox 1843 5753 1905 5867; x_wconf 70' lang='grc'><strong>1,.</strong></span> <span class='ocrx_word' id='word_1_867' title='bbox 2075 5852 2087 5867; x_wconf 96' lang='grc'><em>.</em></span> <span class='ocrx_word' id='word_1_868' title='bbox 2217 5752 2396 5849; x_wconf 53' lang='lat' dir='ltr'><strong>tu»?</strong></span> <span class='ocrx_word' id='word_1_869' title='bbox 2435 5794 2506 5867; x_wconf 53' lang='lat' dir='ltr'><strong>es.</strong></span> <span class='ocrx_word' id='word_1_870' title='bbox 2526 5773 2709 5867; x_wconf 75' lang='lat'><strong>_&#39;!&#39;.‘_’_‘_‘_’3</strong></span> <span class='ocrx_word' id='word_1_871' title='bbox 3087 5762 3416 5867; x_wconf 59' lang='grc' dir='ltr'><strong>εεέξξίίείξίξί</strong></span> 
     </span>
    </p>
   </div>
   <div class='ocr_carea' id='block_1_102' title="bbox 597 5827 3607 5935">
    <p class='ocr_par' dir='ltr' id='par_1_102' title="bbox 597 5827 3607 5935">
     <span class='ocr_line' id='line_1_105' title="bbox 597 5827 3607 5935; baseline -0.011 -18"><span class='ocrx_word' id='word_1_872' title='bbox 597 5827 1056 5935; x_wconf 44' lang='grc' dir='ltr'>ῐθξῖἓέοηὸυιῃ</span> <span class='ocrx_word' id='word_1_873' title='bbox 1090 5857 1386 5935; x_wconf 78' lang='lat' dir='ltr'><strong>lectionem</strong></span> <span class='ocrx_word' id='word_1_874' title='bbox 1423 5854 1811 5935; x_wconf 69' lang='lat' dir='ltr'><strong>marginalem,</strong></span> <span class='ocrx_word' id='word_1_875' title='bbox 1934 5854 1991 5906; x_wconf 82' lang='grc' dir='ltr'>δὲ</span> <span class='ocrx_word' id='word_1_876' title='bbox 2030 5852 2113 5935; x_wconf 53' lang='grc' dir='ltr'><strong>γε·</strong></span> <span class='ocrx_word' id='word_1_877' title='bbox 2217 5827 2406 5912; x_wconf 54' lang='lat' dir='ltr'><strong>animi,</strong></span> <span class='ocrx_word' id='word_1_878' title='bbox 2441 5827 2708 5915; x_wconf 63' lang='lat' dir='ltr'><strong>quatenus</strong></span> <span class='ocrx_word' id='word_1_879' title='bbox 2732 5856 2895 5895; x_wconf 83' lang='lat' dir='ltr'><strong>unum</strong></span> <span class='ocrx_word' id='word_1_880' title='bbox 2931 5838 3057 5910; x_wconf 78' lang='lat' dir='ltr'><strong>quid</strong></span> <span class='ocrx_word' id='word_1_881' title='bbox 3087 5836 3211 5905; x_wconf 80' lang='lat' dir='ltr'><strong>ipsis</strong></span> <span class='ocrx_word' id='word_1_882' title='bbox 3245 5845 3416 5885; x_wconf 75' lang='lat' dir='ltr'><strong>recens</strong></span> <span class='ocrx_word' id='word_1_883' title='bbox 3450 5827 3607 5878; x_wconf 71' lang='lat' dir='ltr'><strong>inem-</strong></span> 
     </span>
    </p>
   </div>
   <div class='ocr_carea' id='block_1_103' title="bbox 531 5926 2444 6005">
    <p class='ocr_par' dir='ltr' id='par_1_103' title="bbox 531 5926 2444 6005">
     <span class='ocr_line' id='line_1_106' title="bbox 531 5926 2444 6005; baseline -0.01 -12"><span class='ocrx_word' id='word_1_884' title='bbox 531 5926 705 6005; x_wconf 60' lang='lat' dir='ltr'><strong>veiat;</strong></span> <span class='ocrx_word' id='word_1_885' title='bbox 737 5937 801 5988; x_wconf 81' lang='grc' dir='ltr'>ἐκ</span> <span class='ocrx_word' id='word_1_886' title='bbox 824 5932 918 5987; x_wconf 79' lang='grc' dir='ltr'><strong>τοῦ</strong></span> <span class='ocrx_word' id='word_1_887' title='bbox 950 5930 1180 6004; x_wconf 77' lang='grc' dir='ltr'><strong>μηδενὸς</strong></span> <span class='ocrx_word' id='word_1_888' title='bbox 1220 5927 1452 5998; x_wconf 80' lang='grc' dir='ltr'>γίνεται,</span> <span class='ocrx_word' id='word_1_889' title='bbox 1490 5926 1647 5980; x_wconf 85' lang='grc' dir='ltr'>τοῦτό</span> <span class='ocrx_word' id='word_1_890' title='bbox 1691 5929 1859 5991; x_wconf 79' lang='grc' dir='ltr'>ἐστιν,</span> <span class='ocrx_word' id='word_1_891' title='bbox 1899 5926 1962 5979; x_wconf 83' lang='grc' dir='ltr'>ὲκ</span> <span class='ocrx_word' id='word_1_892' title='bbox 2013 5926 2112 5995; x_wconf 76' lang='grc' dir='ltr'><strong>τῆς</strong></span> <span class='ocrx_word' id='word_1_893' title='bbox 2216 5935 2444 5978; x_wconf 64' lang='lat' dir='ltr'><strong>&quot;Imma.</strong></span> 
     </span>
    </p>
   </div>
  </div>
