4016 6474
312 313 441 378 1381

706 308 778 380 [Α.
821 324 850 363 c
920 309 1075 380 tatu]

1253 313 1693 374 ΒΥΖΑΝΤΙΝᾹΞ
1736 312 2118 372 ΙΙΙΞΤΟΒΙίΕ
2160 312 2300 373 LIB.
2340 313 2565 373 XXIII.

2654 309 2785 379 [μιν.
2830 326 2868 363 J.
2915 326 3205 368 cunam.

3422 316 3559 377 1382

302 428 529 499 κλησίας
575 427 1004 497 εὐνομουμένης.
1058 410 1248 497 Ὅμως
1281 446 1341 480 τε
1392 430 1517 497 περὶ
1565 426 1874 497 βουλήσεως

1998 426 2178 494 ngenii
2223 426 2675 492 concinnitatem,
2716 444 2895 498 neque
2933 433 3203 485 tantillmn
3238 434 3386 487 abest
3428 434 3561 501 quin

302 520 701 588 καὶδυνάμεως
736 517 832 571 καὶ
865 518 1012 587 ζωῆς
1058 518 1153 571 καὶ
1187 517 1379 587 σοφίας
1411 521 1507 573 καὶ
1554 518 1662 570 τῶν
1705 515 1885 569 τοιού-

300 630 408 666 των
443 611 530 664 ἐπ’
565 610 799 672 ἐκείνοις
835 608 934 679 μὲν
965 607 1295 677 παμπληθὲς
1326 597 1793 676 διεξῆλθονούμῖν
1835 590 1882 657 δ’

300 704 552 759 ἐνταυθοῖ
577 703 915 772 προτιθέναι,
951 699 1208 769 φορτικὴν
1242 699 1363 770 ἐμοί
1403 715 1466 765 γε
1497 698 1748 767 φαίνεται
1789 695 1883 749 καὶ

300 794 409 847 οὐδ’
441 792 618 854 ἄλλως
649 792 970 852 ἀναγκαῖον.
1000 789 1041 840 Τ
1044 788 1108 857 ὴν
1154 788 1263 857 γὰρ
1300 790 1356 838 ἐν
1395 788 1606 849 τούτοις
1636 787 1882 856 ἀνάγκην

302 886 396 938 καὶ
447 882 657 953 καιρῶν
696 879 902 935 δεῖσθαι
949 879 1222 948 πολεμίων
1264 880 1504 947 ἀνάγκη,
1552 879 1640 932 ὅτε
1679 878 1745 948 δὴ
1782 896 1883 946 μα-

301 975 464 1043 χίμου
544 971 754 1043 (φάναι)
807 970 1012 1032 κόνεως
1070 966 1569 1039 ἀναῤῥιπιζομὲνης
1618 969 1673 1019 ἐν
1729 967 1882 1036 μέσῳ

306 1063 453 1132 μάλα
489 1060 735 1130 σφοδρῶς
776 1058 1215 1128 ἀναφλεγόμενον
1252 1058 1311 1109 τὸ
1342 1058 1543 1128 θερμὸν
1570 1058 1667 1127 τῆς
1702 1056 1880 1126 ψυχῆς

302 1155 602 1207 ἀκάθεκτον
652 1151 764 1221 ἐχει
802 1151 901 1222 τὴν
936 1150 1148 1205 οἴκοθεν
1197 1151 1395 1221 ὁρμὴν,
1427 1152 1521 1203 ἐπὶ
1549 1150 1717 1221 ξυροῦ
1771 1150 1881 1204 τῶν

303 1245 571 1299 κινδύνων
625 1244 1016 1315 αἰωρουμένων
1039 1257 1053 1272 ·
1096 1242 1198 1312 τῆς
1236 1242 1281 1295 δ’
1310 1243 1492 1313 ἀκμῆς
1523 1244 1737 1311 ἐκείνης
1778 1261 1913 1296 παν

303 1336 621 1405 ρελθούσης,
642 1336 734 1388 καὶ
772 1334 865 1386 τοῦ
893 1334 1133 1404 μαχίμου
1170 1332 1419 1403 θώρακος
1448 1333 1670 1386 καὶτῶν
1700 1333 1881 1391 ὅπλων

300 1431 526 1482 ἐκείνων
558 1427 845 1499 ῥιφέντων,
899 1427 954 1489 ἐς
1005 1426 1313 1479 τούναντίον
1343 1427 1510 1495 χωρεῖ
1553 1426 1647 1479 καὶ
1675 1426 1742 1479 τὰ
1779 1426 1880 1490 τῆς

304 1520 562 1590 σπουδῆς,
602 1519 1009 1589 μαραινομένου
1052 1518 1144 1571 τοῦ
1197 1517 1625 1587 ὑπεκκαύματος
1656 1517 1879 1586 καὶτῆς

301 1614 558 1684 ἀφορμῆς
614 1613 707 1666 τοῦ
766 1612 1003 1682 πολέμου
1054 1608 1199 1664 κατὰ
1251 1610 1445 1680 μικρὸν
1500 1611 1769 1681 ἀπιούσης
1821 1612 1880 1674 ἐς

299 1706 493 1776 λήθην,
538 1705 676 1776 μετά
724 1722 787 1772 γε
840 1705 939 1774 τῆς
998 1704 1103 1757 τῶν
1160 1706 1341 1759 ὅπλων
1396 1703 1741 1774 ἀπαλλαγῆς.
1788 1705 1880 1757 Διὸ

1986 506 2199 584 addam,
2233 534 2451 572 onmem
2508 521 2763 589 pietatem
2815 534 2979 591 atque
3007 524 3263 578 Ecclesize
3298 524 3434 579 bene
3474 541 3564 577 0r-

1985 607 2184 663 dinataa
2226 624 2487 665 canones.
2540 612 2743 667 Tamen
2815 614 2881 667 de
2934 615 3235 681 voluntate,
3297 618 3563 685 potentia,

1984 697 2117 758 vita.
2164 700 2455 769 sapientia,
2501 709 2555 752 et
2605 700 2728 755 aliis
2778 702 3119 771 hujusmodi,
3158 712 3384 774 propter
3442 706 3566 759 illos

1986 788 2305 856 plenissime
2339 790 2602 845 disserui.
2636 791 2796 861 Qum;
2823 793 2978 848 vobis
3027 794 3117 849 hic
3145 811 3473 865 proponere,
3509 806 3569 851 ut

1982 894 2148 947 grave
2196 894 2258 935 ae
2310 881 2603 937 molestum
2650 883 2879 938 videtur
2910 884 3164 950 mihi,ita
3209 901 3311 941 nec
3341 888 3566 942 aliunde

1985 974 2385 1029 necessarium.
2409 976 2545 1029 Nam
2576 992 2696 1046 quae
2735 977 2789 1031 in
2833 979 2921 1034 bis
2965 980 3209 1034 occurrit
3242 981 3562 1043 neceSsitas,

1986 1064 2211 1120 hostiles
2241 1078 2294 1123 et
2332 1069 2556 1123 bellicas
2580 1070 2896 1125 occasiones
2944 1073 3254 1149 necessario
3286 1074 3559 1142 postulat;

1983 1173 2107 1211 cum
2143 1159 2357 1214 scilicet
2391 1160 2621 1216 bellicus
2652 1164 2832 1231 pulvis
2857 1164 2940 1233 (ut
2971 1164 3044 1218 ita
3068 1165 3268 1237 dicam)
3296 1166 3349 1219 in
3385 1168 3566 1219 medio

1984 1247 2160 1315 palam
2218 1251 2511 1315 excitatur,
2567 1262 2621 1305 et
2680 1252 3121 1323 ferventissimus
3158 1266 3324 1308 :rstus
3371 1256 3567 1309 animze

1984 1339 2314 1395 indomitum
2363 1342 2704 1398 intrinsecus
2770 1344 2937 1399 habet
2974 1348 3273 1415 impetum,
3305 1363 3372 1401 eo
3418 1348 3564 1416 quod

1986 1443 2076 1482 res
2109 1429 2179 1482 sit
2211 1431 2263 1483 in
2298 1447 2576 1485 summum
2608 1444 2773 1502 atque
2819 1435 3434 1491 immineos'discrimen
3467 1438 3567 1490 atl-

1983 1517 2179 1599 ducta;
2211 1519 2314 1575 Ubi
2349 1535 2478 1575 vero
2526 1524 2709 1576 acrior
2755 1523 2845 1579 ille
2879 1526 3254 1579 contentionis
3282 1537 3445 1580 mstus
3476 1527 3570 1580 de-

1983 1612 2207 1685 ferbuit,
2262 1624 2315 1665 et
2360 1614 2611 1669 militaris
2659 1616 2832 1669 lorica
2906 1618 3072 1671 simul
3107 1634 3230 1673 cum
3266 1600 3433 1672 armis
3464 1619 3570 1672 iliis

1983 1706 2223 1776 projects
2249 1715 2354 1770 est,
2393 1715 2528 1761 tunc
2552 1709 2718 1762 etiam
2762 1710 3061 1765 vehemens
3087 1726 3282 1781 pugna-
3315 1712 3561 1765 studium

302 1804 394 1853 καὶ
450 1802 581 1869 ἡμῖν
631 1799 1101 1871 ἑρῤᾳθυμημένως
1156 1816 1268 1859 πως
1300 1799 1400 1870 ἤδη
1442 1801 1507 1869 τῇ
1555 1799 1690 1867 πρὶς
1734 1799 1878 1866 ὑμᾶς

1991 1797 2038 1849 in
2064 1799 2403 1852 contrarium
2447 1800 2661 1869 vergit,
2692 1815 2758 1854 eo
2806 1802 2954 1870 quod
3002 1802 3179 1871 ipsius
3231 1804 3565 1858 exstinctum

299 1898 550 1965 διηγήσει
594 1894 866 1964 μετὰ-τῆν
893 1893 1061 1963 ζάλην
1091 1892 1307 1961 ἐκείνην
1339 1891 1639 1962 χρωμένοις
1677 1894 1875 1945 ἐνεῖναι

302 1989 631 2059 συγγνώμην
662 1988 819 2041 οὐδὲν
872 1986 1120 2048 ἀπεικός·
1167 1987 1367 2051 ἐξεῖναι
1423 1988 1553 2053 γὰρ,
1611 1987 1719 2039 κάκ
1768 1985 1877 2039 τῶν

298 2084 631 2153 είρημένων,
656 2082 896 2134 συνεῖναι
935 2080 1078 2150 ὑμᾶς
1110 2077 1211 2148 τὴν
1238 2076 1347 2130 τῶν
1381 2077 1558 2146 σοφῶν
1597 2076 1895 2146 ἑκατέρων.

302 2174 644 2244 συμφωνίαν,
687 2174 797 2226 τῶν
828 2190 889 2226 τε
921 2170 1205 2241 ἡμετέρων
1264 2170 1465 2239 δηλαδή
1513 2168 1745 2224 καὶτῶν
1787 2168 1880 2222 θύ-

304 2268 486 2337 ραθεν,
528 2267 678 2328 ὅπως
734 2265 909 2318 ταυτά
961 2264 1057 2316 καὶ
1124 2262 1386 2332 φρονοῦσι
1416 2262 1511 2314 καὶ
1544 2248 1876 2330 φθέγγονται

301 2360 430 2429 περὶ
482 2358 586 2427 τῆς
640 2355 791 2419 θείας
844 2355 1172 2423 ἁπλότητος,
1210 2348 1350 2407 εἶναι
1392 2352 1746 2421 παγχάλεπον
1784 2353 1876 2406 καὶ

303 2449 510 2518 σφόδρα
543 2446 650 2500 τῶν
681 2445 995 2518 ἀδυνάτων,
1042 2442 1292 2495 σύνθεσιν
1351 2443 1554 2494 ἐννοεῖν
1606 2441 1638 2511 ἥ
1687 2442 1876 2508 διαφο-

303 2506 603 2611 ράν,’πλὴν
636 2506 935 2607 ὀνομάτωνΙ
960 2506 1121 2606 μόνον
1148 2572 1163 2597 ,
1194 2534 1384 2596 οὐσίας
1433 2549 1493 2593 τε
1535 2506 1638 2586 καὶ.
1685 2506 1878 2603 βουλή-

300 2651 439 2695 σεως
469 2634 565 2686 καὶ
597 2631 878 2699 δυνάμεως
909 2628 1005 2681 καὶ
1038 2626 1182 2697 ζωῆς
1206 2626 1302 2680 καὶ
1324 2626 1535 2696 σοφίας,
1567 2627 1662 2679 καὶ
1692 2625 1876 2688 ἁπλῶς

300 2724 583 2791 ἐνεργείας
630 2721 871 2790 ἀπάσης.
909 2719 1123 2788 Ὥσπερ
1166 2720 1276 2789 γὰρ
1324 2718 1525 2787 ἐπίσης
1576 2718 1790 2771 δίδωσιν
1849 2718 1877 2769 ό

299 2817 435 2879 Θεὸς
457 2813 705 2868 εὐσεϐέσι
733 2813 825 2867 καὶ
852 2810 1126 2875 ἀσεϐέσιν,
1161 2810 1392 2876 Ἕλλησί
1439 2826 1499 2863 τε
1541 2811 1635 2864 καὶ
1667 2810 1878 2880 βαρϐά-

303 2927 453 2980 ροις,
488 2909 583 2961 καὶ
617 2903 929 2975 συλλήϐδην
962 2905 1132 2958 πᾶσιν
1171 2902 1385 2956 ἔθνεσιν
1415 2904 1612 2970 εἰπεῖν,
1648 2903 1878 2973 οὐρανὸν

301 3003 398 3054 καὶ
428 3001 556 3069 γῆν,
587 2999 727 3069 ἀέρα
773 3015 833 3051 τε
879 2997 972 3050 καὶ
1002 2996 1178 3061 ὑετὸν,
1210 2996 1361 3067 ἥλιόν
1395 3012 1455 3048 τε
1485 2997 1578 3049 καὶ
1618 2996 1871 3067 σελήνην,

301 3095 399 3146 καὶ
447 3093 756 3159 τάναγκαῖα
801 3090 1005 3144 πανταο
1041 3088 1184 3142 οὕτω
1239 3088 1334 3142 καὶ
1372 3090 1501 3151 τοὺς
1553 3086 1660 3141 τῶν
1705 3091 1877 3157 ἀναγ-

299 3184 475 3238 καίων
526 3181 736 3253 τεχνῶν
798 3179 1030 3243 κανόνας
1078 3179 1278 3248 ἐπίσης
1337 3178 1636 3250 παρέχεται
1690 3180 1882 3247 πᾶσιν,

295 3275 594 3347 ὁμοφύλοις
630 3253 1094 3343 καὶᾊλλοφύλοιᾲ
1140 3272 1213 3325 Οὐ
1244 3269 1352 3341 γὰρ
1402 3271 1538 3342 ἄλλη
1590 3271 1691 3341 μὲν
1733 3273 1767 3342 ή
1801 3289 1888 3325 τε·-

296 3368 528 3439 κτονική
573 3365 708 3437 παρ’
757 3364 989 3436 Ἕλλησι
1045 3364 1298 3436 στάθμη,
1354 3365 1506 3433 παρὰ
1564 3364 1800 3428 Σκύθαις
1840 3366 1903 3420 δ’.

296 3461 438 3530 ἄλλη
462 3476 477 3493 ⁸
512 3438 608 3514 καὶ
633 3459 839 3529 Μήδοις
871 3458 967 3512 καὶ
992 3457 1234 3527 Πέρσαις
1263 3458 1487 3527 ὁμοίως.
1518 3457 1593 3511 Οὐ
1633 3456 1739 3529 μὴν
1764 3438 1899 3511 οὐδέ

294 3555 397 3607 τοῦ
429 3554 699 3625 γεωργεῖν
754 3551 853 3604 καὶ
898 3550 1244 3619 κυνηγετεῖν,
1296 3550 1391 3604 καὶ
1443 3549 1555 3604 τῶν
1605 3549 1887 3614 τοιούτων,

294 3646 555 3717 διαφορά.
594 3644 755 3698 Ἀλλὰ
794 3644 894 3713 τῆς
942 3642 1238 3714 θρησκείας
1271 3642 1653 3713 διαφερούσης,
1692 3642 1763 3697 τὰ
1792 3643 1891 3713 τῆς

295 3743 501 3811 τέχνης
549 3738 662 3809 ἔχει
703 3737 1024 3805 συνάφειαν.
1066 3736 1224 3792 Οὕτω
1253 3736 1312 3790 δὲ
1358 3738 1498 3791 κόιπ)⁸
1542 3736 1645 3805 τῆς
1670 3734 1890 3806 λεξικῆς

296 3833 615 3903 ἐπιστήμης
635 3830 785 3883 ἐστιν
803 3828 1121 3899 ὀρᾷν.”οσοι
1146 3826 1247 3897 μὲν
1275 3828 1386 3895 γὰρ
1405 3828 1473 3897 τῇ
1491 3826 1628 3896 αὐτῇ
1659 3825 1892 3896 κέχρηνο

296 3945 397 3981 ται
439 3923 732 3993 διαλέκτῳ,
752 3924 819 3991 τῇ
846 3919 953 3973 τῶν
984 3919 1218 3990 πρώτων
1260 3920 1739 3989 εὐδοκιμησάντων
1763 3922 1893 3988 ὁμο.

295 4023 477 4093 γενῶν
514 4019 793 4089 ἐπιστήμῃ
820 4014 902 4091 [P.
941 4014 1072 4086 690}
1104 4016 1200 4068 καὶ
1233 4013 1396 4086 τέχνῃ
1429 4012 1652 4076 τούτους
1689 4012 1893 4082 κεχρῆ-

299 4117 435 4173 σθαι
472 4113 676 4186 χρεὼν,
711 4109 966 4171 Φοίνικας
1001 4107 1149 4177 λέγω
1173 4106 1272 4161 καὶ
1304 4106 1523 4174 Πέρσας
1557 4106 1654 4156 καὶ
1690 4103 1891 4155 ’Δσσυ-

299 4211 482 4283 ρίους.
516 4207 625 4262 Καὶ
659 4205 749 4259 ἵνα
780 4203 910 4266 τοὺς
926 4201 1123 4264 ἄλλους
1162 4197 1549 4269 παρέλθωμεν,
1578 4196 1673 4250 καὶ
1706 4196 1896 4249 ὁπόσοι

294 4301 371 4369 τῇ
415 4296 627 4351 Ἐλλάδι
658 4294 962 4364 κέχρηνται
1002 4289 1251 4361 γλώσσῃ,
1296 4287 1514 4356 ἀνάγκη
1558 4289 1653 4341 καὶ
1683 4285 1898 4350 τούτοις

294 4394 373 4461 τῇ
434 4389 546 4442 τῶν
599 4384 864 4456 ἀρχηγῶν
923 4384 1042 4453 τῆς
1076 4380 1349 4452 εὑρέσεως
1392 4380 1630 4451 χρῆσθαι
1687 4378 1898 4449 μεθόδῳ

1985 1888 2063 1944 sit
2094 1892 2516 1957 suscitabttlum,
2537 1903 2594 1947 et
2626 1894 2862 1948 bellicus
2903 1896 3141 1963 impetus
3175 1896 3357 1950 statim
3401 1905 3568 1964 atque

1986 1967 2137 2037 arma
2174 1984 2418 2054 projecta
2447 1994 2596 2050 sunt,
2619 1987 2878 2054 paulatim
2911 1988 2965 2041 in
2990 1976 3321 2044 oblivionem
3349 1992 3569 2045 abierit.

1985 2076 2173 2145 Itaque
2207 2092 2314 2131 non
2350 2077 2630 2132 immerito
2663 2078 2867 2134 dabitis
2905 2079 3049 2135 hanc
3091 2082 3330 2146 veniam,
3358 2082 3401 2136 si
3429 2082 3572 2137 forte

1985 2176 2108 2235 post
2133 2168 2282 2221 illam
2310 2176 2687 2237 tempestatem
2722 2181 3005 2241 utcunque
3037 2172 3344 2227 remissiori
3376 2174 3563 2227 animo

1985 2258 2040 2312 iu
2067 2259 2182 2314 hate
2215 2260 2374 2315 vobis
2413 2261 2719 2316 enarranda
2778 2263 3117 2319 incumbam.
3149 2264 3398 2334 Namque
3426 2281 3563 2319 una-

1984 2349 2188 2403 nimem
2208 2351 2537 2421 sapientium
2561 2362 2672 2407 tum
2690 2352 3129 2410 Christianorum
3146 2365 3258 2410 tum
3278 2358 3566 2427 gentilium

1985 2443 2314 2498 sententiam
2344 2444 2429 2498 vel
2456 2445 2622 2499 etiam
2650 2459 2719 2499 cx
2741 2446 2904 2502 dictis
2940 2448 3198 2517 poteritis
3224 2449 3527 2519 intelligere
3554 2469 3567 2512 ς

1984 2552 2090 2606 qua
2120 2552 2318 2607 nempe
2342 2540 2561 2593 ratione
2591 2540 2659 2595 de
2679 2541 2862 2595 divina
2893 2542 3244 2612 simplicitate
3268 2541 3457 2597 eadem
3482 2559 3569 2597 sa-

1985 2630 2138 2697 piant
2157 2638 2214 2684 et
2237 2630 2614 2699 pronuntient,
2633 2646 2755 2686 esse
2774 2646 3039 2702 perquam
3063 2633 3304 2698 dilIicile,
3324 2633 3435 2687 imo
3458 2651 3573 2688 ma-

1984 2721 2127 2775 xime
2146 2720 2577 2791 impossibile,ut
2592 2723 2715 2793 quis
2731 2724 3186 2794 compositionem
3207 2737 3298 2782 aut
3319 2727 3575 2783 diﬂ‘eren-

1986 2812 2138 2877 tiam,
2167 2822 2541 2882 praeterquam
2565 2815 2849 2869 nominum
2873 2815 3165 2882 duntaxat,
3186 2818 3328 2872 inter
3360 2819 3575 2891 1099

1984 2905 2380 2970 substantiam,
2409 2915 2465 2961 et
2498 2908 2861 2974 voluntatem,
2895 2911 3220 2978 potentiam,
3265 2911 3452 2977 vitam,
3483 2928 3573 2967 sa-

1983 2996 2248 3066 pientiam
2295 3006 2381 3060 et,
2451 3007 2510 3051 ut
2544 3001 2856 3052 summatim
2887 2999 3085 3064 dicam,
3122 3016 3340 3056 onmem
3368 3004 3575 3072 'opera-

1990 3087 2217 3152 tionem,
2252 3090 2542 3159 excogitet.
2590 3089 3065 3156 Quemadmodum
3099 3094 3244 3147 enim
3280 3096 3388 3165 piis
3419 3112 3574 3165 teque

1990 3195 2057 3235 ac
2105 3180 2321 3250 impiis‘
2351 3179 2560 3237 Graecis
2605 3190 2661 3236 et
2724 3181 3000 3248 Barbaris,
3047 3192 3104 3237 et
3138 3185 3222 3253 (ut
3264 3201 3372 3240 uno
3404 3187 3575 3241 verbo

1988 3273 2330 3343 complectar
2357 3273 2565 3344 omnia)
2597 3275 2852 3343 gentibus
2886 3274 3165 3341 omnibus,
3212 3278 3437 3343 coelum,
3470 3288 3579 3332 ter-

1989 3380 2130 3432 ram,
2160 3380 2312 3428 aera,
2370 3365 2629 3430 imbrem,
2676 3366 2869 3430 solem,
2920 3366 3134 3434 lunam,
3182 3377 3237 3422 et
3271 3371 3453 3424 omnia
3485 3387 3580 3425 ne-

1990 3457 2253 3523 cessaria,
2284 3456 2430 3511 Dens
2482 3450 2716 3523 tribuit’;
2760 3459 2841 3513 sic
2865 3468 2921 3512 et
2950 3460 3387 3514 necessariarum
3420 3477 3579 3532 regu-

1990 3550 2073 3605 las
2098 3549 2300 3604 artium
2332 3549 2608 3619 indigenis
2635 3558 2691 3604 et
2720 3549 3044 3620 alienigenis
3080 3552 3364 3620 aequaliter
3397 3553 3578 3606 omni-

1992 3645 2097 3701 bus
2123 3645 2365 3701 exhibet.
2396 3644 2533 3699 Nam
2592 3658 2772 3713 neque
2828 3643 3040 3699 fabrilis
3091 3658 3282 3699 norma
3313 3655 3367 3710 et
3396 3646 3579 3700 libella

1992 3736 2099 3790 alia
2128 3746 2212 3790 est
2235 3735 2380 3805 apud
2409 3734 2650 3801 Graecos,
2675 3743 2733 3789 et
2785 3735 2891 3789 alia
2927 3735 3071 3805 apud
3096 3735 3364 3805 Scythas;
3400 3748 3587 3806 neque

1994 3828 2138 3897 apud
2169 3826 2357 3881 Medos
2406 3826 2534 3889 alia.
2562 3834 2619 3881 et
2643 3825 2748 3879 alia
2782 3826 2916 3880 item
2949 3826 3093 3896 apud
3134 3827 3366 3893 Persas;
3401 3842 3589 3913 ncqne’

1994 3919 2345 3990 agricultura:
2377 3928 2473 3973 aut
2503 3917 2834 3978 venationis,
2863 3931 2919 3972 et
2970 3918 3202 3971 aliorum
3240 3918 3581 3988 huiusmodi,

1996 4014 2105 4068 ulla
2141 4022 2227 4068 est
2249 4013 2393 4084 apud
2443 4012 2543 4067 hos
2569 4026 2762 4066 omnes
2795 4011 3106 4067 ditl‘erentia
3143 4029 3158 4067 :
3195 4011 3288 4066 sed
3328 4029 3452 4067 cum
3496 4015 3591 4066 dia

1996 4120 2151 4160 versa
2189 4105 2429 4161 sentiant
2474 4103 2542 4159 de
2569 4103 2855 4173 religione,
2890 4102 2948 4158 in
2980 4103 3192 4159 artibus
3220 4105 3581 4160 conveniunt.

1997 4197 2147 4253 Idem
2173 4195 2362 4250 videas
2409 4195 2466 4248 in
2517 4210 2581 4249 ea
2605 4195 2857 4259 scientia,
2891 4211 3012 4265 quae
3047 4196 3195 4250 circa
3225 4194 3493 4252 vocab‘nla
3525 4207 3583 4251 et

1999 4284 2272 4342 dictiones
2335 4293 2609 4339 versatur.
2668 4283 2736 4337 Et
2788 4300 2919 4339 vero
2984 4284 3300 4354 quicunque
3346 4283 3593 4341 dialecto

2000 4377 2193 4433 eadem
2254 4383 2501 4441 utuntur,
2559 4376 2597 4430 ii
2626 4375 2928 4446 primorum
2961 4392 2992 4431 e
3024 4391 3122 4431 sua
3158 4387 3319 4447 gente
3364 4390 3420 4432 ct
3450 4393 3589 4447 pra:-

298 4482 407 4537 καὶ
439 4480 627 4551 τέχνῃ,
660 4477 918 4547 καθάπερ
973 4473 1193 4543 στάθμῃ
1237 4470 1368 4536 τινὶ,
1428 4468 1606 4559 stop-ll
1654 4469 1887 4539 βούλοιτέ

2004 4470 2270 4523 stantium
2294 4469 2576 4524 vernaculi
2612 4469 2890 4524 sermonis
2947 4478 3237 4525 auctorum
3272 4470 3503 4525 scientia
3533 4480 3593 4524 et

299 4593 392 4637 τις
445 4573 616 4627 πλείω
661 4567 986 4632 σολοικίζειν
1047 4567 1079 4639 ἢ
1138 4565 1497 4634 φθέγγεσθαι.
1560 4562 1625 4616 Ὃ
1676 4562 1741 4633 δὴ
1797 4564 1895 4617 καὶ,

315 4668 601 4737 Ἰουλιανῷ
647 4665 727 4735 τῷ
773 4662 1029 4718 δυσσεϐεῖ
1057 4661 1266 4731 ληφθὲν
1324 4661 1417 4713 ἐπὶ
1472 4658 1597 4712 νοῦν
1643 4656 1893 4729 ἐμποδὼν

297 4765 422 4826 τοῖς
481 4760 769 4815 εὐσεϐοῦσι
809 4760 1006 4829 στῆναι
1066 4756 1353 4819 πέπεικεν,
1393 4753 1723 4823 Ἑλληνικοῖς
1760 4752 1894 4823 ῥυθ-

308 4856 571 4920 μίζεσθαι
614 4852 798 4921 λόγοις
833 4852 933 4923 τὴν
970 4850 1244 4919 γλῶτταν.
1297 4848 1479 4902 Μόνον
1510 4849 1614 4917 τῆς
1661 4846 1896 4915 ἐκλογῆς

305 4947 483 5015 ὑγιῶς
534 4945 825 5000 ἀνθεκτέον
855 4939 1095 5005 ἐκεῖθεν,
1132 4940 1230 4994 καὶ
1258 4939 1403 4994 κατὰ
1439 4939 1540 5009 τὴν
1572 4937 1789 5008 ἐμμελῆ
1830 4954 1892 4990 τε

304 5044 402 5095 καὶ
435 5038 755 5111 ἐναρμόνιον
815 5036 927 5089 τῶν
987 5033 1163 5103 ἀγίων
1203 5033 1367 5103 ήμῶν
1428 5031 1772 5102 συμφωνίαν.
1816 5029 1895 5083 Ἦ

305 5134 424 5201 γὰρ
455 5130 557 5184 οὐκ
588 5132 654 5184 ἂν
681 5129 879 5199 φθάνοι
907 5127 1196 5197 ταράττων
1215 5126 1286 5178 τὰ
1302 5127 1509 5195 πάτρια
1538 5124 1639 5193 τῆς
1660 5124 1896 5192 Ἐκκλη-

310 5226 437 5284 aia;
492 5222 614 5292 ἱερά
657 5217 1038 5289 δόγματα,·δι’
1073 5215 1388 5287 ἅμαθίανῆ
1428 5216 1740 5287 μοχθηρίαν
1771 5215 1897 5268 ἀτό-

310 5328 420 5370 που
460 5315 691 5385 γνώμης
745 5314 843 5366 καὶ
887 5312 1285 5382 προαιρέσεως,
1318 5310 1505 5375 κακῶς
1535 5309 1896 5379 ἐκλαμϐάνων

312 5410 411 5463 καὶ
463 5407 807 5475 διαστρέφων
866 5405 960 5458 τδν
992 5403 1321 5471 ἐγκείμενον
1356 5405 1478 5465 ταῖς
1520 5402 1702 5468 λέξεσι
1745 5402 1894 5466 νοῦν,

309 5499 521 5569 ὁμοίως
573 5498 652 5568 τῷ
706 5497 784 5569 σῷ
846 5497 1083 5567 Παλαμᾷ
1142 5495 1237 5549 καὶ
1285 5496 1436 5567 ύμῖν,
1478 5496 1673 5565 ἐκείνῳ
1721 5495 1897 5549 ταυτὰ

313 5591 711 5661 φθεγγομένοις
751 5590 953 5660 ἀρτίως
983 5588 1052 5641 τά
1086 5604 1145 5641 τε
1188 5587 1326 5642 ἄλλα
1369 5587 1461 5639 καὶ
1505 5588 1657 5656 τρεῖς
1699 5584 1892 5655 ὁμολο-

313 5686 474 5755 γοῦσι
514 5684 706 5752 φύσεις
754 5683 847 5735 ἐπὶ
904 5681 999 5735 τοῦ
1058 5681 1314 5750 Σωτῆρος
1370 5677 1894 5750 μεταμορφώσεως,

322 5782 456 5853 μίαν
490 5779 589 5849 μὲν
619 5779 716 5847 τῆς
750 5774 1195 5845 ἀνθρωπότητος,
1229 5773 1323 5827 δύο
1362 5773 1567 5825 δὲ’ταῖν
1600 5771 1745 5825 δυεῖν
1779 5769 1897 5823 θεο-

2004 4572 2121 4618 arte
2159 4571 2388 4617 utantur
2439 4571 2676 4632 oportet.
2712 4561 3009 4617 thnices
3054 4563 3318 4634 intelligo,
3374 4563 3602 4628 Persas,

2003 4655 2276 4726 Assyrios.
2324 4655 2427 4718 Et,
2485 4665 2545 4708 ut
2602 4663 2832 4710 caeteros
2901 4655 3185 4721 omittam,
3240 4664 3388 4710 certe
3444 4656 3597 4725 apud

2005 4766 2366 4822 quoscunque
2408 4751 2611 4807 Graeca:
2666 4752 2866 4821 lingua:
2899 4767 3029 4807 usus
3062 4760 3168 4817 est,
3202 4751 3238 4805 ii
3271 4753 3604 4806 methodum‘

2004 4856 2058 4900 et
2088 4855 2261 4899 artem
2294 4860 2485 4899 eorum
2514 4845 2608 4914 qui
2650 4845 2857 4915 reperti
2887 4843 3172 4900 Grazcismi
3207 4846 3378 4900 duces
3412 4855 3465 4900 et
3489 4861 3591 4899 au-

2004 4948 2184 4992 ctores
2234 4936 2500 5001 fuerunt,
2563 4920 3095 5009 necessario‘sequi
3151 4937 3387 5003 debent,
3441 4937 3600 4992 veluti

2011 5029 2273 5082 amussim
2308 5029 2633 5097 quamdam;
2668 5028 2773 5082 nisi
2817 5026 3004 5096 plures
3032 5029 3085 5081 in
3118 5027 3394 5097 loquendo
3422 5028 3591 5083 solus-

2007 5110 2406 5189 cismos'quam
2444 5133 2611 5172 voces
2655 5117 2904 5187 proferre
2939 5120 3241 5173 voluerint.
3273 5120 3428 5183 Quod
3462 5132 3603 5171 cum“

2004 5212 2225 5269 Juliano
2284 5212 2453 5282 impio
2509 5220 2773 5281 apostatae
2829 5212 2885 5266 in
2917 5222 3155 5267 mentem
3188 5212 3447 5273 venisset,
3485 5209 3605 5280 ipsi?

2006 5306 2177 5361 suasit
2229 5314 2288 5359 ut
2344 5305 2451 5373 piis
2502 5290 3205 5361 Christianis‘Grzecarum
3280 5304 3601 5357 litterarum’

2007 5399 2207 5461 studia,
2237 5396 2441 5468 quibus
2466 5396 2709 5465 linguam
2741 5396 2821 5451 illi
2850 5412 3004 5450 suam
3037 5403 3388 5457 exornarem,
3422 5396 3605 5447 ittlcr-'

2004 5496 2234 5550 diceret.
2263 5493 2318 5546 Id
2357 5477 2528 5547 unum
2550 5492 2641 5547 hic
2671 5491 2849 5546 notari
2869 5490 3054 5554 velim,
3090 5498 3151 5543 ut
3183 5504 3379 5557 nempe
3406 5487 3592 5558 profar-

1984 5586 2202 5641 ’narum
2249 5586 2554 5639 litterarum
2598 5585 2843 5640 delectus
2892 5591 3040 5637 recte
3102 5582 3391 5645 habeatur,
3434 5582 3602 5651 iuxta‘

2006 5685 2399 5747 congruentem
2428 5686 2483 5732 et
2515 5676 2817 5747 piissimam
2850 5681 3162 5741 sanctorum
3203 5673 3425 5727 Patrum
3456 5688 3591 5726 con-

2006 5770 2247 5825 cordiam
2284 5769 2527 5839 :alioqui
2576 5769 2797 5839 jamjam
2853 5766 3231 5836 unusquisque
3280 5767 3503 5833 antiqua
3539 5774 3603 5824 οὔ
