4016 6490
414 5809 443 5823 Ι

571 294 707 360 1419
851 290 928 363 [Α.
968 306 1023 346 ιι.
1062 289 1366 364 6859,,1240.
1410 288 1468 361 41

1718 292 2139 372 ΝῙΟΕΡΗΟΒΙ
2178 293 2565 358 esseom

2852 290 2984 364 [nm
3026 309 3069 348 ι.
3106 304 3388 350 muraena.
3431 294 3492 367 5]

3660 300 3778 367 1520

571 409 804 466 inereati
851 415 1224 478 permanent,
1275 406 1536 477 quoniam
1585 383 1682 461 eos
1733 405 1851 477 ipse
1909 404 2149 476 Spiritus

2266 407 2431 474 γείας.
2463 425 2482 458 ι
2530 404 2787 459 Ἀκούετε
2820 405 3094 476 γραῖδίων
3133 406 3447 476 φληνάφων,
3494 410 3781 481 αὐτόχρημα

567 511 815 566 sanctus,
863 508 924 575 ut
971 500 1188 554 innatas
1226 506 1283 554 et
1334 497 1529 554 insitas
1579 500 1970 570 operationes,
2015 496 2150 554 facit

567 602 736 664 atque
787 601 1075 663 operatur.
1114 608 1133 643 ι
1177 589 1420 656 Auditis,
1469 598 1531 645 ut
1577 590 1754 645 dicam
1806 592 1969 663 plane
2000 588 2149 661 quod

569 703 662 744 res
695 694 804 753 est,
857 685 1151 756 nugacinm
1197 683 1542 738 anicularum
1587 682 1977 741 deliramenta.
2010 683 2151 741 Cum

569 781 719 836 enim
762 779 945 849 ipsum
979 792 1104 833 esse
1153 773 1723 831 Pneumatomachum
1763 774 1975 846 liquido
2018 790 2153 830 con-

569 881 697 936 stet,
726 886 792 925 ac
834 867 1035 924 deinde
1066 868 1226 923 istam
1253 867 1678 937 appellationem
1701 865 1946 938 effugere
1977 881 2152 923 cone-

569 974 685 1031 tur,
733 958 1373 1020 Pneumatomachorum
1413 957 1824 1028 improbitatem
1869 959 2034 1030 longe
2063 975 2156 1014 su-

569 1066 729 1129 perat
772 1054 1083 1112 intervallo.
1137 1060 1194 1106 et
1233 1050 1500 1105 mutabile
1547 1050 1753 1105 malum
1805 1066 1864 1106 se
1906 1050 2059 1117 facit,
2089 1060 2155 1107 ut

571 1164 771 1220 nempe
807 1147 946 1204 clam
1000 1143 1161 1199 nobis
1207 1142 1455 1214 effugiat,
1507 1158 1609 1196 nec
1660 1142 1780 1214 ejus
1827 1142 2153 1212 improbitas

573 1251 859 1314 arguatur.
888 1239 1095 1295 Verum
1140 1236 1535 1306 undequaque,
1564 1233 1712 1304 quod
1761 1248 1871 1288 non
1906 1233 2155 1289 animad-

570 1336 764 1398 vertit,
815 1331 921 1386 liac
973 1328 1325 1400 potissimum
1378 1327 1590 1382 ratione
1622 1333 1774 1381 certe
1808 1335 2000 1396 captus
2046 1335 2151 1382 est.

572 1426 708 1483 Nam
738 1422 1083 1481 Palamitiea:
1112 1419 1481 1491 improbitatis
1512 1428 1696 1489 patres
1727 1417 2155 1476 Pneumatoma-

571 1519 687 1584 chi,
730 1533 852 1572 cum
902 1524 1154 1569 sanctum
1205 1511 1472 1584 Spiritum
1502 1525 1623 1567 esse
1668 1509 1875 1566 factum
1906 1511 2154 1566 dicerent

572 1613 738 1678 (sicut
776 1606 980 1664 Filium
1011 1604 1257 1662 divinum
1306 1605 1469 1660 Arius
1503 1603 1712 1660 factum
1743 1617 1865 1659 esse
1893 1602 2152 1676 dixerat),

573 1699 890 1756 necessaria
918 1697 1159 1767 quadam
1194 1695 1588 1751 consecutione
1617 1704 1864 1750 creatum
1909 1710 2032 1751 esse
2065 1696 2165 1767 ip-r

573 1808 697 1848 sum
728 1788 1092 1854 asserebant;
1125 1784 1577 1857 quandoquidem
1625 1784 1742 1841 sive
1771 1796 1888 1842 arte
1930 1801 2155 1858 compa-

578 1894 748 1950 ratas,
782 1883 901 1938 sive
941 1896 972 1935 a
1025 1888 1225 1934 natura
1270 1879 1464 1934 insitas
1495 1877 1781 1933 hominum
1815 1878 2160 1950 cognitiones

574 1977 952 2041 eonsulamus,
999 1973 1054 2029 id
1083 1958 1232 2045 quod
1282 1972 1486 2028 factum
1533 1982 1639 2038 est,
1693 1973 2000 2028 increatum
2048 1971 2157 2028 dici

567 2081 858 2140 nunquam
888 2067 1112 2139 poterit.
1145 2067 1253 2122 Sed
1304 2066 1580 2127 Palamas,
1613 2082 1778 2137 quem
1821 2067 2028 2121 nullius
2081 2064 2160 2121 rei

567 2164 765 2234 .p'udet,
811 2159 1130 2217 novissimis
1182 2158 1337 2215 hisce
1386 2159 1603 2226 diebus,
1653 2158 1707 2214 id
1757 2158 1902 2230 quod
1953 2158 2160 2215 factum

571 2265 742 2320 esset,
776 2255 1085 2311 increatum
1115 2260 1360 2308 statuere
1397 2268 1506 2307 non
1538 2251 1834 2307 dubitavit.
1868 2250 2162 2322 Oporteret

574 2350 763 2419 itaque
810 2356 874 2402 ut
918 2344 1038 2401 iure
1069 2343 1256 2399 omnia
1287 2358 1506 2399 summo
1539 2344 1823 2415 prosecuti
1871 2343 1999 2399 odio
2029 2344 2162 2399 sileo

574 2451 787 2503 remus,
840 2445 898 2495 et
943 2430 1248 2493 obstructis
1299 2435 1528 2491 auribus
1563 2435 1634 2491 ab
1681 2435 1969 2492 auditione
2019 2436 2161 2490 mala

512 2538 517 2543 '
573 2531 1004 2588 declinaremus.
1024 2521 1228 2584 Verum
1254 2527 1518 2599 quoniam
1556 2529 1644 2600 (ex
1671 2543 1737 2583 eo
1762 2529 1907 2598 quod
1937 2529 2163 2600 impune

574 2625 877 2681 mentiatur
903 2621 1150 2677 nefarius
1179 2621 1270 2676 ille
1293 2630 1349 2676 et
1387 2628 1606 2676 suomet
1650 2620 1858 2691 1131
1893 2620 2155 2691 suffragio

571 2722 753 2792 justus
789 2715 1066 2788 Palamas)
1099 2714 1402 2786 principes,
1432 2723 1757 2784 potestates,
1796 2715 2006 2784 quippe
2045 2729 2153 2770 saec

574 2813 821 2870 cularem
856 2808 1007 2864 hunc
1040 2809 1095 2862 in
1144 2806 1412 2861 mundum
1442 2805 1650 2861 habent
1696 2803 2015 2876 imperium,
2054 2804 2159 2878 ipsi

2256 498 2446 567 φάναι,
2506 486 2823 570 ληρηματα.
2882 499 3344 577 Πνευματομὰχος
3405 499 3512 571 γάρ
3558 501 3785 572 ὑπάρχων

2256 591 2461 662 σαφὴς,
2488 590 2585 643 ἕπε
2597 608 2682 644 ιτα
2710 590 2936 659 φεύγειν
2959 592 3297 662 πειρώμενος
3327 590 3580 662 τοῦνομαξ
3602 596 3787 663 γίνεται

2253 683 2454 754 χείρων
2494 684 2576 737 ἔτι
2619 682 2822 752 μᾶλλον
2877 682 3105 737 ἐκείνων
3149 686 3376 754 μακροῖς
3421 701 3532 739 τισι
3566 687 3786 758 μέτροις·

2256 777 2350 830 καὶ
2382 774 2553 829 κακὸν
2595 774 2767 829 ποιῶν
2798 774 2992 827 ἑαυτὸν
3023 772 3481 845 ἀλλοπρόσαλλον,
3521 775 3606 831 ίνα
3649 776 3793 847 δῆθεν

2253 866 2497 939 λανθάνῃ
2535 866 2928 937 διαδιδράσκων
2974 865 3104 927 τοὺς
3132 870 3229 935 τῆς
3260 867 3460 932 κακίας
3493 868 3793 939 ἐλέγχους,ὁ

2253 958 2313 1012 δὲ
2356 956 2551 1026 λέληθε
2587 955 2788 1026 μᾶλλον
2818 955 2980 1018 αὐτὸς
3014 954 3206 1008 ἑαυτὸν
3236 955 3589 1025 ἁλισκόμενος
3616 973 3795 1012 παντα-

2255 1049 2437 1123 χόθεν.
2465 1049 2529 1102 Οί
2559 1049 2668 1118 γὰρ
2697 1047 2798 1115 τῆς
2841 1044 3005 1100 αὐτοῦ
3046 1047 3244 1110 κακίας
3301 1048 3539 1118 πατέρες
3572 1052 3796 1120 Πνευμαδ

2254 1140 2517 1211 τομάχοι,
2546 1139 2761 1209 ποίημα
2793 1137 3042 1206 λέγοντες
3062 1133 3204 1191 εἶναι
3226 1138 3287 1190 τὸ
3313 1138 3555 1209 Πνεῦμα,
3577 1139 3796 1211 καθάπερ

2275 1234 2495 1305 ’Δρειος
2534 1230 2628 1285 τὸν
2671 1229 2826 1296 Υἱὸν,
2876 1227 3184 1292 ἀκολούθως
3222 1229 3317 1281 καὶ
3353 1232 3557 1300 κτίσμα
3581 1230 3714 1285 τοῦτ’
3748 1232 3797 1297 ἐξ

2256 1327 2506 1397 ἀνάγκης
2531 1325 2801 1394 ἔφασκονο
2834 1323 2931 1379 ἅτε
2962 1322 3039 1393 μὴ
3068 1322 3373 1393 δυναμένης
3412 1324 3550 1394 μήτε
3601 1325 3691 1395 τῆς
3726 1341 3797 1379 τε-

2260 1420 2457 1492 χνικῆς
2491 1418 2740 1488 μεθόδου,
2767 1416 2907 1486 μήτε
2931 1420 3166 1489 φυσικῆς
3210 1416 3321 1470 τῶν
3368 1415 3665 1487 ἀνθρώπιον
3684 1417 3797 1484 γνὼι

2259 1527 2421 1576 σεως,
2435 1510 2691 1565 ἀκτιστον
2709 1509 2920 1579 ποίημα
2935 1507 3114 1576 λέγειν
3131 1507 3286 1560 ποτέ.
3305 1506 3363 1560 '0
3381 1507 3438 1561 δὲ
3466 1506 3625 1577 μηδὲν
3638 1508 3800 1578 αἰσχυι

2256 1602 2482 1672 νόμενος
2523 1601 2779 1656 ἄκτιστον
2803 1601 3016 1672 ποίημα
3039 1598 3367 1670 τετόλμηκεν
3397 1601 3500 1670 ήδη
3529 1600 3799 1670 νομοθετεῖν

2258 1695 2316 1749 ἐν
2338 1698 2457 1759 ταῖς
2469 1694 2725 1764 ἐσχάταις
2741 1692 2967 1757 ταύταις
2989 1692 3244 1763 ἡμέραις.
3262 1692 3459 1765 Ἐχρῆν
3475 1690 3567 1746 οὖν
3581 1692 3799 1762 καὶὴμᾶς

2259 1788 2511 1844 ἐνταυθοῖ
2546 1788 2726 1858 σιωπῇ
2767 1787 2838 1840 τά
2886 1785 3111 1841 τοιαῦτα
3152 1784 3493 1857 μισήσαντὰς
3536 1801 3595 1837 τε
3636 1784 3722 1837 καὶ
3745 1786 3800 1836 τᾶ

2257 1873 2375 1935 ὦτα
2405 1879 2674 1951 βύσαντας
2701 1879 2893 1948 φυγεῖν
2911 1879 3020 1933 ἀπὸ
3039 1877 3211 1948 ἀκοῆς
3228 1877 3493 1949 πονηρᾶς.
3526 1874 3656 1929 Ἀλλ’
3680 1877 3798 1939 ἐπεὶ,

2260 1967 2356 2047 [Ρ.
2391 1972 2521 2046 708]
2540 1972 2633 2027 διὰ
2648 1972 2743 2026 τοῦ
2765 1972 3064 2041 ἀνέλεγκτα
3083 1971 3381 2042 ψεύδεσθαι
3404 1969 3594 2025 τοῦτον
3616 1970 3798 2025 ἀνόσιόν

2262 2085 2326 2121 τε
2371 2068 2468 2120 καὶ
2513 2068 3030 2135 αύτοχειροτόνητον
3064 2066 3297 2130 δίκαιον,
3335 2065 3398 2118 ατ
3441 2081 3502 2116 τε
3546 2058 3799 2133 ἀρχαὶκαὶ

2261 2159 2510 2227 ἐξουσίαι
2568 2159 2662 2214 καὶ
2698 2160 2747 2211 οἱ
2779 2156 2873 2211 τοῦ
2912 2158 3109 2221 αἰῶνος
3142 2155 3358 2212 τουτουῒ
3388 2156 3798 2228 κοσμοκράτορες

2262 2254 2601 2326 χορηγοῦσιν
2641 2254 2790 2323 αὐτῷ
2818 2254 2885 2307 δι’
2920 2252 3168 2321 ἀμαθίαν
3211 2254 3480 2323 τρόπαιον
3508 2253 3658 2305 τοῦτο
3682 2251 3798 2303 κατά

2262 2348 2358 2418 τῆς
2384 2345 2648 2418 ἀληθείας
2688 2346 2925 2418 ἐγείρειν
2947 2347 3029 2410 είς
3064 2346 3276 2415 πλάνην
3293 2345 3406 2400 τῶν
3427 2343 3797 2412 ἁπλουστέρων

2261 2440 2481 2511 ἀνάγκη
2503 2440 2601 2493 καὶ
2630 2441 2780 2511 ἡμᾶς
2813 2439 3064 2494 ἐνταυθοῖ
3090 2440 3394 2510 γρηγορείν
3422 2454 3483 2490 τε
3508 2437 3620 2508 ἀμα
3644 2437 3729 2490 καὶ
3752 2434 3800 2485 τὸ

2262 2531 2367 2601 τῆς
2390 2531 2654 2604 ἀληθείας
2677 2530 3159 2602 ἀναλαμϐάνοντες
3194 2530 3349 2600 ξίφος
3361 2514 3658 2604 παρρησίᾳ
3679 2528 3798 2581 κατὰ

2263 2624 2360 2677 τοῦ
2393 2624 2627 2693 ψεύδους
2656 2623 2930 2699 ἐλαύνειν,
2968 2625 3030 2677 τό
3060 2640 3124 2693 γε
3147 2624 3277 2694 ημῖν
3307 2624 3554 2693 ἐφικτὸν,
3572 2619 3700 2676 ὅπλα
3726 2621 3801 2672 καὶ

2264 2716 2447 2785 τεῖχος
2470 2715 2824 2783 ἀκροπόλεως
2865 2713 3089 2785 ἰσχυρὸν
3114 2720 3207 2777 τᾲς
3228 2714 3507 2785 ἡμετέρας
3544 2715 3650 2776 τοῖς
3669 2709 3799 2782 6900-

2265 2807 2436 2873 δόξ’ζις
2469 2808 2690 2879 γραφὰς
2722 2825 2795 2860 πα
2806 2807 3165 2878 ρεχόμενοι,ἦ
3187 2807 3395 2876 μᾶλλον
3422 2808 3522 2871 τὰς
3546 2805 3648 2861 τῶν
3670 2804 3800 2858 θείων

576 2906 649 2961 ob
693 2900 1029 2975 imperitiam
1083 2899 1464 2972 suppeditant,
1498 2899 1646 2954 unde
1684 2899 1753 2955 ad
1800 2899 2161 2969 simpliciores

2266 2898 2503 2970 Γραφῶν
2567 2901 2906 2969 μαρτυρίας,
2970 2897 3058 2951 ἵνα
3122 2898 3199 2967 μὴ
3272 2900 3415 2970 ἀκοῇ
3480 2899 3708 2967 σκοτεινῇ
3752 2910 3799 2947 τε

576 2995 939 3068 decipiendos
960 2993 1069 3048 hoc
1093 2992 1361 3046 adversus
1378 2989 1667 3046 veritatem
1695 3000 1959 3062 tropaeum
1988 2990 2161 3062 erigat

2269 2994 2366 3047 καὶ
2397 2993 2648 3063 ἀλαμπεῖ
2683 2991 3252 3062 κατακολουθήσαντες
3291 2994 3395 3073 sici
3416 2991 3675 3062 βάραθρον
3696 2992 3800 3042 tau-

576 3101 633 3148 et
663 3096 890 3153 statuat,
935 3099 1163 3141 necesse
1192 3093 1279 3139 est
1308 3094 1371 3138 ut
1422 3083 1513 3138 hic
1545 3083 1712 3139 etiam
1763 3083 2078 3154 vigilemus,
2106 3092 2161 3140 et

2266 3086 2395 3151 τοὺς
2443 3086 2832 3156 συνωθήσωσιν
2880 3084 3178 3148 ἀπωλείας.
3228 3084 3381 3138 Ἐπεὶ
3428 3086 3536 3156 γὰρ
3573 3084 3801 3142 τοσαύτας

583 3187 931 3249 assumptum
980 3174 1232 3230 veritatis
1266 3189 1455 3229 ensem
1504 3173 1680 3230 libere
1723 3174 1779 3229 in
1808 3172 2159 3229 mendacium

583 3283 909 3328 exseramus
946 3277 1026 3335 et,
1064 3273 1331 3338 quantum
1376 3267 1429 3320 in
1461 3265 1622 3322 nobis
1666 3265 1794 3333 erit,
1829 3266 2159 3338 adigamus:

581 3379 737 3420 arma
769 3359 977 3433 pariter
1030 3367 1087 3414 et
1130 3372 1359 3413 aeneum
1393 3359 1537 3413 arcis
1567 3373 1789 3414 murum
1838 3360 2164 3419 orthodoxis

580 3456 948 3529 praebeamus,
977 3459 1163 3507 nostra
1192 3449 1448 3505 videlicet
1492 3450 1806 3523 conscripta
1836 3466 2026 3524 opera,
2061 3467 2160 3508 seu

583 3548 769 3623 petius
799 3558 1080 3604 sacrarum
1122 3544 1535 3616 Scripturarum
1585 3545 1901 3601 testimonia
1934 3564 1950 3614 ;
1978 3561 2049 3602 ne
2080 3547 2161 3603 illi

579 3636 984 3693 tenebricosam
1009 3641 1064 3689 et
1087 3632 1437 3703 caliginosum
1469 3632 1807 3690 auditionem
1831 3646 2159 3706 sequantur,

578 3731 773 3800 sicque
807 3743 868 3784 se
901 3728 1050 3798 ipsos
1077 3726 1134 3780 in
1170 3725 1498 3798 perditionis
1528 3725 1799 3798 gurgitem
1833 3729 2158 3800 conjiciunt.

579 3825 717 3880 Cum
747 3822 898 3878 enim
928 3828 1026 3888 tot,
1064 3829 1212 3877 tanta
1248 3829 1304 3875 et
1345 3819 1492 3887 talia,
1525 3819 1678 3891 prius
1708 3822 1934 3893 quidem
1976 3824 2031 3879 in
2064 3840 2164 3880 no-

578 3925 712 3979 stris
742 3921 1036 3978 inveetivis
1059 3929 1114 3976 et
1144 3919 1560 3989 Antirrheticis,
1595 3937 1746 3979 nunc
1769 3932 1955 3980 autem
1988 3925 2043 3979 in
2070 3939 2160 3991 ea,

581 4033 746 4089 quam
785 4015 1063 4080 audiistis,
1097 4014 1472 4085 disputatione
1497 4016 1817 4072 testimonia
1856 4017 1961 4089 ipsi
2002 4018 2166 4077 Pala-

581 4123 684 4161 mre
708 4104 1057 4177 protulerint,
1078 4117 1183 4159 nec
1220 4112 1400 4160 tamen
1422 4105 1584 4176 plene
1617 4107 1746 4162 huic
1769 4109 2163 4178 persuaserim,

591 4210 650 4254 ut
705 4200 782 4264 id,
815 4197 963 4269 quod
1012 4197 1217 4253 fat-tum
1252 4204 1368 4260 est,
1401 4197 1629 4254 minime
1668 4201 1915 4254 omnium
1950 4202 2167 4257 increa-

583 4303 700 4347 tum
743 4306 864 4347 esse
920 4303 1083 4361 posse
1133 4290 1503 4362 intelligeret:
1559 4290 1794 4362 agedum
1841 4291 1910 4349 de
1964 4304 2167 4350 caetero

584 4382 927 4444 clariora‘et
979 4383 1117 4456 ipsis
1163 4382 1494 4452 fossoribus,
1541 4395 1599 4441 ut
1648 4386 1725 4441 ita
1780 4387 1982 4456 dicam,
2036 4399 2167 4444 nota

2274 3180 2427 3250 αύτῷ
2457 3181 2553 3234 καὶ
2577 3179 2838 3242 τοιαύτας
2884 3177 2997 3247 ἐγὼ
3032 3180 3397 3250 συμφορήσας
3424 3179 3676 3249 πρότερον
3720 3176 3800 3247 μὲν

2273 3272 2365 3326 διά
2393 3288 2453 3325 τε
2489 3271 2599 3324 τῶν
2634 3271 3066 3342 στηλιτευτικῶν
3101 3271 3331 3324 ἐκείνων
3383 3274 3481 3325 καὶ
3515 3272 3796 3343 ἀντιῤῥητι·

2273 3364 2408 3430 κῶν,
2443 3364 2541 3418 καὶ
2570 3362 2637 3417 αὖ
2661 3363 2730 3417 δι’
2769 3358 2843 3417 ὧν
2869 3365 3162 3434 ὴκηκόειτε
3196 3363 3312 3430 νῦν,
3345 3367 3451 3420 οὐκ
3480 3363 3797 3438 ἐμπέπληκε,

2274 3457 2396 3511 οὐδέ
2428 3473 2493 3527 γε
2524 3456 2770 3512 συνιέναι
2809 3458 3072 3520 πέπεικα,
3101 3457 3365 3511 ἄκτιστον
3394 3458 3597 3530 ἥκιστα
3611 3452 3800 3512 ’πάντων

2274 3544 2419 3606 εἶναι
2451 3550 2669 3621 ποίημα
2689 3565 2705 3582 ·
2732 3550 2866 3622 φέρε
2896 3550 3086 3603 λοιπὸν
3137 3550 3492 3622 σαφεστέρων
3538 3549 3705 3612 τινῶν,
3729 3546 3805 3600 καὶ

2273 3645 2459 3707 αὐτοῖς
2493 3642 2790 3712 γνωρίμων
2841 3643 3017 3695 εἰπεῖν
3042 3643 3438 3709 σκαπανεῦσιν,
3469 3640 3715 3712 ἁψώμεθα
3736 3640 3807 3691 λό-

2274 3734 2709 3806 γων.οἜνδηλον
2762 3737 2873 3804 γὰρ
2923 3733 3098 3798 δήπου
3153 3735 3263 3797 τοῖς
3318 3733 3485 3800 ὅλοις,
3525 3734 3596 3797 ὡς
3629 3732 3684 3785 τὸ
3728 3730 3806 3799 τῆς

2274 3833 2517 3896 πίστεως
2550 3829 2708 3901 ἡμῶν
2741 3830 2892 3901 ἱερὸν
2923 3828 3225 3898 Σύμεοὶον,
3273 3830 3330 3882 ἐν
3366 3830 3595 3901 ἡμέραις
3635 3826 3804 3884 πάσαις

2275 3925 2374 3979 καὶ
2399 3923 2577 3988 νυξὶν,
2614 3922 2882 3993 ὁμολογίᾳ
2933 3923 3103 3975 πᾶσιν
3129 3920 3433 3992 ὀρθοδὸξοις
3463 3923 3609 3991 κοινῇ
3640 3916 3802 3988 περιᾴ-

2273 4018 2427 4073 δεται
2466 4017 2649 4084 πάντη
2696 4014 2970 4084 διηνεκὲς,
3017 4017 3076 4068 ἐν
3121 4013 3339 4085 κώμαις
3362 4015 3483 4087 ἅμα
3522 4017 3615 4069 καὶ
3645 4011 3802 4065 πόλεσι

2277 4111 2374 4165 καὶ
2406 4106 2698 4179 σπηλαίοις
2745 4106 2843 4160 καὶ
2869 4106 3025 4177 δρεσι
3072 4108 3190 4172 καὶ,
3218 4107 3526 4179 συλλήδδην
3554 4106 3731 4168 εἰπεῖν,
3756 4102 3802 4152 ἐν

2279 4206 2430 4274 πάσῃ
2464 4219 2531 4272 γε
2574 4204 2641 4274 τῇ
2764 4200 2860 4255 καὶ
2886 4202 2995 4271 ὅπη
3024 4200 3125 4275 τῆς
3159 4200 3333 4270 ὑγρᾶς
3357 4200 3543 4264 οὐσίας
3577 4199 3735 4271 διήκει
3757 4192 3805 4246 τδ

2278 4297 2484 4368 ῥᾴδιον.
2520 4297 2678 4366 Ἔχει
2718 4294 2777 4348 δὲ
2832 4292 3039 4357 οὕτως’
3073 4311 3093 4346 ι
3120 4292 3457 4365 Πιστεύομεν
3479 4296 3557 4357 είς
3578 4292 3667 4346 ἕνα
3698 4286 3806 4342 Θεὸν

2288 4387 2511 4459 Πατέρα
2562 4388 3008 4459 παντοκράτορα,
3049 4387 3285 4459 ποιητὴν
3311 4388 3541 4462 ούρανοῦ
3588 4384 3675 4439 καὶ
3702 4380 3802 4450 τῆς,

581 4482 752 4537 verba
779 4494 1135 4551 usurpemus.
1168 4476 1439 4535 Omnibus
1463 4478 1668 4550 quippe
1720 4491 1915 4536 notum
1945 4492 2051 4549 est,
2079 4498 2161 4538 sa-

2276 4483 2495 4555 ὁρατῶν
2529 4501 2591 4536 τε
2622 4485 2847 4539 πάντων
2878 4484 2974 4538 καὶ
3004 4484 3274 4553 ἀοράτων,
3306 4488 3400 4536 καὶ
3414 4484 3495 4545 είς
3517 4481 3607 4532 ἕνα
3637 4474 3804 4543 Κύριον

582 4591 739 4634 crum
794 4575 920 4630 fidei
974 4583 1177 4629 nostra:
1221 4570 1566 4643 Symbolum,
1603 4572 1800 4628 diebus
1852 4575 2067 4629 eunetis
2115 4585 2172 4632 et

583 4670 867 4735 noctibus,
899 4665 1179 4722 communi
1210 4664 1458 4720 omnium
1487 4664 1921 4722 ortliodoxorum
1952 4666 2171 4722 confes-

588 4764 745 4819 sione
773 4761 981 4830 ubique
1008 4759 1238 4830 jugiter,
1275 4758 1330 4812 in
1362 4758 1543 4828 pagis,
1576 4758 1833 4825 urbibus,
1884 4752 2195 4817 montibus

586 4865 643 4910 et
701 4855 1004 4924 speluncis,
1063 4863 1264 4921 atque,
1319 4858 1380 4904 ut
1438 4864 1550 4904 uno
1607 4850 1782 4905 verbo
1837 4853 2172 4922 complectar

586 4946 794 5009 omnia,
831 4947 889 5000 in
922 4944 1179 4999 universa
1213 4950 1378 5005 terra,
1434 4951 1491 4997 et
1534 4957 1863 5013 quacunque
1901 4960 2172 5016 aquarum

583 5051 780 5096 natura
827 5037 988 5092 facile
1031 5034 1306 5103 pervadit,
1338 5032 1641 5089 decantari.
1676 5034 1853 5091 Porro
1889 5036 1971 5091 sic
2003 5037 2172 5094 habet

2294 4575 2503 4642 Ἰησοῦν
2526 4577 2801 4647 Χριστὸν,
2837 4576 2930 4637 τὸν
2969 4576 3097 4630 Υίὺν
3119 4577 3214 4629 τοῦ
3261 4574 3396 4628 Θεοῦ
3429 4574 3521 4627 τὸν
3560 4562 3799 4639 μονογενῆ,

2279 4672 2638 4742 γεννηθέντα,
2682 4673 2744 4725 ού
2782 4671 3107 4743 ποιηθέντα,
3138 4669 3425 4741 ὁμοούσιον
3448 4655 3527 4739 τῷ
3553 4660 3724 4730 nam“,
3746 4651 3801 4708 δι’

2277 4757 2342 4815 οὖ
2372 4763 2440 4815 τὰ
2478 4764 2658 4818 πάντα
2692 4762 2933 4833 ἐγένετο.
2961 4782 2980 4814 ι
3035 4764 3232 4832 Ὁρᾶτε
3265 4763 3381 4826 πῶς
3411 4758 3609 4816 ἀνωθεν
3629 4753 3711 4809 καὶ
3751 4744 3799 4810 ἐξ

2275 4855 2452 4927 ἀρχῆς
2488 4857 2602 4919 τοῖς
2638 4854 2807 4919 θείοις
2835 4857 3146 4925 ἀναιρεῖται
3172 4856 3420 4927 Πατράσι
3436 4850 3710 4923 διαρρήδην
3736 4840 3799 4903 τὸν

2278 4951 2498 5016 ποίημα
2536 4942 2680 5000 εἶναι
2726 4948 2820 5001 τὸν
2847 4945 2916 5001 δι’
2947 4940 3010 5003 οὗ
3048 4951 3118 5001 τά
3145 4947 3329 5002 πάντα
3360 4943 3661 5013 πεποίηται.
3696 4934 3797 4987 Γεν·

2276 5039 2515 5110 νηθέντα
2547 5041 2654 5112 γάρ
2679 5058 2870 5112 φησιν,
2895 5043 2958 5095 ού
2992 5042 3313 5112 ποιηθέντα.

584 5127 734 5191 istud
779 5129 1144 5204 Symbolum:
1193 5146 1212 5182 ι
1247 5127 1537 5184 Credimus
1566 5129 1620 5184 in
1689 5146 1858 5184 unum
1926 5131 2097 5186 Deum
2171 5133 2385 5189 Patrem
2413 5136 2868 5206 omnipotentem,
2910 5136 3173 5193 factorem
3201 5135 3325 5191 caeli
3370 5144 3426 5189 et
3474 5140 3641 5193 terrai,
3699 5115 3799 5173 τίεί·

586 5231 784 5283 biiiuni
817 5223 1065 5280 omnium
1095 5232 1151 5277 et
1178 5221 1539 5277 invisibilium
1577 5239 1592 5290 ;
1654 5230 1713 5277 et
1770 5225 1826 5279 in
1857 5240 2027 5279 unum
2092 5225 2387 5283 Dominum
2430 5228 2618 5284 Jesum
2660 5211 2965 5295 Christum,
2992 5229 3202 5300 1132
3242 5228 3433 5283 Filium
3476 5223 3567 5280 Dei
3592 5209 3800 5286 unigeni'

590 5340 726 5391 tum,
748 5322 1020 5395 genitum,
1041 5334 1151 5373 non
1183 5317 1411 5384 factum,
1436 5319 1585 5374 Patri
1609 5320 2131 5379 consubstantialem
2156 5342 2161 5380 :

2266 5341 2304 5403 ῃ·
2327 5343 2491 5397 quem
2520 5327 2703 5382 omnia
2769 5326 2909 5383 facta
2955 5337 3106 5383 sunt.
3150 5346 3170 5378 ι
3204 5323 3411 5380 Videtis
3471 5328 3529 5376 ut
3555 5319 3655 5389 jam
3696 5304 3797 5365 inde

587 5421 655 5472 ab
708 5418 867 5473 initio
910 5417 1081 5473 divini
1132 5420 1326 5476 Patres
1373 5419 1579 5476 Nieaeni
1628 5421 1811 5490 illum,
1861 5438 1959 5492 per
2006 5440 2170 5491 quem
2213 5428 2395 5481 onniia
2430 5429 2654 5482 fuerunt
2718 5425 2886 5495 facta,
2949 5425 3151 5481 factum
3195 5439 3315 5480 esse
3342 5423 3539 5478 diserte
3566 5407 3792 5483 negarint-

585 5515 842 5569 Genitum
875 5512 1023 5566 enim
1056 5511 1333 5582 inquiunt,
1366 5528 1475 5569 non
1503 5513 1732 5568 factum.

659 5608 799 5663 Vill.
840 5607 948 5663 Sed
979 5618 1037 5663 et
1078 5624 1310 5678 magnus
1333 5610 1670 5665 Athanasius
1703 5611 1757 5664 in
1788 5609 1985 5681 prima,
2006 5629 2173 5684 quam

590 5698 656 5751 ad
694 5698 1050 5768 Serapionem
1082 5701 1437 5772 conscripsit,
1470 5703 1702 5772 epistola
1748 5703 1863 5758 haec
1887 5705 2169 5761 edisserit.

592 5807 609 5839 ι
642 5790 702 5847 ln
735 5792 858 5859 huc,
890 5792 1091 5864 inquit,
1154 5796 1384 5865 (Spiritu
1442 5797 1722 5866 VithliCEl)
1788 5798 2029 5855 Verbum
2083 5808 2183 5858 res

2275 5649 2281 5655 -
2354 5613 2439 5668 ll'.
2489 5614 2651 5669 Ἀλλὰ
2693 5616 2789 5668 καὶ
2834 5616 2863 5669 ὁ
2915 5615 3092 5684 μέγα(
3137 5611 3454 5673 Ἀθανάσιος
3488 5609 3544 5660 ἐν
3593 5605 3651 5674 τῇ
3682 5596 3790 5669 πρὸς

2277 5708 2608 5776 Σεραπίωνα
2661 5706 2855 5779 πρώτῃ
2890 5704 3019 5761 τάδε
3051 5706 3303 5773 διέξεισιν
3338 5702 3644 5772 Ἐπιστολῇ·
3678 5713 3694 5746 ι
3722 5689 3788 5743 Ἐν

2275 5803 2471 5872 τούτῳ,
2505 5821 2523 5852 ι
2569 5801 2795 5871 φάσκων
2827 5800 2925 5869 (τῷ
2959 5798 3230 5869 πνεύματι
3255 5796 3499 5869 δηλαδὴ),
3536 5813 3552 5846 ι
3582 5794 3665 5861 τὴν
3691 5780 3784 5837 κτί⁹
