4016 6474
206 420 215 425 ε
287 387 421 485 μίΞὶ
644 386 742 462 is.
782 407 831 447 c.
877 393 1033 467 1551]

1228 401 1675 468 ΒΥΖΑΝΤίΝίΕ
1712 410 2097 473 HlSTOlli.E
2137 416 2283 476 LIB.
2325 417 2531 478 XXIV.

2639 416 2776 485 [⁸⁵11³.
2815 429 2859 467 ι.
2894 427 3191 469 casuct'z.
3223 414 3280 487 5]
3397 419 3529 484 “36

280 504 352 602 η,
363 502 542 602 pinna
564 506 911 574 παιδεύοντες
933 528 991 565 τε
1023 512 1116 567 καὶ
1133 512 1429 581 ἀσκοῦντες
1452 516 1737 590 ἄνθρωπον
1759 521 1857 590 τὴν

1958 526 2257 593 etiiciatur;
2297 546 2474 600 neque
2507 530 2744 600 amplius
2788 532 3035 586 omnium
3073 510 3289 602 epiiicis
3336 541 3388 586 et
3434 533 3529 586 lici

281 596 390 649 τῶν
422 596 619 664 λέξεων
653 600 931 679 σῃμασίαν
974 602 1067 657 καὶ
1095 603 1313 677 τέχνην,
1347 607 1383 662 ἃ.
1429 612 1844 667 πεντεκαιδεκέ-

279 705 384 758 την
419 689 711 758 μανθάνειν
739 692 942 763 ἐχρῆν·
975 696 1069 748 καὶ
1105 695 1245 762 δέος,
1277 700 1354 769 μὴ
1381 702 1430 754 οἱ
1464 702 1853 776 φιλοσκώμμο-

284 795 371 841 νες
399 778 702 835 αἴσθωνται
736 800 796 836 τε
831 784 979 853 ἡμᾶς
1009 784 1139 858 περὶ
1170 789 1238 842 τὰ
1267 791 1495 845 τοιαῦτα
1522 794 1856 865 ἀσχολουμέ-

278 888 407 934 νους
432 875 525 928 καὶ
551 874 614 929 οὗ
648 874 822 947 ῥᾷστα
851 882 1161 953 καταγελᾷν
1189 884 1337 954 ἡμᾶς
1378 902 1443 954 γε
1478 887 1843 957 ἀπόσχωνται.

283 963 377 1017 Διδ
408 964 471 1035 δὴ
497 966 608 1019 τῶν
636 967 897 1022 τοιούτων
921 971 1357 1028 ἀπαλλάττεσθαι
1385 976 1574 1047 τάχιον
1609 976 1739 1048 χρὴ,
1776 979 1852 1049 μὴ

284 1053 653 1127 ἀσθενέστερα
700 1062 926 1130 γένηταί
974 1079 1091 1127 πως
1121 1058 1201 1127 είς
1243 1063 1625 1137 τοῦμπροσθεν
1654 1067 1723 1120 τὰ
1753 1071 1851 1137 τῆς

287 1146 717 1219 σπουδαιοτέ-ρας
744 1152 901 1221 ἡμῶν
924 1154 1201 1225 ἀσχολίας,
1224 1159 1703 1230 ἀνακεραννύμενα
1728 1161 1851 1214 πολε

287 1233 404 1299 λαίς
434 1255 494 1291 τε
547 1241 643 1294 καὶ
672 1242 933 1309 πολλάκις
978 1238 1101 1310 ταῖς
1144 1248 1352 1304 ἐκείνου
1397 1252 1621 1323 τάνδρὸς
1654 1269 1847 1324 μειραο

287 1330 505 1385 κιὼδεσι
532 1334 820 1402 παιδείαις,
849 1339 942 1392 καὶ
970 1339 1225 1395 τοσοῦτον
1246 1342 1458 1397 οἴκοθεν
1479 1342 1845 1416 ζημιούμενα,

281 1417 406 1474 ὅσον
439 1424 537 1493 τῆς
567 1424 774 1479 ἐκεῖθεν
809 1430 1223 1499 μεταλαμόἀνει
1254 1432 1609 1503 φαυλότητος.

1953 621 2223 692 judicium
2276 624 2672 692 pertimescat,
2723 633 2913 693 utpote
2956 625 3101 695 quod
3142 627 3298 696 juxta
3352 626 3529 694 ipsius

1952 711 2270 781 Opinionem
2306 723 2515 768 tantum
2560 715 2764 770 bonum
2807 716 3087 770 conciliet.
3120 718 3191 770 At
3220 716 3370 770 enim
3416 732 3524 770 non

1952 799 2296 856 advertimus
2335 816 2433 855 nos
2466 801 2523 856 in
2574 801 2723 856 dolio
2767 802 3008 869 ﬁglinum
3056 817 3342 867 exercere,
3395 802 3527 858 dum

1950 888 2060 958 jam
2095 906 2283 945 senem
2316 891 2596 946 hominem
2634 891 2991 954 dedocentes,
3021 895 3322 948 verborum
3361 894 3534 962 signi-

1956 977 2271 1034 ﬁcationem
2310 980 2597 1047 docemus,
2633 991 2688 1037 et
2718 997 2782 1037 ea
2815 981 3154 1038 instituimus
3186 995 3326 1048 arte,
3360 999 3525 1054 quam

1959 1067 2176 1129 decimo
2204 1071 2396 1141 quinto
2434 1072 2611 1129 aetatis
2660 1087 2805 1127 anno
2853 1073 3071 1129 discere
3123 1074 3428 1137 debuerat;
3471 1085 3531 1128 et

1956 1160 2112 1223 locus
2150 1161 2380 1217 timendi
2412 1172 2517 1228 est,
2562 1177 2634 1217 ne
2664 1162 2758 1231 qui
2811 1164 3163 1227 mordacibus
3200 1163 3448 1219 dicteriis
3473 1174 3531 1216 Ct

1955 1254 2275 1310 scommatis
2306 1254 2570 1324 gaudent,
2599 1270 2702 1310 nos
2732 1254 3050 1325 huiusmodi
3078 1255 3241 1310 rebus
3269 1253 3525 1323 occupari

1954 1345 2420 1414 animadvertant,
2455 1356 2510 1402 et
2557 1362 2589 1401 a
2617 1346 2941 1404 deridendis
2988 1347 3148 1402 nobis
3185 1362 3328 1417 aegre
3359 1344 3531 1400 absti-

1956 1448 2144 1493 neant.
2197 1439 2353 1495 Unde
2397 1440 2484 1496 bis
2547 1441 2769 1512 defungi
2815 1440 2979 1497 citius
3024 1456 3127 1496 nos
3174 1448 3409 1508 oportet,
3458 1455 3526 1492 ne

279 1514 546 1586 deinceps
580 1516 636 1572 in
682 1520 948 1590 gravioris
987 1524 1248 1579 momenti
1285 1527 1518 1597 negotiis
1551 1527 1968 1594 defetiscamur,
1986 1546 2123 1587 neve
2153 1533 2342 1590 multis
2407 1544 2468 1589 et
2523 1534 2866 1605 juvenilibus
2926 1534 3160 1589 Palamae
3223 1531 3528 1602 disciplinis

283 1619 531 1664 nostrum
584 1613 825 1668 studium
875 1617 1297 1675 commiscentes
1352 1619 1567 1694 1136
1633 1628 1847 1676 tantum
1886 1624 1943 1678 in
1975 1626 2136 1681 nobis
2162 1626 2297 1696 ipsis
2362 1626 2686 1685 detrimenti
2727 1629 3028 1699 patiamur,
3094 1635 3362 1696 quantum
3398 1626 3529 1682 inde

282 1707 400 1762 vitii
433 1709 815 1778 participando
855 1714 1317 1768 contraxerimus.

353 1802 410 1855 l'.
456 1804 567 1856 Kal
598 1805 695 1874 μὲν
721 1806 784 1876 δὴ
835 1807 1021 1860 λοιπόν
1070 1810 1218 1861 ἐστιν
1255 1809 1405 1879 ἡμᾶς
1441 1809 1850 1880 ἀναδραμόντος

2028 1809 2094 1866 X.
2137 1812 2207 1868 Et
2239 1826 2371 1868 sane
2405 1822 2681 1883 superest,
2721 1823 2781 1869 ut
2811 1814 2879 1868 ad
2911 1811 3263 1883 propositum
3291 1807 3526 1866 reversi.

282 1893 467 1948 ἱκετσε
495 1895 762 1952 δεικνύειν
793 1898 923 1966 περί
945 1916 1004 1953 τε
1033 1898 1134 1970 τῆς
1176 1900 1328 1963 θείας
1361 1902 1717 1971 μεταλήψεως
1758 1904 1854 1956 καὶ

282 1989 403 2059 ἅμα
436 1990 529 2043 τοῦ
579 1990 725 2043 θείου
759 1991 1153 2064 βαπτίσματος.
1186 1993 1271 2067 [Ρ.
1315 1993 1440 2068 7H]
1490 2016 1509 2048 ε
1556 1997 1852 2069 Μέμνησθε

278 2083 390 2152 γὰρ
420 2082 627 2154 (σφίσιν
682 2082 840 2153 ἔφην)
879 2084 1148 2150 εἰπόντες,
1184 2087 1284 2140 ὅσα
1319 2089 1413 2142 καὶ
1468 2089 1593 2159 περὶ
1623 2090 1856 2143 τουτωνὶ

279 2175 359 2245 τῷ
387 2174 543 2244 ὑμῶν
594 2172 798 2243 ἑταίρῳ
829 2177 1249 2247 νενομοθέτηται
1294 2174 1528 2251 Παλαμᾷ
1582 2166 1679 2234 καὶ
1720 2180 1854 2251 πρός

275 2265 346 2335 γε
391 2266 720 2337 ’Ἡρακλείας
752 2268 829 2338 τῷ
871 2268 1063 2322 τούτου
1100 2268 1289 2340 θερμῷ
1337 2269 1607 2345 θιασώτῃ·
1640 2272 1713 2335 ὡς
1734 2272 1853 2326 δαι-

283 2358 463 2429 μόνων
492 2359 576 2429 εἴη
612 2376 902 2414 σκοτεινων
933 2359 1176 2431 εὕρημα,
1217 2361 1293 2432 μὴ
1327 2361 1427 2432 τὴν
1464 2361 1723 2431 διάφορον
1752 2363 1854 2432 τῆς

278 2450 471 2513 οὐσίας
502 2449 806 2520 ἐνέργειαν,
839 2452 974 2504 ἀλλὰ
1005 2451 1101 2521 τὴν
1136 2451 1288 2506 θείαν
1317 2447 1457 2506 εἶναι
1490 2451 1735 2523 νομίζειν
1766 2453 1857 2507 ού·

281 2544 406 2596 σίαν
432 2541 601 2614 αὐτὴν
628 2542 728 2613 τὴν
781 2542 1120 2611 ἀγιάζουσαν
1168 2543 1364 2602 ταῦτα.
1419 2546 1574 2617 Mirr:
1613 2548 1723 2618 γὰρ
1754 2545 1855 2618 τὴν

276 2635 436 2689 θείαν
468 2636 779 2705 πεφυκέναι
829 2634 1068 2706 βαδίζειν
1102 2637 1289 2692 οὐσίαν
1327 2637 1385 2702 ἐς
1415 2639 1515 2694 ὅσα
1560 2640 1649 2709 ὑφ’
1679 2640 1853 2710 ἥλιον,

284 2724 412 2796 μήθ’
456 2725 603 2780 ὅσιον
636 2720 793 2792 αὖθις
839 2723 981 2782 εἶναι
1034 2729 1336 2796 πιστεύειν,
1373 2725 1514 2803 αἷμα
1544 2733 1643 2785 καὶ
1694 2731 1854 2800 σῶμα

282 2818 373 2871 τόν
400 2819 449 2871 τ’
479 2815 623 2873 οῐνον
668 2820 916 2888 γίνεσθαι
956 2820 1052 2874 καὶ
1084 2820 1175 2875 τὸν
1204 2822 1370 2894 ἄρτον
1415 2823 1546 2877 ποτὲ
1588 2824 1682 2878 τοῦ
1716 2826 1854 2895 Χριο

283 2908 413 2964 στοῦ
440 2924 456 2941 °
488 2908 657 2964 τύπον
687 2910 798 2981 γὰρ
827 2911 978 2965 ταῦτ’
1013 2908 1153 2968 εῖναι
1196 2912 1430 2977 ἐκείνου,
1461 2914 1555 2969 καὶ
1586 2916 1686 2969 οὒκ
1718 2916 1858 2968 εκεῖ-

282 3017 374 3055 νον
424 3000 749 3073 αὐτόχρημα
782 3001 915 3076 (32).
960 3024 976 3055 ι
1024 3004 1251 3076 Μακρὸς
1298 3004 1340 3059 δ’
1391 3005 1458 3060 ἂν
1520 3004 1606 3077 εἴη
1663 3005 1855 3077 χρόνος

285 3093 579 3165 μηκύνειν,
607 3094 645 3150 ἃ
673 3094 803 3165 περὶ
833 3095 942 3149 τῶν
974 3095 1233 3152 τοιούτων
1262 3096 1416 3152 αὐτοί
1441 3114 1500 3149 τε
1525 3096 1736 3165 εφασαν
1759 3096 1855 3152 καὶ

281 3191 400 3253 τοῖς
428 3207 492 3259 γε
545 3190 830 3260 σφετέροις
886 3189 1182 3246 συνέθεσαν
1223 3192 1519 3265 γράμμασι
1543 3205 1558 3222 ⁸
1591 3192 1686 3246 καὶ
1735 3191 1854 3261 ἅμα

281 3284 384 3354 οὐχ
412 3283 558 3355 ὅσιον
607 3283 769 3336 ὁσίων
795 3282 1008 3355 ἀνδρῶν
1061 3284 1232 3349 ἀκοὰς
1286 3284 1573 3357 ἐμπιπλᾷν
1599 3283 1856 3350 ἀσεϐείας

278 3372 554 3443 τοσαύτης
576 3358 745 3439 "tibi:
770 3375 857 3437 ἑνί
895 3391 959 3449 γε
993 3375 1071 3446 τῷ
1105 3375 1296 3448 τρόπῳ
1320 3378 1480 3431 ταυτὶ
1520 3380 1856 3451 προεμένους

284 3470 470 3524 ἐκεῖνα
522 3469 805 3537 διεξιέναι,
833 3470 869 3524 ἃ
910 3470 977 3524 ἂν
1037 3471 1212 3541 λέγων
1268 3470 1452 3542 οἴομαι
1479 3474 1593 3538 τοῖς
1635 3473 1708 3527 τὰ
1734 3473 1858 3528 ὅσια

282 3560 637 3632 βουλομένοις
663 3560 934 3631 λαμπρῶς
960 3564 1294 3633 χαριεῖσθαι.

1955 1920 2079 1976 quae
2108 1905 2352 1962 divinam
2382 1904 2740 1973 Eucharistiae
2779 1904 3259 1975 participationem
3296 1917 3361 1960 ac
3383 1902 3527 1959 divi-

1952 2014 2087 2053 num
2120 1997 2284 2052 simul
2318 1997 2587 2069 baptisma
2617 2006 2890 2068 spectant,
2925 1996 3290 2051 declaremus.
3337 2015 3358 2049 ι
3389 1995 3533 2052 Nam-

1956 2091 2089 2159 (illis
2125 2089 2360 2160 aiebam)
2392 2089 2721 2146 meministis
2768 2104 2869 2145 vos
2911 2087 3142 2153 dixisse,
3186 2102 3537 2159 quacunque.

1955 2183 2026 2237 de
2070 2182 2155 2237 bis
2183 2183 2395 2237 amicus
2431 2190 2615 2238 vester
2668 2182 2935 2245 Patamas,
2970 2189 3026 2237 et
3078 2181 3306 2250 insuper
3357 2179 3531 2235 Hera-

1955 2274 2193 2331 cleensis
2245 2274 2562 2344 cpiscopus,
2610 2274 3031 2330 ardentissimus
3084 2272 3264 2342 ipsius
3292 2272 3526 2334 assecla.

1955 2376 2313 2432 statuerunt;
2354 2382 2383 2421 a
2428 2366 2852 2422 tenebrionibus
2883 2364 3141 2421 videlicet
3182 2363 3547 2440 daemonibus

1956 2459 2307 2514 adiuventam
2354 2473 2481 2514 esse
2529 2458 2893 2527 opinionem,
2927 2471 3035 2525 qua
3088 2455 3215 2526 quis
3259 2470 3290 2511 a
3339 2454 3526 2511 divina

1955 2550 2265 2609 substantia
2302 2550 2680 2622 operationem
2720 2564 2826 2605 non
2858 2547 3145 2619 distingui,
3173 2546 3271 2604 sed
3301 2546 3370 2603 ab
3405 2546 3526 2617 ipsa

1956 2643 2144 2699 divina
2183 2643 2488 2699 substantia
2522 2643 2737 2707 istbzec,
2772 2633 3175 2697 Eucbaristiam
3224 2628 3282 2693 et
3320 2637 3529 2707 baptis-

1957 2734 2491 2801 mum,.sanctiiicari
2527 2734 2827 2789 existimet.
2880 2732 2994 2788 Nec
3020 2732 3195 2798 enim,
3238 2730 3525 2800 inquiunt,

1956 2825 2146 2882 divina
2185 2824 2492 2882 substantia
2543 2823 2817 2897 ejusmodi
2855 2833 3067 2878 natura:
3094 2830 3200 2887 est,
3235 2829 3298 2876 ut
3338 2820 3413 2875 ad
3458 2835 3526 2876 ea

1956 2932 2298 2989 quascunque
2324 2914 2429 2970 sub
2456 2915 2570 2970 sole
2597 2923 2727 2970 sunt
2756 2912 3057 2970 descendat
3081 2929 3098 2967 :
3129 2927 3310 2982 neque
3333 2925 3529 2967 rursus

1957 3010 2041 3065 ias
2068 3016 2152 3064 est
2180 3007 2432 3073 credere,
2468 3006 2656 3060 vinum
2704 3014 2762 3061 et
2809 3018 3005 3076 panem
3048 3002 3257 3060 Christi
3302 3003 3529 3073 sangui-

1958 3115 2084 3156 nem
2128 3110 2184 3154 et
2221 3113 2424 3169 corpus
2473 3110 2716 3166 unquam
2753 3094 2896 3151 ﬁeri.
2941 3094 3038 3150 Illa
3071 3093 3277 3163 quippe
3320 3091 3528 3148 Christi

1956 3192 2211 3263 ﬁgurant,
2233 3206 2343 3247 non
2372 3199 2557 3246 autem
2587 3203 2647 3245 re
2676 3188 2797 3258 ipsa
2810 3187 3097 3245 Christum
3122 3200 3249 3241 esse
3274 3185 3517 3239 dicuntu

1957 3284 2133 3342 Porro
2161 3285 2393 3340 multum
2428 3283 2692 3353 temporis
2714 3281 3074 3347 insumerem,
3106 3279 3159 3336 si
3187 3279 3369 3336 iusius
3406 3279 3529 3335 vel-

1928 3379 2068 3436 “lem
2100 3392 2408 3442 recensere,
2449 3391 2571 3446 qua:
2595 3375 2666 3453 de
2685 3373 2825 3429 istis
2852 3372 3113 3429 dixerunt
3142 3371 3271 3443 ipsi,
3303 3370 3535 3441 suisque

1960 3471 2186 3542 scriptis
2212 3469 2647 3538 cunsignarunt:
2673 3464 2897 3521 aliunde
2920 3479 3054 3520 vero
3082 3462 3233 3518 nefas
3258 3471 3343 3519 est
3364 3477 3533 3518 aures

1959 3563 2178 3635 piorum
2211 3560 2496 3631 impietate
2528 3565 2678 3615 tanta
2706 3555 2962 3627 implere,
3009 3568 3136 3612 cum
3180 3553 3269 3610 bis
3309 3553 3534 3609 omissis

285 3670 398 3711 una
436 3664 493 3711 et
530 3654 720 3711 eadem
768 3656 983 3711 ratione
1029 3656 1194 3712 liceat
1240 3674 1303 3713 ea
1351 3658 1588 3717 dicendo
1632 3673 2131 3732 percurrere,qu:e
2167 3654 2261 3713 ubi
2310 3653 2596 3726 protulero
2654 3651 2713 3709 in
2750 3650 3018 3728 medium,
3077 3648 3151 3706 iis
3180 3650 3280 3721 qui
3341 3656 3532 3706 sancta

282 3750 486 3823 piaque
532 3749 848 3806 desiderant
892 3763 1008 3805 rem
1036 3790 1052 3818 ,
1104 3761 1162 3805 ut
1222 3752 1442 3823 opinor,
1488 3755 1857 3828 gratissimam
1896 3756 2102 3812 fecero.

357 3849 461 3902 ειν.
507 3848 568 3902 '0
596 3847 779 3901 τοίνυν
813 3848 878 3901 ἐκ
920 3848 1217 3917 Δαμασκοῦ
1267 3868 1434 3921 φησιν
1482 3853 1648 3917 εὐθὺς
1684 3852 1864 3908 Ἰωάν-

285 3958 385 4011 νης
431 3940 570 4009 (⁵³),
635 3940 721 3994 ὅτι
768 3954 790 3991 ι
826 3940 1094 4010 Καθάπερ
1151 3943 1244 3995 ἐπὶ
1301 3942 1397 3996 τοῦ
1459 3943 1860 4014 βαπτίσματος,

280 4029 479 4103 iustiti;
502 4028 624 4095 ἔθος
649 4032 764 4095 ταῖς
792 4030 1100 4102 ἀνθρώποις
1124 4032 1274 4087 ὕδατι
1293 4033 1546 4090 λούεσθαι
1572 4036 1664 4089 καὶ
1694 4034 1862 4105 ἐλαίῳ

285 4125 565 4198 χρίεσθαι,
592 4122 880 4191 συνέζευξε
921 4125 998 4197 τῷ
1025 4126 1191 4197 ἐλαίῳ
1228 4128 1328 4182 καὶ
1363 4127 1517 4183 ὕδατι
1562 4129 1662 4199 τὴν
1697 4129 1861 4200 χάριν

283 4206 385 4270 τοῦ
419 4214 739 4287 Πνεύματος
771 4215 821 4288 [ό
852 4216 1032 4291 Bthe],
1060 4218 1154 4272 καὶ
1194 4217 1448 4290 ἐποίησεν
1471 4220 1613 4274 αὐτὰ
1634 4220 1861 4289 λουτρὸν

284 4309 702 4379 ἁναγεννήσεως
726 4346 743 4371 .
803 4308 981 4372 οὕτως
1035 4309 1159 4363 ἐπεὶ
1209 4310 1331 4375 ἔθος
1388 4313 1503 4375 τοῖς
1548 4312 1862 4385 ἀνθρώποις

285 4399 493 4454 ἐσθίειν
521 4399 704 4471 ἄρτον,
736 4398 884 4470 ὕδωρ
916 4417 977 4453 τε
1004 4402 1101 4469 καὶ
1125 4397 1270 4457 οῐνον
1309 4403 1503 4470 πίνειν,
1538 4405 1860 4472 συνέζευξεν

283 4493 478 4557 αὐτοῖς
516 4493 616 4564 τὴν
677 4492 843 4547 αὐτοῦ
897 4493 1164 4566 θεότητα,
1227 4497 1321 4551 καὶ
1365 4499 1672 4569 ⁸πεποίηκεν
1718 4500 1860 4554 αὐτὰ

2036 3850 2130 3905 Xl.
2173 3846 2370 3904 Statim
2403 3847 2589 3917 itaque
2631 3852 2862 3900 sanctus
2894 3840 3134 3897 Joannes
3160 3840 3533 3896 Damascean

1961 3941 2041 3996 ita-
2086 3939 2373 4010 loquitur:
2431 3954 2453 3990 ε
2503 3933 2982 4004 Quemadmodum
3046 3934 3102 3987 in
3177 3932 3530 4003 baptismate,

1958 4030 2087 4100 quia
2121 4029 2229 4085 hoc
2255 4037 2344 4084 est
2371 4028 2427 4081 in
2478 4040 2633 4081 more
2677 4024 2920 4095 positum
2959 4022 3105 4093 apud
3159 4021 3437 4087 homines,
3473 4030 3536 4077 ut

1956 4143 2098 4199 aqua
2149 4129 2410 4184 laventur
2452 4134 2509 4182 et
2562 4126 2690 4181 oleo
2722 4132 3024 4195 ungantur,
3068 4122 3244 4179 sancti
3295 4120 3537 4193 Spiritus

1966 4221 2195 4293 gratiam
2233 4221 2359 4277 eleo
2387 4228 2444 4275 et
2491 4233 2650 4291 aquae
2684 4217 2976 4290 conjunxit
3006 4214 3175 4281 Deus,
3204 4224 3261 4272 et
3312 4215 3445 4272 fecit
3476 4222 3538 4268 ut

1965 4330 2029 4371 ea
2074 4313 2506 4387 regenerationis
2547 4313 2828 4369 lavacrum
2861 4320 3091 4378 essent;
3146 4304 3219 4367 ita
3272 4307 3535 4381 quoniam

1970 4408 2183 4480 1137
2216 4407 2390 4463 moris
2413 4414 2498 4462 est
2521 4406 2835 4469 hominum,
2866 4419 3062 4475 panem
3097 4402 3451 4466 manducare,
3482 4410 3539 4454 ct

1962 4515 2160 4572 aquam
2192 4514 2258 4555 ac
2283 4500 2474 4555 vinum
2501 4498 2717 4562 bibere,
2743 4511 2900 4553 suam
2933 4496 3000 4551 iis
3030 4493 3374 4550 divinitatem
3399 4506 3531 4547 con-

285 4584 454 4654 σῶμα
515 4586 614 4638 καὶ
650 4580 791 4654 αἷμα
841 4584 1030 4653 αὐτοῦ,
1063 4584 1151 4639 ῑνα
1193 4589 1282 4642 διὰ
1328 4588 1439 4644 τῶν
1493 4589 1741 4661 συνήθων
1768 4591 1857 4644 καὶ

1964 4594 2171 4668 junxit,
2199 4603 2255 4648 et
2283 4593 2475 4647 eadem
2509 4605 2710 4661 corpus
2744 4598 2801 4646 et
2843 4588 3166 4660 sanguinem
3207 4600 3367 4642 suum
3401 4582 3541 4639 etle-

285 4676 434 4733 κατὰ
475 4676 639 4746 φύσιν
668 4679 727 4731 ἐν
772 4678 893 4741 τοῖς
937 4677 1078 4749 ὑπὲρ
1116 4678 1278 4748 φύσιν
1327 4681 1640 4753 γενώμεθα.
1696 4683 1857 4752 ΣῶμΔ

1962 4686 2063 4753 cit,
2096 4694 2154 4740 ut
2187 4699 2285 4755 per
2312 4691 2580 4738 consueta
2608 4690 2667 4737 et
2699 4681 2970 4736 naturalia
3002 4681 3069 4734 ad
3096 4674 3537 4749 supernaturalia

285 4771 444 4822 ἑστιν
490 4768 708 4839 ἀληθῶς
751 4769 1035 4839 ἡνωμένον
1086 4771 1307 4843 θεάτητι
1357 4772 1421 4826 τὸ
1449 4774 1517 4828 ὲκ
1551 4774 1653 4846 τῆς
1700 4775 1867 4844 ἁγίας

286 4862 574 4934 Παρθένου
621 4864 814 4932 σῶμαο
842 4862 942 4933 οὐχ
980 4864 1064 4918 δτι
1108 4865 1242 4919 αὐτὸ
1271 4866 1335 4919 τὸ
1368 4865 1677 4936 ἀναληφθὲν
1706 4867 1868 4939 σῶμα

1965 4776 2381 4849 perveniamus.
2411 4775 2553 4830 Vere
2586 4787 2793 4844 corpus
2837 4784 2923 4829 est
2966 4771 3244 4827 divinitati
3299 4770 3536 4829 unitum,

1962 4866 2113 4938 quod
2159 4881 2227 4921 ex
2258 4872 2448 4920 sancta
2475 4863 2700 4933 Virgine
2724 4870 3004 4933 sumptum
3034 4868 3119 4916 est
3154 4871 3389 4931 corpus;
3426 4872 3537 4912 non

1638 5005 1968 5070 Variorum
2011 5011 2206 5070 notae.

363 5128 479 5199 (32)
527 5128 681 5198 Μήθ’
717 5129 893 5183 ὅσιον
934 5125 1089 5186 εἶναι
1126 5132 1455 5198 πιστεύειν,
1485 5170 1501 5186 .
1539 5171 1554 5185 .
1589 5170 1605 5186 .
1634 5171 1651 5187 .
1686 5170 1701 5186 .
1762 5131 1862 5187 καί

286 5202 406 5256 οὐκ
428 5200 666 5254 ἐκεῖνον
712 5201 1082 5270 αῄτόχρημα.
1142 5200 1240 5257 His
1290 5202 1678 5259 Palamitarum
1738 5217 1867 5256 ver-

286 5271 378 5327 bis
441 5284 686 5325 errorem
750 5268 1312 5326 Sacramentariorum
1382 5271 1697 5337 contineri,
1755 5287 1866 5326 non

282 5340 521 5418 omnino
547 5337 1117 5418 negaverim._Verum
1142 5342 1359 5418 illorum
1382 5342 1693 5418 patrocinio
1720 5340 1864 5418 baud

287 5412 409 5467 scio
437 5410 503 5463 an
548 5423 702 5464 suam
754 5410 1069 5480 opinionem
1120 5414 1262 5466 tueri
1308 5413 1483 5467 velint
1527 5413 1867 5468 recentiores

292 5479 560 5544 haeretici,
580 5496 704 5534 cum
729 5479 953 5536 in’banc
974 5480 1362 5538 Palamitarum
1397 5484 1723 5539 sententiam
1757 5492 1863 5536 tam

293 5550 497 5606 acriter
547 5548 836 5622 invehatur
873 5552 1160 5622 Gregoras,
1203 5568 1324 5608 eam
1370 5552 1667 5622 impietatis
1714 5566 1860 5622 ream

291 5629 508 5691 arguat,
540 5628 596 5691 ct
627 5619 920 5691 luculentis
948 5619 1044 5678 SS.
1082 5621 1302 5678 Patrum
1330 5619 1659 5678 testimoniis
1682 5621 1864 5691 conio.

281 5689 430 5765 (aliut.
478 5689 1554 5765 Aliquando._fateor._apudplurimam
1605 5690 1863 5747 Ecclesiae

289 5760 494 5814 Gt-zcca:
537 5767 742 5827 partem
778 5761 1011 5816 obtinuit
1056 5760 1441 5817 l’alatnilnrum
1481 5763 1728 5818 doctrina
1755 5806 1767 5827 ,
1806 5771 1864 5813 ut

285 5838 445 5901 patet
495 5845 560 5887 ex
609 5828 921 5886 Palamitica
971 5832 1179 5903 synodo
1231 5852 1245 5888 :
1300 5833 1392 5888 sed
1443 5833 1657 5887 nonnisi
1718 5833 1861 5901 quod

1960 5131 2444 5210 spectatesseutite
2474 5126 2780 5210 dirimens!)
2802 5128 3083 5210 .sjttributls
3103 5124 3510 5210 distinctionem
3524 5165 3537 5181 .

1961 5192 2017 5259 οἰ
2050 5200 2342 5257 Thaborici
2374 5192 2605 5256 lumini's
2645 5198 2992 5257 divinitatem
3034 5212 3187 5263 :nec
3211 5195 3360 5253 enim
3392 5192 3541 5249 obti-

1963 5274 2085 5328 nuit
2113 5281 2375 5342 quantum
2399 5272 2463 5325 ad
2494 5269 2583 5324 illa
2612 5270 2974 5342 consectaria,
3002 5264 3541 5342 qu:e_P_alami_tis_ex-

1963 5330 2265 5412 probrabat
2284 5340 2575 5410 Gregoras.
2602 5339 2697 5395 Sic
2719 5338 2873 5412 verbi
2904 5330 3076 5412 gratia
3106 5334 3387 5412 Palamitis
3421 5330 3536 5387 leo-

1967 5405 2361 5467 iioutachorum
2393 5405 2636 5480 errorem
2671 5409 2872 5480 saepius
2903 5405 3094 5480 objicit
3126 5405 3398 5480 Gregoras
3436 5421 3451 5461 :
3482 5414 3539 5457 at

1966 5483 2260 5537 Palamitas
2292 5495 2483 5536 revera
2520 5474 2913 5536 lconomachos
2968 5474 3163 5541 fuisse,
3187 5484 3284 5529 aut
3344 5474 3541 5529 lconoa

1971 5553 2291 5607 mat-borum
2349 5566 2594 5605 errorem
2650 5550 2789 5621 apud
2845 5546 3177 5621 Orientalem
3238 5544 3535 5621 Ecclesiam

1973 5635 2086 5677 tum
2122 5624 2480 5677 instauratum
2510 5627 2566 5675 et
2592 5615 2949 5689 approbatum
2977 5615 3168 5680 fuisse,
3192 5630 3355 5671 nemo
3385 5615 3539 5670 dixc—

1963 5694 2053 5748 rit.
2087 5692 2422 5747 CAPPERONN.

2035 5764 2148 5831 (55)
2170 5762 2228 5817 S.
2258 5762 2415 5815 Juan.
2447 5762 2692 5816 Damasc.
2713 5759 2811 5817 lib.
2839 5775 2889 5814 tv
2928 5757 3146 5815 Ol'l’wd.
3178 5757 3272 5826 ﬁd.
3304 5772 3425 5828 cap.
3448 5756 3531 5810 14η

1962 5835 2298 5889 Carrunosx.
2354 5852 2368 5875 ο
3112 5866 3117 5871 ~
