4016 6504
384 325 520 391 14ς5
684 328 735 397 μ
804 342 860 381 ιι.
904 326 1063 391 6:59,
1109 342 1217 381 mn.
1259 328 1316 400 4]

1589 334 2006 398 NICEPHORI
2046 336 2432 401 GREGOR/E

2699 335 2834 407 [nm
2875 351 2917 390 ι.
2958 322 3249 395 οικτιευε.
3290 335 3346 409 5]

3489 339 3625 407 1436

379 441 455 494 ira
486 439 935 521 excanduerunt;
973 450 1030 497 et
1056 441 1229 498 veluti
1269 440 1507 512 quodam
1548 441 1737 499 furore
1761 442 1957 515 perCiti

2066 451 2166 519 χῆς
2199 448 2478 521 ἐξερράγη
2535 449 2689 517 σφίσι
2727 448 2932 517 πυρσόν
2955 464 2971 481 ο
3006 448 3101 502 καὶ
3132 447 3318 519 ὥσπερ
3364 449 3632 520 ἐμμανεῖς

377 551 408 588 ο
438 515 657 589 duobus
693 523 930 588 alterum
959 534 1280 590 necessario
1310 535 1570 606 consequi
1593 537 1957 593 asserebant:

384 647 402 679 ι
430 627 526 683 Vel
562 628 737 691 enim,
761 627 1105 698 inquiebant,
1142 627 1360 700 11M
1410 629 1586 684 sancti
1616 639 1767 692 sunt,
1803 636 1855 685 et
1881 631 1963 685 sic

381 718 486 773 ista
541 733 652 771 non
705 716 998 782 dixerunt;
1049 716 1136 771 vel
1191 717 1292 772 ista
1326 717 1608 786 dixerunt,
1637 734 1701 774 ac
1730 718 1962 789 proinde

377 809 550 865 sancti
587 826 695 865 non
724 818 874 864 sunt.
927 809 1085 865 Absit
1119 808 1289 870 enim.
1320 819 1383 864 ut
1409 809 1655 866 dicamus
1688 794 1956 881 unquam,

376 916 487 957 non
518 916 641 958 esse
690 900 862 957 dubio
916 901 1108 971 procul
1167 901 1432 968 increata,
1469 910 1584 957 tum
1643 903 1963 969 illa-sancti

377 993 616 1063 Spiritus
643 994 809 1060 dona,
845 1010 969 1064 qua:
999 995 1142 1050 Deus
1165 994 1312 1050 varie
1344 993 1647 1059 distribuit,
1682 1004 1963 1071 tumogra-

378 1087 482 1141 tias
535 1096 592 1142 et
629 1087 1002 1157 operationes,
1038 1087 1275 1156 quasab
1329 1088 1478 1143 omni
1527 1080 1643 1144 aevo
1695 1088 1965 1145 creaturis

378 1179 626 1249 largitur.
660 1179 795 1234 Nam
854 1180 901 1234 si
953 1188 1169 1235 creatas
1208 1195 1295 1235 res
1322 1179 1439 1234 dari
1479 1179 1645 1234 etlam
1678 1197 1708 1234 a
1748 1179 1859 1234 Deo
1885 1178 1967 1234 fa-

380 1282 645 1335 teremur,
697 1272 829 1342 quid
881 1273 1084 1343 egregii
1128 1281 1328 1342 praeter
1348 1281 1546 1327 caetera
1577 1279 1633 1324 et
1658 1270 1848 1325 eximii
1880 1271 1965 1326 di-

279 1352 283 1355 λ
378 1364 500 1418 vina
531 1365 788 1435 majestas
809 1363 1078 1419 haberet?
1105 1364 1216 1419 lloe
1240 1364 1388 1419 enim
1411 1363 1590 1417 facere
1617 1377 1838 1431 semper
1862 1361 1966 1433 ipsi

376 1460 629 1514 homines
654 1468 921 1529 possunt;
951 1473 1147 1529 nempe
1173 1456 1514 1528 quibuslibet
1539 1455 1669 1509 dare
1696 1464 1968 1526 quotquot

377 1551 710 1622 temporaria
742 1561 801 1619 et
824 1567 1169 1621 quaecunque
1197 1558 1381 1605 creata
1407 1550 1678 1620 quispiam
1707 1548 1966 1606 voluerit.

2060 541 2344 611 γενόμενοι
2371 542 2519 595 δυοῖν
2547 539 2785 609 ἔφασκον
2813 535 2954 594 εἶναι
2986 539 3218 609 θάτερον
3249 540 3308 606 ἐξ
3345 538 3590 609 ἀνάγκης
3610 555 3625 570 ⁸

2061 634 2096 706 ἢ
2121 634 2253 705 γάρ,
2278 632 2468 703 ἁγίους
2488 633 2670 700 ὄντας,
2700 631 2775 704 μὴ
2799 630 2991 699 λέγειν
3003 630 3229 685 τοιαῦτα
3248 649 3262 662 ·
3295 631 3327 701 ἢ
3353 629 3631 700 λέγοντας,

2062 726 2254 795 ἁγίους
2305 728 2407 781 οὐκ
2438 727 2507 783 ἀν
2560 723 2743 781 εἶναι*
2795 724 2918 779 οὐδὲ
2970 724 3077 796 γὰρ
3127 725 3195 779 ἀν
3245 741 3374 778 ποτε
3431 726 3631 795 φαῖμεν

2065 820 2249 889 ἡμεῖς,
2279 818 2405 874 οὗτε
2433 821 2502 874 τά
2534 817 2901 889 διειλημμένα
2932 817 3243 887 πνεύματα,
3290 815 3483 870 οὔκουν
3509 816 3629 868 οὐδὲ

2063 912 2162 975 τὰς
2193 914 2306 977 τοῖς
2352 913 2618 985 κτίσμασι
2661 912 2950 981 διδομένας
2991 910 3220 982 χάριτάς
3260 926 3321 961 τε
3361 909 3455 962 καὶ
3481 910 3631 977 ἐνερ-

2063 1003 2220 1073 γείας
2259 1006 2326 1059 ἐκ
2369 1005 2467 1058 τοῦ
2512 1004 2714 1068 παντὸς
2757 1003 2975 1069 αἰῶνος,
3009 1002 3085 1064 ὡς
3131 1002 3231 1056 οὐκ
3261 997 3369 1055 εἷεν
3397 1000 3539 1054 κατά
3570 1001 3631 1052 τδ

2066 1095 2471 1168 ἀναμφίλεκτον
2521 1097 2779 1152 ἀκτιστα.
2827 1096 2891 1150 El
2932 1096 3041 1165 γάρ
3089 1094 3185 1148 καὶ
3240 1094 3373 1147 Θεδν
3435 1092 3637 1147 διδόναι

2067 1192 2265 1245 κτιστά
2298 1192 2743 1262 συγχωροίημεν,
2772 1189 2828 1244 τί
2873 1188 2941 1243 ἀν
2974 1188 3060 1259 εἴη
3089 1188 3152 1241 τὸ
3180 1186 3280 1254 τῆς
3325 1186 3475 1250 θείας
3502 1186 3635 1238 ὑπε-

2070 1282 2236 1352 ροχῆς
2265 1281 2587 1353 ἐξαίρετονς
2623 1281 2795 1335 Τοῦτο
2836 1280 2946 1351 γὰρ
2971 1279 3067 1335 καὶ
3116 1277 3426 1350 ἀνθρώποις
3455 1277 3633 1340 ἔξεστι

2068 1376 2248 1429 ποιεῖν
2277 1374 2399 1440 ἀεὶ,
2427 1374 2524 1428 καὶ
2566 1373 2770 1429 διδόναι
2824 1368 2906 1435 οἷς
2935 1373 2999 1429 ἀν
3045 1390 3126 1435 τις
3164 1371 3335 1426 ἐθέλοι
3369 1370 3541 1425 ὁπόσα
3566 1370 3633 1424 ἂν
3686 1376 3693 1381 ’

2066 1465 2176 1520 τῶν
2227 1465 2583 1537 προσκαίρων
2639 1468 2735 1522 καὶ
2764 1467 2864 1520 ὅσα
2909 1466 3020 1519 τῶν
3081 1464 3397 1534 κτισμάτων
3437 1462 3632 1517 ἐθέλοι.

2068 1555 2203 1618 Θεὸς
2228 1554 2324 1609 οὖν
2351 1556 2611 1619 ἀκτιστος
2639 1555 2878 1610 ἀκτιστα
2902 1554 3070 1625 διδοίη
3101 1554 3166 1608 ἂν
3194 1557 3334 1608 κατὰ
3366 1554 3426 1605 τὸ
3463 1553 3631 1614 εἰκός.

381 1639 524 1694 Deus
557 1639 767 1709 itaque,
798 1654 925 1693 cum
955 1639 1027 1694 sit
1066 1638 1367 1701 increatns.
1402 1652 1502 1710 par
1549 1646 1634 1692 est
1663 1647 1721 1693 ut
1756 1637 1961 1693 inerea-

2070 1647 2132 1700 Et
2149 1646 2205 1700 δέ
2230 1664 2316 1711 τις
2341 1646 2518 1712 ἄλλως
2548 1647 2724 1716 ἐθέλοι
2745 1647 2949 1714 λέγειν,
2977 1646 3283 1716 ἀπόϐλητος
3309 1644 3374 1700 ἀν
3396 1645 3478 1714 είη
3505 1646 3634 1714 ἡμῖν

379 1742 429 1782 ta
463 1730 753 1800 largiatur.
784 1729 840 1786 Si
870 1731 996 1801 quis
1024 1738 1207 1784 autem
1241 1730 1403 1783 aliter
1452 1728 1602 1799 loqui
1636 1728 1787 1786 vllit.
1814 1727 1961 1784 hunc

2068 1739 2136 1795 ὲκ
2170 1741 2372 1805 παντός
2405 1758 2468 1809 γε
2501 1715 2730 1812 τρόπδυ,
2772 1741 2880 1795 κᾶν
2908 1740 3140 1811 οὐρανοῦ
3180 1715 3346 1810 βοῶσι
3391 1738 3637 1810 βρονταὶ,

376 1825 527 1879 omni
586 1838 813 1893 prorsus
872 1824 1086 1879 ratione
1118 1824 1421 1896 rejicirnus,
1452 1824 1584 1877 licet
1612 1820 1963 1878 ewlestisto-

377 1917 624 1970 nitrnum
655 1916 865 1970 clamor
890 1916 1170 1979 audiatur.
1215 1916 1349 1972 licet
1386 1917 1570 1972 omnia
1605 1930 1824 1985 quoque
1850 1914 1962 1969 ele-

377 2020 559 2064 menta
595 2010 727 2063 fiant
757 2008 966 2065 vocalia
1002 2020 1062 2066 et
1086 2009 1281 2066 istbzec
1313 2008 1619 2078 proferant.
1661 2027 1705 2089 »Ι

432 2101 511 2169 ll.
536 2101 672 2157 Cum
706 2116 840 2156 vero
871 2116 959 2155 me
991 2100 1336 2171 accingerem
1389 2100 1454 2155 ad
1493 2098 1811 2157 all‘erendos
1839 2115 1965 2155 san-

374 2202 589 2249 ctorum
637 2194 858 2249 Patrum
908 2190 1105 2257 libros,
1168 2192 1248 2248 illi
1298 2206 1368 2247 ne
1410 2192 1699 2248 tantillum
1738 2192 1960 2264 quidem

376 2287 692 2342 sustinuere
747 2304 762 2341 :
813 2284 913 2341 sed
970 2284 1154 2340 statim
1208 2293 1590 2350 surrexerunt,
1649 2285 1811 2341 valde
1876 2300 1962 2340 me

376 2379 691 2441 irridentes,
729 2388 785 2433 et
833 2378 949 2432 haec
989 2378 1136 2433 inter
1188 2376 1293 2433 alia
1344 2377 1581 2448 plurima
1632 2376 1768 2432 mihi
1808 2376 1964 2432 dixe-

375 2480 505 2526 runt
538 2470 552 2526 ':
590 2490 607 2520 ι
641 2470 736 2527 Nae
794 2478 878 2535 tu,
929 2469 1275 2540 inquiebant,
1324 2470 1708 2543 imprudenter
1733 2477 1790 2525 et
1824 2469 1962 2525 insi-

375 2566 593 2634 pienter
629 2563 899 2619 adversus
925 2572 1095 2618 temet
1130 2563 1311 2633 ipsum
1362 2563 1499 2635 agis,
1534 2565 1680 2633 quod
1710 2548 1964 2618 'sanetio-

376 2659 538 2713 nibus
566 2655 943 2727 imperatoriis
980 2655 1219 2710 obsistas
1245 2672 1260 2721 ;
1290 2671 1414 2710 cum
1473 2655 1671 2711 liceret
1701 2655 1770 2726 (si
1797 2655 1963 2726 paulo

374 2753 663 2808 remissior
693 2751 872 2820 esses)
919 2751 1085 2823 longe
1111 2752 1377 2821 majorem
1409 2768 1571 2823 quam
1599 2761 1758 2808 antea
1788 2753 1962 2823 impe-

370 2857 645 2911 ratorum,
684 2845 1120 2916 imperatrieum,
1147 2853 1202 2900 et
1241 2845 1489 2901 omnium
1528 2847 1847 2919 quicunque
1872 2847 1960 2902 vel

373 2933 639 2988 senatorii
691 2940 823 2989 sunt
871 2932 1107 3001 ordinis,
1140 2934 1224 3015 vel
1254 2934 1437 3005 aliqua
1468 2935 1734 3006 dignitate
1769 2937 1872 2991 alia
1906 2944 1963 2991 et

373 3027 588 3081 honore
611 3024 844 3099 fulgent,
883 3025 1328 3083 benevolentiam
1361 3027 1655 3097 consequi.
1684 3029 1959 3083 Cancrum

374 3123 641 3194 (aiebant)
699 3122 976 3179 sermonis
1032 3125 1204 3178 nostri
1274 3138 1490 3179 summa
1523 3123 1614 3179 illa
1665 3123 1732 3180 sit
1765 3142 1778 3178 :
1809 3125 1854 3179 si
1886 3124 1961 3178 ita

375 3214 694 3270 obstinatus
751 3214 1142 3282 permanseris,
1176 3216 1475 3272 multorum
1532 3215 1755 3285 quidem
1788 3216 1963 3271 bono-

375 3325 498 3364 rum
547 3308 823 3379 jaeturam
879 3307 1069 3373 facies,
1108 3309 1277 3364 multa
1325 3325 1458 3365 vero
1490 3311 1663 3366 tristia
1705 3311 1963 3381 malaque

379 3403 629 3460 habebis.
684 3402 860 3470 Adde,
915 3402 1062 3473 quod
1117 3417 1410 3459 sermones
1458 3412 1585 3460 tuos
1622 3419 1836 3469 omnes,
1866 3403 1961 3476 qui

379 3511 477 3565 per
507 3494 707 3549 festum
738 3503 1056 3550 sanctorum
1106 3494 1226 3551 dies
1273 3495 1327 3551 in
1382 3495 1617 3552 ecclesia
1676 3495 1959 3568 leguntur,

379 3586 597 3660 1145
646 3587 877 3657 iubente
941 3588 1298 3659 imperatore,
1352 3588 1610 3645 inimicus
1638 3599 1693 3645 et
1725 3589 1962 3645 infestus

374 3682 520 3753 ignis
581 3680 732 3739 brevi
778 3681 1069 3750 absumet;
1116 3691 1172 3737 tu
1219 3696 1354 3738 vero
1404 3692 1529 3753 post
1562 3682 1773 3738 obitum
1807 3692 1962 3738 tuum

372 3784 533 3830 extra
576 3774 767 3831 urbem
805 3775 1111 3847 insepultus
1148 3775 1334 3846 aliquo
1362 3766 1691 3847 projicieris.
1724 3794 1743 3827 ι

449 3867 538 3922 Ill.
570 3867 793 3923 Illorum
826 3882 930 3939 ego
962 3881 1273 3922 sermonem
1305 3866 1607 3938 excipiens,
1640 3885 1659 3918 ι
1702 3866 1850 3930 Haec,
1878 3867 1962 3922 in-

374 3975 563 4029 quam,
616 3959 955 4015 Diocletiano
1003 3958 1234 4030 ejusque
1265 3957 1802 4040 temporibus'verba
1832 3972 1964 4014 con-

372 4059 598 4123 gruunt.
649 4049 717 4106 Et
769 4061 921 4107 certe
981 4065 1106 4106 cum
1140 4050 1373 4105 maxima
1408 4049 1544 4105 mihi
1584 4051 1726 4105 bona
1748 4049 1959 4121 gratiﬁ-

373 4153 563 4201 cantes
592 4144 858 4210 offeratis,
896 4144 1066 4201 nolite
1115 4142 1390 4197 minarum
1438 4144 1670 4197 obtentu
1722 4143 1959 4213 gratiam

375 4237 533 4291 istam
582 4234 944 4291 confundere.
988 4234 1126 4290 Nam
1175 4234 1306 4289 dum
1360 4234 1696 4303 pollicemini
1750 4233 1868 4290 fore
1899 4242 1963 4290 ut

376 4337 678 4400 martyrum
733 4327 868 4382 mihi
928 4342 1160 4383 coronas
1206 4328 1560 4397 impertiatis.
1602 4341 1693 4382 res
1724 4327 1962 4395 optimas

373 4418 650 4488 pessimis,
677 4427 738 4472 ut
763 4419 1004 4483 videtur,
1037 4419 1355 4475 nominibus
1388 4417 1749 4474 confunditis.
1773 4416 1842 4472 Et
1862 4431 1962 4474 vos

1991 3170 2030 3226 C

2067 1832 2175 1888 κᾶν
2232 1834 2475 1904 στοιχεῖα
2530 1832 2712 1888 πάντα
2763 1832 3047 1904 φωνήεντα
3104 1831 3461 1889 καταστάντα
3500 1827 3643 1902 λέγῃ

2066 1927 2250 1984 ταυτί.

2143 2105 2221 2162 B'.
2279 2105 2443 2176 Ἑμοῦ
2471 2104 2528 2160 δὲ
2563 2104 2672 2161 τῶν
2698 2104 2872 2175 ἀγίων
2911 2105 3271 2176 προκομίζειν
3303 2100 3634 2175 ἐπιχειρούν-

2068 2219 2160 2266 τος
2185 2201 2287 2265 τὰς
2312 2200 2551 2271 βίϐλους,
2594 2200 2795 2253 ἐκεῖνοι
2847 2199 2983 2269 μηδὲ
3019 2200 3215 2270 μικρὸν
3249 2197 3377 2264 γοῦν
3405 2196 3634 2267 ἀνασχ‹5‹⁵

2072 2310 2228 2366 μενοι
2258 2292 2649 2362 ἐξανέστησαν,
2677 2290 2879 2361 πολλὴν
2903 2289 3039 2361 ἐμοῦ
3061 2291 3418 2362 καταχέοντες
3443 2288 3636 2360 χλεύην

2069 2386 2165 2440 καὶ
2213 2382 2440 2437 πλεῖστά
2470 2399 2537 2436 τε
2559 2381 2811 2450 λέγοντες
2867 2381 3033 2452 ἔτερα
3064 2384 3159 2437 καὶ
3194 2401 3213 2434 ι
3258 2382 3349 2446 Ὣς
3403 2381 3635 2435 ἀσύνετα

2067 2475 2201 2548 δρᾷς
2231 2475 2371 2529 κατά
2401 2473 2656 2541 σεαυτοῦ,
2694 2473 2998 2544 βασιλικοῖς
3042 2476 3426 2547 ἀντιπράττων
3469 2490 3635 2545 προαο

2067 2567 2369 2637 τάγμασιν,
2407 2565 2493 2639 [Ρ.
2532 2564 2659 2638 716]
2707 2565 2828 2631 ἐξὸν
2889 2566 3111 2621 ἐνδόντα
3164 2566 3339 2639 βραχὺ
3397 2566 3638 2637 μείζονος

2069 2660 2103 2731 ἢ
2138 2658 2284 2713 κατά
2313 2658 2413 2730 τὴν
2444 2660 2576 2729 πρὶν
2622 2657 2926 2714 ἀπολαύειν
2963 2659 3274 2727 εὐμένειαν,
3305 2660 3371 2714 ἐκ
3398 2677 3459 2713 τε
3486 2658 3637 2731 βασι·-

2069 2752 2209 2807 λέων
2244 2755 2336 2807 καὶ
2367 2752 2679 2824 βασιλίδων,
2712 2753 2808 2807 καὶ
2838 2752 2954 2823 ἄμα
2993 2753 3128 2824 πρὸς
3161 2754 3401 2820 πάντων,
3430 2754 3541 2808 ὅσοι
3576 2770 3637 2807 τι

2067 2848 2178 2899 τῶν
2202 2844 2583 2916 συγκλητικῶν
2606 2844 2702 2898 καὶ
2731 2845 2849 2898 ὅσοι
2874 2846 2983 2899 τῶν
3009 2844 3181 2909 ἄλλως
3211 2845 3441 2917 ἑχόντων
3460 2843 3638 2910 αίδοῦς

2070 2939 2167 2994 καὶ
2198 2938 2391 3008 τιμῆς.
2448 2939 2560 2993 Καὶ
2612 2939 2714 3010 μὲν
2747 2936 2813 3012 δή
2863 2938 3184 3009 κεφάλαιον,
3241 2939 3469 3010 ἔφασαν,
3499 2940 3637 3007 ἔστω

2072 3049 2157 3087 σοι
2191 3029 2351 3086 τοῦτο
2382 3031 2489 3085 τῶν
2517 3032 2716 3101 λόγων,
2748 3033 2822 3097 ὡς
2853 3033 3132 3103 ἐπιμένων
3161 3032 3333 3105 ταύτῃ
3363 3035 3427 3103 τῇ
3476 3032 3637 3102 σκληο

2070 3123 2261 3195 ρότητι
2297 3123 2516 3177 πολλῶν
2563 3124 2664 3194 μὲν
2700 3125 2943 3198 στερήσῃ
2991 3124 3102 3179 τῶν
3143 3124 3388 3193 ἀγαθῶν,
3428 3122 3635 3178 πολλῶν

2065 3216 2124 3270 δὲ
2162 3216 2476 3288 πειραθήσῃ
2508 3216 2619 3270 τῶν
2655 3217 2919 3289 λυπηρῶν
2939 3232 2955 3249 ο
2987 3217 3083 3271 καὶ
3113 3215 3231 3287 ἅμα
3256 3218 3366 3270 τῶν
3393 3215 3488 3288 μὲν
3527 3213 3637 3269 σῶν

2064 3306 2244 3376 λόγων
2271 3308 2387 3362 ὅσοι
2415 3310 2502 3363 ἐπ’
2534 3308 2836 3381 ἐκκλησίας
2867 3310 2925 3363 ὲν
2956 3311 3078 3374 ταῖς
3104 3309 3213 3362 τῶν
3242 3309 3412 3379 ἁγίων
3452 3311 3637 3378 ἀναγι-

2064 3400 2372 3456 νώσκονται
2419 3395 2692 3474 μνήμαις,
2739 3402 2851 3473 πῦρ
2898 3401 3201 3474 δαπανήσει
3240 3400 3496 3471 πολέμιον
3544 3402 3638 3457 καὶ

2064 3492 2346 3546 ἀντίθετον
2376 3492 2634 3558 ἅπαντας
2671 3494 2728 3546 ὲν
2770 3493 2986 3564 βραχεῖ,
3023 3492 3449 3563 προστάττοντος
3488 3492 3638 3564 βασι-

2064 3582 2202 3650 λέως
2222 3602 2239 3619 ·
2273 3584 2338 3641 σὺ
2360 3585 2406 3641 δ’
2435 3587 2643 3658 ἄταφος
2685 3585 2863 3641 θανὼν
2898 3586 3004 3654 ἔξω
3043 3604 3146 3642 που
3179 3588 3388 3662 ριφήση
3417 3587 3517 3659 τῆς
3538 3587 3636 3641 πό-

2022 3676 2027 3683 ’
2065 3677 2224 3744 λεως.
2271 3698 2290 3733 ι

2141 3858 2216 3917 Γ’.
2260 3860 2404 3931 Ἐγὼ
2432 3861 2478 3916 δ’
2511 3860 2799 3917 ὑπολαϐὼν
2828 3860 3217 3935 Διοκλητιανοῢ
3250 3863 3346 3917 καὶ
3366 3861 3472 3916 τῶν
3490 3862 3635 3917 ὲκεί-

2064 3972 2158 4011 νου
2189 3955 2402 4025 καιρῶν
2454 3954 2694 4026 ἔφασκον
2728 3950 2872 4011 εῖναι
2917 3956 3084 4010 ταυτὶ
3132 3955 3201 4010 τά
3239 3956 3494 4028 ῥήματα·
3542 3955 3638 4013 καὶ

2067 4048 2164 4121 μὴ,
2192 4048 2263 4103 τά
2315 4048 2553 4120 μέγιστα
2585 4048 2943 4122 χαριζόμενοι
2980 4048 3089 4101 τῶν
3136 4045 3335 4114 καλῶν,
3387 4049 3634 4118 συγχεῖτε

2064 4140 2163 4213 τὴν
2209 4141 2374 4213 χάριν
2401 4141 2459 4194 ὲν
2484 4136 2565 4210 τῷ
2615 4140 2717 4212 τῆς
2758 4138 3008 4208 ἀπειλῆς
3042 4139 3306 4211 σχήματι.
3335 4138 3475 4202 Τοὺς
3526 4140 3635 4210 γὰρ

2067 4234 2367 4307 μαρτύρων
2398 4235 2524 4304 ἐμοὶ
2569 4234 2873 4303 στεφάνους
2923 4234 3350 4306 ὑπισχνούμενοι
3382 4235 3634 4304 χορηγεῖν

2064 4329 2352 4391 κακίστοις
2376 4327 2609 4399 ὀνόμασι
2637 4327 2707 4381 τά
2737 4326 2993 4399 βέλτιστα
3022 4327 3227 4382 δοκεῖτε
3260 4326 3479 4397 συγχεῖν
3497 4342 3511 4357 ο
3540 4324 3633 4379 καὶ

2064 4419 2227 4489 ὑμεῖς
2268 4419 2369 4491 μὲν
2408 4416 2484 4474 ὧν
2548 4419 2809 4491 βασιλεὺς
2859 4420 3072 4488 κύριος,
3104 4418 3375 4474 ἀπειλεῖτε
3398 4434 3412 4447 ·
3448 4415 3558 4485 ἐγὼ
3587 4416 3633 4470 δ’

372 4513 592 4581 quidem
640 4528 704 4567 ea
745 4512 1102 4579 minitamini,
1140 4529 1261 4583 quae
1294 4520 1424 4568 sunt
1455 4526 1624 4583 penes
1663 4512 1961 4584 imperato-

2066 4505 2140 4566 ὧν
2171 4512 2282 4581 ἐγὼ
2330 4512 2524 4584 κύριος
2563 4512 2664 4565 σύν
2718 4529 2782 4579 γε
2839 4511 2960 4583 Θεῷ
2995 4513 3088 4566 καὶ
3137 4514 3278 4566 πάνυ
3321 4508 3628 4579 φυλάττειν,

375 4619 488 4660 rem
545 4624 558 4661 :
606 4621 708 4678 ego
771 4616 955 4663 autem
1014 4608 1158 4678 (quae
1218 4609 1447 4679 juvante
1498 4604 1609 4661 Deo
1641 4615 1963 4662 constanter

373 4715 594 4756 servare
639 4716 810 4771 penes
844 4717 932 4757 me
991 4701 1098 4773 est)
1142 4700 1368 4757 certabo
1416 4708 1473 4756 et
1508 4715 1681 4770 usque
1710 4700 1780 4755 ad
1816 4715 1963 4755 mor-

375 4801 481 4848 tvm
522 4793 703 4856 stabo,
746 4794 955 4849 nemini
1009 4794 1375 4863 mancipatam
1440 4802 1677 4849 mentem
1735 4807 1963 4848 conser-

372 4901 524 4940 vans.
551 4884 687 4940 Nam
741 4885 964 4956 pietatis
1001 4886 1326 4942 exercenda:
1356 4901 1571 4942 summa
1606 4893 1689 4943 est
1722 4886 1960 4943 necessi-

373 4989 474 5039 tas,
503 4978 653 5033 nulla
675 4988 860 5033 autem
891 4978 1153 5033 vivendi:
1189 4994 1287 5049 pro
1315 4979 1518 5048 pietate
1566 4994 1788 5049 quoque
1819 4976 1958 5032 mori

364 5083 592 5123 necesse
629 5075 735 5135 est,
769 5083 878 5122 non
918 5071 1049 5124 item
1083 5069 1322 5140 sepeliri.
1353 5087 1375 5123 ι
1415 5068 1640 5125 Interim
1693 5067 1775 5123 illi
1805 5067 1959 5123 abie-

368 5172 516 5216 ιἰιηι.

440 5254 522 5309 IV.
549 5252 620 5310 Ut
649 5260 835 5308 autem
869 5250 1078 5309 arctius
1133 5252 1335 5309 iterum
1374 5252 1714 5320 custodirer,
1744 5250 1958 5307 foribus

366 5341 735 5398 admoventur
797 5358 957 5408 serua,
990 5342 1194 5412 pessuli
1247 5343 1552 5406 obduntur,
1582 5350 1640 5398 et
1692 5343 1953 5398 custodes

370 5432 649 5498 peioribus
706 5432 1026 5487 acerbiores
1071 5441 1451 5503 apponuntur.
1483 5432 1717 5488 Maxime
1768 5443 1969 5487 tamen

367 5533 636 5590 optarem,
674 5531 734 5576 ut
762 5524 990 5579 alteram
1033 5516 1243 5594 partem
1269 5537 1464 5580 eorum
1504 5523 1955 5579 comminationis

369 5616 816 5687 tongruoderisu
842 5618 1099 5689 prosequi
1129 5634 1316 5673 coram
1349 5617 1484 5689 ipsis
1508 5618 1644 5673 mihi
1676 5618 1950 5687 licuisset,

369 5717 424 5758 et
452 5708 527 5762 ibi
563 5709 904 5765 luculentius
930 5712 1249 5775 ostendere,
1282 5717 1485 5780 quanta
1513 5710 1683 5766 fuerit
1718 5727 1953 5767 vesano-

372 5812 488 5850 rum
541 5799 829 5856 hominum
868 5804 1107 5859 amentia
1135 5809 1190 5859 et
1223 5801 1515 5859 stoliditas.
1542 5802 1622 5858 illi
1658 5810 1865 5869 autem,
1893 5813 1954 5861 ut

2065 4601 2411 4671 ἀγωνιοῦμαι
2466 4602 2563 4655 καὶ
2595 4602 2759 4674 μέχρι
2793 4600 3027 4655 θανάτου
3064 4601 3353 4670 στήσομαι,
3398 4598 3461 4653 τὸ
3505 4597 3632 4667 φρό-

2065 4711 2217 4764 νημα
2247 4694 2433 4766 τηρῶν
2461 4693 2786 4750 ἀδούλωτον.
2815 4692 3085 4748 Εὐσεϐεῖν
3109 4692 3210 4762 μὲν
3238 4692 3346 4762 γὰρ
3395 4692 3631 4759 ἀνάγκη,

2064 4785 2164 4858 ζῇν
2196 4786 2243 4842 δ’
2277 4788 2378 4842 οὐκ
2428 4789 2648 4859 ἀνάγκη
2671 4803 2687 4818 ⁸
2729 4788 2827 4842 καὶ
2863 4786 3123 4857 θνήσκειν
3171 4786 3270 4856 μὲν
3300 4782 3440 4854 ὑπὲρ
3478 4782 3632 4836 εὐσε-

2065 4879 2218 4944 ϐείας
2240 4880 2479 4952 ἀνάγκη,
2505 4879 2810 4936 θάπτεσθαι
2839 4878 2884 4932 δ’
2914 4879 3016 4934 οὐκ
3062 4878 3130 4934 ἂν
3161 4880 3398 4947 ἀνάγκη.
3437 4875 3633 4930 Κάκεῖ-

2063 4987 2146 5024 νοι
2185 4971 2284 5043 μὲν
2310 4973 2370 5025 ὲν
2394 4973 2609 5035 τούτοις
2637 4970 2908 5048 ἀπῄεσαν.

2116 5241 2206 5303 ,Δ’.
2254 5236 2411 5309 Ἐμοὶ
2462 5235 2520 5290 δὲ
2574 5234 2742 5293 πάλιν
2790 5232 3019 5304 κλεῖθρα
3064 5233 3164 5288 καὶ
3221 5232 3409 5305 μοχλοὶ
3452 5230 3629 5302 θυρῶν

2063 5333 2353 5404 ἐπήγοντο,
2387 5331 2483 5385 καὶ
2514 5329 2633 5386 τῶν
2676 5329 2964 5401 προτέρων
3012 5328 3329 5400 πικρότεροι
3368 5324 3626 5396 φύλακες.

2063 5429 2258 5483 Καίτοι
2288 5444 2353 5497 γε
2407 5425 2712 5498 ἐϐουλόμην
2742 5426 2795 5495 γ’
2827 5424 2894 5480 ἂν
2933 5410 3022 5478 ἐπ’
3063 5423 3245 5478 αὐτῶν
3272 5421 3370 5477 καὶ
3406 5423 3630 5493 θάτερον

2062 5523 2229 5593 μέρος
2260 5522 2360 5592 τῆς
2394 5521 2548 5590 σφῶν
2576 5519 2811 5589 ἀπειλῆς
2848 5522 2916 5594 τῇ
2948 5518 3304 5591 προσηκούσῃ
3334 5517 3628 5589 παραπέμ-

2057 5615 2156 5684 dat
2188 5613 2378 5688 χλεύῃ.
2411 5614 2506 5668 καὶ
2533 5613 2711 5679 δεῖξαι
2745 5612 3025 5667 κάνταῦθα
3069 5612 3476 5682 δαψιλέστερον,
3506 5610 3631 5663 ὅσον

2058 5709 2159 5778 τῆς
2181 5710 2444 5772 ἀπονοίας
2470 5708 2532 5762 τὺ
2565 5707 2824 5777 ἀγνωμόν
2862 5724 2921 5761 τε
2971 5707 3068 5761 καὶ
3099 5704 3317 5777 εῠηθες.
3346 5705 3411 5759 Οἱ
3441 5702 3517 5766 δὲ,
3555 5703 3629 5766 ὡς

2058 5803 2227 5870 ἔοικε,
2260 5803 2356 5865 τὴν
2382 5800 2594 5858 ἑαυτῶν
2627 5802 2786 5857 αὐτοὶ
2818 5801 3185 5863 καταγνόντες
3219 5796 3499 5857 αίσγύντιν.
3524 5814 3631 5849 κω⁴
