4016 6454
287 328 415 396 liii

1228 344 1676 407 ΒΥΖΛΝΤΙΝΕ
1715 349 2105 415 ΙΙΙΞΤΟΒΙΕ
2146 353 2296 415 LlB.
2340 352 2545 414 XXIV.

3399 353 3539 421 14⁵2

284 447 454 514 ὀργὴν
499 448 564 518 ἢν
585 448 692 521 ,διὰ
738 450 797 505 τὸ
828 453 927 521 τῆς
957 455 1214 516 ἀσεϐείας
1238 459 1447 529 ταύτης
1478 462 1638 532 ἔσχεν
1663 463 1857 533 ἀθέμι-

1988 482 2017 516 ιι
2057 465 2288 519 vinculis
2334 466 2499 519 hodie
2537 483 2749 527 sumus,
2786 465 2953 533 quod,
2985 475 3249 533 quantum
3279 465 3394 520 ﬁeri
3431 484 3532 536 po-

283 553 394 592 τον.
464 540 614 593 Ἐπεὶ
673 543 838 596 δὲτὸ
895 546 995 614 μέν
1034 551 1199 602 καλὸν
1258 555 1430 606 ποιεῖν
1480 553 1760 624 προϊοῦσιν
1792 560 1846 610 ἀο

1967 560 2092 621 tuit,
2134 560 2361 611 irruenti
2393 559 2654 626 impietati
2690 560 3050 611 restitimus.)

286 634 416 700 πῆν,
467 632 528 685 τὸ
576 635 632 689 δὲ
663 639 831 691 κακδν
878 641 1099 696 ἀπεῖναι
1128 643 1229 698 οὐκ
1293 641 1381 715 ἦν,
1415 648 1776 716 ἀνατρέπεται
1847 651 1938 704 καὶ
1980 654 2259 720 συγχεὴαι
2291 644 2555 719 διηνεκῶς
2600 651 2671 702 τὰ
2710 651 2996 716 Ῥωμαίων
3033 650 3176 718 ὀρῶν
3208 649 3532 718 πράγματα,

287 732 382 784 καὶ
423 733 484 785 τὸ
517 735 819 802 νεμόμενον
850 737 951 805 τῆς
992 737 1140 802 θείας
1180 741 1353 812 όργῆς
1384 746 1488 799 οὐκ
1524 744 1765 811 ἔγνωκεν
1830 748 2136 813 ἀπρακτεῖν
2168 747 2400 816 οὐδαμῆ.
2436 747 2563 809 Διά
2611 745 2672 814 δὴ
2711 745 2883 797 ταῦτα
2931 746 3027 797 καί⁵
3083 744 3296 814 δέσμιοι
3359 745 3537 813 τήμε-

291 844 383 898 ρον
407 827 588 896 ἡμεῖς,
612 827 991 896 ἀνθιστάμενοι
1023 833 1090 902 τῇ
1128 832 1276 906 ῥύμῃ
1303 835 1400 900 τῆς
1435 836 1716 901 ἀσεϐείας,
1742 839 1871 913 ὅσον
1908 839 2153 905 ἐφικτόν.

362 922 456 988 ς’.
488 919 674 976 Ταῦτα
699 923 883 977 τοίνυν
915 926 1007 978 καὶ
1038 925 1106 979 τά
1141 927 1368 981 τοιαῦτα
1400 927 1855 999 διεξεληλυθότων

295 1013 474 1079 ἡμῶν,
514 1012 687 1066 ἔπειτ’
729 1015 946 1069 ἐκείνου
977 1016 1243 1072 πυθέσθαι
1268 1020 1368 1088 τῆς
1411 1022 1578 1088 ἐγγὺς
1609 1024 1860 1076 εἰκοσαε-

293 1100 419 1167 τοῦς
462 1105 728 1174 ἐκδημίας
780 1108 870 1160 τὸν
912 1109 1114 1179 τρόπον
1160 1112 1387 1179 ἐζήτουν
1437 1113 1567 1181 ἐγὼ,
1615 1114 1763 1169 ὅπως
1798 1132 1859 1168 τε

293 1196 421 1267 ισχε
452 1199 547 1252 καὶ
577 1201 729 1261 ὅπως
773 1201 935 1264 αὐτὸς
969 1202 1123 1268 ἐϐίω,
1160 1206 1255 1257 καὶ
1293 1207 1400 1277 ὅπη
1448 1208 1548 1274 τὴν
1582 1208 1791 1261 δίαιταν
1837 1212 1866 1262 ὁ

299 1289 505 1357 μεταξὺ
529 1291 624 1344 καὶ
645 1292 763 1346 οἵαν
786 1293 935 1363 αὑτῷ
965 1295 1271 1369 παρέσχετο
1296 1299 1504 1368 χρόνος.
1530 1295 1699 1352 Οἶσθα
1731 1302 1869 1370 γάρ,

295 1383 503 1450 ελεγον,
531 1381 608 1446 ὡς
642 1385 886 1455 ἱστορίας
931 1388 1054 1457 ἐμοὶ
1097 1391 1469 1460 συγγράφοντι
1503 1392 1716 1462 βίϐλους
1759 1413 1861 1462 μα-

297 1473 410 1541 κρά
451 1491 539 1538 τις
572 1470 708 1531 οὖσα
758 1478 1020 1548 τυγχάνει
1074 1481 1173 1535 καὶ
1222 1484 1370 1552 μάλα
1421 1487 1857 1558 πεφροντισμένη

302 1567 527 1636 σπουδὴ,
564 1571 759 1637 πεῖραν
792 1569 1157 1642 ξυνειλοχιέναι
1186 1577 1461 1629 παντοίων
1495 1581 1859 1646 πραγμάτων,
1900 1602 1905 1605 Α

297 1651 431 1726 ὅσην
461 1658 489 1710 ὃ
515 1674 573 1711 τε
620 1661 810 1729 χρόνος
854 1663 986 1732 ἡμῖν
1033 1665 1422 1743 ἀκριϐέστερον
1473 1670 1864 1738 σκοπουμένοις

297 1749 384 1804 ἀεὶ
422 1750 745 1819 παρέχεται,
784 1756 880 1807 καὶ
920 1757 1021 1824 ὅση
1054 1757 1115 1810 ἐκ
1139 1757 1236 1825 τῆς
1266 1760 1372 1810 τῶν
1417 1758 1640 1812 ἄλλοθεν
1687 1759 1867 1812 ἄλλοτ’

299 1839 476 1903 ἄλλως
506 1842 636 1911 ἡμῖν
668 1844 882 1912 ὁμιλίας
908 1846 1093 1899 εἵνεκα
1129 1849 1462 1914 προσιόντων
1487 1849 1744 1918 ἀσχολίας
1778 1851 1865 1903 ἀεὶ

301 1928 661 1997 περιγίνεται,
686 1930 1000 2001 διηγήματα
1034 1935 1388 2004 προτιθείσης
1412 1937 1509 1989 ὅσα
1536 1937 1583 1988 τ’
1610 1939 1668 2002 ἐξ
1698 1940 1865 2006 ἀκοῆς

303 2021 399 2071 καὶ
423 2021 523 2075 ὅσα
552 2022 620 2074 δι’
670 2021 845 2087 ὄψεων
871 2026 1228 2094 παρειληφὼς
1272 2027 1350 2095 τῷ
1393 2030 1740 2098 φανταστικῷ
1770 2032 1868 2097 τῆς

303 2111 479 2181 ψυχῆς
512 2113 852 2167 ἐνετύπωσεν
878 2117 1105 2178 ἕκαστος
1149 2119 1362 2175 πίνακι.
1402 2120 1532 2173 Ύπε
1545 2122 1727 2190 ρφυῶς
1758 2124 1869 2192 γλιρ

307 2204 397 2255 καὶ
431 2204 688 2274 Διογένης
710 2207 915 2270 ἐκεῖνος
957 2208 987 2261 ὁ
1020 2209 1240 2273 κυνικὸς
1265 2211 1544 2279 εἰρηκέναι
1571 2212 1720 2265 δοκεῖ
1753 2229 1865 2281 μοι,

308 2295 678 2363 σχολαζόντων
715 2299 976 2367 ἀσχολίαν
1009 2294 1087 2355 ὧν
1114 2302 1180 2354 ἀν
1207 2318 1290 2364 τις
1322 2304 1534 2370 ἐφίεται
1572 2303 1692 2355 λίαν
1728 2321 1871 2370 πραε-

308 2387 533 2463 γμάτων
563 2387 686 2448 τοὺς
718 2387 927 2468 ἔρωτας
962 2385 1100 2443 εἶναι
1124 2406 1138 2420 ’
1175 2395 1349 2461 μικρά
1379 2392 1487 2460 γὰρ
1520 2391 1552 2461 ἢ
1587 2392 1740 2445 οὐδὲν
1763 2392 1870 2445 τῶν

307 2478 413 2544 ἔξω
439 2477 684 2546 θορύϐων
707 2480 991 2535 ἀνθέλκειν
1027 2482 1281 2551 ἐχόντων,
1313 2484 1475 2555 σχολῇ
1519 2485 1572 2552 γ’
1607 2483 1673 2536 ἂν
1698 2483 1871 2546 ἄλλως

309 2571 505 2641 φανείη
532 2570 593 2623 τὺ
621 2571 942 2643 κινούμενον
990 2572 1313 2643 ἀπρακτοῦν
1339 2574 1438 2643 τῆς
1468 2575 1666 2646 ψυχῆς.
1717 2575 1872 2646 Ἐμοὶ

303 2661 349 2715 δ’
373 2661 439 2732 ἦν
471 2662 583 2715 τῶν
612 2663 717 2729 ἔξω
766 2664 1013 2734 θεάτρων
1043 2667 1242 2738 σχολὴν
1273 2670 1299 2719 ὁ
1324 2667 1433 2722 τῶν
1465 2667 1616 2738 ἐμῶν
1647 2670 1874 2739 Προμη-

316 2751 440 2816 θεὺς
483 2753 786 2826 παρέσχετο
845 2754 1039 2823 λόγων,
1073 2755 1262 2811 διπλοῦ
1305 2756 1399 2810 καὶ
1448 2757 1676 2826 τριπλοῦ
1725 2774 1872 2820 τινος

308 2843 508 2911 ἔρωτος
540 2845 796 2915 ἀσχολίαν
822 2846 969 2909 ὅπως
1009 2846 1130 2899 ποτ’
1160 2846 1445 2914 ἐξεγένετο
1469 2847 1623 2919 δρᾷν,
1651 2848 1749 2901 νῦν
1773 2846 1872 2917 μὲν

312 2938 423 3003 ej;
458 2925 547 2990 die}.
586 2937 903 3006 προσιοῦσιν
934 2936 1112 2993 ἄλλοτ’
1147 2938 1351 3003 ἀλλοις,
1386 2940 1558 2993 ὁπόσα
1585 2940 1664 3010 τῷ
1694 2941 1875 3012 καιρῷ

313 3029 407 3082 καὶ
432 3031 498 3100 τῇ
531 3022 690 3100 χρείᾳ
720 3033 1018 3098 προσήκειν
1047 3032 1215 3093 δοκεῖ,
1248 3033 1314 3104 μ’.
1340 3033 1408 3089 96
1435 3031 1490 3105 ὑ]
1519 3033 1605 3086 διὰ
1628 3033 1874 3104 γλώττης

312 3123 375 3217 οἱ)
408 3121 554 3190 μάλα
597 3123 775 3176 ὀκνεῖν
803 3123 1104 3192 ὁμιλοῦντι,
1152 3124 1249 3217 νῦν
1279 3125 1332 3178 δὲ
1368 3125 1456 3179 διὰ
1503 3128 1870 3196 γραμμάτων,
1900 3156 1944 3217 ς

311 3205 393 3275 οἷς
443 3212 591 3289 ἡμᾶς
627 3213 720 3264 καὶ
774 3211 1055 3282 πόρρωθεν
1104 3210 1278 3279 φιλεῖν
1338 3213 1649 3283 προθυμίας
1699 3216 1876 3284 ἐμπύ-

317 3322 497 3376 ρευμα
540 3305 739 3369 ἔνεστι,
791 3303 1100 3368 δεξιοῦσθαι
1146 3305 1239 3356 τὸν
1285 3305 1483 3377 ὅμοιον
1511 3305 1732 3374 τρόπον,
1786 3309 1879 3361 καὶ

307 3398 517 3465 τρίτον,
551 3397 722 3450 ὁπόσα
765 3396 841 3464 τῷ
868 3396 965 3466 τῆς
986 3397 1245 3485 1ἱστορίας
1289 3398 1552 3463 ξυντείνει
1588 3400 1873 3468 συλλέγειν

320 3489 547 3558 σκοπῷο
595 3488 781 3555 ἥδεται
823 3490 931 3559 γὰρ
981 3506 1096 3553 πως
1148 3489 1358 3563 ἡψυχὴ
1389 3491 1481 3544 καὶ
1537 3493 1880 3560 χειραγωγδν

314 3582 406 3634 ἐπ’(
440 3582 507 3634 τὰ
545 3581 805 3634 κάλλιστα
828 3582 935 3634 τῶν
962 3583 1058 3651 τῆς
1092 3582 1331 3651 ἱστορίας
1366 3586 1708 3652 πραγμάτων
1748 3584 1883 3650 ἔξω·

316 3673 407 3726 θεν
439 3674 752 3741 ἔμπρακτον
776 3672 933 3741 λόγον
956 3674 1341 3743 δανειζομένη,
1386 3674 1521 3744 πλὴν
1555 3676 1603 3726 εί
1644 3679 1717 3744 μὴ
1752 3676 1882 3728 δύσ-

320 3783 490 3834 μαχος
519 3765 681 3834 κόρου
708 3765 852 3829 me;
884 3765 1043 3845 αὐτὸν
1074 3765 1283 3834 ἐνοχλεῖ
1309 3768 1583 3835 τυραννῖς,
1620 3766 1653 3836 ἢ
1686 3768 1881 3818 τάναν-

318 3857 557 3910 τιώτατα
596 3858 695 3926 μέν
743 3874 859 3919 πως
902 3857 1014 3926 ἔχει
1053 3859 1118 3927 τῇ
1170 3855 1279 3908 τῶν
1336 3857 1608 3926 Σειρήνων
1657 3856 1882 3910 ἐκείνων

318 3950 452 4018 ᾠδῇ,
487 3950 623 4016 πρὸς
659 3947 714 3999 δὲ
746 3947 847 4016 τὴν
871 3946 1064 4015 ὁμοίαν
1111 3947 1293 4015 ἐκείνῃ
1329 3948 1481 4016 φέρει
1516 3946 1721 4015 ζημίαν
1762 3947 1883 4001 λαν-

321 4044 581 4104 θανουσα,
628 4039 922 4108 ἐπειδήπερ
972 4037 1153 4109 ἐκείνη
1209 4037 1309 4104 μὲν
1341 4043 1408 4109 τῇ
1457 4038 1559 4106 τῆς
1608 4037 1884 4108 ἐμμελοῦς

321 4132 585 4202 ἁρμονίας
613 4130 873 4201 ἁϐρότητι
897 4129 1284 4199 κατακηλοῦσά
1310 4114 1370 4183 τε
1405 4133 1497 4184 καὶ
1543 4130 1885 4199 γοητεύουσα

316 4230 416 4288 τὰς
447 4226 637 4290 ἀκοὰς,
669 4224 916 4292 δέσμιον,
950 4224 1102 4285 ὅστις
1154 4220 1275 4275 ποτ’
1320 4221 1408 4292 ἄρ’
1438 4218 1506 4293 ἦν
1544 4223 1571 4273 ό
1613 4222 1711 4292 τῆς
1740 4220 1884 4291 ᾠδῆς

316 4318 533 4388 ἐκείνης
580 4315 967 4386 κατατρυφῶν,
1005 4317 1138 4386 πρὸς
1173 4315 1271 4380 τὰς
1304 4314 1674 4390 τοῦεθανάτου
1710 4314 1884 4367 συνώ-

318 4411 405 4461 θει
436 4408 630 4471 πύλας,
683 4407 846 4478 μηδὲν
886 4407 1088 4476 μᾶλλον
1133 4407 1198 4460 ἐκ
1242 4408 1337 4460 τοῦ
1391 4406 1586 4476 μέλους
1626 4409 1693 4477 τῇ
1737 4405 1883 4476 ψυχῇ

1868 1809 1936 1869 Ὃ

2033 931 2115 984 Vl.
2148 932 2271 986 llzrc
2299 943 2462 998 atque
2492 931 2592 985 alia
2611 930 2877 1001 ejusmodi
2898 946 3018 983 cum
3060 945 3157 983 nos
3194 930 3359 982 locuti
3379 945 3535 985 esse-

1962 1040 2107 1083 mus,
2136 1040 2202 1077 ne
2227 1025 2689 1092 peregrinatione,
2722 1039 2842 1091 (μιαί
2872 1040 2966 1089 per
2996 1024 3186 1091 viginti
3215 1024 3329 1076 l'ere
3358 1036 3542 1075 annos

1964 1115 2275 1175 duraverat.
2305 1132 2368 1168 ex
2397 1132 2463 1167 eo
2485 1131 2729 1184 quzercre.
2765 1117 3061 1173 tentabant.
3097 1113 3373 1182 quomolo
3401 1127 3537 1167 sese

1965 1207 2266 1269 habuisset,
2297 1208 2510 1276 qualem
2536 1207 2698 1261 vitam
2731 1207 2846 1275 ipse
2874 1208 3131 1273 (legisset,
3167 1207 3258 1259 ubi
3289 1221 3533 1261 commos

1964 1310 2122 1375 ratus
2147 1308 2310 1359 eeset.
2344 1300 2433 1352 ubi
2475 1299 2634 1354 sedes
2659 1315 2756 1368 per
2789 1300 2839 1351 id
2880 1308 3095 1367 tempus
3126 1299 3337 1353 fuisset.
3380 1298 3540 1352 «Seis
3618 1357 3625 1366 ,

1967 1392 2134 1453 enim,
2164 1392 2296 1452 dixi.
2334 1393 2464 1445 mihi
2495 1392 2736 1447 historiae
2761 1392 2937 1445 libros
2964 1391 3336 1445 conseribenti
3370 1404 3535 1459 quam

1965 1485 2195 1536 maxime
2227 1500 2371 1537 curm
2407 1485 2671 1551 cordique
2706 1499 2829 1538 esse
2855 1484 3128 1538 variarum
3163 1497 3345 1537 rerum
3376 1497 3536 1537 usum

1964 1576 2239 1639 colligere.
2277 1577 2369 1642 qui
2398 1584 2454 1631 et
2485 1586 2729 1643 tempore
2758 1575 2917 1653 nobis
2952 1591 3039 1629 res
3069 1574 3384 1630 accuratius
3417 1590 3541 1643 per-

1968 1666 2288 1734 ve‘stigaudu
2341 1668 2752 1735 suppeditatur.
2806 1676 2863 1721 et
2919 1667 3107 1721 studio
3157 1682 3384 1729 eorum,
3440 1667 3534 1735 qui

1971 1759 2336 1824 undecunque
2369 1773 2470 1812 nos
2503 1758 2598 1812 alii
2647 1758 2770 1812 aliis
2817 1759 3160 1827 temporibus
3186 1758 3538 1828 colloquendi

1965 1850 2134 1920 gratia
2160 1846 2515 1909 conveniunt.
2564 1850 2631 1903 ad
2675 1865 2776 1904 nos
2825 1849 3114 1913 redundat,
3148 1865 3273 1904 cum
3306 1852 3540 1919 quisque

1964 1951 2184 1995 enarret
2229 1956 2351 2009 quae
2383 1942 2467 1995 vcl
2515 1941 2680 1995 l‘audo
2722 1941 2811 2023 vel
2853 1941 3091 1996 videndo
3128 1942 3341 2010 accepit
3373 1950 3543 2010 atque

1969 2031 2244 2085 memoria:
2279 2047 2391 2085 suae
2421 2041 2477 2085 et
2509 2032 2675 2086 nieuti
2711 2031 3006 2100 impressit.
3065 2032 3356 2104 lugeuiose
3389 2033 3537 2086 enim

1967 2123 2235 2192 Diogenes
2262 2122 2351 2177 ille
2383 2123 2608 2192 cynicus
2634 2122 2837 2176 dixisse
2870 2123 2999 2194 mihi
3033 2123 3252 2179 videtur
3273 2164 3288 2189 ,
3323 2137 3542 2177 amores

1966 2227 2089 2268 esse
2128 2212 2431 2268 otiosorum
2501 2214 2786 2269 hominum
2824 2214 3005 2269 studia
3046 2216 3104 2268 in
3137 2215 3206 2269 iis
3233 2214 3398 2268 rebus
3430 2213 3541 2269 «τοι.

1968 2303 2164 2368 locata,
2197 2318 2319 2372 quae
2344 2304 2471 2373 quis
2494 2305 2727 2359 maxime
2755 2314 3001 2374 appetat.
3049 2304 3185 2361 Cum
3215 2306 3363 2361 enim
3405 2320 3543 2375 pau-

1969 2394 2080 2449 lum
2106 2394 2191 2449 vel
2222 2395 2360 2450 nihil
2394 2396 2608 2451 externi
2648 2397 2917 2452 tumultus
2944 2412 3044 2451 uos
3077 2397 3385 2453 distrahere
3412 2411 3541 2466 pos-

1970 2485 2100 2551 sint,
2130 2486 2184 2540 in
2213 2486 2327 2568 otio
2357 2495 2538 2542 motus
2562 2487 2727 2543 animi
2759 2487 3045 2557 quiescere
3074 2486 3375 2542 videbitur.
3406 2485 3540 2541 Mihi

1970 2594 2100 2634 vero
2130 2586 2396 2648 quantum
2426 2579 2524 2634 otii
2560 2580 2628 2635 ab
2655 2580 2899 2635 externis
2924 2579 3259 2648 spectaculis
3290 2593 3541 2633 meorum

1970 2669 2265 2725 verborqu
2311 2670 2674 2744 Prometheus
2730 2669 3014 2739 impertiit,
3077 2670 3133 2724 in
3187 2669 3394 2740 duplici
3455 2668 3542 2725 vel

1974 2764 2174 2833 triplici
2228 2778 2413 2818 amore
2462 2761 2753 2833 esplendo,
2805 2770 3083 2831 utcunque
3143 2770 3361 2832 tempus
3393 2760 3541 2816 fere—

1972 2855 2103 2918 bat,
2155 2855 2397 2910 studium
2426 2838 2630 2909 licebat
2660 2853 2959 2916 coilocare,
3008 2860 3067 2907 ut
3116 2863 3228 2907 tum
3276 2867 3401 2908 cum
3450 2852 3544 2915 iis,

1974 2948 2067 3016 qui
2109 2961 2195 3001 me
2226 2946 2321 3001 alii
2360 2946 2485 3000 aliis
2525 2945 2866 3014 temporibus
2894 2944 3128 3010 adirent,
3159 2959 3280 3013 qute
3309 2943 3542 3012 tempori

1972 3048 2032 3091 et
2076 3036 2159 3090 rei
2212 3036 2510 3090 convenire
2555 3034 2900 3097 viderentur,
2952 3032 3069 3086 [tusc
3111 3040 3274 3100 atque
3321 3033 3548 3100 copiose

1980 3128 2384 3191 confabularcr,
2445 3135 2559 3180 tum
2613 3125 2862 3195 epistolis
2924 3124 3154 3189 amicos,
3210 3123 3307 3193 qui
3372 3124 3565 3178 etiam“

1982 3220 2086 3271 mei
2117 3232 2303 3272 amore
2330 3217 2608 3279 arderent,
2662 3214 2832 3270 simili
2889 3210 3119 3269 ratione.
3158 3213 3544 3283 amplecterer.

1981 3308 2202 3363 tertium
2236 3318 2294 3361 ut
2321 3307 2630 3374 colligerem
2667 3320 2788 3374 quae
2814 3303 2881 3358 ad
2928 3303 3212 3358 historia-tu
3243 3304 3544 3373 pertinent.

1982 3402 2287 3456 Delectatur
2324 3400 2473 3454 enim
2508 3399 2728 3452 animus
2752 3438 2768 3463 ,
2820 3411 2943 3450 cum
2978 3397 3326 3452 extrinsecus
3357 3411 3547 3450 narra.

1982 3493 2182 3547 tionem
2201 3491 2469 3546 elﬁcacem
2492 3489 2744 3560 percipit,
2765 3505 2888 3559 quae
2918 3488 3078 3558 quasi
3103 3503 3265 3542 manu
3293 3487 3456 3544 ducat
3475 3488 3548 3557 ad

1981 3583 2379 3655 pulcherrimas
2403 3596 2651 3651 quasque
2680 3570 2924 3636 historia:
2965 3596 3072 3645 res,
3113 3580 3217 3634 nisi
3246 3581 3545 3635 immodica

1984 3692 2166 3731 rerum
2198 3675 2484 3729 saturitate
2516 3686 2775 3742 oppressa
2835 3674 3113 3738 teneatur,
3158 3686 3279 3740 qua:
3301 3711 3316 3735 ,
3353 3687 3548 3757 quam:

1982 3783 2142 3836 quam
2179 3781 2404 3836 prorsus
2432 3764 2708 3819 contraria
2740 3770 2828 3816 est
2873 3762 3125 3817 Sirenum
3163 3763 3378 3817 illarum
3413 3779 3548 3817 can-

1984 3859 2086 3924 tui,
2130 3866 2366 3911 attamen
2423 3853 2673 3910 eamdem
2718 3855 2838 3919 fere
2877 3855 3016 3909 clam
3047 3854 3275 3909 adducit
3304 3870 3546 3924 poenam.

1981 3945 2187 4003 Cautus
2207 3946 2354 4001 enim
2388 3930 2478 4000 ille
2517 3945 2779 4001 concordi
2827 3961 3022 4001 vocum
3077 3956 3346 4001 concentu
3384 3962 3550 4003 aures

1983 4040 2251 4095 delinicus
2278 4048 2444 4109 atque
2472 4039 2811 4103 demulcens,
2852 4039 3101 4110 quisquis
3133 4042 3402 4097 suavitate
3427 4044 3554 4114 ejus

1983 4132 2264 4196 delinitur,
2297 4148 2422 4186 eum
2457 4132 2693 4187 vinculis
2721 4140 2944 4203 captum
2979 4133 3047 4186 ad
3085 4134 3278 4188 mortis
3300 4109 3547 4205 compel-

1984 4225 2046 4279 lit
2094 4232 2300 4293 portas,
2349 4239 2679 4294 quamquam
2726 4241 2790 4278 ex
2834 4242 2899 4280 eo
2952 4226 3016 4280 ad
3053 4225 3296 4302 animum
3330 4224 3546 4280 nullum

1986 4318 2132 4374 aliud
2186 4318 2536 4371 mmmodum
2597 4318 2868 4373 redundat
2925 4318 3028 4373 nisi
3084 4318 3265 4374 brevis
3328 4319 3548 4373 aurium

1986 4409 2279 4464 oblectatio
2310 4424 2472 4482 quam
2507 4409 2739 4463 maxima
2772 4411 3021 4479 sequitur
3046 4425 3226 4479 paena.
3292 4407 3556 4465 Narratio

318 4501 831 4571 προκατατιθεμένη
852 4498 1129 4563 λυσιτελὲς
1155 4500 1188 4570 ἢ
1219 4500 1391 4571 βραχύ
1421 4517 1474 4552 τι
1502 4499 1689 4571 κέρδος
1715 4499 1879 4564 ἀκοῆς

1989 4513 2167 4557 autem
2210 4502 2452 4571 prodest,
2483 4501 2529 4555 si
2564 4501 2784 4571 quidem
2811 4501 3053 4571 juvenile
3081 4511 3243 4570 atque
3272 4502 3555 4568 ﬂoridum,

318 4596 644 4657 ἀκολάστου,
679 4592 883 4662 ζημίας
931 4594 1200 4662 μεγίστης
1245 4592 1525 4664 πρόξενον.
1567 4594 1628 4646 Ὀ
1659 4592 1719 4645 δὲ
1768 4609 1890 4645 παι-

316 4687 461 4752 δείας
496 4686 790 4757 ἡλικιώτης
816 4687 972 4754 λόγος
1007 4686 1206 4754 ὠφελεῖ
1233 4685 1554 4756 μὲν-νεαρὸν
1589 4688 1683 4741 καὶ
1724 4685 1885 4755 χλοά-

320 4780 415 4842 {ev
457 4781 631 4835 εἰπεῖν
657 4781 715 4834 τὸ
744 4780 1034 4849 ἐπαγωγὸν
1058 4779 1421 4851 κεκτημένος,
1447 4779 1553 4844 ἕως
1585 4778 1650 4833 ἀν
1672 4780 1763 4832 καὶ
1786 4779 1886 4848 τὴν

323 4873 671 4943 συμμετρίαν
725 4873 997 4943 πάρεδρον
1043 4873 1144 4945 ἔχῃ
1185 4871 1280 4926 καὶ
1316 4871 1453 4941 πρὸς
1488 4869 1799 4941 βραχύτητα
1826 4868 1924 4922 τὸ.

324 4961 420 5014 τοῦ
449 4962 651 5033 δρόμου
682 4963 948 5034 σοστέλλῃ
969 4962 1213 5017 στάδιον·
1248 4963 1386 5016 ἐπάν
1421 4962 1477 5015 δὲ
1507 4964 1572 5032 τῇ
1602 4960 1697 5013 τοῦ
1721 4962 1885 5029 κόρου

324 5054 613 5127 πλεονεξίᾳ
632 5057 727 5118 τάς
753 5054 920 5125 θύρας
942 5056 1282 5127 ἀναπετάσῃ,
1313 5054 1570 5123 πολέμιος
1604 5053 1765 5118 εὐθὺς
1795 5055 1889 5108 καὶ

324 5142 485 5204 αὐτὸς
518 5140 695 5211 ἐαυτῷ
735 5142 985 5211 φωρᾶται
1014 5143 1356 5211 γιγνόμενος,
1405 5142 1500 5196 καὶ
1535 5141 1652 5211 ἅμα
1696 5140 1889 5212 ἀηδίας

330 5235 550 5306 μακρᾶς
577 5234 640 5288 τὸ
662 5233 763 5304 τῆς
789 5234 966 5304 ψυχῆς
1003 5233 1261 5304 ἡδόμενον
1289 5234 1600 5304 ἐμπιπλῶν,
1629 5233 1726 5288 καὶ
1760 5234 1888 5304 ὅλην

232 5350 243 5359 ~
325 5326 540 5396 ἐκείνην
567 5326 952 5397 ἀναμοχλεύων
979 5328 1071 5381 καὶ
1096 5326 1418 5394 ἀνατρέπων
1447 5326 1545 5397 τὴν
1578 5326 1756 5397 χάριν.
1790 5325 1890 5379 Ἦ-

323 5418 458 5480 δέως
479 5418 611 5487 γοῦν
644 5417 811 5487 ἔγωγ’
864 5417 1159 5486 ἀκούσαιμ’
1191 5418 1277 5481 ἂν,
1331 5417 1427 5471 νῦν
1477 5416 1702 5488 μᾶλλον,
1730 5419 1889 5490 είπερ

324 5512 479 5575 ποτὲ,
514 5509 711 5583 σχολὴν
760 5511 911 5578 ἀγων
945 5512 1276 5582 ἀπράγμονα
1310 5511 1509 5582 κομιδῆ
1555 5514 1651 5566 καλ⁵
1697 5514 1893 5583 ἀθόρυ-

324 5598 441 5666 ϐον,
479 5599 617 5654 ἄττα
648 5597 763 5652 ποτ’
792 5601 858 5652 ἂν
889 5600 1050 5663 αὐτὸς
1081 5600 1207 5668 ἐμοὶ
1236 5598 1557 5669 προτιθέναι
1583 5598 1792 5666 βούλοιο
1815 5595 1892 5655 ὧν

326 5695 357 5759 ἡ
394 5693 584 5762 μακρά
634 5710 716 5746 σοι
750 5693 996 5762 περίοδος
1043 5693 1336 5763 ἐχαρίσατο
1368 5692 1473 5760 γῆς
1509 5694 1643 5759 ὁμοῦ
1677 5694 1769 5747 καὶ
1798 5693 1893 5746 θα-

328 5787 534 5860 λάσσης
556 5803 569 5817 ’
597 5786 765 5851 οὐδὲν
801 5787 908 5857 γὰρ
955 5786 1128 5849 οὔτως
1185 5785 1492 5854 εὐφραίνειν
1520 5783 1658 5839 οίδ;ν
1702 5785 1895 5839 οὐδένα

1988 4594 2146 4663 utita
2164 4593 2367 4659 dicam,
2392 4593 2808 4649 incitamentum
2832 4600 3012 4663 aptam
3037 4599 3275 4665 partium
3308 4596 3556 4650 omnium

1986 4686 2402 4758 congruentiam
2452 4684 2656 4740 habeat
2706 4685 3081 4754 brevibusque
3132 4684 3334 4739 ﬁnibus
3393 4702 3556 4741 suum

1989 4792 2210 4833 cursum
2257 4774 2698 4830 circumscribat.
2759 4771 2853 4827 Sin
2896 4778 3093 4824 ‘autem
3150 4772 3331 4825 nimia:
3379 4772 3561 4827 abun-

1988 4869 2188 4926 dantia:
2236 4878 2398 4937 atque
2449 4865 2685 4921 satietati
2740 4875 2926 4935 portas
2975 4863 3309 4933 patefaciat,
3363 4869 3555 4920 statim

1988 4964 2106 5033 ipsa
2136 4961 2238 5015 sibi
2287 4959 2510 5014 inimica
2560 4957 2743 5013 evadit
2783 4958 3063 5026 animique
3112 4957 3358 5012 laetitiam
3393 4959 3561 5013 taedio

1988 5068 2185 5124 magno
2244 5051 2468 5120 implet,
2522 5058 2954 5119 atque-omnem
3013 5048 3161 5104 illam
3217 5048 3555 5117 voluptatem

1988 5151 2181 5216 sponte
2202 5141 2445 5214 114642
2468 5141 2687 5196 evertit.
2706 5138 2969 5194 Libenter
2984 5155 3114 5196 vero
3130 5140 3383 5209 equidem
3406 5153 3561 5193 nunc

1988 5251 2151 5307 quam
2175 5235 2409 5289 maxime
2438 5234 2610 5288 otium
2642 5232 2899 5286 omnibus
2925 5232 3157 5302 negetiis
3184 5241 3346 5301 atque
3378 5230 3562 5284 turbis

1990 5340 2224 5382 vacuum
2253 5340 2421 5396 agens
2457 5340 2525 5379 ex
2548 5334 2616 5380 Ae
2656 5324 2961 5378 audiverim
2983 5364 2996 5383 ,
3029 5336 3370 5391 qttteeunquc
3419 5321 3554 5384 mihi

1990 5418 2197 5474 referre
2243 5416 2379 5471 velis
2428 5415 2499 5470 de
2543 5416 2707 5469 rebus
2756 5429 2987 5483 quarum
3032 5411 3402 5483 cognitionem
3454 5412 3558 5466 tibi

1990 5510 2152 5579 longa
2187 5508 2277 5563 illa
2314 5517 2457 5561 terra
2484 5504 2729 5575 marique
2760 5474 3121 5574 peregrinatio
3162 5501 3559 5571 suppeditavit.

1990 5602 2141 5658 Nibil
2186 5600 2333 5656 enim
2389 5599 2634 5653 animum
2696 5604 2844 5654 tanta
2911 5595 3279 5649 oblectatione
3338 5594 3560 5649 allicere
3647 5594 3653 5599 ’

1994 5704 2176 5767 potest
2225 5707 2387 5764 quam
2435 5691 2550 5745 ista:
2602 5706 2711 5752 res,
2753 5705 2874 5758 quae
2909 5704 3006 5743 sua
3050 5701 3247 5757 sponte
3279 5700 3331 5741 et
3364 5698 3559 5755 suapte

1994 5795 2192 5841 natura
2219 5785 2284 5840 ad
2323 5784 2490 5839 animi
2516 5782 2686 5839 nostri
2729 5780 3060 5836 desiderium
3094 5780 3375 5834 inclinant.
3437 5777 3562 5833 αη-
