4016 6490
296 364 431 460 ms,

1239 367 1679 425 BYLAN'PIN/E
1736 366 2123 423 HISTORIA?
2164 365 2306 458 LIB.
2352 365 2557 425 XXIV.

3402 363 3538 423 1446

284 464 494 535 ηςέπ¹
523 468 824 537 Αἴγυπτον,
849 470 1085 545 ἄσμενος
1116 476 1279 541 εὐθὺς
1309 480 1449 551 αὐτῇ
1486 478 1667 549 φέρων
1691 479 1861 546 ἒμαυ-
1892 526 1896 535 .

2000 479 2150 532 nimo
2178 479 2362 533 statim
2398 478 2718 542 conscendi,
2760 486 2925 546 atque
2965 470 3183 528 ancoris
3224 470 3534 543 insequenti

282 559 375 611 τὸν
419 560 729 618 ὲνεϐίϐασα.
767 564 876 618 Καὶ
913 565 1016 635 μὲν
1048 566 1112 637 δὴ
1170 570 1403 639 ἄραντος
1457 570 1514 633 ἐς
1548 568 1647 640 τὴν
1702 569 1861 622 ὑστε-

286 649 444 720 ραίαν
469 654 532 705 ὲκ
563 654 875 718 Βυζαντίων
906 657 1144 729 λιμένων
1181 661 1454 729 ἑϐδομαῖοι
1486 665 1601 725 τοῖς
1634 662 1863 716 Ῥοδίων

286 743 667 814 προσέσχομεν
716 746 963 820 λιμέσιν,
1020 748 1150 805 ἔνθα
1209 753 1411 823 συχνὰς
1455 748 1864 824 διατετριφότες

287 834 507 905 ἡμέρας
547 837 747 906 οὑρίων
809 839 993 894 πνοῶν
1034 841 1241 913 ἀπορίᾳ
1282 842 1608 914 περιῄειμέν
1657 861 1715 895 τε
1763 832 1866 913 τὴν

289 927 478 995 νῆσον,
505 928 601 981 καὶ
641 931 1070 1007 περιεργότερον
1105 932 1243 987 ἄττα
1288 930 1357 1005 ἦν
1388 934 1518 997 θέας
1543 933 1670 1001 ἄξια
1696 932 1867 988 ἐθεώ-

294 1021 453 1088 μεθα.
490 1022 767 1076 Κολοσσοῦ
802 1024 905 1094 μὲν
943 1024 1039 1078 οὖν
1086 1026 1301 1080 ἐκείνου
1337 1028 1602 1095 μνημεῖον
1627 1026 1779 1080 οὐδέν
1813 1042 1867 1079 τι

291 1113 595 1180 ἐλέλειπτο,
641 1117 703 1169 ού
732 1116 888 1185 μέντ’
930 1116 996 1172 ἃν
1041 1118 1154 1172 οὐδ’
1188 1121 1398 1172 εἴποτε
1446 1118 1673 1188 γέγονεν
1723 1118 1871 1184 ὅστις

295 1207 414 1259 ποτ’
441 1206 550 1275 ἄρα
575 1204 646 1275 ἦν
673 1209 1164 1275 ὲκείνος,είκασίαν
1210 1210 1383 1265 ἐδίδου
1411 1210 1568 1264 τινοὶ⁹
1597 1208 1723 1265 οὔτε
1761 1210 1871 1280 γὰρ

294 1297 496 1366 χαλκοῦ
535 1300 726 1370 μόριον
755 1299 933 1363 οὐδὲν,
989 1302 1049 1355 ού
1091 1293 1198 1371 μὴν
1224 1301 1334 1357 οὐδ’
1389 1303 1447 1356 ετ
1495 1320 1638 1366 τινες
1669 1296 1781 1355 εἷεν
1809 1303 1875 1354 ἐκ

297 1389 464 1444 λίθων
495 1391 690 1462 ἐκείνῳ
730 1394 1018 1463 κρηπῖδες,
1055 1394 1336 1448 ἐλέλειπτο
1368 1395 1632 1463 λείψανον⁴
1655 1394 1874 1449 πάντων

298 1481 475 1535 οὐδέν.
508 1483 726 1537 Πόλεων
758 1484 816 1538 δὲ
847 1485 958 1538 τῶν
993 1485 1160 1539 πάλαι
1194 1486 1252 1539 αί
1284 1487 1386 1557 μὲν
1427 1487 1671 1556 σεισμοῖς
1694 1487 1879 1556 ἐκτρι-

303 1575 480 1630 ϐεῖσαι
532 1575 858 1643 κατέδυσαν,
891 1572 967 1631 ὧν
1014 1579 1048 1647 ἠ
1082 1577 1350 1648 καλλίστη
1386 1577 1567 1639 Ῥόδος
1617 1573 1687 1647 ἦν
1733 1579 1766 1646 ὴ
1808 1576 1875 1644 τῇ

304 1668 456 1740 νήσῳ
482 1667 799 1740 ὁμώνυμος,
847 1668 946 1721 καὶ
978 1670 1182 1739 σημεῖα
1216 1669 1423 1723 τούτων
1471 1668 1787 1721 ἐδείκνυσαν
1817 1668 1881 1737 ἠ-

298 1756 401 1830 ’μῖν
438 1762 487 1813 οί
523 1759 819 1832 ἐγχώριον
857 1761 915 1814 al
948 1759 995 1814 δ’
1026 1761 1108 1814 ἔτι
1139 1760 1447 1830 σωζόμεναί
1486 1777 1543 1813 τε
1568 1759 1879 1830 διαμένουσι

306 1854 401 1905 καλ⁸
444 1851 696 1921 λαμπραὶ
731 1850 1000 1922 λαμπρῶς
1035 1850 1327 1923 ἑττηκυῖαί
1382 1851 1512 1905 είσι.
1562 1848 1782 1904 Τούτων
1834 1848 1881 1902 δ’

306 1937 447 1995 εἶναι
482 1938 604 1995 κατ’
628 1941 866 2011 ἐμαυτὴν
899 1942 1146 1994 ἐνενόουν
1177 1943 1242 1994 ὲκ
1274 1941 1519 2010 σημείων
1558 1938 1723 1992 τινῶν
1760 1937 1883 1990 Λίν-

305 2036 395 2088 δον
429 2033 706 2105 Ἰηλυσσόν
758 2050 820 2087 τε
854 2033 946 2086 καὶ
984 2031 1311 2102 ἀργινόεντα
1362 2031 1643 2105 Κάμειρον
1665 2071 1680 2096 ,
1715 2023 1794 2083 ὧν

306 2127 402 2180 τοῦ
458 2104 868 2198 Μελησιγενοῦς
923 2124 1171 2195 Ὀμήρου
1236 2125 1520 2195 μέμνηται
1572 2104 1881 2191 Καλλιόπη.

311 2220 602 2291 Ιιρόσοικοι
642 2219 686 2273 δ’
719 2215 863 2291 ἦσαν
899 2220 969 2289 τῇ
999 2217 1174 2289 νήσῳ,
1214 2216 1277 2270 τὸ
1314 2212 1575 2271 πλεῖστον
1605 2216 1806 2274 είπείν.
1832 2214 1888 2267 ό-

313 2311 546 2382 μόφυλοί
570 2328 630 2364 τε
655 2312 787 2380 ἡμῖν
810 2309 906 2365 καὶ
925 2310 1026 2381 τὴν
1052 2309 1238 2362 πίστιν
1264 2306 1560 2379 όρθόδοξοι,
1587 2305 1686 2359 καὶ
1712 2304 1886 2377 ταύτῃ

311 2405 376 2474 δὴ
401 2406 468 2475 τῇ
523 2403 644 2457 καθ’
692 2403 840 2474 ἡμᾶς
882 2401 1096 2456 Ἐλλάδι
1122 2400 1428 2471 ,χρώμενοι
1461 2401 1646 2471 φωνῇ’
1699 2386 1887 2460 παῖδες

311 2496 559 2568 γάρέίσι
581 2494 692 2549 τῶν
721 2495 783 2548 οὐ
811 2493 956 2548 πάνυ
990 2492 1098 2564 πρὸ
1132 2491 1345 2563 μακροῦ
1376 2490 1717 2559 τεθνηκότων
1744 2488 1891 2543 ἑκεί-

313 2606 423 2643 νων
465 2587 698 2659 ἀνδρῶν,
729 2586 780 2640 οἳ
825 2585 1056 2639 πλεῖστα
1088 2583 1188 2655 μὲν
1238 2582 1604 2654 ⁴ίιγωνίσαντο,
1641 2581 1902 2643 Λατίνοις

318 2680 619 2749 μαχόμενοι
650 2678 906 2748 τριήρεσι
958 2693 1018 2730 τε
1060 2676 1158 2729 καὶ
1187 2675 1376 2738 ὅπλοις
1412 2674 1753 2743 παμπόλλοις
1792 2670 1892 2743 τὴν

317 2772 509 2841 ἔφοδον
542 2770 631 2823 ἐπ’
668 2770 869 2833 αὐτοὺς
900 2767 1271 2840 ποιουμένοις,
1306 2765 1369 2839 [ί.
1398 2767 1467 2822 97
1490 2764 1543 2837 b]
1576 2763 1892 2836 ἡττήθησαν

317 2870 375 2922 δὲ
402 2868 470 2922 δι’
494 2868 785 2937 ὀλιγότητα
823 2866 918 2920 καὶ
944 2865 1303 2934 ὑπετάγησαν
1334 2863 1582 2924 ἄκοντες.
1614 2855 1718 2913 Ὧν
1761 2861 1892 2913 ἔνιοι

317 2961 424 3014 κάν
456 2960 604 3031 γήρᾳ
624 2957 792 3023 ζῶσιν
821 2958 903 3011 ἔτι
932 2957 1109 3028 βαθεῖ,
1139 2958 1238 3026 τῆς
1269 2957 1397 3027 πρίν
1429 2971 1487 3009 τε
1537 2951 1892 3022 εὐδαιμονίας

319 3054 411 3108 ἀεὶ
459 3052 820 3124 μεμνημένοι,
875 3051 973 3105 καὶ
1001 3049 1247 3120 διήγημα
1287 3036 1456 3101 ταῦτα
1494 3048 1605 3108 τοῖς
1636 3042 1896 3113 παριοῦσι

1963 570 2053 623 die
2084 568 2318 624 sublatis
2343 584 2410 623 ex
2438 568 2709 638 portubus
2734 564 3056 638 Byzantinis
3089 562 3178 618 die
3205 565 3442 632 septimo
3469 562 3539 616 ad

1966 659 2311 716 Rhodiorum
2345 669 2538 730 portus
2574 659 2950 730 pervenimus,
2983 657 3074 711 ubi
3124 664 3418 710 ventorum
3451 670 3539 708 se—

1965 753 2275 809 cundorum
2301 753 2487 824 inopia
2516 754 2721 808 multos
2747 752 2865 807 dies
2885 749 3211 807 commorati
3243 746 3544 818 perlustra¢

1965 846 2150 900 vimus
2205 845 2443 901 insulam
2529 859 2728 915 resque
2779 842 2900 897 visu
2963 841 3158 912 dignas
3205 844 3542 909 aspeximus.

1967 939 2182 995 Colossi
2213 955 2346 994 vero
2379 939 2527 993 illius
2557 937 2847 1007 vestigium
2879 935 3135 990 exstabat
3163 933 3399 994 nullum,
3432 931 3543 984 imo

1968 1045 2041 1086 ne
2066 1030 2397 1101 coniecturae
2428 1030 2650 1100 quidem
2681 1029 2845 1083 dabat
2879 1029 3083 1085 locant,
3126 1040 3255 1078 nam
3300 1037 3541 1092 unquam

1970 1115 2295 1188 exstitisset,
2326 1121 2579 1191 quisquis
2607 1121 2698 1175 ille
2727 1120 2869 1185 fuit;
2903 1118 3058 1172 nulla
3086 1117 3232 1170 enim
3263 1115 3393 1169 teris
3422 1116 3547 1184 par—

1972 1214 2164 1280 ticula,
2214 1214 2381 1269 nullae
2426 1228 2657 1283 prorsus
2690 1219 2852 1266 erant
2904 1210 3149 1279 lapidum
3198 1207 3468 1275 reliquiae,
3502 1207 3548 1260 si

1973 1288 2117 1361 ΐοτῶ
2141 1322 2207 1360 ex
2243 1306 2309 1359 iis
2338 1305 2700 1359 fundamenta
2730 1286 3011 1356 exstructa
3043 1301 3280 1355 fuerant.
3317 1296 3549 1353 Urbium

1976 1398 2330 1466 antiquarum
2376 1397 2496 1449 alia:
2550 1402 2710 1449 terra}
2761 1394 3002 1447 motibus
3036 1392 3344 1458 absumptae
3391 1395 3553 1443 erant

1977 1496 2141 1558 atque
2164 1487 2486 1545 s'ttbmersaa.
2511 1502 2743 1555 quarum
2781 1484 3157 1555 pulcherrima
3179 1490 3298 1535 erat
3324 1478 3556 1533 Rhodus

1980 1581 2176 1637 insulae
2215 1579 2579 1649 cognominis,
2625 1592 2935 1647 earumque
2985 1575 3215 1644 vestigia
3269 1571 3434 1626 nobis
3487 1569 3556 1624 ab

1981 1675 2256 1745 indigenis
2285 1673 2733 1728 monstrabantur
2761 1688 2774 1726 :
2805 1671 2924 1724 aliae
2952 1669 3135 1723 adhuc
3165 1674 3397 1721 servatae
3429 1671 3559 1719 sunt

1983 1771 2147 1832 atque
2207 1762 2506 1831 splendidae
2579 1770 2835 1826 exstant,
2900 1762 2956 1814 in
3044 1772 3278 1828 quorum
3331 1769 3562 1811 numero

1984 1870 2181 1910 esseex
2207 1854 2429 1924 indiciis
2452 1853 2781 1920 quibusdam
2801 1849 3011 1905 credidi
3038 1848 3298 1913 Lindum,
3323 1846 3562 1917 Ialysum

1985 1955 2042 1999 et
2075 1943 2417 2014 splendidam
2456 1941 2760 2004 Camirum,
2797 1956 3033 2010 quarum
3072 1939 3299 1992 urbium
3340 1936 3565 1991 Homeri

1988 2039 2334 2109 Melesigenis
2366 2037 2618 2091 meminit
2646 2036 2914 2106 Calliope.
2953 2033 3151 2087 lui-olm
3187 2031 3379 2086 insulae
3406 2038 3569 2084 erant

1988 2135 2224 2190 ruaxima
2250 2148 2318 2188 ex
2344 2140 2498 2201 parte
2523 2130 2699 2184 nostri
2732 2128 3028 2199 pepularcs
3050 2135 3217 2196 atque
3246 2123 3569 2179 orthodoxae

1991 2228 2141 2293 ﬁdei,
2174 2235 2477 2297 nostraque
2514 2230 2748 2279 utuntur
2793 2223 2983 2279 Graeca
3019 2221 3228 2292 lingua.
3260 2217 3384 2273 Filii
3415 2216 3565 2271 enim

1990 2330 2122 2375 sunt
2164 2319 2412 2374 virorum
2461 2317 2706 2382 illorum,
2751 2315 2846 2386 qui
2892 2313 3096 2368 abhinc
3146 2327 3258 2367 non
3297 2311 3371 2365 ita
3403 2309 3569 2378 longo

1993 2422 2239 2483 tempore
2263 2409 2527 2467 interiere
2548 2450 2563 2474 ,
2584 2417 2640 2463 et
2663 2420 2981 2478 quanquam
3006 2404 3244 2473 plurima
3267 2400 3570 2458 certamina

1993 2502 2251 2560 Serebant
2301 2516 2428 2556 cum
2478 2499 2726 2564 Latinis,
2773 2500 2867 2569 qui
2924 2493 3245 2550 triremibus
3293 2491 3573 2559 armisque

1993 2596 2181 2651 multis
2214 2609 2310 2649 eos
2345 2591 2768 2655 adoriebantur,
2798 2588 2869 2643 ob
2902 2586 3238 2657 paucitatem
3276 2591 3456 2637 tamen
3490 2579 3575 2632 in-

1994 2687 2227 2744 feriores
2256 2686 2558 2743 discessere
2589 2692 2646 2738 et
2675 2697 2801 2738 sese
2832 2678 2990 2735 inviti
3020 2677 3330 2748 subiecere.
3365 2673 3571 2729 Eorum

1996 2779 2244 2835 nonnulli
2305 2775 2656 2847 prmgrandes
2710 2782 2841 2828 natu
2893 2771 3074 2827 adhuc
3125 2769 3180 2823 in
3228 2766 3371 2821 vivis
3420 2774 3574 2829 sunt,

1998 2873 2242 2944 pristina:
2263 2870 2545 2926 felicitatis
2568 2882 2850 2936 nunquam
2875 2880 2985 2919 non
3012 2875 3307 2922 memores.
3331 2867 3389 2915 et
3417 2871 3577 2929 pere-

1999 2954 2324 3036 grinis,'qui
2362 2965 2493 3018 illuc
2530 2967 2820 3015 transeunt
2850 2957 3100 3035 suaviter
3129 2955 3248 3009 haec
3279 2959 3573 3015 enarraut;

2001 3058 2056 3112 bi
2093 3056 2350 3111 dicebant
2400 3069 2522 3110 sese
2555 3052 2779 3123 quidem
2819 3048 3071 3105 infelices
3113 3060 3258 3108 esse,
3305 3042 3451 3113 quod
3483 3042 3578 3112 ju-

318 3146 431 3198 τῶν
460 3144 626 3209 ξένων
675 3144 777 3213 ἡδὺ
834 3141 1205 3212 προτιθέντες,
1242 3139 1293 3193 οἳ
1350 3143 1443 3192 γαί
1482 3140 1766 3206 δυστυχεῖν
1798 3137 1896 3204 μέν

2002 3164 2128 3221 gum
2160 3137 2444 3203 ser‘vitutis
2468 3160 2600 3200 cum
2650 3142 2907 3197 libertate
2939 3143 3396 3197 commutassent,
3428 3143 3577 3186 atta-

322 3256 441 3302 πως
472 3237 659 3305 ἔλεγον
679 3237 761 3291 ὅτι
779 3235 946 3305 ζυγὸν
969 3233 1286 3306 ἐλευθερίας
1316 3231 1616 3303 ἠλλάξαντο
1638 3228 1896 3292 δούλειον,

318 3320 575 3402 ⁴εὐτυχεῖν
607 3331 653 3384 δ’
703 3331 905 3401 ᾶλλγως,
932 3327 1210 3397 πολεμίων
1242 3327 1340 3397 μὲν
1386 3326 1589 3396 ἥκιστα
1624 3321 1822 3387 ἔξωθεν
1846 3323 1903 3374 ὲ-

323 3411 534 3497 νοχλεῖν
568 3424 644 3497 μὴ
674 3414 991 3492 δυναμένων
1038 3421 1140 3491 τὴν
1192 3410 1357 3489 νῆσον
1386 3419 1489 3480 ἑτι,
1530 3415 1628 3470 ἆτε
1658 3414 1767 3468 τῶν
1803 3412 1901 3481 τῆς

324 3524 491 3591 νήσου
523 3515 868 3588 κρατούντων
895 3515 953 3568 ὲν
982 3511 1167 3576 ὅπλοις
1200 3511 1301 3581 ζῇν
1331 3509 1624 3574 εἰωθότων,
1675 3509 1770 3561 καὶ
1797 3505 1900 3559 ὅσα

327 3610 409 3672 είς
433 3607 671 3684 πόλεμον
703 3601 969 3672 ἐπεφύκει
1004 3600 1442 3669 ἐπιτηδεύματα,
1474 3601 1569 3652 καὶ
1599 3597 1719 3668 ἅμα
1744 3597 1901 3649 εύνο-

330 3699 465 3769 μίας
504 3699 564 3750 ὲν
587 3696 816 3765 ἀγοραῖς
840 3694 933 3747 καὶ
961 3693 1140 3760 δίκαις
1166 3690 1608 3757 ἐπιπολαζούσης
1640 3693 1707 3760 τῇ
1731 3690 1904 3758 νήσῳ,

330 3789 645 3856 πλεονεξίας
676 3787 925 3859 ἀπούσης
962 3785 1039 3851 ὡς
1066 3786 1137 3839 τὰ
1175 3784 1369 3849 πολλὰ,
1410 3789 1501 3838 καὶ
1534 3781 1669 3851 πρὸς
1696 3780 1907 3843 τούτοις

329 3881 392 3938 εὖ
417 3883 654 3953 ἐχόντων
687 3880 936 3952 κράσεως
962 3877 1142 3950 ἀέρων
1170 3876 1447 3946 λαχόντων
1485 3875 1582 3946 τήν
1616 3872 1799 3940 νῆσον,
1825 3870 1906 3923 ἔτι

330 3993 395 4030 τε
426 3975 664 4045 λιμένων
686 3973 791 4049 καὶ
822 3970 1064 4041 νεωρίων
1113 3967 1405 4037 παγκάλην
1434 3964 1665 4037 ἑχόντων
1691 3963 1790 4034 τὴν
1820 3960 1908 4014 θέ-

341 4085 449 4136 σιν,
478 4069 572 4121 καὶ
601 4066 813 4129 πάντας
846 4063 987 4134 μετὰ
1020 4058 1307 4133 ῥᾳστώνης
1340 4054 1755 4128 ὑποδεχομένων
1781 4055 1908 4118 τοὺς

331 4159 663 4230 δθενδήποτε
707 4154 899 4227 χρείας
952 4151 1281 4223 ὲμπορικῆς-
1309 4150 1672 4219 καταίροντας
1720 4145 1906 4210 ἕνεκα,

336 4255 416 4319 ὡς
443 4251 694 4322 γίνεσθαι
719 4247 812 4302 διὰ
847 4246 1021 4301 ταῦτα
1053 4244 1152 4315 τὴν
1183 4244 1295 4296 τῶν
1323 4241 1499 4294 ὠνίων
1520 4240 1709 4310 χρείαν
1732 4236 1912 4307 ,ἀφθοο

340 4346 585 4414 νωτέραν
618 4341 897 4402 πλουσίοις
933 4340 1030 4391 καὶ
1069 4337 1289 4406 πένησι,
1320 4333 1414 4386 καὶ
1443 4332 1557 4400 βίον
1597 4329 1911 4384 ἀταλαίπω-

342 4454 437 4510 ρον
468 4438 622 4504 ἇγειν
650 4432 778 4495 τοὺς
825 4425 1256 4510 προσοικοῦντας
1303 4421 1576 4477 ἐντεῦθεν.
1617 4421 1680 4474 Εί
1714 4421 1772 4474 δὲ
1822 4419 1912 4475 διὰ

2002 3252 2126 3294 men
2153 3238 2396 3307 alioquin
2416 3237 2560 3305 bona
2585 3233 2806 3288 fortuna
2830 3229 2935 3296 uti,
2956 3226 3104 3299 quod
3129 3224 3342 3280 externi
3365 3224 3577 3288 hostes,

2001 3346 2125 3385 cum
2177 3329 2371 3385 insula:
2404 3325 2611 3382 domini
2646 3324 2700 3377 in
2753 3321 2927 3376 armis
2972 3317 3306 3386 studiisque,
3351 3329 3475 3384 quae
3512 3313 3580 3367 ad

2002 3426 2209 3481 bellum
2259 3422 2559 3492 pertinent,
2592 3417 2782 3472 vivere
2815 3412 3022 3470 assueti
3069 3418 3277 3475 essent,
3310 3422 3421 3462 non
3457 3419 3579 3459 am-

2004 3518 2153 3590 plius
2184 3516 2445 3570 infestare
2475 3511 2712 3567 insulam
2748 3512 2994 3578 possent,
3025 3511 3077 3559 et
3115 3499 3264 3573 quod
3299 3499 3460 3555 bonae
3499 3496 3584 3552 le-

2004 3588 2100 3679 lges
2126 3609 2180 3662 in
2209 3605 2344 3661 foris
2363 3603 2701 3676 judiciisque
2728 3597 2926 3655 insulae
2954 3604 3330 3657 versarentur,
3352 3588 3581 3645 avaritia

2005 3709 2188 3756 autem
2244 3696 2361 3751 fere
2417 3694 2658 3750 abesset.
2716 3690 2835 3745 Huc
2890 3687 3154 3745 accedere
3200 3684 3347 3757 quod
3400 3680 3583 3737 sortiti

2006 3798 2191 3846 essent
2224 3787 2488 3846 insulam,
2519 3800 2640 3855 quae
2667 3782 2935 3854 gauderet
2959 3781 3103 3835 bona
3145 3776 3271 3834 coeli
3321 3770 3588 3844 temperie

2006 3893 2064 3940 et
2088 3892 2349 3954 portuum
2375 3894 2441 3933 ac
2471 3876 2748 3931 navalium
2776 3872 3100 3944 praeclarum
3131 3869 3365 3923 haberet
3390 3866 3587 3925 situm,

2009 3984 2072 4030 ut
2103 3987 2295 4029 omnes
2311 3969 2472 4025 facile
2489 3968 2743 4038 accipere
2768 3972 2998 4035 possent
3021 3961 3117 4033 qni
3150 3969 3475 4029 mercatura:
3505 3954 3589 4007 fa-

2009 4064 2218 4122 ciendae
2241 4080 2408 4120 causa
2435 4062 2803 4130 undecunque
2834 4056 3184 4112 adveniren‘t.
3221 4048 3587 4108 lnd'e’facter—i

2010 4168 2072 4215 ut
2102 4173 2286 4214 rerum
2350 4155 2627 4211 venalium
2683 4151 2915 4206 facultas
2972 4148 3176 4219 largior
3220 4154 3277 4201 et
3322 4141 3589 4198 divitibus

2010 4263 2067 4308 et
2101 4249 2438 4322 pauperibus
2474 4246 2837 4315 contingeret,
2880 4252 3048 4309 atque
3097 4238 3265 4293 vitam
3318 4236 3435 4290 sine
3470 4250 3590 4287 mo-

2011 4345 2171 4402 lestia
2204 4343 2396 4399 incola:
2425 4347 2670 4411 agerent.
2690 4336 2833 4390 Num
2865 4335 2990 4388 ideo
3022 4332 3161 4385 fama
3194 4338 3315 4385 orta
3344 4328 3439 4393 sit,
3469 4342 3590 4395 qua:

2014 4439 2157 4494 inest
2192 4435 2246 4491 in
2285 4433 2602 4490 Grmcarum
2644 4428 2953 4483 fabularum
2982 4424 3217 4486 arcanis,
3249 4436 3383 4473 auro
3412 4432 3591 4485 quon-

340 4505 515 4586 ταῦτα
544 4531 640 4583 καὶ
678 4523 882 4597 χρυσόν
909 4505 1057 4576 ποτε.
1084 4518 1306 4580 Ῥοδίοις
1330 4515 1456 4570 ῦσαι
1486 4513 1717 4583 νεφέλας
1751 4511 1896 4566 κατέ·

2017 4531 2140 4587 dam
2189 4526 2421 4583 Rhodiis
2452 4524 2659 4595 pluisse
2694 4520 2890 4584 nubes,
2956 4517 3011 4573 id
3054 4516 3310 4586 equidem
3375 4513 3588 4575 nescio,

342 4645 427 4698 χει.
467 4626 623 4693 λόγος
661 4624 774 4685 τοῖς
817 4617 928 4670 τῶν
976 4612 1311 4685 Ἑλληνικῶν
1358 4610 1546 4681 μύθων
1581 4607 1914 4679 ἀπορρήτοις

344 4718 782 4787 ἐνδιαιτώμενος,
805 4710 918 4780 ἐγὼ
957 4709 1056 4779 μὲν
1088 4708 1190 4760 οὐκ
1235 4707 1301 4760 ἄν
1332 4704 1451 4757 ποτ’
1485 4701 1707 4769 εἰδείην,
1743 4698 1919 4752 τοιού.

342 4826 451 4872 των
477 4809 799 4881 ὑπολήψεων
822 4806 1031 4875 ἀμείνω
1056 4799 1399 4870 κτησάμενος
1431 4795 1642 4850 ἄνωθεν
1664 4791 1915 4863 γνώμην,

344 4890 552 4977 λεγέτω
580 4904 624 4959 δ’
655 4902 802 4963 ὅστις
830 4900 1054 4969 ἄμεινον
1086 4892 1252 4977 είδείη
1280 4892 1346 4946 ἂν
1379 4889 1538 4960 ἐμοῦ.

418 4973 497 5056 δ’.
531 4993 680 5051 Εἶεν.
704 4987 880 5062 Ἦρος
908 4990 952 5042 δ’
976 4988 1079 5060 ήδη
1106 4973 1432 5058 χωροῦντος,
1460 4983 1518 5035 ὲν
1547 4974 1590 5041 ᾧ
1613 4978 1709 5033 καὶ
1737 4976 1923 5031 πλειά-

347 5097 435 5158 δες
494 5068 757 5161 ἄρχοναῖαι
785 5081 1026 5151 κήρυκές
1081 5095 1140 5131 τε
1198 5078 1295 5132 καὶ
1343 5075 1644 5148 πρόδρομοι
1674 5073 1921 5141 γίνεσθαι

349 5187 452 5253 τῆς
482 5186 719 5255 ἡμέρας,
753 5176 959 5247 οὐρίοις
1001 5173 1257 5227 κάκεῖθεν
1296 5169 1638 5242 χρησάμενοι
1679 5165 1925 5235 πνεύμα-

353 5298 438 5334 σιν
468 5275 814 5345 ὰνήχθημεν,
836 5268 911 5331 ὡς
935 5264 1281 5336 πεμπταίους
1326 5263 1476 5334 ἡμᾶς
1508 5262 1565 5325 ἐς
1590 5260 1831 5330 μεγάλην
1862 5275 1922 5309 τε

356 5371 453 5426 καί¹
505 5369 624 5420 λίαν
650 5362 946 5432 εὐδαίμονα
968 5357 1266 5427 ἀφικέσθαι
1315 5355 1494 5417 πόλιν,
1530 5354 1630 5423 τὴν
1670 5350 1924 5414 Ἀλεξάν-

352 5462 536 5536 δρειάν
551 5475 714 5529 φημι,
737 5449 1210 5525 πεντακισχιλίους
1224 5445 1471 5506 σταδίους
1492 5439 1926 5512 ἀπέχουσανῬό-

354 5532 470 5621 δου,
504 5553 765 5617 κειμένην
789 5546 835 5599 δ’
860 5548 917 5597 ὲν
946 5542 1118 5613 δεξιᾷ,
1147 5540 1200 5593 εί
1226 5532 1309 5600 τις
1337 5539 1393 5601 ἐς
1414 5537 1473 5588 τὸ
1491 5533 1927 5606 Ἡρακλεωτικὸν

356 5643 640 5714 καταίρειν
685 5638 858 5692 ἐθέλοι
907 5635 1081 5702 στόμα
1130 5629 1225 5684 τοῦ
1259 5627 1479 5681 Νείλου.
1509 5627 1783 5693 Μέγιστος
1820 5626 1927 5694 γὰρ

357 5741 436 5792 ὢν
459 5733 722 5804 ποταμῶν
745 5733 772 5785 ὁ
802 5729 1013 5790 Νεῖλος,
1048 5723 1143 5780 καὶ
1171 5722 1297 5793 ὅλην
1321 5718 1499 5790 ἄρδων
1529 5720 1591 5771 ὲκ
1625 5719 1790 5788 μέσου
1833 5715 1932 5784 τὴν

362 5834 649 5897 Αἴγυπτον
674 5824 834 5892 μόνος
865 5819 1052 5886 αὐτὸς,
1107 5813 1397 5886 ὁλόκληρος
1433 5811 1645 5867 κάτεισι
1675 5808 1931 5873 ζωννύων

2019 4623 2221 4679 talibus
2263 4616 2618 4690 opinionibus
2670 4613 2951 4668 meliorem
3003 4610 3330 4665 sententiam
3374 4604 3590 4659 cmlitus

2018 4714 2295 4785 adeptus:
2332 4709 2502 4775 dicat,
2536 4705 2792 4778 quisquis
2826 4720 2914 4758 me
2949 4703 3144 4757 ntelius
3179 4700 3306 4756 scit.

2093 4978 2185 5038 IX.
2217 4980 2473 5037 Ceterum
2503 4991 2631 5030 vere
2656 4973 2767 5044 jam
2808 4969 3167 5042 procedente.
3204 4982 3312 5038 quo
3353 4975 3597 5034 tempore

2023 5073 2191 5129 etiam
2222 5069 2473 5127 Pleiades
2503 5062 2776 5139 incipiunt
2804 5078 3088 5134 praecones
3118 5076 3240 5115 esse
3269 5069 3326 5114 ct
3356 5071 3596 5128 prsecur-

2024 5182 2181 5222 sores
2224 5163 2359 5229 diei,
2392 5161 2570 5216 ventis
2603 5150 2865 5213 secundis
2915 5157 2998 5208 nsi
3034 5155 3085 5207 in
3140 5154 3309 5229 altum
3354 5148 3597 5229 proveCIi

2025 5238 2238 5320 sumus,
2272 5266 2334 5311 ut
2382 5254 2578 5326 quinto
2626 5252 2716 5306 die
2763 5247 3168 5308 Alexandriam,
3211 5242 3503 5307 maximam
3545 5253 3600 5295 et

2027 5345 2501 5418 opulentissimam
2554 5340 2770 5405 urbem,
2797 5340 3133 5398 veniremus,
3184 5350 3303 5404 quae
3352 5333 3608 5403 quinque

2031 5440 2198 5493 millia
2214 5437 2518 5493 stadiorum
2545 5434 2713 5489 distat
2738 5449 2766 5487 a
2796 5430 3013 5493 Rhodo,
3039 5429 3225 5482 dextra
3255 5429 3383 5490 sita,
3408 5429 3449 5481 si
3477 5424 3603 5494 quis

2030 5532 2084 5586 in
2118 5528 2552 5586 lleracleoticum
2578 5525 2684 5580 Nili
2712 5525 2912 5579 oStium
2942 5523 3233 5577 decurrere
3266 5520 3414 5573 velit.
3444 5518 3603 5573 Nilus

2030 5624 2197 5685 enim,
2234 5622 2527 5676 ﬂuviorum
2562 5619 2852 5682 maximus,
2889 5615 2982 5685 qui
3013 5623 3178 5668 totam
3209 5612 3499 5683 [Emptum
3529 5594 3601 5665 ex

2033 5716 2214 5771 medio
2233 5716 2384 5769 solus
2412 5713 2622 5782 irrigat,
2652 5727 2717 5766 ex
2748 5708 3130 5780 superioribus
3155 5706 3471 5777 regionibus
3501 5703 3605 5757 ali-

2035 5808 2213 5865 cunde
2241 5817 2397 5863 ortus
2430 5805 2654 5875 cingens
2684 5817 2804 5860 eam
2838 5802 3127 5857 universus
3178 5811 3342 5868 atque
3392 5797 3606 5870 integer
