3992 6208
311 339 731 380 FW
748 334 2821 376 -ῄψἨ-Λψ-
2837 334 2941 340 ἕνα..
2966 332 3105 339 σ--νν-

310 384 349 393 δ’
422 386 431 392 -
465 387 481 390 κ
626 384 777 391 σ-η-ι--ν-
800 384 879 389 -—-—
957 384 1097 390 —-——~r
1124 384 1351 390 ————...—~
1384 384 1418 389 _
1494 377 1987 389 _—~..——_—.—...
2009 382 2054 385 .--
2078 381 2083 385 ρ
2102 378 2804 387 νγοοωῦμ-οοη-..,--...---.-
2828 380 2837 383 -
2882 377 2987 383 ..ι-.--
3016 376 3057 381 κθ
3098 375 3117 380 ο
3144 374 3228 380 -ια-
3270 374 3449 382 -ς--σ-δι

823 489 1450 658 ιοΑΝΝις
1514 540 2070 661 BOlVlNI
2156 539 2399 652 DEI

1404 489 1450 652 ι’
1514 540 2070 661 BOlVlNI
2156 470 2575 652 Dante
2601 537 2980 650 ATlO.

1876 799 1950 809 ...-

1522 953 1949 1017 ιυοογιεο
1995 953 2317 1018 MAGNO.

366 1172 484 1235 Res
514 1187 742 1250 gerere
768 1178 832 1233 et
872 1170 1042 1249 leges
1075 1168 1226 1229 dare
1270 1168 1527 1246 papulis
1579 1168 1827 1246 regium
1859 1172 1977 1227 est.
2018 1168 2091 1225 At
2125 1182 2249 1226 non
2296 1175 2515 1228 caetera
2562 1168 2797 1239 omnia,
2835 1168 3083 1229 tametsi
3121 1165 3337 1227 minus
3372 1165 3532 1229 illu-

287 1273 436 1333 stria
496 1281 674 1346 sunt,
738 1271 833 1333 sic
888 1269 1209 1349 principes
1270 1285 1536 1349 magnos
1599 1267 1930 1340 dedecent,
1978 1276 2046 1329 ut
2109 1264 2345 1330 artium
2409 1285 2671 1349 quoque
2729 1278 2789 1331 et
2840 1268 3252 1329 scientiarum
3315 1282 3533 1328 cu-ram

290 1376 634 1454 negligere,
675 1374 1046 1450 litterasque
1079 1380 1141 1433 et
1176 1370 1375 1432 libros
1406 1369 1735 1450 aspernari
1789 1369 2081 1432 debeant.
2134 1370 2269 1433 Hoc
2321 1381 2489 1434 certe
2525 1370 2692 1450 apud
2736 1373 3277 1442 omnesconstat,
3318 1369 3534 1431 Histo-

288 1478 524 1536 riarum
565 1472 906 1533 lectionem
937 1472 1158 1533 utilem
1189 1472 1537 1533 admodum
1572 1477 1634 1532 et
1656 1469 2033 1548 frugiferam
2069 1487 2210 1531 esse
2242 1470 2725 1549 imperantibus.
2747 1471 2998 1546 Itaque,
3036 1469 3167 1529 Rex
3196 1469 3543 1547 Augustis-

287 1578 469 1649 sime,
501 1576 615 1654 qui
651 1575 846 1653 hujus
884 1574 1139 1653 generis
1201 1574 1398 1633 libros
1455 1570 1741 1634 oblatum
1813 1568 1958 1633 Tibi
2024 1571 2315 1641 veniunt,
2378 1572 2460 1632 iis
2511 1570 2681 1650 justa
2742 1572 2901 1630 ratio
2961 1588 3085 1631 non
3151 1572 3352 1644 deest,
3414 1588 3589 1653 qua,

287 1677 614 1738 audaciam
648 1692 828 1736 suam
862 1680 1205 1742 excusent;
1242 1690 1456 1753 neque
1494 1673 1655 1735 adeo
1709 1671 1943 1734 mirum
1999 1672 2300 1753 cuiquam
2335 1690 2477 1735 esse
2508 1672 2721 1747 debet,
2762 1673 2931 1751 quod
2989 1689 3107 1749 ego
3156 1670 3272 1732 hos
3324 1688 3541 1732 rerum
3581 1659 3599 1669 ”

294 1777 785 1856 ltyzantinarum
820 1772 1327 1835 Commentarios
1358 1774 1673 1854 Majestati
1713 1776 1867 1836 Tua:
1911 1776 2116 1836 ausim
2159 1774 2414 1837 offerre.
2452 1774 2795 1855 Enimvero
2854 1792 2975 1846 me,
3021 1773 3083 1834 id
3133 1774 3199 1835 ut
3237 1772 3542 1835 facerem:

293 1880 541 1957 privatae
576 1877 769 1937 etiam
806 1875 1113 1946 rationes,
1146 1890 1215 1934 ac
1249 1891 1342 1936 em
1372 1874 1634 1952 quidem
1671 1892 1915 1952 graves,
1971 1876 2269 1938 timidum
2309 1876 2782 1954 ancipitemque
2842 1875 3288 1954 perpulerunt.
3352 1875 3544 1938 Eccui

292 1979 458 2040 enim
523 1977 762 2039 laboris
803 1973 1246 2038 mei'fructum
1306 1975 1475 2036 hunc
1532 1985 1594 2037 et
1654 1975 1768 2037 has
1807 1978 1979 2038 velut
2033 1978 2395 2039 studiorum
2434 1977 2749 2055 primitias
2817 1976 3030 2052 potius
3065 1992 3543 2039 consecrassem
3588 2024 3591 2027 .

298 2099 487 2158 quam
513 2082 678 2153 Tibi,
708 2097 741 2141 a
787 2096 919 2160 quo
952 2079 1016 2141 id
1051 2096 1240 2141 omne
1278 2079 1466 2141 habui
1501 2080 1672 2157 quod
1707 2080 1954 2143 all‘ero?
1985 2084 2079 2143 Tu
2112 2083 2345 2153 otium,
2381 2084 2475 2145 Tu
2510 2080 2732 2153 libros,
2767 2082 2858 2139 'l'u
2912 2080 3249 2141 facultates
3304 2095 3548 2158 suppe-

303 2187 539 2247 ditasti.
570 2185 781 2263 Regiis
816 2186 1013 2262 typis,
1050 2185 1264 2261 Regiis
1296 2184 1664 2263 sumptibus
1698 2187 1826 2248 tuis
1862 2185 2137 2263 perfecta
2193 2185 2325 2247 hch
2380 2184 2607 2248 editio.
2662 2186 2842 2266 Opus
2895 2184 3131 2263 ipsum'
3167 2202 3391 2266 magna
3443 2185 3549 2248 sui

297 2298 466 2367 parte
496 2308 572 2351 ex
606 2290 998 2352 Bibliotheca
1032 2290 1159 2350 Tua
1196 2291 1425 2368 prodit.
1459 2291 1644 2363 Quod
1678 2292 1751 2352 ad
1787 2291 2137 2353 Historiam
2198 2290 2298 2351 his
2348 2290 2530 2353 libris
2590 2288 3117 2377 comprehensam
3175 2293 3426 2360 attinet.
3477 2309 3551 2352 ea

293 2400 387 2454 est
414 2393 758 2470 ejusmodi,
797 2403 863 2455 ut
898 2391 1189 2455 Francici
1238 2393 1522 2456 nominis
1577 2412 1702 2456 non
1756 2395 2072 2469 haeredem
2132 2396 2325 2457 modo
2385 2412 2455 2458 ac
2518 2396 2855 2467 vindicem,
2916 2396 3024 2458 sed
3085 2413 3551 2476 quemcunque

293 2503 662 2565 amatorem,
711 2494 808 2555 vel
876 2496 1087 2573 primo
1144 2496 1529 2557 narrationis
1589 2498 1858 2558 exordio
1913 2498 2125 2558 statim
2183 2497 2458 2559 allectet.
2525 2498 2791 2559 Initium
2827 2499 3066 2578 quippe
3115 2507 3232 2572 est,
3281 2507 3459 2578 capta
3516 2517 3553 2561 a

294 2598 529 2657 nostris
558 2597 1197 2676 ConstantinOpolis:
1235 2598 1520 2659 divisum
1562 2599 1914 2677 gentilibus
1944 2600 2123 2667 Tuis.
2150 2599 2464 2660 Balduino
2489 2599 2766 2660 Flandro
2799 2609 2858 2659 et
2884 2602 3205 2662 Ludovico
3236 2600 3552 2676 Blesensi,

293 2702 774 2764 nobilissimum
819 2702 1168 2782 imperium
1210 2704 1740 2766 :Comnenornm
1789 2719 1945 2783 opes
1997 2705 2252 2777 arcisaa;
2311 2705 2478 2764 vires
2527 2704 2754 2766 attritaa
2812 2721 2883 2765 ac
2931 2705 3258 2782 dispersae.
3324 2707 3555 2783 Magna

295 2803 421 2865 Nec
449 2811 514 2865 et
550 2804 870 2882 prasclara.
903 2804 1026 2865 Sed
1059 2803 1338 2866 ulterius
1372 2804 1607 2865 deinde
1637 2806 1990 2885 progressis
2026 2821 2151 2866 non
2190 2805 2435 2894 minora
2467 2814 2814 2867 occurrunt
2841 2827 2860 2867 τ
2890 2807 3281 2866 Francorum
3317 2804 3551 2884 ingens

290 2911 641 2981 exercitus,
699 2911 822 2971 sub
870 2909 1102 2971 Christi
1153 2909 1360 2988 signis
1421 2908 1705 2970 militans
1739 2954 1755 2980 ,
1819 2911 1965 2971 Asia
2028 2910 2309 2983 subacta,
2354 2927 2453 2970 res
2502 2917 2661 2971 terra
2718 2917 2777 2971 et
2817 2910 2972 2972 mari
3033 2926 3065 2971 a
3125 2909 3372 2982 Carolo,
3421 2907 3556 2972 divi

292 3009 597 3073 Ludovici
668 3010 883 3086 fratre,
952 3020 1170 3074 contra
1224 3011 1607 3073 Michaelem
1671 3012 2098 3089 Palmologum
2158 3014 2410 3076 fortiter
2461 3021 2654 3091 gesta)
2699 3029 2713 3072 :
2765 3012 3210 3075 Catalanorum
3267 3011 3554 3092 denique

283 3123 457 3173 lnam
495 3121 555 3175 et
596 3114 825 3175 horum
861 3113 1059 3193 gloria
1095 3114 1168 3173 ad
1206 3130 1321 3174 nos
1356 3113 1657 3195 pertinet)
1713 3114 1996 3176 victoria:
2040 3115 2457 3177 incredibiles
2502 3115 2580 3176 de
2632 3114 2883 3185 Turcis,
2935 3115 3012 3175 de
3069 3112 3417 3193 Byzantiis,
3471 3113 3551 3175 dn

291 3209 554 3271 Acbmis.
592 3210 732 3283 His,
768 3213 903 3272 Rex
929 3213 1232 3284 Maxime,
1265 3214 1662 3274 ornamentis
1718 3214 2067 3294 insignem,
2129 3222 2190 3278 et
2236 3216 2490 3277 virtutis
2553 3215 2875 3277 Francieaa
2927 3196 3312 3295 quibusdam
3369 3204 3554 3294 quasi

297 3307 645 3371 luminibus
682 3310 1090 3382 iLustralam,
1131 3311 1473 3389 Nicephori
1506 3315 1804 3390 Cregorae
1854 3313 2202 3375 Historiam
2255 3314 2569 3393 benigne,
2620 3321 2689 3375 ut
2739 3331 2954 3392 spero,
3010 3311 3398 3393 excepturus
3458 3331 3551 3376 es.

292 3403 491 3469 Habet
524 3425 675 3469 vero
706 3410 1057 3473 historicus
1095 3412 1233 3490 ipse
1273 3413 1495 3474 laudes
1528 3413 1840 3491 preprias,
1896 3432 2162 3492 quarum
2222 3414 2785 3475 ‘comn'iendatione
2839 3414 3156 3492 optimum
3192 3414 3551 3493 principem

294 3505 475 3567 facile
508 3511 631 3571 sibi
673 3512 1021 3584 conciliet;
1058 3512 1287 3585 nobile
1316 3516 1479 3591 apud
1525 3530 1680 3574 suos
1717 3514 2091 3591 Philosophi
2129 3531 2391 3586 nomen,
2425 3514 2716 3574 omnium
2748 3514 2881 3575 fere
2926 3512 3363 3574 doctrinarum
3397 3530 3551 3593 pro-

298 3609 638 3672 fessionem
675 3614 1030 3692 publicam,
1067 3614 1532 3692 imperatorum
1568 3613 2071 3676 familiaritatem
2115 3634 2127 3676 :
2167 3632 2487 3693 suprema:
2519 3615 2580 3675 in
2624 3615 2906 3676 Ecclesia
2957 3615 3173 3677 Grmca
3221 3613 3553 3693 dignitatis

301 3714 575 3791 insignia
610 3718 941 3796 repudiata
980 3735 995 3778 :
1028 3727 1087 3778 et
1129 3724 1284 3798 (quo
1338 3720 1499 3780 nihil
1559 3721 1727 3797 apud
1757 3721 1886 3795 Te,
1919 3720 2253 3794 religionis
2294 3736 2460 3781 verna
2514 3702 2944 3794 défensorem,
3000 3720 3202 3800 majus
3256 3719 3551 3783 futurum

304 3814 425 3913 est)
469 3816 706 3878 labores
739 3836 858 3897 pro
912 3829 1081 3881 recta
1114 3818 1257 3880 ﬁdei
1287 3820 1577 3880 doctrina
1612 3821 1686 3881 ad
1725 3830 2086 3881 extremum
2140 3819 2440 3897 spiritum
2485 3818 2854 3889 exhaustos.
2918 3818 3037 3881 Sed
3066 3818 3222 3898 quid
3262 3836 3378 3899 ego
3421 3818 3557 3882 haec

290 3924 553 3995 Tecum,
593 3925 723 3985 Rex
761 3924 1262 4005 Augustissime,
1318 3926 1534 3990 alieno
1572 3926 1759 4005 plane
1806 3924 2138 4005 tempore?
2184 3944 2327 3987 cum
2392 3942 2620 3986 onznes
2662 3925 3086 4002 cogitationes
3127 3928 3297 3986 Tuas
3357 3932 3448 3987 tot
3492 3936 3555 3989 et

296 4034 459 4087 tanta
520 4030 778 4101 negotia
840 4028 967 4089 sibi
1026 4026 1392 4103 vindicant;
1451 4047 1597 4089 curn
1662 4031 1969 4106 cogendze
2028 4032 2462 4107 undecunque
2533 4028 2844 4107 legiones,
2910 4029 3147 4091 classes
3209 4028 3548 4101 armandae,

297 4131 641 4191 munienda
674 4132 945 4211 oppida;
985 4134 1199 4196 hostes
1233 4150 1360 4194 non
1395 4132 1635 4194 nostris
1674 4133 1911 4207 solum,
1958 4134 2067 4196 sed
2115 4142 2176 4195 e't
2221 4133 2551 4194 so«~.iorum
2611 4131 2849 4193 ﬁnibus
2897 4131 3194 4204 arcendi;
3241 4148 3386 4193 cum
3438 4133 3550 4194 de-

294 4234 487 4310 nique
520 4241 583 4295 et
620 4236 1001 4313 populorum
1047 4238 1247 4307 salus,
1309 4243 1370 4297 et
1417 4253 1639 4315 regum
1700 4236 1922 4308 tutela,
1975 4246 2038 4298 et
2092 4235 2282 4297 totius
2346 4252 2507 4311 pene
2542 4235 2719 4295 orbis
2771 4243 3085 4296 terrarum
3143 4251 3296 4296 cura
3340 4235 3549 4311 provi-

292 4336 573 4396 dentiam
614 4339 814 4397 Tuam
846 4337 924 4398 ad
973 4354 1042 4398 se
1074 4344 1406 4421 revocant.
1457 4337 1645 4397 Plura
1702 4338 1955 4398 desino.
2016 4342 2091 4398 At
2143 4339 2263 4407 Tu,
2317 4354 2537 4415 regum
2602 4338 2901 4410 Maxime,
2960 4346 3092 4397 tum
3148 4339 3548 4414 sapientibus

293 4436 617 4508 consiliis,
652 4445 784 4497 tum
833 4437 1031 4498 armis
1076 4435 1447 4498 victricibus
1480 4436 1647 4498 bella
1677 4452 2033 4513 compone;
2075 4445 2163 4506 ut,
2205 4452 2354 4513 pace
2414 4435 2703 4497 hostibus
2764 4435 3094 4512 imperata,
3122 4435 3258 4496 Tibi
3294 4423 3553 4496 et'Tuis

294 4538 551 4616 longum
587 4539 785 4602 vivas.
823 4541 972 4602 Hinc
1002 4544 1154 4601 sunt
1188 4547 1331 4601 vota
1371 4539 1649 4618 publica.
1705 4541 1840 4602 Hoc
1881 4541 2135 4618 religio,
2198 4540 2318 4601 hoc
2368 4540 2646 4601 alumnaa
2682 4548 2831 4606 tum,
2872 4546 3037 4599 artes
3088 4548 3148 4599 et
3211 4527 3538 4607 scientiae;

293 4643 411 4703 hoc
443 4644 630 4704 novis
688 4645 982 4723 quotidie
1024 4663 1136 4723 per
1183 4646 1268 4707 Te
1300 4644 1535 4723 Opibus
1582 4642 1909 4717 ﬂorentes,
1959 4643 2347 4705 Bibliotheca
2398 4644 2593 4722 Regia
2657 4649 2715 4705 et
2750 4645 3055 4722 Luparma
3097 4640 3546 4722 Typographia

293 4765 548 4808 mecum
587 4756 848 4831 vpvent.

983 5118 1501 5211 JOANNIS
1593 5113 2077 5208 BOIVINI
2181 5113 2559 5240 etiam

1308 5119 1501 5208 NlS
1593 5113 2077 5208 BOIVINI
2181 5111 2865 5240 PRIEFATIO.

353 5461 543 5511 Annus
572 5459 660 5512 hic
703 5460 752 5512 d.
773 5457 948 5512 cimus
979 5469 1205 5531 quartus
1253 5469 1355 5520 est,
1392 5473 1453 5512 ex
1491 5463 1598 5526 quo
1634 5458 1857 5511 cai‘t'llh'
1966 5458 2125 5516 rivos,
2164 5455 2253 5523 qui
2298 5452 2351 5506 in
2410 5453 2737 5506 bibliotheca
2788 5450 2950 5519 Regia
2994 5443 3347 5513 manuscripti
3379 5452 3559 5505 exsta,

284 5551 616 5621 Diu-anguls,
651 5555 727 5605 vir
782 5553 850 5606 de
909 5553 1101 5605 litteris
1154 5552 1409 5619 prazclare
1454 5551 1700 5614 meritus,
1726 5549 1861 5603 mihi
1972 5556 2111 5607 rent,
2154 5544 2343 5598 Latine
2373 5553 2681 5606 verterem;
2720 5550 2779 5593 ut
2820 5550 3103 5609 postquam
3133 5536 3379 5590 absoluta
3407 5540 3557 5589 esset

282 5657 479 5697 auczur
520 5646 641 5705 luit,
673 5654 731 5697 ut
761 5643 1055 5712 Nicephori
1090 5641 1347 5713 Gregora:
1377 5643 1543 5699 libros
1574 5658 1667 5699 sex
1699 5642 1866 5697 histo-
1974 5640 2143 5696 editio
2173 5638 2428 5692 Chrcn’ci
2469 5635 2759 5697 Paschalis,
2791 5632 2875 5688 cui
2900 5630 2989 5685 ille
3012 5642 3231 5683 manum
3258 5637 3561 5683 extremam

530 5738 815 5798 PnnoL.
868 5739 988 5799 Gtt.
1046 5738 1363 5801 CXLVIII.
1854 5776 1915 5828 ‘__-
2295 5821 2345 5828 ΗΑ
2582 5822 2589 5823 7
3126 5727 3147 5785 1

2295 5821 2321 5828 ﬁ
2338 5821 2345 5826 ι
