3992 6208
340 365 396 429 ll
908 373 914 379 ’
1634 359 1907 423 IUANNI

2007 360 2296 422 BUWINI
3433 356 3453 369 ‘
3519 373 3583 434 te

336 483 664 552 imponebat,
694 479 730 532 ii
762 495 856 534 sex
891 479 1031 542 libri,
1062 477 1125 532 ad
1167 493 1260 532 eos
1302 491 1438 548 quos
1468 475 1695 529 \Vollius
1728 477 1914 545 vulga—
1944 481 1984 534 Α
2018 485 2330 528 accuratum
2381 475 2644 530 librorum
2706 494 2817 542 xxi,
2863 480 2913 532 in
2972 495 3080 534 uno
3111 481 3296 536 eodiee
3339 483 3598 542 Vaticano

337 575 499 628 visset
547 571 812 642 atljuneti,
860 569 1043 641 Regiis
1084 570 1222 641 typis
1285 567 1693 623 mandarentur.
1756 565 1912 618 Eram
2017 566 2388 633 exstantium;
2419 582 2651 637 quorum
2687 569 2899 638 primus
2921 581 3067 626 esset
3088 571 3344 640 δευτέρου
3389 575 3595 644 βιϐλίου

337 677 447 721 tum
481 681 581 736 ego
625 663 944 734 colligendis
987 663 1198 718 Libanii
1242 660 1496 732 Epistolis
1544 661 1818 723 intentus,
1857 667 1914 713 et
2018 658 2173 726 λόγος
2216 660 2281 724 ζ’,
2310 662 2362 716 id
2394 671 2498 724 est,
2527 660 2784 718 Secunda:
2835 663 3010 720 Partis
3038 665 3170 718 liber
3198 668 3472 736 septimus,
3500 686 3596 726 seu

340 758 560 811 Latinas
590 755 699 824 jam
743 754 1006 810 eGrazcis
1055 753 1290 808 feceram
1332 769 1439 808 non
1492 767 1713 822 paucas.
1753 748 1912 804 Senis
2019 751 2184 804 totius
2243 751 2483 807 historiae
2546 753 2794 809 decimus
2861 767 3121 822 octavus;
3179 757 3404 814 ultimus
3468 778 3598 818 vero

336 849 639 904 doctissimi
676 847 906 900 consilio
949 846 1206 914 juvenem
1240 861 1326 899 me
1369 855 1424 898 et
1457 842 1721 897 novitium
1759 857 1912 910 pare-

2021 843 2432 908 inscriberetur,
2469 845 2782 918 Ῥωμαῖκῆς
2839 851 3080 921 ἱστορίας
3119 847 3224 920 λη’,
3255 865 3350 906 seu
3383 851 3597 924 Byzan-

334 960 391 998 ω
427 957 638 1010 a-quum
683 939 805 994 fuit.
829 937 1068 992 Tametsi
1099 938 1259 1007 igitur
1289 936 1694 1006 ainmnitatibus
1723 945 1777 988 et
1801 934 1911 986 ele-
2016 932 2141 985 tina:
2173 935 2424 989 Historia:
2459 935 2587 990 liber
2619 937 2929 994 XXXVIII.

334 1033 530 1103 gantiis
569 1030 883 1085 Libanianis
930 1030 1066 1082 mire
1118 1028 1447 1090 delectabar,
1484 1035 1539 1080 et
1577 1027 1645 1080 ab
1683 1024 1748 1078 iis
1770 1036 1912 1092 mgre
2087 1025 2496 1095 Peropportune
2552 1040 2736 1084 autem
2797 1033 3020 1094 accidit,
3061 1046 3118 1090 ut
3158 1036 3343 1094 Romae
3391 1057 3487 1110 per
3541 1042 3596 1095 iil

331 1123 704 1183 discedebant,
740 1131 920 1174 tamen
973 1119 1046 1174 illi
1086 1136 1205 1173 sum
1251 1119 1582 1180 obsecutus;
1621 1116 1782 1185 idque
1847 1128 1914 1167 eo
2018 1127 2238 1185 tempus
2297 1131 2730 1174 commoraretur
2798 1123 2880 1175 vir
2940 1125 3282 1184 humanitate
3336 1133 3593 1202 singulari

336 1216 593 1278 maxime,
633 1214 778 1282 quod
829 1212 896 1266 ad
933 1201 1103 1280 ipsius
1155 1208 1565 1262 adhortationes
1617 1204 1914 1259 accedebat
2015 1208 2273 1276 preeilitus
2319 1209 2360 1262 Ι.
2409 1208 2715 1273 Vivantius.
2776 1214 2835 1268 S.
2893 1215 2957 1268 Τ.
3009 1216 3208 1274 Doctor
3247 1201 3594 1290 Parisiensis,

337 1308 586 1361 voluntas
636 1305 985 1359 illustrissimi
1037 1303 1259 1358 Abbatis
1287 1301 1494 1356 Camilli
1524 1298 1763 1361 Tellerii,
1797 1295 1911 1350 exi-
2017 1299 2270 1370 idemque
2305 1302 2497 1357 Socius
2543 1303 2899 1363 Sorbonicus.
2925 1307 3097 1380 Hujus
3119 1326 3248 1367 cura
3281 1323 3336 1368 et
3363 1315 3596 1371 otﬁciosa

337 1401 440 1454 naia
473 1399 655 1454 indole
701 1397 1010 1468 praastantis
1041 1402 1097 1450 et.
1143 1409 1282 1464 supa
1348 1403 1562 1448 atatem
1599 1392 1742 1446 docti
1783 1390 1913 1444 ado-
2016 1391 2080 1445 R.
2111 1393 2166 1446 Ι).
2221 1392 2281 1447 υ.
2331 1395 2674 1465 Steplianotii
2733 1401 3046 1466 sedulitate,
3076 1405 3384 1474 sumptibus
3413 1417 3595 1462 autem

334 1491 617 1553 lescentis,
663 1490 749 1545 cui
797 1505 889 1543 me
941 1497 996 1542 et
1040 1502 1156 1541 mea
1189 1485 1370 1540 omnia
1421 1483 1600 1537 studia
1631 1496 1912 1544 voveram,
2016 1481 2095 1537 lll.
2132 1486 2354 1544 Abbatis
2377 1491 2582 1545 Camilli
2615 1490 2856 1556 Tellerii,
2889 1493 3058 1549 libros
3093 1510 3368 1551 novemex
3407 1498 3596 1554 codice
3655 1503 3657 1506 ‘

333 1581 678 1638 bibliotheca:
713 1582 895 1652 Regia:
946 1578 1223 1648 praefecto,
1258 1588 1420 1645 atque
1450 1591 1517 1630 co
1552 1591 1774 1627 munere
1800 1573 1910 1641 jam
2018 1573 2278 1634 Vaticano
2331 1581 2637 1644 descriptos
2698 1593 2753 1637 et
2809 1584 2979 1639 lloiiia
3020 1587 3086 1641 ad
3139 1602 3226 1642 me
3255 1589 3442 1643 auaros
3471 1605 3595 1645 cum

333 1687 446 1730 tum
476 1689 597 1729 sese
629 1675 850 1746 dignum
889 1671 1160 1741 probanti.
1189 1669 1288 1724 llic
1315 1678 1374 1723 ut
1415 1667 1653 1723 laborem
1687 1666 1912 1735 imposi-
2015 1670 2172 1723 avide
2244 1671 2493 1743 legissem
2528 1713 2542 1737 ,
2598 1675 2956 1730 animadverti
3031 1694 3148 1731 eam
3227 1680 3397 1748 ipsam
3474 1695 3596 1736 esse

334 1779 446 1823 tum
477 1768 742 1823 alacriore
789 1765 972 1819 animo
1008 1761 1365 1831 susciperem,
1397 1761 1560 1814 etiam
1594 1759 1784 1828 patris,
1812 1757 1910 1811 viri
1947 1825 1983 1835 _
2018 1758 2305 1816 Historiam
2363 1765 2788 1832 ecclesiasticam,
2819 1767 2975 1835 cujus
3011 1769 3218 1823 mentio
3270 1770 3409 1825 facta
3447 1781 3597 1826 esset

330 1859 551 1922 summi,
581 1858 962 1912 auctoritatem
1022 1855 1368 1924 interposuit,
1398 1869 1504 1906 non
1543 1853 1663 1906 belli
1713 1853 1913 1916 solum,
1947 1825 1988 1880 Β
2017 1869 2046 1908 a
2083 1855 2381 1909 Possevino
2415 1856 2471 1909 in
2503 1858 2774 1924 Apparaiu
2807 1875 2976 1911 sacro.
3015 1858 3076 1912 lli
3122 1875 3314 1914 novem
3347 1862 3491 1931 libri,
3524 1863 3593 1918 ad

331 1953 424 2008 sed
481 1961 536 2008 ct
569 1950 926 2005 scientiarum
956 1949 1328 2016 bonarumque
1359 1945 1556 2000 artium
1604 1960 1788 1998 curam
1822 1945 1916 1998 de-
2019 1943 2271 1997 undecim
2303 1941 2605 1998 WolﬁanOs
2660 1955 2738 1999 et-
2769 1951 2836 1999 ad
2894 1945 3013 1999 illos
3039 1960 3156 2009 sex,
3185 1949 3278 2014 qui
3311 1963 3474 2016 penes
3504 1966 3592 2004 me

328 2043 637 2099 mandatam
673 2058 702 2096 a
737 2041 882 2111 Rege
915 2049 1042 2093 tunc
1071 2038 1417 2093 sustinentis.
2016 2042 2193 2096 erant,
2235 2031 2460 2102 adjecti,
2507 2031 2766 2087 librorum
2802 2033 2986 2104 viginti
3035 2049 3127 2087 sex
3156 2050 3440 2090 numerum
3473 2037 3590 2092 elli-

403 2132 496 2188 llis
545 2131 809 2202 auspiciis
857 2130 924 2184 ad
980 2129 1148 2184 libros
1175 2128 1428 2198 Gregorze
1465 2127 1910 2196 interpretandos
2016 2123 2256 2178 ciebant.
2316 2124 2446 2181 Posr
2502 2125 2822 2180 vicesimum
2876 2137 3088 2178 sextum
3159 2127 3347 2180 deerat
3417 2127 3594 2183 adhuc

339 2239 628 2296 aggressus
675 2223 794 2277 laata
851 2232 906 2275 et
945 2221 1118 2275 fausta
1147 2221 1328 2273 omnia
1362 2221 1492 2273 mihi
1534 2220 1862 2286 spondebam
1896 2237 1910 2272 :
2015 2217 2173 2271 nobis
2203 2217 2495 2272 vicesimus
2544 2217 2826 2286 Septimus.
2867 2215 3104 2272 Cieteros
3160 2216 3215 2269 in
3263 2217 3592 2277 bibliotbrci.

331 2317 425 2371 sed
481 2331 567 2370 res
636 2315 752 2383 ipsa
809 2311 1122 2382 opinionem
1181 2327 1356 2364 meam
1411 2309 1640 2362 multum
1704 2310 1912 2364 fefellit.
2017 2307 2180 2378 Regia
2223 2309 2578 2372 habebamus,
2625 2307 2864 2378 exceptis
2895 2307 3142 2379 quinque
3181 2307 3404 2369 oblmis.
3449 2311 3588 2368 Tan-

331 2409 546 2463 Etenim
594 2406 786 2478 paucis
818 2415 937 2475 post
971 2404 1163 2459 diebus
1193 2403 1328 2456 obiit
1356 2404 1400 2456 is
1430 2404 1518 2470 qui
1545 2403 1676 2456 mihi
1715 2418 1912 2456 novom
2015 2401 2136 2453 dem
2167 2409 2222 2453 et
2249 2401 2301 2454 hi
2323 2417 2557 2470 quoque,
2577 2417 2678 2456 una
2699 2418 2819 2456 cum
2850 2402 3109 2458 vicesimo
3126 2403 3372 2475 septimo,
3393 2405 3585 2477 integri

331 2505 435 2558 iter
490 2501 736 2572 ingresso
783 2497 978 2568 praeire
1026 2512 1088 2550 ac
1139 2497 1437 2565 pnelucere
1490 2511 1630 2555 unus
1680 2499 1912 2549 maxime
2015 2492 2080 2543 ad
2115 2506 2214 2544 nos
2257 2485 2648 2560 pervenerunt.
2705 2491 2966 2546 Fridel'ici
3002 2492 3342 2561 Roslgaardii
3391 2495 3589 2550 nobilis

331 2593 576 2652 omnium
614 2600 848 2662 poterat,
885 2589 1124 2659 optimus
1173 2599 1227 2642 et
1257 2587 1516 2640 eruditiss
1541 2603 1662 2640 mus
1697 2587 1910 2640 Ducan-
2017 2581 2150 2634 llani
2182 2598 2345 2652 opera
2397 2591 2454 2635 ct
2483 2583 2834 2652 sumptibus;
2871 2599 2972 2652 qua
3005 2583 3220 2654 quidem
3255 2584 3322 2640 de
3354 2602 3413 2642 re
3448 2585 3591 2643 infra

332 2684 602 2758 giuleac
617 2682 926 2754 Byzantina:
954 2680 1193 2735 historia:
1226 2679 1344 2734 lace
1365 2680 1655 2738 exstincta.
1686 2681 1782 2732 viae
1805 2693 1911 2732 non
2018 2674 2208 2728 fusius.

334 2781 468 2834 satis
497 2791 700 2848 gnarus
733 2774 977 2829 laborem
1021 2787 1084 2826 ac
1134 2769 1470 2842 diligentiam
1502 2771 1746 2826 subsidio
1781 2769 1911 2823 mihi
2087 2774 2233 2824 Inter
2284 2773 2399 2826 btec
2431 2772 2689 2841 aequitate
2720 2785 2774 2827 et
2833 2774 3204 2830 moderatione
3238 2775 3455 2832 victoris
3485 2776 3591 2831 Lu-

334 2867 685 2938 oomparavi;
724 2876 781 2921 et
819 2879 1015 2920 eorum
1070 2877 1163 2918 sex
1224 2862 1505 2925 librorum,
1553 2878 1783 2930 quorum
1825 2863 1914 2917 ille
2016 2863 2192 2919 dovici
2253 2863 2425 2935 Magni
2484 2859 2868 2933 pax'Europte
2923 2867 3171 2920 restituta
3229 2877 3334 2921 cst.
3369 2868 3590 2922 Solutus

335 2962 420 3015 vix
457 2975 623 3014 unum
646 2957 836 3012 Latine
857 2971 1076 3012 versum
1113 2954 1395 3025 proximus
1435 2954 1592 3007 morti
1628 2954 1912 3025 relegerat,
2010 2961 2120 3032 jam
2171 2957 2491 3027 urgentibus
2539 2955 2842 3012 dillicilium
2877 2967 3179 3028 temporum
3238 2960 3386 3014 curis
3434 2962 3587 3031 regni

334 3049 844 3121 interpretationem
878 3048 1143 3118 integram
1175 3055 1295 3115 post
1328 3046 1534 3099 obitum
1567 3047 1683 3113 ejus
1715 3056 1908 3100 utcua-
2015 3049 2342 3105 administer
2373 3050 2542 3118 (nunc
2596 3047 2838 3103 Francia:
2871 3050 3250 3119 cancellarius)
3281 3050 3588 3106 Ludovicus

331 3158 438 3213 que
465 3140 695 3197 absolvi.
741 3139 891 3194 Bello
943 3139 1159 3212 demum
1215 3136 1384 3192 atroci
1461 3152 1557 3207 per
1605 3137 1912 3191 universam
1944 3157 1986 3215 ρ
2022 3141 2497 3196 Poncbartra'nius
2527 3140 2595 3194 ad
2621 3154 2685 3194 ea
2715 3157 2835 3210 qua:
2867 3141 2967 3196 sibi
3001 3142 3434 3211 connuendataa
3465 3157 3591 3213 rege

335 3235 612 3304 EurOpam
666 3231 920 3286 saeviente
977 3232 1281 3299 interrupta
1317 3229 1463 3299 pacis
1506 3243 1690 3298 Opera.
1725 3229 1910 3300 Itaque
2018 3243 2194 3294 erant,
2235 3233 2383 3300 paris
2418 3241 2741 3285 ornamenta
2775 3231 3151 3301 ampliﬁcanda
3181 3239 3349 3286 totum
3381 3247 3440 3287 se
3466 3233 3588 3288 ani-

334 3337 388 3380 et
419 3324 670 3396 Gregorze
705 3323 876 3377 nostri
925 3321 1094 3376 editio
1149 3322 1200 3374 in
1245 3321 1391 3375 aliud
1450 3327 1665 3388 tempus
1698 3319 1859 3374 dilata
1899 3340 1912 3374 :
2018 3340 2106 3375 mo
2137 3333 2192 3377 ct
2223 3322 2552 3392 Cogitatione
2583 3323 2870 3374 convertit.

337 3416 428 3471 cui
461 3411 658 3470 deinde
688 3429 838 3468 mora
870 3413 971 3467 alia
1005 3411 1369 3468 funestissima
1399 3411 1621 3474 accidit,
1644 3411 1913 3465 marcliio-

2089 3410 2366 3479 ιιινειι-ιυω
2415 3409 2644 3462 cllieinze
2699 3417 2854 3477 typos
2903 3407 3162 3473 Grzecos,
3208 3423 3448 3463 cmmum
3497 3408 3588 3478 qui

343 3507 432 3563 nis
463 3506 686 3562 Tellerii
713 3505 950 3561 Luvoisii
973 3519 1122 3558 mors
1145 3503 1602 3573 repentina;qua'
1635 3505 1918 3573 pncclaras
2019 3517 2258 3570 unquam
2301 3499 2522 3554 luerunt
2562 3499 3014 3570 elegantissimos,
3047 3499 3269 3553 inutiles
3299 3514 3347 3553 et
3385 3499 3590 3553 otiosos

337 3597 459 3653 illas
534 3596 922 3667 cogitationum
1000 3608 1240 3647 mearum
1314 3607 1456 3667 spes,
1510 3592 1734 3645 omnino
1806 3591 1914 3643 fere
2017 3607 2210 3646 vacare
2266 3607 2411 3661 :cgre
2461 3591 2670 3645 ferebat
2729 3588 2970 3644 Joannes
3023 3588 3224 3644 Paulus
3269 3590 3586 3661 Bignonius,

339 3689 558 3745 evertit.
2019 3683 2185 3736 abbas
2231 3673 2620 3747 nobilissimus,
2666 3697 2850 3737 comes
2904 3684 3062 3738 hodie
3111 3685 3588 3738 consistorianns:

405 3779 680 3835 C’zzerum
733 3792 797 3832 ex
855 3776 922 3831 iis
977 3775 1110 3844 ipsis
1140 3774 1373 3846 publicis
1406 3773 1739 3843 privatisque
1769 3771 1913 3828 cala-
2019 3777 2110 3843 qui
2152 3775 2268 3844 ipso
2328 3774 2452 3828 belli
2513 3785 2778 3842 tempore,
2809 3790 2931 3827 cum
2967 3775 3270 3830 avunculus
3315 3776 3592 3830 l’ouchar-

339 3871 619 3927 mitatibus
644 3869 877 3924 fructum
916 3869 1061 3922 hunc
1087 3868 1232 3936 cepi,
1262 3866 1406 3936 quod
1432 3865 1562 3919 mihi
1596 3881 1692 3936 per
1723 3864 1911 3919 decem
2017 3868 2240 3920 tramitis
2301 3867 2530 3920 inlinitis
2591 3866 2822 3936 negotiis
2866 3867 3302 3937 distringeretur,
3341 3870 3478 3937 reip.
3503 3869 3591 3922 lit-

335 3981 511 4022 annos
543 3980 604 4020 ea
640 3979 760 4032 quae
794 3959 1134 4029 scripsissem
1170 3960 1443 4029 corrigere
1471 3969 1525 4012 et
1549 3973 1824 4022 accurare,
1849 3973 1914 4012 ac
2021 3959 2232 4014 teraria:
2265 3968 2318 4011 et
2369 3957 2765 4011 academiarum
2804 3961 2926 4026 jura
2957 3960 3035 4012 sic
3068 3969 3270 4020 tutatus
3305 3957 3500 4019 fuerat,
3535 3969 3592 4014 ut

341 4071 598 4130 praetcrea
634 4057 768 4110 alios
793 4054 1047 4124 Grcgora:
1096 4051 1266 4105 libros
1303 4065 1496 4104 eruere
1527 4066 1556 4103 e
1583 4051 1824 4105 tenebris
1859 4062 1914 4108 ct
2015 4060 2070 4104 et
2095 4065 2224 4104 suus
2256 4048 2450 4101 litteris
2497 4047 2674 4100 honos
2721 4057 2988 4117 perpetuo
3026 4059 3135 4100 tum
3176 4050 3508 4114 constiterit,
3536 4061 3592 4104 et

341 4151 410 4206 ad
447 4149 572 4203 illos
609 4160 748 4216 quos
787 4143 1021 4214 prinnttn
1061 4141 1374 4195 habuissem
1428 4140 1624 4195 addere
1681 4143 1909 4197 vacavit.
2017 4145 2143 4196 viris
2193 4140 2514 4195 academicis
2563 4142 2781 4208 prtcmia
2829 4139 2897 4193 de
2947 4153 3098 4192 more
3131 4140 3402 4208 persoluta
3455 4143 3588 4196 sint.

339 4239 517 4296 Variis
573 4251 769 4306 nempe
812 4233 1061 4288 codicum
1109 4229 1603 4299 nuanuseriptorum
1659 4231 1914 4302 catalogis
2015 4235 2072 4287 Ei
2128 4235 2309 4304 igitur,
2358 4229 2560 4301 pacatis
2618 4230 2727 4300 μη)
2783 4239 2838 4284 ei
2899 4233 3204 4298 ιηηιμηιιλε
3239 4231 3424 4296 "mus,
3463 4249 3590 4286 cum

345 4330 601 4402 perlectis
653 4325 918 4387 intellexi,
945 4324 1120 4377 editos
1169 4321 1335 4376 fuisse
1378 4339 1406 4374 a
1438 4321 1747 4392 Nieeplioro
1776 4323 1911 4378 Cre-
2018 4328 2138 4380 bmc.
2187 4327 2285 4379 luit
2344 4341 2449 4377 non
2510 4334 2802 4391 postrema,
2860 4321 3076 4376 Graecos
3111 4323 3293 4377 ‘libros
3349 4335 3592 4394 typorum

342 4439 468 4497 gora
503 4421 750 4476 Historia:
781 4419 1086 4489 Byzantina:
1125 4419 1290 4473 libros
1321 4419 1490 4472 multo
1523 4419 1724 4486 plures,
1748 4433 1910 4487 quam
2029 4421 2329 4487 llt'giortttn‘
2351 4419 2467 4490 luce
2522 4415 2810 4468 illustrare.
2842 4411 2996 4468 Unde
3029 4423 3083 4467 et
3111 4431 3216 4475 me,
3251 4415 3409 4486 longo
3437 4416 3593 4470 lami-

343 4520 476 4583 quot
523 4509 639 4565 sive
687 4507 940 4576 impressi
989 4506 1104 4561 sive
1152 4522 1313 4559 manu
1373 4506 1557 4574 scripti
1615 4508 1666 4558 in
1717 4506 1917 4574 pluteis
1949 4508 1993 4560 D
2028 4505 2282 4557 liarnatis
2343 4519 2440 4556 usu
2491 4504 2862 4570 coniunctum,
2920 4502 3166 4554 hortatus
3212 4515 3316 4567 cst,
3348 4514 3405 4556 ut
3435 4501 3591 4555 Nico--

350 4599 533 4668 [tegiis
578 4605 877 4650 exstarent.
931 4594 1125 4647 Docuit
1181 4608 1266 4646 me
1321 4592 1590 4652 Labbcus,
1654 4594 1915 4662 repositos
2023 4595 2180 4665 pliori
2217 4583 2468 4661 Gregorii-
2498 4593 2717 4660 scripta,
2752 4607 2870 4660 qua:
2915 4601 3102 4660 parata
3147 4593 3345 4646 habere
3379 4609 3462 4644 me
3497 4608 3593 4644 sae—

348 4693 515 4748 latere
551 4692 604 4744 in
641 4689 969 4743 bibliotheca
1002 4684 1330 4740 Scorialensi
1385 4685 1550 4740 libros
1583 4686 1698 4755 ejus
1727 4697 1914 4737 aucto-
2021 4686 2144 4751 pius
2167 4682 2460 4743 dixissem,
2492 4679 2644 4750 Regii
2680 4679 3030 4748 typograpltci
3076 4680 3252 4746 prwlis
3283 4681 3593 4731 committe-

349 4794 422 4833 l'lS
469 4777 755 4832 historicos
823 4773 1191 4841 undetriginta
1250 4791 1261 4825 ε
1320 4789 1418 4827 nee
1481 4773 1649 4826 multo
1699 4782 1818 4840 post
1863 4773 1914 4823 in
2023 4790 2134 4827 rem
2167 4774 2588 4840 quamprimum.
2647 4770 2757 4842 E60
2795 4788 2922 4825 vero
2965 4771 3424 4841 permittentibus,
3487 4773 3593 4824 imo

349 4873 588 4926 codiceni
621 4868 845 4938 Regium
901 4866 1086 4928 incidi,
1113 4865 1202 4934 qui
1242 4865 1558 4918 vicesimum
1589 4879 1636 4916 οε
1659 4874 1781 4916 tavu
1809 4884 1837 4913 ιι
1867 4872 1918 4915 et
2017 4865 2342 4931 iubentibus
2371 4863 2434 4914 iis
2468 4878 2703 4930 quorum
2754 4879 2963 4917 summa
3011 4872 3092 4915 est
3121 4870 3262 4930 apud
3293 4879 3376 4914 me
3409 4873 3591 4915 311ιίοο

353 4961 668 5016 vicesimum
712 4974 916 5011 nonum
975 4957 1269 5010 historicos
1303 4955 1554 5015 habebat,
1605 4970 1728 5007 cum
1788 4970 1920 5022 qna-
2025 4964 2176 5018 Mus,
2210 4953 2448 5006 oblatam
2481 4953 2820 5006 occasionem
2845 4953 3023 5006 statim
3052 4953 3292 5020 arripui;
3325 4963 3376 5008 et
3411 4951 3595 5020 paucis

351 5069 471 5108 tuor
503 5050 824 5122 dogmaticis
849 5048 1193 5117 conjunctos.
1234 5047 1403 5100 Didici
1438 5062 1500 5097 ex
1533 5050 1808 5113 Apparaiu
1835 5061 1921 5096 δα·
2026 5056 2142 5114 post
2174 5045 2371 5097 diebus
2431 5044 2559 5097 tomi
2617 5043 2773 5112 primi
2811 5043 2976 5096 editio
3022 5055 3195 5110 empta
3245 5057 3346 5098 est.
3394 5047 3509 5109 Qua
3542 5044 3594 5096 in

348 5163 434 5199 (ro
474 5143 692 5197 Antonii
744 5140 1020 5196 Possevini
1079 5149 1134 5194 et
1181 5154 1248 5192 ex
1302 5138 1470 5192 veteri
1522 5137 1766 5207 catalogo
1796 5153 1916 5200 Ins.,
2026 5143 2199 5202 parte,
2235 5131 2491 5201 quoniam
2549 5131 2780 5186 Wolﬁus
2817 5131 2948 5184 mibi
3007 5132 3386 5202 prmi\il,qnid
3427 5136 3592 5201 priva~

348 5234 617 5291 asservari
673 5233 726 5286 in
779 5232 1107 5286 bibliotheca
1164 5227 1419 5281 Vaticana
1450 5225 1739 5281 Historiam
1774 5225 1920 5291 ejus-
2027 5228 2120 5280 tim
2157 5227 2640 5295 ipsepraestitcrim
2673 5241 2960 5294 exponam.

349 5329 472 5382 clem
547 5325 798 5394 Gregorii:
872 5320 1318 5381 ecclesiasticam,
1374 5327 1429 5370 et
1480 5319 1609 5370 Acta
1676 5315 1918 5379 concilii,
2099 5318 2244 5371 lnter
2289 5318 2506 5372 codices
2555 5319 2958 5386 manuscriptos
3023 5319 3365 5373 bibliotheca:
3417 5314 3595 5383 Regia:

335 5435 446 5480 ,scu
491 5419 573 5488 (ut
622 5416 824 5472 ibidem
873 5417 1118 5481 vocatur)
1149 5409 1546 5482 ΛῌΣῚῬΙΚΗΣ
1585 5406 1911 5472 ΣΥΝΟΔΟΥ,

2028 5426 2168 5464 unus
2203 5410 2440 5462 (li‘Jl'lilCt
2463 5424 2545 5472 us,
2575 5409 2660 5461 cui
2696 5409 2993 5478 inscriptus
3024 5421 3107 5466 est
3155 5425 3410 5463 nuu'ierus
3433 5408 3595 5470 “£558,

352 5527 416 5567 ac
449 5511 816 5566 narrationem
854 5505 1252 5580 persecutionis
1303 5504 1356 5556 in
1399 5501 1736 5555 orthodoxos
1768 5512 1923 5553 tuom:
2029 5501 2223 5573 plu-{cr
2259 5501 2541 5555 historiam
2600 5516 2820 5556 omnem
2862 5504 3376 5574 Puchymerianmn,
3433 5501 3597 5554 ιιιιι-υε

350 5619 380 5657 a
409 5600 710 5657 Palamitis.
751 5599 982 5653 Demum
1015 5595 1082 5649 ll.
1111 5594 1170 5648 Ρ.
1198 5593 1258 5647 ι).
1286 5592 1524 5647 Joannes
1559 5589 1922 5651 lllabillonius,
2028 5596 2276 5664 Gregorii:
2313 5597 2600 5649 historicos
2655 5597 2907 5651 undecim
2959 5597 3187 5664 coinplu
3209 5595 3355 5654 tiur,
3388 5612 3482 5648 eos
3522 5595 3597 5646 vi.

352 5693 444 5763 qui
477 5702 664 5748 nostra
712 5690 828 5744 hac
884 5687 1063 5742 studia
1104 5682 1394 5760 adjuvant"
1427 5682 1629 5736 nullam]
1685 5682 1926 5734 occasio-
2030 5687 2333 5753 delicetqui
2359 5675 2596 5741 awollio
2627 5691 2859 5758 primum
2884 5687 3012 5741 editi
3041 5697 3188 5739 stitit.
3224 5686 3276 5738 In
3308 5704 3373 5739 eo
3390 5689 3597 5748 codice,

351 5806 477 5846 nem
531 5785 912 5860 praetermittit,
965 5777 1385 5836 communicavit
1421 5792 1633 5833 mecum
1679 5775 1918 5830 indicem
2031 5779 2181 5834 home
2213 5780 2413 5848 alioqui
2471 5793 2608 5836 notae
2651 5791 2702 5835 et
2756 5782 2884 5835 satis
2915 5781 3136 5849 antiquo
3170 5783 3312 5846 (ιιξιηῖ
3367 5784 3597 5834 mimus
