3992 6208
394 327 443 386 if‘,
1787 314 2202 378 I‘eriFATIO.
2312 346 2315 348 -
3535 308 3593 376 li

380 455 448 496 ιοει
478 449 599 495 ante
643 449 859 508 captam
905 455 936 491 a
984 434 1176 491 Turcis
1226 432 1790 506 Constantinopolin),
1833 435 1933 487 hoc
1965 439 2005 493 Α
2038 432 2197 500 hujus
2227 429 2516 484 voluminis
2573 429 2971 500 appendicibus
3015 429 3383 487 antteetendas
3421 447 3597 489 reser-

380 536 635 604 singulare
696 541 802 597 est,
855 533 1000 598 quod
1061 546 1180 599 quae
1229 531 1282 584 in
1325 530 1479 582 libris
1531 529 1694 582 editis
1746 541 1933 580 manca

381 637 493 680 sunt
535 634 589 678 et
646 623 994 692 imperfecta,
1045 640 1104 675 ea
1168 621 1240 676 ibi
1309 621 1516 692 integra
1568 619 1932 687 reperiantur.

386 723 804 772 Ileerantautem
846 717 900 768 in
938 715 1090 769 libris
1133 714 1296 767 editis
1333 713 1432 767 tria
1483 712 1572 765 illa
1613 712 1934 781 fragmenta,

379 826 486 878 qua:
539 808 793 862 Petavius
832 823 861 860 a
918 807 1192 861 Frontone
1245 806 1438 859 Ducaeo
1475 813 1691 873 accepta
1728 802 1936 873 primus

381 899 623 970 vulgavit,
651 907 708 953 et
735 896 1024 965 Nicepltori
1069 897 1392 966 patriarc-hm
1444 894 1718 950 Breviario
1771 894 1938 946 histo-

378 993 482 1045 rice
518 990 826 1058 subiunxit.
865 989 1099 1043 Deerant
1133 997 1189 1042 et
1218 987 1321 1042 alia
1362 1004 1466 1041 non
1502 986 1753 1050 minora;
1779 985 1938 1052 quale

375 1092 446 1136 est
477 1083 696 1151 insigne
753 1080 881 1134 illud
922 1079 990 1134 de
1038 1079 1314 1133 Athanasii
1366 1079 1690 1148 patriarcha:
1739 1075 1940 1132 severi-

375 1184 499 1246 tate,
531 1174 685 1227 etde
725 1175 1118 1227 monachorum
1170 1173 1414 1226 moribus
1452 1171 1785 1236 emendatis;
1811 1170 1939 1225 item

376 1281 483 1333 qua:
522 1265 792 1334 pertinent
811 1264 879 1318 ad
908 1263 1151 1332 ejusdem
1187 1263 1307 1318 libri
1346 1273 1508 1332 caput
1541 1264 1848 1333 septimum.
1873 1262 1938 1316 ad

377 1359 487 1410 libri
536 1357 662 1408 noni
717 1361 886 1424 caput
925 1353 1245 1418 secundum,
1289 1365 1343 1408 et
1373 1355 1438 1406 ad
1493 1355 1612 1407 libri
1667 1351 1941 1407 undecimi

377 1457 541 1518 caput
591 1448 720 1500 item
787 1445 1110 1501 semiudum.
1170 1445 1410 1514 llenique
1453 1445 1506 1498 in
1550 1444 1777 1516 singulis
1833 1444 1944 1498 fere

379 1541 585 1611 paginis
640 1539 806 1594 dictio
858 1540 1035 1607 aliqua
1087 1550 1181 1592 aut
1218 1542 1381 1594 etiam
1431 1540 1613 1607 plures
1667 1538 1942 1592 desidera-

381 1635 584 1688 bantur.
635 1631 742 1686 Eos
773 1648 965 1689 omnes
1015 1632 1260 1686 delectus
1313 1648 1376 1685 ex
1402 1631 1588 1686 codice
1634 1631 1724 1684 illo
1773 1631 1944 1702 Beg’o

2037 527 2302 580 vavimns.
2336 525 2560 579 Constat
2598 541 2662 579 ex
2723 524 3062 579 bibliothecae
3110 524 3476 594 Segnicriante
3509 541 3601 578 ca-

2041 621 2236 689 talogo,
2281 630 2495 672 exstare
2549 618 2693 679 illic,
2748 617 2887 671 inter
2933 616 3147 670 codices
3202 617 3603 686 ntanuscriptos

2038 711 2276 775 Grzccos,
2312 708 2595 776 Nirepliori
2628 709 2890 779 Syntaziu
2913 708 3148 762 historia:
3181 707 3455 772 Romanae,
3477 723 3602 762 cum
3655 694 3658 698 ί

2036 804 2296 857 Chronico
2353 801 2582 855 Zonaras
2644 801 3010 870 coniunctam.
3051 800 3186 854 Eum
3243 800 3506 866 codicem,
3547 800 3603 853 in

2041 911 2149 964 quo
2200 897 2368 950 libros
2423 893 2716 964 Nicephori
2772 891 3022 962 (ἔτρεσε-ω
3080 892 3332 947 undecim
3398 892 3606 962 priores

2043 989 2233 1044 titulus
2258 988 2372 1057 ipse
2403 987 2671 1042 contineri
2705 985 2908 1049 innuit,
2933 999 3110 1056 opera:
3137 984 3330 1043 luisset
3355 985 3608 1042 conferre

2039 1096 2164 1134 enin
2193 1079 2488 1148 impressis,
2517 1078 2625 1134 Sed
2669 1078 2796 1132 inihi
2830 1078 2900 1133 ad
2933 1092 3053 1134 eam
3083 1076 3463 1135 bibliothecam
3493 1077 3609 1133 adi.-

2045 1180 2132 1225 tus
2160 1171 2399 1226 nondum
2434 1173 2625 1242 patuit.
3628 1213 3636 1248 ι

3627 1249 3638 1285 ι

2113 1354 2363 1408 Latinam
2419 1353 2950 1422 interpretationem,
3007 1351 3162 1422 cuius
3220 1362 3410 1409 auctor
3464 1361 3613 1408 esset

2050 1445 2414 1513 Hieronymus
2461 1444 2712 1505 Wolfius.
2754 1460 3006 1516 magnum
3037 1444 3182 1514 apud
3226 1444 3471 1500 eruditos
3515 1458 3612 1499 no-

2048 1552 2196 1600 men,
2227 1538 2499 1592 sinceram
2535 1548 2584 1592 et
2613 1538 2871 1594 intactam
2922 1553 3138 1593 summa
3171 1539 3275 1593 (ide
3307 1553 3609 1607 repraesen-
3641 1572 3654 1626 η

2050 1636 2164 1682 tare
2210 1629 2365 1682 initio
2395 1632 2742 1685 decreveram
2773 1631 3029 1686 :consilii
3073 1629 3269 1686 deinde
3302 1630 3466 1699 huius
3496 1643 3614 1686 tnu-
3645 1627 3651 1637 “

381 1725 744 1795 supplevimus
772 1725 823 1778 in
859 1725 961 1778 hac
1009 1725 1272 1778 editione.
1311 1724 1510 1792 Maiora
1567 1725 1941 1794 supplementa
1975 1764 2021 1820 Β
2052 1719 2200 1775 laudi
2258 1736 2438 1777 causa:
2483 1723 2666 1792 plures
2711 1723 2950 1779 fuerunt.
2999 1722 3268 1794 Gregoras
3317 1722 3613 1793 multiiugae

383 1820 429 1871 in
470 1817 811 1886 marginibus
854 1816 1088 1870 indicata
1132 1833 1146 1870 :
1201 1818 1407 1870 minora
1464 1817 1718 1871 cancellis
1770 1816 1944 1869 inclu-

382 1925 466 1971 sa;
513 1908 726 1962 menda:
778 1919 1063 1976 praeterea,
1099 1925 1218 1975 quae
1269 1911 1566 1964 innumera:
1621 1919 1795 1972 erant,
1841 1922 1944 1977 0pc

294 2033 296 2040 ι
383 2000 620 2068 eiusdem
655 1998 859 2054 codicis
889 1999 1138 2053 sublatae.

461 2180 658 2234 Rursus
693 2181 748 2233 in
803 2193 874 2234 eo
925 2179 1044 2249 ipso
1091 2180 1278 2235 codice
1326 2181 1428 2236 hoc
1472 2190 1664 2236 notatu
1692 2180 1947 2253 dignissi-

393 2287 527 2323 mum
559 2281 658 2334 est,
678 2271 822 2340 quod
858 2287 976 2340 quae
997 2271 1266 2343 Gregoras
1297 2273 1448 2327 libris
1475 2283 1708 2342 quatuor
1735 2282 1948 2344 postre-

383 2363 478 2416 mis
515 2362 748 2431 plurima
808 2363 1058 2425 inseruit,
1090 2363 1255 2416 variis
1309 2364 1642 2432 temporibus
1684 2379 1716 2418 a
1750 2378 1808 2418 se
1835 2364 1950 2420 elu-

383 2452 627 2515 rubrata,
672 2467 734 2507 ea
767 2450 880 2507 Fere
927 2453 1113 2508 omnia
1162 2453 1364 2507 ibidem
1399 2454 1614 2520 desint;
1650 2455 1729 2510 sic
1767 2465 1946 2510 autem

380 2544 490 2596 suis
518 2558 756 2612 quaeque
781 2543 916 2598 locis
940 2544 1117 2597 recisa
1144 2543 1366 2607 fuerint,
1392 2556 1450 2598 ut
1472 2545 1801 2600 narrationis
1823 2562 1951 2600 con-

382 2645 564 2690 textus
610 2635 759 2688 nullo
792 2635 941 2688 hiatu
974 2637 1241 2704 abruptus
1289 2636 1380 2697 sit,
1411 2636 1503 2690 sed
1533 2637 1788 2692 omnibus
1822 2653 1948 2708 par-

380 2728 527 2781 tibus
585 2736 710 2790 apte
750 2725 1150 2779 coluerentibus
1185 2725 1393 2797 integer
1420 2735 1477 2780 et
1503 2728 1795 2784 continuus
1823 2745 1950 2800 pro-

374 2818 568 2874 cedat.
621 2819 678 2874 ιιι
726 2817 971 2888 Gregorae
1029 2818 1198 2889 ipsius
1245 2819 1451 2888 iudicio
1501 2820 1699 2876 factum
1733 2822 1892 2876 velim
1934 2841 1948 2878 :

378 2925 574 2980 tteque
609 2925 638 2962 a
668 2923 797 2963 vero
816 2910 1087 2974 abhorret,
1115 2925 1238 2965 eum
1268 2913 1458 2980 prima:
1487 2912 1742 2966 editionis
1766 2929 1954 2970 arnore

379 3002 712 3072 refrigerato
762 3015 918 3055 suum
971 3015 1110 3072 opus
1155 3005 1558 3074 recwnovisse,
1607 3018 1671 3057 ac
1722 3017 1783 3057 ea
1833 3020 1954 3074 qua:

2048 1812 2368 1868 eruditionis
2396 1823 2452 1869 et
2476 1815 2607 1869 artis
2637 1816 2924 1870 rhetoricae
2955 1824 3260 1871 ostentator
3288 1828 3428 1884 sape
3455 1813 3612 1870 aber-

2049 1913 2134 1956 rat
2162 1921 2190 1958 a
2224 1907 2522 1976 proposito,
2567 1917 2622 1962 et
2673 1909 2739 1963 ad
2779 1923 2840 1962 ea
2871 1923 2988 1977 quae
3016 1922 3206 1978 parum
3249 1915 3340 1961 aut
3371 1906 3506 1962 nihil
3545 1905 3612 1959 ad

2048 2009 2165 2048 rem
2197 1995 2476 2064 pertinent
2531 1996 2850 2066 digreditur.
2880 1997 2937 2050 ln
2969 1997 3036 2052 iis
3082 1997 3385 2065 παρέργοις
3415 1996 3612 2050 mirum

2049 2095 2324 2156 estquam
2378 2088 2449 2141 sit
2491 2088 2773 2143 verbosus.
2828 2086 2907 2142 "Ea
2955 2086 3206 2150 Wollius,
3253 2086 3414 2141 rebus
3447 2085 3616 2155 magis

2050 2193 2211 2246 quam
2277 2178 2456 2233 verbis
2506 2178 2792 2241 intentus,
2839 2178 3088 2233 breviora
3147 2177 3327 2232 facere
3385 2176 3614 2232 studuit.

2051 2271 2237 2340 Itaque
2275 2279 2330 2326 et
2379 2269 2708 2324 luxuriantia
2757 2269 3113 2338 compescuit,
3142 2278 3198 2324 et
3241 2281 3362 2340 quae
3390 2269 3616 2323 omnino

2052 2362 2426 2418 redundabant
2485 2361 2804 2432 suppressit.
2867 2361 2979 2433 Ego
3028 2376 3156 2417 vero
3210 2361 3477 2417 faeturum
3529 2373 3618 2414 me

2051 2470 2231 2522 Operae
2271 2455 2504 2524 pretium
2561 2456 2766 2526 putavi,
2796 2455 2841 2510 si
2897 2454 3135 2509 auctoris
3162 2452 3333 2508 εἶτωεί
3378 2451 3619 2522 vestigiis

2055 2545 2400 2610 inhaererem,
2429 2555 2589 2614 atque
2647 2545 2766 2613 eius
2805 2544 2968 2599 verba
3023 2543 3340 2609 lectoribus,
3368 2543 3413 2598 si
3438 2542 3620 2596 minus

2054 2635 2491 2698 adnumerarcm,
2547 2635 2735 2688 saltem
2786 2632 3039 2703 religiose
3063 2643 3118 2686 ct
3163 2631 3393 2688 lidelitcr
3421 2645 3623 2700 appen-

2045 2725 2276 2787 derem;
2312 2739 2454 2792 qua),
2487 2731 2544 2775 ut
2572 2722 2786 2791 opinor,
2820 2723 3024 2790 optima
3061 2731 3145 2776 (εει
3173 2719 3310 2774 ratio
3351 2721 3623 2788 interpre-

2057 2815 2224 2871 tandi.
2259 2815 2316 2871 ln
2352 2814 2677 2884 quihusdam
2711 2813 2879 2867 etiam
2926 2829 2954 2864 ει
2989 2827 3118 2866 vero
3146 2826 3311 2866 sensu
3335 2810 3623 2866 deﬂexisse

2059 2910 2190 2966 inihi
2231 2909 2374 2964 visits
2423 2917 2507 2962 est
2559 2907 2828 2978 interpres
2867 2905 3245 2969 doctissimus;
3275 2915 3367 2962 aut
3403 2915 3625 2958 senten-

2060 3001 2189 3055 tiam
2253 3001 2490 3057 auitoris
2545 3004 2775 3055 obscure
2832 3013 2888 3052 et
2961 3007 3209 3053 contot-te
3261 2997 3619 3066 expressisse.

375 3092 698 3146 ostentandi
753 3092 954 3163 ingenii
985 3109 1144 3148 causa
1199 3105 1461 3159 assuerat,
1504 3095 1802 3165 monodias,
1831 3113 1954 3154 ora-
1987 3124 2028 3184 ο
2063 3094 2206 3152 Nihil
2237 3096 2355 3150 dico
2387 3096 2453 3150 de
2485 3092 2787 3149 miunt-ibus
2817 3092 2980 3158 vitiis,
3005 3092 3199 3164 quibus
3233 3089 3437 3148 nul‘ium
3461 3105 3620 3157 opus.

378 3187 583 3246 tiones,
609 3186 820 3254 aliaque
850 3184 901 3238 id
956 3201 1125 3254 genus
1175 3189 1494 3244 resecuissc.
1519 3191 1721 3245 Vereor
1755 3203 1958 3259 tamen,

383 3291 448 3328 ne
479 3283 536 3328 et
570 3275 756 3344 gloriae
810 3277 971 3343 paulo
1012 3276 1221 3331 avidior
1260 3295 1352 3332 eos
1404 3296 1631 3349 pannos,
1678 3282 1730 3334 in
1787 3282 1958 3352 prima

382 3367 691 3435 scriptione
738 3368 991 3427 omissos.
1049 3373 1283 3438 repetito
1335 3371 1534 3427 deinde
1586 3374 1734 3443 operi
1791 3374 1958 3427 inter-

387 3459 647 3509 texuerit.
711 3456 837 3512 Haec
904 3459 1018 3526 ipsa
1069 3467 1236 3524 certe,
1277 3477 1396 3530 quae
1449 3478 1479 3515 a
1541 3464 1728 3517 codice
1791 3463 1960 3535 Regio

390 3545 584 3600 abesse
609 3549 865 3616 dicimus,
889 3551 1028 3604 nihil
1073 3551 1138 3605 ad
1185 3553 1466 3606 historiam
1501 3556 1767 3624 pertinent
1803 3573 1816 3608 :
1852 3558 1961 3610 imo

390 3636 704 3692 historirain
740 3656 926 3694 rerum
980 3644 1174 3696 seriem
1221 3645 1645 3715 interrumpunt,
1671 3656 1726 3701 et
1771 3646 1958 3700 lectori

390 3732 461 3778 ad
499 3731 697 3797 maiora
729 3731 1006 3786 festinanti
1052 3749 1254 3787 moram
1284 3737 1568 3806 obiiciunt.
1603 3739 1804 3792 Tamen
1833 3738 1958 3807 quia

399 3818 455 3870 in
488 3821 604 3881 illo,
639 3841 735 3891 quo
771 3839 910 3879 usus
949 3833 1032 3878 est
1068 3825 1318 3894 Wollius,
1361 3829 1546 3884 codice
1588 3831 1961 3900 manuscripto

387 3930 517 3966 mtm
549 3917 719 3972 locum
754 3918 1079 3972 obtinebant
1101 3936 1258 3989 quem
1285 3922 1338 3974 in
1367 3922 1521 3977 libris
1547 3923 1706 3977 editis
1735 3923 1956 3986 habent,

381 4022 492 4057 non
525 4007 649 4058 ausi
701 4023 894 4062 sumus
945 4024 1006 4062 ea
1037 4010 1156 4063 loco
1215 4027 1431 4068 movere
1455 4023 1509 4066 et
1540 4014 1644 4067 alio
1671 4017 1908 4086 relegare
1943 4034 1955 4068 :

376 4099 472 4151 sed
538 4100 764 4160 eadem,
816 4111 868 4154 et
919 4101 1022 4155 alia
1063 4104 1307 4172 qumdam
1355 4107 1508 4160 uncis
1551 4108 1790 4170 inclusa,
1852 4125 1955 4161 nou

368 4203 720 4257 comparere
747 4190 800 4241 in
825 4191 1006 4246 codice
1036 4191 1221 4264 Regio,
1265 4195 1518 4251 lectorem
1560 4199 1838 4253 admoneri
1876 4215 1960 4252 sa-

366 4282 440 4332 tis
460 4297 606 4334 esse
634 4281 955 4348 pumvimus.

2063 3189 2414 3259 quantumvis
2469 3195 2668 3240 tersum
2726 3196 2782 3241 et
2833 3187 3114 3250 limatum,
3160 3199 3349 3240 carere
3401 3184 3623 3238 omnino

2063 3289 2281 3350 potest:
2326 3295 2449 3348 qua:
2499 3279 2718 3349 quidem
2762 3278 2892 3336 vitia
2949 3286 3012 3333 ut
3065 3279 3376 3348 plerumque
3423 3289 3521 3328 nos
3566 3275 3620 3330 in

2063 3373 2537 3428 lucubrationibus
2583 3371 2788 3426 nostris
2831 3369 3044 3434 fallunt,
3071 3371 3144 3422 ita
3202 3369 3254 3423 itt
3303 3367 3496 3423 alienis
3537 3366 3622 3420 vix

2063 3482 2302 3536 unquam
2363 3465 2594 3536 fugiunt.
2655 3463 2918 3534 Equidem
2983 3475 3077 3516 eos
3134 3472 3355 3525 naevos,
3408 3458 3624 3527 corpori

2063 3559 2306 3628 alioquin
2361 3560 2582 3628 egregio
2634 3557 2935 3626 inspersos,
2988 3563 3045 3608 ut
3095 3554 3392 3606 exinterem
3430 3552 3624 3605 sedqu

2062 3667 2281 3722 operam
2335 3649 2459 3705 dedi
2495 3667 2508 3702 :
2549 3664 2649 3704 nec
2685 3664 2772 3702 me
2820 3662 2886 3704 ea
2936 3661 2995 3701 re
3029 3645 3281 3716 iniuriam
3311 3642 3509 3698 \Volllo
3541 3643 3625 3696 le-

2061 3751 2202 3798 cissc
2259 3743 2516 3806 arbitror,
2562 3739 2655 3795 sed
2711 3739 2779 3794 de
2827 3753 2897 3793 eo
2947 3739 3084 3792 bene
3132 3737 3400 3791 meruisse
3433 3735 3518 3788 aio
3569 3743 3625 3789 ct

2059 3833 2352 3890 contendo.
2402 3833 2510 3887 Nec
2558 3833 2700 3887 enim
2737 3831 2862 3900 quia
2903 3830 3053 3884 illunt
3081 3830 3377 3884 identidem
3413 3830 3622 3898 lapsum

2063 3926 2296 3994 corrigo,
2339 3925 2542 3977 idcirco
2579 3937 2665 3976 me
2713 3922 2796 3978 vel
2820 3921 3136 4008 .doctioretn
3173 3930 3353 3977 statuo
3387 3921 3471 3976 vel
3498 3919 3623 3974 dili-

2063 4020 2392 4089 gentiorem;
2432 4029 2607 4084 neque
2644 4016 2695 4070 ci
2731 4022 3020 4085 propterea

2509 4220 2518 4228 ν
2587 4198 2671 4250 det
2681 4197 2872 4251 rabere
2923 4197 3096 4250 ausim

2170 4267 2472 4335 linit-cuicui
2501 4271 2658 4336 capiti
2693 4275 2854 4322 multa
2892 4282 3013 4320 cum
3047 4269 3201 4322 laude
3235 4283 3514 4328 coronam.

448 4438 662 4492 Varias
722 4439 985 4494 lectiones
1047 4442 1330 4512 plerasque
1395 4448 1756 4515 suppeditavit
1820 4449 1958 4502 idem
2000 4464 2038 4515 ι)
2108 4447 2195 4498 -lu
2237 4447 2379 4498 hunc
2408 4447 2625 4498 modum
2661 4456 2765 4500 tam
2796 4446 2979 4501 Graeca
3007 4463 3168 4517 quam
3198 4448 3384 4503 Latina
3416 4463 3445 4502 a
3469 4449 3628 4504 nobis

367 4531 741 4583 bibliotheca!
791 4529 971 4600 Regia:
1033 4538 1239 4600 codex;
1298 4553 1495 4605 paucas
1557 4554 1680 4591 vero
1724 4540 1770 4593 is
1813 4541 1966 4610 cuius

368 4635 663 4674 numerus
696 4631 780 4674 est
810 4623 970 4686 2078,
1002 4639 1188 4691 parum
1228 4626 1296 4678 ab
1342 4627 1500 4680 editis
1544 4628 1821 4693 diversus,
1861 4633 1960 4682 nisi

365 4711 521 4778 quod
556 4712 618 4763 in
659 4711 920 4764 librorum
959 4720 1014 4766 et
1059 4715 1294 4782 capitum
1349 4717 1962 4795 divisioncdiscrepat:

363 4805 552 4856 libros
590 4809 779 4854 autem
827 4817 935 4854 non
1000 4804 1181 4871 plures
1228 4806 1470 4858 continet
1501 4823 1661 4874 quam
1712 4818 1964 4876 quatuor,

365 4893 608 4946 tametsi
646 4893 896 4960 prteﬂxus
926 4903 1010 4947 est
1043 4895 1200 4948 index
1240 4895 1496 4948 librorum
1529 4914 1645 4952 sex.
1698 4897 1963 4953 Monodim

366 4986 522 5046 duae,
556 5001 646 5038 ea:
680 4984 890 5037 scilicet
917 4999 1038 5052 quae
1095 4986 1306 5039 initium
1364 4987 1482 5040 libri
1529 4989 1722 5042 decimi
1754 4993 1959 5043 consti~

367 5083 571 5132 ruunt.
608 5073 884 5140 castigata:
939 5084 993 5128 ct
1051 5076 1252 5144 aliquot
1310 5077 1630 5132 lectionibus
1685 5079 1958 5133 illustratae

359 5170 618 5218 luerunt
667 5178 734 5216 ex
783 5166 970 5218 codice
1022 5167 1333 5222 Colhertino
1384 5169 1562 5231 4950;
1601 5171 1754 5239 cuius
1807 5173 1962 5225 nobis

352 5258 602 5324 rupium
646 5255 776 5309 fecit
815 5255 905 5309 Vir
951 5272 1112 5326 quam
1169 5260 1358 5313 doctus
1399 5263 1801 5326 lamentabilis,
1838 5263 1964 5317 Ste-

354 5351 606 5415 phanus
674 5346 947 5402 Baluzius.
1023 5348 1322 5402 llahuiutns
1396 5362 1650 5418 praeterea
1709 5355 1966 5408 lectiones

355 5439 704 5499 n-tnnullas,
743 5454 805 5492 ex
839 5432 1096 5493 Vaticano
1129 5441 1312 5493 codlce
1349 5442 1648 5510 descriptas
1700 5443 1960 5496 Frideriri

350 5530 738 5601 ltastgaardii
774 5531 952 5584 studio
984 5540 1039 5584 et
1065 5533 1364 5602 diligentia.
1404 5533 1507 5586 Sed
1542 5553 1656 5598 cas,
1683 5535 1805 5603 quia
1840 5552 1963 5590 sero

346 5629 559 5678 allatae
618 5630 768 5683 sunt,
828 5623 1092 5690 perfectis
1145 5639 1340 5694 nempe
1389 5634 1443 5678 ct
1494 5627 1599 5695 iam
1657 5627 1757 5680 sub
1802 5627 1965 5696 prmio

347 5711 775 5783 multiplicatis
802 5714 867 5766 iis
897 5715 1107 5785 paginis
1126 5717 1189 5769 ad
1212 5733 1343 5781 quas
1373 5719 1734 5787 pertinebant,
1758 5719 1772 5771 i
1799 5720 1962 5774 'circo

2069 4550 2225 4590 nucza
2256 4547 2310 4590 et
2351 4537 2622 4604 recognita
2676 4537 2916 4592 luerunt.
2945 4539 3024 4592 Ad
3058 4540 3169 4604 hac
3217 4539 3335 4594 libri
3367 4555 3504 4593 nova
3538 4555 3628 4593 ra-

2077 4633 2224 4683 tione
2252 4630 2431 4695 divisi;
2451 4630 2704 4698 quoniam
2728 4630 2780 4683 itt
2813 4630 3082 4700 prioribus
3109 4633 3441 4687 cditionibus
3474 4635 3628 4703 capi-

2069 4733 2140 4782 ta,
2168 4729 2373 4775 temere
2401 4729 2454 4774 cl
2479 4721 2808 4777 inconcinne
2839 4738 3058 4790 prorsus
3081 4723 3305 4793 digesta,
3335 4724 3498 4778 etiam
3524 4741 3629 4779 ttu-

2070 4809 2231 4862 meris
2280 4809 2560 4862 carebant.
2584 4808 2795 4862 Addita:
2828 4811 3064 4864 minores
3083 4811 3371 4867 sectiones.
3403 4812 3627 4867 Pralixa

2072 4900 2298 4967 singulis
2323 4900 2593 4970 capitibus
2609 4911 2949 4969 argumenta,
2981 4917 3072 4957 seu
3093 4902 3380 4973 breviaria,
3405 4907 3631 4976 vulgatis

2069 4991 2399 5060 accuratiore
2429 5000 2484 5044 ct
2511 4991 2575 5044 ad
2600 4991 2904 5046 sectionum
2931 5009 3184 5050 numeros
3204 4999 3628 5054 accommodata.

2067 5083 2228 5143 Anni,
2261 5097 2498 5145 menses,
2519 5081 2656 5142 dies.
2684 5083 2923 5139 siderum
2939 5098 3084 5141 ortus
3112 5097 3168 5142 et
3189 5091 3388 5156 obitus,
3421 5091 3551 5146 solis
3583 5101 3636 5146 et

2076 5177 2214 5226 Intne
2241 5173 2564 5236 defectus,et
2592 5175 2720 5230 varii
2750 5178 3050 5245 temporum
3078 5179 3420 5236 characteres
3449 5183 3632 5238 subin-

2071 5272 2136 5317 de
2175 5263 2441 5316 adnotati.
2469 5264 2801 5330 Seuteutias,
2835 5276 2888 5321 et
2915 5269 3104 5322 crebra
3127 5269 3194 5323 de
3220 5272 3459 5326 moribus
3490 5275 3634 5341 indi-

2073 5359 2176 5415 cia,
2211 5355 2336 5409 itent
2375 5357 2477 5411 alia
2531 5358 2772 5426 quaedam
2800 5359 3016 5415 levioris
3057 5362 3334 5427 momenti,
3369 5380 3436 5417 ne
3479 5371 3630 5420 eneri

2075 5457 2254 5502 essent
2279 5449 2630 5515 unirginibus,
2656 5452 2907 5507 omittere
2923 5454 3095 5506 visunt
3120 5462 3218 5504 est.
3241 5453 3387 5507 Note
3417 5456 3630 5522 breves,

2077 5543 2164 5593 tibi
2196 5557 2331 5609 opus
2376 5542 2726 5613 fuit,adicct:e
2757 5545 3075 5599 :uberiorcs
3094 5548 3307 5615 reiecta:
3337 5550 3403 5604 ad
3430 5555 3632 5606 calcent

2075 5633 2202 5685 tomi
2239 5634 2483 5688 secundi.
2503 5634 2676 5691 Porro
2705 5637 2758 5691 itt
2793 5637 2879 5691 bis
2906 5637 3108 5709 primas
3127 5650 3315 5696 tenent
3335 5643 3636 5700 doctissimi

2075 5725 2326 5794 Ducangii
2355 5725 2505 5780 Neue
2521 5727 2847 5796 posthumte;
2867 5743 3000 5798 quas
3023 5733 3180 5799 paulo
3202 5734 3478 5804 postillius
3499 5753 3643 5794 mor-
