3992 6208
280 283 343 345 15
1587 275 1851 337 ΙΟΛΝΝῙ

1958 274 2147 335 [301V]
2161 274 2239 334 NI
2292 312 2297 319 ι
2829 276 2843 288 ”
2870 298 2875 303 ι
3443 270 3508 333 1'6

272 411 382 455 tem
420 414 552 455 mea:
584 398 706 454 ﬁdei
754 387 1454 466 commendaverat‘optimi
1483 394 1651 464 patris
1707 392 1848 449 [ilius
1870 398 1924 460 Α
1955 394 2134 448 tribus
2168 406 2278 447 non
2309 390 2437 447 totis
2462 390 2722 458 exceptis,
2745 386 3000 458 castigati
3028 400 3093 442 ex
3118 385 3384 442 Vaticano
3414 404 3511 442 ex-

268 490 623 563 dignissimus
652 488 940 560 Philippus
978 487 1306 556 Ducangius,
1338 486 1581 540 Francia:
1604 493 1839 553 qmestor

269 583 415 653 apud
442 582 709 637 Pietavos.
736 580 836 635 llis
879 578 1129 650 partibus
1162 593 1226 633 ac
1259 576 1504 631 numeris
1531 574 1699 630 editio
1724 573 1844 629 haec

274 674 437 745 ltegia
487 671 671 728 differt
718 685 749 725 a
795 670 1027 742 vulgatis
1060 687 1073 725 :
1102 684 1240 741 quas
1289 684 1392 738 ego
1420 667 1487 722 ad
1516 666 1663 721 hunc
1696 664 1840 721 diem

271 779 445 835 usque
493 779 603 819 non
655 763 840 834 plures
889 763 997 819 vidi
1031 777 1191 832 quam
1241 774 1503 831 quatuor;
1535 774 1628 814 sex
1652 749 1844 835 {tamen

271 831 612 925 prodierunt,
641 831 737 911 aut
757 855 947 911 saltem
967 831 1230 924 quinque.
1251 852 1484 907 Primam
1512 864 1657 905 anno
1705 831 1845 904 i559

273 949 458 1005 Graec
490 956 544 1025 et
575 948 765 1003 Latine
811 948 865 1002 in
898 946 1189 1002 Germania
1233 945 1503 1016 prodiisse
1535 942 1846 997 Fridericus

278 1040 669 1112 ltostgaardius
720 1038 1010 1109 colligebat
1067 1053 1131 1093 ex
1180 1035 1447 1092 Wolﬁana
1503 1033 1844 1100 Prml‘atione,

274 1148 370 1188 seu
425 1132 609 1203 potius
660 1131 903 1202 Epistola
952 1128 1372 1200 prosphonetica
1428 1127 1496 1181 ad
1551 1125 1846 1180 Antonium

276 1226 313 1281 F
322 1202 607 1297 aggerum,
649 1222 740 1278 illo
789 1222 907 1294 ipso
929 1238 1074 1277 anno
1104 1223 1249 1277 data.
1278 1220 1390 1275 Hoc
1420 1221 1599 1290 posito
1626 1202 1723 1289 (ὁ),
1759 1231 1847 1271 se-

274 1318 448 1372 cunda
478 1308 646 1371 fuerit
672 1330 734 1371 ea
762 1331 884 1386 quas
912 1313 1102 1369 Latine
1135 1313 1339 1384 prodiit
1366 1312 1587 1367 Basilete
1612 1326 1661 1368 a.
1688 1310 1847 1365 1562.

273 1408 477 1474 Tertia,
531 1422 651 1478 quae
711 1405 830 1461 Lat.
891 1405 1063 1461 Paris.
1122 1420 1176 1460 a.
1232 1404 1389 1460 l567.
1449 1402 1676 1469 Quarta,
1731 1415 1851 1472 quae

274 1500 477 1566 ltalice,
507 1500 806 1569 interprete
844 1496 982 1552 Lud.
1026 1495 1201 1561 Dulci,
1226 1501 1519 1550 accurante
1548 1493 1850 1564 Augustino

273 1591 576 1656 Ferentilli,
606 1587 804 1647 Venet.
840 1604 892 1644 a.
928 1588 1067 1643 1569
1123 1586 1263 1642 ind.
1289 1586 1511 1653 Quinta,
1548 1600 1668 1655 quae
1725 1583 1848 1639 Lat.

272 1681 617 1738 Franeol‘urti
689 1681 756 1736 ad
819 1680 1099 1743 Moenum,
1159 1694 1210 1734 a.
1267 1677 1425 1732 1587.
1480 1676 1667 1741 Sexta,
1730 1690 1851 1741 qum

1947 484 2214 554 emplari;
2247 498 2370 539 cum
2398 496 2507 552 quo
2540 481 2804 536 lectiones
2836 479 3029 534 dubias
3057 478 3390 534 contulimus
3413 495 3512 549 per

1948 576 2092 630 viros
2124 574 2547 640 eruditissimos,
2581 587 2718 642 quos
2752 571 2954 626 laboris
3000 571 3166 639 hujus
3197 586 3296 640 per
3324 587 3385 628 se
3424 571 3511 626 in-

1947 660 2085 733 grati
2120 660 2338 714 tmdium
2370 675 2432 715 ac
2478 659 2754 714 fastidium
2786 667 2977 713 nostra
3016 666 3070 713 et
3098 659 3329 728 publicae
3356 657 3543 713 utili—‘
3634 719 3639 723 ,

1949 752 2075 807 tatis
2106 767 2267 805 causa
2300 749 2445 805 ferre
2476 765 2582 805 non
2619 750 2811 820 piguit.
2845 748 3031 818 Itaque
3063 749 3129 804 iis
3160 749 3262 805 hoc
3286 750 3430 817 loco,
3462 752 3510 806 si

1949 842 2108 899 facile
2139 848 2478 912 paterentur,
2524 856 2748 912 magnas
2781 842 2983 912 gratias
3021 856 3337 912 ageremus;
3372 858 3511 914 prte-

1950 934 2139 991 scrtim
2174 934 2462 989 abbatibus
2494 931 2905 996 illustrissimis,
2950 931 3244 987 Laurentio
3276 933 3510 988 Alexan-

1949 1028 2047 1083 dro
2093 1026 2412 1098 Zaccagnio,
2462 1035 2515 1081 et
2545 1024 2611 1080 lt.
2652 1023 2715 1081 P.
2763 1025 2828 1079 D.
2855 1023 3129 1088 Delmiro;
3182 1026 3273 1094 qui
3322 1025 3512 1079 biblio-

1951 1118 2121 1172 theca:
2150 1116 2421 1171 Vaticana;
2460 1115 2698 1187 prafecti
2729 1114 2997 1170 creditum
3028 1114 3130 1170 sibi
3188 1116 3517 1184 pretiosissi-
3610 1175 3614 1185 ,

1952 1224 2100 1263 nium
2135 1209 2448 1263 thesaurum
2482 1222 2545 1263 ea
2575 1199 2683 1261 ~lide
2732 1208 3001 1275 integrum
3040 1219 3092 1261 et
3127 1206 3386 1262 illibatum
3414 1224 3514 1261 cu-

1953 1301 2218 1365 stodiunt,
2275 1310 2351 1355 ut.
2382 1308 2563 1353 tamen
2608 1297 2862 1369 ma'gnum
2896 1313 2963 1351 ex
3000 1313 3067 1351 eo
3116 1300 3515 1354 communicato

1955 1393 2187 1445 fructum
2221 1406 2413 1445 omnes
2441 1391 2641 1445 eruditi
2675 1389 3001 1459 percipiant,
3035 1398 3194 1457 atque
3217 1405 3281 1445 ex
3310 1390 3396 1443 illa
3430 1403 3515 1444 to-

1953 1483 2060 1537 tius
2111 1482 2336 1537 litterati
2371 1481 2518 1535 orbis
2553 1481 2675 1536 luce
2724 1480 3019 1550 conspicua
3050 1481 3255 1534 clarum
3306 1482 3406 1537 sibi
3452 1497 3517 1535 ac

1953 1572 2068 1627 suis
2101 1571 2283 1627 lumen
2316 1570 2638 1626 accendant.
2676 1569 2749 1624 Ex
2778 1570 2868 1624 illo
2901 1571 3019 1641 ipso
3054 1569 3311 1625 Vaticano
3338 1586 3520 1626 exeni-

1955 1664 2094 1735 plari
2128 1665 2318 1728 libros,
2350 1675 2409 1719 ut
2433 1665 2542 1736 jam
2580 1664 2711 1728 dixi,
2743 1665 2981 1734 quinque
3014 1664 3253 1733 integros
3279 1663 3519 1719 Frideri—

271 1776 456 1832 Gmce
514 1783 569 1830 et
612 1773 830 1838 Latine,
886 1772 1127 1828 Colonia:
1165 1771 1532 1838 Allobrogum,
1580 1784 1632 1823 a.
1689 1767 1846 1835 1615⁶
1887 1744 1927 1801 Β
1955 1772 2052 1812 eus
2082 1755 2473 1829 Rmtgaardius
2515 1773 2609 1827 per
2646 1758 2920 1811 hominem
2954 1755 3250 1820 eruditum,
3290 1756 3515 1825 popula-

273 1866 515 1923 Hankius
561 1865 811 1936 Gregorii:
865 1862 1156 1918 Historiam
1214 1858 1454 1914 Coloniae
1519 1856 1853 1911 Planieiante

270 1960 434 2017 etiam
496 1974 547 2012 a.
601 1956 666 2012 C.
724 1954 862 2011 1616
919 1954 1121 2010 editam
1173 1951 1461 2015 observat;
1518 1947 1855 2002 Warthonus

272 2052 406 2107 duas
442 2045 929 2103 Francol‘urtenses
973 2051 1266 2108 numerat;
1316 2040 1544 2112 primam
1599 2053 1651 2090 a.
1686 2037 1848 2103 t568,

238 2166 243 2173 η
272 2139 564 2198 secundam
597 2153 648 2193 a.
684 2136 843 2193 1587.

342 2276 402 2331 ln
435 2282 586 2330 torno
613 2269 853 2331 secundo
884 2269 967 2324 usi
1018 2284 1208 2324 sumus
1256 2266 1472 2323 duobus
1502 2265 1849 2337 apographis,

274 2376 508 2437 utroque
564 2378 632 2419 ex
703 2358 985 2417 veteribus
1054 2356 1456 2428 exemplaribus
1509 2355 1697 2411 Reum:
1751 2357 1849 2410 de-

276 2458 505 2529 scripto.
556 2509 573 2543 ἶ

345 2590 589 2646 Primum
624 2585 1017 2660 apographum,
1054 2581 1197 2653 quod
1231 2580 1288 2635 in
1318 2577 1645 2635 bibliotheca
1681 2575 1848 2660 Regia

277 2692 454 2744 exstat
481 2697 713 2739 numero
736 2658 898 2747 ἐιογθ,
924 2679 1086 2735 docta
1126 2688 1181 2733 et
1232 2675 1465 2747 eleganti
1523 2689 1685 2729 manu
1722 2658 1849 2727 ante

276 2778 454 2835 annos
483 2778 610 2848 plus
639 2782 882 2832 centum-
901 2780 959 2827 et
987 2769 1377 2842 quinquaginta
1408 2775 1684 2825 exaratum
1725 2764 1848 2829 fuit,

279 2881 340 2927 ut
377 2870 537 2942 pate‘t
566 2883 632 2924 ex
691 2866 864 2938 ipsius
914 2862 1123 2920 librarii
1153 2858 1599 2930 testimonio,’qui
1631 2864 1852 2929 peracto

278 2979 440 3036 opere
471 2967 586 3018 haec
623 2955 944 3027 subscripsit
974 2971 989 3010 :
1026 2955 1190 3017 Τέλος
1216 2952 1409 3007 ἐλαϐεν
1437 2951 1595 3006 τοῦτο
1625 2950 1687 3002 τὸ
1727 2950 1851 3001 σύνο

1956 1866 2069 1905 rem
2100 1865 2280 1915 suum,
2320 1850 2680 1920 transeriptos
2711 1849 3052 1905 bibliothecae
3085 1848 3265 1923 licgias
3292 1848 3514 1915 dicavit,

1955 1956 2227 2010 suumque
2263 1940 2393 1995 illud
2435 1952 2623 1996 votum
2669 1941 2903 2011 praefixis
2943 1941 3281 2013 elegantibus
3323 1940 3517 1995 heroe-

1954 2032 2088 2102 lcgis
2122 2032 2488 2103 consignavit.
2542 2033 2647 2088 Sed
2682 2034 2750 2088 de
2789 2033 2855 2088 iis
2907 2033 3060 2089 libris
3092 2033 3225 2087 alias
3255 2041 3518 2102 opportu-

1953 2125 2100 2178 nius.
2142 2122 2428 2179 Pertinent
2457 2124 2601 2178 enim
2631 2124 2696 2179 ad
2725 2125 2943 2179 tertium
2978 2131 3206 2176 tommn.

2026 2214 2204 2269 Varia:
2250 2215 2515 2271 lectiones
2546 2216 2705 2270 nullae
2734 2214 2849 2270 fere
2894 2215 2949 2268 in
2976 2214 3138 2284 hujus
3177 2213 3347 2285 partis
3377 2228 3517 2267 mar-

1954 2307 2169 2378 ginibus
2203 2306 2476 2361 adnotatas
2511 2317 2678 2371 sunt;
2730 2308 2987 2377 quoniam
3016 2320 3201 2361 eorum
3226 2305 3511 2366 librorum,

1952 2398 2151 2467 quibus
2184 2406 2403 2453 constat
2424 2397 2514 2453 hic
2548 2408 2748 2462 tomus,
2781 2396 3002 2453 unicum
3029 2395 3515 2465 exemplarposse-

1952 2489 2151 2544 dimus.
2210 2486 2442 2543 Unicum
2495 2488 2651 2545 dico:
2701 2504 2826 2544 nam
2881 2480 3141 2544 Vaticana
3186 2486 3514 2564 exemplaria

1955 2596 2051 2636 nec
2079 2596 2246 2652 penes
2287 2597 2387 2636 nos
2423 2578 2665 2647 fuerunt,
2701 2597 2799 2637 nec
2829 2597 2928 2652 pro
2961 2581 3189 2638 diversis
3218 2579 3515 2650 reputanda

1954 2681 2105 2737 sunt,
2141 2689 2264 2729 eum
2297 2682 2481 2729 nostra
2512 2689 2574 2728 ex
2607 2674 2673 2729 iis
2702 2674 2970 2745 descripta
2999 2675 3129 2729 sint.
3161 2673 3306 2739 Quas
3336 2681 3516 2727 autem

1954 2781 2016 2822 ex
2051 2765 2119 2820 iis
2158 2766 2421 2821 lectiones
2455 2781 2485 2820 a
2519 2765 2651 2821 viris
2693 2766 2866 2844 doctis
2910 2767 3283 2836 suppeditatas
3325 2765 3514 2818 habui-

1955 2874 2095 2920 mus,
2122 2873 2246 2935 eas,
2306 2867 2365 2913 ut
2394 2873 2577 2912 veram
2612 2868 2664 2912 et
2696 2857 2988 2926 genuinam
3025 2856 3369 2925 scripturam,
3405 2870 3515 2909 non

1955 2950 2007 3003 in
2045 2949 2339 3019 margines,
2384 2949 2479 3003 sed
2513 2950 2566 3031 in
2601 2950 2831 3002 mediam
2869 2948 3116 3018 paginam
3157 2959 3212 3002 et
3259 2949 3314 3001 in
3340 2947 3517 3017 ipsum

278 3072 463 3125 ταγμα
504 3056 571 3123 τῇ
615 3046 1060 3120 ὀκτωκαιδεκάτῃ
1107 3045 1202 3099 τοῦ
1247 3043 1570 3116 ὀκτωδρίου,
1613 3041 1722 3095 ἔτει
1765 3058 1849 3111 χι-

1958 3042 2037 3113 (ut
2086 3039 2264 3112 aiunt)
2324 3051 2637 3095 contextum
2702 3042 3114 3103 transtulimus;
3174 3039 3415 3108 exceptis
3452 3037 3519 3092 iis

278 3145 477 3215 λιοστῷ
505 3140 943 3210 πεντακοσιοπῷ
976 3135 1399 3206 τεσσαρακοστῷ
1427 3135 1616 3206 τρίτῳ,
1642 3132 1846 3199 σπουδῇ

278 3240 372 3294 καὶ
399 3237 688 3308 φιλοπονίᾳ
726 3233 1097 3305 Χριστοφόρου
1134 3229 1228 3283 τοῦ
1273 3228 1528 3296 Ἀουέρου
1562 3223 1847 3296 Γερμανοῦ

283 3328 805 3403 μεταγεγραμμένον
828 3342 845 3358 ο
876 3322 1125 3393 δαψιλείᾳ
1151 3321 1209 3375 δὲ
1231 3319 1329 3373 καὶ
1348 3316 1595 3388 φλογερῷ
1625 3316 1759 3386 πρὸς
1783 3317 1849 3369 τὰ

285 3421 586 3491 μαθήματα
631 3417 783 3488 πόθῳ
832 3412 1105 3485 Γεωργίου
1157 3410 1252 3465 τοῦ
1312 3408 1705 3481 ’Δρμηνιακοῦ,
1757 3408 1848 3462 τοῦ

296 3509 591 3565 Ῥουθινων
616 3505 712 3561 καὶ
742 3505 968 3575 Βάϐρων
997 3501 1315 3563 ἐπισκόπου,
1349 3498 1486 3567 πρὸς
1528 3496 1734 3550 Παῦλον
1760 3499 1851 3547 τον

279 3604 482 3673 τρίτον,
517 3598 585 3653 τὰ
612 3599 710 3668 τῆς
752 3593 1049 3666 ἱερωσύνης
1080 3590 1492 3661 οίκονομοῦντα,
1525 3588 1676 3659 παρὰ
1710 3587 1852 3639 Κελε-

281 3694 391 3748 τῶν
434 3691 696 3763 βασιλέως
747 3689 808 3740 ὲν
853 3688 922 3757 τῇ
962 3684 1162 3761 Ῥώμῃ
1188 3686 1255 3754 τῇ
1294 3682 1435 3735 πάνυ
1480 3679 1855 3750 πρεσϐεύσαν-

282 3800 393 3846 τος.
415 3780 467 3836 id
494 3787 582 3835 est
609 3795 624 3808 °
656 3775 964 3830 Absolutum
989 3780 1065 3827 est
1112 3770 1201 3825 ‘toe
1229 3787 1364 3840 opus
1394 3770 1630 3824 Octobris
1654 3770 1736 3822 die
1768 3767 1852 3831 l8,

285 3888 423 3928 am
474 3870 616 3925 1545
661 3863 1020 3936 Cltristopltori
1071 3863 1237 3916 Aweri
1295 3861 1545 3917 Germani
1590 3875 1745 3928 Opera
1794 3875 1856 3913 ac

284 3964 557 4037 diligentia
587 3958 1004 4028 transcriptum;
1031 3954 1387 4024 munificentia
1413 3962 1585 4006 autem
1617 3964 1664 4006 et
1682 3951 1856 4005 studio

284 4059 341 4108 in
371 4054 574 4108 litteras
630 4046 1001 4103 ardentissimo
1062 4043 1272 4114 Georgii
1333 4042 1635 4094 Armeniaci
1670 4038 1857 4107 (D‘Ar-

288 4145 533 4216 magnae)
560 4142 885 4197 Rutenorum
913 4146 962 4192 et
1007 4133 1302 4190 Va‘brorum
1335 4132 1584 4200 episcopi,
1610 4146 1643 4183 ιι
1673 4130 1856 4185 Gallo-

291 4254 406 4291 rum
435 4251 550 4306 rege
576 4236 643 4287 ad
671 4244 941 4292 summum
966 4225 1263 4296 pontiﬁcem
1298 4222 1527 4277 Paulum
1568 4220 1657 4275 ΙΙΙ
1698 4221 1858 4291 legati

294 4329 506 4382 Romam
552 4326 719 4379 missi.
780 4322 857 4377 Ex
894 4322 999 4375 hoc
1030 4318 1150 4373 cod.
1185 4315 1351 4370 libros
1393 4313 1549 4368 Tomi
1578 4313 1733 4368 is1ius
1768 4327 1856 4367 se-

1952 3147 2087 3202 quas
2128 3133 2196 3188 ab
2223 3132 2395 3187 amico
2430 3119 2753 3185 charissimo
2797 3131 3069 3185 Ludovico
3115 3127 3311 3183 Tarnio
3344 3143 3520 3198 nuper

1953 3224 2145 3279 allatas
2173 3224 2241 3279 ad
2279 3223 2481 3279 calcem
2518 3223 2646 3277 tomi
2679 3222 2906 3277 secundi
2938 3222 2990 3275 in
3022 3228 3181 3275 notas
3211 3220 3516 3274 retulimus.

2026 3316 2289 3386 Equidem
2338 3316 2439 3370 hoc
2472 3314 2594 3370 loco
2631 3322 2935 3383 temperare
2968 3312 3099 3367 mihi
3131 3325 3239 3366 non
3273 3325 3519 3381 possunt,

1954 3408 2084 3477 quin
2133 3416 2188 3462 et
2214 3422 2332 3461 mea
2363 3415 2417 3462 et
2447 3404 2742 3476 Nicephori
2772 3404 3026 3473 Gregorae
3056 3418 3217 3457 causa
3273 3402 3516 3464 doleam;

1956 3497 2097 3570 quod
2150 3514 2272 3553 cum
2306 3499 2391 3553 hic
2421 3514 2517 3569 per
2561 3514 2660 3552 nos
2707 3505 2908 3565 posset,
2942 3510 3048 3549 non
3097 3493 3259 3548 modo
3286 3492 3518 3560 integer,

1956 3592 2051 3644 sed
2107 3590 2269 3643 etiam
2314 3601 2491 3644 tersus
2536 3598 2591 3642 et
2631 3588 2865 3649 limatus,
2917 3585 2972 3638 in
3006 3584 3280 3654 publicum
3322 3582 3518 3644 emitti,

1958 3683 2098 3736 idem
2131 3690 2312 3736 tamen
2350 3681 2593 3751 pluribus
2626 3681 2857 3732 fortasse
2892 3676 3119 3730 maculis
3146 3690 3424 3744 respersus
3455 3687 3520 3728 ac

1956 3774 2219 3828 deformis
2250 3774 2424 3827 lucem
2458 3774 2677 3826 demum
2729 3769 2981 3840 aspiciat.
3022 3767 3163 3822 Fieri
3192 3766 3337 3821 enim
3381 3766 3520 3818 haud

1958 3864 2158 3934 potuit,
2200 3873 2259 3917 ut
2303 3879 2410 3916 non
2459 3862 2623 3916 multa
2663 3861 2713 3912 in
2764 3861 3074 3929 apographo
3105 3856 3522 3911 mendosissimo

1958 3956 2147 4010 oculos
2185 3968 2335 4009 meos
2381 3952 2639 4024 fugerint,
2700 3960 2755 4005 et
2804 3951 3101 4002 incorrecta
3136 3945 3517 4000 remanserint.

1960 4044 2181 4099 Poterat
2210 4055 2395 4098 autem
2429 4043 2515 4096 hic
2541 4041 2781 4107 scriptor
2816 4040 2974 4107 longe
3005 4037 3313 4107 castigatior
3342 4035 3455 4090 dari
3487 4052 3518 4088 a

1958 4134 2135 4200 nobis,
2189 4132 2233 4187 si
2281 4148 2401 4201 qua:
2433 4133 2485 4185 in
2540 4131 2738 4199 pl'uteis
2780 4128 3052 4182 Vaticanis
3085 4137 3267 4180 vetera
3308 4134 3524 4180 exstant

1962 4222 2317 4292 exemplaria,
2366 4236 2428 4275 ea
2462 4236 2633 4290 pones
2680 4236 2778 4273 nos
2828 4219 3076 4297 fuissent.
3126 4217 3232 4271 Sed
3268 4216 3522 4269 nimirum

1963 4315 2056 4368 nni
2087 4329 2196 4367 non
2238 4313 2417 4367 omnia
2451 4312 2576 4366 data
2629 4321 2777 4366 sunt.
2807 4296 2961 4376 Quod
2992 4319 3170 4362 autem
3217 4308 3393 4361 facere
3425 4322 3525 4374 ego

291 4419 454 4475 eundi
485 4434 579 4474 sex
632 4415 844 4486 priores
894 4418 1146 4467 accurate
1194 4406 1496 4475 deseiiplos
1527 4394 1671 4475 (nam
1707 4404 1856 4459 codi-
1890 4389 2073 4458 D‘non
2121 4403 2293 4474 potui,
2338 4402 2392 4457 id
2440 4402 2710 4472 quondam
2754 4401 3004 4461 fortasse.
3035 4399 3081 4453 si
3120 4397 3251 4450 tanti
3294 4411 3380 4449 res
3405 4410 3526 4449 esse

292 4527 407 4566 cem
437 4510 610 4577 ipsum
658 4497 964 4576 quominus
997 4497 1344 4573 typographis
1393 4497 1857 4551 committeremus
1934 4495 2255 4557 A‘idebitur,
2284 4494 2492 4548 felicior
2518 4494 2743 4547 alterius
2770 4492 3033 4546 industria
3067 4487 3361 4558 praestabit.

296 4603 481 4674 reiigio
514 4599 670 4655 nobis
701 4599 847 4668 fuit).
875 4596 1013 4667 typis
1046 4590 1428 4663 exprimendus
1456 4587 1784 4641 curavimus.

358 4696 600 4749 Alterum
633 4691 1027 4762 apograplium,
1079 4694 1203 4739 ante
1236 4683 1336 4736 hos
1387 4680 1625 4749 quinque
1677 4691 1852 4729 annos

295 4784 479 4838 Rnnae
528 4782 793 4852 scriptum
833 4786 890 4833 et
936 4792 965 4830 a
1015 4773 1316 4831 clarissimo
1368 4770 1484 4823 viro
1526 4768 1564 4821 I.
1602 4765 1854 4819 Vivantio

296 4875 559 4929 Lutetiam
589 4874 828 4934 allatum,
872 4866 1025 4923 valde
1062 4864 1383 4918 mendosum
1418 4866 1553 4912 erat.
1587 4856 1853 4910 N'mirun
1885 4914 1891 4921 ρ

296 4977 353 5020 ut
383 4963 524 5033 apud
558 4977 679 5025 nos,
733 4963 804 5014 ita
853 4959 1016 5012 etiam
1049 4953 1234 5007 Batnae
1273 4964 1467 5017 magna
1501 4955 1584 5000 est
1613 4944 1856 5014 paucitas

293 5075 481 5115 eorum
509 5056 985 5129 calligraphorutn,
1012 5050 1102 5119 qui
1136 5061 1358 5102 manum
1394 5045 1446 5096 in
1474 5041 1675 5096 Graecis
1701 5055 1855 5094 exerv

293 5153 509 5206 citatam
544 5150 818 5211 habeant;
866 5145 1107 5212 adeoque
1138 5149 1362 5193 necesse
1402 5133 1576 5187 estad
1606 5131 1857 5186 librarios

288 5242 455 5297 rudes
486 5252 541 5296 et
565 5239 850 5310 imperitos
880 5245 1182 5292 recurrere,
1218 5228 1649 5297 quotiescunque
1684 5224 1858 5292 agitur

291 5332 357 5386 de
383 5328 751 5385 exscribendis
779 5324 1057 5382 codicibus
1096 5319 1321 5374 Graecis.
1353 5315 1429 5369 Ex
1454 5330 1519 5368 eo
1549 5314 1858 5383 προδιορίιο

292 5423 563 5494 prodeunt
589 5403 752 5478 hodie
774 5421 828 5475 in
864 5420 1043 5473 lucem
1070 5412 1194 5467 libri
1220 5419 1449 5480 septem,
1475 5406 1563 5477 qui
1596 5406 1857 5475 reliquam

292 5517 455 5585 hujus
489 5517 617 5569 tomi
653 5511 880 5570 secundi
912 5516 1121 5581 partem
1153 5503 1412 5573 explent;
1455 5500 1622 5587 iique,
1655 5498 1859 5553 ultimis

364 5676 436 5747 (b)
478 5628 599 5731 Viti.
633 5669 966 5738 Fabricium,
995 5666 1133 5722 inira
1176 5663 1283 5720 eol:
1315 5662 1385 5718 99
1407 5635 1494 5716 c;

2030 4586 2110 4641 Ad
2142 4585 2392 4640 Latinam
2446 4584 2952 4652 interpretatimiem
2984 4590 3224 4634 nostram
3270 4577 3414 4645 quod
3447 4586 3528 4629 at-

1965 4680 2120 4737 tinet,
2163 4676 2448 4746 scriptoris
2478 4674 2653 4728 Graeci
2688 4681 2925 4726 mentem
2962 4672 3004 4724 si
3039 4686 3123 4723 nte
3154 4669 3351 4736 ubique
3380 4682 3523 4720 asse-

1962 4776 2146 4819 entmn
2185 4767 2353 4818 fuisse.
2402 4764 2683 4825 allirtnetn,
2745 4762 3006 4832 arrogans
3055 4775 3193 4813 sm:
3234 4760 3524 4826 praesertim

1964 4856 2086 4911 cum
2118 4872 2216 4909 nec
2239 4854 2431 4908 Woltio
2463 4854 2586 4923 ipsi.
2614 4852 2871 4907 veterano
2893 4863 2947 4904 et
2971 4858 3201 4902 emerito
3225 4845 3525 4913 interpreti,

1965 4950 2017 5001 id
2049 4947 2360 5016 conligeiit.
2412 4943 2711 4998 Possumus
2742 4958 2869 4996 vero
2911 4951 3143 5006 uterque
3190 4939 3290 4990 hac
3320 4937 3531 4988 ratione

1966 5056 2065 5094 nos
2090 5037 2407 5099 defendere,
2436 5035 2697 5104 quodqui
2731 5033 2868 5086 viam
2903 5032 3103 5083 nullius
3132 5042 3318 5096 gressu
3344 5027 3522 5077 tritam

1966 5129 2322 5200 Ingrediatirr,
2366 5126 2413 5178 ei
2453 5124 2826 5178 didit-illituum
2862 5120 2932 5173 si:
2976 5135 3083 5170 non
3127 5117 3414 5184 ιεὼς-μω
3448 5130 3535 5166 cr-

1964 5232 2059 5275 tnu
2092 5223 2135 5275 ai
2164 5236 2226 5274 ea
2261 5220 2466 5274 lubrica
2493 5219 2564 5270 sit
2591 5224 2645 5269 et
2670 5214 2987 5281 confragosa
3017 5222 3073 5265 et
3095 5211 3321 5266 salebris
3346 5207 3527 5274 plena,

1963 5313 2151 5383 quales
2182 5313 2381 5382 passim
2413 5310 2601 5378 objicit
2635 5306 2973 5376 Nieephorns
3007 5314 3227 5367 noster;
3272 5299 3359 5367 qui
3390 5308 3531 5362 quo-

1965 5407 2065 5459 ties
2093 5406 2307 5474 evagari
2336 5404 2491 5457 libuit
2520 5401 2672 5472 ilibet
2692 5408 2870 5453 autem
2898 5398 3062 5451 nimis
3084 5393 3269 5461 saepe),
3293 5398 3404 5441 tum
3438 5386 3534 5438 de-

1965 5512 2112 5552 mum
2141 5495 2405 5553 disertum
2436 5508 2492 5548 se
2517 5502 2572 5547 et
2600 5492 2899 5561 elegantem
2927 5487 3119 5548 credit,
3154 5494 3275 5536 cum
3308 5485 3534 5531 senten-
