3992 6208
1682 284 1709 297 ἠ

412 358 487 409 Π
1848 348 2273 414 ΙνῐὶεΕῈΑΤΙΟἰ
3578 341 3659 407 13'

409 466 544 515 tiam
576 476 727 514 suam
762 461 1047 516 verborum
1076 464 1393 534 ambagibus
1423 481 1579 535 quam
1611 469 1840 523 maxime
1865 487 1985 541 per-
2017 474 2058 530 Α
2090 471 2377 525 barbarum
2421 468 2486 524 de
2519 466 2657 523 bello
2686 482 2862 528 sacro,
2895 465 3023 520 item
3052 464 3117 518 de
3150 461 3647 529 Constantinopob-

412 555 591 623 plexis
635 556 913 611 involvere
950 557 1150 627 potuit.

490 645 647 701 Tomi
676 649 837 717 primi
870 649 1099 720 singulis
1123 654 1361 723 paginis.
1392 657 1647 724 quoniam
1681 667 1986 729 temporuru

418 740 566 792 ratio
595 739 648 793 in
678 755 742 794 ea
775 740 1016 796 historiae
1046 746 1325 811 parte‘non
1355 747 1487 801 satis
1516 756 1662 803 certa
1699 765 1819 805 esse
1844 751 1990 805 vide-

422 831 606 892 batur,
660 846 865 885 annum
911 834 1266 901 praescribere
1312 852 1421 891 non
1457 839 1755 907 potuimus.
1803 841 1990 910 Itaque

420 921 535 976 illic
572 938 677 992 pro
729 925 888 979 annis
937 925 1187 996 imperia,
1219 943 1315 984 seu
1373 934 1714 1002 regnantium
1747 933 1991 1004 Impera-

421 1024 604 1066 torum
643 1014 885 1080 nomina,
926 1017 1104 1086 posita
1137 1027 1286 1073 sunt.
1319 1020 1381 1075 In
1415 1031 1562 1099 temo
1594 1024 1857 1088 secundo,
1892 1041 1992 1079 an-

422 1119 528 1156 nos
559 1104 735 1172 ipsos,
767 1106 1019 1169 quoniam
1052 1107 1120 1163 de
1150 1109 1221 1167 iis
1265 1115 1569 1178 constabat,
1604 1114 1956 1184 apposuimus
1977 1157 1993 1182 ,

426 1194 824 1261 imperatorum
880 1203 1066 1250 autem
1136 1199 1363 1253 nomina
1421 1199 1729 1255 omisimus.
1782 1200 1995 1272 Quippe

420 1298 552 1337 cum
586 1298 684 1349 per
713 1298 888 1339 annos
916 1285 1104 1341 decem
1135 1299 1454 1357 perpetuos,
1481 1304 1619 1359 quos
1644 1292 1884 1346 continet
1909 1293 1997 1348 hic

423 1382 629 1434 tomus,
683 1381 923 1441 potestas
967 1376 1315 1447 imperatoria
1353 1394 1524 1448 penes
1552 1381 1691 1436 duos
1728 1382 1997 1458 principes

428 1460 613 1527 luerit,
666 1461 1028 1535 Palaeologum
1068 1475 1125 1520 et
1152 1467 1619 1533 Cantacuzenum,
1657 1471 1848 1528 inutile
1878 1488 1997 1528 esse

430 1550 694 1606 duximus
724 1562 975 1622 repetere
1006 1555 1064 1609 in
1113 1556 1345 1628 singulis
1387 1552 1601 1630 paginis
1633 1560 1709 1625 id,
1739 1552 1883 1631 quod
1909 1577 1996 1616 se-

434 1640 539 1693 mel
585 1640 869 1697 monuisse
898 1644 1034 1699 satis
1065 1644 1227 1701 foret.
1272 1646 1464 1703 Libros
1494 1648 1550 1703 in
1588 1653 1788 1720 capita.
1821 1654 1997 1722 capita

434 1730 487 1782 in
521 1729 794 1786 sectiones
817 1735 1009 1788 eadem
1033 1738 1290 1793 methodo
1317 1739 1622 1807 divisimus,
1647 1743 1826 1810 quain
1853 1753 1998 1799 tomo

436 1821 629 1890 primo.
667 1823 728 1876 In
775 1824 1068 1882 breviariis
1107 1844 1325 1899 quoque
1371 1840 1428 1885 et
1473 1831 1527 1886 in
1568 1834 1714 1888 notis
1752 1837 1997 1890 eamdem

438 1929 664 1981 prorsus
693 1916 963 1972 rationem
995 1920 1169 1975 secuti
1203 1936 1413 1977 sumus.

514 2005 947 2074 Disputationem
998 2026 1125 2067 cum
1179 2011 1448 2079 Cabasila,
1484 2015 1637 2081 libris
1668 2018 1842 2074 tribus
1892 2035 2001 2074 non

447 2093 572 2147 totis
594 2098 1033 2166 comprehensam
1054 2098 1201 2170 (nam
1222 2116 1285 2156 ea
1308 2117 1337 2155 a
1355 2102 1614 2159 vicesimo
1645 2107 1886 2160 secundo
1918 2107 2003 2161 in-

456 2183 647 2237 choato
693 2187 752 2242 ad
801 2190 1126 2244 vicesimum
1158 2202 1409 2261 quartum
1447 2193 1561 2250 fere
1612 2197 1848 2253 mtdium
1904 2214 2000 2253 ex-

449 2280 656 2349 currit),
691 2284 832 2352 quod
859 2285 928 2339 ad
960 2285 1243 2341 historiam
1276 2288 1419 2344 haud
1455 2293 1586 2344 satis
1617 2294 1893 2359 pertinere
1928 2295 2005 2348 vi-

441 2371 684 2435 deretur,
713 2374 782 2429 ad
805 2376 1037 2432 secundi
1071 2377 1362 2435 voluminis
1395 2382 1597 2435 calcem
1632 2383 1856 2452 rejiecre
1886 2386 2004 2439 ani~

440 2477 563 2515 mns
611 2463 846 2532 primum
878 2466 1003 2527 fuit.
1049 2467 1295 2534 Demum,
1343 2486 1412 2525 ne
1441 2473 1697 2526 continua
1745 2474 2002 2530 librorum

438 2552 611 2607 series
660 2553 1097 2625 abrumperetur,
1152 2559 1351 2615 rectius
1381 2560 1651 2615 facturum
1706 2579 1793 2618 me
1819 2565 1999 2619 existit

440 2644 604 2707 navi,
635 2644 684 2699 si
710 2661 869 2700 suum
893 2648 940 2702 ei
963 2662 1026 2703 ac
1053 2650 1329 2718 proprium
1356 2652 1531 2706 locum
1564 2669 1860 2710 servarent.
1888 2655 2005 2711 Una

439 2749 527 2787 me
564 2750 654 2788 res
682 2738 1028 2805 morabatur;
1082 2743 1222 2809 quod
1254 2758 1374 2795 eam
1404 2743 1822 2812 disputationem
1867 2761 2007 2800 non-

437 2826 571 2879 dum
617 2824 813 2881 Latine
857 2830 1165 2895 vertisscm,
1198 2848 1298 2887 nec
1326 2833 1459 2887 mihi
1492 2834 1665 2888 Otium
1697 2846 2008 2905 superesset

435 2916 506 2968 ad
545 2915 702 2970 istud
734 2930 944 2986 quoque
988 2936 1215 2990 pensum
1264 2924 1674 2978 absolvendum.
1728 2926 1869 2981 Inter
1896 2928 2009 2983 haec

433 3009 800 3063 commodum
824 3026 974 3065 suam
1009 3014 1142 3068 mihi
1176 3029 1398 3084 operam
1430 3016 1626 3071 obtulit
1650 3017 1719 3071 Μ.
1750 3018 2010 3074 Claudius

2092 563 2254 626 tanis,
2295 558 2762 629 Peloponnesiacis
2801 566 2856 611 et
2900 553 3269 624 Neapolitanis
3316 552 3646 605 Francorum

2091 653 2554 722 expeditionibus,
2583 651 2780 704 selecta
2810 648 3080 701 variorum
3114 644 3370 715 cpuscula
3403 642 3648 697 contine-

2092 744 2207 808 bit;
2235 759 2299 799 ca
2336 744 2567 805 scilicet,
2596 756 2720 812 quae
2748 739 3041 809 Nicephori
3077 738 3331 808 Gregorae
3362 734 3648 790 Historiam

2091 843 2322 905 possunt
2345 834 2638 887 illustrare.
2670 833 2724 885 In
2758 831 2823 885 iis
2857 841 3049 885 erunt:

2164 923 2204 979 I.
2232 924 2480 980 Narratio
2514 924 2714 978 Nicctze
2743 922 3019 975 (Zhouiatze
3054 919 3121 974 de
3168 917 3361 973 statuis
3389 917 3653 971 Constana

2097 1016 2500 1100 tinopolitanis.
2530 1022 2680 1083 ‘quas
2711 1012 2908 1076 Latini,
2960 1019 3115 1080 capta
3151 1009 3314 1074 Urbe,
3349 1006 3654 1061 contractas

2096 1108 2150 1162 in
2178 1096 2448 1162 monetam
2475 1104 2870 1179 conﬂaverant.
2900 1102 3066 1171 Cujus
3097 1096 3447 1159 narrationis,
3478 1110 3542 1148 ex
3566 1108 3657 1147 co-

2095 1199 2216 1254 dice
2246 1197 2537 1251 Bodleiano
2572 1194 2879 1263 descriptze,
2912 1192 3065 1261 copia
3101 1190 3231 1245 mihi
3257 1202 3289 1242 ι
3324 1186 3439 1241 viro
3469 1183 3659 1239 claris;

2097 1291 2234 1344 simo
2262 1287 2472 1343 Joanne
2509 1285 2738 1339 Ernesto
2764 1284 2961 1339 Grabio
2990 1282 3129 1336 facta
3152 1286 3256 1333 est.

2169 1380 2236 1436 lI.
2267 1378 2533 1433 Theodori
2570 1376 2818 1430 Lascaris
2866 1373 3139 1428 orationes
3170 1372 3311 1426 dum.
3359 1367 3443 1443 I8.
3476 1366 3657 1420 Enco-

2098 1471 2268 1523 Iuium
2305 1469 2474 1540 patris
2502 1468 2639 1536 ejus,
2674 1465 2902 1519 Joannis
2931 1465 3086 1518 Duca:
3111 1463 3242 1531 imp.
3270 1461 3357 1515 2η.
3399 1458 3543 1513 Laus
3571 1470 3661 1511 ur-

2100 1562 2184 1615 bis
2219 1560 2433 1623 Nicaeae,
2467 1573 2530 1610 ex
2563 1556 2685 1609 cod.
2717 1555 2849 1620 Reg.

2170 1653 2263 1706 Ill.
2302 1651 2714 1705 Testamentum
2751 1645 2964 1702 Arscnii
3016 1641 3363 1717 patriarchae,
3390 1638 3598 1694 editum
3629 1653 3659 1691 a

2100 1744 2391 1800 Con-Ierio.

2176 1837 2265 1892 IV.
2313 1836 2613 1904 Athanasii
2635 1831 2957 1906 patriarchae
2989 1829 3056 1883 ad
3097 1826 3368 1882 seniorem
3393 1823 3666 1879 Androni-

2103 1944 2223 1982 cum
2259 1927 2499 1996 epistola:
2533 1936 2584 1979 et
2619 1925 2907 1980 relationes
2953 1920 3195 1983 selectae,
3233 1934 3296 1973 ex
3329 1917 3516 1971 codice
3546 1914 3664 1967 siu-

2104 2018 2301 2087 gulari,
2342 2032 2500 2086 quem
2533 2014 2876 2068 Bibliotheca:
2912 2010 3094 2079 Regia:
3140 2022 3264 2061 cum
3311 2005 3431 2059 aliis
3482 2002 3667 2056 multis

2105 2124 2276 2177 nuper
2305 2108 2525 2161 donavit
2573 2106 2634 2160 C.
2667 2104 2837 2157 Maur.
2885 2098 3172 2164 Tellerius,
3217 2094 3667 2165 archiepiscopus

2103 2199 2208 2253 dux
2236 2198 2583 2252 Rbemensis.

2176 2290 2238 2344 V.
2269 2288 2534 2344 Mauuelis
2556 2287 2720 2343 Philae
2750 2299 2941 2357 poema
2963 2281 3280 2338 historicum
3304 2279 3369 2332 dc
3395 2273 3670 2331 Michaelis
3746 2319 3753 2326 .

2105 2382 2286 2437 Glabro
2320 2382 2482 2436 rebus
2511 2383 2699 2451 gestis.
2735 2396 2797 2433 ex
2850 2377 2956 2432 alio
2998 2374 3120 2430 cod.
3157 2371 3324 2442 Regio
3356 2369 3506 2440 (olim
3542 2366 3667 2422 Tel-

2109 2471 2335 2540 leriauo)
2374 2471 2731 2539 descriptum.

2178 2562 2268 2617 Vl.
2316 2563 2521 2617 Tomos
2577 2557 2977 2632 pseudosynodi
3031 2554 3377 2618 Palamiticze,
3412 2551 3591 2607 editus
3641 2564 3678 2603 a

2107 2654 2454 2711 Combeiisio.

2180 2745 2564 2814 \‘Il.Escerpta
2576 2761 2643 2798 ex
2659 2743 2876 2813 scriptis
2892 2741 3174 2811 Nicephori
3193 2735 3677 2808 Blemmydm,Grc-

2109 2838 2240 2909 gorii
2270 2837 2470 2908 Cyprii,
2492 2835 2754 2890 Theoduli
2789 2832 3063 2897 Rhetoris,
3090 2827 3378 2897 Nirephori
3409 2824 3673 2884 Clttnnni,

2109 2931 2397 2996 Barlaami,
2456 2929 2744 3000 Acindyni,
2811 2928 3062 2986 Palatina,
3128 2922 3330 2978 Nicolai
3392 2916 3675 2982 Cabasilte,

2112 3022 2376 3078 Philutbei
2418 3021 2761 3092 patriarchas,
2816 3018 3006 3074 Medici
3055 3015 3347 3078 Tat'onitm,
3409 3013 3679 3077 Cantacu-

437 3097 948 3168 Cappcronuerius,
989 3103 1325 3169 Licentiatus
1349 3107 1631 3177 theologus
1662 3106 2007 3165 Parisiensis.
2040 3122 2084 3182 ο
2118 3118 2255 3181 τρηῑ,
2289 3115 2544 3171 Demetrii
2569 3112 2817 3187 Cydonii,
2844 3111 3014 3181 ipsius
3047 3108 3321 3185 Gregory,
3352 3104 3679 3166 etaliorum,

441 3190 591 3244 Ilnic
616 3205 739 3261 ego.
772 3191 958 3248 Grece
985 3205 1039 3249 et
1073 3193 1263 3249 Latine
1293 3196 1631 3261 doctissimo,
1664 3198 1821 3252 facile
1854 3201 2014 3268 equi-

450 3284 569 3331 :cm
595 3280 867 3335 adductus
891 3296 1037 3347 sum,
1064 3294 1124 3337 ut
1140 3299 1236 3338 eas
1258 3294 1440 3353 partes
1465 3286 1731 3341 traderem
1755 3304 1770 3351 ;
1795 3302 1862 3342 eo
1883 3303 2017 3357 pric-

444 3371 662 3435 sertim,
718 3374 863 3440 quod
904 3388 1025 3441 quae
1081 3374 1168 3429 ille
1204 3375 1613 3446 interpretanda
1665 3388 2018 3448 suscepturus

443 3461 611 3524 foret,
638 3477 703 3515 ea
727 3472 910 3518 essent
930 3461 1045 3520 fere
1072 3467 1398 3546 dogmatica,
1422 3469 1664 3538 adeoque
1685 3470 1769 3524 vix
1796 3479 2021 3538 possent

448 3552 634 3605 verbis
671 3554 907 3623 propriis
945 3570 1008 3609 ac
1055 3557 1362 3625 perspicuis
1399 3573 1427 3611 a
1458 3573 1730 3627 quoquam
1765 3559 2016 3628 exprimi,

448 3645 560 3700 nisi
606 3646 699 3717 qui
748 3647 806 3701 in
839 3648 1004 3703 rebus
1039 3649 1358 3720 theologicis
1402 3652 1630 3706 multum
1669 3661 1919 3707 versatus
1967 3660 2023 3707 et

455 3739 772 3806 quotidiana
799 3740 1115 3796 scholarum
1147 3758 1248 3798 usu
1275 3743 1536 3798 subactus
1570 3743 1743 3798 foret:
1776 3744 1826 3797 id
1853 3744 2020 3812 quod,

466 3827 514 3881 si
550 3828 635 3881 cui
661 3844 911 3904 unquam,
947 3832 1442 3887 cumulatissimum
1483 3842 1628 3888 certe
1656 3833 1739 3886 isti
1769 3834 2015 3903 contigit.

540 3915 758 3974 Tantum
791 3922 1014 3976 tertium
1051 3904 1385 3978 constituent
1417 3924 1535 3978 libri
1574 3925 2022 3994 quattuordecim;

458 4009 703 4067 historici
744 4013 966 4084 quidem
997 4024 1140 4079 octo,
1169 4011 1454 4087 dogmatiri
1489 4032 1616 4089 vero
1647 4034 1735 4070 sex
1760 4034 1774 4083 ;
1809 4018 1876 4072 de
1904 4019 2026 4088 qui-

456 4103 561 4159 bus
595 4106 675 4160 nil
706 4122 935 4162 necesse
964 4118 1047 4162 est
1084 4108 1297 4178 prafari
1331 4109 1486 4163 initio
1522 4110 1680 4179 hujus
1710 4108 2022 4167 voluminis.

525 4194 740 4251 Tomns
789 4206 1056 4265 quartus,’
1087 4211 1280 4269 praeter
1329 4216 1520 4267 poema
1574 4200 1762 4272 ingens
1809 4201 2023 4258 Gnaeo-

2116 3206 2318 3267 omnia,
2359 3204 2701 3274 paucissimis
2727 3202 2988 3271 exceptis,
3020 3203 3306 3255 anccdota.

2187 3296 2264 3350 Ita
2294 3307 2529 3361 quatuor
2567 3294 2726 3350 tomis
2779 3294 2847 3363 (ε)
2893 3292 3160 3361 integrum
3205 3303 3344 3358 opus
3376 3282 3683 3340 constabit:

2118 3389 2262 3458 quod
2318 3387 2486 3451 brevi,
2538 3394 2596 3440 ut
2648 3400 2829 3455 spero,
2885 3383 3215 3445 absolvetur,
3269 3380 3488 3433 favente
3532 3375 3686 3429 hisce

2121 3475 2316 3530 studiis
2345 3474 2548 3528 nostris
2576 3471 2944 3526 illustrissitno
2961 3469 3179 3531 comite,
3214 3464 3519 3521 cancellarii
3550 3462 3686 3525 tilio,

2120 3565 2450 3635 Hierdnymo
2494 3561 2956 3620 Ponchartrtenio.
3007 3559 3213 3629 Nempe
3260 3557 3349 3612 hic
3386 3556 3453 3611 ad
3503 3569 3687 3610 secre-
3762 3592 3765 3607 τ

2121 3658 2259 3712 tiara
2293 3656 2455 3726 Regis
2497 3653 2726 3709 consilia
2755 3652 3046 3714 admissus,
3079 3660 3244 3718 atque
3273 3647 3445 3719 ipsius
3474 3646 3552 3702 rei
3591 3660 3688 3700 na-
3758 3674 3765 3681 τ

2121 3748 2258 3802 valis
2310 3742 2766 3800 administrationi
2813 3742 3122 3813 praefectus,
3170 3740 3373 3794 artium
3427 3742 3689 3807 praeterea

2126 3845 2182 3891 et
2218 3834 2630 3890 Academiarum
2684 3832 2848 3887 rebus
2879 3829 3197 3886 ordinandis
3243 3827 3528 3890 incumbit,
3570 3839 3688 3883 suc-

2127 3940 2311 3982 cessor
2335 3925 2477 3980 idem
2508 3932 2564 3980 et
2592 3923 2823 3978 annulus
2847 3922 3049 3993 patris;
3096 3936 3257 3991 quem
3286 3920 3592 3975 litterarum
3625 3931 3692 3972 ac

2128 4004 2492 4072 litteratorum
2529 4030 2717 4071 amore
2759 4022 2814 4069 et
2852 4013 3067 4070 exculto
3098 4011 3418 4067 liberalibus
3446 4009 3693 4079 discipli-

2128 4112 2215 4164 nis
2244 4097 2461 4180 iiigenio
2492 4108 2571 4163 sic
2598 4108 2787 4170 refert.
2819 4117 2879 4163 ut
2903 4107 2955 4162 ei
2985 4121 3095 4162 non
3127 4115 3235 4160 tam
3259 4104 3315 4160 in
3341 4117 3502 4160 curas
3529 4116 3690 4172 quam

2130 4204 2184 4257 in
2214 4201 2428 4256 laudem
2458 4201 2790 4258 successisse
2830 4199 3096 4255 videatur.

517 4400 586 4475 (ς)
631 4401 795 4475 T9mi«
818 4400 1063 4475 IllctulV
1087 4401 1247 4475 lucem
1284 4415 1377 4475 non
1421 4402 1664 4472 viderunt.
1705 4404 1770 4452 lix
1798 4402 1898 4475 his
1928 4409 2098 4475 autem
2124 4417 2234 4475 quae.
2253 4402 2334 4475 hic
2370 4402 2786 4475 promittebaptur
2822 4404 3063 4468 pleraque
3102 4404 3276 4466 postea
3310 4396 3605 4462 prodierunt
3640 4398 3699 4448 et

452 4471 659 4513 exstant
678 4464 727 4513 iu
739 4465 1079 4525 superioribus
1100 4466 1241 4514 tomis
1264 4463 1338 4514 vel
1364 4464 1586 4526 proxime
1599 4465 1924 4526 sequentibus
1942 4473 2122 4516 nostris
2141 4463 2469 4517 collectionis.
2494 4465 2634 4516 Eutr.
2658 4465 2811 4514 Pun.
