3992 6208
279 323 352 405 ,19

1372 339 1791 402 NlCEPllORI
1833 343 2213 411 GREGOBAS
2255 347 2449 410 VITA.

3443 350 3519 414 20

289 520 3502 564 ...________________________________________________________

830 710 1860 871 NICEPHORI

1168 1021 1494 1109 VITA.

1995 721 2962 925 GBEGOR/E

1602 1017 2034 1110 OPERA.
2141 1021 2617 1111 ELOGIA.

277 1202 371 1264 Ad
429 1203 530 1268 lu.
583 1206 879 1270 Abbatcm
940 1213 1271 1275 Camillum
1337 1215 1704 1289 Trllcrt'um,
1767 1215 2165 1280 Bibliotheca:
2218 1221 2422 1299 Regia!
2486 1221 2878 1296 Prw/crtum,
2935 1219 3183 1299 scripsit
3237 1189 3538 1280 Joannes.

1725 1323 2054 1385 Boivimts.

1737 1630 2064 1717 VITA.

339 1936 592 2006 Gregorm
613 1936 816 2002 vitam,
845 1952 1099 2010 accurate
1128 1952 1451 2007 enarratam,
1481 1957 1588 1998 non
1616 1942 1688 1995 ita
1716 1940 1829 2011 pri-
1860 1946 1904 2002 Α
1932 1941 2083 1998 Asia.
2122 1920 2524 2013 Paphlagonem
2586 1955 2708 1995 eum
2768 1939 2896 1995 facit
2956 1938 3264 2008 patriarcha
3327 1940 3510 1998 Philo-

271 2030 926 2100 dem-vulgavitMartinus
952 2032 1213 2100 Ilankius,
1255 2036 1338 2089 vir
1355 2036 1548 2091 doctus
1571 2047 1626 2091 et
1649 2036 1702 2091 in
1731 2035 1844 2090 his-

277 2121 434 2176 toriis
468 2120 671 2177 Grzeeis
699 2122 1014 2192 Latinisque
1039 2124 1181 2180 haud
1209 2125 1557 2180 mediocriter
1578 2135 1843 2182 versatus.

273 2210 381 2265 Sed
414 2212 459 2266 is
483 2212 652 2268 libros
670 2212 926 2284 Gregorat
954 2214 1090 2270 alios
1122 2231 1231 2269 non
1265 2216 1494 2282 viderat,
1540 2216 1645 2271 nisi
1672 2219 1844 2273 unde-

269 2303 376 2357 cim
403 2304 634 2371 priores.
666 2305 736 2360 ab
772 2304 1106 2377 Hieronymo
1140 2307 1336 2362 Wolfio
1383 2310 1581 2366 editos.
1623 2312 1754 2380 Ego,
1785 2320 1845 2365 ut

271 2401 396 2448 tute
441 2393 570 2460 scis,
600 2395 787 2450 Ahhas
838 2395 1198 2464 nobilissime,
1238 2399 1477 2471 integros
1527 2402 1844 2471 duodequa-

270 2483 520 2553 draginta
546 2483 743 2548 habui;
771 2484 900 2539 item
925 2484 1030 2538 alia
1055 2487 1304 2555 quaedam
1331 2490 1572 2558 ejusdem
1601 2490 1842 2545 auctoris

269 2575 555 2638 :tneeduta.
594 2590 658 2630 ac
690 2573 745 2627 in
782 2575 849 2631 iis
894 2576 1167 2646 dialogum
1212 2577 1285 2631 De
1321 2577 1620 2649 Sapientia,
1655 2581 1748 2652 qui
1787 2589 1843 2637 et

273 2666 578 2722 Florentius
607 2669 940 2724 inscribitur.
978 2668 1073 2725 llis
1115 2670 1390 2735 omnibus,
1422 2679 1477 2726 et
1527 2672 1648 2726 aliis
1702 2688 1840 2743 prae-

271 2769 419 2813 terea
443 2759 732 2828 aequalium
756 2759 1356 2830 Gregorzescriptorum
1379 2762 1533 2819 libris
1560 2763 1837 2834 perlectis,

220 2863 222 2865 ‘
271 2852 505 2919 plurima
535 2852 776 2906 adhunc
829 2852 973 2907 diem
1020 2851 1213 2922 paucis
1264 2855 1588 2925 investigata
1638 2855 1838 2922 didici;

270 2957 496 3012 remque
542 2944 611 2997 ab
646 2943 869 2998 homine
900 2944 1136 3008 erudito,
1196 2944 1289 2999 sed
1347 2944 1452 2998 illis
1500 2944 1637 3016 ipsis
1679 2945 1840 3014 adju-

273 3033 473 3088 mentis
501 3034 787 3099 destituto,
809 3033 923 3101 jam
956 3035 1040 3104 (ut
1097 3034 1358 3104 diximus)
1407 3044 1717 3102 tractatam,
1770 3037 1838 3092 de

271 3140 415 3182 novo
445 3126 717 3196 explicare
752 3127 991 3183 institui.
1031 3127 1296 3183 Caeterum
1337 3129 1381 3182 si
1423 3127 1610 3184 llankii
1652 3145 1834 3186 exenia

275 3220 386 3289 plo,
445 3219 746 3276 alienorum
797 3235 1028 3290 operum
1073 3219 1270 3291 pannis
1315 3220 1558 3289 undique
1601 3220 1833 3287 collatis,

273 3311 564 3378 quemdam
601 3310 765 3366 veluti
801 3317 1086 3366 centenem
1113 3311 1432 3377 texuissem,
1461 3311 1666 3366 veritus
1693 3326 1835 3376 sum,

272 3420 346 3458 ne
377 3419 604 3474 parvum
635 3420 734 3475 per
759 3420 819 3461 se
851 3414 1229 3474 argumentum
1264 3406 1319 3460 in
1351 3419 1604 3475 magnum
1635 3404 1838 3461 sensim

271 3497 528 3552 volumen
561 3505 926 3553 excreseeret.
961 3496 1120 3552 Malui
1157 3497 1341 3566 itaque
1378 3495 1514 3551 meis
1551 3497 1749 3559 verbis,
1785 3507 1841 3549 et

271 3590 577 3644 continentt
637 3589 750 3645 fere
801 3589 1136 3654 narratione,
1197 3587 1471 3659 sigillatim
1505 3603 1732 3658 quaeque
1783 3595 1840 3641 et

259 3680 512 3734 breviter
531 3694 1006 3743 commemorare;
1038 3664 1296 3734 nimirum
1321 3687 1383 3732 ut
1406 3679 1565 3748 cujus
1591 3677 1837 3731 historici

272 3772 463 3835 libros,
494 3785 591 3841 per
617 3771 796 3826 varias
818 3771 1182 3827 bibliothecas
1205 3779 1372 3826 antea
1405 3769 1700 3839 dispersos,
1734 3767 1839 3824 tuis

269 3864 578 3936 sumptibus
607 3873 828 3934 tuaque,
862 3863 1044 3919 Abbas
1080 3863 1465 3928 illustrissime,
1515 3861 1839 3918 auctoritate

269 3958 701 4029 collegissemus,
731 3958 850 4028 ejus
883 3964 939 4011 tu
978 3956 1123 4011 dicta
1161 3965 1216 4012 et
1254 3956 1394 4011 facta
1436 3955 1586 4010 brevi
1617 3973 1712 4026 per
1738 3970 1839 4011 nos

273 4052 455 4107 libello
478 4049 876 4126 comprehensa
907 4051 1175 4116 haberes;
1207 4061 1263 4105 et
1305 4049 1433 4104 hinc
1465 4059 1667 4119 quanta
1695 4043 1837 4119 apud
1881 4042 1890 4046 ”

271 4159 402 4200 suos
432 4144 751 4200 celebritate
781 4142 1050 4214 Gregoras
1081 4153 1266 4198 noster
1291 4143 1584 4206 floruisset,
1625 4141 1838 4197 facilius
1863 4203 1866 4207 _

199 4233 240 4313 fg
274 4233 648 4313 intelligeres;
689 4248 788 4288 nec
823 4242 876 4287 te
916 4241 1125 4288 navata:
1175 4233 1305 4288 huic
1351 4233 1608 4303 scriptori
1655 4247 1837 4302 opera:

272 4305 472 4381 nostrae
496 4326 811 4396 paeniteret.
845 4325 962 4381 Non
1010 4341 1131 4381 sum
1183 4335 1365 4380 autem
1406 4325 1546 4382 adeo
1591 4326 1832 4396 iniquus,

241 4431 334 4475 -ιιι
367 4420 469 4474 hac
500 4421 867 4490 qualicunque
895 4420 1032 4489 grati
1055 4419 1224 4474 animi
1257 4419 1657 4491 significatione
1701 4419 1836 4474 satis

239 4493 357 4568 'me
386 4497 498 4567 tibi
560 4527 660 4583 pro
689 4511 868 4567 ofﬁcio
910 4525 1038 4565 meo
1090 4509 1288 4565 fecisse
1331 4509 1638 4564 existimem
1677 4527 1693 4565 :
1734 4525 1837 4565 nec

1866 3273 1914 3332 B

1950 2034 2107 2087 theus
2161 2033 2217 2087 in
2275 2032 2660 2098 Antirrheticis
2711 2030 2811 2102 (1).
2872 2029 2988 2102 Ipse
3045 2030 3100 2085 iu
3169 2032 3377 2105 dialogo
3437 2033 3512 2086 De

1945 2124 2220 2194 Sapientia
2253 2133 2411 2180 vocat
2442 2139 2501 2179 se
2529 2122 2924 2178 lleracleotam.
2971 2123 3312 2180 Avunculum
3359 2135 3507 2180 certe

1946 2215 2136 2270 habuit
2185 2215 2449 2271 Joannem
2508 2215 2584 2285 (2)
2655 2213 2942 2290 Heraclea:
3010 2217 3507 2287 metropolitanum,

1943 2307 2063 2378 ejus
2088 2307 2315 2372 scilicet,
2353 2321 2473 2375 quae
2496 2305 2755 2361 Heraclea
2780 2305 2942 2362 Ponti
2972 2306 3171 2360 dicitur
3212 2314 3267 2361 et
3293 2306 3392 2360 sita
3425 2315 3507 2358 est

1907 2397 2000 2468 vin
2058 2397 2257 2452 finibus
2307 2398 2710 2469 Paphlagoniae.
2774 2399 2850 2453 De
2899 2397 3215 2470 parentibus
3269 2395 3503 2466 aliisque

1943 2490 2189 2560 cOgnatis
2218 2489 2356 2544 nihil
2388 2489 2662 2544 memoriae
2705 2489 2976 2560 proditum
3009 2497 3110 2543 est.

2017 2580 2075 2634 In
2135 2595 2200 2636 ea
2256 2581 2392 2636 urbe
2439 2580 2708 2635 educatus
2759 2582 2933 2651 prima
2977 2578 3202 2649 puerilis
3247 2579 3506 2635 doctrinae

1943 2672 2247 2728 rudimenta
2271 2676 2373 2728 sub
2403 2672 2648 2727 antistite
2668 2673 2934 2729 avunculo
2955 2673 3154 2747 posuit.
3175 2671 3305 2728 inde
3330 2683 3510 2726 trans-

1941 2767 2105 2834 latus:
2126 2765 2436 2836 Byzantium
2467 2764 2543 2834 (3)
2589 2765 2808 2820 tradidit
2846 2781 2905 2821 se
2930 2767 2984 2819 in
3012 2765 3354 2835 disciplinam
3404 2780 3501 2834 pa-

1941 2857 2198 2913 triarchae
2223 2856 2455 2913 Joannis
2482 2858 2732 2929 Glycros,
2764 2859 2857 2928 qui
2885 2859 3028 2928 apud
3072 2859 3217 2914 illius
3267 2857 3389 2912 :evi'
3413 2857 3510 2912 ho-

1940 2951 2120 3007 mines
2141 2950 2539 3008 disertissimus
2569 2958 2623 3005 et
2665 2950 2829 3006 Attici
2851 2953 3118 3006 sermonis
3143 2951 3508 3020 peritissimus
3563 2949 3575 2954 ’

1941 3042 2248 3098 habebatur
2277 3042 2376 3113 (4).
2416 3041 2546 3112 Ejus
2572 3052 2752 3097 autem
2790 3042 3068 3112 pontificis
3111 3043 3508 3097 consuetudine

1938 3133 2222 3188 studiosus
2270 3132 2489 3203 juvenis
2526 3133 2604 3203 (5)
2657 3142 2946 3202 tantopere
2994 3130 3390 3194 delectabatur,
3450 3139 3508 3183 ut

1940 3222 2034 3278 diu
2061 3233 2331 3290 noctuque
2360 3221 2427 3276 ab
2451 3221 2599 3276 illius
2626 3237 2721 3277 ore
2747 3223 3032 3291 penderet.
3095 3217 3350 3276 Vicissim
3403 3219 3503 3292 ipsi

1942 3315 2265 3385 patriarchae
2329 3314 2410 3370 sic
2459 3313 2713 3384 discipuli
2764 3315 2919 3368 stilus
2963 3312 3232 3384 placebat,
3266 3320 3325 3367 ut
3354 3327 3507 3376 eum,

1941 3407 2103 3477 longo
2172 3407 2364 3463 morbo
2413 3406 2731 3463 debilitatus
2775 3405 2890 3475 (6),
2951 3413 3336 3460 testamentum
3397 3403 3505 3458 sibi

1940 3499 2182 3554 scribere
2203 3507 2258 3553 et
2288 3512 2616 3569 componere
2634 3497 2863 3564 jusserit
2884 3496 2982 3567 (7).

2013 3589 2084 3644 Ut
2114 3590 2169 3644 in
2198 3590 2487 3645 rhetoricis
2515 3589 2898 3659 patriarcbam,
2932 3587 3007 3642 ita
3042 3587 3096 3642 in
3123 3584 3505 3642 astronomicis

1941 3695 2198 3753 magnum
2221 3681 2552 3752 logotbetam
2577 3680 2892 3750 magistrum
2912 3678 3265 3735 excellentem
3290 3677 3502 3734 habuit.

1942 3773 2137 3829 Eratis
2160 3771 2492 3829 Theodorus
2517 3771 2841 3828 Metochites
2871 3789 2886 3828 :
2918 3772 3012 3843 qui
3044 3771 3264 3843 quidem
3319 3769 3500 3834 initio,

1939 3867 2062 3922 sive
2092 3867 2348 3936 Gregora:
2381 3865 2747 3922 adolescentis
2773 3865 3057 3937 ingenium
3107 3863 3349 3921 nondum
3376 3877 3507 3932 per-

1940 3968 2190 4025 noverat,
2219 3960 2334 4014 sive
2358 3973 2558 4014 arcana
2591 3957 2945 4012 scientiarum
2978 3965 3184 4010 temere
3230 3955 3502 4026 divulgari

1938 4053 2096 4108 nefas
2120 4054 2368 4124 putabat,
2397 4051 2612 4123 parcius
2655 4065 2779 4106 cum
2816 4066 2882 4106 eo
2913 4051 3348 4121 colloquebatur,
3399 4068 3504 4115 nec

1941 4159 2123 4199 rerum
2171 4144 2538 4216 cognitionem
2587 4142 2850 4214 integram
2924 4141 2974 4196 ei
3043 4143 3501 4199 communicabat.

1940 4236 2146 4292 Deinde
2177 4237 2355 4291 enixis
2389 4235 2640 4305 precibus
2678 4244 2732 4291 et
2758 4234 2825 4289 ad
2865 4235 3303 4304 persuadendum
3346 4251 3500 4291 com-

1939 4328 2114 4398 posita
2142 4328 2386 4398 ejusdem
2407 4327 2659 4382 oratione
2687 4327 2864 4382 victus
2883 4327 3120 4397 perfecte
3143 4337 3200 4384 et
3231 4329 3504 4384 cumulate

1937 4421 1988 4474 ei
2034 4421 2218 4474 omnia
2277 4419 2572 4474 recondita
2625 4407 3078 4488 artis'praacepta
3132 4418 3354 4474 tradidit
3398 4419 3499 4488 (8).

1939 4510 2080 4577 Quin
2127 4519 2183 4566 et
2211 4525 2334 4565 eum
2371 4509 2634 4564 doctrina:
2680 4509 2954 4564 htcredem
3001 4525 3029 4563 a
3076 4523 3137 4563 se
3190 4510 3498 4563 institutum

273 4613 491 4659 tuorum
563 4619 689 4677 erga
743 4618 832 4658 me
885 4604 1202 4658 meritorum
1263 4603 1689 4672 magnitudinem
1757 4603 1836 4659 sic
1863 4617 1906 4677 ο
1937 4603 2250 4673 praedicavit
2290 4601 2622 4656 nou‘semel
2654 4601 2765 4671 (9);
2830 4602 2992 4670 idque
3025 4599 3078 4654 in
3116 4600 3183 4655 iis
3229 4601 3498 4665 versibus,

167 4763 171 4767 _
271 4699 482 4769 ignoro,
515 4706 574 4751 ut
607 4711 767 4767 pares
802 4709 1040 4766 unquam
1073 4693 1354 4750 beneficiis
1403 4694 1604 4764 gratias
1636 4695 1838 4749 relatu-
1869 4722 1873 4729 ι

245 4790 395 4846 ἰὐηι
442 4803 530 4844 me
567 4805 686 4845 esse
724 4790 1013 4845 confidam.

340 4881 572 4937 Circiter
605 4897 807 4935 annum
841 4880 1048 4937 Christi
1086 4879 1244 4944 1295,
1284 4880 1591 4950 imperante
1621 4881 1834 4936 Andro-

271 4974 396 5030 nico
425 4972 666 5036 seniore,
721 4969 1062 5044 Nicepltorus
1111 4972 1381 5042 Gregoras
1428 4984 1590 5029 natus
1645 4980 1730 5028 est
1775 4972 1835 5028 in

345 5131 424 5198 (Ι)
462 5130 584 5185 Lih.
610 5143 705 5192 xtl,
733 5128 856 5198 cod.
895 5143 1008 5198 reg.
1035 5127 1195 5195 1996,
1231 5127 1322 5184 fol.
1351 5130 1479 5186 285.

341 5197 421 5270 (2)
463 5200 730 5270 Gregoras
753 5197 893 5270 Hist.
922 5197 1015 5270 lib.
1042 5212 1116 5263 Ix,
1144 5213 1194 5253 c.
1235 5202 1290 5254 7.

345 5268 422 5340 (5‘)
459 5272 618 5326 Anno
645 5269 844 5340 Christi
869 5268 1026 5323 tato.

342 5338 421 5412 (4)
462 5343 540 5396 Eo
576 5338 908 5412 patriarcha.
943 5355 993 5394 at.
1026 5341 1088 5397 C.
1124 5341 1283 5400 1³517.
1329 5355 1449 5393 cum
1483 5340 1829 5412 Andronicus

272 5407 887 5479 imperator'Justiniani
913 5420 1140 5466 statuam
1170 5419 1500 5476 equestrem,
1540 5411 1683 5463 venti
1726 5411 1828 5464 im-

271 5493 402 5552 petu
425 5489 758 5552 quassatam,
797 5479 974 5536 fulciri
1003 5491 1058 5536 et
1086 5483 1392 5552 columnam
1431 5481 1597 5548 ipsam
1628 5495 1834 5552 suppo-

272 5549 453 5620 Situm
493 5549 742 5620 resarciri
799 5552 1120 5618 curavisset,
1161 5551 1427 5620 Gregoras
1474 5564 1571 5616 per
1623 5550 1834 5620 ligneos

276 5619 502 5689 gradus,
533 5633 562 5672 a
584 5617 752 5672 fabris
775 5622 1115 5677 extrinsecus
1158 5617 1580 5681 circumductos,
1620 5617 1829 5674 facilem

277 5703 562 5743 ascensum
590 5696 780 5742 nactus
805 5697 1038 5744 statuam
1065 5691 1280 5746 curiose
1311 5689 1700 5757 centemplatus
1725 5698 1828 5749 est.

278 5770 440 5830 atque
468 5774 532 5814 ex
561 5771 815 5814 mensura
847 5763 1203 5831 quarumdam
1250 5759 1485 5830 {artium
1530 5759 1694 5813 totius
1735 5773 1828 5814 co-

1936 4709 2074 4762 quos
2126 4692 2277 4748 exsul
2324 4692 2561 4761 scripsit,
2617 4692 2860 4761 apertius
2881 4691 3162 4762 professus
3194 4701 3300 4746 est.
3335 4690 3496 4745 Tanti
3534 4761 3542 4773 ι

1935 4787 2170 4855 denique
2198 4786 2374 4854 ipsum
2408 4783 2559 4848 fecit,
2584 4793 2642 4838 ut
2667 4784 2850 4840 liberis
2873 4785 2988 4840 suis
3014 4800 3153 4855 pene
3178 4785 3502 4853 exaequarit.

1936 4880 2123 4950 Itaque
2172 4876 2509 4932 monasterio
2557 4875 2750 4931 Chorae
2799 4876 3006 4946 magnis
3053 4875 3361 4944 sumptibus
3414 4877 3498 4930 in-

1937 4979 2205 5034 staurate,
2239 4970 2448 5024 socium
2481 4969 2592 5023 illic
2614 4976 2669 5022 et
2697 4967 2997 5036 adjutorem
3041 4980 3165 5020 cum
3193 4966 3263 5021 ad
3312 4968 3498 5023 omnia

1942 5129 2068 5184 lossi
2128 5127 2556 5196 magnitudinem
2599 5122 2886 5196 :estlmavit
2929 5140 2943 5176 :
2981 5138 3044 5177 ea
3087 5124 3310 5196 scilicet
3336 5140 3500 5196 opera

1941 5214 2054 5252 rem
2088 5192 2410 5266 antiquariis
2435 5205 2641 5263 gratam
2697 5192 2876 5248 facere
2917 5209 2976 5247 se
3020 5194 3336 5250 arbitratus.
3370 5192 3501 5248 Vide

1937 5268 2072 5322 Hist.
2100 5270 2194 5322 lib.
2233 5285 2324 5334 vn,
2355 5285 2404 5322 c.
2444 5267 2530 5318 19..

2007 5340 2083 5408 (5)
2123 5331 2493 5393 Αηηυςιιειωε
2527 5334 2745 5389 circiter
2771 5333 2862 5385 9.1.
2901 5331 3035 5389 Vide
3062 5334 3159 5389 lib.
3191 5350 3289 5399 vn,
3321 5348 3374 5388 c.
3408 5333 3496 5393 ll.

1933 5411 2060 5463 3.1.

1996 5475 2459 5560 '(6)“'l'estamenti
2512 5474 2720 5529 scilicet
2770 5472 3051 5537 exordium
3129 5473 3270 5543 quod
3325 5481 3502 5528 exstat

1938 5545 2073 5602 Hist.
2101 5548 2195 5602 lib.
2228 5565 2340 5602 vttt.

2007 5619 2084 5684 (7)
2125 5619 2282 5671 Anno
2313 5614 2511 5670 Christi
2543 5616 2701 5671 1320.

2008 5690 2084 5756 (8)
2126 5687 2241 5739 Lih.
2269 5703 2388 5747 vm,
2414 5701 2464 5739 c.
2493 5684 2545 5756 7.

2006 5755 2082 5828 (9)
2127 5756 2244 5810 Lib.
2282 5773 2392 5823 \‘lll,
2421 5771 2470 5809 c.
