3992 6208
380 333 449 394 27
1468 334 1890 399 NICEPHORI
1923 334 2304 397 GREGOR/E
2345 335 2542 399 VI'I‘A.
3543 340 3614 406 23

382 449 509 514 alia,
541 447 731 504 eodem
763 448 880 505 fere
907 449 1234 522 spectantia,
1266 466 1391 506 cum
1421 450 1668 516 dixisset,
1698 452 1848 507 visus
1869 462 1952 506 est
1978 452 2027 512 Δ
2056 455 2604 517 vehementissimus;
2645 449 2736 521 qui
2772 441 2995 507 morbus
3033 449 3170 521 (59),
3203 467 3298 521 per
3328 452 3611 512 intervalla

383 540 742 617 eruditiorum
815 543 1198 613 episcoporum
1269 544 1515 614 Opinioni
1594 546 1948 613 congruentia

379 631 604 695 dixisse,
648 646 775 687 eum
814 632 1066 699 aliorum,
1120 646 1235 689 tum
1288 635 1521 690 maxime
1566 635 1945 707 Dyrrhachini.

382 724 585 777 Horum
632 726 1012 780 auctoritatem
1042 726 1247 791 caeteri,
1282 727 1375 794 qui
1425 728 1734 795 eloquentia
1769 727 1950 783 minus

381 816 652 878 valebant,
702 820 850 871 omni
902 819 1274 873 contentionis
1320 821 1504 874 studio
1536 820 1750 888 abiecto
1776 822 1948 874 secuti

380 916 529 960 sunt.
578 906 654 960 Ita
686 906 857 962 Gnaei
889 910 1128 963 oblatum
1172 926 1200 963 a
1241 909 1447 964 Latinis
1476 920 1750 964 certamen
1779 909 1949 964 decli-

383 1008 581 1053 narunt
607 988 742 1069 (50).
771 1000 975 1055 Tamen
1009 1000 1323 1056 Barlaamus
1353 1016 1451 1072 pro
1485 1001 1796 1057 Graecorum
1818 1001 1949 1071 dog-

380 1099 526 1145 mate
574 1092 740 1147 multa
806 1104 918 1147 tum
987 1096 1207 1166 scripsit
1261 1096 1370 1166 (51)
1407 1096 1669 1151 adversus
1717 1096 1948 1150 Romani

389 1181 664 1250 pontiﬁcis
693 1183 896 1253 legatos
939 1202 952 1238 :
994 1202 1224 1254 quorum
1266 1202 1436 1255 pauca
1479 1188 1621 1258 typis
1665 1202 1945 1256 expressa,

379 1271 638 1339 pleraque
677 1282 858 1327 autem
894 1283 1109 1329 exstant
1149 1277 1517 1346 manuscripta
1561 1277 1619 1330 in
1667 1277 1949 1333 codicibus

379 1362 546 1430 regiis
573 1362 711 1431 (5‘2).

448 1452 621 1508 Annis
672 1468 737 1508 ex
773 1469 840 1509 eo
875 1464 1085 1523 septem
1121 1455 1322 1527 elapsis
1355 1457 1502 1527 (55),
1541 1456 1684 1512 idem
1719 1458 1943 1513 Barlaa-

380 1556 537 1607 mus,
604 1542 923 1608 Avenione,
981 1559 1089 1613 quo
1135 1545 1203 1601 ab
1264 1545 1591 1616 imperatore
1640 1547 1707 1602 ad
1749 1549 1950 1618 Papam

384 1630 723 1688 clandestina
750 1633 864 1705 (54)
892 1633 1159 1705 legatione
1190 1635 1387 1693 missus
1418 1636 1624 1701 fuerat,
1654 1638 1948 1695 Thessalo-

384 1722 563 1777 nicam
613 1739 865 1780 reversus
913 1743 1136 1798 magnas
1185 1729 1369 1785 turbas
1399 1730 1451 1782 in
1495 1730 1734 1787 Ecclesia
1763 1731 1946 1788 Grrcca

377 1813 676 1894 escitavit;
721 1831 787 1870 ex
845 1817 1044 1885 quibus
1088 1826 1274 1887 postea
1324 1820 1507 1874 multa:
1552 1822 1603 1874 in
1654 1822 1948 1894 Gregorant

384 1886 654 1962 n’tolcstia:
695 1907 1091 1963 redundarunt.
1131 1910 1398 1965 Nimirum
1437 1912 1531 1966 ille
1562 1913 1793 1980 advena,
1827 1931 1949 1970 mo-

378 1997 581 2050 nachos
610 1995 828 2052 Graecos
865 2008 1055 2052 nactus
1080 1999 1172 2068 qui
1204 2014 1265 2054 se
1294 2000 1537 2055 divinum
1578 2002 1762 2057 lumen
1818 2020 1951 2059 ocn-

382 2084 452 2139 lis
475 2086 754 2153 corporeis
788 2086 988 2142 intueri
1024 2088 1320 2154 dicebant,
1368 2091 1855 2148 Massalianismum
1888 2096 1954 2151 iis

294 2226 303 2233 .
382 2184 439 2231 ct
464 2174 1059 2250 Omphalopsychorum
1096 2180 1210 2251 (55)
1250 2197 1492 2238 errorem
1524 2185 1745 2252 obiecit.
1771 2185 1955 2242 Mona-

382 2272 610 2324 chorum
648 2271 1014 2338 patrocinium
1047 2274 1290 2342 suscepit
1332 2276 1415 2328 vir
1446 2290 1656 2345 magna:
1683 2279 1830 2347 apud
1859 2294 1955 2335 eos

383 2361 811 2415 existimationis
834 2403 850 2427 ,
884 2362 1177 2434 Gregorius
1198 2365 1464 2429 Palamas,
1492 2367 1818 2437 jampridem
1841 2370 1956 2440 ipse

382 2441 759 2521 quoque-ideo
794 2461 1051 2515 notatus,
1105 2454 1251 2523 quod
1297 2454 1539 2510 divinam
1595 2458 1954 2515 substantiam

383 2544 556 2599 oculis
579 2544 856 2613 corporeis
891 2545 1060 2600 visam
1089 2561 1120 2600 a
1158 2561 1216 2602 se
1254 2548 1593 2618 iactavisset.
1637 2549 1771 2606 Nam
1810 2552 1957 2608 hunc

384 2637 655 2703 tiregoras
706 2634 844 2705 (56),
897 2645 952 2690 et
993 2636 1041 2689 ei
1082 2638 1461 2707 cegnominetn
1519 2640 1764 2712 Drimyn,
1797 2624 1954 2697 an'te-

385 2740 549 2793 quam
584 2725 699 2796 (57)
745 2724 1063 2782 liarlaamus
1097 2727 1152 2782 in
1202 2728 1466 2784 Grzcciam
1501 2731 1763 2799 venisset,
1798 2733 1847 2787 id
1890 2734 1958 2789 de

387 2832 447 2871 se
473 2816 833 2886 pramiicantes
862 2818 1107 2873 audierat
1126 2861 1142 2886 ,
1167 2827 1224 2874 et
1254 2821 1473 2876 acribus
1508 2823 1618 2889 jam
1640 2831 1752 2878 tum
1778 2825 1957 2879 verbis

392 2919 688 2978 utrumque
710 2910 1139 2979 reprehenderat
1165 2929 1178 2966 :
1201 2912 1457 2981 idemque
1481 2929 1600 2968 eam
1630 2930 1742 2990 rem
1766 2932 1960 2988 magno

387 3001 709 3072 Logothetm
746 3009 802 3055 et
830 3002 1171 3058 antistitibus
1212 3004 1419 3074 aliquot
1449 3007 1623 3061 doctis
1646 3007 1961 3065 declarave-

386 3103 490 3147 rat.
509 3090 574 3147 IIi
601 3108 730 3148 vero
761 3107 887 3149 eam
930 3094 1378 3150 Massalianorum
1409 3097 1634 3153 haeresin
1659 3114 1779 3154 esse
1806 3100 1954 3154 dixe—
1980 3111 2026 3174 α

394 3192 545 3248 rant,
571 3192 629 3239 et
657 3184 928 3254 ejusmodi
976 3185 1257 3239 hominum
1301 3188 1747 3245 consuetudinem
1776 3202 1835 3246 ut
1872 3191 1955 3246 fu-

286 3298 295 3301 *
389 3285 542 3345 geret
586 3285 993 3346 pra-ceperant;
1045 3277 1213 3348 idque
1246 3292 1313 3331 eo
1346 3279 1535 3349 magis,
1570 3282 1713 3350 quod
1761 3298 1955 3339 novam

394 3367 646 3435 hzeresin,
673 3382 737 3422 ex
767 3369 886 3423 aliis
910 3369 1162 3424 omnibus
1194 3370 1502 3437 conﬂatam,
1545 3373 1676 3427 olim
1719 3376 1961 3430 exoritu—

392 3479 507 3517 rant
541 3476 684 3528 esse,
716 3471 769 3517 et
807 3463 1077 3533 generalis
1130 3462 1346 3518 concilii
1382 3462 1606 3522 decreto
1652 3476 1959 3529 correctum

395 3555 487 3620 iri,
525 3555 725 3610 veteris
757 3555 1043 3622 cujusdam
1073 3557 1373 3625 prephetiae
1418 3558 1702 3614 admonitu
1747 3559 1962 3617 didice-

395 3659 539 3703 rant.
578 3648 860 3703 Monachis
894 3650 1079 3717 igitur,
1121 3649 1336 3705 Palama
1368 3650 1508 3706 duce
1534 3692 1548 3714 ,
1592 3668 1692 3721 pro
1741 3670 1843 3708 suo
1874 3670 1964 3708 er-o

398 3755 520 3793 rore
556 3740 1026 3811 propugnantibus
1050 3782 1067 3805 ,
1094 3750 1152 3795 et
1210 3742 1393 3796 lumen
1417 3782 1432 3804 ,
1464 3742 1607 3809 quod
1667 3743 1724 3797 in
1778 3754 1965 3801 monte

394 3832 617 3887 'I'habor
646 3834 948 3905 discipulos
981 3833 1184 3890 Christi
1218 3836 1670 3899 circutnfulsisset
1698 3877 1714 3902 ,
1756 3838 1965 3893 increa-

397 3932 514 3977 tum
544 3922 708 3978 simul
739 3938 793 3979 et
818 3924 1153 3994 asper-labile
1183 3924 1348 3980 fuisse
1383 3926 1798 3991 dictitantibus;
1829 3928 1964 3984 Bar-

396 4013 574 4069 laamo
606 4024 784 4070 autent
811 4015 1014 4069 διοεῐαν
1041 4056 1056 4075 .
1081 4031 1175 4070 seu
1203 4016 1437 4086 duplicis
1474 4016 1570 4070 Dei
1597 4018 1828 4083 cultum,
1868 4036 1967 4091 per

396 4120 519 4161 eam
550 4107 862 4177 Opinionem
899 4107 1079 4162 invehi
1120 4108 1447 4175 allis-mante,
1484 4109 1832 4165 Andronicus
1866 4115 1966 4166 im-

398 4202 617 4262 perator
645 4194 758 4249 litis
789 4195 1104 4249 dirimenda:
1127 4210 1287 4249 causa
1323 4196 1611 4251 concilium
1654 4198 1966 4254 habendum

398 4279 634 4333 censuit.
659 4279 844 4349 Itaque
873 4295 1018 4333 anno
1042 4280 1245 4335 Christi
1286 4281 1444 4344 15-11,
1480 4299 1668 4338 mense
1699 4283 1881 4350 Junio,
1911 4288 1965 4340 in

340 4371 347 4377 ’
401 4369 459 4424 S.
495 4370 709 4441 Sephia:
751 4372 922 4427 a'dem
955 4371 1341 4441 Byzantiorum
1370 4373 1744 4443 ICCIISSItItIﬁc
1772 4378 1966 4433 doctis-

2047 553 2103 599 et
2136 544 2303 600 certis
2344 542 2679 613 temporibus
2723 556 3010 597 recurrens
3032 583 3046 605 ,
3081 551 3190 597 tota
3220 543 3330 598 vita
3376 560 3501 600 eum
3532 549 3613 602 al-

2048 635 2296 691 ﬁictavit.
2330 638 2629 705 Imperator
2660 636 2749 689 illa
2777 635 2865 689 die
2902 635 3161 704 pra'clare
3192 645 3247 690 et
3269 652 3466 707 magno
3495 655 3611 694 om—

2048 731 2200 783 nium
2246 729 2438 799 plausu
2478 727 2839 783 concionatns
2895 728 3179 781 absentem
3246 729 3610 795 desideravit,

2048 834 2224 888 eoque
2257 818 2507 873 auditore
2553 818 2778 873 moleste
2805 818 3000 871 caruit.
3034 815 3307 872 Caterum
3336 818 3411 873 in-
3429 835 3493 874 ea
3527 835 3612 892 sy-

2050 908 2197 963 nodo
2250 909 2380 978 qnid
2413 917 2593 962 actum
2623 909 2694 962 sit
2722 921 2833 961 non
2869 914 3115 970 constat,
3159 916 3441 976 propterea
3468 911 3614 978 quod

2050 999 2194 1053 illius
2257 1000 2356 1053 ωνί
2422 999 2714 1067 scriptores
2760 997 2850 1050 alii
2900 998 3076 1059 aliter,
3124 1006 3179 1052 et
3211 1012 3311 1067 pro
3340 1014 3442 1053 suo
3466 1002 3617 1068 quis-

2049 1105 2156 1160 que
2183 1090 2398 1155 aﬁ‘ectu,
2431 1105 2544 1143 rem
2603 1099 2828 1144 narrant
2867 1088 3005 1157 (60).
3046 1088 3106 1143 In
3137 1103 3206 1144 eo
3257 1100 3434 1145 tamen
3475 1092 3617 1146 Can-

2049 1193 2348 1235 tacuzeuus
2399 1192 2455 1235 et
2505 1179 2773 1250 Gregoras
2826 1177 3212 1244 consentiuu‘t,
3284 1182 3435 1248 quod
3486 1181 3615 1235 Bar-

2049 1273 2284 1326 laamum
2338 1281 2603 1331 uterque,
2657 1270 2867 1338 judicio
2920 1270 3183 1340 iniurioso
3226 1270 3520 1336 oﬂensum,
3564 1272 3615 1326 in

2051 1368 2261 1423 Italiam
2293 1367 2480 1420 dicant
2513 1366 2839 1437 remigrasse
2865 1406 2879 1428 ,
2913 1373 2970 1418 et
2999 1364 3066 1418 ad
3094 1362 3409 1418 Latinorum
3459 1365 3616 1421 inst‘-

2054 1467 2167 1511 tuta
2192 1472 2255 1511 ac
2292 1456 2543 1525 dogmata
2576 1471 2794 1508 rursum
2822 1469 2881 1509 se
2907 1456 3266 1509 convertisse.
3295 1454 3498 1509 Triduo
3532 1456 3616 1509 vel

2050 1542 2344 1619 quatriduo
2391 1556 2511 1613 post
2543 1546 2780 1600 habitam
2834 1546 3097 1616 synodum
3128 1545 3419 1617 imperator
3451 1546 3610 1601 morti

2050 1639 2340 1711 proximus
2366 1637 2433 1692 ad
2486 1636 2779 1707 Gregoram
2821 1636 3012 1700 misit,
3043 1635 3133 1706 qui
3162 1652 3228 1691 ex
3279 1651 3346 1691 eo
3375 1635 3615 1692 sciscita-

2052 1738 2264 1789 rentur,
2297 1726 2584 1781 facilemtte
2612 1724 2951 1779 curationem
2978 1734 3123 1778 astra
3155 1724 3490 1792 Spondercnt
3510 1762 3525 1785 ,
3548 1738 3615 1777 an

1981 1784 2025 1845 Β
2055 1819 2339 1875 conatibus
2379 1816 2717 1871 medicorum
2747 1816 3048 1869 obstarent.
3079 1816 3358 1885 Responso
3384 1815 3618 1870 nondum

2053 1920 2300 1980 accepto,
2338 1910 2392 1963 in
2422 1909 2725 1978 lethargum
2757 1906 3025 1976 relapsus,
3060 1908 3225 1961 vitam
3258 1908 3432 1961 ﬁnivit
3466 1898 3614 1961 Junii

2052 2001 2143 2057 die
2176 2002 2261 2065 15,
2289 2016 2433 2055 anno
2456 1998 2660 2052 Christi
2695 1997 2856 2052 1541.
2882 1997 3068 2052 Tertio
3098 1996 3272 2054 luctus
3302 1998 3390 2052 die
3416 1996 3619 2068 Grego-

2056 2108 2145 2148 ras
2178 2093 2264 2145 vix
2294 2101 2407 2146 tum
2432 2090 2845 2156 convalescens,
2879 2090 3200 2159 patriarcha:
3228 2100 3282 2143 et
3310 2104 3495 2143 eorum
3526 2089 3615 2158 qui

2056 2186 2287 2239 aderant
2328 2182 2523 2237 domus
2560 2183 3164 2250 Augnsue‘principum
3204 2180 3445 2243 hortatu,
3475 2194 3621 2233 mor-

2057 2285 2208 2330 tuum
2238 2276 2621 2344 imperatorem
2653 2271 2813 2326 ﬂebili
2847 2270 3091 2324 oratione
3117 2275 3446 2337 prosecutus
3472 2277 3581 2320 est.

2127 2407 2255 2463 Post
2294 2407 2406 2460 haec
2436 2403 2579 2459 civili
2614 2401 2753 2457 bello
2801 2398 3037 2470 Byzantii
3084 2396 3401 2451 laborarunt
3440 2411 3457 2449 :
3510 2394 3615 2449 Ec-

2056 2499 2222 2555 clesia
2250 2499 2366 2569 ipsa
2413 2494 2741 2566 dogmaticis
2784 2491 3163 2546 Palamitarum
3205 2497 3259 2542 et
3284 2486 3620 2557 Acindynia-

2058 2605 2254 2645 norum
2282 2590 2416 2643 rixis
2440 2586 2771 2658 perturbata.
2807 2584 2937 2638 Nam
2959 2580 3248 2653 Gregorius
3283 2574 3619 2649 Acindvnus,

2056 2682 2337 2736 Barlaamo
2363 2681 2415 2733 in
2456 2679 2660 2734 Italiam
2697 2692 2911 2732 teverso
2934 2715 2949 2738 ,
2976 2675 3208 2730 deserta:
3233 2670 3300 2727 ab
3329 2686 3395 2725 co
3442 2685 3623 2726 causa:

2059 2773 2422 2846 patrocinium
2455 2779 2774 2841 susceperat
2808 2769 2944 2839 (6I);
2982 2776 3038 2822 et
3071 2780 3376 2836 quanquam
3427 2763 3616 2817 eodem

2060 2880 2169 2933 quo
2194 2863 2511 2918 Barlaamus
2544 2871 2690 2916 tomo
2720 2859 2829 2930 (Οἳ)
2857 2858 3137 2929 synodico,
3168 2856 3344 2912 statim
3372 2852 3483 2908 fere
3504 2862 3623 2922 post

2061 2957 2361 3013 Andronici
2410 2953 2756 3023 imperatoris
2810 2960 3085 3015 mortem,
3121 2958 3263 3005 esset
3310 2952 3617 3010 danmatus,

2064 3048 2334 3103 Palamam
2381 3045 2733 3100 nihilominus
2760 3042 3034 3099 variorum
3084 3056 3329 3096 errorum
3362 3052 3618 3092 accusare

2063 3140 2341 3209 pergebat.
2376 3136 2513 3192 llinc
2556 3151 2808 3205 magnum
2842 3135 2985 3190 inter
3019 3132 3292 3203 theologos
3322 3138 3618 3185 certamen.

2058 3229 2325 3301 Gregoras
2350 3270 2365 3294 ,
2398 3228 2558 3297 cujus
2596 3226 2821 3297 paciﬁca
2878 3224 3105 3280 consilia
3142 3221 3279 3276 nihil
3315 3229 3428 3273 tum
3481 3217 3622 3288 apud

2060 3336 2387 3390 quemquam
2424 3318 2694 3380 valebant,
2724 3317 2793 3371 ab
2828 3316 2965 3371 aula!
3004 3313 3235 3369 tumultu
3262 3320 3314 3366 et
3341 3308 3621 3376 hominum

2062 3410 2367 3480 lrequentia
2400 3411 2452 3463 in
2486 3409 2658 3464 otium
2692 3418 2747 3463 et
2777 3406 3123 3462 solitudinem
3156 3403 3297 3458 ultro
3320 3400 3622 3462 concessit,

2061 3510 2222 3570 atque
2246 3501 2313 3555 ab
2340 3499 2487 3554 omni
2520 3497 2891 3568 disputatione
2913 3495 3004 3550 diu
3035 3493 3316 3549 abstinuit.

2134 3636 2349 3693 Interea
2377 3634 2688 3704 astrologus
2739 3631 2981 3700 quidam,
3013 3644 3046 3684 e
3092 3627 3261 3683 Gallia
3310 3625 3621 3695 profectus.

2064 3728 2573 3799 Constantinopolin
2608 3724 2781 3786 venit,
2821 3732 2877 3778 et
2915 3722 3127 3777 felicem
3165 3719 3293 3775 belli
3325 3718 3529 3775 exitum
3567 3716 3622 3771 in

2067 3824 2189 3880 aula
2218 3824 2543 3877 vaticinatus
2578 3829 2663 3875 est
2693 3818 2827 3889 (65).
2849 3814 3114 3887 Gregoras
3154 3816 3223 3869 ab
3264 3815 3503 3882 Augusta
3536 3825 3628 3866 ac-

2067 3916 2228 3979 citus,
2261 3930 2326 3968 ac
2348 3914 2414 3967 de
2443 3911 2597 3965 novis
2631 3910 2735 3962 illis
2779 3908 3218 3976 praedictionibus
3243 3905 3371 3969 quid
3401 3903 3626 3955 sentiret

2067 4004 2248 4073 eloqui
2295 4003 2476 4072 iussus
2501 4039 2515 4061 ,
2548 4011 2714 4051 vanas
2746 4010 2837 4050 eas
2868 4009 2991 4049 esse
3023 3993 3219 4062 arguit.
3263 3991 3342 4046 Ita
3391 3989 3627 4046 relutato
3712 4040 3715 4043 .

2072 4095 2285 4153 hariolo
2314 4094 2610 4160 Angustam
2633 4104 2662 4144 a
2684 4102 2745 4143 se
2767 4086 3043 4149 alienavit,
3076 4084 3282 4140 homini
3313 4083 3419 4147 illi,
3453 4097 3626 4153 popu-

2069 4190 2169 4244 lari
2201 4192 2302 4241 suo
2332 4197 2385 4240 et
2425 4182 2694 4254 placentia
2734 4177 3077 4234 annuntianti
3102 4217 3117 4244 ,
3145 4175 3480 4231 benevolam.
3517 4172 3628 4228 Ta‘

2071 4297 2193 4337 men
2231 4281 2369 4343 hac,
2400 4274 2739 4332 dissimulata
2770 4273 2872 4336 ira,
2910 4270 3045 4326 nihil
3079 4278 3195 4323 tum
3224 4268 3417 4324 durius
3451 4267 3627 4332 dixit;

2075 4374 2168 4430 sed
2225 4350 2411 4427 eorum
2444 4366 2536 4436 qui
2563 4364 2788 4419 aderant
2831 4363 2999 4431 gratia
3036 4359 3241 4415 vultum
3268 4359 3495 4414 hilarem
3547 4357 3633 4411 itt-

400 4461 524 4516 simi
559 4472 939 4517 convenerunt
964 4461 1103 4531 (58).
1135 4461 1431 4533 Gregoram
1472 4463 1540 4518 ab
1562 4462 1889 4532 imperatore
1909 4477 1965 4523 et
1993 4447 2042 4508 ι)
2068 4465 2208 4532 duit,
2238 4473 2291 4519 et
2324 4462 2586 4517 ultionem
2620 4458 2673 4512 in
2713 4455 2860 4510 aliud
2897 4464 3110 4524 tempus
3136 4451 3370 4507 distulit.
3396 4450 3466 4502 At
3494 4446 3631 4502 Gre-

409 4568 440 4606 a
470 4552 777 4622 patriarcha
819 4552 1106 4607 invitatmn
1132 4550 1279 4606 domi
1311 4552 1549 4608 detinuit
1570 4554 1767 4624 capitis
1809 4555 1964 4612 dolor

482 4695 594 4761 (50)
631 4695 792 4749 Bzov.
830 4693 895 4749 ad
925 4709 1056 4748 ann.
1092 4692 1231 4749 I333
1262 4709 1415 4749 num.
1463 4695 1514 4748 I.
1550 4693 1659 4747 Leo
1692 4694 1850 4751 Allat.
1889 4696 1966 4751 De

416 4763 615 4820 Εεειεε.
652 4765 831 4820 Occid.
862 4776 908 4818 et
941 4763 1143 4819 Orient.
1176 4779 1320 4832 perp.
1353 4780 1497 4818 cons.
1530 4764 1633 4819 col.
1666 4764 1787 4819 800.

477 4834 590 4904 (51)
629 4835 920 4889 Cantaruz.
955 4833 1300 4904 Histalibtn,
1324 4851 1374 4887 ο.
1405 4836 1473 4889 59
1497 4850 1512 4899 ;
1535 4832 1753 4904 Odoric.
1790 4834 1963 4904 Rayn.

289 4912 305 4932 ’
407 4902 495 4973 ad
522 4904 585 4973 Α.
615 4903 675 4958 C.
711 4904 866 4967 I333,
898 4903 1187 4973 num._I8.
1223 4903 1356 4957 Vide
1398 4914 1453 4957 et
1495 4903 1780 4973 epistolam
1836 4902 1967 4957 Bar—

408 4971 566 5043 laami
588 4973 656 5043 ad
690 4974 1015 5043 Demetrium
1043 4970 1614 5043 Thessalonicensem,
1646 4989 1765 5043 qua:
1791 4982 1973 5030 exstat

407 5041 570 5121 apud”
577 5041 1039 5121 ‘Baovuadaagn;
1045 5040 1392 5121 13.33,.num.
1428 5044 1517 5098 Il.

481 5110 593 5180 (52)
620 5111 788 5166 Codd.
824 5110 981 5175 1997,
1006 5108 1167 5175 2950,
1197 5112 1356 5167 2951.

483 5181 595 5250 (εδ,
631 5182 695 5250 Α.
725 5180 979 5236 c.1340.
1143 5247 1153 5250 _

480 5246 592 5319 (54)
623 5249 845 5306 Odorie.
882 5250 1053 5320 Itayn.
1091 5247 1159 5304 ad
1182 5264 1313 5305 ann.
1345 5251 1504 5318 1559,
1529 5266 1685 5308 num.
1713 5253 1799 5308 I9.
1839 5246 1975 5307 l'cht

410 5336 561 5375 nutu.
593 5320 662 5373 23
681 5331 735 5376 et
762 5322 852 5377 3|.
952 5368 957 5371 .

484 5390 598 5459 (55)
627 5389 1193 5459 Umbilicanimorum.

483 5457 593 5529 (56)
626 5458 760 5515 Vide
776 5459 919 5515 Βία.
953 5457 1081 5528 Byz.
1110 5459 1206 5513 hb.
1239 5474 1358 5527 xta,
1397 5476 1451 5517 c.
1483 5464 1536 5528 I,
1574 5470 1711 5519 sect.
1751 5462 1804 5515 4.

490 5532 598 5596 εξΠ)
633 5534 769 5585 Ante
797 5545 1000 5584 annum
1029 5529 1187 5582 I328.

487 5585 608 5682 {ssi
634 5599 767 5682 nisi.
802 5600 897 5654 no.
927 5613 1002 5663 XI,
1033 5614 1087 5679 ο.
1111 5599 1203 5677 ao.

500 5667 613 5734 151))
638 5668 906 5739 Gregoras
945 5668 1145 5739 passim
1194 5668 1245 5739 iu
1290 5667 1445 5723 libris
1488 5671 1602 5725 suis
1652 5671 1977 5724 mentionem

424 5751 608 5806 cptcc
665 5738 839 5793 morbi
910 5738 1312 5794 im-ulcatJ’idc
1366 5739 1621 5808 libellum,
1674 5742 1825 5793 Kat'a
1878 5739 1982 5791 τῶν

2069 4572 2252 4631 goras,
2279 4555 2502 4609 domum
2535 4561 2818 4612 reversus,
2845 4544 2994 4601 omni
3018 4544 3071 4599 in
3097 4551 3371 4613 posterum
3403 4545 3631 4594 conten-

2069 4695 2164 4750 τοῦ
2196 4692 2453 4763 Γρηγορᾶ
2477 4690 2838 4763 laenam"?-
3021 4754 3059 4763 -
3126 4751 3139 4763 .
3342 4762 3349 4763 ,

2143 4751 2257 4832 (60)
2297 4751 2735 4832 Cantacu'zc'nus
2773 4759 2972 4812 victum
3021 4751 3362 4832 Barlaamum
3412 4751 3625 4832 veniam

2112 4815 2400 4896 eiiis'se'et
2441 4831 2674 4883 Palama:
2703 4830 3004 4898 doctrinam
3044 4819 3371 4898 approbasse
3414 4815 3626 4898 scribit.

2112 4852 2299 4896 etnsse
2344 4852 2400 4887 et
2443 4852 2674 4883 ramum:
2703 4852 3004 4883 uocu'tnzuu
3044 4852 3371 4889 ἱεμμιυυαδσυ
3414 4852 3626 4869 ..ω-ν...

2071 4852 2313 4959 Ioannes
2340 4899 2668 4970 patriarcha,
2697 4898 2786 4965 qui
2810 4894 3016 4970 synodo
3046 4887 3285 4970 praefuit,
3316 4885 3385 4966 de
3414 4885 3635 4970 duobus

2078 4955 2586 5038 iantutn‘capitnlis,
2611 4955 2804 5034 nempe
2835 4955 2904 5020 de
2926 4955 3197 5038 Tltahorio
3222 4955 3434 5038 μιειιὶηθ
3466 4955 3637 5038 etnde

2042 5023 2397 5114 rest-irae
2634 5023 2962 5114 εςηλεςιιεξηο
2990 5031 3065 5083 an
3093 5027 3237 5114 αριμι
3279 5024 3449 5114 nec
3474 5023 3629 5114 ιξιιειεο

2080 5094 2394 5167 Ἆέῖεοιεδ.
2426 5107 2601 5163 Occid.
2634 5103 2915 5158 et'Orient.
2956 5114 3103 5169 perp.
3131 5094 3289 5152 'cons.
3338 5094 3434 5169 lib.
3487 5107 3544 5156 Il,
3580 5106 3630 5143 c.

2080 5165 2168 5238 I7.
2198 5182 2465 5251 Gregoras
2496 5175 2728 5241 denique
2753 5174 2921 5251 solam
2956 5165 3310 5251 quaestionem
3350 5165 3417 5251 de
3450 5174 3637 5251 prece:-

2079 5253 2228 5307 tione
2273 5241 2529 5320 agitatam
2560 5260 2575 5308 ;
2606 5243 2776 5320 _q_uod
2820 5243 2888 5296 ad
2925 5250 3119 5320 caetera
3152 5241 3637 5320 attineret.cogn't:

2075 5299 2574 5375 tiouent'dilatam'
2601 5299 2778 5366 Itiisse
2825 5309 3110 5366 contendit
3152 5326 3166 5361 :
3215 5308 3393 5375 itaque
3438 5299 3537 5352 nec
3570 5299 3640 5375 de

2072 5369 2494 5445 Itassalianismo
2514 5421 2531 5446 ,
2562 5396 2662 5436 nec
2693 5381 2761 5437 de
2788 5382 2910 5437 aliis
2940 5377 3258 5435 criminibus
3289 5369 3515 5424 Palamat
3545 5369 3642 5423 ob-

2069 5462 2249 5531 jectis,
2276 5451 2669 5531 actumjuisse‘.

2147 5516 2257 5602 (6t)
2291 5520 2595 5602 \jideuﬂt'st.
2619 5520 2748 5592 Byz.
2781 5522 2878 5602 lib:
2912 5536 3020 5602 διν,
3050 5535 3105 5602 C;
3125 5516 3180 5571 8ο
3215 5585 3331 5602 tu
3393 5587 3499 5602 ,Μ-
3546 5576 3581 5602 η

2300 5576 2525 5648 Σξιῖοὸδυυ
2572 5576 3032 5663 συίκτ.οέῄοείάηξ
3080 5585 3357 5654 δευτέρας,
3393 5576 3646 5633 Umbri"

2080 5668 2249 5721 Ianzil.
2823 5707 2847 5719 ρ

2155 5738 2265 5803 (εὖ)
2300 5734 2430 5790 Vide
2462 5736 2598 5790 Ιιέδι.
2631 5732 2734 5800 liga
2775 5730 2869 5785 lib.
2907 5745 3017 5793 stv,
3041 5746 3087 5783 ς.
3120 5725 3170 5777 8.
