3992 6208
384 312 450 380 3i

1467 321 1897 383 NICEPHORI
1935 320 2324 384 GREGORxE
2358 325 2549 388 Vl'l'A.

3575 336 3655 398 32

381 423 616 494 “terius
656 438 800 490 hunc
847 453 1076 506 arguere
1124 440 1381 504 instituit,
1416 451 1475 493 ut
1516 441 1596 493 vel
1643 442 1953 495 convictum
1990 456 2027 510 Α
2062 453 2267 513 partem
2303 443 2559 507 indoctis,
2592 441 2858 512 judicium
2910 444 3272 514 permitteret,
3303 447 3465 503 enixe
3514 464 3646 505 con-

385 528 591 594 pndore
620 529 875 593 alliceret,
898 531 996 603 vel<
1015 531 1128 602 ipse
1166 533 1421 604 Byzantio
1449 543 1675 588 exactus
1706 534 1956 588 Eccles'az

382 631 657 684 nppressm
693 631 989 690 conspectu
1033 623 1223 678 saltem
1261 636 1494 679 careret.
1545 625 1610 678 At
1656 625 1747 678 ille
1798 633 1955 677 tenax

387 712 676 776 propositi.
716 727 817 766 nec
867 713 1102 768 hominis
1135 716 1254 769 irati
1297 716 1480 769 verbis
1528 716 1793 779 offensus,
1845 717 1959 785 pari

390 815 561 866 usque
600 800 721 869 jure
756 803 1054 872 imperator
1097 821 1218 859 cum
1255 808 1468 875 privato
1509 808 1856 875 disputabat;
1903 817 1959 860 ut

390 884 535 940 illius
560 888 928 956 clementiam,
962 894 1133 963 magis
1175 911 1335 963 quam
1378 896 1539 964 hujus
1569 898 1764 959 zelum,
1798 896 1963 965 pleri-

387 990 492 1040 que
521 979 940 1037 admirarentur.
973 981 1213 1038 Tandem
1247 984 1533 1055 Gregoras,
1562 988 1815 1055 quoniam
1863 989 1963 1041 hac

388 1065 571 1119 minus
603 1071 946 1127 succedebat.
977 1074 1136 1125 aliam
1164 1074 1302 1128 viam
1342 1077 1664 1147 ingreditur.
1690 1078 1855 1131 Canta
1882 1095 1955 1130 ιιι.

320 1204 335 1239 ι
389 1172 524 1209 zeuo
558 1156 988 1229 Didymotichum
1021 1165 1264 1231 profecto
1293 1166 1427 1234 (7:2).
1455 1167 1642 1221 Irenen
1674 1169 1786 1222 ad't
1818 1169 1963 1222 illius

390 1262 635 1312 uxorem,
678 1254 883 1305 recenti
931 1253 1022 1306 lilii
1069 1263 1241 1308 morte
1273 1254 1546 1310 afﬂictam.
1582 1258 1710 1311 Eam
1754 1259 1962 1313 cladem

388 1340 591 1393 erroris
631 1356 729 1411 per
756 1342 1195 1399 Cantacuzenum
1231 1348 1530 1414 grassantis
1570 1348 1807 1402 frnctum
1843 1364 1964 1403 esse

388 1429 640 1494 allirmat,
694 1444 747 1485 et
777 1434 956 1488 didam
1003 1435 1148 1489 facit.
1196 1437 1270 1490 lta
1317 1453 1444 1493 suas
1490 1450 1671 1507 partes
1711 1442 1967 1507 Augusta:

391 1521 697 1588 patrocinio
731 1523 975 1578 roborat.
1013 1525 1087 1578 Ea
1127 1541 1186 1579 re
1231 1527 1413 1581 audita
1456 1527 1750 1594 Palamitae,
1794 1544 1859 1584 ac
1908 1529 1963 1582 in

392 1612 580 1679 primis
632 1615 874 1671 Isidorus
936 1619 1266 1688 patriarcha,
1317 1622 1383 1675 ad
1439 1621 1627 1676 lrenen
1678 1628 1969 1688 accedunt,

391 1704 575 1774 eique,
613 1715 671 1760 ut
700 1709 767 1761 ab
809 1708 957 1763 omni
992 1724 1113 1763 cum
1147 1709 1379 1781 Gregora
1422 1712 1816 1766 consuetudine
1840 1712 1967 1767 abs-

2062 536 2271 589 tendit:
2314 546 2425 589 tum
2480 550 2546 589 uc
2578 534 2752 589 errori
2800 534 3213 607 sulfragarctur,
3249 541 3437 596 multis
3480 543 3647 597 ratio-

2061 629 2221 681 nibus
2267 629 2544 683 deterrere
2593 630 2771 697 ipsum
2819 642 3049 683 conatus
3099 639 3203 685 est.
3237 630 3343 686 Sed
3380 633 3538 703 longa
3589 640 3645 689 et

2062 734 2251 787 aspera
2284 720 2659 774 admonitione
2685 721 2796 789 (71)
2841 722 2977 774 nihil
3016 720 3284 791 profecit;
3320 725 3430 778 imo
3473 728 3645 781 homi-

2063 826 2186 863 nem
2239 812 2409 880 magis
2459 827 2487 863 a
2536 827 2593 864 se
2640 813 2917 866 alienavit.
2954 813 3222 867 Ca'terum
3273 831 3342 868 ne
3397 818 3640 889 religioni

2064 903 2390 970 periclitanti
2441 905 2494 957 in
2546 905 2662 973 ipso
2693 900 2923 960 articulo
2961 908 3200 968 deesset,
3250 911 3428 963 statim
3469 926 3527 965 se
3576 913 3641 965 ad

2064 1006 2340 1047 certamen
2373 996 2628 1059 aetinxit,
2662 1007 2715 1050 et
2746 997 2795 1051 ei
2833 998 2924 1066 qui
2966 1014 3064 1067 pro
3098 999 3221 1054 fidei
3268 1002 3494 1054 veritate
3542 1018 3643 1069 pu-

2063 1096 2329 1155 gnaturus
2383 1086 2519 1141 foret
2581 1089 2998 1143 convenientem
3053 1099 3384 1145 armaturam
3440 1092 3638 1158 induit,

2068 1178 2308 1231 habitum
2340 1179 2592 1233 videlicet
2618 1182 3004 1236 monasticum.
3035 1182 3091 1237 ld
3119 1198 3246 1237 vero
3278 1182 3477 1239 factum
3506 1186 3636 1239 citra

2068 1270 2229 1323 ullam
2275 1272 2683 1331 eaeremoniam.
2735 1274 2899 1326 unius
2931 1274 3229 1327 sacerdotis
3275 1275 3508 1343 religiosi
3556 1276 3643 1329 in-

2069 1368 2349 1424 terventu;
2377 1376 2407 1415 e
2437 1362 2593 1430 rnjns
2618 1378 2779 1416 manu
2812 1372 3011 1418 vestem
3039 1380 3160 1417 eum
3188 1354 3481 1434 acciperet,
3513 1382 3637 1435 pro-

2067 1448 2246 1503 fessus
2279 1461 2383 1513 est,
2420 1465 2479 1504 se
2514 1461 2723 1505 mutato
2752 1436 3256 1527 deinceps‘vivendi
3290 1472 3487 1527 genere
3514 1457 3641 1513 vita:

2067 1538 2259 1594 aulica;
2294 1556 2518 1609 prorsus
2551 1522 2989 1599 renuntialnrum
3013 1545 3148 1614 (72).

2141 1632 2248 1687 Ubi
2292 1632 2530 1687 indictus
2568 1633 2687 1689 dies
2738 1636 2977 1701 advenit,
3017 1652 3321 1694 convenere
3369 1640 3423 1694 in
3464 1641 3638 1696 aulam

2071 1738 2263 1777 omnes
2290 1723 2542 1780 factionis
2584 1724 2913 1783 Palamitica:
2954 1729 3199 1799 episc0pi
3252 1731 3386 1802 (73).
3433 1713 3639 1789 Eodem

394 1795 587 1857 tiueat,
623 1800 950 1867 persuadere
1013 1804 1369 1857 contendunt.
1418 1802 1635 1872 Repulsi
1695 1803 1967 1857 Cantacu-
1995 1791 2043 1848 Β
2070 1829 2285 1883 quoque
2331 1813 2599 1886 δωρον-,ις
2643 1834 2767 1873 cum
2819 1791 3064 1875 sociis-ct
3114 1791 3396 1891 discipulis
3439 1824 3638 1880 adfuit.

395 1902 587 1941 aeuum
626 1889 1000 1961 Didymoticlto
1028 1904 1279 1949 evocant.
1312 1893 1412 1950 llic
1441 1895 1732 1949 tunmltum
1763 1894 1967 1948 veritus

398 1981 712 2051 Byzantiqu
745 1984 961 2038 advolat
1008 1995 1063 2039 et
1110 1985 1387 2055 litigantes
1422 1987 1665 2050 arcessit,
1701 1985 1968 2040 lsidorum

397 2089 591 2142 nempe
620 2084 674 2127 et
716 2074 1032 2145 Gregoram.
1064 2076 1242 2132 Multis
1291 2079 1434 2133 ultro
1474 2079 1720 2147 citroque
1758 2093 1969 2134 sermo-

396 2165 556 2218 nibus
580 2165 794 2227 habitis,
816 2167 1039 2234 pervicit
1069 2168 1358 2238 Grcgoras,
1391 2179 1449 2223 ut
1477 2169 1667 2224 lsidori
1692 2169 1966 2234 Canones,

399 2272 493 2310 seu
543 2255 879 2327 Hymnodite.
929 2259 1052 2329 igne
1097 2261 1434 2325 delerentur,
1486 2277 1549 2315 ae
1600 2271 1659 2315 ut
1712 2260 1968 2330 loquendi

396 2346 413 2399 l
440 2348 700 2402 hertatetn
739 2349 773 2402 ii
809 2350 1135 2419 reciperent,
1166 2352 1366 2417 quibus
1395 2338 1642 2421 adempta
1674 2362 1840 2408 esset.
1878 2353 1970 2408 llis

399 2441 802 2495 venditionibus
849 2442 901 2495 in
946 2442 1294 2497 concordiam
1329 2444 1560 2498 reditum
1594 2452 1696 2507 est,
1732 2454 1787 2498 et
1820 2460 1969 2499 sum-

403 2541 595 2598 ptnoso
625 2533 876 2587 convivio
898 2533 1105 2588 saneita
1139 2549 1262 2603 pax.
1292 2532 1401 2588 Sed
1426 2549 1503 2588 ea:
1529 2534 1744 2603 quidem
1779 2508 1971 2591 breves

403 2624 628 2677 inducite
674 2624 911 2679 fuerunt.
944 2625 1076 2678 Nam
1105 2625 1373 2687 Palamas,
1412 2626 1558 2693 quod
1592 2626 1667 2679 illi
1698 2626 1970 2696 colloquio

402 2732 641 2785 praesens
667 2718 808 2771 haud
840 2718 1196 2778 interfuisset.
1228 2717 1599 2788 Didymotirho
1627 2718 1968 2785 postmodum

401 2811 626 2891 ae‘citus,
675 2811 799 2865 lites
852 2810 1151 2865 renovavit.
1206 2811 1541 2879 Disputatum
1587 2825 1777 2865 rursus
1826 2810 1970 2880 apud

402 2906 785 2973 imperatorem
819 2905 928 2957 acri
954 2903 1325 2967 contentione,
1360 2902 1514 2956 nullo
1542 2912 1973 2975 autem‘succes-

400 3012 486 3048 su.
519 2997 591 3049 lle
624 3006 737 3049 toto
769 2996 863 3049 illo
891 2996 1109 3066 negotio
1145 2978 1297 3064 plura
1329 2995 1469 3048 scire
1494 2994 1585 3063 qui
1621 2993 1908 3056 \‘OlUt‘l'll‘ll,
1935 2993 1969 3047 ii

399 3088 694 3153 Gregoram
729 3088 904 3155 ipsum
934 3088 1155 3149 adeant,
1185 3089 1438 3141 Historia:
1472 3087 1608 3171 libr?
1642 3103 1731 3152 xv,
1762 3102 1879 3156 cap.
1913 3086 1968 3141 5.

472 3180 699 3233 Biennio
730 3180 845 3234 fere
876 3190 1162 3249 postquam
1205 3180 1317 3232 luce
1350 3187 1499 3248 gesta
1533 3187 1679 3243 sunt,
1714 3177 1815 3232 sub
1847 3178 1967 3231 exi-

401 3282 517 3327 tum
550 3273 676 3327 anni
719 3272 870 3334 1549,
904 3272 1041 3326 obiit
1072 3271 1713 3341 Constantinopolitanus
1740 3271 1971 3340 patriar-

400 3369 504 3421 cha
564 3366 819 3421 Isidorus.
875 3366 1290 3421 Cantacuzcnus
1355 3365 1649 3433 imperator
1703 3372 1758 3417 ct
1819 3363 1971 3416 lrene

404 3438 641 3528 Kugusta
698 3457 949 3529 Gregora:
1015 3457 1257 3510 animum
1312 3456 1609 3514 blanditiis.
1664 3455 1968 3524 promissis,

402 3551 800 3621 largitionibus,
836 3550 1064 3619 aliisque
1114 3549 1323 3603 artibus
1363 3550 1469 3618 iam
1505 3563 1647 3615 sepe
1684 3556 1970 3611 tentatum,

401 3647 563 3698 ιιὶειιη
597 3642 942 3714 patriarchali
968 3641 1224 3711 dignitate
1255 3649 1519 3696 OStentata
1546 3640 1764 3695 flectere
1793 3650 1847 3693 et
1868 3639 1971 3693 sibi

404 3737 718 3805 mancipare
773 3734 955 3789 conati
1022 3744 1168 3788 sunt.
1213 3731 1482 3801 Grcgoras
1538 3740 1597 3787 ut
1648 3731 1971 3787 sententiam

406 3838 640 3881 tnutarct
665 3826 856 3881 adduci
882 3841 992 3880 non
1024 3824 1199 3894 potuit
1223 3842 1238 3879 :
1263 3825 1358 3879 sed
1388 3834 1441 3878 et
1465 3824 1586 3878 illos
1612 3824 1792 3879 verbis
1815 3822 1976 3878 casti-

404 3930 558 3991 gatos
585 3919 744 3975 ollicii
774 3918 1079 3995 admonuit,
1112 3926 1166 3971 et
1213 3917 1452 3972 oblatum
1497 3918 1759 3995 honorem
1810 3931 1976 3984 repu—

406 4014 591 4067 diavit.
624 4011 807 4079 Itaque
837 4018 1050 4064 creatus
1094 4009 1401 4078 patriarcha
1441 4012 1740 4064 monachus
1775 4012 1978 4066 montis

408 4106 569 4168 Atho,
591 4103 809 4157 nomine
830 4102 1105 4161 Callistus.
1136 4101 1216 4155 \‘ir
1238 4101 1547 4155 illitteratus
1563 4111 1618 4157 et
1644 4100 1944 4173 Acindynia
1959 4133 1980 4147 ο

411 4213 603 4251 norttnt
654 4195 826 4249 hostis
867 4196 1184 4265 acerrimus.
1225 4192 1381 4246 Anno
1412 4193 1630 4247 demum
1673 4194 1803 4248 l55l
1841 4194 1982 4248 Can-

411 4301 726 4350 t.n-nzcuus,
756 4296 813 4342 ut
842 4284 1230 4356 Acindynianis
1264 4284 1611 4340 turbantibus
1634 4295 1688 4341 et
1717 4284 1985 4341 Constan-

411 4383 821 4453 tnOpolitanam
884 4378 1180 4435 Ecclesiam
1238 4377 1652 4432 criminantibus
1703 4378 1976 4433 silentium

411 4475 736 4541 inponeret.
775 4470 1040 4540 synodum
1070 4482 1370 4523 convocare
1395 4466 1585 4521 statuit
1615 4467 1746 4539 (70).
1782 4478 1838 4522 at
1865 4483 1975 4523 non
2011 4457 2052 4511 ί)

411 4563 826 4626 ωυιιιηρηίεειω.
888 4568 947 4616 ut
994 4575 1139 4630 sape
1179 4570 1234 4614 et
1279 4558 1392 4628 jam
1443 4558 1656 4628 pridem
1704 4558 1979 4628 pollicitus

413 4661 607 4714 fuerat.
644 4658 935 4726 Gregoras,
968 4669 1037 4709 ea
1068 4668 1128 4708 re
1150 4652 1356 4718 audita,
1389 4650 1641 4722 privatim
1672 4651 1820 4705 illum
1844 4666 1975 4706 con-

411 4754 583 4818 venit,
603 4760 765 4820 atque
789 4758 846 4803 ut
875 4762 945 4802 ne
976 4744 1246 4817 episcopis
1269 4743 1476 4815 paucis,
1495 4742 1670 4813 iisque
1689 4742 1978 4799 maximam

482 4888 595 4957 (7‘2)
643 4889 701 4941 Α.
731 4887 792 4943 C.
818 4885 975 4949 1547.
996 4893 1264 4957 autumno
1300 4889 1571 4957 exeunte;
1653 4952 1681 4957 _
1788 4942 1807 4955 κ

386 4951 599 5083 ιωζπο)
639 4959 932 5083 (Σιηιιπὲυι.
984 4954 1124 5008 Hist.
1171 4953 1267 5007 lib.
1314 4968 1387 5018 tv,
1423 4967 1472 5008 c.
1503 4952 1593 5006 23.
1642 4951 1807 5024 Greg.
1836 4951 1974 5007 Hist.

438 5050 449 5083 ι
496 5071 511 5083 .
544 5043 698 5083 xvtu.
727 5043 776 5083 c.
854 5066 869 5080 .

414 5032 511 5087 lib.
544 5043 698 5088 xvttt.
727 5043 776 5083 c.
815 5032 869 5083 3.

488 5100 599 5163 (7|)
644 5098 826 5152 Esstat
860 5095 1035 5150 oratio
1066 5093 1158 5147 lib.
1196 5107 1348 5156 xvtu,
1387 5107 1437 5147 c.
1468 5091 1524 5148 4.

510 5110 536 5151 7
553 5110 599 5163 ι)
644 5110 826 5152 Exstat
860 5110 1012 5149 oratu

488 5110 599 5238 (η)
632 5168 767 5223 uno.
798 5175 931 5238 seet.
949 5166 1012 5238 _t.

492 5234 602 5308 (75)
636 5243 707 5293 .A.
737 5239 799 5293 C.
834 5234 1143 5308 155l,Maii
1177 5234 1263 5290 die
1288 5234 1385 5308 g7,

492 5305 603 5381 (74)
638 5310 797 5364 Joan.
833 5305 1228 5377 Cypat'issiotcs
1279 5305 1539 5361 Palamic.
1568 5305 1976 5373 transgression.

447 5383 565 5427 ηις-η
597 5380 857 5427 senttndo.
887 5392 1004 5427 ean.
1036 5373 1131 5427 ttlt.
1165 5384 1269 5427 tres
1293 5374 1694 5427 Acindvnianos
1723 5382 1984 5427 memorat

424 5377 565 5437 libro
596 5380 857 5443 secundo,
887 5392 1004 5445 cap.
1036 5377 1131 5428 ult.
1165 5384 1269 5427 tres
1293 5377 1957 5447 Aciudynianosmemora

426 5464 479 5505 ut
514 5451 772 5512 illustres,
808 5448 1042 5526 Burdett,
1078 5442 1477 5526 [’plcfianitaut,
1505 5443 1877 5526 etklsvbdieen.

497 5522 610 5587 (75)
645 5520 798 5586 Quod
834 5526 949 5574 erat
983 5517 1038 5569 itt
1077 5515 1456 5570 Blacheruensi
1494 5515 1710 5585 palatio.

494 5591 607 5658 (7‘3)
649 5607 801 5653 xutt,
830 5605 941 5652 XIX,
972 5603 1064 5649 xx.
1104 5601 1215 5640 XXI.

497 5653 605 5730 (77)
645 5661 942 5730 Mariano;
976 5653 1559 5730 ζᾳὶᾉφρικωδεστάτᾳις
1585 5655 1746 5730 dmi;
1777 5654 1987 5730 ᾁποκηο

431 5725 751 5805 ρυλθέντις.
779 5728 953 5797 inquit
981 5725 1297 5781 l‘ltilothcus
1346 5726 1669 5794 patriarcha.
1696 5726 1828 5780 Cod.
1875 5741 1986 5794 reg.

1997 3121 2039 3179 ε

2069 1905 2216 1960 Inter
2261 1906 2423 1976 hujus
2462 1909 2644 1964 socios
2685 1911 2998 1967 eminebant
3029 1924 3147 1969 tres
3183 1917 3494 1985 pontifices:
3530 1918 3640 1986 pri-

2067 2008 2192 2047 mus
2239 1992 2463 2064 Ephesi,
2508 1997 2648 2051 alter
2691 1998 2826 2053 Gani
2874 2000 3248 2071 metropolita;
3291 2006 3481 2060 tertius
3512 2006 3636 2078 Tyri

2067 2082 2379 2152 episcopus,
2429 2084 2681 2156 idemque
2720 2086 3047 2145 Antiocheni
3098 2093 3420 2162 patriarchae
3471 2098 3638 2151 vicem

2068 2186 2290 2240 gerens;
2325 2189 2429 2229 nec
2474 2192 2584 2231 non
2633 2179 2731 2234 viri
2781 2180 2891 2235 duo
2942 2183 3250 2239 eruditione
3300 2197 3637 2255 praestantes,

2070 2265 2268 2343 Dexius
2305 2276 2358 2321 et
2390 2269 2723 2326 Athanasius
2757 2272 2889 2341 (74).
2922 2276 3055 2330 Cum
3092 2275 3176 2329 his
3209 2277 3492 2346 Gregoras,
3531 2281 3633 2333 cir-

2069 2357 2206 2411 citer
2255 2358 2440 2412 horam
2484 2360 2593 2415 diei
2647 2364 2964 2429 secundam,
3018 2367 3278 2435 palatium
3336 2370 3635 2440 ingressus,

2068 2459 2231 2520 atque
2256 2451 2323 2504 ab
2349 2451 2629 2508 interioris
2658 2455 2792 2510 aulte
2815 2457 2964 2511 aditu
2993 2473 3090 2528 pcr
3121 2459 3338 2516 lictores
3360 2464 3638 2531 exclusus,

2070 2539 2163 2594 diu
2206 2541 2406 2595 mansit
2446 2541 2498 2594 in
2530 2544 2817 2608 vestibulo,
2864 2546 3207 2614 epulantibus
3245 2551 3452 2606 interea
3498 2554 3642 2624 apud

2072 2623 2458 2693 imperatorem
2504 2629 2801 2686 Palamitis.
2846 2632 3054 2698 Quibus
3095 2646 3221 2705 post.
3265 2623 3555 2707 prandium
3587 2645 3645 2698 in

2069 2717 2244 2771 Alexii
2290 2717 2612 2776 Triclinium
2646 2722 2760 2794 (75)
2798 2725 2929 2781 ltora
2980 2728 3095 2798 ipsa
3127 2730 3427 2787 meridiana
3475 2734 3645 2790 intro-

2071 2810 2268 2875 ductis,
2316 2820 2367 2866 et
2409 2827 2536 2868 cum
2574 2814 2962 2873 Cantacuzeno
3007 2821 3136 2890 quid
3183 2823 3450 2893 agendum
3494 2836 3643 2882 chet

2070 2901 2473 2970 praemeditans,
2514 2905 2726 2960 tandem
2751 2918 2808 2962 et
2842 2909 3198 2980 Acindyniani
3225 2912 3481 2981 impransi
3504 2915 3640 2984 jussi

2073 3002 2201 3048 sunt
2232 2992 2462 3050 intrare.
2493 2997 2712 3067 Singula
2750 3000 2912 3067 hujus
2959 3002 3362 3073 pseudosynodi
3396 3014 3515 3058 acta
3560 3022 3641 3060 re-

2072 3098 2297 3140 censere
2335 3086 2551 3157 longum
2591 3088 2784 3155 fuerit;
2818 3106 2918 3145 nec
2962 3108 3092 3146 vero
3133 3110 3358 3151 necesse
3388 3105 3491 3162 est,
3515 3114 3638 3152 enm

2071 3189 2135 3227 ea
2170 3177 2348 3245 quivis
2380 3178 2552 3245 possit
2581 3193 2644 3232 ex
2680 3179 2853 3249 ipsius
2885 3179 3137 3252 Gregora:
3166 3184 3318 3238 libris
3354 3185 3465 3256 (76)
3493 3195 3543 3240 et
3573 3202 3639 3241 ex

2072 3266 2243 3322 Tomo
2269 3268 2583 3324 Palamitico
2612 3271 2831 3327 abunde
2861 3288 3212 3343 cognoscere.
3237 3275 3429 3331 Totins
3456 3279 3642 3348 dispu-

2073 3363 2314 3429 tationis,
2347 3381 2470 3435 qua:
2504 3366 2646 3420 intra
2679 3369 2986 3434 quindecim
3016 3372 3132 3426 dies
3156 3373 3488 3429 sessionibus
3518 3388 3644 3444 qua-

2074 3462 2197 3510 tuor
2255 3456 2502 3511 absoluta
2563 3468 2679 3526 est,
2732 3460 2913 3515 exitus
2986 3462 3073 3515 hic
3131 3462 3250 3517 fuit.
3315 3464 3643 3521 Confirmata

2071 3545 2303 3603 Palamae
2356 3549 2622 3604 doctrina.
2677 3551 2734 3605 ln
2803 3551 3139 3606 Barlaamum
3196 3563 3253 3607 et
3308 3556 3638 3626 Acindynum

2075 3649 2321 3695 mortuos
2350 3640 2606 3697 horrendi
2638 3643 2898 3698 carminis
2929 3645 3036 3714 (77)
3075 3646 3363 3700 anathema
3401 3664 3642 3717 pronun-

2076 3733 2265 3786 tiatum
2304 3734 2439 3804 (78).
2477 3732 2674 3804 Ephesi
2717 3744 2773 3789 et
2817 3734 2953 3790 Cani
3004 3737 3363 3806 metropolitis
3392 3739 3641 3808 adempta

2077 3838 2175 3892 per
2218 3824 2324 3877 vim
2382 3823 2611 3895 insignia
2660 3823 2976 3895 dignitatis;
3037 3842 3146 3881 non
3203 3828 3333 3882 item
3388 3829 3645 3898 episcopo

2076 3915 2223 3986 Tyri,
2267 3915 2359 3986 qui
2394 3916 2592 3971 ultima:
2625 3908 3032 3971 sessionihaud
3085 3918 3351 3973 interfuit.
3395 3919 3646 3992 Gregorii!

2077 4007 2328 4077 discipuli
2364 4008 2454 4062 alii
2494 4008 2550 4063 in
2597 4008 2872 4063 custodias
2927 4008 3059 4070 dati,
3114 4010 3206 4064 alii
3251 4026 3468 4065 omnem
3521 4028 3643 4068 cum

2080 4100 2338 4172 magistro
2379 4100 2829 4156 consuetudinem
2889 4102 3061 4156 coacti
3112 4104 3647 4176 ejnrare..Gregoras

2082 4202 2260 4246 tamen
2294 4192 2411 4261 ipse
2436 4192 2584 4248 nullo
2613 4193 2759 4249 dicto
2787 4193 3054 4261 violatus;
3088 4194 3272 4251 sed‘ei
3299 4205 3353 4251 et
3385 4198 3506 4253 aliis
3530 4198 3649 4269 qui-

2080 4285 2306 4339 busdam
2354 4284 2509 4339 facile
2547 4285 2876 4353 permissum
2909 4295 3011 4350 est,
3054 4286 3278 4343 domum
3308 4299 3367 4344 ttt
3414 4291 3646 4346 abirent.

2084 4374 2287 4430 Tomus
2330 4374 2618 4445 synodicus
2667 4375 2778 4445 (79)
2814 4392 2924 4431 non
2973 4377 3179 4439 statim.
3209 4379 3303 4433 sed
3357 4391 3480 4448 post
3512 4380 3651 4434 duos

2082 4469 2709 4539 nzeusespromulgatus
2746 4470 2879 4541 (80).
2937 4470 3323 4541 Subscripsere
3354 4470 3650 4540 imperato-

2084 4575 2195 4624 res,
2226 4559 2463 4615 Joannes
2491 4561 2931 4626 Cantacuzenus,
2975 4571 3029 4618 et
3057 4562 3178 4632 ejus
3206 4577 3369 4632 gener
3409 4565 3648 4616 Joannes

2084 4651 2448 4715 Palaeologus;
2479 4660 2592 4705 tum
2619 4652 2875 4706 Callistus
2904 4650 3237 4721 patriarcha,
3261 4658 3316 4703 et
3343 4648 3432 4702 alii
3464 4648 3647 4717 ponti-

2088 4743 2215 4797 lices
2258 4742 2393 4811 (81).
2428 4740 2597 4796 Paulo
2644 4752 2762 4812 post
2809 4742 2921 4811 (δί)
2951 4739 3378 4800 Cautacuzenus,
3427 4748 3645 4809 sump'o

2090 4883 2242 4945 I996.
2286 4882 2377 4938 fol.
2410 4881 2531 4937 519.

2157 4954 2269 5022 (78)
2311 4954 2382 5009 Ut
2408 4954 2461 5006 in
2490 4966 2837 5022 eosiquornm
2868 4950 3012 5005 salus
3040 4959 3181 5022 esset
3209 4947 3520 5022 desperata.

2158 5019 2271 5093 (79)
2313 5025 2498 5093 Editus
2526 5037 2556 5075 a
2580 5019 2903 5079 COmbelisio
2926 5020 3166 5076 Auctarii
3190 5019 3475 5076 novissimi
3500 5034 3653 5093 parte

2087 5092 2253 5153 altera
2291 5111 2410 5153 pag.
2450 5092 2571 5146 170.
3096 5132 3103 5135 ,

2164 5111 2253 5148 era
2291 5111 2410 5165 pag.
2450 5111 2571 5146 ιιυ.
3096 5132 3103 5135 .

2158 5167 2265 5234 (80)
2304 5166 2367 5218 Α.
2403 5165 2463 5214 (ι.
2502 5163 2657 5228 1551,
2714 5176 2902 5218 mense
2952 5162 3219 5231 Augusto,
3266 5169 3394 5217 ante
3454 5160 3651 5217 festum

2085 5234 2506 5302 Assumptionis.

2159 5304 2270 5373 (8|)
2303 5303 2755 5371 Subscripserunt
2774 5302 3175 5374 metropolitani
3200 5303 3414 5374 propria
3438 5302 3654 5374 quidem

2089 5372 2252 5429 manu
2305 5374 2490 5441 viginti
2550 5372 2828 5442 quinque;
2875 5374 2984 5427 duo
3034 5382 3214 5426 autem
3267 5372 3353 5425 διὰ
3404 5372 3655 5440 γνωμῶν.

2094 5445 2401 5499 Adfuerunt
2432 5453 2691 5511 prmterea
2720 5444 2960 5513 episcopi
2994 5452 3223 5513 septem,
3245 5452 3314 5513 ut
3354 5449 3564 5513 constat
3596 5456 3658 5493 ex

2095 5514 2587 5583 subscriptionibus
2622 5511 3021 5583 pseuilosynodi
3058 5511 3403 5583 Palamiticaz,
3436 5526 3464 5564 a
3501 5511 3665 5564 Com-

2099 5581 2516 5640 bclisioleditze.
2574 5582 2778 5637 Tamen
2839 5581 3107 5652 Gregoras
3161 5581 3297 5635 duos
3353 5589 3563 5635 tantum
3609 5587 3663 5631 et

2096 5655 2283 5725 viginti
2314 5654 2604 5725 arcessitos
2633 5652 2882 5725 afﬁrmat.

2168 5726 2277 5795 (82)
2318 5726 2372 5778 lu
2401 5724 2536 5778 [οεό
2567 5722 2989 5789 Λεδυιηριίυιιῐς.
