3992 6208
445 365 514 431 43
1507 370 1923 434 NICEPHORI
1967 371 2351 436 GREGORKE
2391 377 2663 438 OPERA.
3620 388 3684 451 44

446 485 587 539 erat,
619 476 683 531 ad
713 476 954 549 martyrii
997 477 1228 547 palmam
1264 479 1548 552 aspiranti.
1584 479 1771 550 Itaque
1813 490 1868 536 et
1913 480 2015 535 hoc
2045 489 2318 557 Acsterus,
2353 486 2627 555 pertinax,
2664 484 2945 560 principes
2988 506 3140 560 teque
3188 507 3250 547 ac
3293 493 3530 564 privatos
3581 497 3685 553 lin-

445 579 642 639 praeter
672 568 773 623 alia
827 568 1199 641 Agathangelo
1246 580 1584 643 pneceperat
1614 571 1751 644 (25),
1796 581 1857 626 ut
1888 586 2011 627 cum

445 672 568 712 sese
628 665 903 711 mortuum
958 656 1201 729 ferisque
1255 662 1562 731 expositum
1623 669 2014 729 conspecturus

445 752 800 813 esset,omni
855 764 1079 819 prorsus
1136 751 1417 806 cadaveris
1472 750 1732 805 humandi
1756 764 1911 806 Ocura
1959 760 2014 807 et

444 841 591 895 inani
635 841 822 896 labore
870 844 1273 912 supersederet.
1328 843 1499 899 Porro
1540 832 1594 900 et
1632 843 2011 898 Palamitarum

446 940 605 1008 minze
648 950 704 994 et
756 941 1010 1013 Gregnrm
1055 952 1181 997 vota
1237 944 1503 997 hactenus
1556 952 1675 998 rata
1739 944 2009 999 fuerunt:

447 1031 802 1098 Spectandum
834 1034 969 1087 illud
997 1050 1183 1103 corpus
1223 1035 1400 1105 magni
1428 1034 1551 1102 ﬁdei
1591 1050 1725 1088 vera:
1757 1035 2010 1104 praeconis

445 1120 645 1192 [inquit
690 1124 1244 1197 Cyparisﬁotest'iliﬂ
1293 1127 1384 1179 diu
1430 1125 1655 1179 ludibrio
1695 1124 1929 1179 habitum
1964 1134 2013 1178 et

442 1214 846 1280 circumlatum;
886 1218 1003 1286 ejus
1035 1233 1215 1286 nempe
1248 1219 1366 1282 viri,
1398 1234 1498 1289 quo
1538 1234 1628 1271 nec
1656 1218 1797 1272 inter
1838 1218 2012 1287 philo-

441 1308 626 1369 sonlios
655 1307 929 1376 quisquam
952 1308 1307 1371 excellentior,
1342 1326 1432 1362 nec
1463 1310 1597 1363 inter
1624 1321 1824 1364 ascetas
1856 1311 2013 1364 disci-

441 1395 600 1463 plina’
631 1398 1021 1463 obscrvantior;
1045 1415 1136 1451 nec
1167 1400 1219 1452 in
1244 1401 1490 1454 obeundis
1512 1418 1606 1470 pro
1627 1401 1875 1472 religione
1900 1418 2013 1456 cer-

443 1488 745 1549 taminibus,
778 1505 867 1543 nec
888 1491 940 1543 in
974 1490 1037 1543 iis
1066 1491 1250 1559 quibus
1292 1501 1574 1547 tentatores
1609 1509 1724 1546 eum
1756 1502 2012 1547 vexarunt

441 1580 905 1646 persecationibns.
961 1581 1322 1648 contumeliis,
1379 1584 1705 1649 carcerisque
1755 1583 2011 1654 angustiis

443 1673 1088 1748 tolerandis_constantior
1113 1677 1246 1746 fuit;
1278 1678 1581 1730 admirandi
1622 1678 1838 1748 inquam
1868 1677 2010 1732 illius

443 1746 1025 1835 Nicephori‘Gregorm,
1068 1768 1130 1820 de
1171 1784 1271 1838 quo
1315 1784 1407 1836 per
1458 1746 1735 1837 utramque
1775 1767 2012 1837 appella-

441 1857 634 1911 tionem
670 1859 804 1910 nihil
831 1857 965 1912 Deus
995 1858 1143 1912 aliud
1169 1860 1506 1931 signiﬁcavit,
1553 1860 1655 1912 nisi
1683 1876 1800 1913 eum
1831 1861 2007 1913 animo

339 1994 347 2006 .
437 1951 582 2019 vigili
612 1963 660 2006 et
691 1963 991 2021 experrecto
1022 1954 1267 2007 victorias
1298 1955 1362 2007 ab
1396 1932 1891 2008 hdstibus'veritatis
1921 1968 2005 2005 re-

414 2052 789 2109 portaturum.
813 2044 925 2100 Hoc
948 2046 1125 2117 elogio
1150 2055 1422 2101 mortuum
1451 2044 1748 2117 Gregoram
1778 2044 2008 2099 ornabat

438 2131 676 2187 Joannes
704 2116 1129 2205 Cyparissiotes;
1172 2148 1236 2189 ex
1287 2134 1442 2204 cujus
1489 2116 1681 2204 grandi
1731 2133 2007 2188 volumine

437 2223 773 2293 Παλαμικῶν
798 2224 1167 2295 παραϐάσεων
1195 2224 1361 2278 libros
1385 2225 1523 2280 duos
1555 2226 1788 2290 selectos
1817 2224 2008 2278 Latine

437 2316 623 2375 vertit.
656 2326 711 2369 et
736 2315 789 2368 in
817 2316 997 2370 lucem
1020 2317 1235 2387 primus
1260 2317 1453 2381 edidit,
1492 2316 1556 2370 Β.
1587 2314 1649 2370 Ρ.
1686 2314 2011 2372 Franciscus

436 2403 818 2461 Combelisius.

408 2564 411 2567 Α
509 2497 762 2567 Gregorze
796 2496 925 2551 vitia
973 2497 1174 2568 (neque
1217 2497 1364 2550 enim
1420 2498 1536 2569 ejus
1587 2498 1865 2569 scriptoris
1900 2509 2006 2555 tam

439 2590 624 2659 inepte
652 2604 774 2643 sum
814 2588 1013 2653 fautor,
1050 2599 1109 2642 ut
1145 2588 1295 2643 nulla
1324 2588 1583 2645 habuisse
1622 2606 1744 2645 eum
1781 2600 2008 2647 conten-

440 2681 589 2753 dam)
625 2682 860 2737 maxime
906 2680 1200 2750 conspicua
1230 2680 1348 2735 haec
1388 2680 1630 2737 fuerunt.
1676 2682 1867 2752 Asper,
1917 2699 2012 2738 au-

510 2816 624 2887 (25)
668 2814 830 2881 Hist.,
857 2815 952 2872 lib.
983 2831 1169 2882 xxvu.

2115 592 2233 647 gum
2265 578 2560 648 petulantia
2592 579 2824 635 otl'endit
2855 597 2868 633 :
2906 581 3288 652 philosophus,
3321 585 3504 641 animo
3542 587 3682 645 haud

2114 669 2404 739 imperavit
2431 689 2445 726 :
2474 671 2788 735 historicus,
2817 673 3054 743 partium
3081 674 3334 730 allectum
3359 692 3468 741 non
3496 679 3644 734 exuit
3667 700 3683 736 :

2114 760 2300 833 gloriae
2330 763 2566 833 denique
2594 764 2889 831 cupiditate
2926 774 2983 818 et
3032 780 3218 820 amore
3254 767 3336 820 sui
3386 767 3557 837 ipsius
3601 771 3684 824 ni-

2114 851 2226 904 mio
2268 850 2556 909 laboravit.
2604 854 2765 908 Plura
2814 856 2867 909 in
2916 854 3055 926 style
3101 856 3583 927 reprehendenda;
3629 863 3681 914 in

2116 936 2318 1013 primis,
2335 941 2657 1012 κακοζηλία,
2696 957 2790 998 seu
2832 944 3122 999 ambitiosa
3151 945 3432 1017 elegantiae
3458 950 3683 1022 allecta-

2115 1030 2225 1095 tio;
2258 1034 2467 1100 poetica
2498 1034 2787 1088 verborum
2823 1035 3065 1091 luxuries
3085 1051 3101 1103 ;
3121 1037 3318 1108 ﬁgurae
3348 1039 3641 1096 insolentes
3667 1060 3681 1106 ;

2115 1122 2441 1193 liyperbata;
2473 1126 2675 1180 crebrae
2700 1141 2807 1180 non
2836 1129 2995 1183 modo
3014 1129 3327 1195 verborum,
3350 1131 3443 1186 sed
3467 1139 3521 1185 et
3553 1148 3680 1187 sen-

2115 1213 2406 1267 tentiarum
2427 1214 2803 1284 repetitiones.
2830 1214 2987 1280 Quod
3009 1216 3053 1271 si
3081 1216 3475 1271 conferendum
3496 1200 3681 1271 ciem-

2115 1304 2264 1373 plum
2304 1315 2408 1369 est,
2447 1307 2499 1360 in
2550 1306 2705 1361 libris
2747 1306 2991 1377 ejusdem
3049 1311 3354 1379 argumenti
3405 1309 3683 1365 historicis

2114 1396 2528 1452 Cantacuzenus
2561 1398 2718 1469 longe
2752 1407 3000 1469 praestat.
3031 1399 3089 1452 In
3120 1398 3466 1469 chronologia
3503 1409 3681 1455 tamen

2112 1484 2380 1559 Gregoras
2403 1489 2713 1560 diligentior
2741 1506 2753 1544 :
2790 1489 2901 1544 imo
2923 1493 3069 1560 apud
3094 1489 3533 1546 Cantacuzcnum
3570 1491 3682 1547 fere

2113 1579 2284 1632 nulla.
2315 1579 2734 1635 Cantacuzenus
2756 1581 3002 1651 quaedam
3032 1582 3245 1636 videtur
3271 1581 3520 1659 consulto
3548 1584 3683 1636 omi-

2113 1675 2271 1739 sisse,
2322 1691 2442 1744 qua:
2476 1675 2742 1746 Gregoras
2794 1677 2938 1731 haud
2991 1677 3357 1747 praetermisit.
3406 1676 3681 1746 Ejusmodi

2115 1775 2243 1820 sunt
2271 1780 2336 1819 ea
2361 1781 2481 1835 qua:
2513 1765 2601 1820 hic
2627 1776 2815 1820 narrat
2842 1766 2910 1820 de
2939 1765 3210 1837 Synadeni
3244 1779 3369 1835 erga
3402 1764 3680 1818 Androni-

2117 1870 2239 1909 cum
2268 1857 2543 1910 seniorem
2580 1856 3004 1917 inhumanitate.
3045 1855 3114 1910 de
3144 1852 3370 1909 Joannis
3400 1852 3680 1924 Palmologi

2112 1947 2411 2022 natalibus,
2444 1948 2512 2003 de
2544 1948 2737 2018 legatis
2775 1965 2805 2004 a
2839 1947 2982 2019 Papa
3013 1947 3520 2016 Constantinopolin
3552 1944 3681 1999 mis-

2114 2041 2209 2105 sis,
2238 2047 2293 2094 et
2324 2039 2425 2093 alia
2460 2040 2772 2121 innumera.
2800 2041 2947 2108 Haec,
2988 2041 3236 2110 inquam.
3266 2039 3446 2093 omnia
3477 2038 3681 2108 Grego-

2113 2148 2222 2198 ras,
2253 2132 2345 2202 qui
2378 2147 2482 2187 nec
2518 2132 2694 2188 illatas
2739 2149 2765 2187 a
2814 2133 3068 2188 Barbaris
3119 2132 3302 2186 clades
3350 2130 3675 2186 dissimulat.

2122 2225 2540 2282 Cantacuzenus
2574 2241 2702 2280 vero
2731 2241 2832 2283 nec
2865 2226 2933 2279 de
2965 2223 3276 2279 Nicomedia
3310 2222 3528 2290 quidem
3585 2229 3678 2275 aut
3706 2237 3711 2242 ’

2112 2317 2181 2371 de
2214 2317 2395 2372 Nicaea
2439 2319 2555 2389 ipsa
2604 2320 2801 2372 amissa
2851 2317 3182 2371 mentionem
3218 2314 3363 2369 fecit.
3405 2312 3501 2365 llic
3531 2312 3673 2366 solas

2110 2408 2513 2478 quodammodo
2549 2424 2637 2463 res
2668 2404 3011 2479 Byzantinas,
3051 2415 3238 2460 noster
3286 2403 3448 2457 etiam
3494 2410 3672 2454 exter-

2112 2517 2210 2554 nas
2245 2500 2480 2555 Historia
2517 2516 2616 2556 sua
2650 2482 2967 2570 complexus
2992 2508 3090 2557 est.
3132 2497 3372 2568 Uterque
3406 2495 3567 2567 igitur
3595 2491 3676 2547 ιθ.

2111 2593 2318 2665 gendus
2352 2604 2405 2647 et
2437 2593 2573 2648 alter
2599 2609 2664 2647 ex
2698 2594 2867 2648 altero
2892 2592 3243 2663 supplendus.

2179 2819 2294 2890 (26)
2333 2818 2540 2874 Palam.
2568 2827 2902 2890 transgressi.
2928 2832 3095 2875 serm.
3129 2819 3188 2885 4,
3218 2832 3341 2889 cap.
3377 2817 3429 2872 1.

1833 3028 2268 3164 OPEBA.

511 3223 743 3293 Scripsit
807 3220 1079 3293 Gregoras
1141 3203 1408 3293 permulta
1470 3219 1632 3275 variae
1683 3216 2075 3281 eruditionisc
2113 3220 2351 3291 theolog.
2405 3221 2527 3276 174.
2558 3221 2692 3277 Vide
2737 3231 2791 3279 et
2838 3223 3072 3278 indicem
3128 3221 3474 3295 prologorum
3533 3223 3676 3283 inter

439 3315 720 3387 opuscula,
757 3329 990 3384 quorum
1022 3327 1191 3383 pauca
1222 3313 1364 3385 typis
1407 3311 1702 3377 mandata;
1739 3310 1996 3379 pleraque

439 3414 621 3459 autem
661 3411 885 3458 exstant
923 3404 1291 3473 manuscripta
1313 3403 1368 3456 in
1390 3399 1669 3456 codicibus
1706 3397 2002 3463 Vaticanis,

436 3488 721 3560 timsareis,
750 3494 1216 3560 Scorialensibus,
1243 3492 1612 3557 Baroccianis,
1641 3500 1696 3546 et
1718 3490 1839 3545 aliis
1870 3491 2005 3545 mul—

440 3590 529 3655 tis,
558 3598 617 3643 ut
640 3587 842 3657 Regios
877 3587 1065 3673 sileam
1102 3602 1116 3639 :
1148 3586 1396 3652 quaedam
1426 3585 1559 3639 item
1596 3584 1848 3638 videntur
1871 3594 2006 3638 tem-

436 3682 584 3752 poris
608 3679 754 3750 longi
787 3678 986 3748 injuria
1016 3678 1371 3733 intercidisse.
1405 3676 1603 3731 Eorum
1626 3674 1737 3730 fere
1759 3676 2003 3730 omnium

436 3772 683 3826 notitiam
721 3769 874 3824 dabit
904 3768 1068 3824 index
1103 3768 1434 3831 uberrimus,
1471 3783 1538 3823 ex
1574 3766 1640 3821 Β.
1679 3766 1739 3820 Ρ.
1774 3767 1836 3822 D.
1881 3765 2009 3820 Ber-

437 3861 591 3917 nardi
623 3860 733 3931 (27)
767 3860 1005 3926 schedia,
1036 3860 1207 3914 Roma
1236 3859 1304 3914 ad
1334 3873 1434 3914 nos
1465 3856 1823 3923 transmissis,
1856 3866 1912 3912 et
1935 3872 2003 3912 ex

435 3955 601 4009 variis
647 3952 898 4008 codicum
934 3951 1437 4020 manuscriptorum
1479 3949 1739 4019 catalogis
1785 3948 2006 4003 concin-

437 4053 619 4098 natus.
654 4042 811 4094 llunc
847 4047 905 4093 tu
936 4053 1120 4108 quaeso
1155 4038 1413 4103 indicem,
1440 4036 1622 4091 Abbas
1645 4036 2002 4097 nobilissime,

435 4132 788 4204 quantumvis
810 4132 1051 4202 longum,
1078 4138 1250 4185 totum
1273 4127 1446 4182 oculis
1465 4141 1746 4197 percurre.
1772 4126 1832 4180 ln
1854 4135 2002 4180 tanta

436 4227 697 4280 librorum
729 4223 905 4291 copia,
932 4230 1067 4291 quot
1116 4220 1202 4275 hic
1232 4218 1442 4273 videbis
1484 4227 1858 4283 enumeratos,
1897 4216 2005 4271 erit

2082 3375 2087 3389 Ι
2108 3312 2367 3381 opuscula
2402 3313 2688 3367 rhetorica.

2178 3400 2399 3471 Ἀρίοτη
2453 3401 2677 3470 ἐπιλογή
2712 3401 2872 3454 θείων
2908 3402 3070 3455 τινῶν
3126 3402 3339 3472 ῥήσεων
3367 3403 3461 3458 τοῦ
3493 3422 3670 3474 μακα-

2112 3489 2228 3559 ρίου
2258 3492 2347 3543 καὶ
2385 3491 2633 3558 γενναίου
2676 3489 2835 3557 Ἰὼϐ,Δ
2868 3492 3280 3570 συμᾷαλλομένη
3342 3497 3504 3547 παντὶ
3534 3496 3670 3566 Χρι-

2107 3581 2310 3651 στιανῴ
2364 3585 2446 3646 εἰς
2497 3582 2785 3650 ὠφέλειαν.
2836 3582 3074 3649 Optimus
3124 3585 3351 3639 delectus
3394 3604 3670 3642 sacrarum

2104 3674 2438 3743 quarundam
2471 3675 2851 3729 sententiarum
2894 3675 3033 3729 beati
3063 3685 3112 3729 et
3140 3676 3293 3744 {ortis
3325 3677 3464 3741 .Iobi,
3508 3681 3671 3732 cuivis

2103 3767 2406 3822 Christiano
2448 3767 2780 3822 utilissimus.
2835 3766 3080 3833 Initium,
3135 3769 3246 3822 Kal.
3293 3771 3506 3837 ἐγένετο
3533 3771 3668 3842 ὼςή

2105 3860 2292 3929 ἡμέρα
2316 3859 2482 3928 αὕτη,
2517 3862 2612 3913 καὶ
2642 3859 2752 3913 ἰδοὺ
2784 3854 2947 3930 ἦλθον
2972 3861 3020 3913 οἱ
3045 3859 3267 3927 ἄγγελοι
3294 3859 3387 3913 τοῦ
3406 3860 3540 3913 Θεοῦ
3568 3878 3678 3913 ita.

2104 3953 2381 4023 ραστῆναι
2411 3952 2641 4005 ἐνώπιον
2666 3951 2758 4003 τοῦ
2796 3951 3026 4021 Κυρίου.
3060 3950 3195 4005 Cod.
3231 3951 3428 4005 Casar.
3463 3951 3668 4005 Vindo-

2108 4044 2237 4098 bon.
2276 4044 2512 4114 theolog.
2551 4045 2669 4097 174.

2715 4130 3044 4200 Dogmatica.

2172 4222 2519 4276 Antirrhetici
2546 4220 2920 4287 et_Steliteutici
2946 4222 3166 4290 priores.
3194 4221 3503 4292 Scripserat
3534 4223 3666 4278 Gre-

438 4317 602 4372 crcdo
652 4316 853 4383 aliquid
901 4312 1044 4383 quod
1079 4312 1198 4381 ipso
1229 4319 1550 4380 argumento
1581 4307 1826 4377 placeat;
1857 4305 2000 4376 quod
2105 4328 2263 4383 geras
2310 4313 2479 4368 libros
2530 4313 2582 4367 in
2611 4312 2843 4367 Palamaa
2905 4312 3311 4378 Antirrheticos,
3376 4327 3663 4385 antequam

437 4408 696 4461 amissum
734 4405 953 4468 doleas;
995 4402 1142 4473 quod
1170 4417 1236 4457 ex
1281 4399 1736 4455 bibliothecarum
1778 4397 2002 4467 pulvene
2101 4401 2512 4457 Cantacuzenus
2568 4401 2796 4470 imperio
2840 4403 3044 4471 potitus
3088 4414 3236 4457 esset
3277 4403 3415 4474 (28),
3458 4415 3518 4458 ut
3547 4406 3664 4472 ipse

436 4499 553 4553 erui
582 4498 789 4566 cupias.
828 4496 1007 4550 Erunt
1046 4475 1208 4549 etiam
1261 4493 1440 4562 aliqua
1479 4489 1732 4556 fortasse,
1767 4504 1999 4559 quorum
2105 4502 2354 4559 testatur,
2382 4492 2633 4547 Historiae
2662 4492 2802 4547 libro
2843 4490 2946 4547 xxv
2979 4493 3113 4561 (29).
3143 4494 3248 4548 Eos
3276 4494 3462 4550 decem
3494 4496 3663 4551 fuisse

431 4589 697 4659 iacturam
731 4588 886 4643 facile
915 4587 1078 4643 feras.
1111 4585 1244 4641 Mihi
1291 4586 1513 4656 quidem
1557 4574 1821 4639 librorum
1854 4591 1999 4636 eata-
2032 4566 2307 4665 D‘indicat
2334 4583 2434 4638 hoc
2458 4598 2821 4653 programma,
2845 4584 3021 4639 codici
3055 4583 3315 4639 Vaticano
3344 4587 3617 4654 pra‘fixum
3647 4605 3660 4640 :

432 4681 586 4751 logos
628 4679 921 4749 perlegisse
954 4679 1056 4733 hoc
1086 4693 1230 4748 sape
1254 4676 1555 4748 jucundum
1593 4674 1716 4739 fuit,
1744 4674 1890 4743 quod
1929 4687 1993 4727 ex

2113 4672 2280 4737 Πίναξ
2307 4672 2760 4739 τῶνὲκ).εγὲντων
2788 4676 2851 4727 ἐκ
2876 4673 2975 4742 τῆς
2998 4673 3227 4728 καθόλου
3262 4676 3497 4743 ἱστορίας
3516 4677 3667 4738 ἀθω-

434 4771 502 4824 iis
533 4769 897 4824 intellexerim
930 4769 1118 4823 deesse
1143 4767 1502 4835 mihi_mul_ta,
1531 4765 1616 4819 vel
1651 4763 1886 4829 inutilia,
1912 4761 1998 4819 vel

2112 4762 2327 4833 μαῖκῆς
2382 4762 2555 4830 λόγων
2592 4763 2684 4815 τοῦ
2723 4763 3000 4835 Γρηγορᾶ,
3053 4765 3145 4815 καὶ
3194 4765 3547 4816 συντεθέντων
3580 4770 3665 4817 ὲν-

432 4859 596 4912 etiam
635 4856 794 4909 mala.

1013 4945 1188 5016 Opera
1218 4945 1425 4998 biblica.

507 5032 583 5085 De
613 5052 857 5088 mensura
891 5043 1043 5089 Arcw
1077 5036 1215 5095 Noe",
1246 5051 1309 5089 ea:
1342 5034 1585 5103 Origene.
1620 5033 1755 5089 Cod.
1783 5032 2007 5089 Barocc.

434 5125 523 5179 48.
560 5125 646 5179 19.

503 5216 589 5270 Ex
614 5217 874 5286 prophetis
898 5218 1183 5286 majoribus
1204 5226 1253 5272 et
1267 5216 1555 5272 minoribus
1581 5216 1723 5270 dicta
1742 5224 2005 5285 excerpta,

436 5325 553 5363 etim
572 5309 786 5380 prologo
808 5321 858 5363 et
876 5310 1289 5364 commentariis.
1311 5309 1442 5364 Cod.
1461 5307 1657 5364 Caesar.
1686 5306 1997 5363 Vindobon.

528 5490 618 5556 9.7)
659 5491 734 5545 De
763 5490 1128 5547 Montfaucon.

532 5561 621 5626 28)
654 5560 767 5615 Hoc
796 5569 1059 5625 est,_ante
1082 5556 1282 5613 annum
1319 5559 1476 5612 1347.

2106 4852 2280 4906 catilla.
2322 4855 2434 4914 τοῖς
2458 4852 2839 4907 ΠΡΟΤΕΡΟΙΣ
2867 4851 3029 4904 αὐτοῦ
3058 4853 3237 4903 ΔΕΚΑ
3286 4851 3396 4921 (50)
3427 4852 3668 4906 ANTIP-

2108 4940 2458 4995 ΡΗΤΙΚΟΙΣ.
2512 4942 2569 4998 Id
2621 4952 2704 4999 est
2740 4960 2754 4995 :
2789 4940 2958 4994 Index
2998 4938 3252 4993 librorum
3301 4941 3545 5012 Gregora’
3603 4961 3667 4998 ex

2107 5031 2344 5100 generali
2391 5032 2623 5087 Historia
2671 5033 2908 5086 Romana
2949 5028 3279 5096 selectorum,
3311 5041 3360 5086 et
3390 5050 3505 5086 cmn
3546 5035 3665 5088 DIC-

2106 5120 2255 5175 CEM
2292 5122 2405 5190 ejus
2433 5122 2807 5178 PRIORIBUS
2834 5123 3399 5182 ANTIRRHETICIS
3440 5129 3522 5181 hic
3544 5145 3665 5181 son-

2098 5211 2427 5280 junctorum.
2455 5212 2524 5266 At
2555 5213 2608 5265 in
2641 5211 2956 5268 Colvilliano
3003 5215 3362 5272 Scorialensis
3382 5218 3665 5273 bibliothe-

2099 5320 2176 5359 cae
2200 5306 2445 5376 catalogo
2470 5306 2579 5376 (51)
2636 5304 2748 5374 (qui
2777 5304 2830 5359 in
2862 5303 3250 5363 Mediolanensi
3299 5324 3395 5364 seu
3427 5310 3664 5365 Ambro-

2106 5487 2225 5542 dice
2247 5488 2366 5556 ipso
2389 5487 2789 5549 desiderantur.

2137 5627 2147 5638 _
2176 5558 2287 5627 (5t)
2327 5558 2771 5638 cujuspartem,
2804 5578 2870 5618 ex
2900 5577 3001 5617 ms.
3042 5561 3388 5638 bibliotheca
3432 5561 3669 5638 Ambro-

509 5622 1004 5702 (g9)__Eoruntdem
1036 5630 1286 5702 meminit
1318 5626 1479 5702 _Hist.
1514 5628 1608 5683 lib.
1653 5645 1816 5702 gx‘vm,
1861 5627 1992 5702 es],
2066 5622 2278 5702 Isiante
2292 5622 2477 5702 co_i_li‘ce
2497 5622 2844 5702 descriptam,
2863 5632 3283 5689 communicavit
3305 5648 3515 5690 mecum
3541 5630 3661 5686 Fri-

437 5714 483 5754 s.
522 5699 590 5769 ξς
632 5696 724 5769 lib.
758 5714 915 5765 mn,
949 5714 1071 5769 pag.
1102 5699 1241 5764 697;
1278 5698 1369 5769 lib.
1394 5714 1539 5765 xxxv,
1570 5713 1624 5766 p.
1651 5697 1754 5753 708
1782 5708 1838 5769 et
1867 5696 1990 5751 7l3.

510 5768 624 5839 (50)
655 5766 729 5821 lta
758 5770 878 5823 cod.
921 5766 1161 5823 Vaticani
1195 5768 1403 5825 titulus.
1444 5770 1512 5822 At
1549 5769 1625 5822 illi
1652 5769 1774 5823 libri
1806 5768 1860 5823 in
1895 5782 1990 5821 co-

2101 5696 2318 5754 dericus
2349 5696 2717 5769 BOSIgardius.
