3992 6208
465 268 536 325 Β)

1490 262 1906 326 NICEPHORI
1950 262 2266 322 GREGOR
2299 263 2336 320 Si
2384 263 2679 322 ELOGM.

3646 267 3721 325 (το

468 382 563 434 τοῦ
598 380 774 451 ψυχὴν
810 382 1192 449 εἰργασμένος,
1221 380 1562 447 εὐδαιμονεῖν
1589 380 1735 453 ἔχεις
1762 382 1827 448 τῇ
1868 396 2047 447 μακα-

2153 378 2305 431 nibus
2358 391 2405 431 et
2431 378 2656 447 argutiis
2710 374 3044 444 (artificiosas
3079 378 3191 431 dico
3220 380 3722 459 arqmnentntigues,

394 507 425 527 ο
470 471 680 539 ριότητι
717 470 825 521 τῶν
874 471 1133 537 νοήσεων.
1180 471 1336 525 Ἐπεὶ
1391 470 1446 522 δέ
1493 471 1671 539 ψυχὴν
1723 472 1836 532 τοῖς
1882 469 2045 531 θείοις

474 561 643 611 εἴδεσι
677 560 1063 628 μορφωθεῖσαν
1110 560 1291 629 (τοῦτο
1341 560 1450 631 γάρ
1500 560 1869 630 ήέπιστήμη)
1911 559 2046 612 πολὺ

470 652 743 723 πρότερον
783 652 929 713 aluo;
973 652 1211 731 zeal/tim
1269 652 1457 720 ἔφεσιν
1511 652 1820 721 ὴγαοὺνθαι
1889 652 2050 704 τοῦτο

468 743 578 810 γὰρ
640 740 855 803 πάντως
885 741 979 794 τοῦ
1034 743 1392 810 πριυτοτύπευ
1437 743 1807 811 ἐκμάττεται,
1844 742 2047 812 ἥκιστα

476 832 870 900 πιστευομένου
915 831 1124 898 ἀγαυοῦ
1175 851 1320 896 τινος
1375 835 1668 903 μετασχεῖν
1702 831 1796 885 τοῦ
1841 832 2051 897 βασκα-

474 922 594 975 νίαν
646 920 950 990 νοσοῦντος)
1014 922 1233 991 ὁμοίους
1293 923 1524 993 σεαυτῷ,
1587 924 1749 985 ὅσους
1818 918 1932 975 οἶόν
1989 941 2049 975 τε

473 1018 646 1067 ποιεῖν
681 1015 967 1076 ἑκάστοτε,
1012 1018 1069 1067 ἐν
1105 1018 1345 1087 μεγίστῃ
1390 1034 1477 1069 σοι
1528 1016 1789 1083 γενέσθαι.
1820 1018 2047 1087 σπουδῇ,

472 1108 504 1176 ἦ
536 1106 709 1159 ταῦτα
767 1108 866 1171 μὲν
898 1107 1109 1175 βέλτιος
1141 1106 1253 1177 (79)
1286 1110 1449 1171 αὐτὸς
1476 1110 1691 1171 πάντως
1713 1109 2048 1178 φιλοσοφεῖς,

470 1198 566 1250 τοῦ
593 1197 651 1251 εὖ
685 1199 914 1270 πάσχειν
947 1199 1006 1251 τὸ
1040 1203 1212 1253 ποιεῖν
1261 1199 1430 1262 τιθεὶς
1474 1200 1699 1269 ἄμεινον
1727 1200 1822 1253 καὶ
1848 1201 2053 1253 θειότε-

476 1307 590 1360 ρον.
635 1288 789 1359 Ἐμοὶ
816 1290 871 1341 δέ
898 1306 962 1356 γε
994 1290 1093 1358 τῆς
1155 1292 1253 1358 σῆς
1286 1290 1358 1353 ὡς
1389 1284 1500 1343 οἷον
1533 1308 1592 1342 τε
1624 1292 1908 1361 ἐφιγμένῳ
1940 1292 2051 1361 (80)

474 1383 839 1451 πληρότητος,
864 1381 1053 1452 ὥσπερ
1087 1382 1183 1453 τὴν
1230 1382 1365 1453 ὓλην
1393 1383 1527 1452 φασὶ
1551 1383 1645 1437 τοῦ
1667 1385 1864 1447 εἴδους.
1890 1384 2053 1448 ἀξίω-

473 1490 566 1525 σον
589 1474 989 1543 ἀποκρίνασθαι
1022 1474 1231 1545 βραχέα
1258 1475 1417 1528 ταυτί
1443 1489 1456 1503 ·
1490 1476 1578 1528 διὰ
1607 1476 1776 1529 ποίων
1808 1476 2052 1529 κανόνων

472 1566 570 1628 τὰς
619 1566 977 1635 ψηφηφορίας
1021 1568 1348 1637 περαίνεις·
1395 1568 1546 1631 τίνας
1600 1586 1661 1620 τε
1724 1571 1819 1624 καὶ
1847 1569 2053 1638 πηνίκα

476 1656 815 1725 εἰλημμένας
847 1657 1148 1726 λαμϐάνεις
1183 1658 1405 1727 ἐποχὰς,
1448 1660 1559 1709 καῖ’
1598 1658 1762 1721 πόσος
1794 1659 1821 1709 ὁ
1852 1660 1916 1711 ἐκ
1945 1659 2052 1711 τῶν

478 1749 691 1816 ἐποχῶν
723 1749 804 1811 είς
837 1749 897 1801 τὸ
925 1749 1099 1819 παρὸν
1131 1751 1340 1819 χρόνος.
1374 1750 1449 1803 Οὐ
1506 1750 1616 1820 γὰρ
1645 1746 1802 1821 οἶμαί
1834 1768 1892 1804 σε
1918 1751 2050 1821 χρῆ-

479 1840 603 1892 σθαι
635 1844 745 1903 τοῖς
774 1840 1188 1910 Πτολεμαῖκοῖς,
1218 1840 1295 1910 τῷ
1328 1840 1423 1893 τοῦ
1489 1844 1685 1914 χρόνου
1727 1846 1922 1915 πλήθει
1953 1845 2050 1913 τῆς

475 1931 763 2000 ἀκριϐείας
821 1933 1176 1985 ἐκπίπτουσιν
1237 1950 1251 1963 ’
1303 1932 1383 1985 ἔτι
1418 1932 1606 1996 δὲτὰς
1650 1936 1757 1988 τῶν
1794 1936 2052 1999 ἀποτελε-

491 2022 717 2091 σμάτων
744 2022 954 2092 κρίσεις
977 2021 1083 2075 τίνι
1121 2023 1395 2078 πιστεύων
1427 2026 1677 2096 ἐκτίθησι
1710 2027 1823 2090 (8|)
1854 2029 2050 2097 πρότε-

482 2129 573 2183 ρον
611 2113 933 2185 Πτολεμαίῳ
973 2116 1140 2185 μόνῳ,
1170 2115 1202 2186 ἦ
1237 2116 1329 2171 καί
1362 2119 1567 2189 τῳτῶν
1604 2118 1805 2173 ἄλλων.
1856 2118 2053 2171 Ἰταλοὶ

475 2206 610 2276 γάρ.
642 2201 721 2269 οἷς
772 2208 1041 2276 ἐλάχομεν
1095 2214 1394 2273 συνοικεῖν,
1448 2213 1544 2263 καὶ
1591 2210 1713 2262 κατ’
1765 2212 1931 2279 ἄμφω
1985 2210 2053 2262 τὰ

480 2298 643 2365 μέρη,
688 2298 742 2349 τὸ
770 2298 1118 2368 Θεωρητικᾷν
1151 2301 1413 2371 φημιοκαὶ
1458 2300 1517 2351 τὸ
1573 2302 1903 2369 πρακτικὸν,
1932 2300 2055 2353 ἐλά-

477 2405 639 2456 χιστα
664 2387 743 2464 τῷ
775 2389 1099 2463 Πτολεμαίῳ
1128 2394 1403 2479 χρέὺμενοι
1453 2391 1530 2458 τῷ
1562 2391 1673 2461 (8‘2)
1718 2391 1885 2443 πλείω
1939 2393 2051 2454 τοῖς

374 2480 381 2486 ’
480 2484 771 2554 ’.ίωτέροις
830 2485 1224 2536 πιστεύουσινο
1276 2485 1337 2537 οὒ
1385 2482 1496 2554 γὰρ
1546 2485 1656 2543 τοῖς
1698 2482 2054 2554 Ἀρραϐικοῖς

484 2578 665 2645 μόνοις
713 2576 1005 2645 ἀρκοῦντες
1054 2577 1165 2647 (85)
1216 2578 1468 2642 κανόσιν,
1524 2578 1588 2630 ἐκ
1646 2575 1738 2627 τοῦ
1805 2574 2051 2643 Μωαμὲο

483 2670 806 2738 ῖιργμένοις,
853 2669 990 2722 ἀλλὰ
1044 2670 1254 2727 πολλοῖς
1291 2671 1387 2723 καὶ
1420 2669 1603 2734 ἄλλοις
1636 2667 2051 2739 προσχρῶνται.

484 2761 671 2814 Ὶάὖτά
707 2779 767 2815 τε
800 2758 894 2814 οὖν
928 2761 1115 2830 σαφῶς
1164 2760 1460 2828 ἐκδίδαξον,
1489 2762 1583 2815 καὶ
1634 2762 1793 2829 εἴπερ
1824 2753 1939 2813 οἷον
1991 2777 2050 2812 τε

474 2857 605 2919 τοὺς
632 2855 731 2925 τῆς
758 2854 1107 2925 ψηφοφορίας
1138 2856 1371 2915 κανᾶνας
1392 2854 1556 2919 (οὕτω
1574 2855 1628 2907 δέ
1650 2854 1717 2907 τὰ
1737 2854 2048 2925 παραγγέλο

486 2964 632 3016 ματα
678 2946 772 3000 τοῦ
824 2946 1174 3016 ψηιρηιρορεῖν
1211 2928 1439 2999 καλοῦσι
1492 2949 1735 3010 Λατῖνοι)
1794 2947 2050 2999 κέλευσον

2085 1720 2125 1778 Β

484 3038 962 3107 μετεγγραφέντας
1000 3038 1263 3107 σταλῆναι
1302 3055 1414 3108 μοι,
1472 3038 1547 3101 ὡς
1584 3038 1652 3090 ἂν
1678 3037 1784 3107 ἔχω
1829 3036 2050 3100 τούτους
2074 3067 2119 3129 C

480 3132 596 3192 τοῖς
623 3130 852 3183 ἐκείνων
887 3128 1248 3199 παραϐαλεῖν.
1288 3129 1482 3198 Ἦμεῖς
1512 3130 1620 3199 γὰρ
1643 3128 1818 3200 ἄκρῳ,
1861 3128 1921 3179 τὸ
1951 3128 2042 3180 τοῦ

480 3221 673 3287 λόγου,
702 3220 1023 3291 γεγευμένοι
1055 3219 1303 3290 δακτύλῳ
1335 3221 1435 3289 τῆς
1488 3219 1701 3287 κλεινῆς
1736 3218 2048 3288 ἐπιστήμης

482 3312 796 3383 φλεγόμεθα
837 3314 936 3384 μὲν
969 3312 1211 3375 πλείονος
1235 3313 1544 3381 ἐφιέμενοι·
1580 3309 1655 3380 τῷ
1679 3327 1741 3378 γε
1780 3310 1887 3379 μὴν
1912 3312 2049 3363 ἁπο-

486 3407 600 3472 ρεῖν
631 3405 874 3476 βιϐλίων,
926 3404 1304 3474 ἐκκρουόμεθα
1365 3401 1461 3456 τοῦ
1494 3401 1722 3457 σκοποῦ.
1765 3402 1917 3454 Ἐπεὶ
1953 3400 2049 3454 οὖν

475 3499 676 3564 ,ἐγνως,
712 3491 756 3548 ὦ
782 3496 1080 3565 θαυμάσιε,
1104 3497 1172 3549 τὰ
1204 3494 1324 3548 κατ’
1380 3493 1500 3562 ἐμὲ,
1530 3493 1623 3545 καὶ
1669 3494 1792 3546 ὅτου
1822 3492 2049 3562 δεοίμην

481 3590 728 3658 ἀκριϐῶς
759 3584 916 3642 οἶσθα
944 3587 1212 3659 δήπουθεν
1239 3603 1254 3618 ⁸
1284 3588 1375 3640 σὺν
1411 3588 1590 3641 τοίνυν
1623 3588 1780 3657 ἔργον
1810 3588 1934 3657 ήδη,
1964 3588 2050 3640 ὅτι

473 3684 573 3743 ικαὶ
603 3683 785 3735 δῦναιο
821 3681 1039 3751 βοηθεῖν
1068 3680 1211 3734 οὓτω
1259 3681 1445 3752 πόρρω
1476 3696 1539 3747 γε
1573 3678 1864 3750 ἱδρυμένῳ,
1927 3679 2050 3732 ἐπεὶ

480 3778 593 3838 τοῖς
623 3792 682 3827 τε
706 3774 817 3841 (84)
845 3773 1207 3843 συμπολίταις
1238 3772 1372 3843 πρὸς
1408 3772 1554 3826 ἅπαν
1587 3774 1797 3844 ἀρκεῖς.
1840 3772 2048 3844 Ἔρρω-

485 3872 646 3935 μὲνος
704 3864 989 3936 διαϐιῴης.
1059 3868 1088 3917 ὀ
1134 3866 1233 3935 τῆς
1289 3864 1535 3927 Ἑλλάδος
1577 3865 1871 3934 ὀξυδορκὴς
1936 3864 2048 3935 (85)

469 3955 780 4024 ὀφθαλμὸς,
829 3952 1099 4024 ὁσημέραι
1134 3954 1247 4016 τοῖς
1307 3951 1661 4023 ὑψηλοτέροις
1717 3951 2046 4021 προϐαίνων,

483 4048 735 4108 καὶτοὺς
780 4045 932 4100 κάτω
980 4044 1271 4116 κειμένους
1307 4044 1442 4114 πρὸς
1482 4043 1707 4096 σεαυτὸν
1748 4044 2051 4113 ἐφελκόμε-

483 4156 595 4199 νος.

517 4227 767 4296 Georgius
797 4225 1045 4309 Lapithes
1074 4223 1365 4299 Nicephorp
1399 4223 1684 4296 Gregorio;
1727 4242 1790 4281 ea:
1817 4225 2010 4297 Cypro.

555 4321 717 4373 Aiunt
771 4320 969 4390 physici
1014 4334 1290 4385 corporum
1338 4320 1699 4381 impressiones
1742 4335 1801 4372 eo
1831 4319 2049 4373 ulterius

2150 483 2283 535 quas
2338 467 2636 535 ingeniosus
2668 465 2978 521 Aristoteles
3015 477 3186 520 rectas
3242 477 3290 521 el
3357 468 3435 520 his
3491 470 3723 521 diversas

2150 566 2304 609 acute
2351 558 2688 626 excogitavit,
2748 567 2859 615 aut.
2897 566 2953 609 ut
3012 558 3182 611 verius
3235 558 3432 621 dicam,
3466 560 3724 628 profundo

2151 658 2357 700 natura!
2393 648 2512 700 sinu
2548 648 2757 701 abditas
2793 649 3116 717 inrestigavit
3174 660 3223 701 et
3262 651 3316 701 in
3339 660 3579 717 apertum
3606 667 3728 718 pro-

2152 736 2314 801 tulit),
2342 738 2397 789 in
2426 739 2513 799 iis,
2545 738 2784 809 inquam.
2813 741 2958 809 fama
3008 751 3058 793 te
3108 757 3211 793 non
3242 743 3557 795 mediocrem
3584 760 3755 813 pra».

2150 828 2316 905 dicpt.
2351 827 2551 882 Eadem
2583 830 2635 882 in
2663 831 3029 900 cognoscendis
3063 832 3215 885 rebus
3268 833 3623 896 naturalibus,
3675 844 3724 887 et

2151 923 2290 990 quod
2348 922 2524 991 majus
2562 924 2614 975 in
2646 939 2704 976 eo
2736 925 2876 988 quod
2929 933 3024 984 est.
3079 935 3335 995 quatenus
3368 936 3462 984 est.
3492 938 3727 980 contem-

2150 1013 2347 1081 plaudo
2373 1026 2421 1068 et
2450 1018 2925 1079 comprehendendo
2954 1035 3199 1088 sagacem
3223 1018 3450 1073 clamat:
3480 1020 3723 1085 denique.

2152 1108 2288 1161 velut
2316 1110 2693 1177 pretiosissima
2734 1125 2946 1167 corona.
2974 1111 3205 1165 scientiis
3244 1123 3400 1165 ornat
3428 1118 3725 1166 mathema-

2155 1201 2292 1261 ticis;
2324 1217 2382 1253 ea
2417 1202 2730 1268 prmsertim,
2768 1217 2885 1272 qua:
2934 1214 3011 1254 est
3051 1205 3285 1255 omnium
3337 1221 3488 1271 apex.
3524 1206 3724 1257 intenta

2155 1308 2339 1359 nempe
2374 1292 2705 1362 explicandis
2758 1295 2981 1348 molibus
3030 1307 3077 1348 et
3137 1297 3411 1350 virtutibus
3445 1314 3723 1366 corporum

2154 1396 2403 1453 perpetuo
2429 1396 2570 1439 motu
2595 1388 2935 1456 agitatorum.
2973 1385 3100 1441 ch
3132 1396 3195 1441 de
3229 1398 3279 1441 te
3322 1389 3530 1458 quidem
3558 1391 3721 1460 fama.

2155 1478 2238 1530 cui
2266 1480 2347 1548 fas
2382 1479 2591 1555 credere
2622 1488 2716 1531 est.
2776 1479 2843 1531 At
2890 1488 2970 1541 tu,
3022 1481 3103 1533 vir
3131 1481 3465 1543 admirande,
3514 1483 3723 1543 quando

2154 1570 2365 1638 effecisti
2397 1579 2453 1622 ut
2485 1587 2629 1624 mens
2657 1579 2747 1623 tua
2782 1573 2875 1624 toti
2926 1569 3206 1625 Musarum
3236 1572 3391 1625 choro
3422 1572 3556 1625 velut
3590 1582 3722 1626 tem-

2154 1660 2297 1728 plum
2331 1668 2557 1729 pateret,
2586 1661 2991 1731 cogitationibus
3018 1661 3121 1714 tuis
3171 1661 3374 1723 beatus,
3406 1661 3564 1715 habes
3590 1662 3726 1714 unde

2153 1749 2225 1804 sis
2262 1750 2408 1819 felix.
2440 1750 2704 1815 Quoniam
2739 1759 2913 1804 tamen
2980 1752 3179 1810 animo.
3241 1751 3431 1804 divinis
3462 1752 3724 1820 speciebus

2153 1843 2459 1911 informata,
2489 1846 2543 1897 id
2568 1845 2707 1913 quod
2729 1844 2947 1898 scientia
2975 1852 3071 1907 est,
3122 1842 3285 1896 multo
3314 1845 3457 1910 prius
3482 1844 3724 1897 volunta-

2155 1945 2258 1989 tem
2287 1945 2494 1989 rectam
2524 1937 2809 1991 accessisse
2831 1954 2931 2004 par
2964 1947 3039 1990 est
3070 1936 3328 1990 arbitrari
3361 1936 3503 2008 (nam
3535 1954 3596 1991 ea
3649 1947 3722 1991 est

2152 2026 2312 2095 plane
2350 2043 2597 2096 expressa
2623 2029 2889 2098 prototypi
2912 2029 3101 2089 virtus.
3132 2044 3227 2081 nec
3254 2028 3377 2081 boni
3408 2027 3567 2081 ullius
3595 2045 3721 2097 par-

2153 2121 2313 2188 ticeps
2347 2120 2629 2190 quisquam
2667 2137 2777 2174 esse
2803 2121 3056 2185 creditur,
3114 2121 3205 2187 qui
3244 2120 3443 2173 invidia
3474 2120 3720 2188 laboret),

2154 2213 2206 2265 in
2242 2213 2294 2264 id
2321 2221 2369 2264 te
2392 2228 2596 2265 summo
2623 2213 2824 2281 studio}
2858 2221 3056 2280 oportet
3113 2213 3428 2274 incumbere,
3482 2225 3536 2265 ut
3570 2215 3723 2267 simi-

2156 2303 2227 2357 les
2254 2305 2329 2356 tui
2358 2321 2512 2373 quam
2569 2303 2823 2373 plurimos
2853 2305 3087 2373 quotidie
3123 2305 3336 2373 e/ﬁcias.
3399 2305 3569 2375 Atque
3625 2306 3721 2359 hoc

2157 2406 2211 2447 tu
2254 2397 2438 2447 melius
2492 2396 2600 2461 ipse
2630 2411 2789 2464 quam
2820 2394 2960 2448 alius
2993 2396 3266 2465 quisquam
3318 2394 3719 2465 philosophers,

2155 2502 2272 2540 cum
2308 2486 2614 2556 benefacere
2641 2504 2798 2557 quam
2822 2486 2957 2555 aﬂici
2989 2486 3233 2554 beneﬁcio
3262 2487 3600 2552 pra'stantius
3634 2487 3720 2538 di-

2154 2580 2429 2648 viniusque
2456 2594 2566 2631 esse
2590 2578 2805 2632 statuis.
2836 2577 2965 2631 Mihi
2996 2587 3200 2640 autem,
3231 2579 3323 2644 qui
3345 2594 3524 2631 earum
3548 2593 3722 2630 rerum

2154 2671 2339 2739 quibus
2366 2669 2610 2722 abundas
2628 2670 2705 2722 ita
2723 2685 2837 2722 sum
2869 2676 3138 2738 appetens,
3168 2678 3223 2721 ut
3251 2670 3433 2736 forma:
3461 2670 3683 2721 materia
3704 2707 3719 2732 ,

2156 2774 2216 2812 ne
2241 2775 2502 2829 gramru,
2555 2775 2748 2831 qua'so,
2784 2759 3093 2828 respondere
3124 2775 3293 2828 pauca
3351 2759 3461 2813 luec
3493 2759 3719 2812 interro-

2153 2853 2339 2922 ganti:
2371 2868 2596 2920 quarum
2630 2851 2930 2904 tabularum
2980 2866 3073 2917 ope
3111 2867 3354 2905 numeros
3402 2851 3724 2903 astronomi-

2153 2960 2237 2998 cos
2266 2930 2571 3010 computare
2592 2941 2760 2995 soleas
2783 2957 2801 3003 ;
2826 2957 3066 3012 quaenam
3088 2952 3187 2996 ate
3209 2951 3474 3012 ponuntur
3493 2943 3719 3009 epocha',

2154 3046 2201 3091 et
2245 3034 2456 3106 quando
2503 3049 2577 3088 etc
2607 3035 2837 3104 primum
2869 3036 3052 3103 posita:
3108 3037 3302 3105 fuerint
3324 3073 3339 3098 ,
3369 3045 3621 3104 quantum
3654 3034 3719 3085 ab

2152 3129 2258 3182 illis
2309 3130 2513 3196 epochis
2566 3127 2797 3181 adhunc
2851 3127 2988 3179 diem
3033 3142 3193 3196 usque
3233 3135 3436 3194 tempus
3485 3126 3719 3195 ﬂuxerit.

2155 3217 2338 3287 Neque
2392 3218 2533 3270 enim
2586 3226 2711 3285 puto
2743 3225 2792 3269 te
2822 3216 2901 3269 uti
2939 3213 3300 3277 I’tolemaicis,
3335 3229 3452 3283 qua!
3481 3221 3722 3269 exactam

2151 3312 2427 3365 veritatem
2458 3310 2608 3380 longo
2642 3318 2872 3378 tempore
2894 3288 3207 3363 amiserunt.
3238 3306 3377 3362 Item
3403 3307 3489 3361 cui
3517 3306 3724 3362 auctori

2149 3405 2331 3457 eredas
2360 3403 2415 3455 in
2441 3401 2657 3471 judiciis
2690 3400 3039 3469 astrologicis,
3091 3400 3439 3453 Ptolemwone
3492 3399 3616 3458 soli.
3648 3414 3719 3451 an

2152 3504 2201 3549 et
2233 3495 2330 3548 alii
2385 3495 2640 3563 cuipiam.
2678 3491 2818 3546 Nam
2850 3491 3002 3557 Itali,
3043 3491 3348 3571 quibuscum
3399 3490 3549 3542 nobis
3574 3490 3722 3543 sedes

2157 3588 2447 3641 communis
2476 3585 2681 3655 obtigit,
2711 3593 2894 3637 neutra
2947 3584 3001 3637 in
3051 3593 3222 3651 parte,
3255 3586 3347 3635 nec
3397 3583 3451 3634 in
3483 3581 3723 3650 specula-

2151 3680 2312 3743 tione,
2345 3694 2439 3731 nec
2467 3680 2522 3731 in
2567 3677 2742 3747 praxi,
2776 3676 3114 3730 Ptolemteum
3162 3677 3342 3729 ducem
3388 3682 3723 3743 sequuntur;

2152 3770 2243 3824 sed
2308 3770 2677 3824 recentioribus
2724 3777 2781 3823 ut
2837 3769 3126 3838 plurimum
3178 3768 3578 3821 adha’rescunt:
3631 3781 3723 3819 nec

2153 3864 2383 3918 contenti
2407 3863 2628 3926 tabulis,
2651 3880 2769 3934 qua:
2795 3882 2828 3916 a
2865 3863 3231 3917 Molmmmede
3255 3861 3465 3914 initium
3500 3861 3722 3923 ducunt,

2153 3956 2334 4008 multis
2370 3963 2626 4022 prceterea
2689 3953 2808 4006 aliis
2861 3962 3105 4006 utuntur.
3167 3951 3292 4006 Hcce
3328 3962 3384 4006 tu
3440 3951 3528 4020 [ac
3582 3961 3723 4005 certo

2150 4048 2314 4099 sciam
2329 4062 2348 4100 :
2380 4061 2444 4097 ac
2465 4045 2509 4097 si
2530 4044 2647 4113 ﬁeri
2667 4053 2852 4107 potest,
2879 4046 3039 4098 etiam
3062 4042 3360 4112 Psephorite
3377 4042 3585 4113 regulas
3608 4042 3721 4112 (86)

2153 4136 2249 4207 (ita
2282 4135 2465 4190 Latini
2494 4143 2679 4189 vocant
2708 4144 2968 4204 pracepta
3002 4126 3365 4204 computandi)
3392 4134 3518 4200 iube
3545 4134 3613 4185 ad
3642 4147 3724 4185 me

2155 4232 2501 4294 transcriptus
2553 4229 2714 4290 mitti,
2782 4237 2839 4280 ut
2892 4229 3027 4281 istas
3091 4228 3283 4297 possim
3337 4242 3455 4280 cum
3506 4224 3723 4279 illorum

2153 4321 2343 4392 regulis
2358 4321 2611 4391 conferre.
2629 4317 2837 4374 Scilicet
2856 4336 2970 4384 nos,
2993 4319 3084 4389 qui
3113 4318 3427 4387 pra'clarans
3447 4316 3723 4369 scientiam

446 4458 455 4473 ,
482 4411 747 4481 progredi,
783 4427 884 4479 quo
915 4427 999 4467 ea.
1031 4425 1148 4480 qua:
1174 4411 1276 4463 vim
1316 4412 1642 4479 imprimunt,
1693 4410 1951 4479 majorem
1998 4413 2051 4464 in
2084 4423 2128 4480 υ
2154 4428 2407 4477 extremo,
2443 4426 2496 4465 ut
2524 4413 2700 4476 aiunt,
2729 4412 2893 4482 digito
2940 4410 3229 4463 delibatam
3262 4407 3605 4489 gustauimus,
3635 4405 3722 4457 in—

472 4520 539 4567 ,se
561 4505 802 4557 virtutem
842 4501 1055 4557 habent.
1088 4502 1273 4573 Itaque
1313 4501 1386 4553 nil
1422 4504 1614 4555 mirum
1645 4505 1695 4571 (ο
1722 4503 1868 4566 mihi,
1892 4505 2054 4556 etiam
2151 4505 2429 4558 condimur
2464 4505 2675 4575 quidem
2702 4504 2958 4558 desiderio
2984 4502 3141 4572 plura
3177 4503 3454 4566 discendi;
3485 4509 3541 4554 at
3594 4499 3724 4570 quia

473 4600 640 4661 istinc
687 4597 888 4662 procul,
944 4595 1192 4660 dlectum
1238 4597 1439 4664 caput),
1511 4595 1647 4665 quod
1696 4611 1814 4647 cum
1873 4604 2054 4647 tantus

472 4689 592 4757 ipse
645 4688 738 4750 sis,
799 4686 917 4737 inde
970 4700 1132 4753 usque
1194 4699 1285 4738 nos
1341 4684 1584 4737 irradies.
1626 4683 1833 4737 Etenim
1884 4685 2052 4753 fama,

474 4794 638 4843 quant
673 4786 837 4847 poeta:
865 4776 1017 4829 deum
1059 4775 1280 4844 ﬁngunt,
1312 4773 1457 4828 ultra
1488 4790 1579 4827 nos
1608 4789 1811 4843 quoque
1834 4782 2056 4825 conatur

479 4878 530 4921 te
565 4870 880 4936 provehere;
912 4884 974 4920 ac
1001 4868 1055 4921 in
1103 4868 1272 4934 ipsam
1325 4866 1533 4920 Indiam
1588 4873 1903 4957 plenetraret.
1942 4864 2046 4917 nisi

478 4976 603 5030 gens
639 4960 863 5015 barbara
898 4960 1292 5027 importunitate
1318 4975 1414 5012 sua
1455 4957 1595 5011 illius
1618 4973 1762 5011 voces
1782 4955 2048 5027 frangeret

479 5070 546 5106 ac
582 5053 902 5106 retunderet.
930 5052 1097 5105 I'orro
1128 5061 1177 5106 te
1207 5052 1379 5121 fama,
1411 5051 1491 5104 vir
1519 5052 1733 5120 optime,
1794 5058 2047 5103 accurata

474 5142 948 5212 grammaticorum
1011 5151 1129 5195 arte
1181 5151 1538 5212 pru'slatttem,
1589 5141 1793 5194 dicendi
1823 5142 1972 5210 copia
1999 5148 2047 5194 et

474 5233 748 5305 elegantia
782 5234 1200 5301 praestantiorem
1231 5233 1413 5289 canit:
1449 5233 1515 5286 in.
1531 5232 1819 5288 dialecticis
1849 5234 2047 5303 captio-

550 5415 666 5485 (79)
703 5415 783 5468 An
813 5412 1021 5482 βέλτιον
1055 5411 1220 5473 αὐτὸς
1251 5411 1451 5475 παντὸς
1476 5412 1498 5464 ?

552 5485 665 5555 (εὐ)
700 5488 779 5555 An
814 5485 1127 5555 ἐφιεμένῳῖ

553 5554 665 5623 (81)
697 5554 839 5625 Lego
870 5556 1114 5625 ἐκτίοης,
1144 5554 1390 5623 πότερον.

553 5626 665 5692 (82)
693 5627 781 5677 τά.

553 5697 663 5757 (85,
701 5692 847 5749 Fort.
880 5695 1193 5750 ἀσκοῦνται.

2154 4597 2300 4651 libris
2322 4613 2586 4660 caremus,
2615 4597 2731 4651 ideo
2759 4597 2881 4651 inde
2909 4596 3231 4665 repellimuf,
3259 4609 3360 4665 quo
3394 4593 3720 4662 aspiramus.

2154 4687 2368 4758 Itaque,
2396 4690 2477 4743 vir
2501 4689 2951 4759 praestantissime,
2983 4702 3100 4758 qua:
3125 4688 3231 4740 sint
3269 4701 3385 4739 mea
3427 4684 3607 4738 studia
3639 4683 3722 4734 in-

2154 4780 2370 4850 telligis,
2410 4790 2567 4850 atque
2593 4782 2723 4833 adeo
2756 4780 2883 4850 quid
2908 4780 2975 4833 sit
3008 4794 3111 4848 quo
3140 4776 3400 4845 indigeam
3458 4774 3726 4841 explorate

2152 4873 2439 4943 cognoscis.
2498 4873 2665 4927 Tuum
2688 4881 2765 4926 est
2794 4871 2979 4942 igitur,
3034 4870 3172 4941 quod
3204 4870 3260 4923 in
3306 4877 3352 4922 te
3395 4867 3516 4930 erit,
3570 4864 3721 4925 mihi,

2155 4966 2246 5035 qui
2273 4966 2653 5020 remotissimus
2681 4966 2831 5036 dego,
2888 4981 3037 5033 opem
3065 4964 3204 5035 ferre
3228 4978 3246 5027 ;
3301 4958 3726 5030 quandoquidem

2154 5053 2226 5106 ad
2250 5054 2429 5106 omnia
2478 5053 2674 5107 civibus
2719 5054 2823 5106 tuis
2874 5069 3014 5107 unus
3057 5053 3266 5122 sufﬁcis.
3326 5049 3446 5105 Vive
3492 5058 3540 5102 et
3583 5046 3720 5106 vale,
3780 5068 3783 5071 π

2155 5144 2369 5200 Greecia:
2391 5145 2565 5199 lumen
2595 5145 3177 5205 clarissimum;altius
3225 5144 3463 5215 quotidie
3503 5156 3720 5211 progre-

2153 5237 2292 5301 dere,
2327 5246 2374 5291 et
2422 5253 2507 5291 eos
2537 5239 2626 5308 qui
2645 5238 2796 5307 intra
2823 5238 3003 5308 jacent
3032 5237 3103 5291 ad
3129 5246 3176 5292 te
3200 5239 3370 5308 ipsum
3395 5236 3618 5311 attrahe.

2229 5415 2341 5497 (Si)
2373 5433 2458 5482 γε-

2228 5489 2359 5558 (θεν
2373 5487 2687 5558 ἐξυδερκής.

2229 5554 2339 5625 (86)
2376 5556 2451 5611 Ex
2471 5554 2662 5629 Graeco
2687 5557 3026 5629 ψηφοφορία.
3083 5557 3258 5625 Atque
3308 5554 3436 5611 hinc
3493 5554 3723 5609 fortasse

2161 5627 2356 5697 Siphra
2388 5643 2484 5683 seu
2516 5628 2696 5699 Cipru.
