4010 6214
246 295 297 360 CI
1232 297 1643 360 NICEPHORI
1688 299 2070 362 GREGORE
2118 308 2419 370 ELOGIA.
2842 356 2849 371 .
3380 310 3454 374 62

304 407 364 460 ll.
402 406 559 461 Κατὰ
592 405 712 458 τῶν
730 406 838 460 τοῦ
864 407 1139 478 Γρηγορᾶ
1170 413 1533 481 ληρημάτων
1567 413 1704 478 (87).

313 496 367 551 '0
396 498 451 551 δὲ
479 497 782 564 σοφώτατος
802 498 1104 567 Γρηγορᾶς,
1130 499 1319 573 ὥσπερ
1345 505 1443 556 οὐκ
1474 504 1783 575 ἀρκούντων

252 587 381 655 αὐτῷ
405 586 508 640 τῶν
536 587 844 650 Βυζαντίων
878 588 956 651 εἰς
987 587 1193 658 θαῦμα,
1230 591 1322 644 καὶ
1352 592 1783 657 Θεσσαλονικέας

246 680 407 745 ἐνάγει
436 677 569 748 πρὸς
613 678 743 740 τοὺς
800 678 1001 747 ὕμνους
1039 681 1163 742 τοὺς
1214 682 1431 746 ἑαυτοῦ,
1485 683 1786 753 γράμματα

246 772 459 837 πέμπων
481 770 575 821 καὶ
622 773 954 837 προσκυνεῖν
1014 774 1237 838 μονονοὺ
1271 774 1531 839 κελεύων,
1583 776 1784 846 ἄνδρας

242 861 533 930 ἐλευθέρους
558 863 653 913 καὶ
695 861 859 929 μηδὲν
908 862 1114 925 εἰδότας
1174 864 1205 926 ἢ
1237 864 1418 931 λέγειν
1457 866 1488 933 ἦ
1522 867 1785 935 πράττειν

245 954 362 1023 πρὸς
415 953 608 1023 ήδονὴν
638 952 815 1006 οὐδενί
848 993 862 1007 .
893 993 907 1007 .
941 993 955 1008 .
989 991 1003 1006 .
1035 993 1049 1006 .
1085 993 1099 1008 .
1136 953 1417 1025 Θαυμάζω
1447 958 1504 1010 δὲ
1542 958 1782 1025 πρῶτον,

242 1048 283 1098 εἰ
307 1044 395 1114 τὴν
426 1044 676 1110 γλῶτταν
702 1045 936 1112 ἠγνόησε
975 1044 1071 1097 τοῦ
1113 1044 1426 1116 θαυμαστοῦ
1458 1048 1785 1102 Θεσσαλονί-

242 1154 349 1205 κης,
379 1138 469 1188 καὶ
507 1136 569 1187 τὸ
605 1136 735 1205 παρ’
771 1137 985 1203 ἐκείνης
1017 1138 1136 1190 κατ’
1181 1139 1345 1191 αὐτοῦ
1405 1140 1519 1210 πῦρ
1544 1154 1558 1169 ⁸
1591 1140 1785 1195 ἔπειτα

240 1232 281 1283 εἰ
313 1227 668 1298 προσεδόκησε
724 1229 873 1299 παρὰ
918 1229 1356 1284 Θεσσαλονικέων
1406 1232 1581 1294 καλῶς
1620 1233 1784 1286 ἀκοῦ-

244 1337 354 1373 σαι·
381 1321 429 1373 οἶ
466 1320 809 1391 φαυλότατόν
836 1338 895 1374 τε
933 1323 1120 1384 αὑτὸν.
1154 1322 1254 1376 οὐκ
1276 1320 1375 1377 οἷδ’
1403 1325 1574 1390 ὅπως,
1616 1326 1785 1379 πάλαι

241 1411 453 1481 ήγοῦντο
490 1413 588 1481 τὴν
621 1416 700 1476 είς
732 1411 927 1482 λόγους
977 1414 1230 1480 δύναμιν,
1286 1415 1355 1487 ήν
1388 1417 1783 1485 ἐπαγγέλλεται

240 1502 471 1557 τοσοῦτον
515 1504 616 1575 ήδη
647 1505 840 1576 χρόνον
867 1523 881 1537 ·
936 1508 1026 1559 καὶ
1062 1505 1155 1559 νῦν
1183 1508 1310 1575 περὶ
1356 1507 1446 1560 τὸν
1470 1508 1624 1570 Θεὸν,
1657 1510 1783 1562 ἀσε-

236 1596 299 1666 ϐῆ
320 1636 335 1651 .
361 1635 377 1650 .
403 1635 415 1649 .
446 1634 464 1650 .
496 1633 514 1649 .
544 1596 655 1649 Καὶ
696 1597 758 1649 τὸ
792 1596 1079 1666 σύνταγμα
1114 1598 1318 1667 πολλήν
1353 1616 1473 1653 τινα
1530 1600 1782 1670 καταψη-

1811 417 1849 468 Λ
1880 424 2111 486 gratiam
2164 423 2535 494 aucdpandam
2566 440 2657 478 seu
2694 424 2866 479 dicere
2908 442 2999 480 seu
3039 428 3218 497 facere
3250 428 3454 481 didice-

1888 525 2032 578 runt,
2085 526 2187 571 etc.
2234 516 2474 571 Primum
2529 517 2662 572 illud
2712 520 2895 579 miror,
2958 520 3094 588 quod
3149 518 3457 573 admirandi

1888 605 2424 662 Tltessalonicensium
2455 610 2706 662 antistitis
2738 611 2974 681 linguam
3014 621 3062 664 et
3100 612 3266 682 ignem
3298 612 3351 664 in
3399 628 3455 668 se

1887 698 2005 752 inde
2034 710 2391 766 erumpentem
2416 700 2734 776 ignoraverit
2758 718 2776 754 :
2800 711 2910 753 tum
2943 704 3122 764 etiam,
3160 702 3296 771 quod
3334 718 3390 755 se
3418 718 3453 755 a

1888 787 2429 844 Thessalonicensibus
2478 790 2605 845 bene
2642 793 2951 846 auditurum
3000 795 3251 860 sperarit.
3283 791 3373 860 qui
3405 802 3455 847 et

1887 881 2011 935 olim
2051 884 2227 935 nescio
2281 900 2381 953 quo
2439 886 2549 954 fato
2602 884 2907 938 vilissimum
2961 902 3075 937 eum
3136 885 3452 951 habuerunt,

1898 973 2034 1041 quod
2061 973 2130 1025 ad
2174 973 2381 1026 dicendi
2431 972 2740 1043 facultatem
2782 974 3047 1037 attineret,
3085 990 3243 1042 quam
3306 983 3453 1026 tanto

1879 1064 1999 1132 jam
2048 1073 2276 1130 tempore
2323 1064 2638 1133 profitetur:
2675 1070 2723 1117 et
2776 1066 3021 1118 eumdem
3053 1081 3189 1117 nunc
3243 1065 3306 1117 de
3345 1064 3454 1117 Deo

1886 1155 2025 1207 male
2046 1162 2094 1206 et
2128 1153 2282 1217 impie
2314 1155 2505 1206 sentire
2559 1153 2800 1219 credunt,
2830 1162 2926 1207 etc.
2958 1153 3031 1206 Ac
3082 1152 3212 1206 liber
3245 1151 3454 1223 quidem

1885 1246 1994 1311 ipse
2022 1246 2254 1312 parentis
2301 1245 2385 1297 sui
2415 1254 2571 1313 caput
2623 1262 2814 1316 magna
2855 1246 3084 1314 quadam
3114 1254 3160 1298 et
3199 1244 3454 1297 turbidis-

1882 1339 2016 1392 sima
2048 1338 2276 1406 procella
2313 1339 2573 1407 agitatum
2620 1340 2818 1407 arguit,
2852 1337 2982 1390 adeo
3015 1345 3069 1389 ut
3113 1335 3264 1389 illum
3301 1334 3454 1403 cujus

1883 1430 2017 1499 fetus
2036 1439 2107 1482 est
2165 1430 2297 1482 satis
2326 1427 2576 1492 declaret,
2596 1437 2642 1481 et
2674 1430 2829 1481 risum
2850 1428 3197 1482 vehementem
3226 1436 3448 1480 moveat.
3552 1432 3553 1437 ‘

1880 1520 2018 1575 Nam
2049 1522 2219 1590 primo
2247 1521 2422 1589 ejusce
2471 1522 2643 1588 operis
2704 1536 2888 1573 nomen
2921 1521 3179 1572 incertum
3230 1528 3327 1581 est,
3361 1536 3454 1572 nec

1882 1612 2050 1666 ullum
2102 1614 2329 1682 suppetit
2364 1612 2503 1683 quod
2562 1613 2609 1665 ei
2642 1611 2944 1676 conveniat,
2987 1618 3040 1663 ut
3094 1626 3185 1663 nec
3237 1611 3301 1664 iis
3336 1626 3453 1680 qua:

233 1689 426 1757 φίζεται
494 1688 665 1760 ζάλην
695 1690 796 1759 τῆς
823 1688 1090 1759 τεκούσης
1125 1681 1389 1761 κεὶραλῆς,
1415 1695 1512 1747 καὶ
1534 1688 1647 1744 οἷον
1677 1692 1782 1747 δεῖ·

1885 1714 2075 1774 ριίεῑεν
2108 1681 2353 1758 naturam
2378 1681 2684 1775 gignuntur.
2710 1714 2810 1757 etc.
2844 1701 3043 1756 Deinde
3068 1702 3303 1773 singulas
3334 1702 3452 1756 libri

234 1782 307 1847 ξαι
336 1781 541 1846 ἱκανῶς
567 1783 660 1836 τὸν
694 1791 936 1852 πατέρα,
972 1783 1174 1852 θερμὸν
1200 1783 1257 1836 δὲ
1287 1784 1506 1853 κινῆσαι
1545 1784 1777 1852 γέλωτα.

231 1874 435 1941 Πρῶτον
487 1873 587 1943 μὲν
619 1873 724 1945 γὰρ
746 1875 839 1927 καὶ
863 1872 993 1926 αὐτὸ
1021 1872 1257 1942 τοῦνομα
1291 1875 1386 1927 τοῦ
1415 1879 1782 1947 συγγράμμα-

227 1981 303 2026 τος
334 1965 640 2032 ἀγνοεῖται,
692 1968 787 2019 καὶ
838 1967 866 2019 ὃ
921 1983 975 2018 τι
1008 1966 1090 2018 δεῖ
1151 1964 1342 2019 καλεῖν
1396 1966 1496 2019 οὐκ
1562 1968 1780 2037 ἔχομεν,

227 2054 391 2126 ὥσπερ
422 2056 541 2109 τῶν
571 2058 719 2128 παρὰ
743 2056 904 2127 φύσιν
937 2059 1295 2129 γεννωμένων
1323 2099 1337 2114 .
1365 2100 1379 2113 .
1408 2099 1422 2113 .
1451 2099 1465 2112 .
1500 2102 1512 2114 .
1548 2062 1780 2114 Ἔπειτα

227 2150 303 2201 καὶ
332 2151 498 2212 είτις
519 2150 807 2219 ἀνάσχοιτο
856 2151 996 2204 κατὰ
1028 2149 1191 2219 μέρος
1214 2152 1483 2216 ἐπελθεῖν,
1535 2152 1597 2205 τὸ
1633 2154 1782 2223 Ἀρι-

229 2238 516 2307 στοφάνους
569 2238 745 2291 ἐκεῖνο
797 2236 1017 2306 βοήσει·
1068 2240 1198 2293 Δότε
1256 2257 1348 2310 μοι
1402 2240 1654 2308 λεκάνην,
1712 2242 1780 2293 ἵν’

228 2330 406 2399 ὲμέσω.
445 2329 733 2402 Τοσαύτης
760 2331 919 2399 γέμει
954 2328 1053 2401 τῆς
1079 2333 1271 2403 ἀηδίας
1295 2350 1310 2365 ·
1343 2335 1439 2388 καὶ
1473 2330 1614 2384 οὕτω
1648 2350 1780 2385 παν-

228 2424 410 2493 τοδαπή
472 2424 556 2487 τίς
603 2425 719 2476 ἐστι
770 2426 866 2477 καὶ
932 2422 1150 2494 ποικίλη
1197 2424 1381 2478 κακῶν
1413 2426 1554 2494 φορά
1586 2463 1600 2478 .
1627 2461 1643 2476 .
1678 2466 1691 2479 .
1725 2461 1739 2477 .
1762 2462 1776 2478 .

235 2515 429 2586 Ἑρωτᾷ
461 2516 516 2569 δὲ
545 2516 687 2569 πάνυ
722 2514 1015 2585 ἀγροίκως,
1035 2516 1310 2584 ἀφανίζων
1337 2516 1427 2569 τὸν
1456 2518 1585 2587 περὶ
1610 2515 1780 2569 ταῦτα

226 2610 442 2678 κέσμον,
480 2609 578 2662 καὶ
604 2609 702 2660 οὐκ
731 2607 927 2679 ᾐδέσθη
956 2608 1051 2677 τὴν
1083 2606 1419 2679 ἐπωνυμίαν,
1438 2602 1503 2678 ἦς
1534 2609 1783 2661 κοινωνεῖ

223 2703 320 2763 τοῖς
374 2700 700 2770 φιλοσόφοις
938 2700 1099 2753 Ἀλλὰ
1164 2701 1330 2755 τᾶλλα
1397 2701 1780 2771 μιμησάμενος

228 2791 509 2853 Πλάτωνα,
542 2791 625 2845 ὅτι
663 2811 721 2845 τε
752 2791 1035 2861 διαλόγους
1066 2793 1132 2846 τά
1159 2795 1571 2864 συγγράμματα
1603 2793 1776 2854 καλεῖ,

229 2884 314 2935 καὶ
334 2886 416 2935 ὅτι
457 2883 539 2948 τὸ,
572 2879 616 2936 ὦ
664 2885 870 2954 ἑταῖρε.
906 2885 999 2939 καὶ
1027 2885 1106 2947 τδ,
1140 2886 1284 2954 μάλα
1342 2884 1515 2955 μόλις,
1571 2888 1661 2937 καὶ
1698 2885 1779 2950 τὸ,

225 2976 311 3042 οὐχ
337 2973 474 3044 ἕπῃ,
504 2966 550 3026 ὦ
602 2975 810 3045 ἑταῖρε,
838 2975 1035 3031 ,καὶτὰ
1075 2975 1300 3030 τοιαῦτα
1334 2977 1589 3045 συνείρει,
1624 2975 1780 3029 τοῦτο

1887 1806 2062 1867 partes
2092 1797 2256 1868 legere
2293 1799 2339 1850 si
2362 1796 2474 1867 quis
2504 1805 2576 1850 est
2622 1795 2711 1865 qui
2742 1795 3020 1857 sustineat,
3058 1794 3121 1847 is.
3166 1794 3300 1847 illud
3330 1794 3455 1847 Ari-

1888 1892 2165 1960 stoplianis
2182 1891 2517 1954 exclamabit,
2546 1890 2677 1943 Date
2707 1889 2903 1959 pelvim
2930 1898 2985 1941 ut
3009 1902 3220 1941 romam
3253 1904 3268 1940 :
3300 1895 3452 1941 tanta

1886 1984 2116 2037 abundat
2156 1981 2465 2057 insulsitas;
2520 1980 2651 2033 adeo
2683 1979 2957 2047 multiplex
3008 1988 3056 2031 et
3112 1978 3259 2031 varia
3322 1978 3453 2030 inest

1887 2074 2155 2127 molarum
2186 2090 2360 2127 rerum
2389 2072 2631 2137 colluvio,
2662 2080 2760 2126 etc.
2808 2071 2905 2125 Est
2945 2080 3121 2124 autem
3156 2070 3210 2122 in
3231 2069 3457 2122 interro-

1886 2166 2059 2237 gando
2098 2166 2309 2219 omnino
2335 2164 2579 2236 agrestis,
2617 2175 2665 2217 et
2709 2163 2990 2232 probatum
3029 2166 3129 2215 hac
3154 2162 3207 2214 in
3240 2164 3298 2215 re
3331 2161 3456 2231 legi-

1887 2261 2170 2327 timumque
2197 2272 2411 2313 morem'
2430 2256 2673 2321 sustulit;
2716 2272 2807 2309 nec
2834 2272 2950 2309 eum
2977 2255 3134 2307 subiit
3159 2254 3454 2308 reverentia

1886 2352 2000 2420 ejus
2033 2352 2281 2415 nominis,
2314 2348 2447 2419 quod
2480 2366 2596 2403 cum
2630 2349 2947 2419 philosophis
2973 2363 3243 2401 commune
3277 2346 3454 2411 habet,

1887 2454 1983 2499 etc.
2018 2443 2291 2497 Enimvero
2319 2454 2507 2497 cietera
2541 2441 2816 2495 Platonem
2844 2442 3103 2503 imitatus,
3130 2456 3188 2493 eo
3216 2438 3456 2493 videlicet

1886 2538 2023 2607 quod
2049 2535 2282 2605 dialogos
2312 2543 2447 2589 vocet
2487 2551 2548 2587 ea
2570 2550 2684 2602 qua:
2710 2518 2908 2592 scribit.
2930 2542 2977 2585 et
3000 2532 3136 2601 quod
3168 2530 3261 2583 illa
3295 2528 3458 2601 [Pla-

1886 2631 1993 2681 toni
2027 2624 2337 2698 familiaria]
2369 2619 2416 2679 ὦ
2438 2623 2650 2690 ἑταῖρε,
2677 2621 2845 2691 μάζα
2866 2623 3065 2690 μόλις,
3100 2621 3213 2688 οὑν
3236 2618 3377 2683 ἕπῃ,
3408 2612 3460 2672 ὦ

1887 2718 2096 2786 ἑταῖρε,
2124 2717 2335 2785 aliaque
2366 2717 2479 2786 ejus
2518 2715 2720 2785 generis
2750 2713 2964 2767 subinde
3003 2721 3182 2765 assuta
3231 2719 3456 2779 repetat,

1886 2812 1979 2864 hoc
2008 2810 2121 2864 solo
2151 2808 2294 2861 haud
2354 2809 2592 2879 imitatus
2644 2814 2741 2868 est,
2766 2814 2867 2858 etc.
2897 2804 3020 2858 Iam
3046 2819 3165 2856 vero
3199 2802 3451 2855 lemmata

1888 2903 2096 2976 egregia
2121 2912 2276 2969 atque
2302 2898 2560 2968 ejusmodi
2577 2907 2715 2960 sunt,
2737 2906 2793 2950 ut
2812 2895 3049 2973 Palamte
3063 2895 3331 2948 silentium
3349 2895 3455 2947 im-

1854 3004 1859 3007 ’
1889 3005 2104 3068 ponant.
2137 2994 2230 3048 Est
2259 2996 2392 3048 enim
2416 2994 2819 3062 unumquodque
2854 2992 3043 3045 lemma
3078 2996 3289 3045 alroxet
3312 2990 3450 3044 mulo

229 3067 373 3134 μόνον
393 3066 500 3118 οὐκ
528 3067 843 3137 ἐμιμήσατο
865 3105 882 3121 .
901 3105 916 3122 .
941 3104 958 3123 .
988 3105 1004 3123 .
1025 3108 1042 3126 .
1072 3068 1153 3120 Τὰ
1178 3067 1439 3137 λήμματα
1460 3068 1513 3120 δὲ
1536 3069 1779 3137 γενναῖα,

1889 3089 2052 3160 ιίρίείε
2080 3088 2364 3142 conuitium
2386 3129 2402 3152 ,
2427 3086 2642 3156 dignum
2688 3083 2883 3138 scilicet
2920 3084 3127 3153 ingenio
3180 3082 3256 3135 et’
3283 3092 3454 3135 mente

224 3161 312 3212 καὶ
339 3156 431 3211 οἷα
480 3158 691 3231 σιωπὴν
747 3159 1045 3227 ἐπενέγκαι
1078 3158 1157 3229 τῷ
1211 3159 1470 3229 Παλαμᾷ.
1532 3158 1783 3228 Δοιδορία

227 3255 326 3323 γὰρ
345 3254 581 3309 ἕκαστον
612 3255 800 3326 μακρά
829 3272 911 3317 τις
937 3255 1031 3308 καὶ
1057 3254 1377 3325 παντοδαπὴ
1408 3257 1501 3310 καὶ
1529 3255 1629 3325 τῆς
1668 3257 1783 3309 δια·

229 3348 369 3410 νοίας
402 3347 525 3412 ἀξία
561 3347 657 3400 τοῦ
684 3347 978 3417 φιλοσόφου
1008 3363 1022 3379 ’
1060 3346 1117 3411 ὃς
1152 3346 1353 3401 εἰδέναι
1383 3349 1482 3417 μὲν
1516 3347 1785 3416 ἐπαγγέλ-

229 3440 375 3493 λεται
404 3441 469 3494 τά
492 3440 538 3491 τ’
562 3440 715 3504 ὄντα,
750 3440 821 3492 τά
862 3439 910 3491 τ’
938 3439 1190 3509 ἐσόμενα,
1225 3441 1332 3511 πρό
1383 3441 1431 3493 τ’
1457 3441 1632 3494 ἐόντα.
1676 3441 1785 3494 Καὶ

229 3533 334 3600 γὰρ
386 3534 480 3585 καὶ
538 3532 916 3603 χρησμολόγος
973 3548 1056 3594 τις
1110 3526 1251 3585 εἶναι
1307 3532 1555 3601 βούλεται
1583 3532 1780 3597 δοκεῖν,

229 3628 320 3679 καὶ
345 3623 619 3677 Χαλδαῖκά
640 3640 764 3677 τινα
802 3622 1059 3693 συνείρει,
1091 3624 1185 3676 καὶ
1214 3622 1414 3692 μύθους
1453 3624 1546 3676 καὶ
1568 3624 1784 3693 ἐπῳδὰς

231 3716 503 3786 πανταχοῦ
530 3720 762 3787 καταχεῖ
784 3715 898 3769 τῶν
924 3716 1119 3783 λόγων.
1166 3716 1223 3769 ὐ
1255 3717 1431 3769 τοίνυν
1457 3718 1564 3769 πᾶν
1616 3716 1781 3783 μέρος

231 3806 396 3874 λόγου
422 3807 729 3874 συναγαγὼν
746 3807 1011 3877 ⁴ιιγνόησεν
1046 3807 1154 3873 δ,τι
1175 3805 1433 3860 καλοῦσιν
1456 3807 1504 3859 οί
1532 3806 1785 3860 ἀποδεικ-

227 3898 448 3959 νύοντες
476 3898 687 3967 λῆμμα,
719 3898 784 3952 ἄν
819 3915 877 3951 τε
928 3897 1159 3966 λογικῶς
1194 3899 1259 3952 ἄν
1289 3913 1349 3949 τε
1383 3896 1785 3967 μαθηματικῶς

228 3985 503 4049 ἀποδεῖξαι
546 3987 638 4056 δέῃ
667 4002 681 4016 ’
718 3986 851 4039 ἀλλὰ
897 3986 995 4057 τήν
1048 3987 1315 4059 λοιδορίαν
1348 3987 1539 4057 λῆμμα
1596 3988 1786 4040 ἐκάλε-

229 4095 430 4132 σεν...
458 4118 473 4133 .
507 4080 614 4131 Καὶ
664 4079 1037 4149 ἀστρονομῶν,
1084 4081 1143 4132 ἐν
1197 4078 1421 4151 γλώσσῃ
1473 4081 1569 4150 μὲν
1631 4081 1783 4133 οὐδὲν

232 4174 383 4243 φέρει
417 4173 513 4240 τῆς
560 4174 898 4244 ἐπιστήμης,
942 4174 1192 4244 σφαιρῶν
1241 4175 1297 4227 δὲ
1330 4175 1635 4246 ἐμπίπλησι
1683 4176 1782 4245 τὴν

230 4271 430 4322 οίκίανο
463 4269 557 4321 καὶ
597 4270 775 4322 πάντα
834 4267 1053 4337 βιϐλίων
1094 4269 1252 4337 γέμει
1285 4271 1378 4321 καὶ
1425 4269 1782 4338 διαγραμμά-

233 4375 357 4411 τωνο
388 4360 479 4414 καὶ
530 4360 835 4429 σκίμποδας
891 4361 983 4413 καὶ
1021 4360 1251 4430 ὀρόφους
1302 4363 1531 4429 μεστοὺς
1578 4360 1782 4415 ἐπιδεί-

1887 3180 2197 3250 philosoplti,
2229 3179 2317 3249 qui
2339 3194 2394 3231 se
2422 3187 2467 3231 et
2505 3176 2810 3245 pra’sentia,
2842 3183 2888 3227 et
2921 3175 3124 3245 futura,
3168 3182 3215 3225 et
3260 3178 3456 3242 pra'teé

1886 3274 1991 3326 rita
2030 3274 2160 3326 scire
2216 3270 2497 3341 gloriatur.
2541 3267 2742 3337 Quippe
2794 3278 2844 3319 et
2922 3266 3246 3318 vaticinator
3292 3263 3456 3319 videri

1886 3365 1993 3420 vult
2023 3374 2108 3429 ;et
2136 3361 2420 3419 Cltaldaica
2472 3360 2715 3430 quaedam
2766 3358 3017 3420 annectit,
3052 3368 3099 3409 et
3136 3356 3380 3428 fabellas,
3405 3364 3454 3409 et

1886 3456 2127 3508 carmina
2168 3453 2373 3522 magica
2428 3449 2760 3505 orationibus
2818 3449 2926 3503 suis
2952 3448 3147 3517 passim
3201 3448 3452 3515 aspergit.

1886 3544 2074 3609 Itaque
2100 3524 2207 3595 ‘hic
2267 3542 2358 3611 qui
2390 3540 2599 3609 singula
2643 3539 2856 3592 dicendi
2889 3554 3078 3606 genera
3139 3536 3373 3603 collegit,
3401 3535 3461 3587 id

1886 3635 2022 3705 quod
2046 3633 2110 3686 ab
2133 3631 2622 3704 argumentantibus
2665 3630 2796 3699 (sive
2839 3627 3006 3699 logica
3029 3628 3136 3680 sive
3160 3625 3454 3678 mathema-

1887 3727 1990 3779 tica
2015 3725 2454 3778 demonstratione
2475 3737 2602 3789 opus
2621 3722 2709 3788 sit)
2734 3718 2928 3772 lemma
2950 3719 3164 3782 dicitur,
3190 3715 3454 3785 quodnam

1886 3823 2014 3869 esset
2045 3814 2281 3878 nescivit,
2315 3821 2364 3865 et
2388 3812 2524 3881 quod
2550 3811 2831 3865 conuitium
2866 3818 3002 3874 erat,
3052 3808 3239 3861 lemma
3265 3807 3317 3860 id
3366 3819 3453 3857 vo-

1886 3908 2042 3972 cavit,
2078 3918 2181 3959 etc.
2212 3903 2369 3957 ldem
2403 3918 2520 3956 cum
2561 3919 2642 3956 res
2676 3900 3059 3956 astronomicas
3094 3903 3313 3959 tractat,
3349 3910 3453 3947 non

1887 4017 1976 4056 ore
2006 4009 2055 4052 et
2087 3997 2272 4070 lingua
2301 3996 2578 4050 scientiam
2624 3996 2838 4063 prwfert
2860 4033 2874 4057 ,
2914 3999 2969 4044 at
2999 3989 3216 4059 sphtcris
3243 3988 3456 4040 domum

1886 4093 2097 4163 implet:
2133 4091 2308 4144 omnia
2349 4090 2395 4141 ei
2420 4088 2566 4142 libris
2600 4097 2646 4142 et
2697 4086 2881 4155 ﬁguris
2929 4084 3203 4137 delineatis
3264 4082 3456 4150 referta

1885 4194 2003 4239 sunt
2026 4181 2297 4251 (grabato
2362 4181 2473 4247 ipsa
2533 4187 2580 4231 et
2643 4188 2897 4230 tectorum
2937 4175 3155 4245 fastigia
3208 4172 3458 4225 doctrina:

1885 4275 2038 4344 plena
2068 4279 2311 4331 ostentat,
2356 4269 2557 4338 quidvis
2604 4267 2824 4332 denique
2876 4268 3051 4335 potius
3088 4282 3247 4332 quam
3311 4264 3461 4329 inge-

1885 4370 2050 4428 niu-n,
2117 4376 2215 4418 etc.
2275 4362 2550 4415 llomfnem
2610 4362 2785 4428 itaque
2818 4375 2917 4412 non
2979 4375 3042 4412 ea
3070 4374 3125 4411 re
3176 4356 3458 4417 admiror;

231 4466 386 4505 κνυσι
406 4455 503 4533 τῆς
524 4455 737 4522 σοφίας,
756 4457 850 4507 καὶ
878 4454 1050 4507 πάντα
1075 4452 1275 4523 μᾶλλον
1302 4451 1446 4523 ἢτὴν
1466 4452 1662 4522 ψυχήν.
1769 4491 1782 4506 .

1892 4461 1981 4512 sed
2001 4455 2139 4526 quod
2168 4454 2415 4523 potuerit,
2480 4468 2597 4504 tum
2625 4451 2875 4516 ducendo,
2946 4458 3057 4502 tum
3097 4445 3365 4508 discendo,
3401 4446 3463 4499 in

233 4545 302 4595 Οὐ
333 4532 489 4598 τοῦτο
516 4545 699 4598 τοίνυν
754 4544 1016 4613 θαυμάζω
1039 4546 1128 4597 τὸν
1158 4544 1445 4614 ἄνθρωπον
1466 4562 1480 4576 ⁸
1507 4544 1619 4597 ἀλλ’
1658 4532 1779 4598 ater

227 4628 296 4685 ὦν
324 4636 577 4705 ἐδυνήθη,
610 4638 677 4689 τὰ
736 4638 834 4707 μὲν
861 4638 1145 4701 διδάσκων,
1172 4638 1240 4691 τὰ
1301 4637 1357 4690 δὲ
1389 4636 1698 4706 μανθάνων,
1727 4636 1785 4688 ὲν

227 4728 463 4798 τοσούτῳ
495 4728 724 4797 πελάγει
753 4730 849 4782 καὶ
877 4731 1068 4799 χρόνον
1112 4733 1208 4786 καὶ
1240 4731 1434 4799 λόγων,
1482 4730 1581 4802 τὴν
1612 4730 1788 4800 ψυχὴν

227 4821 405 4890 ἅμαθῆ
456 4821 826 4892 διατηρῆσαι·
867 4826 1118 4893 καθάπερ
1157 4824 1285 4888 τοὺς
1345 4826 1786 4892 θαυματοποιοὺς

228 4910 606 4982 θαυμάζομεν,
671 4913 905 4978 ἀπαθεῖς
962 4916 1148 4970 κακῶν
1202 4920 1297 4971 καὶ
1357 4917 1470 4986 πῦρ
1507 4918 1598 4969 καὶ
1644 4917 1787 4986 ’ὕδωρ

226 5004 315 5053 καὶ
357 5002 490 5073 ξίφη
521 5003 925 5073 διερχομένους.

600 5094 664 5148 In
706 5094 947 5164 Cregora?
1005 5096 1373 5151 deliramenta.

294 5187 362 5238 At
392 5185 673 5257 Cregoras,
720 5188 799 5240 vir
839 5186 1035 5241 scilicet
1062 5188 1504 5256 sapientissimus,
1540 5204 1603 5239 ac
1650 5187 1697 5240 si
1742 5187 1788 5239 ei

223 5279 354 5331 satis
385 5294 487 5330 non
504 5279 573 5332 sit
612 5276 899 5348 Byzantios
925 5278 980 5330 in
1009 5280 1095 5332 sui
1126 5279 1531 5333 admirationem
1572 5294 1787 5331 conver-

224 5369 367 5433 tisse,
419 5371 554 5435 ipsos
605 5385 809 5440 quoque
868 5368 1374 5428 Thessalonicenses.
1403 5370 1545 5422 datis
1570 5369 1784 5430 litteris,

220 5460 273 5512 in
294 5476 424 5514 suas
457 5461 641 5516 laudes
669 5462 824 5531 cogit,
855 5471 904 5515 et
923 5462 1139 5514 adorari
1162 5476 1218 5514 se
1239 5469 1449 5513 tantum
1477 5476 1579 5513 non
1601 5459 1784 5528 jubet;

219 5567 406 5620 nempe
435 5552 501 5605 ab
538 5553 829 5607 hominibus
861 5554 1057 5614 liberis,
1093 5551 1182 5620 qui
1214 5551 1349 5603 nihil
1376 5551 1446 5603 ad
1471 5552 1784 5620 cujusquam

293 5668 579 5741 (87)A\lide
607 5671 866 5738 opuscula
920 5671 1121 5726 Nicolai
1156 5672 1435 5735 Cabasilx,
1487 5672 1611 5727 cod.
1645 5671 1777 5741 Reg.

222 5739 384 5802 2965,
420 5739 512 5794 ίυι.
548 5739 651 5793 “382

1896 4558 2040 4603 tanto
2069 4547 2315 4613 temporis
2356 4556 2404 4599 et
2428 4541 2852 4615 [perpetuarum]
2884 4542 3087 4595 dicendi
3120 4539 3460 4594 exercitatio-

1894 4658 2019 4696 num
2044 4637 2325 4697 curriculo,
2350 4637 2529 4690 rudem
2560 4645 2607 4688 et
2639 4635 2935 4704 imperitum
2958 4633 3191 4684 animum
3215 4645 3459 4694 servare;

1892 4735 2071 4787 itidem
2117 4739 2172 4784 ut
2198 4730 2603 4799 praestigiatores
2638 4728 2994 4791 admiramur,
3045 4727 3236 4796 ignem,
3268 4724 3465 4796 undas,

1883 4825 2109 4897 gladios,
2144 4824 2355 4890 impune
2389 4830 2836 4892 pertranscuntes.

1886 4939 1979 4994 Ill.
2028 4936 2138 4991 Τοῦ
2180 4933 2513 5004 Λαμπηνοῦ
2560 4930 3000 5004 Τίξρχηνειώτου
3041 4932 3129 4998 εἰς
3162 4932 3267 4985 τὸν
3302 4934 3462 4999 Γρηιο

2493 5002 2678 5071 γορᾶν
2711 5003 2845 5072 (83).

1964 5118 1982 5150 ι
2029 5095 2141 5153 Εἶτ’
2166 5100 2222 5160 ἐς
2260 5096 2482 5165 ἄγαλμα
2524 5097 2623 5163 μὲν
2655 5099 2719 5150 ἄν
2756 5113 2839 5167 τις
2881 5095 3080 5167 βλέψας
3120 5094 3329 5163 εὐφυῶς
3363 5096 3464 5162 τῆς

1891 5193 2085 5261 τέχνης
2120 5190 2257 5260 ἔχων
2289 5191 2388 5243 οὐκ
2421 5189 2486 5244 ἂν
2516 5190 2685 5259 δήπου
2725 5190 2923 5260 ῥαδίως
2958 5190 3229 5257 ἀποσταίη
3268 5190 3348 5239 ὅτι
3386 5186 3460 5254 μὴ

1891 5283 1989 5337 σὺν
2019 5282 2202 5352 ἀηδίᾳ,
2236 5281 2350 5334 ἀλλ’
2375 5282 2685 5352 ἀκορέστως
2717 5282 2831 5347 ἕξει
2857 5284 2953 5347 τῆς
2984 5281 3092 5334 άπὸ
3120 5280 3212 5332 τοῦ
3244 5279 3462 5347 βλέπειν

1892 5375 2084 5444 ἡδονῆς
2105 5388 2118 5403 ⁸
2150 5375 2274 5435 τοὺς
2296 5374 2353 5426 δὲ
2377 5375 2487 5433 τοῖς
2514 5375 2622 5433 σοῖς
2654 5374 2836 5441 λόγοις
2864 5368 2977 5425 οἷον
3006 5370 3270 5440 ἐμψύχοις
3299 5368 3464 5433 ἀγάλ.

1893 5481 2056 5531 μασιν
2084 5464 2483 5527 ὲνατενίζοντας
2516 5456 2641 5517 ἔστι
2662 5464 2822 5533 κόρην
2853 5462 2946 5516 τοῦ
2979 5461 3209 5523 κάλλους
3239 5458 3423 5512 λαϐεῖν
3443 5499 3460 5523 ,

1890 5555 1922 5625 ἢ
1951 5556 2142 5608 θᾶττον
2169 5554 2278 5608 ἀπὸ
2305 5555 2504 5609 τούτων
2533 5556 2862 5625 ἀναχωρεῖν,
2889 5554 2924 5605 ἃ
2947 5553 3072 5614 τοὺς
3099 5553 3192 5617 τῆς
3221 5551 3465 5614 διανοίας

1892 5741 1929 5794 Γ
1964 5670 2076 5735 (88)
2099 5669 2387 5791 Rescripta
2410 5648 2473 5730 ei
2513 5674 2637 5729 eod.
2686 5670 2969 5733 Vaticano,
3005 5683 3167 5723 manu
3201 5666 3262 5722 ﬂ.
3300 5666 3361 5721 Ρ.
3399 5668 3459 5723 υ.

1916 5756 2095 5793 ,νιξΙῚιιιτ
2138 5758 2170 5794 ι.

1916 5756 2062 5793 ὶιξιίιιι
2074 5756 2170 5794 ται.
