4010 6214
1681 106 1721 150 Ι

237 297 294 359 65
554 309 559 314 ’
1236 304 1278 362 N
1298 294 1658 366 lCEP'HORI
1694 307 1787 366 ϐῖῖ

1884 307 2083 367 ὶΟΒΕ
2128 307 2439 369 ELOGIA.
3393 313 3464 376 6",

236 422 441 471 νετκας,
486 407 615 476 μετὰ
656 406 862 487 ταύτης
905 407 1077 479 δήπου
1125 414 1221 467 καὶ
1265 418 1380 480 τοῖς
1424 420 1553 488 περὶ
1595 421 1777 472 αὐτῶν

1886 417 2038 480 Quod
2058 428 2231 470 autem
2267 436 2367 471 non
2400 428 2589 474 temere
2623 422 2675 473 id
2709 440 2739 474 a
2773 439 2849 477 me
2877 440 2965 477 use
2992 425 3062 478 ad
3094 428 3321 494 gratiam
3355 430 3465 479 ullo

236 499 452 559 ἐπτιῐνοις
479 499 813 569 ἐγχειρῆσαι.
842 502 912 556 Σὺ
938 504 982 555 δ’
1006 505 1152 574 ἡμᾶς
1180 506 1369 577 ὥσπερ
1397 509 1608 580 παρὼν,
1637 512 1778 567 οὕτω

237 589 315 639 καὶ
343 588 490 640 ἀπὼν
520 590 857 659 εὐφραίνεις.
890 596 1148 665 Ἔχοντες
1186 598 1285 666 μὲν
1317 600 1424 670 γὰρ
1454 603 1691 667 τὰγαϐὗν
1722 605 1780 655 ὲν

238 681 412 749 χεροῖν,
454 679 637 751 ὥσπερ
679 684 847 749 εἰκὸς,
889 688 1321 757 ὲκαρπούμεθασ
1364 694 1425 745 τὸ
1463 694 1505 746 δ’
1533 693 1672 749 εἶναι
1714 699 1779 767 τῇ

239 770 440 839 βασιλίδι
468 772 574 823 τῶν
606 773 815 827 πόλεων
850 779 944 828 καὶ
975 780 1222 851 ἡμετέρᾳ
1253 785 1476 851 πατρίδι
1509 787 1781 856 τοσαύτην

239 863 535 931 φιλοτιμίαν,
570 865 750 933 πάσης
780 869 970 937 ἠδονῆ;
1000 873 1329 943 ἐμπίπλησι.
1362 876 1470 929 Καὶ
1499 879 1648 949 τόπῳ
1682 881 1780 948 μὲν

239 954 549 1022 διεστηκότες
587 956 848 1027 φιλοῦμεν
877 961 974 1030 οὐχ
1009 957 1169 1033 ἦττον
1203 965 1236 1034 ἢ
1273 968 1543 1036 παρόντες
1567 986 1581 1000 ·
1616 971 1777 1024 αὑτο-

240 1044 517 1113 προσὼπως
561 1048 616 1100 δὲ
660 1052 759 1101 οὐκ
800 1052 942 1118 ἐξὸν,
988 1054 1230 1118 διανοέας
1275 1059 1358 1111 σοι
1401 1076 1466 1127 γε
1513 1062 1781 1131 κινήμασι

240 1136 494 1205 σύνεσμεν.
526 1139 641 1210 Τὴν
673 1144 855 1210 μέντοι
896 1146 1059 1213 φύσιν
1090 1147 1185 1215 τὴν
1219 1150 1319 1219 σὴν
1348 1154 1459 1213 τοῖς
1497 1153 1780 1226 ὑμετέροις

238 1230 390 1297 λόγοις
426 1233 727 1303 ὲνορῶμεν,
768 1239 863 1289 καὶ
895 1238 992 1308 τῆς
1037 1241 1137 1310 σῆς
1175 1243 1252 1304 ei;
1299 1248 1521 1314 μνήμην
1556 1247 1780 1316 ἥκοντες

236 1320 504 1390 διατριϐῆς,
536 1326 633 1376 καὶ
662 1326 770 1377 τῶν
794 1326 1405 1399 ὁσημέραι’φοιτώντων
1427 1335 1527 1403 τὴν
1555 1337 1780 1408 Ἀκαδη-

242 1414 354 1480 μίαν
382 1415 467 1465 καὶ
493 1415 561 1467 τὸ
597 1415 832 1470 Λύκειον
865 1422 1270 1491 φανταζόμεοα.
1308 1426 1418 1478 Καὶ
1460 1429 1544 1481 σοὶ
1582 1428 1679 1497 μὲν
1712 1430 1781 1481 τὰ

241 1505 467 1557 κάλλιστα
495 1507 674 1560 ταῦτα
711 1514 1081 1583 συγχαιρομεν
1104 1527 1117 1541 ’
1153 1518 1535 1590 μακαρίζομεν
1562 1521 1607 1574 δ’
1631 1524 1780 1592 ἡμᾶς

239 1598 409 1658 αὐτοὺς
441 1598 540 1666 τῆς
587 1601 690 1670 σῆς
734 1606 874 1656 κατὰ
910 1605 1001 1658 τὸν
1036 1606 1152 1676 βίον
1192 1613 1363 1678 φορᾶς
1404 1612 1497 1665 καὶ
1540 1614 1775 1667 συνόδου.

238 1687 318 1755 Eii;
362 1688 410 1739 δέ
458 1705 522 1740 σε
579 1693 716 1745 κάπὶ
769 1694 1023 1750 πλεῖστον
1071 1699 1357 1769 προελθεῖν
1405 1702 1501 1756 τοῦ
1551 1705 1775 1774 χρόνον,

235 1778 357 1839 ὅπως
383 1779 473 1832 καὶ
505 1782 753 1837 πλεῖστοι
781 1786 887 1839 τῶν
920 1789 1049 1859 (93)
1079 1791 1299 1859 ἀγαθῶν
1331 1794 1658 1865 μετάσχοιεν
1686 1796 1780 1850 ἄν-
1813 1774 1854 1828 Β

234 1871 427 1939 θρωπει.

501 1966 809 2039 Lampenus
833 1972 1206 2041 Tarchoniotes
1231 1974 1493 2049 Gregorte.

288 2054 470 2124 Nempe
500 2061 743 2129 quilibet,
790 2066 951 2119 habili
985 2068 1055 2120 ad
1082 2070 1471 2137 percipiendam
1508 2079 1674 2125 artem
1701 2074 1786 2127 in-

233 2150 356 2215 genio
393 2150 682 2218 praeditus,
719 2155 764 2207 si
796 2157 1139 2211 simulacrum
1176 2163 1463 2229 aspexerit,
1500 2179 1601 2217 non
1630 2166 1786 2234 facile

233 2238 283 2289 ab
307 2254 360 2291 eo
386 2256 476 2293 nec
508 2243 619 2296 nisi
647 2245 855 2299 moleste
871 2249 1114 2315 discedet,
1144 2267 1206 2304 ac
1232 2253 1502 2320 spectandi
1520 2254 1785 2326 voluptate

232 2332 398 2400 expleri
444 2352 561 2388 non
618 2340 855 2403 poterit:
894 2342 1012 2395 illos
1065 2354 1238 2398 autent
1290 2348 1378 2415 qui
1415 2349 1468 2402 in
1518 2353 1784 2406 orationes

235 2436 346 2489 tuas,
372 2429 537 2495 quasi
563 2429 619 2481 in
647 2430 933 2486 sintulacra
961 2436 1226 2500 animata,
1268 2438 1429 2493 oculis
1471 2441 1658 2509 deﬁxis
1677 2444 1783 2496 ha:-

231 2528 340 2585 rent,
372 2520 521 2583 illos,
556 2522 793 2591 inquam,
816 2525 1021 2592 pulchri
1038 2529 1259 2583 satietas
1284 2532 1477 2599 capiet,
1499 2542 1593 2586 aut
1628 2534 1781 2589 citius

228 2612 258 2662 ii
279 2600 538 2666 discedent
574 2600 638 2667 a‘b
666 2614 771 2669 illis
800 2618 968 2680 rebus,
1000 2635 1117 2688 qua:
1143 2622 1413 2675 oculorum
1445 2626 1629 2678 mentis
1654 2641 1781 2694 epu-

228 2700 281 2755 ιω
306 2713 347 2756 et
374 2704 585 2759 deliciae
611 2709 776 2761 sunt?
816 2707 884 2761 1d
911 2712 1118 2779 quidem
1157 2730 1325 2775 nemo,
1363 2725 1417 2769 ut
1450 2718 1656 2785 opinor,
1703 2719 1784 2770 di-

229 2804 380 2850 cturus
411 2808 513 2861 est,
548 2801 640 2869 qui
678 2802 900 2856 rationis
936 2820 1035 2857 usu
1085 2798 1372 2861 instructus
1401 2810 1488 2863 sit.
1520 2809 1652 2880 Ego,
1681 2827 1783 2880 quo

230 2896 426 2953 tempore
459 2908 715 2958 magnam
749 2894 925 2946 urbem
954 2896 1281 2962 habitabam,
1326 2900 1610 2969 priecluras
1665 2912 1783 2956 tuas

230 2979 589 3047 disputationes
640 2978 827 3037 mirari
875 2986 1015 3040 haud
1066 2987 1361 3045 desineb‘um
1421 3005 1440 3043 .'
1477 3008 1627 3046 nemo
1670 3002 1781 3047 erat

228 3074 456 3140 eruditus,
490 3076 583 3145 qui
616 3092 722 3129 non
752 3080 984 3134 conscius
1015 3082 1142 3135 mihi
1173 3091 1301 3136 esset
1328 3085 1673 3153 applaudenti
1697 3086 1775 3137 in-

228 3165 347 3230 genii
382 3166 458 3219 tui
519 3169 729 3237 fetibus,
776 3180 825 3223 et
866 3172 1161 3241 honori/iris
1206 3176 1480 3240 pra’couiis
1526 3192 1610 3229 eos
1648 3192 1785 3230 com-

230 3260 500 3313 mendanti.
533 3260 594 3313 At
627 3277 765 3314 nunc
808 3278 893 3316 eos
927 3264 1105 3330 libros,
1140 3280 1268 3330 quos
1296 3267 1389 3320 hoc
1422 3282 1563 3320 anno
1604 3268 1659 3320 in
1708 3268 1787 3321 lu—

233 3364 326 3400 cem
372 3352 608 3417 emisisti,
651 3354 818 3423 magis
867 3355 1133 3420 admiror;
1184 3374 1486 3426 quanquam
1549 3360 1785 3430 egregias

232 3443 478 3497 orationes
520 3462 674 3515 quam
712 3447 970 3513 plurimas
990 3448 1108 3517 jam
1135 3458 1257 3502 ante
1290 3451 1547 3515 edideras,
1581 3461 1783 3507 morum

231 3534 497 3600 gratitate,
522 3538 894 3590 sententiarum
921 3538 1193 3607 dignitate,
1219 3540 1487 3594 verborum
1510 3543 1786 3611 majestate

230 3624 381 3676 n.hilo
425 3626 690 3694 inferioris
736 3626 972 3680 Plutonis
1015 3630 1360 3683 orationibus.
1403 3630 1605 3700 Quippe
1631 3642 1680 3686 et
1719 3621 1783 3701 fi.-

231 3717 370 3781 guris
400 3726 443 3768 et
478 3720 833 3787 compbsitioue
865 3729 913 3773 et
967 3722 1235 3775 verborum
1282 3731 1405 3792 apta
1446 3724 1785 3778 collocatione

229 3817 277 3856 et
308 3807 577 3873 conjuncta
617 3826 729 3862 cum
760 3814 1016 3867 suavitate
1062 3815 1212 3882 copia
1253 3824 1301 3868 et
1345 3816 1696 3883 persuadendi
1735 3818 1785 3870 vi

232 3898 487 3950 rhetorica
537 3901 656 3954 illas
699 3904 1048 3973 ecquiparant,
1096 3921 1212 3975 qua:
1254 3905 1319 3958 ab
1355 3910 1603 3960 oratoria:
1651 3910 1786 3985 artis

229 3992 454 4060 principe
473 3993 777 4049 elucubratrr
812 3999 1043 4065 fuerunt.
1073 3996 1154 4051 Ad
1178 3998 1494 4067 ejuscemodi
1524 3989 1786 4054 orationes

214 4098 335 4134 .cum
371 4093 419 4135 et
454 4089 773 4155 magnanimi
816 4088 1086 4151 Demetrii,
1119 4100 1166 4142 et
1202 4092 1316 4159 ejus
1342 4108 1457 4160 quae
1498 4091 1659 4146 Deum
1691 4108 1785 4147 ar-

232 4177 366 4228 canis
396 4179 682 4232 rationibus
717 4182 934 4249 peperit,
967 4180 1149 4233 laudes
1191 4181 1522 4251 atljunxeris.
1557 4199 1785 4253 quonam

236 4269 420 4337 (putas)
460 4287 583 4341 erga
620 4280 669 4325 te
706 4289 862 4326 sensu
915 4275 1129 4342 aﬁecisti
1172 4275 1429 4342 politioris
1473 4276 1786 4329 litteratura:

233 4363 469 4417 studiosos
489 4367 514 4415 ἲ
548 4362 803 4432 Equidem
843 4375 1090 4436 quotquot
1131 4367 1212 4420 hic
1243 4368 1454 4438 degunt,
1481 4383 1566 4421 eos
1586 4369 1785 4435 primus

1887 510 2038 561 modo
2072 511 2299 571 dicatur,
2322 528 2435 564 cum
2467 513 2575 565 alia
2605 514 2767 567 multa
2795 504 2998 570 abunde
3031 519 3326 583 declarant,
3352 532 3464 573 tum

1884 618 1963 659 ea.
1996 619 2112 671 qua:
2153 606 2334 656 statim
2368 606 2604 658 dicturus
2647 623 2783 661 sum.
2816 608 2920 661 Alii
2944 610 3154 678 quidem
3201 611 3339 664 alias
3376 614 3463 664 rli-

1882 694 2135 761 sciplinas
2169 704 2216 746 et
2247 696 2355 748 alia
2386 698 2560 750 studia
2592 700 2812 768 professi
2851 712 2996 759 sunt,
3029 713 3180 768 prout
3219 703 3466 769 cujusque

1884 785 2123 839 voluntas
2153 796 2201 840 et
2229 788 2527 841 institutum
2554 790 2677 858 fuit,
2705 802 2795 843 aut
2830 800 2907 847 (ut
2946 794 3113 846 verius
3143 795 3335 861 dicam)
3370 812 3465 847 na-

1884 887 2003 930 tura
2043 896 2060 931 :
2100 879 2150 931 in
2191 880 2376 949 quibus
2415 898 2529 933 cum
2572 883 2932 935 excelluissent
2986 895 3033 934 et
3085 885 3154 935 ad
3200 902 3462 939 summum

1880 970 2251 1034 pervenissent,
2286 983 2393 1023 tum
2442 974 2648 1025 demum
2688 975 2900 1027 amulos
2943 985 2991 1027 et
3023 977 3281 1029 similibus
3308 978 3458 1031 labo-

1881 1061 2023 1113 ribus
2053 1064 2363 1115 exercitatos
2412 1064 2504 1117 risi
2528 1076 2644 1117 sunt
2692 1082 2990 1133 superasse.
3031 1068 3094 1118 At
3134 1077 3187 1119 tu
3233 1068 3365 1120 nihil
3390 1076 3462 1121 est

1882 1152 1952 1205 ad
1990 1163 2125 1223 quod
2171 1165 2330 1208 natus
2373 1172 2471 1208 non
2509 1157 2611 1221 sis;
2644 1157 2794 1211 nihil.
2829 1174 2928 1222 quo
2964 1175 3064 1211 non
3101 1169 3148 1210 te
3177 1160 3344 1226 ipsum
3372 1176 3467 1227 ag-

1881 1247 2215 1313 gregaveris;
2259 1247 2407 1303 nihil.
2438 1248 2489 1299 in
2519 1264 2619 1315 quo
2653 1248 2793 1300 haud
2826 1249 3126 1317 felicissime
3154 1251 3463 1305 efaboraris.

1884 1337 1989 1391 Sed
2024 1338 2076 1389 in
2125 1338 2361 1391 omnibus
2405 1340 2480 1391 sic
2532 1350 2793 1399 versatus.
2848 1352 2905 1393 ut
2951 1359 3098 1394 nemo
3138 1344 3190 1393 in
3220 1343 3463 1412 singulis.

1884 1427 1962 1479 tui
1990 1435 2037 1478 et
2072 1436 2377 1481 ca’terorum
2414 1430 2693 1483 discrimen
2742 1432 2949 1485 evidens
2995 1433 3180 1495 fecisti.
3233 1433 3368 1486 Nam
3411 1439 3466 1487 in

1881 1519 2066 1588 quibus
2093 1519 2457 1588 particulatim
2488 1523 2703 1590 quisque
2725 1525 3047 1595 praecipuam
3071 1536 3118 1578 et
3142 1527 3465 1593 singularem

1883 1626 2093 1679 operam
2140 1622 2443 1679 posuerunt,
2488 1614 2543 1666 in
2573 1615 2637 1667 iis
2679 1616 2933 1683 quosdam
2984 1634 3346 1685 supergressus
3389 1636 3463 1682 es,

1883 1717 1999 1754 cum
2031 1702 2151 1756 aliis
2184 1704 2247 1756 de
2276 1704 2458 1770 palma
2489 1707 2830 1769 contendisti;
2863 1724 3120 1780 nusquam
3166 1712 3304 1775 infra
3350 1715 3433 1781 pri
3446 1741 3465 1754 ο

1886 1807 1994 1845 mos
2024 1792 2304 1846 substitiin
2328 1810 2347 1847 :
2384 1795 2510 1857 imo,
2541 1807 2594 1848 ut
2625 1800 2931 1852 summatim
2973 1802 3165 1865 dicam,
3205 1820 3337 1856 unus
3373 1804 3465 1857 hos

1884 1896 2058 1935 omnes
2093 1900 2147 1936 re
2189 1885 2303 1955 ipsa
2341 1889 2622 1954 superasti,
2658 1904 2719 1942 eo
2761 1893 2901 1957 quod
2948 1895 3012 1944 ab
3061 1893 3166 1947 illis
3218 1895 3466 1963 pleraque

1884 1974 2191 2042 multiplicis
2237 1978 2492 2032 doctrina:
2541 1995 2731 2047 genera
2782 1982 3010 2050 neglecta
3048 1996 3167 2039 sunt
3184 2003 3203 2048 ;
3239 1998 3293 2037 tu
3345 2003 3464 2039 vero

1883 2070 2125 2123 universa
2148 2068 2307 2122 simul
2331 2080 2691 2138 perscrutatus
2721 2088 2795 2136 es,
2832 2082 2879 2126 et
2902 2088 2966 2127 ea:
2990 2077 3132 2129 omni
3155 2076 3463 2130 eruditionis

1882 2168 2034 2226 parte
2076 2160 2276 2229 [ructus
2315 2161 2536 2212 eximios
2584 2162 2906 2228 produxisti,
2944 2163 3290 2239 hubesque‘eb
3320 2169 3464 2222 omni

1882 2252 2101 2307 scientia
2145 2252 2345 2321 {ainant
2376 2262 2423 2305 et
2476 2268 2698 2317 nomen;
2731 2254 2807 2306 sic
2836 2267 2890 2307 ut
2928 2266 3130 2323 poetam
3172 2267 3239 2316 te.
3285 2267 3465 2311 orato-

1884 2359 2014 2404 rem.
2049 2344 2354 2410 sapitistam,
2392 2342 2722 2408 historicum,
2760 2354 2806 2396 et
2835 2344 2956 2397 aliis
2990 2346 3207 2413 singulis
3235 2348 3461 2400 nomini-

1887 2435 1979 2488 bus
2009 2436 2054 2487 si
2086 2436 2203 2503 quis
2244 2434 2534 2501 compellet,
2575 2437 2617 2487 is
2641 2452 2673 2487 α
2709 2452 2824 2488 vero
2866 2435 3209 2488 aberraturus
3244 2454 3343 2489 non
3373 2441 3459 2492 sit.

1884 2526 2009 2580 Jam
2055 2526 2119 2578 ab
2166 2525 2521 2594 philosophia,
2553 2527 2893 2579 scientiarum
2924 2508 3321 2595 augustissima,
3350 2529 3465 2594 quis

1887 2634 2005 2672 vere
2050 2628 2121 2670 est
2154 2618 2565 2673 denominatus?
2598 2616 2786 2670 Nonne
2824 2616 2887 2680 is,
2928 2618 3018 2686 qui
3057 2634 3157 2671 nan
3198 2618 3362 2671 solum
3410 2634 3465 2670 re

1886 2709 1965 2778 (ut
1993 2710 2068 2762 ita
2100 2709 2293 2775 dicam)
2325 2709 2657 2775 philosophus
2683 2717 2779 2771 est,
2802 2707 2890 2761 sed
2916 2708 3001 2760 cui
3025 2708 3118 2761 hoc
3136 2724 3318 2760 nomen
3350 2708 3463 2775 (91)

1884 2800 1948 2853 ab
1982 2800 2222 2853 oninibus
2275 2816 2367 2865 pro
2415 2799 2521 2852 alia
2573 2799 2759 2868 quavis
2793 2799 3146 2867 appellatione
3180 2798 3467 2853 tribuitur?

1891 2891 2043 2945 Multi
2076 2890 2413 2957 philosophia:
2447 2892 2759 2943 studuerunt
2787 2905 2804 2942 :
2834 2907 2968 2943 unus
3006 2899 3061 2943 tu
3100 2907 3287 2943 nomen
3314 2907 3378 2943 ex
3400 2908 3463 2944 ea
3499 2924 3507 2928 -

1884 2972 2119 3053 sortitus“
2140 2999 2194 3037 es
2227 2985 2495 3036 eximium.
2536 2981 2742 3035 Etenim
2773 2998 2948 3035 rerum
2978 2983 3322 3051 cognitionem
3356 2999 3467 3036 cer-

1810 3111 1852 3167 C
1887 3084 1995 3127 tam
2037 3071 2128 3125 tibi
2170 3073 2439 3141 providere
2475 3083 2522 3124 et
2551 3074 2741 3126 harum
2777 3088 2971 3125 causas
3010 3073 3237 3149 perfecte
3282 3073 3464 3138 explo-

1887 3185 2007 3222 rare
2035 3187 2154 3223 cum
2187 3170 2361 3236 velles,
2395 3169 2771 3241 physiologiam
2806 3172 3012 3239 quidem
3061 3171 3377 3234 universam,
3414 3178 3463 3224 et

1888 3261 2227 3331 theologiam,
2275 3274 2321 3316 et
2376 3263 2571 3333 logicas
2627 3264 3110 3333 argumentationes
3159 3264 3462 3332 diligentius

1886 3355 2267 3423 pervestigasti,
2298 3372 2458 3423 quam
2483 3373 2543 3409 ea
2570 3372 2683 3423 qua:
2712 3355 2963 3408 dicuntur
2984 3355 3278 3408 rudimenta
3304 3351 3463 3419 primi

1886 3461 2167 3513 puerorum
2209 3447 2467 3499 doctores.
2524 3446 2652 3498 Tum
2704 3446 3040 3498 scientiarum
3081 3446 3460 3513 primariarum

1886 3553 1976 3589 seu
2014 3539 2392 3592 mathematum
2447 3538 2618 3591 studio
2666 3537 2718 3589 id
2782 3547 3047 3590 assecutus
3092 3552 3167 3595 es,
3217 3547 3270 3585 ut
3310 3535 3459 3587 'solis

1888 3638 2086 3683 motum
2115 3640 2164 3683 et
2203 3647 2438 3691 cursum,
2500 3631 2818 3699 reliquorum
2878 3630 3107 3681 siderum
3161 3637 3458 3696 potestates,

1891 3725 2048 3777 totius
2091 3725 2275 3778 mundi
2324 3732 2374 3785 et
2420 3726 2651 3793 partium
2686 3723 2797 3791 ejus
2841 3724 2975 3775 inter
3021 3739 3076 3775 se
3113 3732 3461 3774 coniurarunt

1889 3827 2228 3882 concentum,
2300 3817 2730 3885 dispositionem,
2793 3814 3215 3883 proportionem.
3294 3815 3461 3880 magis

1888 3925 2045 3980 quam
2073 3909 2210 3961 alius
2250 3909 2526 3978 quisquam
2560 3905 2894 3975 intelligeres.
2943 3904 3073 3969 Quae
3126 3914 3181 3956 tu
3229 3905 3461 3957 docendo

1888 4020 2005 4055 cum
2057 4017 2265 4054 enarres
2318 4010 2365 4053 et
2421 3999 2665 4066 plurimis
2721 3996 2992 4067 discipulis
3031 3996 3233 4061 tradas,
3282 3998 3463 4064 singu-

1889 4096 1952 4149 lis
1977 4111 2070 4163 pro
2098 4110 2191 4147 suo
2235 4104 2394 4162 captu
2442 4092 2840 4162 accipientibus,
2887 4107 2986 4142 nou
3040 4090 3175 4142 sines
3233 4089 3462 4158 philoso-

1886 4189 2086 4258 phiam,
2123 4185 2271 4251 cuius
2320 4186 2395 4239 rei
2437 4184 2689 4252 possessio
2723 4182 2919 4235 homini
2967 4181 3318 4249 pulcherrima
3364 4192 3460 4242 est,

1888 4280 2091 4350 penitus
2119 4292 2182 4330 ea:
2208 4276 2501 4329 hominibus
2535 4274 2797 4327 sublatam
2835 4272 3106 4326 obscurari
3126 4272 3281 4363 ιε’ωά
3312 4271 3462 4324 libris

1888 4369 2082 4437 majori
2125 4367 2497 4436 perspicuitate
2528 4367 2833 4433 compositis
2870 4361 3213 4432 quorumdam
3252 4365 3465 4414 obscure

235 4467 287 4503 ac
323 4455 457 4507 solus
495 4471 695 4508 mecum
735 4456 789 4508 in
827 4457 1232 4536 admirationem
1279 4458 1453 4527 rapui.
1480 4455 1629 4521 Quod
1667 4458 1712 4510 si
1743 4464 1790 4509 et
1821 4447 1866 4505 ί)
1893 4461 2031 4514 dicta
2056 4456 2385 4526 reformabis,
2429 4456 3054 4525 interprelalio‘ttibusque
3092 4463 3139 4507 et
3194 4454 3464 4521 prtcceptis

233 4545 351 4598 illud
376 4550 481 4600 dici
508 4548 677 4610 debet,
724 4548 889 4616 magis
928 4549 1160 4617 profecto
1187 4566 1344 4617 quam
1389 4560 1545 4603 antea
1593 4550 1790 4617 ingenii

233 4637 299 4688 tui
322 4639 626 4706 magnitudo
655 4653 793 4690 nunc
834 4637 1041 4691 demum
1071 4638 1256 4691 eluxit.
1292 4636 1561 4690 Nimirum
1593 4637 1787 4690 doctri-

233 4742 339 4778 nam
365 4729 418 4778 in
447 4731 553 4780 tuis
591 4726 833 4795 operibus
866 4729 1208 4792 reconditam,
1245 4728 1439 4795 partim
1470 4743 1501 4779 a
1532 4726 1789 4797 plerisque

232 4819 533 4885 ignoratam,
569 4819 765 4887 partim
788 4835 987 4882 eorum,
1020 4819 1108 4887 qui
1137 4828 1391 4884 utcunque
1422 4817 1786 4887 intelligerent,

231 4916 594 4980 prirmeditata:
631 4915 843 4967 inuidia:
888 4913 1189 4975 obnoxiam,
1239 4919 1493 4981 quantum
1544 4913 1596 4962 in
1640 4912 1785 4964 nobis

231 5007 314 5071 fuit
344 5009 413 5058 ita
448 5008 819 5076 explicuimus,
855 5017 910 5058 ut
939 5014 986 5059 et
1029 5004 1189 5058 invidi
1215 5002 1469 5072 praecluso
1493 5018 1581 5055 ore
1605 5003 1787 5055 obmu~

228 5106 494 5163 tescerent,
533 5108 579 5152 et
621 5109 810 5151 nostris
854 5096 1218 5167 approbationi
1253 5094 1480 5147 aliorum
1530 5104 1785 5175 prazterea

225 5190 563 5257 complurium
593 5191 851 5260 suffragia
903 5190 1227 5242 accederent.
1284 5187 1513 5255 Jamque
1558 5188 1687 5239 adeo
1740 5198 1787 5239 te

224 5296 312 5334 non
356 5285 517 5351 hujus
568 5294 779 5337 tantum
824 5292 1036 5347 nastrte,
1089 5290 1181 5335 aut
1227 5282 1339 5350 ejus
1391 5296 1506 5349 qurr
1552 5281 1791 5349 proxime

222 5379 475 5435 pmcessit
499 5375 692 5439 atatis,
721 5375 810 5442 sed
829 5384 875 5427 et
897 5372 1225 5442 superiorum
1252 5379 1533 5437 temporum
1567 5370 1789 5424 eruditis

220 5464 475 5525 omnibus,
524 5481 742 5533 quorum
759 5440 912 5518 [libri
958 5473 1293 5517 monumenta
1327 5468 1447 5514 sunt
1481 5476 1789 5530 magnorum

222 5555 564 5625 ingeniorum,
611 5558 869 5627 majorem
913 5568 1069 5627 atque
1118 5554 1529 5610 excellentiorem
1591 5561 1787 5607 statuo.

278 5672 389 5742 (93)
456 5671 602 5727 Fort.
643 5674 773 5727 σῶν.
812 5696 816 5700 -

1892 4552 2155 4604 auditores
2196 4553 2271 4603 ita
2317 4550 2540 4613 erudies,
2592 4559 2646 4600 ut
2691 4564 2807 4600 eam
2854 4548 3126 4599 scientiam
3171 4546 3463 4612 posteritati

1889 4645 2165 4713 ﬂorentem
2221 4641 2626 4694 transmissurus
2686 4640 2775 4691 sis.
2830 4640 2903 4691 Ac
2963 4636 3200 4689 nonnulli
3257 4636 3464 4704 quidem

1891 4743 2144 4799 oratores,
2180 4749 2296 4785 cum
2330 4733 2536 4801 ingenio
2577 4732 2746 4783 minus
2782 4729 3037 4791 valerent,
3072 4729 3288 4779 dicendo
3317 4726 3466 4793 longe

1890 4829 2266 4897 praestiterunt.
2301 4826 2408 4877 Alii
2437 4835 2618 4877 centra
2649 4822 2974 4891 intelligendi
2999 4820 3306 4891 facultatep.
3330 4820 3465 4872 lien--

1893 4930 1967 4973 tes
2003 4919 2124 4972 rudi
2150 4928 2198 4972 et
2238 4917 2582 4985 incomposito
2615 4931 2850 4967 :.ermone
2905 4914 2985 4965 usi
3019 4923 3159 4965 sunt.
3196 4912 3465 4976 Quosdam

1887 5013 2087 5073 videas,
2134 5013 2294 5064 etiam
2339 5007 2475 5078 quod
2508 5009 2575 5059 ad
2608 5006 3010 5076 grammaticam
3047 5014 3214 5056 artem
3258 5004 3462 5059 attinet.

1887 5103 2017 5157 nihil
2049 5103 2113 5155 ab
2138 5101 2239 5156 illis
2276 5100 2509 5168 di/ferre,
2543 5100 2631 5168 qui
2666 5097 2877 5148 minime
2912 5095 3050 5164 loqui
3079 5095 3273 5153 sciunt,
3322 5103 3371 5143 ut
3402 5093 3465 5143 iis

1886 5196 2053 5261 magis
2096 5192 2340 5261 expediat
2388 5190 2561 5255 silere,
2614 5204 2773 5258 quant
2816 5192 2954 5254 turpi
3005 5186 3319 5256 ignorantitv
3361 5185 3466 5233 crio

1887 5287 2024 5339 mine
2050 5287 2221 5355 argui.
2260 5282 2337 5336 Tu
2378 5283 2615 5334 doctrina
2654 5280 2938 5348 etingenio
2977 5294 3061 5332 eis
3094 5277 3182 5339 qui
3211 5275 3289 5327 Itis
3318 5275 3465 5324 rebus

1886 5375 2280 5429 instructissimi
2326 5376 2559 5444 fuerunt,
2597 5370 2846 5441 facundia
2882 5380 2931 5421 et
2965 5368 3233 5420 verborum
3262 5362 3463 5415 delectu

1889 5485 1971 5520 eo;
2007 5468 2097 5534 qui
2124 5467 2173 5518 in
2196 5466 2292 5519 hac
2323 5476 2472 5535 parte
2498 5464 2854 5519 excelluerunt
2878 5478 3004 5513 wmi.
3018 5458 3156 5509 latus
3178 5472 3249 5509 es.
3281 5455 3465 5523 Itaque

1892 5568 2036 5608 tuam
2074 5556 2423 5626 eloquentium
2451 5570 2515 5609 ea:
2551 5555 2674 5620 ipsis
2717 5551 2869 5619 quasi
2920 5548 3083 5599 hortis
3129 5546 3309 5599 Atticis
3341 5559 3463 5615 pm-

284 5741 394 5812 (94)
430 5743 699 5813 (ii-egeras
749 5743 1094 5814 PhilosOphus
1122 5758 1220 5813 per
1255 5741 1690 5797 antonomasiam
1726 5741 1927 5796 dictus.
