4010 6214
516 287 587 357 ιτ

1551 264 1973 352 NlCEPIiom
2015 288 2408 354 GREGORE
2446 293 2752 356 ELOGIA.

3685 294 3758 360 ὒι

519 408 759 462 deuntem
791 408 844 462 in
871 422 962 460 nos
992 403 1240 460 invadere
1263 402 1539 466 sentimus,
1564 404 1763 474 quoties
1789 403 1946 457 libros
1969 413 2083 457 tuos

2185 405 2282 474 τῆς
2315 407 2542 480 γνώμης
2566 407 2627 460 τὸ
2658 404 2935 478 βάρϐαρον
2960 405 3019 459 οὐ
3053 406 3218 477 μόνον
3243 405 3344 462 οὐκ
3373 406 3530 477 ἔσχεν
3557 408 3751 462 ἁποὸα·

517 503 572 555 in
604 516 789 554 manus
826 500 1082 553 sumimus
1115 515 1133 552 :
1165 514 1226 552 ac
1253 512 1550 551 sermonum
1593 506 1800 550 tuorum
1835 496 2092 550 illecebris

522 594 661 646 velut
695 591 951 645 machinis
980 590 1289 661 quibusdam
1319 590 1460 659 capti
1497 604 1673 642 omnes
1698 597 2090 658 expugnantur,

498 695 791 752 {propterea
839 682 978 749 quod
1022 683 1334 753 efﬂorescens
1371 697 1435 736 ea:
1463 681 1529 735 iis
1569 680 1709 749 lepos
1740 689 1787 733 et
1817 678 2092 734 verborum

519 786 811 847 apparatus
834 776 1243 845 speciosi‘ssimus
1271 776 1562 829 auditorem
1606 774 1868 828 alliciunt.
1909 772 2092 844 Neque

519 883 638 920 vero
663 866 830 920 multa
875 876 923 920 te
966 867 1187 920 eruditio
1230 865 1515 934 prohibuit,
1548 882 1611 919 ne
1639 866 1902 919 orationes
1931 880 2091 933 quam

520 960 712 1029 optime
770 959 1091 1023 elaborares,
1124 975 1216 1012 nec
1263 973 1570 1011 sermonem
1604 967 1750 1011 tuum
1804 957 1913 1010 ulla
1978 957 2091 1010 labe

518 1052 770 1121 corrupit,
803 1051 974 1120 ejusve
997 1051 1299 1121 expolitioni
1327 1050 1507 1121 obfuit.
1540 1049 1645 1105 Sed
1664 1066 1869 1103 summo
1891 1049 2087 1113 labore,

517 1152 564 1196 et
592 1160 683 1212 per
700 1143 1108 1197 exercitationes
1151 1142 1428 1208 plurimas,
1474 1138 1639 1195 omnis
1676 1142 1879 1212 generis
1922 1141 2089 1194 omnis

518 1244 659 1289 nota:
700 1237 1043 1288 eruditionem
1075 1234 1341 1287 collectam
1372 1235 1427 1286 in
1460 1235 1719 1288 thesauris
1749 1233 2012 1287 memoria!
2040 1242 2088 1287 et

515 1328 714 1397 ingenii
754 1327 1060 1397 reposuisti;
1111 1336 1268 1394 atque
1320 1327 1432 1393 ejus
1474 1326 1610 1379 velut
1653 1342 1864 1395 promus
1895 1325 2089 1378 candus

518 1420 756 1485 exsistis;
800 1436 1040 1490 quaenam
1064 1419 1282 1474 meliora
1313 1421 1436 1482 sint,
1471 1436 1535 1474 ex
1562 1436 1657 1473 usu
1691 1421 1922 1473 azstimas
1952 1419 2085 1488 (95),

516 1522 566 1563 et
608 1526 673 1563 ex
706 1512 979 1581 onmigena
1015 1512 1251 1564 doctrina
1293 1509 1448 1593 facile
1492 1526 1556 1563 ac
1600 1509 1737 1563 velut
1790 1526 1854 1565 ea:
1902 1519 2088 1576 parato

516 1602 712 1669 optima
755 1618 969 1672 quaeque
1007 1602 1255 1669 decerpis,
1298 1609 1345 1654 et
1374 1601 1619 1654 studiosis
1645 1600 1862 1655 subinde
1891 1601 2088 1655 contri-

516 1692 651 1745 buis.
681 1690 817 1755 Quin
864 1692 1025 1745 etiam
1056 1692 1288 1761 eﬂ'ecisli,
1326 1700 1383 1745 ut
1421 1702 1470 1746 et
1509 1692 1799 1762 philosophi
1833 1692 2083 1763 elingues,

2192 496 2305 548 λεϊν
2325 537 2341 561 ,
2373 496 2508 548 ἀλλὰ
2541 484 3167 566 καὶ’προσεξειργάσατο
3198 499 3289 553 καὶ
3324 498 3665 570 προσέθηκεν
3695 504 3761 553 ἐκ

2192 584 2333 640 πάνυ
2364 603 2447 639 τοι
2482 585 2679 638 πολλοῦ
2709 585 2802 639 τοῦ
2839 586 3120 657 περιόντος
3141 628 3154 654 ,
3187 588 3296 641 τῶν
3326 587 3612 658 ὁμοφύλων
3641 592 3789 660 χείο,

2196 693 2305 748 ρων
2332 678 2399 731 τὰ
2432 678 2656 732 τοιαῦτα
2689 679 2908 748 φανεὶς,
2939 678 3015 742 ὡς
3048 680 3183 749 μηδὲ
3216 681 3587 751 παραΰάλλειν
3618 682 3763 747 ἑξεῖ-

2192 784 2299 822 ναι.
2345 767 2566 821 Μᾶλλον
2611 769 2656 822 δ’
2682 771 2880 822 ὶκεῖνοι
2929 770 3049 839 μὲν,
3101 771 3150 823 εί
3198 773 3292 825 καὶ
3340 770 3610 843 βάρϐαροι
3661 776 3765 842 τὴν

2190 858 2438 923 γλῶτταν
2474 859 2646 922 ἄλλως
2685 862 2783 914 καὶ
2816 862 2876 913 τὸ
2914 856 3045 932 ἦθος
3086 861 3234 925 ὅντες
3269 863 3621 933 τυγχάνουσι,
3661 864 3764 932 τῆς

2189 950 2412 1019 ἀγωγῆς
2442 966 2503 1002 τε
2544 952 2639 1003 καὶ
2669 951 2778 1003 τῶν
2811 952 3058 1024 πατρίων
3089 953 3231 1006 οὕτω
3265 956 3420 1009 ταυτὶ
3458 954 3763 1026 χορηγούν-

2149 1070 2170 1098 ο
2188 1057 2326 1108 των,
2361 1041 2494 1095 ἀλλὰ
2526 1043 2626 1095 καὶ
2649 1044 2868 1114 τρόπων
2898 1046 3005 1098 εἰσὶ
3034 1048 3292 1116 χρηστῶν
3321 1049 3415 1100 καὶ
3447 1048 3764 1118 καλοκάγα-

2191 1130 2310 1196 θίας
2343 1135 2435 1186 καὶ
2464 1135 2662 1204 ἀρετῆς
2694 1137 3038 1207 φροντισταὶ,
3072 1139 3306 1192 καθόσον
3336 1132 3447 1191 οἷόν
3474 1156 3531 1192 τε
3551 1153 3566 1167 ⁸
3599 1141 3764 1194 εὐσε-

2190 1225 2341 1288 ϐείας
2367 1243 2423 1279 τε
2455 1227 2561 1296 πρὸ
2586 1228 2695 1281 τῶν
2719 1228 2896 1283 ἄλλων
2921 1232 3014 1284 καὶ
3038 1232 3148 1284 τῶν
3175 1232 3552 1291 ἀποστολικῶν
3576 1251 3635 1286 τε
3665 1236 3766 1288 καὶ

2190 1320 2473 1390 πατρικῶν
2498 1321 2784 1392 δογμάτων
2814 1323 3148 1376 σπουδασταί
3175 1342 3234 1377 τε
3265 1327 3360 1378 καὶ
3389 1326 3651 1394 φύλακες,
3681 1325 3765 1390 ὡς

2187 1415 2284 1467 καὶ
2314 1412 2379 1464 αὐ
2393 1412 2486 1481 τῆς
2519 1414 2658 1485 ὑπὲρ
2685 1414 2891 1468 τούτων
2925 1417 3061 1485 μετὰ
3094 1416 3352 1488 πλείστης
3380 1434 3443 1487 γε
3470 1417 3569 1486 τῆς
3603 1417 3764 1486 φιλο-

2186 1505 2375 1575 τιμίας
2404 1508 2462 1559 ἐν
2491 1508 2569 1576 τῷ
2596 1507 2691 1559 τοῦ
2722 1507 2918 1577 καιροῦ
2951 1510 3307 1580 παρασχόντι.
3337 1490 3455 1571 πῶς
3483 1511 3550 1564 ἂν
3583 1510 3766 1575 εἴποις

2187 1596 2392 1664 ἡδέως,
2424 1597 2760 1667 ἀφίστασθαι
2792 1599 2890 1670 τῆς
2925 1599 3123 1671 ψυχῆς.
3159 1602 3220 1655 '0
3252 1601 3309 1655 δὲ
3344 1604 3439 1657 καὶ
3470 1602 3767 1667 κατεξανέ-

2190 1703 2289 1758 στη
2327 1688 2425 1758 τῆς
2465 1689 2561 1741 καὶ
2595 1688 2949 1761 θρεψαμένης
2985 1693 3082 1744 καὶ
3118 1691 3621 1764 παιδαγωγησάσης
3659 1696 3763 1747 καὶ

517 1794 565 1837 et
596 1793 830 1837 oratores
874 1784 1085 1837 minime
1138 1784 1427 1853 philosophi
1462 1799 1572 1837 esse
1617 1783 1932 1837 viderentur.
1974 1782 2084 1837 Hoc

2187 1755 2357 1846 λόγων
2383 1755 2480 1832 καὶ
2506 1755 3159 1853 ὀνόματοςνμεταδούσης,
3191 1783 3266 1848 ὡς
3298 1755 3629 1854 μὴ-ὦφελεν,
3659 1786 3762 1840 ἐκ·

515 1875 625 1940 ipso
660 1874 818 1940 enim,
858 1874 996 1943 quod
1042 1873 1381 1942 philosophia:
1424 1875 1740 1929 rhetoricam
1792 1875 2081 1939 miscueris,

514 1976 563 2019 et
586 1981 650 2018 ex
679 1966 932 2019 ambabus
962 1974 1035 2019 ιυι
1068 1966 1223 2020 libros
1256 1967 1584 2035 non/laveris,
1614 1967 1669 2019 in
1697 1966 1882 2037 quibus
1913 1967 2087 2021 obser-

513 2069 639 2107 vare
666 2063 743 2107 est
782 2054 1087 2123 conjunctas
1115 2057 1384 2117 utriusque
1414 2055 1661 2121 virtutes,
1695 2071 1864 2109 nonne
1901 2055 2086 2125 palam

513 2148 719 2201 exsistit
776 2148 831 2200 id
867 2149 1005 2215 quod
1044 2147 1198 2200 dico?
1233 2146 1490 2218 Equidem
1540 2148 1616 2201 sic
1659 2147 1725 2201 de
1764 2148 2087 2203 orationibus

515 2239 619 2291 tuis
651 2240 814 2291 sentio
839 2249 884 2291 et
921 2239 1225 2307 pronuntio.
1256 2238 1416 2307 Atqui
1446 2239 1554 2292 htcc
1591 2239 1814 2291 strictim
1850 2246 1899 2291 et
1946 2238 2087 2292 velut

515 2329 676 2382 obiter
708 2345 740 2381 a
785 2346 864 2382 me
913 2330 1052 2381 dicta
1099 2338 1240 2382 sunt.
1272 2327 1551 2395 Oportebat
1585 2338 1758 2382 autem
1785 2330 1841 2381 in
1872 2338 2085 2382 tuarum

514 2417 733 2472 laudum
766 2421 1086 2473 curriculum
1137 2421 1529 2473 descendentem
1564 2436 1744 2474 cavere
1766 2422 1993 2484 omnino,
2029 2428 2085 2473 ut

514 2520 606 2563 tua
641 2511 732 2563 tibi
768 2511 997 2579 digmtas
1039 2511 1187 2565 salva
1224 2520 1511 2575 constaret,
1567 2520 1617 2564 et
1668 2520 1921 2579 quantum
1978 2511 2086 2579 ipse

514 2601 773 2672 facundia:
804 2602 961 2655 robur
1007 2603 1058 2655 in
1116 2600 1440 2655 orationibus
1498 2602 1601 2655 tuis
1656 2602 2082 2670 exprompsisses,

407 2727 413 2733 -
513 2701 659 2744 tanto
686 2692 847 2745 etiam
895 2694 964 2745 ad
1011 2708 1100 2746 eas
1153 2694 1318 2746 verbis
1362 2692 1732 2762 pra’dicandas
1773 2694 2086 2746 instructum

508 2786 753 2839 accedere
786 2785 1018 2838 decebat.
1062 2788 1133 2839 Tu
1187 2801 1297 2848 nos,
1333 2795 1386 2837 ut
1425 2800 1672 2854 prwsens,
1718 2786 1796 2838 ita
1825 2795 1873 2839 et
1904 2786 2085 2839 absens

508 2877 758 2929 detectas.
799 2875 1001 2928 Bonum
1028 2877 1184 2938 enim,
1227 2892 1343 2928 cum
1371 2886 1500 2929 esset
1527 2876 1581 2927 in
1609 2876 1868 2941 manibus,
1906 2891 1965 2929 eo
1986 2892 2085 2945 quo

511 2985 611 3038 par
642 2978 756 3021 erat
783 2983 935 3021 sensu
972 2968 1408 3037 percipiebamus.
1441 2968 1506 3020 At
1531 2968 1668 3037 quod
1698 2967 1907 3020 urbium
1934 2968 2085 3037 prin-

509 3076 646 3129 ceps,
681 3060 962 3129 eademque
1000 3061 1171 3126 patria
1202 3069 1400 3123 nostra,
1461 3068 1667 3112 tantum
1695 3058 1794 3113 sibi
1838 3061 2083 3113 honorem

503 3151 786 3205 ambitiose
832 3151 1077 3215 vindicet,
1122 3152 1176 3203 id
1212 3152 1422 3222 quidem
1459 3167 1540 3204 me
1579 3167 1786 3205 summa
1820 3149 2086 3220 voluptate

510 3245 664 3313 afﬁcit
708 3259 824 3297 :ac
868 3259 1171 3313 quanquam
1216 3243 1445 3297 locorum
1490 3243 1767 3308 intervallo
1810 3244 2087 3313 disjunga-

511 3354 650 3402 mur,
698 3336 859 3390 nihilo
891 3346 1065 3389 tamen
1107 3323 1288 3389 minus.
1318 3345 1367 3388 te
1396 3336 1664 3403 diligimus
1689 3350 1846 3403 quam
1873 3336 1918 3388 si
1950 3350 2087 3402 pra:-

507 3442 681 3484 sentes
709 3429 1039 3493 adessemus;
1068 3438 1116 3481 et
1159 3429 1282 3498 quia
1311 3442 1488 3480 coram
1522 3443 1627 3479 non
1661 3426 1801 3491 licet,
1836 3424 1950 3478 ideo
1995 3440 2083 3477 co-

504 3523 779 3592 gitationis
819 3531 963 3575 motu
1007 3507 1174 3574 tecum
1225 3535 1517 3574 versamur.
1559 3519 1816 3573 Craterum
1856 3516 2085 3570 indolem

502 3623 659 3668 tuam
707 3615 762 3666 in
811 3611 1137 3666 orationibus
1175 3614 1276 3664 tuis
1313 3627 1609 3680 expressam
1644 3610 1924 3669 cernimus.
1974 3607 2083 3662 Me-

502 3707 680 3760 moria
733 3713 910 3758 autem
952 3704 1343 3758 consuetudinis
1395 3715 1519 3769 tute,
1557 3712 1605 3756 et
1640 3718 1820 3756 eorum
1866 3701 1956 3773 qui
2002 3701 2085 3755 di-

499 3800 685 3854 scendi
716 3815 879 3851 causa
909 3797 1138 3864 quotidie
1167 3795 1238 3849 ad
1287 3806 1337 3849 te
1372 3797 1652 3860 ventitant,
1696 3795 1931 3848 animum
1969 3792 2089 3847 sub-

497 3896 680 3952 «eunte,
713 3887 1015 3940 Academia:
1043 3894 1091 3939 et
1123 3883 1276 3955 Lycei
1299 3885 1580 3955 imaginem
1608 3884 1754 3937 nobis
1774 3883 2082 3952 eﬂ‘ingimus.

508 3982 584 4037 Ac
614 3982 706 4035 tibi
733 3980 963 4051 quidem,
1004 3980 1143 4049 quod
1188 3978 1450 4047 praeclara
1484 3978 1587 4030 ista
1624 3976 1925 4069 abtigerint,
1956 3991 2085 4046 gra-

498 4074 749 4127 tulamur
767 4088 787 4136 ;
832 4086 926 4125 nos
960 4086 1078 4124 vero
1105 4072 1264 4141 ipsos,
1297 4068 1432 4138 quod
1467 4078 1512 4121 te
1535 4069 1644 4121 ha'c
1669 4067 1799 4121 a'tas
1830 4067 2007 4119 tulerit
2032 4077 2083 4120 et

504 4166 629 4219 vita:
658 4173 762 4217 tua:
802 4174 1003 4231 tempus
1048 4162 1103 4214 in
1129 4161 1224 4213 huc
1257 4169 1491 4212 nostrum
1539 4157 1791 4212 sarculum
1822 4158 2084 4221 inciderit,

504 4256 684 4325 felices
738 4255 1109 4325 pradicamus.
1166 4253 1298 4320 Ejus
1354 4252 1449 4305 tibi
1504 4267 1666 4321 quam
1723 4250 2085 4320 longissimum

496 4350 738 4416 spatium
760 4348 964 4401 utinam
992 4357 1321 4417 prorogetur,
1360 4354 1412 4396 ut
1436 4359 1621 4397 earum
1654 4358 1852 4405 rerum,
1886 4356 2003 4411 qua:
2030 4341 2085 4393 in

2187 1869 2456 1940 κλησίας·
2502 1873 2603 1925 καὶ
2646 1873 2717 1927 τὰ
2764 1872 3044 1928 δεινότατα
3094 1878 3188 1933 καὶ
3234 1878 3612 1930 άπευκτὸτατα
3660 1879 3762 1932 καὶ

2186 1961 2378 2032 πόῤῥω
2423 1962 2628 2027 παντὸς
2676 1965 3115 2036 παραδείγματος
3161 1967 3445 2039 ἀκολάστῳ
3494 1969 3589 2021 καὶ
3638 1969 3763 2023 το).-

2190 2052 2342 2123 μηρᾷ
2380 2053 2596 2126 γλώττῃ
2640 2057 2784 2110 κατὰ
2827 2056 2930 2127 τῆς
2968 2057 3206 2128 Χριστοῦ
3246 2058 3464 2133 νύμφης
3507 2059 3754 2130 ὑσρέζει,

2188 2143 2282 2195 καὶ
2310 2143 2580 2216 Βαρλαὰμ
2612 2146 2731 2200 κατ’
2756 2147 2888 2202 αὑτό
2919 2166 3063 2219 φημι
3088 2147 3246 2203 τοῦτο
3272 2150 3363 2202 τδν
3394 2151 3759 2222 μυσταγωγὸν

2184 2234 2295 2289 τῶν
2321 2235 2580 2291 τοιούτων
2610 2239 2990 2310 παρενεγκὼν.

2259 2324 2522 2398 Gregoras
2565 2344 2684 2383 vero
2720 2330 2839 2394 iste,
2882 2330 2938 2384 in
2968 2333 3101 2385 hanc
3127 2331 3332 2386 urbium
3359 2327 3668 2402 principem,
3703 2344 3756 2388 et

2187 2418 2258 2471 ad
2287 2434 2534 2490 magnam
2565 2419 2986 2476 Christianarum
3023 2422 3378 2478 Ecclesiarum
3406 2434 3649 2491 matrem,
3691 2443 3759 2481 ea:

2186 2508 2441 2565 Barbaris
2477 2528 2595 2566 cum
2626 2514 2913 2567 advenisset
2948 2513 3331 2586 (Paphlagonia
3363 2508 3551 2587 quippe
3573 2518 3759 2572 oriun-

2187 2603 2330 2675 dus),
2370 2613 2644 2674 postquam
2680 2605 3005 2668 educatione,
3057 2605 3356 2675 disciplina,
3401 2617 3449 2661 et
3493 2606 3758 2675 politiori-

2187 2684 2279 2750 bus
2315 2694 2615 2750 Graecorum
2664 2695 2851 2750 litteris
2883 2698 2939 2750 in
2981 2697 3079 2750 hac
3115 2698 3324 2752 civitate
3364 2698 3440 2751 sic
3485 2698 3755 2772 institutus

2185 2798 2282 2856 est,
2310 2797 2367 2841 ut
2401 2789 2457 2841 in
2488 2788 2764 2841 altioribus
2794 2788 3023 2843 scientiis
3054 2788 3294 2843 nonnihil
3317 2798 3547 2844 versatus
3578 2800 3626 2844 et
3651 2791 3758 2844 ali-

2184 2882 2321 2952 quod
2342 2896 2529 2934 nomen
2556 2879 2794 2934 lucratus
2824 2897 2930 2934 esse
2964 2881 3246 2942 videretur,
3280 2883 3386 2935 imo
3415 2882 3668 2937 illustrius
3693 2899 3757 2936 ac

2184 2971 2361 3040 majus
2387 2987 2547 3042 quam
2582 2952 2812 3041 qu5d~re
2860 2972 2975 3040 ipsa
3018 2982 3315 3037 meruerat;
3354 2975 3512 3028 ritum
3550 2974 3756 3045 quidem

2108 3086 2158 3145 ρ
2187 3073 2236 3119 et
2284 3080 2573 3117 sermonem
2604 3063 2889 3117 barbarum
2928 3065 3311 3134 quodammodo
3341 3068 3516 3134 exuit;
3553 3083 3756 3122 morum

2189 3163 2365 3208 autem
2390 3164 2437 3209 et
2465 3154 2631 3208 animi
2652 3154 2951 3208 barbariem
2976 3171 3080 3209 non
3123 3156 3278 3209 modo
3302 3172 3406 3210 non
3442 3158 3637 3222 amisit,
3665 3159 3758 3213 sed

2187 3255 2245 3299 ut
2295 3246 2471 3314 major
2513 3256 2638 3300 esset
2671 3262 2883 3315 operam
2923 3245 3087 3312 dedit,
3132 3254 3182 3300 et
3219 3246 3525 3315 plenissima
3560 3247 3625 3302 de
3662 3265 3759 3303 suo

2187 3337 2479 3390 accessione
2509 3335 2816 3397 cumulavit,
2846 3336 3186 3406 popularibus
3224 3339 3332 3392 suis
3363 3340 3493 3392 adeo
3540 3339 3631 3395 ille
3667 3357 3760 3410 pe-

2179 3424 2272 3492 jor
2305 3428 2403 3479 hac
2431 3425 2485 3476 in
2515 3434 2688 3492 parte,
2715 3434 2773 3479 ut
2802 3441 2918 3478 cum
2952 3442 3011 3479 eo
3056 3442 3119 3479 ne
3141 3427 3366 3496 conferri
3401 3428 3608 3496 quidem
3634 3444 3759 3499 pos-

2185 3517 2311 3569 sint.
2360 3515 2642 3570 Enimvero
2677 3516 2751 3581 hi,
2801 3530 3103 3588 quanquam
3145 3518 3323 3589 lingua
3373 3530 3422 3574 et
3474 3522 3583 3575 ritu
3621 3521 3759 3576 Bar-

2186 3606 2325 3671 bari,
2355 3607 2409 3661 id
2443 3610 2581 3677 quod
2616 3612 2682 3661 ab
2719 3610 3028 3685 educatione
3061 3621 3109 3664 et
3162 3612 3227 3666 ab
3269 3612 3522 3667 institutis
3567 3614 3757 3682 patriis

2186 3697 2398 3761 habent,
2425 3708 2604 3753 tamen
2634 3701 2863 3755 moribus
2893 3702 3040 3769 probi
3067 3712 3209 3765 sunt,
3248 3703 3671 3775 honestatemque
3708 3716 3759 3758 et

2185 3793 2451 3857 uirtutem,
2478 3804 2734 3862 quantum
2779 3795 2831 3846 in
2871 3810 2924 3848 se
2954 3805 3050 3859 est,
3080 3794 3298 3849 ‘colunt.
3360 3794 3531 3849 Iidem
3581 3813 3759 3851 veram

2186 3884 2495 3954 religionem
2543 3888 2996 3956 apostolorumque
3033 3900 3081 3943 et
3122 3890 3340 3943 Patrum
3367 3891 3617 3959 dogmata
3642 3903 3728 3946 stu
3747 3922 3759 3931 -

2184 3976 2329 4028 diose
2368 3992 2479 4044 pra!
2513 3979 2713 4029 caneris
2747 3979 3132 4046 amplectuntur
3173 3990 3222 4034 et
3270 3981 3590 4046 custodiunt,
3637 3986 3759 4037 ani-

2186 4083 2330 4120 mam
2375 4068 2541 4136 ipsum
2571 4084 2666 4135 pro
2708 4069 2794 4133 iis,
2846 4070 2890 4122 si
2925 4084 3126 4139 tempus
3169 4073 3326 4142 ferat,
3371 4058 3577 4126 summa
3629 4090 3759 4128 conv

2189 4160 2416 4213 tentione
2449 4170 2497 4212 et
2555 4163 2788 4213 maximo
2847 4176 2963 4214 cum
3022 4162 3218 4231 gaudio
3250 4164 3508 4233 eﬂ'undere
3557 4168 3757 4234 parati.

2191 4251 2294 4305 lste
2349 4263 2535 4315 contra
2576 4253 2632 4304 in
2695 4268 2811 4305 eam
2853 4252 3143 4307 Ecclesiam
3201 4256 3505 4333 insurrexit,
3548 4272 3661 4328 qut:
3707 4266 3757 4310 et

2186 4343 2397 4398 aluerat
2436 4352 2484 4397 et
2529 4346 2798 4413 praeceptis
2853 4346 3202 4415 formaverat;
3252 4364 3367 4418 qua:
3404 4350 3668 4419 eloquium
3705 4360 3756 4404 et

498 4449 560 4492 «te
601 4440 808 4493 eximite
853 4447 997 4504 sunt,
1051 4438 1280 4491 homines
1343 4452 1500 4506 quam
1543 4435 1758 4504 plurimi
1808 4435 2084 4503 partic‘pcs
2117 4428 2159 4483 D
2187 4451 2375 4489 nomen
2420 4437 2645 4506 (utinam
2683 4452 2745 4489 ne
2788 4437 2863 4489 ita
2905 4454 2986 4490 res
3016 4438 3180 4491 esset!
3193 4441 3209 4506 )
3240 4439 3506 4509 impertita
3544 4441 3757 4511 fuerat;

500 4532 662 4599 ﬁant.

576 4638 1013 4695 rl\'.\Philotheus
1039 4638 1363 4709 patriarcha,
1405 4638 1694 4693 Antirrhet.
1727 4636 1842 4691 ΧΗ
1873 4637 2006 4706 (96).

570 4755 863 4829 Τρηγορᾶς
894 4758 936 4809 δ’
960 4757 1175 4807 οὐτοσὶν
1199 4794 1213 4816 .
1248 4757 1310 4806 ἐκ
1342 4754 1631 4825 βαρϐάρων
1661 4754 1813 4823 παρὰ
1844 4755 1943 4825 τὴν
1976 4754 2084 4806 τῶν

503 4844 719 4896 ’πόλεων
746 4844 989 4913 βασιλίδα
1017 4847 1239 4908 ταυτηνὶ
1266 4845 1358 4895 καὶ
1384 4848 1483 4912 την
1512 4844 1753 4914 μεγάλην
1781 4843 1948 4896 ἐλθὼν
1972 4844 2083 4897 τῶν

502 4936 820 5005 ἐκκλησιῶν
852 4937 941 4988 τοῦ
970 4935 1206 5006 Χριστοῦ
1244 4939 1455 5006 μητέρα
1487 4935 1618 5005 (τῆς
1650 4937 1757 5005 γὰρ
1794 4936 2081 5003 Παφλαγό-

503 5044 617 5081 νων
645 5027 869 5096 ὥρμητο
890 5031 1035 5096 γῆς),
1068 5033 1160 5080 καὶ
1189 5026 1415 5096 ἀγωγῆς
1447 5026 1540 5079 καὶ
1571 5027 1816 5088 παιδείας
1848 5025 2079 5078 ἐνταῦθα

510 5123 606 5170 καὶ
640 5118 844 5188 μούσης
873 5118 1191 5188 Ἑλληνικῆς
1225 5112 1530 5188 μετασχὼν,
1559 5118 1632 5181 ὡς
1666 5122 1758 5169 καὶ
1792 5116 2082 5187 μετεώρων

502 5211 749 5280 ἁσκῑνραί
782 5227 902 5263 τινα
936 5209 1084 5275 δόξαι
1120 5212 1211 5263 καὶ
1244 5209 1865 5280 ὀνόματοςιεὺμοιρῆσαί
1899 5225 2041 5271 τινος
2063 5249 2077 5273 ,

506 5303 719 5372 μᾶλλον
742 5303 799 5355 δὲ
826 5303 919 5356 καὶ
944 5301 1037 5355 τοῦ
1066 5301 1184 5355 κατ’
1207 5303 1719 5373 αὐτδνππράγματος
1747 5298 2080 5369 ὑψηλοτέρου

513 5379 611 5449 καλ
652 5395 916 5465 μείζονος,
954 5395 1015 5445 τὸ
1059 5394 1157 5462 μὲν
1199 5393 1476 5465 βάρϐαρον
1516 5388 1647 5461 ἦθος
1685 5390 1946 5460 ἁμηγέπη
1988 5388 2081 5440 καὶ

512 5488 611 5557 τὴν
647 5489 828 5558 φωνὴν
868 5488 1160 5541 ἁποὸα).εῖν
1198 5485 1357 5556 ἔσχε⁸
1399 5485 1504 5539 τῶν
1539 5484 1595 5536 δὲ
1633 5483 1847 5553 τρόπων
1886 5497 1942 5533 τε
1987 5481 2080 5532 καὶ

580 5647 697 5716 (95)
734 5646 823 5700 Vel
851 5648 1071 5703 meliora
1103 5663 1202 5701 usu
1231 5649 1449 5715 probas.

587 5718 696 5786 (9(5)
728 5717 806 5770 Ex
838 5720 959 5770 cod.
989 5721 1121 5788 Reg.
1163 5718 1315 5783 1095,
1348 5720 1442 5773 [οι.
1470 5717 1596 5771 ἓ85.

2186 4536 2342 4594 atque
2370 4527 2422 4578 in
2451 4525 2652 4579 Christi
2690 4544 2936 4593 sponsam
2983 4530 3362 4596 atrocissimas,
3387 4531 3675 4587 horrendas
3706 4543 3755 4586 et

2185 4617 2249 4670 ab
2297 4617 2530 4686 exemplo
2583 4620 2725 4671 omni
2787 4621 3159 4674 remotissimus
3221 4623 3565 4676 contumelias
3602 4623 3754 4692 jecit,

2183 4706 2532 4762 Barlaamum
2576 4710 2769 4777 ipsum,
2805 4713 2901 4763 hac
2948 4712 3000 4763 in
3028 4728 3081 4764 re
3123 4713 3380 4778 uidelicet,
3415 4714 3601 4768 horum
3630 4714 3741 4787 [ma

2180 4802 2402 4870 gistrum
2428 4799 2499 4871 et]
2530 4803 2818 4855 antistitem
2853 4812 3271 4872 pra'tergressus.

2187 4908 2250 4963 ν.
2303 4911 2414 4964 Τοῦ
2452 4910 2824 4977 Ἀκινδύνου,
2852 4911 2920 4964 ἐκ
2952 4913 3410 4982 θεσσαλονίκης
3451 4916 3599 4983 πρὸς
3650 4914 3756 4969 τὸν

2700 5003 3010 5073 Γρηγοριὶν
3033 5004 3170 5074 (97).

2256 5115 2557 5185 Βαλσαμὼν
2588 5118 2617 5169 ὀ
2646 5122 2914 5184 γενναῖος,
2956 5118 3105 5187 φίλος
3136 5118 3214 5172 ὣν
3251 5122 3374 5189 ἐμοὶ
3414 5119 3508 5172 καὶ
3562 5118 3754 5187 φίλους

2188 5209 2393 5271 πάντας
2424 5208 2858 5278 ὑπερὸαλόμενος
2887 5210 2955 5262 τὰ
2980 5212 3113 5281 πρὸς
3139 5213 3258 5283 ἐμὲ,
3301 5212 3418 5266 ἀντ’
3450 5212 3617 5279 ἄλλης
3671 5229 3751 5263 τι·

2188 5295 2274 5357 νὸς
2305 5294 2561 5363 λαμπρᾶς
2585 5297 2675 5349 καὶ
2710 5298 2953 5369 μεγάλης
2974 5301 3294 5370 εὐεργεσίας
3332 5300 3470 5373 (ᾔδει
3520 5301 3628 5369 γάρ
3680 5316 3749 5368 με

2191 5386 2279 5439 τοῦ
2306 5402 2363 5438 τε
2391 5389 2484 5439 καὶ
2513 5389 2622 5439 τῶν
2657 5388 2763 5442 σῶν
2788 5394 3231 5463 συγγραμμάτων
3258 5394 3460 5463 σφόδρα
3497 5392 3755 5463 περικαό-

2190 5479 2370 5548 μενον)
2400 5478 2579 5548 φέρων
2611 5481 2905 5552 ἐνεχείρισέ
2929 5501 3021 5553 μοι
3051 5484 3148 5553 τὴν
3180 5486 3276 5556 σὴν
3303 5483 3611 5548 ἐπιστολὴν,
3650 5482 3753 5550 τὴν

2265 5642 2372 5709 (97)
2412 5641 2690 5711 Descripta
2728 5658 2793 5696 ex
2823 5642 2942 5696 cod.
2983 5641 3104 5698 Vat.
3134 5642 3290 5711 i086,
3319 5658 3483 5698 manu
3509 5642 3650 5699 Clar.
3688 5643 3748 5696 ν.

2192 5711 2254 5763 ι).
2298 5714 2593 5775 Brlmanni,
2620 5714 2804 5795 succi.
