3992 6208
518 346 592 410 95
1610 354 1933 431 menon.
1978 358 2095 416 we

2209 360 2249 418 ll
2302 359 2714 421 ΡΒΑΞΕΑΤΙΟ.
3714 361 3783 423 96

519 460 577 514 in
609 459 767 531 cujus
795 470 972 516 morte
1001 461 1257 518 desinere
1281 477 1405 519 eum
1437 464 1698 529 diximus,
1733 467 1915 522 minus
1943 467 2102 522 tidem
2136 479 2178 531 Α
2215 469 2440 526 Thomas
2500 471 2857 545 Dempsterus,
2884 473 3037 545 initio
3072 472 3312 545 ductarii
3340 468 3564 525 Roman.
3599 471 3783 540 Autiq.

519 560 785 631 meretur.
820 551 965 606 Sane
1013 552 1429 631 Cantacuzenus
1483 556 1724 612 historiae
1767 575 1878 614 sua:
1907 560 2001 617 lib.
2025 576 2095 626 IV,

516 622 639 710 cap.
662 642 732 696 24
757 651 813 697 et
840 642 910 699 25
934 645 1088 701 valde
1110 620 1231 700 eu'm
1263 648 1520 718 exagitat,
1550 657 1804 719 tanquam
1843 651 2020 706 levem
2046 620 2101 706 et

518 734 931 789 mendaciorum
986 737 1353 792 manifestum.
1406 739 1613 811 Nempe
1655 740 1998 812 Nicephorus
2044 722 2098 797 in

514 823 639 877 aula
693 826 827 880 vixit
875 827 1175 884 Andronici
1235 830 1358 894 avi;
1417 845 1518 885 nec
1570 847 1658 886 res
1720 832 1935 899 nepotis
1990 842 2098 887 tam

517 927 708 969 exacte
766 919 942 984 potuit
993 933 1177 983 nosse,
1228 935 1388 989 quam
1432 920 1870 976 Cantacuzenus.
1927 923 2099 979 Simul

517 1010 682 1068 etiam
730 1010 929 1066 atl‘ectu
979 1013 1392 1083 abripiebatur,
1450 1030 1560 1085 quo
1616 1016 1803 1070 minus
1850 1031 2097 1074 cerneret

516 1116 727 1155 verum.
756 1101 1007 1172 Impense
1058 1105 1201 1158 enim
1246 1106 1456 1161 favebat
1486 1122 1590 1161 avo
1628 1107 1899 1161 adversus
1928 1124 2101 1179 nepo-

516 1200 649 1251 tem.
676 1192 820 1248 inter
849 1209 991 1263 quos
1035 1195 1105 1249 de
1152 1195 1384 1265 imperio
1430 1197 1767 1253 certabatur.
1808 1199 1998 1268 Neque
2029 1200 2098 1253 de

514 1284 826 1339 Andronico
854 1287 1068 1348 solum,
1100 1285 1197 1341 sed
1232 1287 1300 1340 de
1340 1286 1726 1343 Cantacnzeno
1752 1289 1920 1345 etiam
1946 1303 2100 1342 men-

522 1375 679 1429 titur.
710 1375 818 1429 Sed
851 1374 960 1440 illa,
1001 1389 1124 1443 quae
1151 1374 1219 1428 de
1252 1374 1418 1442 hujus
1446 1375 1614 1444 gestis
1641 1375 1903 1445 prodidit,
1931 1374 2016 1429 vel
2042 1374 2097 1428 in

519 1464 850 1520 bibliotheca
880 1467 1115 1535 quadam
1146 1481 1269 1520 cum
1300 1466 1483 1522 blattis
1511 1467 1784 1538 lineisque
1815 1467 2096 1535 rixantur,

514 1557 600 1610 vel
631 1556 849 1625 penitus
864 1557 1304 1625 interciderunt,
1332 1558 1491 1626 quod.
1510 1559 1699 1613 verius
1733 1568 1892 1634 puto,
1916 1569 2026 1614 etc.

517 1671 622 1725 Leo
648 1671 899 1740 Allatius,
932 1674 1312 1755 exercitatione
1332 1674 1387 1755 ξ),
1412 1674 1468 1726 in
1507 1671 1835 1742 Praefatione
1871 1668 2102 1741 Creygh-

1243 1754 1353 1797 tam
1363 1782 1383 1799 ο

2908 541 3113 599 Ruﬁni.

3090 624 3099 643 \

2276 664 2622 743 Nicephorus
2665 672 2977 745 Gregoras,
3025 671 3421 727 Historicorum
3488 669 3631 725 illius
3680 670 3781 724 aevi

2202 765 2544 822 utilissimus.

2379 898 2525 955 Guil.
2554 899 2714 965 Cave,
2748 899 2951 954 Hister.
2977 898 3205 952 litterar.
3232 901 3380 967 parte
3413 893 3603 948 altera.

2205 1085 2208 1088 .
2272 1033 2619 1103 Nicephorius
2674 1033 2967 1104 Gregoras,
3016 1030 3367 1105 Byzantinus,
3417 1028 3783 1100 philosophus

2201 1136 2253 1182 et
2283 1128 2577 1182 historicus
2625 1128 2877 1198 insignis,
2902 1126 3036 1181 artis
3082 1124 3249 1179 etiam
3278 1122 3534 1179 oratoriae
3561 1121 3782 1191 peritis-

2200 1218 2392 1279 simus,
2420 1216 2731 1273 Andnonico
2772 1231 2878 1271 avo
2913 1213 3227 1286 imperatori
3260 1211 3406 1266 inter
3427 1226 3629 1281 paucos
3650 1210 3782 1266 cha-

2201 1325 2315 1371 rus,
2338 1308 2537 1363 claruit
2560 1325 2709 1364 anno
2728 1308 2885 1372 1545,
2904 1315 3014 1363 etc.

2274 1421 2369 1476 His
2415 1423 2683 1477 addantur
2723 1421 2931 1481 cardiu.
2969 1417 3143 1482 Bona,
3169 1419 3225 1472 in
3261 1416 3463 1472 Notitia
3500 1423 3780 1470 auctorum

2202 1512 2424 1579 pra’ﬁma
2478 1511 2611 1564 libro
2659 1511 2722 1563 de
2762 1508 2936 1564 Divin.
2967 1505 3240 1562 Psalmd.
3276 1504 3521 1568 Bmius,
3553 1514 3603 1558 et
3631 1504 3781 1573 Rag-

2202 1598 2418 1660 naldus,
2450 1599 2503 1651 in
2536 1598 2734 1651 Annal.
2765 1592 3059 1649 Eccles.ad
3092 1596 3156 1648 Α.
3182 1592 3244 1648 C.
3271 1592 3446 1658 £534;
3480 1591 3677 1645 Franc.
3716 1592 3784 1645 de

2206 1687 2488 1766 ﬂuitantia,
2544 1687 2933 1742 Catalanorum
2983 1694 3032 1738 et
3082 1684 3384 1754 Araganum
3421 1680 3783 1751 Expeditionis

2203 1797 2327 1850 cap.
2357 1780 2408 1838 7.
2447 1780 2532 1843 10,
2554 1781 2644 1844 2‘2,
2671 1779 2761 1844 64,
2788 1789 2896 1834 etc.
2946 1775 3331 1848 Creyghtanus,
3369 1776 3427 1828 in
3460 1774 3786 1844 Praefatioue

589 1855 647 1909 In
680 1856 788 1910 illis
842 1855 1053 1929 [Niceta
1102 1868 1156 1913 et
1211 1856 1473 1928 Gregnra]
1526 1867 1653 1912 sunt
1684 1866 1740 1913 et
1768 1857 2095 1925 eloquentiae

2209 1838 2451 1926 Historia:
2487 1838 2694 1927 concilii
2723 1838 3031 1927 moremini.
3053 1838 3171 1925 vico
3202 1838 3457 1932 Allatius,
3488 1868 3561 1922 De
3583 1838 3767 1922 Ἐπιε-

515 1947 745 2012 lumina,
770 1960 823 2003 et
866 1950 1122 2004 dictionis
1155 1951 1377 2020 antiqua
1432 1951 1681 2006 facundia
1704 1991 1719 2015 ,
1754 1960 1808 2004 et
1837 1948 1997 2018 χνοῦς
2020 1948 2104 2017 (ιιι

515 2056 631 2096 rem
659 2042 824 2095 verbo
848 2042 1156 2110 expediant)
1189 2044 1437 2113 ἀρχαῖος.

516 2152 660 2239 Ideni
688 2155 898 2219 ibidem,
922 2164 1039 2225 post
1080 2156 1302 2238 allatum
1353 2157 1521 2212 Vossii
1554 2162 1616 2211 de
1656 2153 1842 2208 Nicen:
1867 2140 2099 2207 irstimo-

1221 2243 1388 2281 mum.

585 2337 699 2394 Nec
749 2340 854 2395 alia
909 2340 1013 2396 dici
1070 2335 1303 2411 possunt
1361 2343 1429 2396 de
1477 2343 1739 2414 Gregora,
1774 2341 1865 2410 qui
1916 2351 2095 2392 tamen

515 2427 756 2488 dictione
788 2449 884 2490 sua
913 2435 1177 2505 placidior
1207 2435 1344 2491 ﬂuit.

2208 1964 2301 2016 sia:
2338 1961 2608 2018 Occiderit.
2636 1971 2687 2016 et
2729 1961 2933 2018 Orient.
2962 1977 3110 2032 ρει-ρ.
3154 1976 3299 2014 cons.
3326 1977 3380 2028 ρ.
3411 1957 3516 2012 800
3535 2000 3550 2022 ,
3594 1958 3790 2012 Petrus

2210 2052 2478 2117 Pessinus,
2526 2055 2583 2107 in
2620 2052 2832 2123 Litteris
2873 2052 2943 2106 ad
2991 2052 3281 2115 Lectorem,
3309 2050 3545 2121 praeﬁxis
3598 2052 3785 2105 Histo-

2206 2149 2301 2200 ria:
2331 2145 2763 2227 Pacligmeriana:
2781 2144 3073 2201 Andronici
3084 2142 3209 2199 Sen.
3230 2141 3563 2203 Passerinus.
3589 2139 3784 2196 Gesne-

2194 2255 2318 2298 .tms,
2353 2236 2595 2305 Mimas,
2643 2236 2909 2301 Hankius,
2968 2234 3311 2290 Whartonus.
3361 2233 3495 2287 Lud.
3548 2237 3637 2287 Et.
3697 2231 3784 2286 Du

2205 2329 2352 2391 Pin.,
2376 2340 2489 2386 etc.

3443 2472 3470 2485 δ

1326 2779 1435 2839 ΑΙ)
1489 2780 2002 2841 MAGNIFICUM
2055 2780 2154 2840 ET
2192 2777 2671 2841 GENEROSUM
2719 2778 2992 2848 VIRU“,

1552 2924 1559 2929 ’
1613 2932 1690 2991 D.
1750 2928 2179 2991 ANTONIUM
2229 2925 2689 3002 FUGGERUM,
2979 2921 2982 2924 ’

755 3094 1175 3139 κιῆοιιριῑιιολε
1216 3094 1292 3137 ΕΤ
1338 3092 1832 3147 WEISSENHORNI
1881 3090 2087 3139 DOMIN

2209 3128 2210 3135 η
2248 3090 2562 3137 CESABEE
2587 3088 2924 3135 MAJESTATI
2964 3092 2999 3132 Α
3041 3088 3361 3145 CONSILIIS,
3403 3088 3537 3132 ETC.

588 3396 706 3453 Non
739 3399 989 3466 equidem
1023 3397 1141 3452 sine
1176 3406 1383 3463 mente,
1409 3410 1555 3464 reor,
1584 3396 1705 3452 sine
1741 3397 1967 3454 numine
1995 3398 2081 3454 di-
2112 3405 2158 3466 α
2191 3402 2414 3460 Latinos
2457 3404 2842 3468 nominarunt,
2874 3417 2906 3455 a
2960 3400 3162 3470 quibus
3204 3396 3308 3469 ipsi
3366 3405 3558 3451 contra
3601 3393 3781 3450 Graeci

517 3504 646 3544 vum
679 3489 763 3561 (ut
785 3487 994 3559 Virgilii
1026 3489 1208 3544 verbis
1228 3490 1375 3552 utar)
1392 3491 1473 3543 sic
1501 3491 1721 3556 accidit,
1748 3491 1839 3546 Vir
1861 3491 2097 3561 Amplis-

514 3582 673 3646 sime,
731 3591 791 3637 ut
853 3593 943 3637 tua
1001 3581 1280 3652 praestanti
1338 3582 1685 3649 liberalitate,
1737 3592 1792 3639 et
1837 3584 2097 3656 singulari

512 3673 741 3729 Joannis
766 3676 1203 3728 Dorenschwami
1233 3674 1523 3743 industria,
1543 3676 1895 3746 Byzantinam
1922 3676 2096 3731 histo-

514 3766 653 3819 riam
689 3783 716 3818 a
747 3765 1110 3820 Constantino
1144 3764 1331 3836 Magno
1366 3782 1536 3836 usque
1566 3772 1632 3823 ad
1672 3768 2094 3823 Constantinum

514 3867 874 3928 postremum,
918 3873 948 3909 a
978 3855 1184 3911 Graecis
1220 3857 1552 3927 descriptam
1587 3858 1920 3921 hominibus,
1960 3858 2098 3913 inte-

516 3963 668 4018 grain
700 3958 758 4003 et
778 3948 1074 4016 perlectam
1108 3948 1456 4005 haberemus.
1499 3949 1611 4004 Etsi
1637 3951 1780 4004 enim
1808 3951 1955 4006 illius
1978 3950 2096 4020 epi—

519 4050 680 4093 tomae
716 4041 959 4107 quaedam
1005 4048 1244 4106 exstant,
1279 4042 1477 4110 partim
1509 4056 1539 4094 a
1573 4039 1783 4094 Latinis
1824 4041 2100 4112 scriptori-

517 4135 621 4186 bus
644 4131 824 4195 editae,
850 4133 1046 4201 partim
1073 4148 1139 4188 ex
1172 4133 1257 4187 his
1304 4133 1505 4187 nostris
1558 4133 1875 4188 auctoribus
1908 4134 2098 4189 decer-

520 4232 624 4292 ptae
654 4240 668 4274 :
700 4231 878 4276 tamen
926 4223 1099 4293 (lynci
1149 4222 1357 4277 certius
1402 4232 1458 4277 et
1504 4221 1684 4278 fusius
1733 4224 1992 4295 pleraque
2042 4225 2094 4278 in

517 4311 743 4368 Oriente
776 4323 924 4385 gesta
955 4314 1386 4383 descripserunt.
1410 4330 1532 4383 quae
1557 4316 1631 4370 illi
1659 4316 1744 4371 vix
1760 4318 2095 4387 attigerunt:

518 4403 797 4474 tnultaque
829 4403 1093 4469 referunt,
1128 4403 1340 4459 Latinis
1364 4404 1473 4460 illis
1515 4406 1599 4460 vel
1628 4406 1786 4474 plane
1823 4404 2098 4477 incognita

519 4498 602 4551 vel
633 4498 700 4551 de
751 4497 1018 4551 industria
1075 4498 1342 4569 neglecta,
1391 4499 1538 4570 quod
1582 4514 1647 4555 ea
1687 4501 1868 4555 minus
1916 4501 1983 4555 ad
2038 4517 2097 4555 sc

519 4589 794 4657 pertinere
825 4601 1084 4660 putarent
1134 4606 1149 4644 :
1206 4592 1352 4645 sicut
1387 4600 1444 4645 et
1492 4590 1666 4646 Graeci
1719 4591 1959 4647 vicissim
2010 4608 2098 4647 res

517 4680 574 4734 in
626 4678 922 4735 Occidente
969 4690 1151 4751 gestas
1188 4696 1392 4751 parum
1447 4690 1736 4737 curarunt.
1792 4682 1927 4736 Nam
1971 4698 2094 4738 cum

2199 3493 2547 3550 dicebantur.
2578 3493 2654 3549 Ut
2681 3493 2844 3562 igitur
2875 3506 2963 3545 res
3002 3490 3056 3543 in
3088 3488 3382 3545 Occidente
3405 3476 3592 3558 gestae,
3618 3499 3650 3539 e
3676 3483 3785 3539 La-

2200 3577 2332 3633 tinis
2378 3596 2395 3633 :
2449 3579 2530 3634 sic
2581 3593 2705 3648 quae
2737 3578 2792 3633 in
2845 3578 3071 3632 Oriente
3103 3577 3463 3647 contigerunt,
3503 3589 3534 3630 e
3573 3572 3782 3641 διψάς

2200 3670 2403 3732 rectius
2445 3677 2725 3740 petuntur.
3566 3736 3569 3739 Α

2268 3757 2765 3831 Fateor.equidem,
2793 3763 2863 3816 ad
2893 3760 3159 3815 Zonaram
3184 3756 3616 3813 convertendutn
3640 3770 3782 3826 prae-

2203 3852 2347 3917 miis,
2376 3869 2406 3907 a
2441 3861 2494 3907 te
2528 3853 2851 3925 propositis,
2895 3868 3071 3923 eoque
3103 3860 3348 3919 tempore
3396 3848 3530 3903 mihi
3576 3862 3776 3918 perop-

2201 3945 2475 4013 portunis,
2514 3945 2673 3998 initio
2703 3945 2998 4000 excitatum
3047 3958 3133 3996 me
3165 3942 3333 3996 fuisse
3374 3934 3576 4010 potius,
3610 3955 3776 4008 quam

2198 4046 2415 4115 meapte
2451 4036 2729 4091 voluntate
2767 4035 3066 4089 accessisse
3098 4052 3110 4087 :
3148 4049 3256 4088 non
3302 4042 3410 4087 tam
3441 4031 3682 4086 laborum
3721 4040 3782 4086 et

2199 4128 2574 4183 molestiarum
2609 4127 2753 4198 luga,
2778 4126 2976 4196 quibus
3011 4127 3083 4179 ita
3128 4133 3240 4178 tum
3277 4138 3495 4194 quoque
3520 4136 3782 4177 assueve-

2200 4238 2335 4284 ram,
2389 4230 2446 4275 ut
2492 4221 2687 4291 ignavo
2736 4222 2847 4274 otio
2903 4219 3039 4273 nihil
3091 4219 3224 4273 mihi
3279 4226 3426 4273 esset
3466 4215 3776 4282 molestius,

2198 4331 2359 4385 quam
2396 4314 2618 4384 privatis
2673 4314 2806 4367 meis
2859 4312 3075 4385 studiis,
3123 4311 3165 4365 si
3213 4309 3339 4379 quid
3388 4309 3609 4363 daretur
3650 4308 3776 4371 otii,

2201 4407 2418 4463 fruendi
2452 4418 2507 4461 et
2551 4406 2866 4461 diuturnam
2902 4407 3059 4475 quasi
3110 4402 3256 4457 sitim
3309 4402 3473 4456 varia:
3523 4399 3779 4455 lectionis

2199 4498 2571 4570 rcstingneudi
2620 4497 2939 4566 cupiditate.
2974 4494 3082 4549 Sed
3109 4510 3233 4548 cum
3271 4509 3302 4548 e
3346 4492 3574 4548 Zonaras
3626 4492 3780 4546 velut

2199 4590 2430 4646 salebris
2479 4591 2774 4650 eluctatus.
2821 4589 2875 4643 in
2908 4588 3108 4643 Niceta:
3150 4586 3456 4643 Acominati
3495 4584 3782 4640 Clioniata:

2203 4674 2482 4744 planitiem
2533 4687 2587 4730 et
2615 4677 2768 4745 quasi
2805 4676 2971 4731 variis
3009 4675 3251 4731 ﬂosculis
3300 4675 3582 4730 vernantis
3621 4683 3778 4742 prata

517 4768 777 4839 princeps
805 4769 1020 4838 imperii
1043 4770 1204 4825 sedes
1230 4769 1567 4841 Byzantium,
1596 4782 1717 4840 quae
1751 4789 1780 4824 a
1810 4772 2095 4826 conditore
2128 4772 2170 4826 lt
2199 4770 2565 4836 pervenissem
2604 4785 2617 4820 :
2658 4766 2937 4836 iucundus
2982 4768 3114 4821 mihi
3163 4766 3346 4836 potius
3387 4781 3549 4835 quam
3590 4764 3775 4836 gravis

517 4856 699 4923 potius
746 4872 908 4925 quam
964 4856 1355 4924 instauratore,
1395 4876 1499 4913 non
1543 4870 1754 4915 tantum
1791 4861 2101 4917 Constanti-

519 4946 754 5014 nopolis.
812 4948 910 5003 sed
950 4960 1005 5004 et
1046 4965 1184 5003 nova
1246 4952 1604 5007 Ruinadicta
1658 4951 1782 5017 fuit,
1841 4953 2098 5008 translata

517 5050 663 5094 emet
693 5057 707 5092 :
745 5041 1006 5109 paulatim
1039 5052 1197 5098 vetus
1225 5042 1396 5098 Itoma
1429 5035 1553 5099 cur?)
1588 5045 1838 5099 tinitimis
1873 5046 2096 5111 provin-

518 5129 619 5184 ciis
648 5146 676 5184 a
712 5132 877 5186 lOtiUS
927 5133 1139 5203 imperii
1172 5136 1331 5203 quasi
1377 5150 1610 5205 corpore
1637 5136 1848 5198 avulsa,
1901 5137 2095 5206 partim

519 5222 894 5290 pontiﬁcibus,
936 5227 1134 5295 partim
1174 5227 1384 5297 exteris
1416 5228 1730 5284 nationibus
1761 5231 1960 5298 paruit.
1998 5230 2100 5281 Se-

517 5327 644 5370 cuta
676 5328 805 5370 sunt
845 5317 1044 5373 deinde
1077 5318 1243 5373 etiam
1278 5319 1561 5390 religionis
1589 5319 1838 5384 dissidia,
1870 5330 2102 5376 conten-

521 5408 718 5476 tiones,
755 5410 987 5474 insidiae,
1015 5423 1203 5481 aperta
1234 5411 1395 5475 bella,
1426 5420 1477 5464 et
1500 5412 1730 5467 diversa:
1750 5413 1912 5469 ctiam
1945 5429 2098 5466 uiroc

519 5515 750 5571 rumque
791 5501 1116 5570 papulorum
1170 5501 1582 5571 appellationes.
1636 5502 1767 5557 Nam
1818 5502 2095 5575 Byzantini

518 5604 576 5643 se
615 5589 909 5654 Romanos,
966 5600 1021 5646 et
1074 5606 1205 5647 suos
1259 5594 1536 5663 principes
1605 5593 1893 5664 Ῥωμαίων
1943 5598 2097 5664 βαι-

519 5680 666 5744 λέας,
702 5690 927 5736 ctetcros
973 5691 1156 5737 autem
1193 5682 1541 5739 Christianos
1571 5687 1803 5757 populos
1827 5696 1882 5741 et
1917 5702 2093 5757 reges,

438 5810 457 5821 ι
521 5775 615 5843 qui
663 5774 966 5830 Romanum
1015 5775 1323 5846 pontiﬁcem
1363 5780 1748 5850 agnoscebant,
1787 5780 2095 5862 prondscuc

1492 5960 1523 5981 Ι

2198 4877 2321 4917 esse
2345 4862 2497 4916 labor
2518 4860 2984 4931 interpretationis
3002 4860 3092 4915 ille
3117 4860 3303 4929 cmpit,
3328 4875 3451 4915 cum
3478 4859 3549 4913 ob
3580 4858 3780 4911 dictio-

2199 4968 2324 5007 nem
2357 4951 2618 5007 fusiorem
2648 4961 2702 5007 et
2731 4952 3059 5029 planiorem,
3078 4962 3148 5007 et
3177 4968 3323 5023 saepe
3350 4968 3459 5007 non
3483 4952 3781 5007 infeliciter

2197 5044 2568 5099 luxuriantem
2601 5062 2617 5097 :
2646 5052 2761 5097 tum
2791 5058 2922 5098 vero
2945 5054 3170 5115 propter
3196 5059 3384 5099 earnm
3420 5044 3779 5099 historiarum

2200 5134 2593 5204 cognitionem,
2620 5149 2759 5204 quas
2794 5135 2992 5205 partim
3043 5150 3149 5191 non
3178 5135 3315 5192 satis
3352 5145 3617 5199 tenerem,
3649 5149 3781 5205 par-

2200 5226 2295 5280 tim
2325 5225 2480 5293 plane
2507 5225 2837 5295 ignorarem.
3102 5243 3115 5269 κ

2272 5317 2391 5382 Quo
2420 5333 2588 5387 opere
2610 5319 2888 5379 absoluto.
2917 5334 3042 5373 cum
3072 5335 3184 5374 nun
3222 5328 3328 5375 tam
3364 5320 3663 5392 gauderem
3692 5336 3782 5375 me

2204 5408 2353 5480 gravi
2388 5424 2556 5464 onere
2597 5406 2858 5473 levatum,
2891 5427 3052 5480 quam
3096 5412 3150 5465 in
3191 5414 3364 5465 uestio
3409 5410 3577 5464 veluti
3613 5426 3777 5467 cursu

2204 5502 2526 5558 destitutum
2578 5503 2842 5563 dolerem.
2891 5520 3000 5573 quo
3052 5504 3233 5556 minus
3264 5511 3560 5559 extremam
3612 5504 3783 5559 totius

2206 5594 2451 5650 historia:
2496 5605 2698 5668 metant
2750 5596 3074 5665 attingerent
3120 5611 3135 5647 ;
3171 5608 3298 5646 ecce
3332 5603 3530 5663 praeter
3561 5614 3629 5645 tm
3656 5610 3781 5648 nem

2203 5686 2669 5754 cxspcctationcm
2705 5702 2734 5738 a
2763 5698 2815 5740 te
2861 5685 3087 5740 oﬂertur
3122 5683 3463 5755 Niccpliorns
3487 5684 3785 5754 Gregoras,

2203 5779 2294 5851 qui
2331 5780 2396 5836 ab
2430 5781 2561 5834 urbe
2603 5796 2631 5833 ει
2686 5777 2903 5834 Venetis
2958 5788 3010 5833 et
3041 5777 3303 5833 Bulduino
3344 5776 3577 5832 Flamer
3623 5791 3792 5848 capta
