4010 6214
222 276 276 332 ΒῙ

222 394 440 432 exorsus
470 379 756 434 historiam
787 397 1053 439 annorum
1081 386 1312 458 “5(88)
1340 391 1407 445 ad
1441 409 1593 446 suam
1623 411 1795 463 usque

222 485 449 535 :etatem,
483 485 536 526 et
594 474 885 531 Andronici
943 472 1232 552 Palaeol'ogi
1268 484 1509 549 junioris
1558 489 1788 550 obitum,

223 565 445 630 eleganti
479 565 618 636 stylo
655 567 984 639 descriptam
1025 573 1178 626 nobis
1208 573 1361 628 dedit
1399 592 1412 628 :
1451 577 1631 644 itaque
1663 595 1793 646 snp-

224 657 379 730 plevit
403 671 465 711 ea
493 674 616 726 qua:
653 658 949 729 reliquerat
979 661 1303 730 Chouiates,
1352 677 1409 720 ut
1445 666 1535 722 hic
1566 667 1791 724 Zonara:

223 765 363 804 suam
395 750 768 804 narrationem
797 761 1124 808 attexuerat.

282 843 544 896 Caeterum
577 852 632 896 et
690 841 778 896 hic
831 843 972 899 idem
1026 847 1172 917 quod
1229 848 1283 902 in
1336 848 1604 906 Choniate
1648 853 1784 907 mihi

222 953 332 989 cum
367 935 678 999 accidisset,
714 950 818 990 nec
848 936 1028 992 vicina
1067 920 1410 1010 temporibus
1444 943 1655 998 nostris
1685 943 1790 1016 By-

222 1027 513 1081 zantiorum
565 1036 686 1080 acta
728 1037 923 1082 auctor
971 1029 1062 1083 ille
1116 1031 1433 1102 attigisset:
1467 1036 1791 1106 nullumque

219 1120 455 1172 Graecum
491 1118 812 1187 scriptorem
861 1129 1107 1185 exstare,
1156 1133 1251 1176 aut
1304 1135 1454 1180 certe
1504 1127 1636 1182 mihi
1668 1145 1789 1184 esse

219 1213 483 1279 cognitum
519 1211 788 1276 dolerem,
822 1211 914 1281 qui
947 1220 1149 1266 caztera
1184 1231 1355 1284 usque
1408 1219 1474 1272 ad
1522 1219 1792 1275 Constan-

219 1305 478 1372 tinopolin
508 1321 536 1358 a
575 1304 769 1358 Turcis
816 1316 1162 1377 occupatam,
1213 1320 1268 1364 et
1315 1311 1608 1382 imperium
1643 1317 1792 1371 Cra:-

218 1413 400 1451 corum
436 1416 464 1450 a
507 1398 808 1452 alahomete
863 1415 1087 1468 prorsus
1129 1417 1381 1458 eversum
1431 1423 1790 1478 persequere.

219 1497 299 1540 tur
335 1503 351 1540 :
383 1489 662 1541 commode
709 1503 738 1541 a
770 1489 1072 1546 clarissimo
1107 1492 1225 1549 viro
1262 1493 1330 1548 D.
1361 1493 1611 1567 Philippo
1637 1499 1790 1554 Gun-

216 1575 370 1641 delio,
406 1575 700 1632 Viennensi
744 1579 1164 1646 jurisconsulto.
1213 1585 1279 1639 ad
1333 1603 1418 1642 me
1459 1590 1657 1644 missus
1704 1601 1791 1646 est

216 1668 474 1725 Laonicus
503 1669 990 1744 Chalcoeondyles,
1021 1691 1153 1745 quo,
1185 1687 1290 1732 uta
1314 1679 1629 1751 fatigatione
1659 1700 1790 1739 con-

215 1761 472 1815 rersionis
502 1762 756 1816 nonnihil
806 1765 1240 1834 acquiescerent,
1291 1771 1447 1825 avide
1499 1788 1781 1842 percurso,

214 1856 515 1924 plane‘mihi
545 1856 887 1911 satisfactum
913 1873 1036 1914 esse
1065 1862 1296 1930 cognovi
1334 1880 1346 1916 :
1381 1873 1542 1932 atque
1570 1867 1620 1919 in
1657 1882 1777 1922 eam

216 1946 536 2000 sententiam
571 1962 689 2000 sum
737 1947 1031 2012 adductus,
1079 1959 1138 2005 ut
1187 1952 1301 2006 fato
1335 1955 1593 2023 quodam,
1633 1960 1777 2027 quod

218 2037 349 2088 initio
386 2037 536 2102 dixi,
570 2036 770 2092 factum
805 2053 926 2093 esse
956 2040 1351 2104 existimarem.
1393 2057 1452 2100 ut
1486 2057 1540 2102 et
1579 2049 1779 2104 libera-

217 2127 346 2182 litate
385 2137 507 2192 tua,
569 2139 624 2183 et
671 2128 1106 2185 Dorenschvvami
1144 2134 1439 2205 Byzantina
1477 2149 1530 2193 et
1580 2141 1778 2196 Asiana

220 2220 672 2290 peregrinatione,
728 2231 784 2276 et
823 2236 946 2277 meo
992 2225 1362 2295 qualicunque
1395 2228 1600 2294 labore,
1637 2231 1780 2286 inte—

219 2325 349 2379 grum
375 2311 554 2365 totius
577 2310 882 2382 Byzantium
910 2313 1164 2372 Historia:
1192 2333 1412 2388 corpus,
1439 2330 1493 2376 et
1525 2325 1778 2380 omnibus

218 2416 360 2472 πορθ
404 2405 658 2460 numeris
695 2406 811 2460 suis
851 2407 1182 2476 absolutum,
1221 2413 1426 2466 nostris
1463 2415 1777 2473 hominibus

217 2504 601 2562 proponeretur
632 2513 647 2550 :
680 2497 836 2566 cujus
866 2497 1027 2553 lectio
1057 2515 1164 2555 non
1193 2509 1300 2556 tam
1331 2505 1593 2574 jucunda,
1616 2522 1777 2576 quam

214 2582 450 2639 salutaris
474 2596 645 2652 esset,
691 2589 735 2642 si
763 2589 798 2642 ii
831 2591 922 2660 qui
957 2607 1148 2646 rerum.
1185 2596 1493 2664 potiuntur,
1548 2614 1614 2654 ex
1650 2599 1781 2654 alie-

217 2676 289 2730 nis
318 2680 565 2746 peccatis
601 2695 700 2735 sua
739 2685 1034 2740 emendare
1064 2698 1415 2743 conarentur.
1454 2688 1598 2744 Idem
1631 2692 1777 2746 enim

214 2767 386 2833 hostis,
424 2771 524 2840 qui
559 2772 749 2828 beatas
780 2774 908 2828 οΙίιιι
943 2777 1087 2832 Asia:
1126 2787 1180 2832 et
1211 2777 1432 2834 Grzecitc
1465 2782 1778 2851 provincias

213 2864 489 2928 oppressit,
527 2865 778 2926 vastavit.
813 2871 1029 2934 evertit,
1057 2873 1256 2925 nostris
1285 2871 1446 2924 etiam
1473 2874 1778 2929 cervicibus

215 2951 490 3007 imminet:
537 2965 594 3008 et
637 2965 881 3011 extrema
937 2975 1165 3030 qumque
1216 2962 1330 3016 orbi
1363 2962 1692 3029 Christiano,
1725 2975 1780 3020 et

216 3041 634 3100 internecionem
667 3049 940 3120 religioni,
975 3051 1176 3108 frustra
1212 3054 1286 3107 illi
1312 3055 1531 3124 quidem
1579 3063 1778 3127 (neque

215 3137 344 3191 enim
391 3138 603 3194 Christi
657 3140 964 3198 Servatoris
1014 3144 1186 3199 nostri
1245 3148 1491 3216 potentia
1525 3148 1780 3203 humanis

214 3230 361 3282 armis
390 3232 535 3285 vinci
572 3243 794 3302 potest),
822 3234 916 3289 sed
953 3236 1111 3292 nobis
1142 3253 1250 3292 nou
1281 3238 1400 3293 sine
1426 3239 1648 3308 capitali
1682 3257 1780 3310 pe-

216 3319 372 3376 riculo
408 3324 648 3376 minatur
683 3341 698 3378 :
729 3334 785 3380 et
813 3317 898 3381 ita
930 3327 1190 3394 minatur,
1227 3338 1284 3382 ut
1323 3329 1426 3385 hoc
1455 3330 1781 3386 Christiana:

216 3419 520 3486 reipublicae
566 3427 708 3472 statu
736 3420 919 3488 (quem
950 3420 1034 3474 vel
1083 3420 1208 3474 mali
1243 3422 1442 3476 ominis
1489 3438 1653 3477 causa
1700 3425 1780 3476 vi-

216 3511 374 3572 tandi,
401 3511 489 3564 vel
520 3527 589 3564 uc
614 3512 706 3581 qui
738 3526 798 3566 se
834 3511 1128 3584 perstringi
1158 3522 1374 3582 putent,
1409 3530 1534 3569 cum
1569 3515 1779 3586 Byzan—

215 3603 318 3656 tino
367 3604 510 3657 haud
560 3603 806 3673 confero)
843 3604 1004 3658 minae
1059 3605 1178 3674 ejus
1222 3621 1250 3655 a
1306 3608 1524 3660 neutine
1555 3611 1778 3662 cordato

211 3695 481 3747 contemni
530 3706 750 3763 queant.
801 3695 897 3748 Sin
945 3697 1112 3766 aliqui
1161 3696 1234 3750 ita
1267 3706 1512 3767 stupent,
1558 3709 1611 3752 ut
1664 3701 1781 3754 lucc

210 3793 299 3834 aut
331 3798 443 3836 nun
472 3783 768 3854 intelligant
796 3801 810 3838 :
835 3794 948 3846 aut,
976 3785 1018 3840 si
1045 3786 1377 3857 intelligunt,
1411 3805 1518 3842 non
1545 3800 1774 3843 cut-ent:

210 3886 316 3937 aut,
340 3877 385 3930 si
417 3887 630 3938 curant,
653 3893 756 3931 non
787 3877 844 3931 in
875 3891 942 3934 eo
973 3895 1072 3948 pro
1099 3880 1240 3934 virili
1269 3882 1569 3948 elaborent,
1599 3886 1779 3936 omni-

209 3965 304 4021 bus
337 3969 569 4038 privatis
607 3971 1050 4026 contentionibus
1085 3972 1326 4035 omissis,
1378 3982 1436 4027 ut
1484 3975 1778 4028 incolumi-

212 4059 296 4112 tati
351 4070 550 4113 nostrre
598 4063 962 4116 consulatur:
1001 4063 1226 4117 evidens
1278 4063 1669 4134 indignationis
1700 4067 1779 4120 ei-

210 4150 340 4203 vinaz
369 4157 558 4205 eontra
577 4167 696 4215 nos,
727 4162 782 4207 et
804 4155 1046 4224 urgentis
1076 4155 1279 4209 scelera
1298 4167 1480 4210 nostra
1503 4160 1774 4224 vindictae,

209 4242 340 4308 quod
372 4253 565 4296 auctor
601 4244 687 4296 hic
718 4251 903 4296 noster
937 4246 1129 4299 crebro
1164 4247 1435 4315 queritur,
1483 4264 1778 4318 argument.

213 4340 312 4383 tum
341 4333 390 4386 id
427 4349 548 4387 esse
580 4333 850 4388 videatur.

275 4428 531 4496 Equidem
556 4429 700 4483 inter
729 4430 1154 4484 convertendum
1181 4433 1280 4486 hos
1306 4433 1625 4500 scriptorcs,
1647 4448 1770 4488 cum

210 4520 267 4571 ad
294 4520 685 4588 imperatorum
723 4521 776 4574 in
813 4522 1088 4592 fungendo
1129 4540 1358 4578 munere
1408 4525 1770 4585 oscitantiam,

213 4616 545 4666 tnac'tatem
577 4613 631 4666 in
663 4615 1008 4675 necessariis,
1042 4616 1389 4683 profusiones
1417 4615 1468 4670 in
1512 4633 1773 4687 superva-

214 4704 335 4765 ruis.
367 4715 425 4758 ct
457 4707 712 4759 intestina
746 4706 918 4772 bella;
979 4723 1261 4776 procerum
1303 4723 1434 4762 vero
1477 4717 1532 4761 et
1574 4709 1774 4764 ducum

124 4818 136 4836 κ
211 4799 479 4863 perfidiam
511 4814 574 4852 ac
630 4799 1014 4863 temeritatem,
1053 4799 1430 4872 religiosorum
1475 4802 1773 4867 in‘scitiam,

209 4898 254 4937 et
286 4889 350 4942 de
398 4891 519 4942 lana
550 4891 768 4958 caprina
803 4891 966 4952 rixas,
993 4890 1286 4959 populique
1330 4891 1684 4960 petulantiam
1717 4903 1772 4948 et

208 4980 490 5048 ignaviam,
509 4984 752 5035 euntium
773 4982 1008 5050 denique
1027 4983 1280 5036 ordinum
1300 4995 1542 5038 extrema
1579 4987 1775 5053 probra

209 5073 567 5128 Derveuissem
599 5092 612 5127 ;
644 5065 942 5142 contraque
963 5071 1269 5128 Turcorum
1303 5078 1562 5143 majorem
1588 5076 1770 5140 fidem,

208 5159 470 5224 majorem
500 5163 890 5233 tctegritatem,
947 5161 1350 5226 fortitudinem,
1403 5165 1770 5232 clementiam,

211 5255 427 5308 virtutes
443 5255 686 5324 ipsorum
708 5257 941 5324 hostium
955 5257 1144 5328 elogiis
1156 5259 1256 5312 celi
1277 5259 1478 5324 bratas,
1493 5260 1771 5327 legissem:

211 5346 272 5395 ita
301 5361 419 5399 sum
451 5348 635 5400 animo
677 5357 1002 5413 commotus,
1040 5359 1096 5403 ut
1119 5348 1326 5403 Turcos
1350 5352 1580 5419 imperio
1616 5352 1774 5420 longe

208 5433 471 5502 digniores
497 5436 796 5504 judicarem
834 5456 846 5491 :
880 5450 934 5492 et
964 5440 1150 5494 faccem
1194 5456 1256 5494 ac
1304 5443 1575 5495 sentinam
1627 5441 1769 5494 illam

208 5526 531 5580 nelariorum
589 5528 868 5582 hominum
913 5540 1018 5584 tam
1068 5531 1160 5585 diu
1209 5530 1374 5586 fuisse
1411 5531 1765 5599 incolumem,

271 5709 381 5775 (ss;
421 5710 530 5763 Non
575 5711 691 5775 liti,
724 5713 818 5766 sed
853 5713 966 5767 137.
1183 5744 1199 5770 ι

1309 278 1628 340 HIERON.
1678 279 1961 339 WOLFII
2007 282 2426 345 PREFATIO.

3416 287 3485 347 98

1827 399 1867 452 Α
1899 409 1998 447 nec
2053 394 2213 448 citius
2269 399 2586 464 oppressam
2622 410 2766 462 esse,
2821 397 3053 451 mirarer
3093 399 3272 468 potius
3320 417 3484 470 qttam

1899 485 2217 541 miserarer.
2274 486 2382 540 Etsi
2439 487 2507 539 ad
2567 489 3103 542 eommiserationem
3152 489 3335 545 clades
3379 492 3486 547 illa:

1895 585 1950 629 et
1998 577 2370 636 florentissimi
2411 579 2890 648 potentissimique
2943 581 3215 648 quondam
3273 584 3481 651 imperii

1883 668 2073 732 suina,
2123 678 2177 721 et
2227 669 2559 723 Christiana:
2609 670 2884 739 religionis
2932 686 2962 725 e
3003 679 3083 726 tot
3133 673 3484 737 amplissimis

1893 757 2190 828 provinciis
2224 758 2549 828 proﬂigatio,
2580 760 2660 812 vel
2684 776 2810 813 saxa
2837 776 3187 816 commovere
3217 764 3430 831 possint
3463 781 3476 816 :

1894 857 2114 904 nostros
2159 859 2344 903 autem
2389 851 2661 909 homines.
2715 851 2879 904 simili
2923 861 3070 906 statu
3119 869 3322 918 rerum,
3379 871 3482 910 nec

1895 940 2109 994 illorum
2160 940 2566 1004 misericordia,
2600 957 2702 996 nec
2734 943 2928 996 similis
2963 943 3116 998 exitii
3152 955 3297 1000 metu
3329 963 3481 1001 com-

1894 1031 2098 1086 moveri
2147 1033 2218 1086 sit
2268 1032 2624 1086 mirandum:
2661 1048 2761 1087 nec
2815 1033 3216 1102 desperandum
3266 1046 3476 1102 tamen,

1892 1122 2010 1179 fore
2043 1124 2264 1185 inultos,
2295 1122 2387 1191 qui
2420 1123 2503 1177 his
2540 1138 2650 1176 non
2683 1125 2844 1177 modo
2875 1125 2940 1178 ad
2975 1126 3331 1195 voluptatem,
3379 1129 3476 1184 sed

1892 1215 2059 1268 etiam
2082 1215 2148 1268 ad
2177 1215 2448 1284 publicam
2483 1216 2768 1270 utilitatem
2805 1217 3070 1286 legendis,
3111 1229 3261 1273 tuum
3297 1225 3478 1276 consé.

1896 1307 2024 1359 lium
2053 1305 2346 1365 laudaturi,
2365 1315 2419 1359 et
2442 1308 2585 1361 inter
2604 1318 2795 1362 eictera
2821 1319 3144 1363 ornamenta
3168 1327 3328 1379 quam
3359 1312 3479 1380 plu-

1893 1396 2029 1449 rima
2046 1397 2385 1450 numeraturi
2407 1397 2537 1461 sint,
2563 1397 2652 1464 qui
2673 1397 2866 1451 illustri
2885 1412 3237 1454 monumento
3250 1404 3479 1468 posteris

1891 1488 2057 1542 etiam
2091 1488 2399 1542 consultum
2432 1489 2668 1543 volueris
2690 1505 2703 1542 :
2725 1502 2780 1544 et
2811 1491 3104 1545 multorum
3134 1495 3369 1559 animos,
3391 1495 3477 1550 his

1891 1575 2258 1648 operibus'in
2307 1577 2586 1647 publicum
2619 1578 2798 1642 editis,
2854 1579 2917 1630 ad
2968 1581 3154 1648 patria:
3203 1580 3478 1634 defensio.

1892 1685 2016 1725 nem
2063 1671 2273 1740 majore
2312 1670 2492 1725 studio
2527 1670 2924 1738 suscipiendam
2957 1673 3234 1725 excitaris.

1819 1764 1860 1820 Β
1959 1761 2138 1830 Atque
2175 1762 2287 1816 haec
2327 1763 2394 1817 de
2445 1763 2698 1817 historia.
2758 1761 2833 1817 De
2879 1774 3103 1817 auctore
3149 1781 3255 1818 non
3289 1765 3473 1820 mults

1889 1862 1974 1906 est
2017 1867 2176 1922 opus.
2234 1852 2368 1907 Nam
2415 1870 2524 1924 quo
2577 1855 2813 1926 ingenio,
2863 1856 3130 1914 doetrina.
3197 1857 3470 1921 facundia,

1890 1946 2220 1999 auctoritate
2248 1947 2390 2016 apud
2422 1962 2548 2001 suos
2579 1947 2761 2010 fuerit,
2801 1948 2915 2017 ipse
2955 1949 3168 2002 abunde
3210 1947 3469 2003 declarat.

1889 2034 2062 2100 Quem
2113 2052 2238 2090 cum
2292 2053 2352 2092 ea
2388 2054 2510 2108 qua:
2543 2038 2611 2092 de
2645 2037 2908 2092 Michaele
2947 2038 3251 2110 Palrcologo
3299 2057 3473 2108 usque

1889 2129 1954 2179 ad
1988 2126 2373 2184 Catelanorum
2411 2130 2478 2183 ab
2513 2131 2827 2184 Andronico
2858 2132 3070 2185 seniore
3108 2132 3471 2186 defectionem

1887 2219 2098 2281 Scribit,
2157 2235 2184 2272 a
2244 2221 2479 2291 Georgio
2530 2219 2890 2291 Pachymerio
2947 2231 3250 2275 mutuatum
3306 2238 3470 2290 esse,

1889 2311 2137 2379 atquein
2176 2312 2561 2380 compendium
2611 2313 2890 2380 redegisse
2938 2314 3312 2383 coguovissem
3357 2329 3471 2368 εει

1889 2401 2205 2471 Augustana
2259 2403 2587 2457 bibliotheca
2649 2403 2782 2458 illud
2832 2419 2972 2473 opus
3016 2416 3297 2474 acceptum
3347 2421 3474 2475 per-

1885 2489 1990 2561 legi
2043 2511 2058 2548 :
2118 2502 2171 2547 et
2219 2509 2340 2562 quae
2391 2509 2499 2548 non
2557 2493 2770 2548 inutilia
2817 2495 3162 2560 videbantur,
3212 2508 3470 2566 excerpta

1893 2585 2148 2655 Gregora:
2195 2586 2372 2657 adjeci
2407 2603 2420 2641 :
2455 2603 2545 2649 nc,
2581 2588 2756 2658 quoad
2797 2602 3012 2658 possem
3045 2599 3098 2642 et
3129 2589 3337 2654 liceret,
3376 2605 3470 2644 vo-

1891 2675 2084 2731 luntati
2147 2688 2251 2732 tua:
2279 2687 2449 2748 atque
2500 2678 2683 2733 officio
2713 2695 2836 2733 meo
2880 2681 3150 2735 deessem.
3198 2683 3273 2735 Ac
3313 2671 3480 2751 plura.

1895 2787 2027 2825 sane
2055 2769 2418 2840 collegissem,
2461 2772 2563 2825 nisi
2597 2772 2644 2826 is
2677 2772 2846 2826 Codex
2890 2783 2943 2826 et
2972 2773 3239 2842 principio
3269 2785 3323 2827 et
3365 2779 3470 2830 line

1892 2861 2136 2922 mutilus,
2177 2863 2229 2914 in
2263 2862 2445 2916 medio
2481 2863 2642 2916 etiam
2690 2862 2896 2934 aliquot
2938 2863 3082 2916 foliis
3130 2867 3323 2932 partim
3374 2881 3474 2918 cx-

1891 2955 2074 3014 sectis,
2110 2955 2304 3023 partim
2343 2954 2568 3008 marinis
2600 2954 2856 3010 fluctibus
2904 2958 2984 3027 (ut
3015 2956 3232 3026 opinor)
3281 2961 3466 3011 made-

1891 3049 2068 3112 factis,
2120 3057 2174 3102 et
2227 3049 2423 3102 litteris
2474 3057 2743 3102 vetustate
2795 3050 3254 3113 exolescentibus,
3287 3053 3474 3104 stmlio

1807 3118 1853 3179 ο
1885 3156 2008 3194 meo
2039 3151 2094 3195 et
2114 3141 2287 3196 oculis
2317 3140 2574 3196 diuturna
2610 3139 2725 3196 fere
2757 3151 2812 3195 et
2843 3151 3105 3212 perpetua
3129 3144 3366 3197 lectione
3404 3161 3468 3198 ac

1882 3233 2180 3301 scriptione
2211 3233 2370 3288 fessis
2403 3244 2458 3288 et
2506 3233 2778 3288 hebetatis
2827 3236 3183 3288 vehementer
3218 3217 3476 3289 adversa:
3549 3243 3558 3250 ‘

1885 3331 1970 3376 tus
2018 3332 2184 3384 esset,
2228 3332 2392 3393 atque
2445 3324 2932 3379 incommodassct.
2967 3325 3461 3395 Chalcorondylem

1881 3426 2062 3470 autem
2092 3432 2222 3470 suus
2260 3417 2549 3485 interpres,
2587 3434 2691 3487 qua
2721 3427 2803 3472 est
2839 3417 3086 3470 doctrina
3115 3426 3170 3469 et
3195 3417 3461 3486 eloquen-

1883 3506 1977 3568 tia,
2021 3505 2090 3559 ita
2122 3507 2545 3567 commendabit,
2581 3517 2640 3561 ut
2695 3506 2823 3559 mihi
2861 3506 2991 3558 satis
3019 3520 3166 3558 nunc
3209 3521 3330 3559 esse
3361 3507 3462 3561 de-

1881 3600 2029 3666 beat,
2062 3599 2106 3653 si
2144 3600 2358 3654 labores
2402 3600 2456 3654 hi
2507 3602 2613 3654 mei
2648 3601 2890 3669 arquitati
2927 3609 2978 3652 et
3013 3598 3322 3652 liberalitati
3357 3609 3462 3654 tuae

1881 3692 2253 3746 commendati
2284 3691 2510 3756 fuerint,
2548 3701 2601 3746 et
2645 3691 2881 3761 probati.
2932 3692 3185 3761 Augustzc
3217 3690 3464 3745 Vindeli-

1881 3798 2095 3847 corum,
2129 3785 2389 3854 postridie
2421 3783 2539 3838 Kal.
2576 3781 2843 3849 Januarii,
2882 3783 3010 3837 anni
3044 3801 3071 3836 a
3103 3780 3307 3836 Christi
3334 3783 3466 3836 Ser-

1881 3882 2082 3938 vatoris
2130 3881 2467 3935 humanitate
2501 3881 2660 3943 l559,
2689 3894 2850 3950 quem
2894 3880 2989 3934 tibi
3022 3881 3238 3949 tuisque
3270 3888 3325 3933 et
3359 3879 3460 3933 toti

1884 3985 2152 4030 terrarum
2197 3981 2474 4042 paeatum,
2512 3972 2723 4026 felicem
2767 3986 2829 4025 ac
2877 3971 3136 4032 faustum,
3178 3986 3239 4024 ex
3267 3963 3459 4023 animo

1883 4085 2099 4138 precor.
2121 4049 2277 4123 Faxit
2313 4068 2453 4120 Deus
2483 4046 2621 4138 Opt.
2647 4065 2811 4131 Μυκη
2840 4078 2896 4119 ιιι
2924 4064 3252 4119 Ferdinandi
3293 4055 3457 4133 primi

1881 4161 2130 4231 Augusti,
2161 4160 2504 4230 imperatoris
2548 4175 2610 4213 ac
2663 4157 2870 4213 domini
2923 4158 3098 4212 nostri
3146 4156 3460 4212 clementis-

1881 4251 2029 4315 simi,
2081 4251 2134 4304 iu
2191 4251 2380 4303 urbem
2424 4250 2586 4312 hanc,
2625 4249 2695 4303 ob
2740 4248 3088 4320 gravissimas
3138 4247 3204 4300 de
3246 4246 3458 4315 imperii

1883 4343 2046 4396 rebus
2072 4341 2521 4402 deliberationes,
2557 4341 2838 4412 ingressus
2870 4341 2994 4410 (sub
3023 4339 3072 4392 id
3105 4349 3320 4409 tempus
3350 4355 3458 4408 quo

1807 4464 1849 4518 υ
1883 4433 2050 4502 pacis,
2095 4432 2401 4488 concordia:
2429 4443 2484 4487 et
2520 4434 2691 4487 mutui
2726 4432 2928 4486 amoris
2961 4433 3152 4486 doctor
3183 4441 3237 4484 et
3274 4447 3461 4485 excin-

1877 4528 2026 4595 plum
2057 4525 2308 4579 Christus
2335 4523 2762 4596 Jesus,vpropter
2793 4525 3021 4579 salutem
3047 4524 3267 4578 humani
3296 4539 3462 4594 gent--

1876 4618 1971 4680 ris,
2006 4617 2348 4671 dissimulata
2397 4617 2684 4672 divinitate
2715 4631 2832 4682 sua,
2866 4617 3026 4671 homo
3059 4615 3209 4670 nasci
3239 4614 3458 4679 voluit),

1875 4709 2116 4762 omnium
2168 4709 2498 4779 principum,
2537 4709 2781 4763 omnium
2834 4709 3123 4762 hominum
3177 4705 3390 4758 animos
3424 4721 3454 4759 a

1878 4800 2102 4867 privatis
2134 4801 2531 4870 cupiditatibus
2568 4800 2632 4854 ad
2665 4817 2850 4855 curam
2891 4800 3120 4868 publica:
3170 4797 3388 4858 salutis,
3425 4811 3456 4851 a

1878 4889 2007 4943 luxu
2044 4901 2097 4943 et
2129 4891 2437 4958 corruptela
2471 4905 2681 4943 morum
2737 4893 2802 4944 ad
2852 4889 3206 4943 sobrietatem
3241 4898 3296 4940 et
3331 4886 3456 4941 vita:

1879 4982 2268 5050 integritatem,
2303 4982 2370 5035 ab
2403 4983 2543 5034 odiis
2593 4991 2648 5034 et
2698 4979 3070 5033 simultatibus
3114 4977 3178 5031 ad
3230 4992 3460 5030 concor-

1875 5072 2019 5125 diam
2053 5082 2108 5126 et
2140 5087 2404 5135 amorem,
2452 5088 2480 5125 a
2525 5072 2660 5126 rixis
2695 5081 2748 5126 et
2781 5072 3240 5139 disputationibus
3270 5072 3336 5122 ad
3366 5085 3460 5123 ve-

1879 5180 1998 5217 rum
2030 5165 2236 5219 cultum
2271 5166 2565 5236 religionis,
2601 5181 2631 5219 a
2669 5166 2824 5220 bellis
2857 5175 2908 5218 et
2939 5164 3107 5217 armis
3137 5162 3204 5216 ad
3242 5162 3450 5239 firmam

1875 5263 1928 5309 et
1961 5267 2302 5310 constantem
2345 5273 2532 5326 pacem
2571 5265 2880 5311 convertat.

1947 5351 2118 5420 Cujus
2147 5352 2254 5406 voti
2288 5351 2333 5404 si
2366 5365 2467 5405 nos
2493 5350 2675 5405 divina
2708 5349 3004 5403 liberalitas
3042 5345 3254 5417 (merita
3301 5341 3447 5394 cnim

1875 5457 2058 5498 nostra
2087 5443 2234 5497 nulla
2273 5443 2517 5514 profecto
2553 5444 2750 5515 jactare
2778 5455 3092 5511 possumus,
3132 5452 3233 5490 nec
3270 5435 3451 5488 minus

1875 5535 2078 5605 indigni
2109 5550 2297 5588 sumus
2320 5535 2506 5589 divino
2527 5535 2730 5588 auxilio
2762 5549 2922 5602 quam
2958 5531 3146 5600 indigi)
3171 5540 3456 5599 compotes
