4010 6214
245 340 333 406 illi

1386 303 1710 398 Nomm
1755 338 1854 398 ex
1902 340 2282 404 FABRICIO.

3385 346 3487 412 142

243 461 371 522 rint,
430 465 484 508 ut
526 454 851 508 narrationis
889 462 1162 508 contextus
1186 454 1331 509 nullo
1370 442 1521 508 hiatu
1556 440 1811 522 abruptus
1842 465 1884 518 Α
1915 440 2339 522 υἱερυιαιὶὸηθηι
2371 459 2617 533 Cregora:
2659 479 2785 539 cum
2817 463 2938 518 Nic.
2976 440 3223 540 Cdbusila
3279 476 3328 521 et
3360 485 3490 523 ano-

243 548 333 608 sit,
360 546 451 598 sed
482 543 725 597 omnibus
761 545 1001 613 partibus
1047 556 1164 613 apte
1198 546 1576 599 coha'rentibus
1613 547 1814 614 integer

244 648 291 689 et
315 637 595 689 continuus
612 636 883 703 procedat.
917 635 981 689 Id
1000 636 1247 705 (ἕτεροι-ιε
1269 637 1435 706 ipsius
1456 636 1661 706 judicio
1695 641 1813 705 [ac-

244 742 352 781 tum
385 728 537 781 velim
569 741 588 779 :
619 743 783 798 neque
818 744 849 780 a
882 744 1002 781 vero
1034 728 1307 792 abhorret,
1334 744 1453 780 eum
1486 712 1655 795 primo
1707 730 1816 782 edi-

244 821 404 873 tionis
436 834 619 872 amore
646 820 960 889 refrigerato
992 835 1147 872 suum
1172 834 1301 887 Opus
1332 820 1708 888 recognovisse,
1753 837 1815 873 ac

244 928 325 973 ea,
354 926 473 980 qua:
496 910 798 964 ostentandi
821 910 1016 979 ingenii
1043 925 1205 962 causa
1226 917 1492 973 assuerat,
1520 911 1813 976 monodias,

244 1003 529 1065 orationes,
551 1001 767 1071 aliaque
800 1002 854 1053 id
875 1016 1036 1071 genus
1067 1004 1366 1054 resecuisse.
1405 1000 1596 1054 Vereor
1616 1012 1812 1067 tamen,

244 1105 306 1142 ne
355 1102 404 1144 et
457 1092 641 1160 gloria:
688 1092 848 1159 paulo
887 1092 1091 1145 avidior
1135 1108 1223 1145 eos
1271 1108 1496 1162 pannos,
1531 1094 1587 1146 in
1641 1095 1817 1163 prima

241 1182 526 1248 scriptione
551 1181 793 1243 omissos,
823 1179 1037 1248 repetito
1055 1180 1237 1234 deinde
1254 1197 1406 1250 opere
1422 1171 1813 1241 ~interteamerit.

245 1274 387 1327 Idem
417 1282 679 1341 pncterea
711 1287 842 1326 usus
870 1270 1061 1327 codice
1081 1272 1253 1341 Regio
1279 1272 1441 1336 2078,
1469 1289 1629 1343 quem
1652 1273 1818 1328 libros

242 1364 449 1433 primos
476 1372 711 1432 quatuor
734 1363 1082 1432 complexum
1108 1364 1184 1419 ait
1216 1380 1406 1434 parum
1432 1365 1500 1419 ab
1528 1367 1692 1420 editis
1715 1364 1818 1420 dif-

240 1456 402 1517 ferre,
443 1455 551 1509 nisi
604 1455 747 1523 quod
779 1454 833 1507 in
867 1455 1132 1511 librorum
1193 1465 1247 1509 et
1285 1456 1520 1524 capitum
1551 1456 1818 1511 divisione

239 1547 535 1615 discrepet.
576 1544 859 1600 Monodias
896 1547 1019 1600 libri
1068 1546 1274 1601 decimi
1304 1547 1483 1611 initio,
1537 1549 1819 1619 castigavit

242 1654 306 1691 ex
340 1637 528 1691 codice
560 1637 877 1693 Colbertino
911 1638 1074 1702 4950,
1109 1639 1281 1706 cuius,
1313 1640 1507 1710 inquit.
1552 1644 1698 1695 nobis
1731 1657 1819 1694 co-

241 1734 379 1800 piam
416 1734 545 1797 {ecit
572 1732 651 1784 vir
681 1746 841 1799 quam
865 1732 1050 1784 doctus
1081 1741 1190 1784 tam
1214 1731 1485 1795 amabilis,
1511 1731 1815 1801 Stephanus

240 1822 522 1877 Halmius.
566 1821 878 1882 Lectiones,
915 1836 945 1875 e
976 1821 1163 1876 codice
1203 1822 1460 1877 Vaticano
1488 1822 1814 1893 descriptas,

240 1915 451 1982 accepit
485 1927 514 1965 a
553 1909 592 1963 F
600 1911 702 1964 rid.
730 1911 1105 1982 Roslgaardo-
1150 1912 1378 1965 Exstant
1424 1928 1641 1982 quoque
1677 1915 1819 1967 inter

240 2020 374 2058 mss.
439 2002 663 2057 Graecos
705 2004 923 2057 codices
975 2003 1105 2057 bibl.
1151 2001 1515 2073 Seguierianae
1579 2003 1695 2058 libri
1749 2004 1816 2060 XI

190 2110 197 2115 ί
245 2096 517 2164 primores
547 2111 611 2149 ex
642 2094 932 2164 Nicephori
967 2092 1192 2165 Syntaxi
1256 2096 1501 2151 historiae
1532 2096 1813 2150 Romanas.

244 2186 344 2241 Sed
381 2196 547 2257 negat
598 2185 891 2250 Boivinus,
931 2186 1034 2241 sibi
1066 2196 1197 2242 tunc
1238 2187 1444 2241 aditum
1479 2178 1725 2256 pa'tuisse
1749 2187 1814 2241 ad

245 2278 387 2332 illam
421 2278 837 2342 bibliothecam,
895 2294 1014 2348 quae
1049 2287 1236 2348 postea
1287 2287 1407 2334 erat
1460 2279 1815 2334 illustrissimi

245 2368 671 2433 duciS'Coiinni,
696 2369 938 2439 episcopi
971 2369 1250 2433 Meti-usis,
1282 2378 1338 2424 et
1363 2369 1589 2425 liberius
1635 2371 1816 2427 aditur
1850 2422 1853 2427 λ

249 2476 425 2533 neque
477 2461 714 2530 amplius
759 2476 862 2530 pro
903 2461 1162 2515 thesauro
1211 2462 1533 2517 abscondito
1561 2464 1705 2533 jacet
1732 2478 1822 2518 occ

250 2554 391 2610 clusa
454 2552 649 2631 usibus
700 2562 755 2608 et
807 2553 1094 2609 desideriis
1155 2554 1516 2609 eruditorum.
1572 2555 1816 2610 Latinam

250 2643 431 2701 νὶοωί
459 2645 763 2703 versionem
792 2646 996 2716 passim
1055 2646 1366 2724 em’endavit
1410 2654 1464 2709 et
1512 2648 1579 2702 ad
1631 2647 1817 2705 Graeca

247 2736 567 2808 diligentius
596 2739 667 2808 (e)
702 2739 904 2810 exegit,
937 2738 1106 2793 libros
1137 2739 1407 2808 capitibus
1435 2747 1491 2793 et
1519 2741 1821 2797 minoribus

245 2832 586 2888 sectionibus
617 2831 824 2895 divisit,
868 2830 1141 2900 capitibus
1192 2826 1425 2899 pra-ﬁxit
1481 2844 1818 2903 argumenta,

246 2927 471 2980 nomina
517 2926 911 2992 imperatorum
941 2923 1009 2978 de
1038 2940 1270 2993 quorum
1304 2924 1465 2979 rebus
1493 2940 1674 2979 sermo
1709 2935 1818 2989 est,

242 3026 294 3071 et
329 3015 749 3073 annosberisti
780 3017 865 3081 ,in
912 3030 1008 3070 ora
1056 3016 1177 3071 libri
1224 3017 1307 3071 vel
1350 3017 1582 3072 summis
1607 3018 1821 3088 paginis

241 3109 553 3172 adnotavit,
582 3109 1092 3178 notasquebrcves,
1136 3108 1226 3162 ubi
1261 3123 1398 3177 opus
1435 3107 1557 3174 fuit,
1594 3109 1813 3176 adjecit.

245 3199 594 3252 uberioribus
622 3198 690 3251 ad
722 3197 926 3252 calcem
953 3199 1082 3251 torni
1115 3197 1337 3251 secundi
1370 3197 1702 3267 subiunctis.

309 3289 494 3344 Libris
521 3290 636 3343 sive
663 3288 844 3355 λόγοις
873 3289 976 3357 illis
1016 3288 1268 3344 undecim
1307 3288 1609 3344 absolvitur
1642 3291 1813 3361 prima

248 3396 395 3449 pars,
428 3381 563 3444 sive,
625 3394 683 3436 ut
723 3381 775 3434 in
808 3381 998 3435 codice
1038 3397 1140 3435 ηδε.
1178 3381 1435 3436 Vaticano
1474 3383 1847 3451 appellatur,-

245 3474 462 3542 πρῶτον
493 3474 734 3542 β.6λίον;
772 3488 892 3526 nam
924 3473 981 3526 in
1004 3472 1096 3528 illo
1121 3473 1815 3541 habenturlibriabXVllI,

252 3582 422 3637 usque
452 3568 523 3621 ad
547 3566 835 3633 XXXVIII,
889 3578 943 3622 ct
966 3567 1104 3620 liber
1128 3566 1290 3622 XVIII
1341 3567 1664 3622 inscribitur
1691 3572 1813 3621 Δευ-

246 3660 409 3730 τέμυ
441 3658 645 3727 βιϐλίου
687 3660 844 3728 λόγος
876 3659 940 3722 ζ’.
980 3659 1183 3715 Libros
1220 3676 1339 3713 vero
1386 3661 1656 3725 tredecim,
1712 3663 1815 3717 hoc

249 3759 358 3809 est,
390 3749 507 3803 XII
540 3767 701 3820 usque
729 3753 798 3817 ad
828 3750 963 3804 XXI
984 3749 1044 3816 V,
1070 3751 1137 3806 de
1172 3753 1336 3807 rebus
1366 3768 1466 3823 per
1498 3748 1688 3809 deosin
1713 3770 1818 3809 an-

250 3855 360 3893 nos
392 3857 421 3890 a
457 3841 585 3894 13M
622 3842 691 3897 ad
730 3842 892 3908 1551,
928 3845 1030 3896 sub
1061 3842 1293 3912 imperio
1325 3842 1560 3898 duorum
1612 3844 1818 3914 princi—

250 3946 382 4000 pum
416 3930 694 4005 Palteologi
725 3943 783 3989 et
801 3933 1188 3999 Cautacuzeni,
1219 3935 1413 4003 gestis,
1444 3934 1651 4005 primus
1674 3937 1816 3993 idem

249 4023 598 4083 doctissimus
618 4026 803 4082 Boivin
831 4025 1019 4085 Graece
1049 4041 1174 4082 cum
1203 4028 1458 4086 versione
1486 4043 1584 4083 sua
1636 4028 1820 4099 vulga-

254 4115 331 4169 rit
361 4132 393 4170 e
420 4116 623 4187 duplici
651 4118 965 4188 apographo
995 4117 1243 4171 codicum
1279 4117 1683 4184 Vaticanorum,
1708 4133 1819 4172 uno

253 4207 387 4261 bibl.
445 4207 626 4277 Regiaa
682 4206 822 4261 2097
881 4208 1224 4262 eruendatius
1279 4208 1501 4279 Scripto,
1577 4208 1670 4278 qui
1725 4224 1817 4265 sex

256 4298 423 4353 libros
456 4298 573 4369 (XII
602 4315 798 4370 nempe
826 4314 999 4368 usque
1032 4300 1098 4355 ad
1133 4297 1320 4370 XVIII)
1354 4301 1688 4366 continebat,
1741 4302 1819 4355 al-

257 4400 375 4446 tero
428 4402 631 4461 septem
686 4402 1009 4446 catt-mrum
1068 4392 1337 4447 librorum
1391 4392 1533 4447 aJo.
1565 4392 1820 4448 Vivautio

1916 564 2071 616 nymo
2118 554 2180 602 de
2208 549 2452 606 Palamaz
2494 553 2783 620 erroribus,
2838 570 2957 621 quze
2987 570 3039 609 a.
3077 556 3336 631 C..135I,
3368 554 3488 626 post

1917 640 2183 710 synodum
2219 640 2587 719 Palamiticam
2624 645 2802 700 habita
2842 656 2946 708 est,
3003 655 3057 700 et
3097 647 3151 699 in
3186 636 3289 701 hoc
3324 666 3489 721 opere

1917 732 1987 786 ab
2013 732 2168 787 initio
2201 733 2320 787 libri
2359 732 2504 789 XXII
2561 752 2729 805 usque
2785 738 2849 790 ad
2879 737 3045 792 XXIV
3081 738 3196 793 fere
3247 741 3487 795 medium

1916 828 2114 882 exstat,
2140 823 2358 877 exhibet
2386 840 2507 879 cum
2537 828 2789 882 versione
2820 827 3007 882 Latina
3033 838 3087 883 et
3110 830 3253 885 notis
3276 829 3489 885 Claudii

1917 910 2332 982 Cappcronerii,
2386 916 2651 972 licentiati
2689 920 2922 989 theologi
2966 921 3310 977 Parisiensis.
3349 924 3491 999 Prte-

1918 1013 2001 1057 ter
2027 1006 2411 1063 adnotationes
2442 1022 2607 1077 porro
2630 1028 2778 1073 suas,
2799 1012 2851 1065 in
2875 1014 3067 1082 quibus
3090 1015 3293 1070 inedita
3316 1017 3485 1082 varia,
3544 1012 3549 1019 ’

1918 1090 2179 1150 Boivinus
2212 1096 2377 1150 etiam
2410 1098 2600 1169 Cangii
2632 1112 2787 1154 notas
2830 1105 3150 1174 posthumas
3186 1086 3391 1159 addidit
3421 1110 3488 1160 ad
3530 1090 3533 1099 ¹

1922 1183 2093 1239 libros
2114 1184 2368 1256 Gregome
2405 1191 2821 1258 septemdecim.

1992 1272 2219 1326 Librum
2248 1273 2343 1327 XII
2382 1285 2437 1330 et
2475 1279 2719 1347 quinque
2746 1280 3009 1349 deinceps
3037 1287 3354 1349 continuos,
3385 1304 3488 1341 su:-

1920 1360 2104 1414 viente
2132 1361 2188 1415 in
2213 1363 2619 1435 Acindynianos
2647 1368 3055 1435 persecutione,
3095 1372 3319 1440 scripsit
3353 1374 3491 1425 Gre-

1918 1467 2100 1522 goras,
2130 1454 2370 1510 nondum
2407 1467 2581 1510 tamen
2619 1460 2782 1515 domo
2810 1458 3076 1527 inclusus,
3112 1463 3242 1526 imo,
3298 1472 3353 1516 ut
3378 1464 3494 1517 edi—

1923 1542 2027 1594 tori
2118 1543 2334 1598 videtur
2362 1584 2376 1609 ,
2471 1556 2598 1600 ante
2675 1548 2913 1603 habitam
2955 1568 3031 1605 δ.-
3061 1552 3187 1606 1551
3228 1555 3492 1623 synodum

1922 1632 2313 1689 Palamiticam.
2378 1635 2603 1691 Librum
2662 1639 2824 1694 XVIII
2886 1652 2941 1695 et
2999 1660 3191 1697 novem
3231 1647 3493 1714 deinceps

1921 1732 2215 1779 continuos
2244 1728 2355 1795 jam
2403 1729 2549 1783 domi
2597 1746 2821 1785 manere
2864 1732 3053 1801 jussus
3106 1744 3160 1788 ct
3215 1738 3495 1791 tm‘machs

1918 1816 2240 1871 custodibus
2303 1820 2564 1875 ob8essus
2595 1825 2903 1892 composuit
2953 1823 3097 1878 Julio
3148 1836 3201 1879 ct
3248 1830 3494 1897 Augusto

1872 1908 2203 1961 'mensibus
2229 1910 2699 1966 annil5521auta
2763 1916 3063 1981 celeritate,
3117 1929 3175 1973 ut
3231 1922 3314 1973 vix
3376 1920 3494 1974 dies

1918 2000 2274 2069 quadraginta
2330 2003 2379 2056 ei
2412 2003 2698 2071 scriptioni
2744 2007 3091 2075 impenderit,
3136 2011 3495 2078 quemadmn-

1918 2087 2049 2142 dum
2076 2089 2135 2145 in
2162 2092 2307 2146 illius
2339 2093 2447 2147 vita
2483 2094 2742 2150 Bnivinus
2769 2098 3047 2165 observat,
3098 2101 3190 2169 qui
3222 2113 3440 2170 prasten
3461 2118 3491 2157 a

1920 2181 2189 2249 pollicitus
2249 2193 2364 2236 erat
2422 2188 2576 2239 tertio
2610 2199 2749 2240 tomo
2778 2188 2855 2256 (Γ).
2884 2190 3048 2245 edere
3096 2192 3266 2246 Ilbl’OS
3312 2196 3495 2261 operis

1921 2271 2157 2340 reliquos
2179 2276 2589 2341 quatuordecim
2622 2295 2649 2331 a
2684 2277 2828 2337 XXV
2868 2296 3040 2350 usque
3068 2283 3135 2338 ad
3168 2282 3435 2337 XXXVIII
3467 2299 3480 2346 ;

1922 2364 2216 2420 historicos
2255 2367 2476 2435 quidem
2511 2379 2657 2432 octo,
2712 2371 2766 2424 in
2797 2386 2944 2426 anno
2979 2371 3118 2428 1³557
3149 2374 3372 2429 ineunte
3403 2378 3498 2429 de—

1920 2458 2187 2523 sinentes,
2230 2468 2288 2512 et
2319 2461 2654 2530 dogmaticos
2684 2478 2799 2528 sex,
2853 2480 2917 2518 ex
2945 2465 3260 2535 apographo
3288 2468 3497 2525 codicis
3545 2454 3548 2458 ’

1924 2546 2191 2616 Vaticani,
2224 2567 2384 2622 quos,
2427 2563 2644 2624 recepta
2691 2556 2801 2625 jam
2843 2557 3115 2621 libertate,
3150 2560 3327 2613 variis
3363 2570 3498 2615 tem-

1924 2639 2150 2709 poribus
2181 2640 2398 2696 videtur
2417 2643 2750 2709 condidisse,
2789 2653 2845 2698 ut
2884 2644 3058 2700 eidem
3094 2644 3318 2700 Boivino
3382 2663 3509 2701 mo-

1924 2732 2101 2787 nitum
2134 2733 2191 2786 in
2211 2734 2377 2801 notis,
2408 2750 2469 2803 p.
2491 2736 2616 2793 783.

1995 2823 2168 2877 Fuere
2198 2834 2253 2878 et
2282 2827 2544 2880 nonnulla
2578 2827 2715 2883 falso
2755 2829 2985 2898 ascripta
3022 2829 3324 2900 Nicephoro
3356 2832 3498 2886 Gre-

1922 2932 2089 2988 gorae,
2126 2927 2184 2970 ut
2220 2919 2488 2973 somnium
2515 2921 2897 2989 propheticum,
2931 2922 3221 2987 Philotltei,
3271 2927 3500 2993 patriar-

1923 3007 2060 3073 chae,
2087 3008 2456 3064 Antirrhctico
2478 3027 2574 3075 xu,
2599 3012 2722 3066 cod.
2744 3008 2878 3082 Reg.
2907 3014 3177 3078 l996,'fol.
3201 3016 3327 3079 279,
3352 3020 3497 3085 quod

1924 3097 2111 3153 Grazce
2156 3111 2214 3153 et
2253 3099 2445 3154 Latine
2473 3098 2886 3159 Boivinnswita:
2915 3105 3207 3175 Nicephori
3247 3108 3495 3163 inseruit.

1997 3188 2243 3260 Gregora:
2269 3193 2414 3258 vitia,
2438 3194 2612 3261 inquit
2638 3195 2778 3248 idem
2812 3196 3282 3261 virdoctissimus,
3313 3200 3502 3269 (neque

1926 3285 2065 3338 enim
2098 3287 2211 3353 ejus
2231 3286 2502 3357 scriptoris
2530 3296 2642 3345 tam
2680 3289 2853 3353 inepte
2876 3307 2993 3343 sum
3027 3292 3237 3360 fautor,
3262 3303 3317 3343 ut
3350 3293 3497 3346 nulla
3538 3275 3549 3279 ﬁ

1924 3375 2169 3429 habuisse
2216 3392 2333 3428 eum
2367 3377 2745 3446 contendam),
2782 3383 3013 3433 maxime
3058 3388 3336 3450 conspicua
3393 3386 3501 3437 Ita-c

1924 3468 2134 3538 fuerunt
2164 3486 2176 3521 :
2204 3469 2394 3535 Asper,
2424 3479 2692 3530 austeras,
2741 3473 2984 3539 pertinax
3009 3514 3022 3535 ,
3052 3476 3311 3544 principes
3357 3490 3535 3546 tt'que‘

1925 3575 1987 3611 ac
2017 3561 2251 3628 priuatos
2282 3560 2476 3630 lingua:
2507 3560 2801 3630 petulentia
2850 3562 3091 3631 offendit.
3126 3565 3499 3635 Philosophus,

1926 3652 2103 3704 animo
2137 3650 2278 3704 haud
2310 3650 2944 3719 imperavit.’llistoricus
2996 3640 3224 3723 partium
3260 3660 3503 3727 affectum

1926 3734 2030 3796 non
2055 3744 2197 3797 exuit
2225 3756 2243 3794 :
2277 3741 2461 3812 gloria:
2495 3742 2721 3812 denique
2768 3745 3065 3813 cupiditate
3100 3758 3148 3799 et
3194 3764 3375 3801 amore
3419 3752 3503 3801 sui

1924 3836 2089 3906 ipsius
2122 3836 2283 3888 nimio
2301 3833 2580 3889 laboravit.
2605 3835 2772 3901 Plura
2799 3832 2854 3890 in
2883 3839 3020 3909 stylo
3054 3842 3507 3907 reprehendenda:

1923 3930 1978 3983 in
2018 3928 2200 3999 prioris
2215 3926 2539 3996 κακοζηλία,
2569 3943 2659 3981 seu
2683 3916 2957 3984 ambitiosa
2981 3932 3255 4003 elegantiw
3286 3934 3503 4003 affecta-

1926 4023 2040 4085 tio;
2100 4020 2301 4089 poetica
2351 4020 2623 4073 verborum
2657 4018 2924 4089 luxuries,
2978 4025 3163 4093 ﬁgura:
3197 4025 3505 4091 msolentcs,

1926 4112 2252 4183 hyperbato;
2310 4110 2508 4165 crebra:
2539 4127 2641 4164 non
2677 4113 2829 4164 modo
2864 4113 3153 4179 verborum,
3178 4116 3269 4168 sed
3298 4124 3345 4168 et
3382 4132 3503 4169 seu-

1926 4204 2210 4258 tentiarum
2246 4205 2595 4273 repetitioues.
2634 4201 2785 4268 Quod
2814 4204 2862 4257 si
2907 4205 3279 4270 conferendum
3325 4225 3503 4261 exem-

1925 4300 2070 4367 plum
2104 4306 2199 4362 est,
2229 4297 2281 4349 in
2311 4296 2455 4349 libris
2479 4297 2709 4364 ejusdem
2742 4299 3036 4365 argumenti
3067 4299 3327 4353 historicis
3360 4300 3505 4353 Catt-

1930 4394 2214 4442 ta'cuzenus
2251 4386 2402 4457 longe
2431 4397 2675 4457 pra'stat.
2702 4384 2765 4440 In
2808 4390 3152 4460 chronologia
3181 4402 3354 4445 tamen
3382 4392 3513 4448 Cre-

257 4479 427 4537 Itoma
461 4482 730 4538 Lutetiam
766 4483 1239 4555 adlatoqvaldeque
1268 4484 1552 4549 mendoso,
1606 4486 1700 4540 sed
1751 4486 1819 4541 de
1847 4490 1900 4551 Β
1925 4500 2083 4556 goras
2104 4483 2428 4552 diligentior,
2448 4484 2553 4536 imo
2586 4483 2728 4551 apud
2748 4482 3173 4553 Cantacuzenum
3196 4490 3359 4553 [erme
3379 4487 3505 4539 nul-

256 4576 412 4645 cujus
447 4576 577 4630 locis
634 4577 907 4647 plerisque
961 4577 1144 4632 dubiis
1201 4576 1420 4631 codices
1473 4575 1761 4632 Vaticanos
1792 4593 1824 4632 a

258 4666 389 4720 viris
421 4667 614 4733 doctis,
646 4667 946 4736 Zaccagnio
973 4678 1027 4723 et
1052 4668 1309 4733 Delmiro,
1358 4671 1566 4731 consuli
1593 4669 1821 4724 CUI‘MII.

326 4850 401 4918 (e)
436 4849 700 4909 Boivinus
728 4850 784 4904 in
823 4850 1031 4917 praefat.
1074 4846 1349 4918 ,Cregoras
1388 4847 1682 4916 ntultijuga'
1708 4862 1823 4900 eru-

257 4920 476 4975 ditionis
504 4930 555 4972 et
583 4921 719 4974 artis
750 4921 1045 4977 rhetoricte.
1073 4928 1391 4979 ostentator,
1442 4933 1579 4985 stupe
1614 4920 1828 4969 aberrat

257 5010 288 5043 a
320 4991 614 5059 proposito,
645 5003 694 5042 et
735 4991 815 5047 ad
832 5007 892 5042 ea
926 5005 1043 5058 qua:
1077 5004 1269 5055 parum
1302 5001 1392 5059 aut
1449 4987 1580 5040 nihil
1608 4989 1679 5039 ad
1716 5004 1827 5039 rem

257 5058 542 5127 pertinent,
594 5061 912 5127 digreditur.
984 5058 1051 5114 In
1079 5060 1163 5128 iis
1196 5058 1496 5128 παρέργοις
1531 5058 1727 5109 mirum
1750 5069 1827 5109 est

258 5147 421 5200 quam
472 5131 543 5183 sit
592 5133 856 5189 rerbosus.
908 5128 989 5182 Ea
1025 5127 1247 5197 Wolfius
1289 5130 1440 5181 rebus
1470 5128 1636 5200 magis
1668 5144 1826 5195 quam

259 5198 432 5255 ret-bis
483 5201 709 5255 intentus
759 5200 997 5252 breviora
1055 5200 1229 5267 facere
1260 5200 1504 5252 instituit.
1558 5198 1749 5264 Itaque
1778 5213 1825 5249 et

263 5270 596 5322 luxuriantia
632 5270 970 5339 compescuit,
989 5278 1036 5321 et
1061 5285 1177 5336 qua:
1194 5270 1409 5321 omnino
1436 5267 1827 5329 redundabant,

263 5342 582 5406 suppressit.
649 5338 769 5405 Ego
797 5355 914 5390 uero
960 5340 1225 5406 [acturum
1262 5355 1340 5390 me
1393 5352 1562 5404 opera:
1600 5339 1828 5404 pretium

262 5409 468 5478 putari,
491 5411 534 5460 si
568 5409 805 5462 auctoris
839 5408 1007 5462 Graeci
1037 5410 1261 5477 vestigiis
1297 5409 1623 5468 inhazret'em,
1672 5420 1829 5475 atque

266 5486 387 5548 ejus
413 5478 564 5531 verba
597 5478 874 5532 lectoribus
899 5481 942 5531 si
976 5480 1147 5531 minus
1187 5479 1612 5539 adnumerarem,
1632 5481 1824 5529 saltem

266 5549 510 5618 religiose
562 5559 612 5602 et
657 5548 882 5617 ﬁdeliter
915 5550 1280 5618 adpenderctn,
1337 5563 1475 5615 (μιαί,
1509 5555 1567 5618 ut
1617 5549 1822 5616 opinor,

267 5616 467 5684 optima
497 5630 573 5673 est
609 5616 746 5673 ratio
770 5619 1179 5685 interpretandi.
1228 5617 1293 5673 lu
1323 5616 1633 5685 quibusdam
1664 5629 1824 5668 etiam

270 5706 301 5740 a
336 5688 456 5742 vero
477 5706 631 5742 sensu
672 5690 950 5758 deﬂexisse
979 5690 1106 5741 mihi
1137 5690 1275 5740 risus
1305 5696 1377 5739 est
1418 5691 1670 5753 interpres
1699 5688 1845 5739 dae-2

272 5761 527 5823 tissimus,
547 5772 642 5811 aut
673 5760 987 5813 sententiam
1013 5761 1242 5813 auctoris
1274 5758 1489 5808 obscure
1514 5769 1559 5809 et
1588 5766 1824 5809 contorte

1933 4579 2007 4631 la.
2040 4576 2439 4630 Cantacuzeuus
2472 4577 2714 4645 quendam
2748 4577 2956 4629 videtur
2985 4579 3224 4630 consulto
3249 4581 3508 4640 omis'ssc,

1932 4685 2051 4739 qua:
2105 4666 2364 4736 Gregoras
2418 4667 2561 4721 haud
2616 4670 2970 4735 praztermisit.
3005 4699 3070 4708 —-
3105 4670 3507 4723 Cattlarttzt‘tms

1930 4849 2263 4912 expressisse.
2310 4845 2463 4898 Nihil
2504 4848 2617 4898 dico
2649 4848 2711 4921 de
2748 4846 3065 4921 minoribus
3092 4850 3249 4913 vitiis,
3319 4850 3513 4921 quibus

1932 4919 2133 4969 nullum
2173 4934 2318 4986 opus,
2357 4918 2689 4986 quantumuis
2724 4928 2917 4970 tersum
2952 4930 2998 4971 et
3029 4919 3294 4985 limatum,
3329 4918 3511 4976 carere

1932 4989 2144 5058 omnino
2178 4996 2401 5058 potest;
2428 5002 2545 5056 quae
2578 4988 2789 5058 quidem
2830 4988 2960 5039 uitia
2996 4998 3052 5040 ut
3087 4992 3396 5058 plerumque
3417 5009 3511 5045 nos

1931 5060 1985 5108 in
2026 5054 2715 5129 lucubrationibusnostris-
2737 5059 2965 5129 fallunt,
2986 5062 3059 5111 ita
3087 5054 3155 5112 in
3193 5054 3381 5113 alienis
3423 5069 3517 5115 ria:

1935 5143 2181 5200 unquam
2192 5128 2422 5193 fugiunt.
2458 5127 2715 5200 Equidem
2739 5127 2825 5181 eos
2857 5144 3025 5182 nwvos
3042 5134 3247 5198 corpori
3272 5134 3509 5200 alioquin

1936 5198 2140 5266 egregio
2165 5199 2445 5269 inspersos,
2474 5209 2528 5249 ut
2556 5198 2855 5269 eximerent,
2887 5201 3066 5251 sedulo
3108 5218 3319 5269 operam
3348 5198 3466 5252 dedi
3488 5217 3506 5253 :

1938 5283 2030 5320 nec
2052 5284 2131 5319 me
2166 5284 2226 5320 ea
2260 5283 2313 5320 re
2344 5267 2594 5334 injuriam
2623 5267 2814 5336 Wolfio
2842 5268 3021 5334 fecisse
3049 5267 3302 5331 arbitror,
3333 5271 3422 5322 s‘ed
3445 5270 3515 5322 de

1936 5353 1995 5389 eo
2027 5340 2150 5389 bene
2175 5340 2422 5390 meruisse
2445 5339 2530 5389 aio
2566 5348 2615 5390 et
2643 5340 2915 5391 contendo.
2959 5339 3066 5393 Nec
3098 5342 3255 5402 enim,
3295 5342 3417 5407 quia
3443 5341 3507 5392 il-

1940 5407 2050 5458 lum
2081 5407 2359 5459 identidem
2381 5408 2587 5476 lapsum
2625 5410 2849 5476 corrigo,
2881 5411 3076 5463 idcirco
3105 5426 3182 5461 me
3198 5409 3281 5463 vel
3307 5412 3510 5464 doctio-

1939 5493 2050 5549 rem
2088 5488 2286 5540 statuo,
2324 5478 2400 5549 rel
2445 5478 2720 5549 diligeu‘io
2752 5494 2900 5543 rem;
2946 5495 3107 5549 neque
3150 5480 3198 5532 ei
3220 5491 3499 5547 propterea

1934 5547 2228 5601 detrahere
2263 5548 2434 5601 ausim
2466 5547 2771 5603 Ilwrentem
2808 5550 2968 5619 rapiti
3000 5546 3166 5602 multa
3189 5546 3309 5604 cum
3351 5553 3509 5607 laude

1933 5632 2215 5670 coronam.

1959 5690 2072 5807 "(1‘)
2105 5688 2209 5740 Sed
2267 5699 2374 5742 tom
2445 5688 2510 5742 IlI
2563 5699 2617 5742 et
2651 5688 2716 5743 IV
2758 5688 2933 5743 lucem
2986 5704 3095 5743 ιιτή
3155 5701 3506 5760 a~pexerunt.

2006 5773 2101 5807 ΑΜ.
2137 5768 2149 5807 l

1934 5766 2101 5816 (HMtL
2136 5768 2149 5817 )
