4010 6214
416 389 514 453 117
1821 391 1999 452 PR3]

2059 391 2236 450 mo.
2503 371 2522 386 ‘
3535 354 3642 448 ’118

489 511 759 570 Alterum
802 506 1094 570 codicem
1120 506 1539 570 Parisiensem
1570 508 1762 584 priori
1794 509 2161 590 supplendo
2192 507 2625 588 comperimus
2655 524 2688 568 a
2725 505 3050 569 Friderico
3106 503 3521 583 Roslgaardio
3567 523 3646 568 ex

410 614 702 675 Vaticano
721 611 922 672 exscri
933 621 1132 690 ptum,
1182 610 1576 690 missumque
1601 611 1874 674 Parisios
1901 612 2008 674 tali
2039 610 2484 692 propemptico
2517 627 2530 671 :

871 795 904 818 κ
1189 793 1256 831 ΔΙ)
1297 793 1493 832 ιιιικυι
1531 793 1737 833 υυνιῑι
1776 792 2204 832 υοοεελετιευοιη
2237 793 2504 834 ηιυειιιει
2542 793 2868 834 ιιοετωηυ.

408 937 574 990 Ρπνε
602 932 762 994 liber,
781 947 1016 1001 propera
1037 931 1312 987 dominam
1329 935 1643 1004 pertingere
1665 933 1731 988 ad
1747 933 1965 1000 urbem,
2071 933 2282 1000 Nempe
2302 933 2533 1002 jubente
2560 931 2654 988 illo
2680 934 2866 989 cuncti
2899 942 3125 1001 patuere
3162 946 3412 985 recessus

471 1010 644 1077 Quam
675 1025 766 1064 rex
795 1010 1028 1080 Europe
1058 1019 1235 1065 terror
1262 1025 1527 1081 amorque
1550 1011 1722 1068 fovet.
1971 1039 1978 1044 ~
2142 1013 2278 1069 Dum
2307 1021 2395 1065 tua
2425 1027 2534 1074 me,
2567 1013 2721 1068 dives
2745 1013 3020 1082 Sequana,
3055 1013 3171 1080 ripa
3202 1019 3373 1074 tenet,

406 1090 531 1144 Inde
558 1088 909 1144 verecundus
940 1099 992 1143 te
1022 1103 1207 1143 sacras
1237 1089 1428 1144 confer
1455 1091 1508 1144 in
1543 1091 1688 1146 aedes
2073 1089 2386 1161 Utiliusque
2421 1092 2607 1146 datum
2632 1101 2716 1146 est
2751 1090 2952 1159 regalia
2983 1099 3122 1144 tecta
3151 1090 3340 1144 subire

471 1170 620 1236 Quas
644 1170 752 1222 late
786 1166 1011 1236 Augusti
1046 1167 1382 1223 bibliotheca
1425 1169 1618 1238 replet.
1873 1208 1877 1212 ~
2144 1171 2501 1240 Millenosque
2533 1171 2685 1224 libris
2720 1169 3030 1238 invigilasse
3069 1169 3206 1222 dies.

405 1253 505 1305 Par
535 1249 635 1302 tibi
667 1249 932 1301 continuo
964 1255 1162 1314 praesto
1186 1256 1271 1302 est
1301 1248 1512 1318 insigne
1545 1253 1807 1314 virorum,
2074 1252 2170 1307 Dic
2224 1265 2321 1320 pro
2356 1259 2435 1305 tot
2465 1249 2674 1304 meritis
2700 1247 2949 1316 qua-late
2972 1248 3287 1302 extenditur
3315 1247 3488 1308 orbis.

471 1330 564 1383 Ille
595 1342 753 1382 meus
786 1325 1041 1381 Clemens
1069 1325 1445 1396 Boivinusque
1480 1343 1658 1384 meus.
2147 1330 2367 1386 Tellerii
2402 1329 2594 1384 laudes
2621 1343 2707 1381 me
2736 1335 3016 1396 przeeunte
3045 1331 3190 1391 cani,

407 1410 685 1462 Alteruter
717 1417 766 1460 te
793 1405 1060 1472 deducet;
1098 1406 1183 1461 vel
1210 1406 1390 1462 forsan
1419 1417 1652 1479 uterque
1684 1425 1700 1462 :
2075 1411 2318 1480 Quaeque
2353 1425 2485 1464 mea:
2512 1416 2753 1462 renuunt
2778 1415 2969 1460 tenues
2997 1409 3308 1477 persolvere
3337 1408 3505 1469 vires.

468 1486 658 1540 Comis
684 1487 830 1541 enim
863 1495 974 1540 tota
1006 1495 1095 1540 est
1123 1485 1272 1540 natio
1309 1486 1706 1558 Francigenum
1735 1507 1751 1544 :
2154 1489 2257 1543 Pro
2284 1505 2370 1544 me
2409 1489 2686 1542 Musarum
2723 1481 2954 1538 reddere
2986 1485 3125 1540 velle
3162 1488 3419 1541 chorum.

408 1567 467 1619 Et
499 1576 548 1620 te
580 1565 820 1620 Tellerio
849 1567 1040 1630 sistet;
1084 1575 1142 1620 tu
1181 1575 1425 1637 tempora
1454 1567 1604 1622 laudi
2084 1571 2262 1626 Unum
2297 1569 2402 1622 hoc
2428 1566 2588 1630 adde,
2611 1565 2772 1629 liber,
2803 1577 2919 1621 non
2950 1571 3001 1617 te
3031 1581 3130 1635 pro
3155 1579 3381 1621 munere
3411 1564 3576 1628 mitti,

471 1645 767 1713 Exspecta,
801 1654 858 1698 et
891 1646 1048 1699 venia
1071 1645 1280 1700 dissere
1312 1661 1481 1715 pauca
1513 1647 1660 1701 data.
2154 1649 2260 1704 Sed
2298 1647 2388 1702 lidi
2423 1647 2620 1715 pignus
2640 1646 2824 1702 cordis
2849 1659 2904 1702 et
2936 1645 3211 1714 obsequii.

407 1722 498 1776 Dic
550 1737 582 1774 a
647 1739 758 1792 quo
803 1723 1006 1777 missus
1034 1724 1246 1783 venias.
1276 1734 1331 1792 et
1353 1739 1520 1794 quam
1555 1741 1764 1781 memor
1795 1739 1972 1796 usque
2073 1726 2141 1782 Et
2173 1726 2393 1780 dabitur
2423 1725 2631 1788 forsan,
2667 1724 2711 1777 si
2746 1724 2992 1780 crederis
3021 1724 3175 1779 utilis
3202 1723 3320 1788 ulli,

474 1803 698 1858 Mittens
731 1803 953 1860 Tellerii
991 1803 1209 1859 nomina
1241 1814 1430 1859 sancta
1457 1806 1623 1860 colat.
2144 1805 2376 1872 Augusti
2407 1803 2461 1857 in
2497 1802 2694 1858 forulis
2725 1811 2785 1857 ut
2810 1803 3022 1874 potiare
3057 1803 3201 1858 loco.

1829 1919 2085 1981 Scriptum
2113 1917 2278 1968 Roma
2304 1933 2349 1968 ι.
2382 1917 2433 1968 d.
2469 1916 2597 1968 XXII
2622 1917 2733 1967 Itali
2757 1915 3050 1970 MDCXCIX.

481 2091 856 2157 Versionem
889 2087 1172 2151 Latinam
1202 2087 1370 2150 inter
1397 2104 1465 2150 se
1487 2086 1697 2166 partiti
1732 2089 1880 2148 sunt
1913 2085 2356 2149 adolescentes
2403 2091 2557 2154 tres,
2599 2084 3082 2146 seminariorum
3134 2083 3561 2146 Berolinensis
3593 2092 3653 2146 et

411 2195 766 2258 Bonnensis
791 2193 1052 2256 alumni.
1092 2193 1311 2272 Itaque
1347 2192 1545 2254 libros
1574 2191 1674 2263 24,
1707 2189 1808 2266 25,
1854 2190 1930 2251 26
1960 2192 2416 2271 interpretatus
2447 2196 2542 2252 est
2584 2188 2944 2253 Guilelmus
2972 2188 3216 2263 Kundt,
3258 2188 3606 2251 Marchicus
3634 2211 3649 2260 ;

409 2303 479 2363 27
530 2301 609 2362 ad
655 2296 728 2360 37
781 2297 914 2360 sive
971 2297 1070 2374 38,
1107 2296 1426 2378 Iosephus
1464 2297 1830 2366 Reisacker.
1889 2294 2498 2376 Dusseldorpiensis,
2563 2301 2625 2400 et
2681 2294 2923 2356 Natban
2974 2294 3373 2366 Bosenstein,
3435 2293 3649 2354 Danti-

411 2421 671 2467 506305.
