  <div class='ocr_page' id='page_1' title='image "/cluster/home/n/w/nwhite01/storage/ocr_20150623/148/hvd.32044073502627/068.png"; bbox 0 0 4010 6214; ppageno 0'>
   <div class='ocr_carea' id='block_1_1' title="bbox 163 393 262 458">
    <p class='ocr_par' dir='ltr' id='par_1_1' title="bbox 163 393 262 458">
     <span class='ocr_line' id='line_1_1' title="bbox 163 393 262 458; baseline 0.02 -2"><span class='ocrx_word' id='word_1_1' title='bbox 163 393 262 458; x_wconf 74' lang='lat' dir='ltr'><strong>l25</strong></span> 
     </span>
    </p>
   </div>
   <div class='ocr_carea' id='block_1_2' title="bbox 1189 395 2344 467">
    <p class='ocr_par' dir='ltr' id='par_1_2' title="bbox 1189 395 2344 467">
     <span class='ocr_line' id='line_1_2' title="bbox 1189 395 2344 467; baseline 0.008 -12"><span class='ocrx_word' id='word_1_2' title='bbox 1189 395 1632 458; x_wconf 72' lang='grc' dir='ltr'><strong>ΒΥΖᾹΝΤΙΝᾹΞ</strong></span> <span class='ocrx_word' id='word_1_3' title='bbox 1673 396 2062 460; x_wconf 75' lang='lat' dir='ltr'><strong>HISTORMi</strong></span> <span class='ocrx_word' id='word_1_4' title='bbox 2105 401 2253 463; x_wconf 84' lang='lat' dir='ltr'><strong>LIB.</strong></span> <span class='ocrx_word' id='word_1_5' title='bbox 2297 402 2344 467; x_wconf 84' lang='grc' dir='ltr'>ῐ.</span> 
     </span>
    </p>
   </div>
   <div class='ocr_carea' id='block_1_3' title="bbox 3327 409 3428 476">
    <p class='ocr_par' dir='ltr' id='par_1_3' title="bbox 3327 409 3428 476">
     <span class='ocr_line' id='line_1_3' title="bbox 3327 409 3428 476; baseline -0.02 -1"><span class='ocrx_word' id='word_1_6' title='bbox 3327 409 3428 476; x_wconf 74' lang='grc'><strong>126</strong></span> 
     </span>
    </p>
   </div>
   <div class='ocr_carea' id='block_1_4' title="bbox 161 499 1742 594">
    <p class='ocr_par' dir='ltr' id='par_1_4' title="bbox 161 499 1742 584">
     <span class='ocr_line' id='line_1_4' title="bbox 161 499 1742 584; baseline 0.003 -21"><span class='ocrx_word' id='word_1_7' title='bbox 161 512 523 584; x_wconf 63' lang='grc' dir='ltr'>βλασφημίας</span> <span class='ocrx_word' id='word_1_8' title='bbox 552 511 732 564; x_wconf 75' lang='grc' dir='ltr'>αὐτῶν</span> <span class='ocrx_word' id='word_1_9' title='bbox 755 511 856 564; x_wconf 81' lang='grc' dir='ltr'>οὐκ</span> <span class='ocrx_word' id='word_1_10' title='bbox 903 499 1154 566; x_wconf 65' lang='grc' dir='ltr'>ὀκνοῦσι.</span> <span class='ocrx_word' id='word_1_11' title='bbox 1182 513 1294 576; x_wconf 84' lang='grc' dir='ltr'><strong>Τὰς</strong></span> <span class='ocrx_word' id='word_1_12' title='bbox 1315 514 1426 584; x_wconf 82' lang='grc' dir='ltr'>γὰρ</span> <span class='ocrx_word' id='word_1_13' title='bbox 1447 514 1554 568; x_wconf 78' lang='grc' dir='ltr'><strong>ἀπὸ</strong></span> <span class='ocrx_word' id='word_1_14' title='bbox 1587 513 1742 584; x_wconf 82' lang='grc' dir='ltr'>μόνης</span> 
     </span>
    </p>
   </div>
   <div class='ocr_carea' id='block_1_5' title="bbox 1845 499 3426 594">
    <p class='ocr_par' dir='ltr' id='par_1_5' title="bbox 1861 515 3426 594">
     <span class='ocr_line' id='line_1_5' title="bbox 1861 515 3426 594; baseline 0.005 -24"><span class='ocrx_word' id='word_1_15' title='bbox 1861 515 2064 570; x_wconf 85' lang='lat' dir='ltr'><strong>buntur</strong></span> <span class='ocrx_word' id='word_1_16' title='bbox 2105 528 2161 573; x_wconf 92' lang='lat' dir='ltr'><strong>et</strong></span> <span class='ocrx_word' id='word_1_17' title='bbox 2205 516 2357 574; x_wconf 93' lang='lat' dir='ltr'><strong>libris</strong></span> <span class='ocrx_word' id='word_1_18' title='bbox 2401 516 2812 589; x_wconf 85' lang='lat' dir='ltr'><strong>imprimuntur.</strong></span> <span class='ocrx_word' id='word_1_19' title='bbox 2859 519 3066 577; x_wconf 88' lang='lat' dir='ltr'><strong>diutius</strong></span> <span class='ocrx_word' id='word_1_20' title='bbox 3109 530 3166 577; x_wconf 84' lang='lat' dir='ltr'><strong>et</strong></span> <span class='ocrx_word' id='word_1_21' title='bbox 3209 525 3426 594; x_wconf 84' lang='lat' dir='ltr'><strong>gravius</strong></span> 
     </span>
    </p>
   </div>
   <div class='ocr_carea' id='block_1_6' title="bbox 158 603 1752 678">
    <p class='ocr_par' dir='ltr' id='par_1_6' title="bbox 158 603 1752 678">
     <span class='ocr_line' id='line_1_6' title="bbox 158 603 1752 678; baseline 0.003 -22"><span class='ocrx_word' id='word_1_22' title='bbox 158 609 255 673; x_wconf 75' lang='grc' dir='ltr'><strong>τῆς</strong></span> <span class='ocrx_word' id='word_1_23' title='bbox 279 605 543 674; x_wconf 69' lang='grc' dir='ltr'>γλώττης</span> <span class='ocrx_word' id='word_1_24' title='bbox 568 603 867 676; x_wconf 79' lang='grc' dir='ltr'>προϊούσας</span> <span class='ocrx_word' id='word_1_25' title='bbox 892 604 1162 675; x_wconf 75' lang='grc' dir='ltr'>λοιδορίας</span> <span class='ocrx_word' id='word_1_26' title='bbox 1189 605 1357 678; x_wconf 81' lang='grc' dir='ltr'>αὒραι</span> <span class='ocrx_word' id='word_1_27' title='bbox 1402 607 1668 661; x_wconf 80' lang='grc' dir='ltr'>λαϐοῦσαι</span> <span class='ocrx_word' id='word_1_28' title='bbox 1695 607 1752 670; x_wconf 87' lang='grc' dir='ltr'><strong>ἐς</strong></span> 
     </span>
    </p>
   </div>
   <div class='ocr_carea' id='block_1_7' title="bbox 155 694 1753 767">
    <p class='ocr_par' dir='ltr' id='par_1_7' title="bbox 155 694 1753 767">
     <span class='ocr_line' id='line_1_7' title="bbox 155 694 1753 767; baseline 0.003 -20"><span class='ocrx_word' id='word_1_29' title='bbox 155 697 383 765; x_wconf 76' lang='grc' dir='ltr'>αξθὲρος</span> <span class='ocrx_word' id='word_1_30' title='bbox 414 695 688 758; x_wconf 79' lang='grc' dir='ltr'>ἀϐύσσους</span> <span class='ocrx_word' id='word_1_31' title='bbox 707 694 1170 762; x_wconf 79' lang='grc' dir='ltr'>διασκεδάζουσιν.</span> <span class='ocrx_word' id='word_1_32' title='bbox 1204 697 1271 750; x_wconf 76' lang='grc' dir='ltr'>Δί</span> <span class='ocrx_word' id='word_1_33' title='bbox 1303 696 1361 751; x_wconf 70' lang='grc' dir='ltr'>δὲ</span> <span class='ocrx_word' id='word_1_34' title='bbox 1395 699 1634 767; x_wconf 79' lang='grc' dir='ltr'><strong>γραφαῖς</strong></span> <span class='ocrx_word' id='word_1_35' title='bbox 1660 699 1753 752; x_wconf 76' lang='grc' dir='ltr'>καὶ</span> 
     </span>
    </p>
   </div>
   <div class='ocr_carea' id='block_1_8' title="bbox 153 786 1752 860">
    <p class='ocr_par' dir='ltr' id='par_1_8' title="bbox 153 786 1752 860">
     <span class='ocr_line' id='line_1_8' title="bbox 153 786 1752 860; baseline 0.003 -21"><span class='ocrx_word' id='word_1_36' title='bbox 153 789 367 856; x_wconf 72' lang='grc' dir='ltr'>βίϐλοις</span> <span class='ocrx_word' id='word_1_37' title='bbox 411 786 808 856; x_wconf 81' lang='grc' dir='ltr'>ἐντυπούμεναι</span> <span class='ocrx_word' id='word_1_38' title='bbox 834 787 1208 859; x_wconf 88' lang='grc' dir='ltr'>μονιμώτερον</span> <span class='ocrx_word' id='word_1_39' title='bbox 1233 791 1329 843; x_wconf 77' lang='grc' dir='ltr'>καὶ</span> <span class='ocrx_word' id='word_1_40' title='bbox 1356 788 1752 860; x_wconf 74' lang='grc' dir='ltr'>τυραννικώτε-</span> 
     </span>
    </p>
   </div>
   <div class='ocr_carea' id='block_1_9' title="bbox 154 877 1752 951">
    <p class='ocr_par' dir='ltr' id='par_1_9' title="bbox 154 877 1752 951">
     <span class='ocr_line' id='line_1_9' title="bbox 154 877 1752 951; baseline 0.003 -21"><span class='ocrx_word' id='word_1_41' title='bbox 154 896 248 944; x_wconf 77' lang='grc' dir='ltr'><strong>ρον</strong></span> <span class='ocrx_word' id='word_1_42' title='bbox 283 881 436 931; x_wconf 77' lang='grc' dir='ltr'>κατὰ</span> <span class='ocrx_word' id='word_1_43' title='bbox 463 878 576 930; x_wconf 84' lang='grc' dir='ltr'>τῶν</span> <span class='ocrx_word' id='word_1_44' title='bbox 605 877 980 948; x_wconf 69' lang='grc' dir='ltr'>ὑϐριζομένων</span> <span class='ocrx_word' id='word_1_45' title='bbox 1007 879 1068 932; x_wconf 81' lang='grc' dir='ltr'>τὸ</span> <span class='ocrx_word' id='word_1_46' title='bbox 1094 880 1296 950; x_wconf 82' lang='grc' dir='ltr'>κράτος</span> <span class='ocrx_word' id='word_1_47' title='bbox 1326 882 1616 951; x_wconf 69' lang='grc' dir='ltr'>ἐσχήκασι,</span> <span class='ocrx_word' id='word_1_48' title='bbox 1652 881 1752 950; x_wconf 76' lang='grc' dir='ltr'><strong>τὴν</strong></span> 
     </span>
    </p>
   </div>
   <div class='ocr_carea' id='block_1_10' title="bbox 152 970 1750 1043">
    <p class='ocr_par' dir='ltr' id='par_1_10' title="bbox 152 970 1750 1043">
     <span class='ocr_line' id='line_1_10' title="bbox 152 970 1750 1043; baseline 0.003 -21"><span class='ocrx_word' id='word_1_49' title='bbox 152 973 466 1038; x_wconf 68' lang='grc' dir='ltr'>ἡγεμονίαν</span> <span class='ocrx_word' id='word_1_50' title='bbox 497 973 598 1041; x_wconf 81' lang='grc' dir='ltr'><strong>τῆς</strong></span> <span class='ocrx_word' id='word_1_51' title='bbox 631 971 854 1041; x_wconf 78' lang='grc' dir='ltr'><strong>γραφῆς</strong></span> <span class='ocrx_word' id='word_1_52' title='bbox 881 970 1264 1042; x_wconf 81' lang='grc' dir='ltr'>λαμϐανούσης</span> <span class='ocrx_word' id='word_1_53' title='bbox 1292 974 1387 1026; x_wconf 77' lang='grc' dir='ltr'><strong>καὶ</strong></span> <span class='ocrx_word' id='word_1_54' title='bbox 1411 973 1501 1026; x_wconf 82' lang='grc' dir='ltr'><strong>διὰ</strong></span> <span class='ocrx_word' id='word_1_55' title='bbox 1535 973 1750 1043; x_wconf 80' lang='grc' dir='ltr'>μακροῦ</span> 
     </span>
    </p>
   </div>
   <div class='ocr_carea' id='block_1_11' title="bbox 149 1060 1748 1134">
    <p class='ocr_par' dir='ltr' id='par_1_11' title="bbox 149 1060 1748 1134">
     <span class='ocr_line' id='line_1_11' title="bbox 149 1060 1748 1134; baseline 0.003 -23"><span class='ocrx_word' id='word_1_56' title='bbox 149 1062 562 1132; x_wconf 71' lang='grc' dir='ltr'>πομπευούσης</span> <span class='ocrx_word' id='word_1_57' title='bbox 592 1062 687 1114; x_wconf 82' lang='grc' dir='ltr'><strong>τοῦ</strong></span> <span class='ocrx_word' id='word_1_58' title='bbox 718 1062 936 1133; x_wconf 86' lang='grc' dir='ltr'>χρόνου.</span> <span class='ocrx_word' id='word_1_59' title='bbox 981 1063 1096 1118; x_wconf 85' lang='grc' dir='ltr'><strong>Ούκ</strong></span> <span class='ocrx_word' id='word_1_60' title='bbox 1125 1060 1241 1116; x_wconf 75' lang='grc' dir='ltr'>οἶδα</span> <span class='ocrx_word' id='word_1_61' title='bbox 1274 1062 1319 1116; x_wconf 76' lang='grc' dir='ltr'>δ’</span> <span class='ocrx_word' id='word_1_62' title='bbox 1343 1064 1602 1134; x_wconf 77' lang='grc' dir='ltr'>ὁπότερον</span> <span class='ocrx_word' id='word_1_63' title='bbox 1630 1063 1748 1116; x_wconf 66' lang='grc' dir='ltr'>οὐδ’</span> 
     </span>
    </p>
   </div>
   <div class='ocr_carea' id='block_1_12' title="bbox 150 1147 1750 1224">
    <p class='ocr_par' dir='ltr' id='par_1_12' title="bbox 150 1147 1750 1224">
     <span class='ocr_line' id='line_1_12' title="bbox 150 1147 1750 1224; baseline 0.003 -20"><span class='ocrx_word' id='word_1_64' title='bbox 150 1154 258 1219; x_wconf 63' lang='grc' dir='ltr'><strong>ἔχω</strong></span> <span class='ocrx_word' id='word_1_65' title='bbox 274 1153 488 1222; x_wconf 65' lang='grc' dir='ltr'>ῥᾳδίως</span> <span class='ocrx_word' id='word_1_66' title='bbox 516 1154 935 1221; x_wconf 78' lang='grc' dir='ltr'>ἐπιγιγνώσκειν</span> <span class='ocrx_word' id='word_1_67' title='bbox 961 1147 1020 1207; x_wconf 76' lang='grc' dir='ltr'><strong>οὗ</strong></span> <span class='ocrx_word' id='word_1_68' title='bbox 1050 1155 1212 1224; x_wconf 67' lang='grc' dir='ltr'>χάριν</span> <span class='ocrx_word' id='word_1_69' title='bbox 1246 1153 1418 1208; x_wconf 84' lang='grc' dir='ltr'>ταῦτα</span> <span class='ocrx_word' id='word_1_70' title='bbox 1441 1155 1750 1224; x_wconf 76' lang='grc' dir='ltr'>ἐπείγονται</span> 
     </span>
    </p>
   </div>
   <div class='ocr_carea' id='block_1_13' title="bbox 151 1244 1751 1316">
    <p class='ocr_par' dir='ltr' id='par_1_13' title="bbox 151 1244 1751 1316">
     <span class='ocr_line' id='line_1_13' title="bbox 151 1244 1751 1316; baseline 0.004 -22"><span class='ocrx_word' id='word_1_71' title='bbox 151 1244 306 1312; x_wconf 68' lang='grc' dir='ltr'>δρᾷν,</span> <span class='ocrx_word' id='word_1_72' title='bbox 343 1245 446 1296; x_wconf 80' lang='grc' dir='ltr'><strong>καὶ</strong></span> <span class='ocrx_word' id='word_1_73' title='bbox 496 1245 642 1307; x_wconf 88' lang='grc' dir='ltr'>τίνος</span> <span class='ocrx_word' id='word_1_74' title='bbox 685 1245 854 1300; x_wconf 70' lang='grc' dir='ltr'>ἓνεκα</span> <span class='ocrx_word' id='word_1_75' title='bbox 901 1245 1126 1314; x_wconf 84' lang='grc' dir='ltr'>κέρδους</span> <span class='ocrx_word' id='word_1_76' title='bbox 1165 1248 1224 1309; x_wconf 86' lang='grc' dir='ltr'><strong>ἐς</strong></span> <span class='ocrx_word' id='word_1_77' title='bbox 1253 1246 1532 1309; x_wconf 77' lang='grc' dir='ltr'>τοιούτους</span> <span class='ocrx_word' id='word_1_78' title='bbox 1572 1261 1751 1316; x_wconf 83' lang='grc' dir='ltr'>κρημ-</span> 
     </span>
    </p>
   </div>
   <div class='ocr_carea' id='block_1_14' title="bbox 149 1333 1750 1407">
    <p class='ocr_par' dir='ltr' id='par_1_14' title="bbox 149 1333 1750 1407">
     <span class='ocr_line' id='line_1_14' title="bbox 149 1333 1750 1407; baseline 0.006 -26"><span class='ocrx_word' id='word_1_79' title='bbox 149 1335 280 1393; x_wconf 65' lang='grc' dir='ltr'>νοὺς</span> <span class='ocrx_word' id='word_1_80' title='bbox 328 1333 568 1396; x_wconf 75' lang='grc' dir='ltr'>ἑαυτοὺς</span> <span class='ocrx_word' id='word_1_81' title='bbox 612 1333 964 1389; x_wconf 82' lang='grc' dir='ltr'>συνωθοῦσιν.</span> <span class='ocrx_word' id='word_1_82' title='bbox 993 1335 1061 1389; x_wconf 78' lang='grc' dir='ltr'><strong>Εἴ</strong></span> <span class='ocrx_word' id='word_1_83' title='bbox 1101 1353 1163 1389; x_wconf 88' lang='grc' dir='ltr'><strong>τε</strong></span> <span class='ocrx_word' id='word_1_84' title='bbox 1201 1337 1310 1407; x_wconf 89' lang='lat'><strong>7&amp;9</strong></span> <span class='ocrx_word' id='word_1_85' title='bbox 1341 1336 1577 1406; x_wconf 73' lang='grc' dir='ltr'>ἰδιότητά</span> <span class='ocrx_word' id='word_1_86' title='bbox 1627 1354 1750 1390; x_wconf 87' lang='grc' dir='ltr'>τινα</span> 
     </span>
    </p>
   </div>
   <div class='ocr_carea' id='block_1_15' title="bbox 146 1427 1748 1498">
    <p class='ocr_par' dir='ltr' id='par_1_15' title="bbox 146 1427 1748 1498">
     <span class='ocr_line' id='line_1_15' title="bbox 146 1427 1748 1498; baseline 0.003 -22"><span class='ocrx_word' id='word_1_87' title='bbox 146 1427 360 1489; x_wconf 73' lang='grc' dir='ltr'>κακίας</span> <span class='ocrx_word' id='word_1_88' title='bbox 409 1427 868 1495; x_wconf 81' lang='grc' dir='ltr'>ἀποπιμπλάντες</span> <span class='ocrx_word' id='word_1_89' title='bbox 895 1429 1212 1482; x_wconf 81' lang='grc' dir='ltr'>ἐαυτῶνέπὶ</span> <span class='ocrx_word' id='word_1_90' title='bbox 1239 1429 1341 1492; x_wconf 79' lang='grc' dir='ltr'><strong>τὰς</strong></span> <span class='ocrx_word' id='word_1_91' title='bbox 1369 1428 1511 1482; x_wconf 76' lang='grc' dir='ltr'>οὕτω</span> <span class='ocrx_word' id='word_1_92' title='bbox 1530 1429 1748 1498; x_wconf 79' lang='grc' dir='ltr'>ψευδεῖς</span> 
     </span>
    </p>
   </div>
   <div class='ocr_carea' id='block_1_16' title="bbox 147 1515 1749 1587">
    <p class='ocr_par' dir='ltr' id='par_1_16' title="bbox 147 1515 1749 1587">
     <span class='ocr_line' id='line_1_16' title="bbox 147 1515 1749 1587; baseline 0.002 -19"><span class='ocrx_word' id='word_1_93' title='bbox 147 1515 519 1584; x_wconf 71' lang='grc' dir='ltr'><strong>βλασφημίας</strong></span> <span class='ocrx_word' id='word_1_94' title='bbox 559 1517 824 1586; x_wconf 75' lang='grc' dir='ltr'>χωροῦσι,</span> <span class='ocrx_word' id='word_1_95' title='bbox 881 1518 1062 1580; x_wconf 82' lang='grc' dir='ltr'>κακῶς</span> <span class='ocrx_word' id='word_1_96' title='bbox 1093 1517 1250 1571; x_wconf 80' lang='grc' dir='ltr'>τοῦτο</span> <span class='ocrx_word' id='word_1_97' title='bbox 1287 1517 1458 1587; x_wconf 86' lang='grc' dir='ltr'>δρῶσι</span> <span class='ocrx_word' id='word_1_98' title='bbox 1499 1517 1595 1571; x_wconf 58' lang='grc' dir='ltr'><strong>καὶ⁵</strong></span> <span class='ocrx_word' id='word_1_99' title='bbox 1625 1517 1749 1571; x_wconf 87' lang='grc' dir='ltr'>λίαν</span> 
     </span>
    </p>
   </div>
   <div class='ocr_carea' id='block_1_17' title="bbox 149 1605 1744 1677">
    <p class='ocr_par' dir='ltr' id='par_1_17' title="bbox 149 1605 1744 1677">
     <span class='ocr_line' id='line_1_17' title="bbox 149 1605 1744 1677; baseline 0.006 -21"><span class='ocrx_word' id='word_1_100' title='bbox 149 1605 403 1674; x_wconf 77' lang='grc' dir='ltr'>αἰσχρῶς</span> <span class='ocrx_word' id='word_1_101' title='bbox 429 1607 528 1658; x_wconf 79' lang='grc' dir='ltr'>καὶ</span> <span class='ocrx_word' id='word_1_102' title='bbox 560 1607 703 1658; x_wconf 70' lang='grc' dir='ltr'>κατὰ</span> <span class='ocrx_word' id='word_1_103' title='bbox 733 1605 831 1674; x_wconf 84' lang='grc' dir='ltr'><strong>τῆς</strong></span> <span class='ocrx_word' id='word_1_104' title='bbox 869 1607 1100 1673; x_wconf 79' lang='grc' dir='ltr'>ἑαυτῶν,</span> <span class='ocrx_word' id='word_1_105' title='bbox 1155 1607 1230 1670; x_wconf 84' lang='grc' dir='ltr'>ὡς</span> <span class='ocrx_word' id='word_1_106' title='bbox 1255 1609 1449 1671; x_wconf 75' lang='grc' dir='ltr'>εἰπεῖν,</span> <span class='ocrx_word' id='word_1_107' title='bbox 1479 1608 1744 1677; x_wconf 78' lang='grc' dir='ltr'>κεφαλῆς.</span> 
     </span>
    </p>
   </div>
   <div class='ocr_carea' id='block_1_18' title="bbox 149 1694 1746 1768">
    <p class='ocr_par' dir='ltr' id='par_1_18' title="bbox 149 1694 1746 1768">
     <span class='ocr_line' id='line_1_18' title="bbox 149 1694 1746 1768; baseline 0.002 -20"><span class='ocrx_word' id='word_1_108' title='bbox 149 1694 370 1764; x_wconf 74' lang='grc' dir='ltr'>Στήλην</span> <span class='ocrx_word' id='word_1_109' title='bbox 399 1710 464 1747; x_wconf 76' lang='grc' dir='ltr'>τι</span> <span class='ocrx_word' id='word_1_110' title='bbox 511 1695 622 1764; x_wconf 73' lang='grc' dir='ltr'>γὰρ</span> <span class='ocrx_word' id='word_1_111' title='bbox 650 1696 752 1766; x_wconf 88' lang='grc' dir='ltr'><strong>τῆς</strong></span> <span class='ocrx_word' id='word_1_112' title='bbox 799 1697 948 1765; x_wconf 81' lang='grc' dir='ltr'>σφῶν</span> <span class='ocrx_word' id='word_1_113' title='bbox 991 1697 1191 1760; x_wconf 80' lang='grc' dir='ltr'>κακίας</span> <span class='ocrx_word' id='word_1_114' title='bbox 1233 1696 1314 1767; x_wconf 86' lang='grc' dir='ltr'><strong>τῷ</strong></span> <span class='ocrx_word' id='word_1_115' title='bbox 1345 1697 1531 1768; x_wconf 83' lang='grc' dir='ltr'>χρόνῳ</span> <span class='ocrx_word' id='word_1_116' title='bbox 1571 1698 1746 1766; x_wconf 78' lang='grc' dir='ltr'>παρέο</span> 
     </span>
    </p>
   </div>
   <div class='ocr_carea' id='block_1_19' title="bbox 151 1785 1746 1859">
    <p class='ocr_par' dir='ltr' id='par_1_19' title="bbox 151 1785 1746 1859">
     <span class='ocr_line' id='line_1_19' title="bbox 151 1785 1746 1859; baseline 0.003 -23"><span class='ocrx_word' id='word_1_117' title='bbox 151 1803 365 1852; x_wconf 76' lang='grc' dir='ltr'>ιουσιν,</span> <span class='ocrx_word' id='word_1_118' title='bbox 403 1785 500 1858; x_wconf 85' lang='grc' dir='ltr'>[Ρ.</span> <span class='ocrx_word' id='word_1_119' title='bbox 555 1786 617 1858; x_wconf 63' lang='grc' dir='ltr'><strong>Α]</strong></span> <span class='ocrx_word' id='word_1_120' title='bbox 662 1787 745 1841; x_wconf 87' lang='grc' dir='ltr'><strong>δτι</strong></span> <span class='ocrx_word' id='word_1_121' title='bbox 793 1787 913 1853; x_wconf 78' lang='grc' dir='ltr'>ἐξὸν</span> <span class='ocrx_word' id='word_1_122' title='bbox 944 1789 1006 1840; x_wconf 86' lang='grc' dir='ltr'>ὲκ</span> <span class='ocrx_word' id='word_1_123' title='bbox 1040 1787 1136 1842; x_wconf 79' lang='grc' dir='ltr'><strong>τοῦ</strong></span> <span class='ocrx_word' id='word_1_124' title='bbox 1184 1789 1365 1857; x_wconf 78' lang='grc' dir='ltr'>λέγειν</span> <span class='ocrx_word' id='word_1_125' title='bbox 1398 1787 1622 1859; x_wconf 78' lang='grc' dir='ltr'>εὔφημα</span> <span class='ocrx_word' id='word_1_126' title='bbox 1649 1789 1746 1842; x_wconf 81' lang='grc' dir='ltr'><strong>καὶ</strong></span> 
     </span>
    </p>
   </div>
   <div class='ocr_carea' id='block_1_20' title="bbox 156 1877 1740 1949">
    <p class='ocr_par' dir='ltr' id='par_1_20' title="bbox 156 1877 1740 1949">
     <span class='ocr_line' id='line_1_20' title="bbox 156 1877 1740 1949; baseline 0.002 -21"><span class='ocrx_word' id='word_1_127' title='bbox 156 1877 504 1946; x_wconf 71' lang='grc' dir='ltr'>πρεσϐεύειν</span> <span class='ocrx_word' id='word_1_128' title='bbox 551 1878 834 1948; x_wconf 71' lang='grc' dir='ltr'>ἀλήθειαν,</span> <span class='ocrx_word' id='word_1_129' title='bbox 867 1879 1236 1949; x_wconf 82' lang='grc' dir='ltr'>γνωρίζεσθαι</span> <span class='ocrx_word' id='word_1_130' title='bbox 1267 1882 1380 1943; x_wconf 79' lang='grc' dir='ltr'>τοϊς</span> <span class='ocrx_word' id='word_1_131' title='bbox 1405 1879 1700 1934; x_wconf 83' lang='grc' dir='ltr'>ἀκούουσιν</span> <span class='ocrx_word' id='word_1_132' title='bbox 1726 1895 1740 1911; x_wconf 78' lang='grc' dir='ltr'><strong>ο</strong></span> 
     </span>
    </p>
   </div>
   <div class='ocr_carea' id='block_1_21' title="bbox 149 1969 1744 2042">
    <p class='ocr_par' dir='ltr' id='par_1_21' title="bbox 149 1969 1744 2042">
     <span class='ocr_line' id='line_1_21' title="bbox 149 1969 1744 2042; baseline 0.003 -20"><span class='ocrx_word' id='word_1_133' title='bbox 149 1972 197 2022; x_wconf 76' lang='lat' dir='ltr'><strong>ot</strong></span> <span class='ocrx_word' id='word_1_134' title='bbox 224 1971 272 2022; x_wconf 88' lang='grc' dir='ltr'>δ’</span> <span class='ocrx_word' id='word_1_135' title='bbox 303 1975 372 2022; x_wconf 78' lang='grc' dir='ltr'><strong>ἐκ</strong></span> <span class='ocrx_word' id='word_1_136' title='bbox 423 1969 527 2023; x_wconf 81' lang='grc' dir='ltr'>τοῦ</span> <span class='ocrx_word' id='word_1_137' title='bbox 561 1971 786 2024; x_wconf 79' lang='grc' dir='ltr'>πλύνειν</span> <span class='ocrx_word' id='word_1_138' title='bbox 846 1970 1086 2040; x_wconf 74' lang='grc' dir='ltr'>ἁμάξαις</span> <span class='ocrx_word' id='word_1_139' title='bbox 1134 1969 1344 2038; x_wconf 78' lang='grc' dir='ltr'>ὕϐρεων</span> <span class='ocrx_word' id='word_1_140' title='bbox 1398 1972 1524 2035; x_wconf 81' lang='grc' dir='ltr'>τοὺς</span> <span class='ocrx_word' id='word_1_141' title='bbox 1575 1971 1744 2042; x_wconf 71' lang='grc' dir='ltr'>μηδὲν</span> 
     </span>
    </p>
   </div>
   <div class='ocr_carea' id='block_1_22' title="bbox 155 2061 1746 2133">
    <p class='ocr_par' dir='ltr' id='par_1_22' title="bbox 155 2061 1746 2133">
     <span class='ocr_line' id='line_1_22' title="bbox 155 2061 1746 2133; baseline 0.003 -20"><span class='ocrx_word' id='word_1_142' title='bbox 155 2062 552 2130; x_wconf 71' lang='grc' dir='ltr'>ἀδικήσαντας,</span> <span class='ocrx_word' id='word_1_143' title='bbox 607 2061 954 2132; x_wconf 74' lang='grc' dir='ltr'>δημοσιεύειν</span> <span class='ocrx_word' id='word_1_144' title='bbox 1009 2061 1507 2131; x_wconf 67' lang='grc' dir='ltr'>εἴλοντοσέαυτοὺς,</span> <span class='ocrx_word' id='word_1_145' title='bbox 1567 2078 1746 2133; x_wconf 83' lang='grc' dir='ltr'>παρα-</span> 
     </span>
    </p>
   </div>
   <div class='ocr_carea' id='block_1_23' title="bbox 158 2150 1741 2223">
    <p class='ocr_par' dir='ltr' id='par_1_23' title="bbox 158 2150 1741 2223">
     <span class='ocr_line' id='line_1_23' title="bbox 158 2150 1741 2223; baseline 0.002 -20"><span class='ocrx_word' id='word_1_146' title='bbox 158 2151 400 2220; x_wconf 75' lang='grc' dir='ltr'>πλησίως</span> <span class='ocrx_word' id='word_1_147' title='bbox 433 2153 636 2219; x_wconf 75' lang='grc' dir='ltr'>ὥσπερ</span> <span class='ocrx_word' id='word_1_148' title='bbox 686 2152 753 2204; x_wconf 67' lang='grc' dir='ltr'>ἂν</span> <span class='ocrx_word' id='word_1_149' title='bbox 789 2151 844 2204; x_wconf 80' lang='grc' dir='ltr'><strong>εί</strong></span> <span class='ocrx_word' id='word_1_150' title='bbox 891 2167 995 2218; x_wconf 89' lang='grc' dir='ltr'>τις,</span> <span class='ocrx_word' id='word_1_151' title='bbox 1047 2150 1174 2217; x_wconf 74' lang='grc' dir='ltr'>ἐξὸν</span> <span class='ocrx_word' id='word_1_152' title='bbox 1207 2150 1521 2223; x_wconf 75' lang='grc' dir='ltr'>ἠπειρώτης</span> <span class='ocrx_word' id='word_1_153' title='bbox 1575 2150 1741 2216; x_wconf 76' lang='grc' dir='ltr'>εἶναι,</span> 
     </span>
    </p>
   </div>
   <div class='ocr_carea' id='block_1_24' title="bbox 153 2242 1744 2315">
    <p class='ocr_par' dir='ltr' id='par_1_24' title="bbox 153 2242 1744 2315">
     <span class='ocr_line' id='line_1_24' title="bbox 153 2242 1744 2315; baseline 0.004 -21"><span class='ocrx_word' id='word_1_154' title='bbox 153 2244 246 2294; x_wconf 75' lang='grc' dir='ltr'>καὶ</span> <span class='ocrx_word' id='word_1_155' title='bbox 278 2242 397 2312; x_wconf 80' lang='grc' dir='ltr'>βίον</span> <span class='ocrx_word' id='word_1_156' title='bbox 434 2243 894 2312; x_wconf 78' lang='grc' dir='ltr'>ἐπικερδέστερον</span> <span class='ocrx_word' id='word_1_157' title='bbox 946 2244 1042 2296; x_wconf 71' lang='grc' dir='ltr'>καὶ</span> <span class='ocrx_word' id='word_1_158' title='bbox 1070 2243 1358 2298; x_wconf 75' lang='grc' dir='ltr'>ἀκίνδυνον</span> <span class='ocrx_word' id='word_1_159' title='bbox 1388 2245 1511 2315; x_wconf 79' lang='grc' dir='ltr'>ζῇν,</span> <span class='ocrx_word' id='word_1_160' title='bbox 1541 2247 1570 2299; x_wconf 83' lang='grc' dir='ltr'><strong>δ</strong></span> <span class='ocrx_word' id='word_1_161' title='bbox 1616 2245 1664 2300; x_wconf 75' lang='grc' dir='ltr'>δ’</span> <span class='ocrx_word' id='word_1_162' title='bbox 1685 2248 1744 2310; x_wconf 76' lang='grc' dir='ltr'><strong>ἐς</strong></span> 
     </span>
    </p>
   </div>
   <div class='ocr_carea' id='block_1_25' title="bbox 161 2336 1740 2409">
    <p class='ocr_par' dir='ltr' id='par_1_25' title="bbox 161 2336 1740 2409">
     <span class='ocr_line' id='line_1_25' title="bbox 161 2336 1740 2409; baseline 0.003 -19"><span class='ocrx_word' id='word_1_163' title='bbox 161 2336 526 2390; x_wconf 73' lang='grc' dir='ltr'>Ἄτλαντικοῦ</span> <span class='ocrx_word' id='word_1_164' title='bbox 565 2336 836 2405; x_wconf 78' lang='grc' dir='ltr'>πελάγους</span> <span class='ocrx_word' id='word_1_165' title='bbox 883 2337 1161 2407; x_wconf 83' lang='grc' dir='ltr'>χειμῶνας</span> <span class='ocrx_word' id='word_1_166' title='bbox 1213 2338 1310 2392; x_wconf 79' lang='grc' dir='ltr'>καὶ</span> <span class='ocrx_word' id='word_1_167' title='bbox 1337 2338 1616 2403; x_wconf 76' lang='grc' dir='ltr'>κλύδωνας</span> <span class='ocrx_word' id='word_1_168' title='bbox 1643 2341 1740 2409; x_wconf 82' lang='grc' dir='ltr'>φέ-</span> 
     </span>
    </p>
   </div>
   <div class='ocr_carea' id='block_1_26' title="bbox 155 2427 1742 2502">
    <p class='ocr_par' dir='ltr' id='par_1_26' title="bbox 155 2427 1742 2502">
     <span class='ocr_line' id='line_1_26' title="bbox 155 2427 1742 2502; baseline 0.004 -23"><span class='ocrx_word' id='word_1_169' title='bbox 155 2443 264 2495; x_wconf 77' lang='grc' dir='ltr'><strong>ρων</strong></span> <span class='ocrx_word' id='word_1_170' title='bbox 312 2427 664 2497; x_wconf 79' lang='grc' dir='ltr'>ἐμϐέϐληκεν</span> <span class='ocrx_word' id='word_1_171' title='bbox 718 2427 934 2484; x_wconf 80' lang='grc' dir='ltr'>ἑαυτόν.</span> <span class='ocrx_word' id='word_1_172' title='bbox 996 2427 1070 2481; x_wconf 84' lang='grc' dir='ltr'>Τδ</span> <span class='ocrx_word' id='word_1_173' title='bbox 1115 2428 1173 2482; x_wconf 71' lang='grc' dir='ltr'>δὲ</span> <span class='ocrx_word' id='word_1_174' title='bbox 1204 2429 1298 2482; x_wconf 84' lang='grc' dir='ltr'>καὶ</span> <span class='ocrx_word' id='word_1_175' title='bbox 1325 2430 1517 2484; x_wconf 83' lang='grc' dir='ltr'>κακῶν</span> <span class='ocrx_word' id='word_1_176' title='bbox 1573 2431 1742 2502; x_wconf 79' lang='grc' dir='ltr'>ἀρχέ-</span> 
     </span>
    </p>
   </div>
   <div class='ocr_carea' id='block_1_27' title="bbox 153 2515 1742 2588">
    <p class='ocr_par' dir='ltr' id='par_1_27' title="bbox 153 2515 1742 2588">
     <span class='ocr_line' id='line_1_27' title="bbox 153 2515 1742 2588; baseline 0.004 -21"><span class='ocrx_word' id='word_1_177' title='bbox 153 2529 298 2567; x_wconf 72' lang='grc' dir='ltr'>τυπα</span> <span class='ocrx_word' id='word_1_178' title='bbox 328 2515 448 2585; x_wconf 77' lang='grc'><strong>(10)</strong></span> <span class='ocrx_word' id='word_1_179' title='bbox 485 2517 604 2578; x_wconf 78' lang='grc' dir='ltr'>τοῖς</span> <span class='ocrx_word' id='word_1_180' title='bbox 651 2515 849 2584; x_wconf 78' lang='grc' dir='ltr'>ἐφεξῆς</span> <span class='ocrx_word' id='word_1_181' title='bbox 900 2515 983 2579; x_wconf 85' lang='grc' dir='ltr'><strong>είς</strong></span> <span class='ocrx_word' id='word_1_182' title='bbox 1052 2515 1285 2587; x_wconf 77' lang='grc' dir='ltr'>μίμησιν</span> <span class='ocrx_word' id='word_1_183' title='bbox 1318 2518 1635 2588; x_wconf 80' lang='grc' dir='ltr'>προτιθέναι</span> <span class='ocrx_word' id='word_1_184' title='bbox 1668 2519 1742 2573; x_wconf 71' lang='grc' dir='ltr'>τὰ</span> 
     </span>
    </p>
   </div>
   <div class='ocr_carea' id='block_1_28' title="bbox 158 2605 1736 2679">
    <p class='ocr_par' dir='ltr' id='par_1_28' title="bbox 158 2605 1736 2679">
     <span class='ocr_line' id='line_1_28' title="bbox 158 2605 1736 2679; baseline -0.004 -15"><span class='ocrx_word' id='word_1_185' title='bbox 158 2606 497 2674; x_wconf 77' lang='grc' dir='ltr'>γράμματα,</span> <span class='ocrx_word' id='word_1_186' title='bbox 536 2608 632 2658; x_wconf 75' lang='grc' dir='ltr'>καὶ</span> <span class='ocrx_word' id='word_1_187' title='bbox 657 2605 782 2676; x_wconf 81' lang='grc' dir='ltr'>ιίκῆ</span> <span class='ocrx_word' id='word_1_188' title='bbox 833 2605 1097 2677; x_wconf 78' lang='grc' dir='ltr'>καθιστᾷν</span> <span class='ocrx_word' id='word_1_189' title='bbox 1134 2607 1364 2670; x_wconf 74' lang='grc' dir='ltr'>ἑαυτοὺς</span> <span class='ocrx_word' id='word_1_190' title='bbox 1392 2609 1600 2672; x_wconf 86' lang='grc' dir='ltr'>αίτίους</span> <span class='ocrx_word' id='word_1_191' title='bbox 1632 2611 1736 2679; x_wconf 80' lang='grc' dir='ltr'><strong>τῆς</strong></span> 
     </span>
    </p>
   </div>
   <div class='ocr_carea' id='block_1_29' title="bbox 163 2695 1740 2769">
    <p class='ocr_par' dir='ltr' id='par_1_29' title="bbox 163 2695 1740 2769">
     <span class='ocr_line' id='line_1_29' title="bbox 163 2695 1740 2769; baseline 0.004 -23"><span class='ocrx_word' id='word_1_192' title='bbox 163 2698 388 2748; x_wconf 54' lang='lat' dir='ltr'><strong>ins-Limn</strong></span> <span class='ocrx_word' id='word_1_193' title='bbox 442 2695 746 2760; x_wconf 79' lang='grc' dir='ltr'>ἀπωλείας,</span> <span class='ocrx_word' id='word_1_194' title='bbox 797 2695 960 2750; x_wconf 83' lang='grc' dir='ltr'>τοῦτο</span> <span class='ocrx_word' id='word_1_195' title='bbox 1013 2697 1070 2751; x_wconf 73' lang='grc' dir='ltr'>δὲ</span> <span class='ocrx_word' id='word_1_196' title='bbox 1134 2696 1304 2752; x_wconf 90' lang='grc' dir='ltr'>ποίων</span> <span class='ocrx_word' id='word_1_197' title='bbox 1331 2699 1597 2769; x_wconf 76' lang='grc' dir='ltr'>κρημνῶν</span> <span class='ocrx_word' id='word_1_198' title='bbox 1639 2700 1740 2754; x_wconf 81' lang='grc' dir='ltr'>οὐκ</span> 
     </span>
    </p>
   </div>
   <div class='ocr_carea' id='block_1_30' title="bbox 162 2786 1737 2860">
    <p class='ocr_par' dir='ltr' id='par_1_30' title="bbox 162 2786 1737 2860">
     <span class='ocr_line' id='line_1_30' title="bbox 162 2786 1737 2860; baseline 0.005 -23"><span class='ocrx_word' id='word_1_199' title='bbox 162 2787 412 2852; x_wconf 68' lang='grc' dir='ltr'>ἐπάξιον,</span> <span class='ocrx_word' id='word_1_200' title='bbox 446 2786 646 2857; x_wconf 84' lang='grc' dir='ltr'>δίδυμα</span> <span class='ocrx_word' id='word_1_201' title='bbox 676 2790 768 2842; x_wconf 80' lang='grc' dir='ltr'>καὶ</span> <span class='ocrx_word' id='word_1_202' title='bbox 796 2790 1001 2860; x_wconf 77' lang='grc' dir='ltr'>τριπλᾶ</span> <span class='ocrx_word' id='word_1_203' title='bbox 1026 2791 1312 2859; x_wconf 82' lang='grc' dir='ltr'>προτεῖνον</span> <span class='ocrx_word' id='word_1_204' title='bbox 1336 2790 1543 2860; x_wconf 80' lang='grc' dir='ltr'>τάγκλή</span> <span class='ocrx_word' id='word_1_205' title='bbox 1553 2809 1699 2860; x_wconf 90' lang='grc' dir='ltr'>ματα</span> <span class='ocrx_word' id='word_1_206' title='bbox 1722 2808 1737 2857; x_wconf 90' lang='grc'>;</span> 
     </span>
    </p>
   </div>
   <div class='ocr_carea' id='block_1_31' title="bbox 166 2877 1742 2948">
    <p class='ocr_par' dir='ltr' id='par_1_31' title="bbox 166 2877 1742 2948">
     <span class='ocr_line' id='line_1_31' title="bbox 166 2877 1742 2948; baseline 0.003 -16"><span class='ocrx_word' id='word_1_207' title='bbox 166 2879 226 2932; x_wconf 75' lang='grc' dir='ltr'><strong>’Δ</strong></span> <span class='ocrx_word' id='word_1_208' title='bbox 265 2881 386 2947; x_wconf 84' lang='lat'><strong>7&amp;9</strong></span> <span class='ocrx_word' id='word_1_209' title='bbox 421 2877 500 2939; x_wconf 78' lang='grc' dir='ltr'>ὡς</span> <span class='ocrx_word' id='word_1_210' title='bbox 536 2878 678 2948; x_wconf 77' lang='grc' dir='ltr'>ἀήθη</span> <span class='ocrx_word' id='word_1_211' title='bbox 707 2881 829 2941; x_wconf 78' lang='grc' dir='ltr'>ταῖς</span> <span class='ocrx_word' id='word_1_212' title='bbox 853 2879 1148 2945; x_wconf 87' lang='grc' dir='ltr'>πολιτείαις</span> <span class='ocrx_word' id='word_1_213' title='bbox 1189 2883 1283 2935; x_wconf 77' lang='grc' dir='ltr'><strong>καὶ</strong></span> <span class='ocrx_word' id='word_1_214' title='bbox 1315 2882 1441 2934; x_wconf 83' lang='grc' dir='ltr'>νόθα</span> <span class='ocrx_word' id='word_1_215' title='bbox 1496 2882 1742 2937; x_wconf 80' lang='grc' dir='ltr'>ἐλαύνειν</span> 
     </span>
    </p>
   </div>
   <div class='ocr_carea' id='block_1_32' title="bbox 157 2971 1736 3045">
    <p class='ocr_par' dir='ltr' id='par_1_32' title="bbox 157 2971 1736 3045">
     <span class='ocr_line' id='line_1_32' title="bbox 157 2971 1736 3045; baseline 0.003 -22"><span class='ocrx_word' id='word_1_216' title='bbox 157 2973 226 3034; x_wconf 72' lang='grc' dir='ltr'><strong>ὡς</strong></span> <span class='ocrx_word' id='word_1_217' title='bbox 254 2971 612 3042; x_wconf 63' lang='grc' dir='ltr'>πορρωτάτω</span> <span class='ocrx_word' id='word_1_218' title='bbox 651 2974 751 3024; x_wconf 69' lang='grc' dir='ltr'>καὶ</span> <span class='ocrx_word' id='word_1_219' title='bbox 781 2973 1192 3044; x_wconf 80' lang='grc' dir='ltr'>ἀποτρέπεσθαι</span> <span class='ocrx_word' id='word_1_220' title='bbox 1225 2972 1472 3045; x_wconf 70' lang='grc' dir='ltr'>ἔμελλον,</span> <span class='ocrx_word' id='word_1_221' title='bbox 1505 2975 1736 3038; x_wconf 81' lang='grc' dir='ltr'>δεδιότες</span> 
     </span>
    </p>
   </div>
   <div class='ocr_carea' id='block_1_33' title="bbox 158 3057 1732 3133">
    <p class='ocr_par' dir='ltr' id='par_1_33' title="bbox 158 3057 1732 3133">
     <span class='ocr_line' id='line_1_33' title="bbox 158 3057 1732 3133; baseline 0.004 -19"><span class='ocrx_word' id='word_1_222' title='bbox 158 3057 232 3122; x_wconf 67' lang='grc' dir='ltr'>οἷς</span> <span class='ocrx_word' id='word_1_223' title='bbox 267 3063 340 3114; x_wconf 67' lang='grc' dir='ltr'><strong>τὰ</strong></span> <span class='ocrx_word' id='word_1_224' title='bbox 366 3061 600 3115; x_wconf 78' lang='grc' dir='ltr'>τοιαῦτα</span> <span class='ocrx_word' id='word_1_225' title='bbox 630 3063 926 3133; x_wconf 86' lang='grc' dir='ltr'>πρόχειρον</span> <span class='ocrx_word' id='word_1_226' title='bbox 955 3063 1240 3130; x_wconf 73' lang='grc' dir='ltr'>λοιδορεῖν,</span> <span class='ocrx_word' id='word_1_227' title='bbox 1263 3065 1360 3119; x_wconf 72' lang='grc' dir='ltr'>καὶ</span> <span class='ocrx_word' id='word_1_228' title='bbox 1390 3067 1500 3120; x_wconf 84' lang='grc' dir='ltr'>τῶν</span> <span class='ocrx_word' id='word_1_229' title='bbox 1523 3067 1732 3120; x_wconf 88' lang='grc' dir='ltr'>πόλεων</span> 
     </span>
    </p>
   </div>
   <div class='ocr_carea' id='block_1_34' title="bbox 1858 609 3423 682">
    <p class='ocr_par' dir='ltr' id='par_1_34' title="bbox 1858 609 3423 682">
     <span class='ocr_line' id='line_1_34' title="bbox 1858 609 3423 682; baseline 0.004 -19"><span class='ocrx_word' id='word_1_230' title='bbox 1858 623 1957 663; x_wconf 81' lang='lat' dir='ltr'><strong>eos</strong></span> <span class='ocrx_word' id='word_1_231' title='bbox 1989 623 2126 677; x_wconf 89' lang='lat' dir='ltr'><strong>quos</strong></span> <span class='ocrx_word' id='word_1_232' title='bbox 2151 609 2340 665; x_wconf 70' lang='lat' dir='ltr'><strong>laesere</strong></span> <span class='ocrx_word' id='word_1_233' title='bbox 2369 609 2565 680; x_wconf 83' lang='lat' dir='ltr'><strong>injuria</strong></span> <span class='ocrx_word' id='word_1_234' title='bbox 2608 620 2864 681; x_wconf 89' lang='lat' dir='ltr'><strong>premunt</strong></span> <span class='ocrx_word' id='word_1_235' title='bbox 2892 629 2906 667; x_wconf 91' lang='lat'><strong>:</strong></span> <span class='ocrx_word' id='word_1_236' title='bbox 2942 613 3208 682; x_wconf 86' lang='lat' dir='ltr'><strong>scriptura</strong></span> <span class='ocrx_word' id='word_1_237' title='bbox 3233 622 3423 669; x_wconf 83' lang='lat' dir='ltr'><strong>aucto-</strong></span> 
     </span>
    </p>
   </div>
   <div class='ocr_carea' id='block_1_35' title="bbox 1857 686 3419 775">
    <p class='ocr_par' dir='ltr' id='par_1_35' title="bbox 1857 686 3419 775">
     <span class='ocr_line' id='line_1_35' title="bbox 1857 686 3419 775; baseline 0.004 -22"><span class='ocrx_word' id='word_1_238' title='bbox 1857 686 2070 754; x_wconf 75' lang='lat' dir='ltr'><strong>ritateni</strong></span> <span class='ocrx_word' id='word_1_239' title='bbox 2101 710 2278 766; x_wconf 88' lang='lat' dir='ltr'><strong>nacta,</strong></span> <span class='ocrx_word' id='word_1_240' title='bbox 2319 709 2376 756; x_wconf 85' lang='lat' dir='ltr'><strong>et</strong></span> <span class='ocrx_word' id='word_1_241' title='bbox 2411 701 2572 773; x_wconf 85' lang='lat' dir='ltr'><strong>longo</strong></span> <span class='ocrx_word' id='word_1_242' title='bbox 2604 712 2844 768; x_wconf 85' lang='lat' dir='ltr'><strong>tempore</strong></span> <span class='ocrx_word' id='word_1_243' title='bbox 2887 711 3177 758; x_wconf 86' lang='lat' dir='ltr'><strong>ostentata.</strong></span> <span class='ocrx_word' id='word_1_244' title='bbox 3224 704 3419 775; x_wconf 87' lang='lat' dir='ltr'><strong>Ignoro</strong></span> 
     </span>
    </p>
   </div>
   <div class='ocr_carea' id='block_1_36' title="bbox 1855 791 3418 862">
    <p class='ocr_par' dir='ltr' id='par_1_36' title="bbox 1855 791 3418 862">
     <span class='ocr_line' id='line_1_36' title="bbox 1855 791 3418 862; baseline 0.004 -17"><span class='ocrx_word' id='word_1_245' title='bbox 1855 800 2040 845; x_wconf 79' lang='lat' dir='ltr'><strong>autem</strong></span> <span class='ocrx_word' id='word_1_246' title='bbox 2065 805 2176 860; x_wconf 86' lang='lat' dir='ltr'><strong>quo</strong></span> <span class='ocrx_word' id='word_1_247' title='bbox 2198 791 2449 856; x_wconf 89' lang='lat' dir='ltr'><strong>consilio,</strong></span> <span class='ocrx_word' id='word_1_248' title='bbox 2476 807 2576 847; x_wconf 91' lang='lat' dir='ltr'><strong>nec</strong></span> <span class='ocrx_word' id='word_1_249' title='bbox 2605 792 2720 848; x_wconf 89' lang='lat' dir='ltr'><strong>scio</strong></span> <span class='ocrx_word' id='word_1_250' title='bbox 2754 808 2856 860; x_wconf 90' lang='lat' dir='ltr'><strong>qua</strong></span> <span class='ocrx_word' id='word_1_251' title='bbox 2884 793 3056 862; x_wconf 85' lang='lat' dir='ltr'><strong>gratia</strong></span> <span class='ocrx_word' id='word_1_252' title='bbox 3091 795 3206 851; x_wconf 50' lang='lat' dir='ltr'><strong>haec</strong></span> <span class='ocrx_word' id='word_1_253' title='bbox 3238 796 3418 851; x_wconf 80' lang='lat' dir='ltr'><strong>facere</strong></span> 
     </span>
    </p>
   </div>
   <div class='ocr_carea' id='block_1_37' title="bbox 1852 881 3422 954">
    <p class='ocr_par' dir='ltr' id='par_1_37' title="bbox 1852 881 3422 954">
     <span class='ocr_line' id='line_1_37' title="bbox 1852 881 3422 954; baseline 0.003 -18"><span class='ocrx_word' id='word_1_254' title='bbox 1852 881 2130 947; x_wconf 85' lang='lat' dir='ltr'><strong>studeant,</strong></span> <span class='ocrx_word' id='word_1_255' title='bbox 2155 891 2250 938; x_wconf 89' lang='lat' dir='ltr'><strong>aut</strong></span> <span class='ocrx_word' id='word_1_256' title='bbox 2279 883 2435 954; x_wconf 81' lang='lat' dir='ltr'><strong>cujus</strong></span> <span class='ocrx_word' id='word_1_257' title='bbox 2465 882 2602 937; x_wconf 88' lang='lat' dir='ltr'><strong>lucri</strong></span> <span class='ocrx_word' id='word_1_258' title='bbox 2637 898 2734 952; x_wconf 90' lang='lat' dir='ltr'><strong>spe</strong></span> <span class='ocrx_word' id='word_1_259' title='bbox 2769 883 2824 937; x_wconf 94' lang='lat' dir='ltr'><strong>in</strong></span> <span class='ocrx_word' id='word_1_260' title='bbox 2857 883 2982 938; x_wconf 87' lang='lat' dir='ltr'><strong>talia</strong></span> <span class='ocrx_word' id='word_1_261' title='bbox 3016 885 3310 954; x_wconf 69' lang='lat' dir='ltr'><strong>praecipitia</strong></span> <span class='ocrx_word' id='word_1_262' title='bbox 3336 887 3422 940; x_wconf 91' lang='lat' dir='ltr'><strong>in-</strong></span> 
     </span>
    </p>
   </div>
   <div class='ocr_carea' id='block_1_38' title="bbox 1850 973 3416 1046">
    <p class='ocr_par' dir='ltr' id='par_1_38' title="bbox 1850 973 3416 1046">
     <span class='ocr_line' id='line_1_38' title="bbox 1850 973 3416 1046; baseline 0.001 -17"><span class='ocrx_word' id='word_1_263' title='bbox 1850 982 2093 1029; x_wconf 80' lang='lat' dir='ltr'><strong>currant.</strong></span> <span class='ocrx_word' id='word_1_264' title='bbox 2125 973 2250 1029; x_wconf 83' lang='lat' dir='ltr'><strong>Sive</strong></span> <span class='ocrx_word' id='word_1_265' title='bbox 2277 975 2447 1040; x_wconf 90' lang='lat' dir='ltr'><strong>enim,</strong></span> <span class='ocrx_word' id='word_1_266' title='bbox 2479 985 2540 1030; x_wconf 91' lang='lat' dir='ltr'><strong>ut</strong></span> <span class='ocrx_word' id='word_1_267' title='bbox 2589 975 2914 1046; x_wconf 79' lang='lat' dir='ltr'><strong>singularem</strong></span> <span class='ocrx_word' id='word_1_268' title='bbox 2966 991 3118 1029; x_wconf 81' lang='lat' dir='ltr'><strong>suam</strong></span> <span class='ocrx_word' id='word_1_269' title='bbox 3150 976 3416 1046; x_wconf 86' lang='lat' dir='ltr'><strong>improbi-</strong></span> 
     </span>
    </p>
   </div>
   <div class='ocr_carea' id='block_1_39' title="bbox 1849 1067 3412 1137">
    <p class='ocr_par' dir='ltr' id='par_1_39' title="bbox 1849 1067 3412 1137">
     <span class='ocr_line' id='line_1_39' title="bbox 1849 1067 3412 1137; baseline 0.001 -18"><span class='ocrx_word' id='word_1_270' title='bbox 1849 1073 2015 1120; x_wconf 88' lang='lat' dir='ltr'><strong>tatem</strong></span> <span class='ocrx_word' id='word_1_271' title='bbox 2062 1067 2335 1136; x_wconf 81' lang='lat' dir='ltr'><strong>expleant,</strong></span> <span class='ocrx_word' id='word_1_272' title='bbox 2381 1069 2515 1122; x_wconf 86' lang='lat' dir='ltr'><strong>adeo</strong></span> <span class='ocrx_word' id='word_1_273' title='bbox 2564 1068 2698 1123; x_wconf 77' lang='lat' dir='ltr'><strong>falsa</strong></span> <span class='ocrx_word' id='word_1_274' title='bbox 2758 1067 3042 1122; x_wconf 84' lang='lat' dir='ltr'><strong>maledicta</strong></span> <span class='ocrx_word' id='word_1_275' title='bbox 3089 1078 3412 1137; x_wconf 73' lang='lat' dir='ltr'><strong>congerunt,</strong></span> 
     </span>
    </p>
   </div>
   <div class='ocr_carea' id='block_1_40' title="bbox 1851 1156 3411 1228">
    <p class='ocr_par' dir='ltr' id='par_1_40' title="bbox 1851 1156 3411 1228">
     <span class='ocr_line' id='line_1_40' title="bbox 1851 1156 3411 1228; baseline 0.003 -18"><span class='ocrx_word' id='word_1_276' title='bbox 1851 1157 1992 1211; x_wconf 90' lang='lat' dir='ltr'><strong>male</strong></span> <span class='ocrx_word' id='word_1_277' title='bbox 2031 1156 2240 1212; x_wconf 78' lang='lat' dir='ltr'><strong>faciunt</strong></span> <span class='ocrx_word' id='word_1_278' title='bbox 2285 1174 2350 1213; x_wconf 86' lang='lat' dir='ltr'><strong>ac</strong></span> <span class='ocrx_word' id='word_1_279' title='bbox 2393 1159 2622 1228; x_wconf 90' lang='lat' dir='ltr'><strong>turpiter</strong></span> <span class='ocrx_word' id='word_1_280' title='bbox 2667 1159 2979 1222; x_wconf 78' lang='lat' dir='ltr'><strong>admodum,</strong></span> <span class='ocrx_word' id='word_1_281' title='bbox 3013 1175 3239 1228; x_wconf 84' lang='lat' dir='ltr'><strong>suoque.</strong></span> <span class='ocrx_word' id='word_1_282' title='bbox 3265 1160 3411 1227; x_wconf 87' lang='lat' dir='ltr'><strong>quod</strong></span> 
     </span>
    </p>
   </div>
   <div class='ocr_carea' id='block_1_41' title="bbox 1849 1247 3410 1321">
    <p class='ocr_par' dir='ltr' id='par_1_41' title="bbox 1849 1247 3410 1321">
     <span class='ocr_line' id='line_1_41' title="bbox 1849 1247 3410 1321; baseline 0.002 -20"><span class='ocrx_word' id='word_1_283' title='bbox 1849 1247 2024 1315; x_wconf 90' lang='lat' dir='ltr'><strong>aiunt,</strong></span> <span class='ocrx_word' id='word_1_284' title='bbox 2055 1248 2215 1318; x_wconf 84' lang='lat' dir='ltr'><strong>capiti</strong></span> <span class='ocrx_word' id='word_1_285' title='bbox 2247 1259 2466 1305; x_wconf 87' lang='lat' dir='ltr'><strong>nocent.</strong></span> <span class='ocrx_word' id='word_1_286' title='bbox 2510 1249 2642 1306; x_wconf 87' lang='lat' dir='ltr'><strong>Nam</strong></span> <span class='ocrx_word' id='word_1_287' title='bbox 2672 1252 3036 1321; x_wconf 84' lang='lat' dir='ltr'><strong>improbitatis</strong></span> <span class='ocrx_word' id='word_1_288' title='bbox 3073 1265 3184 1305; x_wconf 67' lang='lat' dir='ltr'><strong>suae</strong></span> <span class='ocrx_word' id='word_1_289' title='bbox 3217 1267 3410 1305; x_wconf 82' lang='lat' dir='ltr'><strong>monu-</strong></span> 
     </span>
    </p>
   </div>
   <div class='ocr_carea' id='block_1_42' title="bbox 1850 1340 3416 1412">
    <p class='ocr_par' dir='ltr' id='par_1_42' title="bbox 1850 1340 3416 1412">
     <span class='ocr_line' id='line_1_42' title="bbox 1850 1340 3416 1412; baseline -0.001 -17"><span class='ocrx_word' id='word_1_290' title='bbox 1850 1350 2094 1396; x_wconf 89' lang='lat' dir='ltr'><strong>mentum</strong></span> <span class='ocrx_word' id='word_1_291' title='bbox 2144 1342 2379 1411; x_wconf 88' lang='lat' dir='ltr'><strong>produnt</strong></span> <span class='ocrx_word' id='word_1_292' title='bbox 2429 1342 2685 1410; x_wconf 86' lang='lat' dir='ltr'><strong>posteris.</strong></span> <span class='ocrx_word' id='word_1_293' title='bbox 2725 1342 2867 1411; x_wconf 90' lang='lat' dir='ltr'><strong>quod</strong></span> <span class='ocrx_word' id='word_1_294' title='bbox 2897 1343 3102 1412; x_wconf 62' lang='lat' dir='ltr'><strong>ﬁcum</strong></span> <span class='ocrx_word' id='word_1_295' title='bbox 3149 1343 3287 1396; x_wconf 92' lang='lat' dir='ltr'><strong>bene</strong></span> <span class='ocrx_word' id='word_1_296' title='bbox 3336 1340 3416 1396; x_wconf 84' lang='lat' dir='ltr'><strong>di-</strong></span> 
     </span>
    </p>
   </div>
   <div class='ocr_carea' id='block_1_43' title="bbox 1848 1431 3412 1488">
    <p class='ocr_par' dir='ltr' id='par_1_43' title="bbox 1848 1431 3412 1488">
     <span class='ocr_line' id='line_1_43' title="bbox 1848 1431 3412 1488; baseline -0.001 -2"><span class='ocrx_word' id='word_1_297' title='bbox 1848 1431 2025 1487; x_wconf 91' lang='lat' dir='ltr'><strong>cendo</strong></span> <span class='ocrx_word' id='word_1_298' title='bbox 2061 1441 2115 1486; x_wconf 88' lang='lat' dir='ltr'><strong>et</strong></span> <span class='ocrx_word' id='word_1_299' title='bbox 2155 1431 2479 1487; x_wconf 81' lang='lat' dir='ltr'><strong>celebranda</strong></span> <span class='ocrx_word' id='word_1_300' title='bbox 2517 1432 2746 1487; x_wconf 84' lang='lat' dir='ltr'><strong>veritate</strong></span> <span class='ocrx_word' id='word_1_301' title='bbox 2776 1433 3116 1488; x_wconf 83' lang='lat' dir='ltr'><strong>innotescere</strong></span> <span class='ocrx_word' id='word_1_302' title='bbox 3143 1432 3412 1487; x_wconf 89' lang='lat' dir='ltr'><strong>auditori-</strong></span> 
     </span>
    </p>
   </div>
   <div class='ocr_carea' id='block_1_44' title="bbox 1847 1522 3416 1593">
    <p class='ocr_par' dir='ltr' id='par_1_44' title="bbox 1847 1522 3416 1593">
     <span class='ocr_line' id='line_1_44' title="bbox 1847 1522 3416 1593; baseline -0.001 -15"><span class='ocrx_word' id='word_1_303' title='bbox 1847 1522 1952 1578; x_wconf 89' lang='lat' dir='ltr'><strong>bus</strong></span> <span class='ocrx_word' id='word_1_304' title='bbox 1982 1522 2250 1590; x_wconf 85' lang='lat' dir='ltr'><strong>licuisset,</strong></span> <span class='ocrx_word' id='word_1_305' title='bbox 2296 1523 2553 1593; x_wconf 88' lang='lat' dir='ltr'><strong>plaustris</strong></span> <span class='ocrx_word' id='word_1_306' title='bbox 2595 1524 2957 1578; x_wconf 89' lang='lat' dir='ltr'><strong>convitiorum</strong></span> <span class='ocrx_word' id='word_1_307' title='bbox 3005 1524 3060 1578; x_wconf 92' lang='lat' dir='ltr'><strong>in</strong></span> <span class='ocrx_word' id='word_1_308' title='bbox 3096 1525 3416 1578; x_wconf 87' lang='lat' dir='ltr'><strong>innocentes</strong></span> 
     </span>
    </p>
   </div>
   <div class='ocr_carea' id='block_1_45' title="bbox 1848 1612 3414 1685">
    <p class='ocr_par' dir='ltr' id='par_1_45' title="bbox 1848 1612 3414 1685">
     <span class='ocr_line' id='line_1_45' title="bbox 1848 1612 3414 1685; baseline 0 -17"><span class='ocrx_word' id='word_1_309' title='bbox 1848 1613 2197 1669; x_wconf 78' lang='lat' dir='ltr'><strong>eﬁ‘undeudis</strong></span> <span class='ocrx_word' id='word_1_310' title='bbox 2244 1612 2571 1682; x_wconf 88' lang='lat' dir='ltr'><strong>semetipsos</strong></span> <span class='ocrx_word' id='word_1_311' title='bbox 2619 1613 2901 1670; x_wconf 87' lang='lat' dir='ltr'><strong>traducere</strong></span> <span class='ocrx_word' id='word_1_312' title='bbox 2947 1614 3165 1685; x_wconf 87' lang='lat' dir='ltr'><strong>publice</strong></span> <span class='ocrx_word' id='word_1_313' title='bbox 3208 1614 3414 1668; x_wconf 83' lang='lat' dir='ltr'><strong>malue-</strong></span> 
     </span>
    </p>
   </div>
   <div class='ocr_carea' id='block_1_46' title="bbox 1847 1704 3413 1771">
    <p class='ocr_par' dir='ltr' id='par_1_46' title="bbox 1847 1704 3413 1771">
     <span class='ocr_line' id='line_1_46' title="bbox 1847 1704 3413 1771; baseline -0.001 -11"><span class='ocrx_word' id='word_1_314' title='bbox 1847 1715 1975 1760; x_wconf 90' lang='lat' dir='ltr'><strong>runt</strong></span> <span class='ocrx_word' id='word_1_315' title='bbox 2005 1723 2018 1760; x_wconf 91' lang='lat'><strong>:</strong></span> <span class='ocrx_word' id='word_1_316' title='bbox 2053 1705 2196 1760; x_wconf 91' lang='lat' dir='ltr'><strong>haud</strong></span> <span class='ocrx_word' id='word_1_317' title='bbox 2223 1719 2382 1760; x_wconf 89' lang='lat' dir='ltr'><strong>secus</strong></span> <span class='ocrx_word' id='word_1_318' title='bbox 2409 1719 2472 1759; x_wconf 91' lang='lat' dir='ltr'><strong>ac</strong></span> <span class='ocrx_word' id='word_1_319' title='bbox 2498 1704 2544 1758; x_wconf 90' lang='lat' dir='ltr'><strong>si</strong></span> <span class='ocrx_word' id='word_1_320' title='bbox 2577 1704 2644 1771; x_wconf 86' lang='lat' dir='ltr'><strong>is,</strong></span> <span class='ocrx_word' id='word_1_321' title='bbox 2680 1705 2769 1760; x_wconf 91' lang='lat' dir='ltr'><strong>cui</strong></span> <span class='ocrx_word' id='word_1_322' title='bbox 2802 1704 2995 1761; x_wconf 83' lang='lat' dir='ltr'><strong>liceret</strong></span> <span class='ocrx_word' id='word_1_323' title='bbox 3035 1705 3088 1759; x_wconf 90' lang='lat' dir='ltr'><strong>in</strong></span> <span class='ocrx_word' id='word_1_324' title='bbox 3118 1715 3258 1759; x_wconf 90' lang='lat' dir='ltr'><strong>terra</strong></span> <span class='ocrx_word' id='word_1_325' title='bbox 3283 1719 3413 1759; x_wconf 88' lang='lat' dir='ltr'><strong>con-</strong></span> 
     </span>
    </p>
   </div>
   <div class='ocr_carea' id='block_1_47' title="bbox 1847 1795 3412 1865">
    <p class='ocr_par' dir='ltr' id='par_1_47' title="bbox 1847 1795 3412 1865">
     <span class='ocr_line' id='line_1_47' title="bbox 1847 1795 3412 1865; baseline -0.003 -14"><span class='ocrx_word' id='word_1_326' title='bbox 1847 1797 2057 1851; x_wconf 88' lang='lat' dir='ltr'><strong>tinente</strong></span> <span class='ocrx_word' id='word_1_327' title='bbox 2091 1795 2250 1850; x_wconf 89' lang='lat' dir='ltr'><strong>beate</strong></span> <span class='ocrx_word' id='word_1_328' title='bbox 2284 1809 2583 1865; x_wconf 84' lang='lat' dir='ltr'><strong>secureque</strong></span> <span class='ocrx_word' id='word_1_329' title='bbox 2616 1795 2821 1860; x_wconf 87' lang='lat' dir='ltr'><strong>vivere,</strong></span> <span class='ocrx_word' id='word_1_330' title='bbox 2857 1795 2912 1850; x_wconf 84' lang='lat' dir='ltr'><strong>in</strong></span> <span class='ocrx_word' id='word_1_331' title='bbox 2957 1795 3209 1851; x_wconf 77' lang='lat' dir='ltr'><strong>Atlantici</strong></span> <span class='ocrx_word' id='word_1_332' title='bbox 3243 1795 3412 1848; x_wconf 84' lang='lat' dir='ltr'><strong>maris</strong></span> 
     </span>
    </p>
   </div>
   <div class='ocr_carea' id='block_1_48' title="bbox 1845 1883 3409 1954">
    <p class='ocr_par' dir='ltr' id='par_1_48' title="bbox 1845 1883 3409 1954">
     <span class='ocr_line' id='line_1_48' title="bbox 1845 1883 3409 1954; baseline -0.001 -16"><span class='ocrx_word' id='word_1_333' title='bbox 1845 1891 2200 1952; x_wconf 81' lang='lat' dir='ltr'><strong>tempestates</strong></span> <span class='ocrx_word' id='word_1_334' title='bbox 2225 1898 2289 1939; x_wconf 90' lang='lat' dir='ltr'><strong>ac</strong></span> <span class='ocrx_word' id='word_1_335' title='bbox 2314 1883 2512 1939; x_wconf 82' lang='lat' dir='ltr'><strong>ﬂuctus</strong></span> <span class='ocrx_word' id='word_1_336' title='bbox 2541 1883 2684 1938; x_wconf 86' lang='lat' dir='ltr'><strong>ultro</strong></span> <span class='ocrx_word' id='word_1_337' title='bbox 2704 1899 2764 1940; x_wconf 89' lang='lat' dir='ltr'><strong>se</strong></span> <span class='ocrx_word' id='word_1_338' title='bbox 2785 1886 3102 1954; x_wconf 85' lang='lat' dir='ltr'><strong>conjiceret.</strong></span> <span class='ocrx_word' id='word_1_339' title='bbox 3129 1885 3409 1939; x_wconf 89' lang='lat' dir='ltr'><strong>Scelerum</strong></span> 
     </span>
    </p>
   </div>
   <div class='ocr_carea' id='block_1_49' title="bbox 1846 1972 3412 2043">
    <p class='ocr_par' dir='ltr' id='par_1_49' title="bbox 1846 1972 3412 2043">
     <span class='ocr_line' id='line_1_49' title="bbox 1846 1972 3412 2043; baseline -0.001 -18"><span class='ocrx_word' id='word_1_340' title='bbox 1846 1985 2009 2041; x_wconf 92' lang='lat' dir='ltr'><strong>porro</strong></span> <span class='ocrx_word' id='word_1_341' title='bbox 2037 1972 2283 2042; x_wconf 78' lang='lat' dir='ltr'><strong>exempla</strong></span> <span class='ocrx_word' id='word_1_342' title='bbox 2313 1973 2534 2043; x_wconf 88' lang='lat' dir='ltr'><strong>scriptis</strong></span> <span class='ocrx_word' id='word_1_343' title='bbox 2569 1973 2684 2028; x_wconf 88' lang='lat' dir='ltr'><strong>suis</strong></span> <span class='ocrx_word' id='word_1_344' title='bbox 2721 1988 3030 2043; x_wconf 82' lang='lat' dir='ltr'><strong>proponere</strong></span> <span class='ocrx_word' id='word_1_345' title='bbox 3067 1974 3317 2043; x_wconf 81' lang='lat' dir='ltr'><strong>posteris,</strong></span> <span class='ocrx_word' id='word_1_346' title='bbox 3355 1983 3412 2027; x_wconf 89' lang='lat' dir='ltr'><strong>et</strong></span> 
     </span>
    </p>
   </div>
   <div class='ocr_carea' id='block_1_50' title="bbox 1843 2059 3412 2130">
    <p class='ocr_par' dir='ltr' id='par_1_50' title="bbox 1843 2059 3412 2130">
     <span class='ocr_line' id='line_1_50' title="bbox 1843 2059 3412 2130; baseline -0.002 -16"><span class='ocrx_word' id='word_1_347' title='bbox 1843 2059 2102 2115; x_wconf 83' lang='lat' dir='ltr'><strong>interitus</strong></span> <span class='ocrx_word' id='word_1_348' title='bbox 2135 2075 2324 2116; x_wconf 90' lang='lat' dir='ltr'><strong>eorum</strong></span> <span class='ocrx_word' id='word_1_349' title='bbox 2380 2069 2576 2130; x_wconf 83' lang='lat' dir='ltr'><strong>sponte</strong></span> <span class='ocrx_word' id='word_1_350' title='bbox 2621 2074 2773 2114; x_wconf 86' lang='lat' dir='ltr'><strong>reum</strong></span> <span class='ocrx_word' id='word_1_351' title='bbox 2821 2059 2957 2122; x_wconf 79' lang='lat' dir='ltr'><strong>ﬁeri,</strong></span> <span class='ocrx_word' id='word_1_352' title='bbox 3013 2060 3067 2114; x_wconf 90' lang='lat' dir='ltr'><strong>id</strong></span> <span class='ocrx_word' id='word_1_353' title='bbox 3117 2074 3243 2114; x_wconf 86' lang='lat' dir='ltr'><strong>vero</strong></span> <span class='ocrx_word' id='word_1_354' title='bbox 3291 2073 3412 2128; x_wconf 76' lang='lat' dir='ltr'><strong>quae</strong></span> 
     </span>
    </p>
   </div>
   <div class='ocr_carea' id='block_1_51' title="bbox 1845 2150 3414 2221">
    <p class='ocr_par' dir='ltr' id='par_1_51' title="bbox 1845 2150 3414 2221">
     <span class='ocr_line' id='line_1_51' title="bbox 1845 2150 3414 2221; baseline -0.003 -14"><span class='ocrx_word' id='word_1_355' title='bbox 1845 2151 2144 2221; x_wconf 73' lang='lat' dir='ltr'><strong>pmcipitia</strong></span> <span class='ocrx_word' id='word_1_356' title='bbox 2171 2167 2280 2207; x_wconf 91' lang='lat' dir='ltr'><strong>non</strong></span> <span class='ocrx_word' id='word_1_357' title='bbox 2313 2162 2576 2216; x_wconf 86' lang='lat' dir='ltr'><strong>meretur,</strong></span> <span class='ocrx_word' id='word_1_358' title='bbox 2603 2166 2732 2207; x_wconf 90' lang='lat' dir='ltr'><strong>cum</strong></span> <span class='ocrx_word' id='word_1_359' title='bbox 2770 2151 3076 2220; x_wconf 86' lang='lat' dir='ltr'><strong>duplicibus</strong></span> <span class='ocrx_word' id='word_1_360' title='bbox 3105 2158 3200 2204; x_wconf 88' lang='lat' dir='ltr'><strong>aut</strong></span> <span class='ocrx_word' id='word_1_361' title='bbox 3241 2150 3414 2219; x_wconf 87' lang='lat' dir='ltr'><strong>tripli-</strong></span> 
     </span>
    </p>
   </div>
   <div class='ocr_carea' id='block_1_52' title="bbox 1845 2241 3410 2324">
    <p class='ocr_par' dir='ltr' id='par_1_52' title="bbox 1845 2241 3410 2324">
     <span class='ocr_line' id='line_1_52' title="bbox 1845 2241 3410 2324; baseline -0.003 -26"><span class='ocrx_word' id='word_1_362' title='bbox 1845 2243 2001 2298; x_wconf 87' lang='lat' dir='ltr'><strong>cibus</strong></span> <span class='ocrx_word' id='word_1_363' title='bbox 2029 2242 2350 2302; x_wconf 85' lang='lat' dir='ltr'><strong>criminibus</strong></span> <span class='ocrx_word' id='word_1_364' title='bbox 2391 2257 2512 2298; x_wconf 89' lang='lat' dir='ltr'><strong>sese</strong></span> <span class='ocrx_word' id='word_1_365' title='bbox 2555 2241 2927 2324; x_wconf 77' lang='lat' dir='ltr'><strong>obstringam?</strong></span> <span class='ocrx_word' id='word_1_366' title='bbox 2960 2241 3106 2308; x_wconf 86' lang='lat' dir='ltr'><strong>Quas</strong></span> <span class='ocrx_word' id='word_1_367' title='bbox 3142 2241 3288 2296; x_wconf 86' lang='lat' dir='ltr'><strong>enim</strong></span> <span class='ocrx_word' id='word_1_368' title='bbox 3320 2254 3410 2295; x_wconf 85' lang='lat' dir='ltr'><strong>res</strong></span> 
     </span>
    </p>
   </div>
   <div class='ocr_carea' id='block_1_53' title="bbox 1844 2331 3412 2404">
    <p class='ocr_par' dir='ltr' id='par_1_53' title="bbox 1844 2331 3412 2404">
     <span class='ocr_line' id='line_1_53' title="bbox 1844 2331 3412 2404; baseline -0.004 -14"><span class='ocrx_word' id='word_1_369' title='bbox 1844 2343 1906 2390; x_wconf 90' lang='lat' dir='ltr'><strong>ut</strong></span> <span class='ocrx_word' id='word_1_370' title='bbox 1937 2335 2189 2390; x_wconf 87' lang='lat' dir='ltr'><strong>insolitas</strong></span> <span class='ocrx_word' id='word_1_371' title='bbox 2219 2333 2532 2390; x_wconf 89' lang='lat' dir='ltr'><strong>civitatibus</strong></span> <span class='ocrx_word' id='word_1_372' title='bbox 2565 2343 2620 2390; x_wconf 86' lang='lat' dir='ltr'><strong>et</strong></span> <span class='ocrx_word' id='word_1_373' title='bbox 2646 2335 2981 2404; x_wconf 85' lang='lat' dir='ltr'><strong>improbatas</strong></span> <span class='ocrx_word' id='word_1_374' title='bbox 3012 2348 3173 2403; x_wconf 86' lang='lat' dir='ltr'><strong>quam</strong></span> <span class='ocrx_word' id='word_1_375' title='bbox 3206 2331 3412 2402; x_wconf 82' lang='lat' dir='ltr'><strong>longis-</strong></span> 
     </span>
    </p>
   </div>
   <div class='ocr_carea' id='block_1_54' title="bbox 1842 2425 3405 2488">
    <p class='ocr_par' dir='ltr' id='par_1_54' title="bbox 1842 2425 3405 2488">
     <span class='ocr_line' id='line_1_54' title="bbox 1842 2425 3405 2488; baseline -0.004 -7"><span class='ocrx_word' id='word_1_376' title='bbox 1842 2426 1982 2488; x_wconf 85' lang='lat' dir='ltr'><strong>sime</strong></span> <span class='ocrx_word' id='word_1_377' title='bbox 2019 2426 2432 2482; x_wconf 80' lang='lat' dir='ltr'><strong>exterminaturi</strong></span> <span class='ocrx_word' id='word_1_378' title='bbox 2481 2435 2537 2482; x_wconf 89' lang='lat' dir='ltr'><strong>et</strong></span> <span class='ocrx_word' id='word_1_379' title='bbox 2583 2425 2950 2481; x_wconf 80' lang='lat' dir='ltr'><strong>abominaturi</strong></span> <span class='ocrx_word' id='word_1_380' title='bbox 2995 2434 3172 2487; x_wconf 87' lang='lat' dir='ltr'><strong>erant,</strong></span> <span class='ocrx_word' id='word_1_381' title='bbox 3214 2437 3405 2478; x_wconf 87' lang='lat' dir='ltr'><strong>eorum</strong></span> 
     </span>
    </p>
   </div>
   <div class='ocr_carea' id='block_1_55' title="bbox 1841 2511 3409 2587">
    <p class='ocr_par' dir='ltr' id='par_1_55' title="bbox 1841 2511 3409 2587">
     <span class='ocr_line' id='line_1_55' title="bbox 1841 2511 3409 2587; baseline -0.002 -15"><span class='ocrx_word' id='word_1_382' title='bbox 1841 2525 1992 2572; x_wconf 90' lang='lat' dir='ltr'><strong>metu</strong></span> <span class='ocrx_word' id='word_1_383' title='bbox 2029 2517 2228 2587; x_wconf 89' lang='lat' dir='ltr'><strong>quibus</strong></span> <span class='ocrx_word' id='word_1_384' title='bbox 2271 2526 2327 2572; x_wconf 90' lang='lat' dir='ltr'><strong>et</strong></span> <span class='ocrx_word' id='word_1_385' title='bbox 2371 2517 2630 2572; x_wconf 87' lang='lat' dir='ltr'><strong>insectari</strong></span> <span class='ocrx_word' id='word_1_386' title='bbox 2679 2526 2736 2572; x_wconf 89' lang='lat' dir='ltr'><strong>et</strong></span> <span class='ocrx_word' id='word_1_387' title='bbox 2783 2517 3009 2572; x_wconf 83' lang='lat' dir='ltr'><strong>urbibus</strong></span> <span class='ocrx_word' id='word_1_388' title='bbox 3054 2511 3148 2571; x_wconf 83' lang='lat' dir='ltr'><strong>éas</strong></span> <span class='ocrx_word' id='word_1_389' title='bbox 3191 2516 3409 2586; x_wconf 75' lang='lat' dir='ltr'><strong>exigere</strong></span> 
     </span>
    </p>
   </div>
   <div class='ocr_carea' id='block_1_56' title="bbox 1841 2606 3404 2677">
    <p class='ocr_par' dir='ltr' id='par_1_56' title="bbox 1841 2606 3404 2677">
     <span class='ocr_line' id='line_1_56' title="bbox 1841 2606 3404 2677; baseline -0.001 -17"><span class='ocrx_word' id='word_1_390' title='bbox 1841 2617 2150 2677; x_wconf 90' lang='lat' dir='ltr'><strong>promptum</strong></span> <span class='ocrx_word' id='word_1_391' title='bbox 2190 2615 2357 2669; x_wconf 85' lang='lat' dir='ltr'><strong>esset,</strong></span> <span class='ocrx_word' id='word_1_392' title='bbox 2390 2607 2846 2676; x_wconf 85' lang='lat' dir='ltr'><strong>quemadmodum</strong></span> <span class='ocrx_word' id='word_1_393' title='bbox 2887 2606 3016 2662; x_wconf 90' lang='lat' dir='ltr'><strong>olim</strong></span> <span class='ocrx_word' id='word_1_394' title='bbox 3061 2607 3291 2661; x_wconf 82' lang='lat' dir='ltr'><strong>Athenis</strong></span> <span class='ocrx_word' id='word_1_395' title='bbox 3337 2620 3404 2659; x_wconf 80' lang='lat' dir='ltr'><strong>ex</strong></span> 
     </span>
    </p>
   </div>
   <div class='ocr_carea' id='block_1_57' title="bbox 1840 2695 3408 2768">
    <p class='ocr_par' dir='ltr' id='par_1_57' title="bbox 1840 2695 3408 2768">
     <span class='ocr_line' id='line_1_57' title="bbox 1840 2695 3408 2768; baseline -0.001 -17"><span class='ocrx_word' id='word_1_396' title='bbox 1840 2697 1965 2751; x_wconf 91' lang='lat' dir='ltr'><strong>albo</strong></span> <span class='ocrx_word' id='word_1_397' title='bbox 1988 2696 2230 2766; x_wconf 72' lang='lat' dir='ltr'><strong>iudicum</strong></span> <span class='ocrx_word' id='word_1_398' title='bbox 2250 2695 2509 2752; x_wconf 88' lang='lat' dir='ltr'><strong>delebant</strong></span> <span class='ocrx_word' id='word_1_399' title='bbox 2534 2712 2632 2768; x_wconf 90' lang='lat' dir='ltr'><strong>per</strong></span> <span class='ocrx_word' id='word_1_400' title='bbox 2657 2698 2902 2753; x_wconf 79' lang='lat' dir='ltr'><strong>fraudem</strong></span> <span class='ocrx_word' id='word_1_401' title='bbox 2929 2697 3220 2767; x_wconf 90' lang='lat' dir='ltr'><strong>inscriptos</strong></span> <span class='ocrx_word' id='word_1_402' title='bbox 3245 2705 3300 2750; x_wconf 92' lang='lat' dir='ltr'><strong>et</strong></span> <span class='ocrx_word' id='word_1_403' title='bbox 3323 2712 3408 2750; x_wconf 89' lang='lat' dir='ltr'><strong>re-</strong></span> 
     </span>
    </p>
   </div>
   <div class='ocr_carea' id='block_1_58' title="bbox 1841 2784 3411 2858">
    <p class='ocr_par' dir='ltr' id='par_1_58' title="bbox 1841 2784 3411 2858">
     <span class='ocr_line' id='line_1_58' title="bbox 1841 2784 3411 2858; baseline 0.001 -19"><span class='ocrx_word' id='word_1_404' title='bbox 1841 2787 2056 2857; x_wconf 82' lang='lat' dir='ltr'><strong>publica</strong></span> <span class='ocrx_word' id='word_1_405' title='bbox 2083 2786 2338 2857; x_wconf 87' lang='lat' dir='ltr'><strong>indignos</strong></span> <span class='ocrx_word' id='word_1_406' title='bbox 2365 2806 2379 2842; x_wconf 88' lang='lat'><strong>:</strong></span> <span class='ocrx_word' id='word_1_407' title='bbox 2412 2784 2512 2842; x_wconf 86' lang='lat' dir='ltr'><strong>has</strong></span> <span class='ocrx_word' id='word_1_408' title='bbox 2534 2789 2646 2858; x_wconf 86' lang='lat' dir='ltr'><strong>jam</strong></span> <span class='ocrx_word' id='word_1_409' title='bbox 2679 2788 2874 2858; x_wconf 89' lang='lat' dir='ltr'><strong>cupide</strong></span> <span class='ocrx_word' id='word_1_410' title='bbox 2903 2788 3319 2856; x_wconf 87' lang='lat' dir='ltr'><strong>amplectentur,</strong></span> <span class='ocrx_word' id='word_1_411' title='bbox 3351 2795 3411 2841; x_wconf 89' lang='lat' dir='ltr'><strong>ut</strong></span> 
     </span>
    </p>
   </div>
   <div class='ocr_carea' id='block_1_59' title="bbox 1840 2876 3405 2948">
    <p class='ocr_par' dir='ltr' id='par_1_59' title="bbox 1840 2876 3405 2948">
     <span class='ocr_line' id='line_1_59' title="bbox 1840 2876 3405 2948; baseline -0.002 -16"><span class='ocrx_word' id='word_1_412' title='bbox 1840 2887 1898 2932; x_wconf 84' lang='lat' dir='ltr'><strong>et</strong></span> <span class='ocrx_word' id='word_1_413' title='bbox 1925 2877 1992 2932; x_wconf 84' lang='lat' dir='ltr'><strong>ab</strong></span> <span class='ocrx_word' id='word_1_414' title='bbox 2026 2877 2146 2932; x_wconf 89' lang='lat' dir='ltr'><strong>aliis</strong></span> <span class='ocrx_word' id='word_1_415' title='bbox 2175 2889 2301 2932; x_wconf 87' lang='lat' dir='ltr'><strong>ante</strong></span> <span class='ocrx_word' id='word_1_416' title='bbox 2341 2876 2510 2933; x_wconf 82' lang='lat' dir='ltr'><strong>factas</strong></span> <span class='ocrx_word' id='word_1_417' title='bbox 2542 2894 2606 2933; x_wconf 89' lang='lat' dir='ltr'><strong>ac</strong></span> <span class='ocrx_word' id='word_1_418' title='bbox 2647 2881 2922 2948; x_wconf 87' lang='lat' dir='ltr'><strong>probatas,</strong></span> <span class='ocrx_word' id='word_1_419' title='bbox 2958 2886 3014 2932; x_wconf 89' lang='lat' dir='ltr'><strong>et</strong></span> <span class='ocrx_word' id='word_1_420' title='bbox 3045 2893 3073 2931; x_wconf 92' lang='lat' dir='ltr'><strong>a</strong></span> <span class='ocrx_word' id='word_1_421' title='bbox 3104 2885 3405 2932; x_wconf 88' lang='lat' dir='ltr'><strong>consuetu-</strong></span> 
     </span>
    </p>
   </div>
   <div class='ocr_carea' id='block_1_60' title="bbox 1841 2968 3408 3036">
    <p class='ocr_par' dir='ltr' id='par_1_60' title="bbox 1841 2968 3408 3036">
     <span class='ocr_line' id='line_1_60' title="bbox 1841 2968 3408 3036; baseline -0.001 -12"><span class='ocrx_word' id='word_1_422' title='bbox 1841 2969 1968 3024; x_wconf 88' lang='lat' dir='ltr'><strong>dine</strong></span> <span class='ocrx_word' id='word_1_423' title='bbox 1999 2984 2108 3024; x_wconf 90' lang='lat' dir='ltr'><strong>nou</strong></span> <span class='ocrx_word' id='word_1_424' title='bbox 2140 2969 2518 3024; x_wconf 89' lang='lat' dir='ltr'><strong>abhorrentes.</strong></span> <span class='ocrx_word' id='word_1_425' title='bbox 2565 2969 2757 3025; x_wconf 87' lang='lat' dir='ltr'><strong>Solent</strong></span> <span class='ocrx_word' id='word_1_426' title='bbox 2804 2971 2948 3023; x_wconf 88' lang='lat' dir='ltr'><strong>enim</strong></span> <span class='ocrx_word' id='word_1_427' title='bbox 2986 2968 3234 3023; x_wconf 89' lang='lat' dir='ltr'><strong>homines</strong></span> <span class='ocrx_word' id='word_1_428' title='bbox 3275 2984 3408 3036; x_wconf 82' lang='lat' dir='ltr'><strong>quo-</strong></span> 
     </span>
    </p>
   </div>
   <div class='ocr_carea' id='block_1_61' title="bbox 1840 3057 3409 3124">
    <p class='ocr_par' dir='ltr' id='par_1_61' title="bbox 1840 3057 3409 3124">
     <span class='ocr_line' id='line_1_61' title="bbox 1840 3057 3409 3124; baseline -0.002 -13"><span class='ocrx_word' id='word_1_429' title='bbox 1840 3057 2046 3112; x_wconf 89' lang='lat' dir='ltr'><strong>rumvis</strong></span> <span class='ocrx_word' id='word_1_430' title='bbox 2079 3057 2372 3111; x_wconf 86' lang='lat' dir='ltr'><strong>criminum</strong></span> <span class='ocrx_word' id='word_1_431' title='bbox 2403 3057 2504 3124; x_wconf 91' lang='lat' dir='ltr'><strong>rei,</strong></span> <span class='ocrx_word' id='word_1_432' title='bbox 2533 3072 2686 3113; x_wconf 91' lang='lat' dir='ltr'><strong>suam</strong></span> <span class='ocrx_word' id='word_1_433' title='bbox 2731 3058 3088 3112; x_wconf 78' lang='lat' dir='ltr'><strong>imitationem</strong></span> <span class='ocrx_word' id='word_1_434' title='bbox 3117 3057 3186 3111; x_wconf 92' lang='lat' dir='ltr'><strong>ad</strong></span> <span class='ocrx_word' id='word_1_435' title='bbox 3227 3071 3409 3110; x_wconf 77' lang='lat' dir='ltr'><strong>exeni-</strong></span> 
     </span>
    </p>
   </div>
   <div class='ocr_carea' id='block_1_62' title="bbox 157 3147 1742 3230">
    <p class='ocr_par' dir='ltr' id='par_1_62' title="bbox 157 3152 1738 3226">
     <span class='ocr_line' id='line_1_62' title="bbox 157 3152 1738 3226; baseline 0.004 -23"><span class='ocrx_word' id='word_1_436' title='bbox 157 3152 406 3217; x_wconf 75' lang='grc' dir='ltr'>ἐξωθεῖν,</span> <span class='ocrx_word' id='word_1_437' title='bbox 436 3153 514 3212; x_wconf 86' lang='grc' dir='ltr'><strong>ὡς</strong></span> <span class='ocrx_word' id='word_1_438' title='bbox 541 3153 670 3224; x_wconf 77' lang='grc' dir='ltr'>πρὶν</span> <span class='ocrx_word' id='word_1_439' title='bbox 721 3153 830 3205; x_wconf 84' lang='grc' dir='ltr'>τῶν</span> <span class='ocrx_word' id='word_1_440' title='bbox 890 3153 1222 3208; x_wconf 85' lang='grc' dir='ltr'>δικαστικῶν</span> <span class='ocrx_word' id='word_1_441' title='bbox 1266 3155 1540 3226; x_wconf 78' lang='grc' dir='ltr'>Ἀθηναῖοι</span> <span class='ocrx_word' id='word_1_442' title='bbox 1577 3157 1738 3210; x_wconf 85' lang='grc' dir='ltr'>πινά-</span> 
     </span>
    </p>
   </div>
   <div class='ocr_carea' id='block_1_63' title="bbox 1845 3147 3407 3230">
    <p class='ocr_par' dir='ltr' id='par_1_63' title="bbox 1846 3147 3407 3216">
     <span class='ocr_line' id='line_1_63' title="bbox 1846 3147 3407 3216; baseline 0 -16"><span class='ocrx_word' id='word_1_443' title='bbox 1846 3147 1932 3216; x_wconf 90' lang='lat' dir='ltr'><strong>pla</strong></span> <span class='ocrx_word' id='word_1_444' title='bbox 1954 3156 2201 3203; x_wconf 87' lang='lat' dir='ltr'><strong>veterum</strong></span> <span class='ocrx_word' id='word_1_445' title='bbox 2227 3147 2454 3213; x_wconf 82' lang='lat' dir='ltr'><strong>relerre,</strong></span> <span class='ocrx_word' id='word_1_446' title='bbox 2493 3157 2553 3203; x_wconf 91' lang='lat' dir='ltr'><strong>ut</strong></span> <span class='ocrx_word' id='word_1_447' title='bbox 2586 3163 2807 3204; x_wconf 85' lang='lat' dir='ltr'><strong>causam</strong></span> <span class='ocrx_word' id='word_1_448' title='bbox 2839 3148 3076 3202; x_wconf 90' lang='lat' dir='ltr'><strong>habeant</strong></span> <span class='ocrx_word' id='word_1_449' title='bbox 3112 3147 3407 3202; x_wconf 88' lang='lat' dir='ltr'><strong>invehendi</strong></span> 
     </span>
    </p>
   </div>
   <div class='ocr_carea' id='block_1_64' title="bbox 157 3245 1734 3317">
    <p class='ocr_par' dir='ltr' id='par_1_64' title="bbox 157 3245 1734 3317">
     <span class='ocr_line' id='line_1_64' title="bbox 157 3245 1734 3317; baseline 0.003 -21"><span class='ocrx_word' id='word_1_450' title='bbox 157 3262 271 3296; x_wconf 68' lang='lat' dir='ltr'><strong>tum</strong></span> <span class='ocrx_word' id='word_1_451' title='bbox 289 3246 425 3307; x_wconf 71' lang='grc' dir='ltr'>τοὺς</span> <span class='ocrx_word' id='word_1_452' title='bbox 451 3245 567 3298; x_wconf 84' lang='grc' dir='ltr'>ὅσοι</span> <span class='ocrx_word' id='word_1_453' title='bbox 590 3245 1006 3316; x_wconf 81' lang='grc' dir='ltr'>παρέγγραπτοι</span> <span class='ocrx_word' id='word_1_454' title='bbox 1031 3247 1124 3300; x_wconf 72' lang='grc' dir='ltr'>καὶ</span> <span class='ocrx_word' id='word_1_455' title='bbox 1146 3248 1246 3317; x_wconf 87' lang='grc' dir='ltr'><strong>τῆς</strong></span> <span class='ocrx_word' id='word_1_456' title='bbox 1279 3248 1431 3317; x_wconf 83' lang='grc' dir='ltr'>σφῶν</span> <span class='ocrx_word' id='word_1_457' title='bbox 1455 3247 1734 3312; x_wconf 84' lang='grc' dir='ltr'>πολιτείας</span> 
     </span>
    </p>
   </div>
   <div class='ocr_carea' id='block_1_65' title="bbox 155 3333 1734 3410">
    <p class='ocr_par' dir='ltr' id='par_1_65' title="bbox 155 3333 1734 3410">
     <span class='ocr_line' id='line_1_65' title="bbox 155 3333 1734 3410; baseline 0.005 -25"><span class='ocrx_word' id='word_1_458' title='bbox 155 3333 372 3399; x_wconf 68' lang='grc' dir='ltr'>ἀνάξιοι</span> <span class='ocrx_word' id='word_1_459' title='bbox 394 3351 411 3365; x_wconf 90' lang='grc'><strong>·</strong></span> <span class='ocrx_word' id='word_1_460' title='bbox 456 3335 632 3388; x_wconf 85' lang='grc' dir='ltr'>ταῦτα</span> <span class='ocrx_word' id='word_1_461' title='bbox 669 3336 923 3405; x_wconf 78' lang='grc' dir='ltr'>ἀσμένως</span> <span class='ocrx_word' id='word_1_462' title='bbox 970 3337 1072 3408; x_wconf 68' lang='grc' dir='ltr'>ήδη</span> <span class='ocrx_word' id='word_1_463' title='bbox 1095 3337 1346 3404; x_wconf 79' lang='grc' dir='ltr'>’δέξαιντ’</span> <span class='ocrx_word' id='word_1_464' title='bbox 1374 3339 1441 3392; x_wconf 82' lang='grc' dir='ltr'>ἂν</span> <span class='ocrx_word' id='word_1_465' title='bbox 1472 3340 1734 3410; x_wconf 84' lang='grc' dir='ltr'>πράττειν</span> 
     </span>
    </p>
   </div>
   <div class='ocr_carea' id='block_1_66' title="bbox 157 3423 1733 3500">
    <p class='ocr_par' dir='ltr' id='par_1_66' title="bbox 157 3423 1733 3500">
     <span class='ocr_line' id='line_1_66' title="bbox 157 3423 1733 3500; baseline 0.006 -25"><span class='ocrx_word' id='word_1_466' title='bbox 157 3426 340 3486; x_wconf 66' lang='grc' dir='ltr'>αἰετοὶ,</span> <span class='ocrx_word' id='word_1_467' title='bbox 371 3423 449 3487; x_wconf 85' lang='grc' dir='ltr'><strong>ὡς</strong></span> <span class='ocrx_word' id='word_1_468' title='bbox 472 3427 571 3478; x_wconf 73' lang='grc' dir='ltr'>καὶ</span> <span class='ocrx_word' id='word_1_469' title='bbox 590 3425 768 3488; x_wconf 75' lang='grc' dir='ltr'>ἄλλοις</span> <span class='ocrx_word' id='word_1_470' title='bbox 790 3425 891 3496; x_wconf 74' lang='grc' dir='ltr'><strong>ῆδη</strong></span> <span class='ocrx_word' id='word_1_471' title='bbox 914 3429 1277 3498; x_wconf 82' lang='grc' dir='ltr'>πεπραγμένα</span> <span class='ocrx_word' id='word_1_472' title='bbox 1306 3431 1399 3482; x_wconf 80' lang='grc' dir='ltr'>καὶ</span> <span class='ocrx_word' id='word_1_473' title='bbox 1416 3430 1733 3500; x_wconf 79' lang='grc' dir='ltr'>δεδογμένα,</span> 
     </span>
    </p>
   </div>
   <div class='ocr_carea' id='block_1_67' title="bbox 155 3514 1737 3589">
    <p class='ocr_par' dir='ltr' id='par_1_67' title="bbox 155 3514 1737 3589">
     <span class='ocr_line' id='line_1_67' title="bbox 155 3514 1737 3589; baseline 0.004 -24"><span class='ocrx_word' id='word_1_474' title='bbox 155 3515 255 3565; x_wconf 77' lang='grc' dir='ltr'>καὶ</span> <span class='ocrx_word' id='word_1_475' title='bbox 288 3514 406 3566; x_wconf 84' lang='grc' dir='ltr'>τῶν</span> <span class='ocrx_word' id='word_1_476' title='bbox 435 3516 576 3585; x_wconf 79' lang='grc' dir='ltr'>ὅρων</span> <span class='ocrx_word' id='word_1_477' title='bbox 598 3515 726 3568; x_wconf 86' lang='grc' dir='ltr'>δντα</span> <span class='ocrx_word' id='word_1_478' title='bbox 746 3516 847 3586; x_wconf 86' lang='grc' dir='ltr'><strong>τῆς</strong></span> <span class='ocrx_word' id='word_1_479' title='bbox 874 3516 1162 3587; x_wconf 84' lang='grc' dir='ltr'>συνηθείας</span> <span class='ocrx_word' id='word_1_480' title='bbox 1195 3517 1365 3581; x_wconf 81' lang='grc' dir='ltr'>ἐντός.</span> <span class='ocrx_word' id='word_1_481' title='bbox 1392 3516 1606 3571; x_wconf 76' lang='grc' dir='ltr'>Φιλοῦσι</span> <span class='ocrx_word' id='word_1_482' title='bbox 1630 3521 1737 3589; x_wconf 82' lang='grc' dir='ltr'>γὰρ</span> 
     </span>
    </p>
   </div>
   <div class='ocr_carea' id='block_1_68' title="bbox 154 3597 1740 3680">
    <p class='ocr_par' dir='ltr' id='par_1_68' title="bbox 154 3597 1740 3680">
     <span class='ocr_line' id='line_1_68' title="bbox 154 3597 1740 3680; baseline 0.005 -25"><span class='ocrx_word' id='word_1_483' title='bbox 154 3606 233 3667; x_wconf 76' lang='grc' dir='ltr'>ὡς</span> <span class='ocrx_word' id='word_1_484' title='bbox 283 3606 358 3656; x_wconf 72' lang='grc' dir='ltr'>τὰ</span> <span class='ocrx_word' id='word_1_485' title='bbox 415 3597 583 3658; x_wconf 74' lang='grc' dir='ltr'>πολλὰ</span> <span class='ocrx_word' id='word_1_486' title='bbox 633 3609 741 3658; x_wconf 87' lang='grc' dir='ltr'>τῶν</span> <span class='ocrx_word' id='word_1_487' title='bbox 769 3606 1072 3677; x_wconf 79' lang='grc' dir='ltr'>ἀνθρώπιον</span> <span class='ocrx_word' id='word_1_488' title='bbox 1112 3609 1164 3661; x_wconf 81' lang='lat' dir='ltr'><strong>oi</strong></span> <span class='ocrx_word' id='word_1_489' title='bbox 1193 3611 1307 3671; x_wconf 83' lang='grc' dir='ltr'>τοῖς</span> <span class='ocrx_word' id='word_1_490' title='bbox 1335 3609 1740 3680; x_wconf 82' lang='grc' dir='ltr'>οίοισδηποτοῦν</span> 
     </span>
    </p>
   </div>
   <div class='ocr_carea' id='block_1_69' title="bbox 157 3697 1737 3772">
    <p class='ocr_par' dir='ltr' id='par_1_69' title="bbox 157 3697 1737 3772">
     <span class='ocr_line' id='line_1_69' title="bbox 157 3697 1737 3772; baseline 0.005 -26"><span class='ocrx_word' id='word_1_491' title='bbox 157 3697 525 3766; x_wconf 73' lang='grc' dir='ltr'>ἁτοπήμασιν</span> <span class='ocrx_word' id='word_1_492' title='bbox 575 3697 939 3767; x_wconf 67' lang='grc' dir='ltr'>ἁλισκόμενοι,</span> <span class='ocrx_word' id='word_1_493' title='bbox 996 3700 1057 3762; x_wconf 79' lang='grc' dir='ltr'><strong>ἐς</strong></span> <span class='ocrx_word' id='word_1_494' title='bbox 1115 3700 1476 3772; x_wconf 80' lang='grc' dir='ltr'>ἀρχαιοτέρας</span> <span class='ocrx_word' id='word_1_495' title='bbox 1522 3703 1737 3766; x_wconf 89' lang='grc' dir='ltr'>εἰκόνας</span> 
     </span>
    </p>
   </div>
   <div class='ocr_carea' id='block_1_70' title="bbox 157 3786 1734 3864">
    <p class='ocr_par' dir='ltr' id='par_1_70' title="bbox 157 3786 1734 3864">
     <span class='ocr_line' id='line_1_70' title="bbox 157 3786 1734 3864; baseline 0.004 -26"><span class='ocrx_word' id='word_1_496' title='bbox 157 3787 399 3853; x_wconf 74' lang='grc' dir='ltr'>ἀνάγειν</span> <span class='ocrx_word' id='word_1_497' title='bbox 431 3786 532 3856; x_wconf 67' lang='grc' dir='ltr'>τήν</span> <span class='ocrx_word' id='word_1_498' title='bbox 579 3787 827 3858; x_wconf 85' lang='grc' dir='ltr'>μίμησιν,</span> <span class='ocrx_word' id='word_1_499' title='bbox 867 3789 934 3841; x_wconf 84' lang='grc' dir='ltr'><strong>ἶν’</strong></span> <span class='ocrx_word' id='word_1_500' title='bbox 960 3789 1167 3843; x_wconf 65' lang='grc' dir='ltr'>ἐκεῖθεν</span> <span class='ocrx_word' id='word_1_501' title='bbox 1196 3790 1270 3854; x_wconf 85' lang='grc' dir='ltr'><strong>ὡς</strong></span> <span class='ocrx_word' id='word_1_502' title='bbox 1303 3791 1364 3857; x_wconf 81' lang='grc' dir='ltr'>ἐξ</span> <span class='ocrx_word' id='word_1_503' title='bbox 1393 3793 1734 3864; x_wconf 87' lang='grc' dir='ltr'>όρμητηρίου</span> 
     </span>
    </p>
   </div>
   <div class='ocr_carea' id='block_1_71' title="bbox 157 3875 1744 3951">
    <p class='ocr_par' dir='ltr' id='par_1_71' title="bbox 157 3875 1744 3951">
     <span class='ocr_line' id='line_1_71' title="bbox 157 3875 1744 3951; baseline 0.004 -23"><span class='ocrx_word' id='word_1_504' title='bbox 157 3876 595 3947; x_wconf 74' lang='grc' dir='ltr'>κατατρέχωσιν,</span> <span class='ocrx_word' id='word_1_505' title='bbox 629 3877 681 3930; x_wconf 84' lang='grc' dir='ltr'>εἴ</span> <span class='ocrx_word' id='word_1_506' title='bbox 726 3877 868 3940; x_wconf 73' lang='grc' dir='ltr'>τινές</span> <span class='ocrx_word' id='word_1_507' title='bbox 902 3877 1019 3930; x_wconf 84' lang='grc' dir='ltr'>ποτ’</span> <span class='ocrx_word' id='word_1_508' title='bbox 1067 3879 1158 3948; x_wconf 80' lang='grc' dir='ltr'><strong>ἄρ’</strong></span> <span class='ocrx_word' id='word_1_509' title='bbox 1181 3875 1292 3933; x_wconf 72' lang='grc' dir='ltr'>τίεν</span> <span class='ocrx_word' id='word_1_510' title='bbox 1337 3881 1388 3932; x_wconf 91' lang='grc' dir='ltr'><strong>οί</strong></span> <span class='ocrx_word' id='word_1_511' title='bbox 1425 3880 1562 3951; x_wconf 73' lang='grc' dir='ltr'>πρὸς</span> <span class='ocrx_word' id='word_1_512' title='bbox 1591 3881 1744 3950; x_wconf 80' lang='grc' dir='ltr'>ἐλέγ-</span> 
     </span>
    </p>
   </div>
   <div class='ocr_carea' id='block_1_72' title="bbox 156 3968 1742 4042">
    <p class='ocr_par' dir='ltr' id='par_1_72' title="bbox 156 3968 1742 4042">
     <span class='ocr_line' id='line_1_72' title="bbox 156 3968 1742 4042; baseline 0.002 -21"><span class='ocrx_word' id='word_1_513' title='bbox 156 3985 279 4036; x_wconf 72' lang='grc' dir='ltr'>χους</span> <span class='ocrx_word' id='word_1_514' title='bbox 333 3968 721 4034; x_wconf 74' lang='grc' dir='ltr'>ἀποδυόμενοι.</span> <span class='ocrx_word' id='word_1_515' title='bbox 768 3969 877 4021; x_wconf 74' lang='grc' dir='ltr'><strong>Εἶτ’</strong></span> <span class='ocrx_word' id='word_1_516' title='bbox 915 3968 1009 4022; x_wconf 80' lang='grc' dir='ltr'>οὖν</span> <span class='ocrx_word' id='word_1_517' title='bbox 1093 3969 1183 4022; x_wconf 78' lang='grc' dir='ltr'>διὰ</span> <span class='ocrx_word' id='word_1_518' title='bbox 1226 3969 1387 4024; x_wconf 83' lang='grc' dir='ltr'>τοῦτο</span> <span class='ocrx_word' id='word_1_519' title='bbox 1437 3971 1742 4042; x_wconf 81' lang='grc' dir='ltr'>λοιδοροῦσι</span> 
     </span>
    </p>
   </div>
   <div class='ocr_carea' id='block_1_73' title="bbox 160 4054 1744 4129">
    <p class='ocr_par' dir='ltr' id='par_1_73' title="bbox 160 4054 1744 4129">
     <span class='ocr_line' id='line_1_73' title="bbox 160 4054 1744 4129; baseline 0.004 -22"><span class='ocrx_word' id='word_1_520' title='bbox 160 4057 253 4107; x_wconf 72' lang='grc' dir='ltr'>καὶ</span> <span class='ocrx_word' id='word_1_521' title='bbox 309 4054 631 4122; x_wconf 68' lang='grc' dir='ltr'>ψεύδονται,</span> <span class='ocrx_word' id='word_1_522' title='bbox 658 4056 857 4110; x_wconf 82' lang='grc' dir='ltr'>οὑτωσί</span> <span class='ocrx_word' id='word_1_523' title='bbox 883 4073 997 4120; x_wconf 87' lang='grc' dir='ltr'>πως</span> <span class='ocrx_word' id='word_1_524' title='bbox 1030 4057 1366 4128; x_wconf 80' lang='grc' dir='ltr'>ἑκατέρωθεν</span> <span class='ocrx_word' id='word_1_525' title='bbox 1397 4060 1744 4129; x_wconf 82' lang='grc' dir='ltr'>ἁμαρτάνου-</span> 
     </span>
    </p>
   </div>
   <div class='ocr_carea' id='block_1_74' title="bbox 163 4145 1740 4222">
    <p class='ocr_par' dir='ltr' id='par_1_74' title="bbox 163 4145 1740 4222">
     <span class='ocr_line' id='line_1_74' title="bbox 163 4145 1740 4222; baseline 0.004 -24"><span class='ocrx_word' id='word_1_526' title='bbox 163 4165 244 4199; x_wconf 81' lang='grc' dir='ltr'><strong>σιν</strong></span> <span class='ocrx_word' id='word_1_527' title='bbox 265 4162 281 4175; x_wconf 89' lang='grc'><strong>·</strong></span> <span class='ocrx_word' id='word_1_528' title='bbox 321 4147 424 4200; x_wconf 76' lang='grc' dir='ltr'>εἴτ’</span> <span class='ocrx_word' id='word_1_529' title='bbox 446 4145 518 4201; x_wconf 80' lang='grc' dir='ltr'>αὖ</span> <span class='ocrx_word' id='word_1_530' title='bbox 557 4147 820 4217; x_wconf 78' lang='grc' dir='ltr'>διαμονῆς</span> <span class='ocrx_word' id='word_1_531' title='bbox 851 4148 1013 4202; x_wconf 76' lang='grc' dir='ltr'>ἕνεκα</span> <span class='ocrx_word' id='word_1_532' title='bbox 1041 4150 1140 4219; x_wconf 88' lang='grc' dir='ltr'><strong>τῆς</strong></span> <span class='ocrx_word' id='word_1_533' title='bbox 1185 4150 1366 4204; x_wconf 81' lang='grc' dir='ltr'>αὐτῶν</span> <span class='ocrx_word' id='word_1_534' title='bbox 1391 4154 1740 4222; x_wconf 67' lang='grc' dir='ltr'>συγγραφῆς,</span> 
     </span>
    </p>
   </div>
   <div class='ocr_carea' id='block_1_75' title="bbox 164 4236 1742 4314">
    <p class='ocr_par' dir='ltr' id='par_1_75' title="bbox 164 4236 1742 4314">
     <span class='ocr_line' id='line_1_75' title="bbox 164 4236 1742 4314; baseline 0.003 -24"><span class='ocrx_word' id='word_1_535' title='bbox 164 4240 254 4290; x_wconf 71' lang='grc' dir='ltr'>καὶ</span> <span class='ocrx_word' id='word_1_536' title='bbox 301 4236 454 4290; x_wconf 74' lang='grc' dir='ltr'>οὕτω</span> <span class='ocrx_word' id='word_1_537' title='bbox 495 4237 687 4309; x_wconf 73' lang='grc' dir='ltr'>πόρρω</span> <span class='ocrx_word' id='word_1_538' title='bbox 719 4237 906 4292; x_wconf 82' lang='grc' dir='ltr'>θέουσι</span> <span class='ocrx_word' id='word_1_539' title='bbox 942 4239 1035 4292; x_wconf 79' lang='grc' dir='ltr'><strong>τοῦ</strong></span> <span class='ocrx_word' id='word_1_540' title='bbox 1088 4241 1316 4306; x_wconf 82' lang='grc' dir='ltr'>σκοποῦ,</span> <span class='ocrx_word' id='word_1_541' title='bbox 1350 4241 1449 4306; x_wconf 75' lang='grc' dir='ltr'><strong>τὰς</strong></span> <span class='ocrx_word' id='word_1_542' title='bbox 1474 4243 1742 4314; x_wconf 85' lang='grc' dir='ltr'>κρηπῖδας</span> 
     </span>
    </p>
   </div>
   <div class='ocr_carea' id='block_1_76' title="bbox 161 4327 1746 4402">
    <p class='ocr_par' dir='ltr' id='par_1_76' title="bbox 161 4327 1746 4402">
     <span class='ocr_line' id='line_1_76' title="bbox 161 4327 1746 4402; baseline 0.004 -24"><span class='ocrx_word' id='word_1_543' title='bbox 161 4330 268 4379; x_wconf 78' lang='grc' dir='ltr'><strong>τῶν</strong></span> <span class='ocrx_word' id='word_1_544' title='bbox 291 4327 494 4396; x_wconf 81' lang='grc' dir='ltr'>αίτιῷν</span> <span class='ocrx_word' id='word_1_545' title='bbox 536 4328 598 4380; x_wconf 84' lang='grc' dir='ltr'><strong>ού</strong></span> <span class='ocrx_word' id='word_1_546' title='bbox 635 4328 778 4381; x_wconf 77' lang='grc' dir='ltr'>πάνυ</span> <span class='ocrx_word' id='word_1_547' title='bbox 824 4347 904 4382; x_wconf 91' lang='grc' dir='ltr'><strong>τοι</strong></span> <span class='ocrx_word' id='word_1_548' title='bbox 930 4331 1134 4400; x_wconf 80' lang='grc' dir='ltr'>σφόδρα</span> <span class='ocrx_word' id='word_1_549' title='bbox 1159 4331 1539 4402; x_wconf 83' lang='grc' dir='ltr'>ὑποτιθέμενοι</span> <span class='ocrx_word' id='word_1_550' title='bbox 1563 4335 1746 4402; x_wconf 79' lang='grc' dir='ltr'>ἀσφα-</span> 
     </span>
    </p>
   </div>
   <div class='ocr_carea' id='block_1_77' title="bbox 164 4418 1742 4492">
    <p class='ocr_par' dir='ltr' id='par_1_77' title="bbox 164 4418 1742 4492">
     <span class='ocr_line' id='line_1_77' title="bbox 164 4418 1742 4492; baseline 0.005 -22"><span class='ocrx_word' id='word_1_551' title='bbox 164 4418 293 4481; x_wconf 75' lang='grc' dir='ltr'>λεῖς.</span> <span class='ocrx_word' id='word_1_552' title='bbox 338 4420 508 4473; x_wconf 76' lang='grc' dir='ltr'>Δύτοὶ</span> <span class='ocrx_word' id='word_1_553' title='bbox 561 4419 660 4488; x_wconf 77' lang='grc' dir='ltr'>μὲν</span> <span class='ocrx_word' id='word_1_554' title='bbox 711 4420 819 4492; x_wconf 85' lang='lat'><strong>7&amp;9</strong></span> <span class='ocrx_word' id='word_1_555' title='bbox 856 4421 985 4485; x_wconf 87' lang='grc' dir='ltr'>ίσως</span> <span class='ocrx_word' id='word_1_556' title='bbox 1033 4422 1231 4486; x_wconf 80' lang='grc' dir='ltr'>είδότες</span> <span class='ocrx_word' id='word_1_557' title='bbox 1271 4423 1371 4486; x_wconf 78' lang='grc' dir='ltr'><strong>τὰς</strong></span> <span class='ocrx_word' id='word_1_558' title='bbox 1398 4423 1508 4477; x_wconf 84' lang='grc' dir='ltr'><strong>τῶν</strong></span> <span class='ocrx_word' id='word_1_559' title='bbox 1531 4424 1742 4478; x_wconf 85' lang='grc' dir='ltr'>πολλῶν</span> 
     </span>
    </p>
   </div>
   <div class='ocr_carea' id='block_1_78' title="bbox 1847 3230 3409 3308">
    <p class='ocr_par' dir='ltr' id='par_1_78' title="bbox 1847 3230 3409 3308">
     <span class='ocr_line' id='line_1_78' title="bbox 1847 3230 3409 3308; baseline -0.001 -18"><span class='ocrx_word' id='word_1_560' title='bbox 1847 3235 1904 3290; x_wconf 90' lang='lat' dir='ltr'><strong>in</strong></span> <span class='ocrx_word' id='word_1_561' title='bbox 1934 3250 2028 3290; x_wconf 89' lang='lat' dir='ltr'><strong>eos</strong></span> <span class='ocrx_word' id='word_1_562' title='bbox 2053 3237 2144 3304; x_wconf 87' lang='lat' dir='ltr'><strong>qui</strong></span> <span class='ocrx_word' id='word_1_563' title='bbox 2186 3236 2274 3291; x_wconf 90' lang='lat' dir='ltr'><strong>illa</strong></span> <span class='ocrx_word' id='word_1_564' title='bbox 2307 3230 2536 3307; x_wconf 83' lang='lat' dir='ltr'><strong>at‘guere</strong></span> <span class='ocrx_word' id='word_1_565' title='bbox 2565 3236 2922 3293; x_wconf 85' lang='lat' dir='ltr'><strong>instituerint.</strong></span> <span class='ocrx_word' id='word_1_566' title='bbox 2951 3237 3078 3292; x_wconf 89' lang='lat' dir='ltr'><strong>Sive</strong></span> <span class='ocrx_word' id='word_1_567' title='bbox 3110 3237 3278 3308; x_wconf 89' lang='lat' dir='ltr'><strong>igitur</strong></span> <span class='ocrx_word' id='word_1_568' title='bbox 3307 3237 3409 3290; x_wconf 91' lang='lat' dir='ltr'><strong>hac</strong></span> 
     </span>
    </p>
   </div>
   <div class='ocr_carea' id='block_1_79' title="bbox 1843 3327 3412 3398">
    <p class='ocr_par' dir='ltr' id='par_1_79' title="bbox 1843 3327 3412 3398">
     <span class='ocr_line' id='line_1_79' title="bbox 1843 3327 3412 3398; baseline 0 -16"><span class='ocrx_word' id='word_1_569' title='bbox 1843 3327 1912 3382; x_wconf 88' lang='lat' dir='ltr'><strong>de</strong></span> <span class='ocrx_word' id='word_1_570' title='bbox 1949 3343 2111 3384; x_wconf 88' lang='lat' dir='ltr'><strong>causa</strong></span> <span class='ocrx_word' id='word_1_571' title='bbox 2143 3327 2216 3382; x_wconf 90' lang='lat' dir='ltr'><strong>ita</strong></span> <span class='ocrx_word' id='word_1_572' title='bbox 2261 3329 2630 3384; x_wconf 88' lang='lat' dir='ltr'><strong>convitiantur</strong></span> <span class='ocrx_word' id='word_1_573' title='bbox 2674 3328 3132 3393; x_wconf 78' lang='lat' dir='ltr'><strong>etmentiuntur,</strong></span> <span class='ocrx_word' id='word_1_574' title='bbox 3183 3338 3412 3398; x_wconf 86' lang='lat' dir='ltr'><strong>utroque</strong></span> 
     </span>
    </p>
   </div>
   <div class='ocr_carea' id='block_1_80' title="bbox 1843 3418 3414 3489">
    <p class='ocr_par' dir='ltr' id='par_1_80' title="bbox 1843 3418 3414 3489">
     <span class='ocr_line' id='line_1_80' title="bbox 1843 3418 3414 3489; baseline -0.001 -16"><span class='ocrx_word' id='word_1_575' title='bbox 1843 3428 2071 3487; x_wconf 85' lang='lat' dir='ltr'><strong>peccant</strong></span> <span class='ocrx_word' id='word_1_576' title='bbox 2093 3437 2108 3474; x_wconf 89' lang='lat'><strong>:</strong></span> <span class='ocrx_word' id='word_1_577' title='bbox 2129 3419 2245 3473; x_wconf 85' lang='lat' dir='ltr'><strong>sive</strong></span> <span class='ocrx_word' id='word_1_578' title='bbox 2273 3419 2342 3473; x_wconf 89' lang='lat' dir='ltr'><strong>ob</strong></span> <span class='ocrx_word' id='word_1_579' title='bbox 2369 3418 2784 3474; x_wconf 84' lang='lat' dir='ltr'><strong>diuturnitatem</strong></span> <span class='ocrx_word' id='word_1_580' title='bbox 2811 3419 3139 3489; x_wconf 91' lang='lat' dir='ltr'><strong>scriptorum</strong></span> <span class='ocrx_word' id='word_1_581' title='bbox 3165 3433 3414 3482; x_wconf 79' lang='lat' dir='ltr'><strong>suorum,</strong></span> 
     </span>
    </p>
   </div>
   <div class='ocr_carea' id='block_1_81' title="bbox 1845 3507 3406 3580">
    <p class='ocr_par' dir='ltr' id='par_1_81' title="bbox 1845 3507 3406 3580">
     <span class='ocr_line' id='line_1_81' title="bbox 1845 3507 3406 3580; baseline -0.005 -14"><span class='ocrx_word' id='word_1_582' title='bbox 1845 3510 2007 3566; x_wconf 86' lang='lat' dir='ltr'><strong>etiam</strong></span> <span class='ocrx_word' id='word_1_583' title='bbox 2036 3510 2117 3564; x_wconf 91' lang='lat' dir='ltr'><strong>sic</strong></span> <span class='ocrx_word' id='word_1_584' title='bbox 2149 3509 2340 3580; x_wconf 83' lang='lat' dir='ltr'><strong>procul</strong></span> <span class='ocrx_word' id='word_1_585' title='bbox 2373 3523 2402 3562; x_wconf 86' lang='lat' dir='ltr'><strong>a</strong></span> <span class='ocrx_word' id='word_1_586' title='bbox 2432 3523 2600 3578; x_wconf 88' lang='lat' dir='ltr'><strong>scopo</strong></span> <span class='ocrx_word' id='word_1_587' title='bbox 2645 3509 2918 3571; x_wconf 85' lang='lat' dir='ltr'><strong>aberrant,</strong></span> <span class='ocrx_word' id='word_1_588' title='bbox 2969 3507 3197 3562; x_wconf 86' lang='lat' dir='ltr'><strong>inﬁrmis</strong></span> <span class='ocrx_word' id='word_1_589' title='bbox 3235 3508 3406 3560; x_wconf 87' lang='lat' dir='ltr'><strong>crimi-</strong></span> 
     </span>
    </p>
   </div>
   <div class='ocr_carea' id='block_1_82' title="bbox 1843 3595 3412 3668">
    <p class='ocr_par' dir='ltr' id='par_1_82' title="bbox 1843 3595 3412 3668">
     <span class='ocr_line' id='line_1_82' title="bbox 1843 3595 3412 3668; baseline -0.003 -15"><span class='ocrx_word' id='word_1_590' title='bbox 1843 3601 2125 3654; x_wconf 72' lang='lat' dir='ltr'><strong>natiouunt</strong></span> <span class='ocrx_word' id='word_1_591' title='bbox 2190 3614 2411 3654; x_wconf 86' lang='lat' dir='ltr'><strong>suarum</strong></span> <span class='ocrx_word' id='word_1_592' title='bbox 2455 3598 2620 3668; x_wconf 81' lang='lat' dir='ltr'><strong>jactis</strong></span> <span class='ocrx_word' id='word_1_593' title='bbox 2670 3597 3058 3652; x_wconf 77' lang='lat' dir='ltr'><strong>fundamentis.</strong></span> <span class='ocrx_word' id='word_1_594' title='bbox 3105 3597 3299 3651; x_wconf 91' lang='lat' dir='ltr'><strong>Sciunt</strong></span> <span class='ocrx_word' id='word_1_595' title='bbox 3336 3595 3412 3650; x_wconf 87' lang='lat' dir='ltr'><strong>illi</strong></span> 
     </span>
    </p>
   </div>
   <div class='ocr_carea' id='block_1_83' title="bbox 1845 3687 3412 3760">
    <p class='ocr_par' dir='ltr' id='par_1_83' title="bbox 1845 3687 3412 3760">
     <span class='ocr_line' id='line_1_83' title="bbox 1845 3687 3412 3760; baseline -0.003 -15"><span class='ocrx_word' id='word_1_596' title='bbox 1845 3691 2062 3760; x_wconf 88' lang='lat' dir='ltr'><strong>quidem</strong></span> <span class='ocrx_word' id='word_1_597' title='bbox 2108 3690 2356 3752; x_wconf 82' lang='lat' dir='ltr'><strong>forsitan,</strong></span> <span class='ocrx_word' id='word_1_598' title='bbox 2389 3691 2534 3760; x_wconf 86' lang='lat' dir='ltr'><strong>vulgi</strong></span> <span class='ocrx_word' id='word_1_599' title='bbox 2587 3705 2747 3745; x_wconf 87' lang='lat' dir='ltr'><strong>aures</strong></span> <span class='ocrx_word' id='word_1_600' title='bbox 2782 3689 3144 3744; x_wconf 84' lang='lat' dir='ltr'><strong>insectatione</strong></span> <span class='ocrx_word' id='word_1_601' title='bbox 3177 3687 3412 3741; x_wconf 87' lang='lat' dir='ltr'><strong>aliorum</strong></span> 
     </span>
    </p>
   </div>
   <div class='ocr_carea' id='block_1_84' title="bbox 1846 3781 3416 3852">
    <p class='ocr_par' dir='ltr' id='par_1_84' title="bbox 1846 3781 3416 3852">
     <span class='ocr_line' id='line_1_84' title="bbox 1846 3781 3416 3852; baseline -0.001 -17"><span class='ocrx_word' id='word_1_602' title='bbox 1846 3797 2008 3852; x_wconf 86' lang='lat' dir='ltr'><strong>quam</strong></span> <span class='ocrx_word' id='word_1_603' title='bbox 2041 3783 2437 3837; x_wconf 88' lang='lat' dir='ltr'><strong>collaudatione</strong></span> <span class='ocrx_word' id='word_1_604' title='bbox 2464 3783 2521 3852; x_wconf 80' lang='lat'><strong>9</strong></span> <span class='ocrx_word' id='word_1_605' title='bbox 2555 3783 2723 3851; x_wconf 84' lang='lat' dir='ltr'><strong>magis</strong></span> <span class='ocrx_word' id='word_1_606' title='bbox 2753 3783 3034 3848; x_wconf 83' lang='lat' dir='ltr'><strong>delectari,</strong></span> <span class='ocrx_word' id='word_1_607' title='bbox 3075 3796 3139 3836; x_wconf 91' lang='lat' dir='ltr'><strong>ac</strong></span> <span class='ocrx_word' id='word_1_608' title='bbox 3185 3781 3416 3850; x_wconf 82' lang='lat' dir='ltr'><strong>injurias</strong></span> 
     </span>
    </p>
   </div>
   <div class='ocr_carea' id='block_1_85' title="bbox 1845 3871 3417 3943">
    <p class='ocr_par' dir='ltr' id='par_1_85' title="bbox 1845 3871 3417 3943">
     <span class='ocr_line' id='line_1_85' title="bbox 1845 3871 3417 3943; baseline -0.002 -16"><span class='ocrx_word' id='word_1_609' title='bbox 1845 3888 2008 3943; x_wconf 87' lang='lat' dir='ltr'><strong>quam</strong></span> <span class='ocrx_word' id='word_1_610' title='bbox 2040 3883 2195 3934; x_wconf 79' lang='lat' dir='ltr'><strong>recte,</strong></span> <span class='ocrx_word' id='word_1_611' title='bbox 2225 3873 2367 3928; x_wconf 73' lang='lat' dir='ltr'><strong>facta</strong></span> <span class='ocrx_word' id='word_1_612' title='bbox 2409 3873 2671 3927; x_wconf 84' lang='lat' dir='ltr'><strong>libentius</strong></span> <span class='ocrx_word' id='word_1_613' title='bbox 2709 3871 2838 3943; x_wconf 88' lang='lat' dir='ltr'><strong>legi,</strong></span> <span class='ocrx_word' id='word_1_614' title='bbox 2868 3872 3114 3940; x_wconf 82' lang='lat' dir='ltr'><strong>quamvis</strong></span> <span class='ocrx_word' id='word_1_615' title='bbox 3143 3871 3266 3925; x_wconf 86' lang='lat' dir='ltr'><strong>illas</strong></span> <span class='ocrx_word' id='word_1_616' title='bbox 3293 3886 3417 3940; x_wconf 90' lang='lat' dir='ltr'><strong>pro-</strong></span> 
     </span>
    </p>
   </div>
   <div class='ocr_carea' id='block_1_86' title="bbox 1847 3960 3416 4026">
    <p class='ocr_par' dir='ltr' id='par_1_86' title="bbox 1847 3960 3416 4026">
     <span class='ocr_line' id='line_1_86' title="bbox 1847 3960 3416 4026; baseline -0.002 -9"><span class='ocrx_word' id='word_1_617' title='bbox 1847 3964 1952 4018; x_wconf 78' lang='lat' dir='ltr'><strong>lixa</strong></span> <span class='ocrx_word' id='word_1_618' title='bbox 1983 3963 2259 4018; x_wconf 85' lang='lat' dir='ltr'><strong>mendacia</strong></span> <span class='ocrx_word' id='word_1_619' title='bbox 2299 3963 2602 4026; x_wconf 83' lang='lat' dir='ltr'><strong>venditem,</strong></span> <span class='ocrx_word' id='word_1_620' title='bbox 2639 3963 2755 4017; x_wconf 61' lang='lat' dir='ltr'><strong>hate</strong></span> <span class='ocrx_word' id='word_1_621' title='bbox 2795 3977 2926 4016; x_wconf 89' lang='lat' dir='ltr'><strong>vero</strong></span> <span class='ocrx_word' id='word_1_622' title='bbox 2963 3962 3140 4015; x_wconf 89' lang='lat' dir='ltr'><strong>lucem</strong></span> <span class='ocrx_word' id='word_1_623' title='bbox 3171 3960 3416 4016; x_wconf 84' lang='lat' dir='ltr'><strong>veritatis</strong></span> 
     </span>
    </p>
   </div>
   <div class='ocr_carea' id='block_1_87' title="bbox 1846 4053 3418 4125">
    <p class='ocr_par' dir='ltr' id='par_1_87' title="bbox 1846 4053 3418 4125">
     <span class='ocr_line' id='line_1_87' title="bbox 1846 4053 3418 4125; baseline -0.002 -17"><span class='ocrx_word' id='word_1_624' title='bbox 1846 4053 2101 4125; x_wconf 64' lang='lat' dir='ltr'><strong>prati/iam</strong></span> <span class='ocrx_word' id='word_1_625' title='bbox 2131 4053 2365 4108; x_wconf 90' lang='lat' dir='ltr'><strong>habeant</strong></span> <span class='ocrx_word' id='word_1_626' title='bbox 2393 4070 2408 4108; x_wconf 87' lang='lat'><strong>:</strong></span> <span class='ocrx_word' id='word_1_627' title='bbox 2439 4068 2614 4122; x_wconf 90' lang='lat' dir='ltr'><strong>eoque</strong></span> <span class='ocrx_word' id='word_1_628' title='bbox 2646 4053 2726 4108; x_wconf 89' lang='lat' dir='ltr'><strong>sic</strong></span> <span class='ocrx_word' id='word_1_629' title='bbox 2754 4053 3013 4108; x_wconf 86' lang='lat' dir='ltr'><strong>historias</strong></span> <span class='ocrx_word' id='word_1_630' title='bbox 3038 4068 3167 4109; x_wconf 89' lang='lat' dir='ltr'><strong>suas</strong></span> <span class='ocrx_word' id='word_1_631' title='bbox 3197 4067 3418 4123; x_wconf 90' lang='lat' dir='ltr'><strong>compo-</strong></span> 
     </span>
    </p>
   </div>
   <div class='ocr_carea' id='block_1_88' title="bbox 1848 4143 3419 4214">
    <p class='ocr_par' dir='ltr' id='par_1_88' title="bbox 1848 4143 3419 4214">
     <span class='ocr_line' id='line_1_88' title="bbox 1848 4143 3419 4214; baseline 0.001 -17"><span class='ocrx_word' id='word_1_632' title='bbox 1848 4151 2007 4210; x_wconf 88' lang='lat' dir='ltr'><strong>nunt,</strong></span> <span class='ocrx_word' id='word_1_633' title='bbox 2038 4156 2098 4198; x_wconf 90' lang='lat' dir='ltr'><strong>ut</strong></span> <span class='ocrx_word' id='word_1_634' title='bbox 2124 4143 2162 4198; x_wconf 87' lang='lat' dir='ltr'><strong>ii</strong></span> <span class='ocrx_word' id='word_1_635' title='bbox 2193 4144 2284 4213; x_wconf 88' lang='lat' dir='ltr'><strong>qui</strong></span> <span class='ocrx_word' id='word_1_636' title='bbox 2330 4144 2518 4198; x_wconf 89' lang='lat' dir='ltr'><strong>multis</strong></span> <span class='ocrx_word' id='word_1_637' title='bbox 2544 4144 2757 4199; x_wconf 65' lang='lat' dir='ltr'><strong>saeculis</strong></span> <span class='ocrx_word' id='word_1_638' title='bbox 2785 4153 2908 4214; x_wconf 87' lang='lat' dir='ltr'><strong>post</strong></span> <span class='ocrx_word' id='word_1_639' title='bbox 2937 4143 3102 4200; x_wconf 77' lang='lat' dir='ltr'><strong>futuri</strong></span> <span class='ocrx_word' id='word_1_640' title='bbox 3149 4152 3299 4209; x_wconf 92' lang='lat' dir='ltr'><strong>sunt,</strong></span> <span class='ocrx_word' id='word_1_641' title='bbox 3325 4159 3419 4198; x_wconf 88' lang='lat' dir='ltr'><strong>eas</strong></span> 
     </span>
    </p>
   </div>
   <div class='ocr_carea' id='block_1_89' title="bbox 1848 4232 3418 4304">
    <p class='ocr_par' dir='ltr' id='par_1_89' title="bbox 1848 4232 3418 4304">
     <span class='ocr_line' id='line_1_89' title="bbox 1848 4232 3418 4304; baseline -0.002 -17"><span class='ocrx_word' id='word_1_642' title='bbox 1848 4232 2166 4303; x_wconf 89' lang='lat' dir='ltr'><strong>longissimo</strong></span> <span class='ocrx_word' id='word_1_643' title='bbox 2197 4241 2445 4302; x_wconf 88' lang='lat' dir='ltr'><strong>tempore</strong></span> <span class='ocrx_word' id='word_1_644' title='bbox 2478 4247 2602 4287; x_wconf 92' lang='lat' dir='ltr'><strong>cum</strong></span> <span class='ocrx_word' id='word_1_645' title='bbox 2637 4233 2911 4300; x_wconf 86' lang='lat' dir='ltr'><strong>voluptate</strong></span> <span class='ocrx_word' id='word_1_646' title='bbox 2950 4232 3153 4304; x_wconf 81' lang='lat' dir='ltr'><strong>legant.</strong></span> <span class='ocrx_word' id='word_1_647' title='bbox 3200 4233 3316 4287; x_wconf 87' lang='lat' dir='ltr'><strong>Nec</strong></span> <span class='ocrx_word' id='word_1_648' title='bbox 3363 4232 3418 4286; x_wconf 90' lang='lat' dir='ltr'><strong>in</strong></span> 
     </span>
    </p>
   </div>
   <div class='ocr_carea' id='block_1_90' title="bbox 1849 4322 3422 4394">
    <p class='ocr_par' dir='ltr' id='par_1_90' title="bbox 1849 4322 3422 4394">
     <span class='ocr_line' id='line_1_90' title="bbox 1849 4322 3422 4394; baseline -0.003 -16"><span class='ocrx_word' id='word_1_649' title='bbox 1849 4325 1955 4378; x_wconf 88' lang='lat' dir='ltr'><strong>hoe</strong></span> <span class='ocrx_word' id='word_1_650' title='bbox 1984 4323 2071 4378; x_wconf 91' lang='lat' dir='ltr'><strong>vel</strong></span> <span class='ocrx_word' id='word_1_651' title='bbox 2113 4323 2345 4394; x_wconf 67' lang='lat' dir='ltr'><strong>iustitiae</strong></span> <span class='ocrx_word' id='word_1_652' title='bbox 2389 4323 2678 4393; x_wconf 66' lang='lat' dir='ltr'><strong>praesidem</strong></span> <span class='ocrx_word' id='word_1_653' title='bbox 2723 4324 2924 4378; x_wconf 89' lang='lat' dir='ltr'><strong>animis</strong></span> <span class='ocrx_word' id='word_1_654' title='bbox 2977 4323 3286 4386; x_wconf 89' lang='lat' dir='ltr'><strong>intuentur,</strong></span> <span class='ocrx_word' id='word_1_655' title='bbox 3335 4322 3422 4375; x_wconf 64' lang='lat' dir='ltr'><strong>vel</strong></span> 
     </span>
    </p>
   </div>
   <div class='ocr_carea' id='block_1_91' title="bbox 1849 4415 3419 4486">
    <p class='ocr_par' dir='ltr' id='par_1_91' title="bbox 1849 4415 3419 4486">
     <span class='ocr_line' id='line_1_91' title="bbox 1849 4415 3419 4486; baseline -0.004 -15"><span class='ocrx_word' id='word_1_656' title='bbox 1849 4432 2002 4486; x_wconf 63' lang='lat' dir='ltr'><strong>aqua</strong></span> <span class='ocrx_word' id='word_1_657' title='bbox 2028 4425 2084 4471; x_wconf 89' lang='lat' dir='ltr'><strong>et</strong></span> <span class='ocrx_word' id='word_1_658' title='bbox 2106 4425 2254 4471; x_wconf 89' lang='lat' dir='ltr'><strong>recta</strong></span> <span class='ocrx_word' id='word_1_659' title='bbox 2276 4415 2481 4486; x_wconf 87' lang='lat' dir='ltr'><strong>judicia</strong></span> <span class='ocrx_word' id='word_1_660' title='bbox 2506 4417 2780 4470; x_wconf 88' lang='lat' dir='ltr'><strong>bonorum</strong></span> <span class='ocrx_word' id='word_1_661' title='bbox 2801 4417 3039 4469; x_wconf 83' lang='lat' dir='ltr'><strong>virorum</strong></span> <span class='ocrx_word' id='word_1_662' title='bbox 3071 4421 3419 4470; x_wconf 87' lang='lat' dir='ltr'><strong>reverentur.</strong></span> 
     </span>
    </p>
   </div>
   <div class='ocr_carea' id='block_1_92' title="bbox 168 4503 1742 4587">
    <p class='ocr_par' dir='ltr' id='par_1_92' title="bbox 168 4510 1736 4587">
     <span class='ocr_line' id='line_1_92' title="bbox 168 4510 1736 4587; baseline 0.006 -27"><span class='ocrx_word' id='word_1_663' title='bbox 168 4510 356 4571; x_wconf 67' lang='grc' dir='ltr'>ἀκοὰς,</span> <span class='ocrx_word' id='word_1_664' title='bbox 389 4512 516 4573; x_wconf 60' lang='lat' dir='ltr'><strong>cui;</strong></span> <span class='ocrx_word' id='word_1_665' title='bbox 561 4510 671 4563; x_wconf 84' lang='grc' dir='ltr'><strong>τῶν</strong></span> <span class='ocrx_word' id='word_1_666' title='bbox 711 4511 890 4564; x_wconf 81' lang='grc' dir='ltr'>ἄλλων</span> <span class='ocrx_word' id='word_1_667' title='bbox 934 4512 1356 4583; x_wconf 77' lang='grc' dir='ltr'>ὖϐρεσι⁴μᾶλλον</span> <span class='ocrx_word' id='word_1_668' title='bbox 1375 4515 1736 4587; x_wconf 81' lang='grc' dir='ltr'>χαιρούσαςῆ</span> 
     </span>
    </p>
   </div>
   <div class='ocr_carea' id='block_1_93' title="bbox 1845 4503 3421 4587">
    <p class='ocr_par' dir='ltr' id='par_1_93' title="bbox 1845 4503 3421 4576">
     <span class='ocr_line' id='line_1_93' title="bbox 1845 4503 3421 4576; baseline -0.006 -12"><span class='ocrx_word' id='word_1_669' title='bbox 1845 4508 1974 4574; x_wconf 64' lang='lat' dir='ltr'><strong>Quae</strong></span> <span class='ocrx_word' id='word_1_670' title='bbox 1999 4523 2088 4563; x_wconf 88' lang='lat' dir='ltr'><strong>res</strong></span> <span class='ocrx_word' id='word_1_671' title='bbox 2113 4523 2222 4563; x_wconf 92' lang='lat' dir='ltr'><strong>non</strong></span> <span class='ocrx_word' id='word_1_672' title='bbox 2254 4508 2391 4562; x_wconf 90' lang='lat' dir='ltr'><strong>adeo</strong></span> <span class='ocrx_word' id='word_1_673' title='bbox 2422 4506 2530 4561; x_wconf 88' lang='lat' dir='ltr'><strong>illis</strong></span> <span class='ocrx_word' id='word_1_674' title='bbox 2549 4507 2701 4562; x_wconf 89' lang='lat' dir='ltr'><strong>obest</strong></span> <span class='ocrx_word' id='word_1_675' title='bbox 2729 4521 2868 4576; x_wconf 89' lang='lat' dir='ltr'><strong>quos</strong></span> <span class='ocrx_word' id='word_1_676' title='bbox 2895 4503 3234 4574; x_wconf 87' lang='lat' dir='ltr'><strong>vituperant,</strong></span> <span class='ocrx_word' id='word_1_677' title='bbox 3257 4518 3421 4573; x_wconf 87' lang='lat' dir='ltr'><strong>quam</strong></span> 
     </span>
    </p>
   </div>
   <div class='ocr_carea' id='block_1_94' title="bbox 166 4599 1733 4670">
    <p class='ocr_par' dir='ltr' id='par_1_94' title="bbox 166 4599 1733 4670">
     <span class='ocr_line' id='line_1_94' title="bbox 166 4599 1733 4670; baseline 0.003 -21"><span class='ocrx_word' id='word_1_678' title='bbox 166 4601 276 4658; x_wconf 81' lang='grc' dir='ltr'><strong>τοίς</strong></span> <span class='ocrx_word' id='word_1_679' title='bbox 308 4599 582 4662; x_wconf 82' lang='grc' dir='ltr'>ἐπαίνοις,</span> <span class='ocrx_word' id='word_1_680' title='bbox 607 4601 703 4652; x_wconf 72' lang='grc' dir='ltr'>καὶ</span> <span class='ocrx_word' id='word_1_681' title='bbox 729 4599 807 4662; x_wconf 82' lang='grc' dir='ltr'>ὡς</span> <span class='ocrx_word' id='word_1_682' title='bbox 841 4599 1017 4670; x_wconf 69' lang='grc' dir='ltr'>πο).λῷ</span> <span class='ocrx_word' id='word_1_683' title='bbox 1039 4617 1102 4668; x_wconf 87' lang='grc' dir='ltr'><strong>γε</strong></span> <span class='ocrx_word' id='word_1_684' title='bbox 1134 4601 1282 4670; x_wconf 78' lang='grc' dir='ltr'>ἥδιον</span> <span class='ocrx_word' id='word_1_685' title='bbox 1329 4603 1378 4652; x_wconf 89' lang='grc' dir='ltr'><strong>οί</strong></span> <span class='ocrx_word' id='word_1_686' title='bbox 1422 4601 1605 4654; x_wconf 78' lang='grc' dir='ltr'>πολλοὶ</span> <span class='ocrx_word' id='word_1_687' title='bbox 1634 4603 1733 4664; x_wconf 68' lang='grc' dir='ltr'>τὰς</span> 
     </span>
    </p>
   </div>
   <div class='ocr_carea' id='block_1_95' title="bbox 171 4690 1740 4762">
    <p class='ocr_par' dir='ltr' id='par_1_95' title="bbox 171 4690 1740 4762">
     <span class='ocr_line' id='line_1_95' title="bbox 171 4690 1740 4762; baseline 0.002 -19"><span class='ocrx_word' id='word_1_688' title='bbox 171 4690 510 4744; x_wconf 68' lang='grc' dir='ltr'>ὡντινωνοῦν</span> <span class='ocrx_word' id='word_1_689' title='bbox 545 4691 866 4756; x_wconf 73' lang='grc' dir='ltr'>διεξέλθοιεν</span> <span class='ocrx_word' id='word_1_690' title='bbox 915 4691 1104 4762; x_wconf 68' lang='grc' dir='ltr'>ὕϐρεις</span> <span class='ocrx_word' id='word_1_691' title='bbox 1152 4692 1185 4762; x_wconf 77' lang='grc' dir='ltr'>ἢ</span> <span class='ocrx_word' id='word_1_692' title='bbox 1235 4692 1470 4760; x_wconf 71' lang='grc' dir='ltr'>τάγαθὰ,</span> <span class='ocrx_word' id='word_1_693' title='bbox 1505 4692 1608 4746; x_wconf 82' lang='grc' dir='ltr'>κᾶν</span> <span class='ocrx_word' id='word_1_694' title='bbox 1639 4693 1740 4756; x_wconf 83' lang='grc' dir='ltr'>τὰς</span> 
     </span>
    </p>
   </div>
   <div class='ocr_carea' id='block_1_96' title="bbox 180 4783 1742 4855">
    <p class='ocr_par' dir='ltr' id='par_1_96' title="bbox 180 4783 1742 4855">
     <span class='ocr_line' id='line_1_96' title="bbox 180 4783 1742 4855; baseline 0.003 -21"><span class='ocrx_word' id='word_1_695' title='bbox 180 4784 273 4849; x_wconf 71' lang='grc' dir='ltr'>μὲν</span> <span class='ocrx_word' id='word_1_696' title='bbox 296 4783 472 4852; x_wconf 59' lang='grc' dir='ltr'>ψεύδη</span> <span class='ocrx_word' id='word_1_697' title='bbox 517 4785 704 4854; x_wconf 72' lang='grc' dir='ltr'>μακρὰ</span> <span class='ocrx_word' id='word_1_698' title='bbox 757 4783 1132 4854; x_wconf 79' lang='grc' dir='ltr'>καπηλεύωσι,</span> <span class='ocrx_word' id='word_1_699' title='bbox 1165 4783 1234 4836; x_wconf 84' lang='grc' dir='ltr'>τὰ</span> <span class='ocrx_word' id='word_1_700' title='bbox 1254 4783 1313 4837; x_wconf 76' lang='grc' dir='ltr'><strong>δέ</strong></span> <span class='ocrx_word' id='word_1_701' title='bbox 1343 4784 1459 4853; x_wconf 83' lang='grc' dir='ltr'><strong>φῶς</strong></span> <span class='ocrx_word' id='word_1_702' title='bbox 1482 4783 1742 4855; x_wconf 81' lang='grc' dir='ltr'>ἀληθείας</span> 
     </span>
    </p>
   </div>
   <div class='ocr_carea' id='block_1_97' title="bbox 171 4874 1743 4946">
    <p class='ocr_par' dir='ltr' id='par_1_97' title="bbox 171 4874 1743 4946">
     <span class='ocr_line' id='line_1_97' title="bbox 171 4874 1743 4946; baseline 0.003 -21"><span class='ocrx_word' id='word_1_703' title='bbox 171 4876 266 4944; x_wconf 73' lang='grc' dir='ltr'><strong>ἔχῃ</strong></span> <span class='ocrx_word' id='word_1_704' title='bbox 297 4876 804 4944; x_wconf 85' lang='grc' dir='ltr'>προπορευόμενον,</span> <span class='ocrx_word' id='word_1_705' title='bbox 839 4874 979 4928; x_wconf 78' lang='grc' dir='ltr'>οὕτω</span> <span class='ocrx_word' id='word_1_706' title='bbox 1011 4875 1110 4944; x_wconf 72' lang='grc' dir='ltr'>τὴν</span> <span class='ocrx_word' id='word_1_707' title='bbox 1150 4875 1393 4946; x_wconf 77' lang='grc' dir='ltr'>ἱστορίαν</span> <span class='ocrx_word' id='word_1_708' title='bbox 1421 4875 1603 4928; x_wconf 83' lang='grc' dir='ltr'>αὐτῶν</span> <span class='ocrx_word' id='word_1_709' title='bbox 1627 4877 1743 4930; x_wconf 89' lang='grc' dir='ltr'>δια-</span> 
     </span>
    </p>
   </div>
   <div class='ocr_carea' id='block_1_98' title="bbox 168 4965 1742 5042">
    <p class='ocr_par' dir='ltr' id='par_1_98' title="bbox 168 4965 1742 5042">
     <span class='ocr_line' id='line_1_98' title="bbox 168 4965 1742 5042; baseline 0.002 -27"><span class='ocrx_word' id='word_1_710' title='bbox 168 4966 438 5042; x_wconf 72' lang='grc' dir='ltr'>τίθενται,</span> <span class='ocrx_word' id='word_1_711' title='bbox 473 4966 540 5018; x_wconf 81' lang='grc' dir='ltr'><strong>ἴν’</strong></span> <span class='ocrx_word' id='word_1_712' title='bbox 562 4968 620 5027; x_wconf 82' lang='grc' dir='ltr'><strong>ἐς</strong></span> <span class='ocrx_word' id='word_1_713' title='bbox 665 4967 910 5036; x_wconf 81' lang='grc' dir='ltr'>μακροὺς</span> <span class='ocrx_word' id='word_1_714' title='bbox 938 4965 1099 5034; x_wconf 79' lang='grc' dir='ltr'>δῆθεν</span> <span class='ocrx_word' id='word_1_715' title='bbox 1123 4967 1254 5027; x_wconf 76' lang='grc' dir='ltr'>τοὺς</span> <span class='ocrx_word' id='word_1_716' title='bbox 1274 4968 1498 5035; x_wconf 86' lang='grc' dir='ltr'>χρόνους</span> <span class='ocrx_word' id='word_1_717' title='bbox 1521 4967 1742 5038; x_wconf 85' lang='grc' dir='ltr'>χαίρον-</span> 
     </span>
    </p>
   </div>
   <div class='ocr_carea' id='block_1_99' title="bbox 169 5055 1744 5126">
    <p class='ocr_par' dir='ltr' id='par_1_99' title="bbox 169 5055 1744 5126">
     <span class='ocr_line' id='line_1_99' title="bbox 169 5055 1744 5126; baseline 0.002 -20"><span class='ocrx_word' id='word_1_718' title='bbox 169 5073 258 5117; x_wconf 81' lang='grc' dir='ltr'><strong>τες</strong></span> <span class='ocrx_word' id='word_1_719' title='bbox 282 5056 540 5118; x_wconf 81' lang='grc' dir='ltr'>διεξίοιεν</span> <span class='ocrx_word' id='word_1_720' title='bbox 574 5055 742 5125; x_wconf 80' lang='grc' dir='ltr'>αὐτὴν</span> <span class='ocrx_word' id='word_1_721' title='bbox 772 5057 820 5106; x_wconf 80' lang='lat' dir='ltr'><strong>oi</strong></span> <span class='ocrx_word' id='word_1_722' title='bbox 842 5056 934 5106; x_wconf 71' lang='grc' dir='ltr'><strong>τὸν</strong></span> <span class='ocrx_word' id='word_1_723' title='bbox 964 5055 1135 5107; x_wconf 81' lang='grc' dir='ltr'>αίῶνα</span> <span class='ocrx_word' id='word_1_724' title='bbox 1153 5057 1294 5109; x_wconf 82' lang='grc' dir='ltr'>κατὰ</span> <span class='ocrx_word' id='word_1_725' title='bbox 1313 5055 1562 5125; x_wconf 76' lang='grc' dir='ltr'>διαδοχὴν</span> <span class='ocrx_word' id='word_1_726' title='bbox 1587 5059 1744 5126; x_wconf 75' lang='grc' dir='ltr'>ἀμεί-</span> 
     </span>
    </p>
   </div>
   <div class='ocr_carea' id='block_1_100' title="bbox 173 5141 1745 5214">
    <p class='ocr_par' dir='ltr' id='par_1_100' title="bbox 173 5141 1745 5214">
     <span class='ocr_line' id='line_1_100' title="bbox 173 5141 1745 5214; baseline 0.002 -20"><span class='ocrx_word' id='word_1_727' title='bbox 173 5147 357 5208; x_wconf 70' lang='grc' dir='ltr'>ϐοντες</span> <span class='ocrx_word' id='word_1_728' title='bbox 393 5144 676 5213; x_wconf 79' lang='grc' dir='ltr'>ἄνθρωποι</span> <span class='ocrx_word' id='word_1_729' title='bbox 697 5160 712 5175; x_wconf 88' lang='grc'><strong>·</strong></span> <span class='ocrx_word' id='word_1_730' title='bbox 749 5144 846 5196; x_wconf 69' lang='grc' dir='ltr'>καὶ</span> <span class='ocrx_word' id='word_1_731' title='bbox 871 5141 994 5196; x_wconf 75' lang='grc' dir='ltr'>οὗτε</span> <span class='ocrx_word' id='word_1_732' title='bbox 1024 5143 1178 5212; x_wconf 84' lang='grc' dir='ltr'>δίκης</span> <span class='ocrx_word' id='word_1_733' title='bbox 1225 5143 1469 5213; x_wconf 79' lang='grc' dir='ltr'>ὲπόπτην</span> <span class='ocrx_word' id='word_1_734' title='bbox 1499 5146 1605 5214; x_wconf 82' lang='grc' dir='ltr'>πρὸ</span> <span class='ocrx_word' id='word_1_735' title='bbox 1645 5147 1745 5212; x_wconf 84' lang='grc' dir='ltr'><strong>ὀμ-</strong></span> 
     </span>
    </p>
   </div>
   <div class='ocr_carea' id='block_1_101' title="bbox 177 5232 1742 5302">
    <p class='ocr_par' dir='ltr' id='par_1_101' title="bbox 177 5232 1742 5302">
     <span class='ocr_line' id='line_1_101' title="bbox 177 5232 1742 5302; baseline 0 -14"><span class='ocrx_word' id='word_1_736' title='bbox 177 5237 355 5302; x_wconf 54' lang='grc' dir='ltr'>είὰτων</span> <span class='ocrx_word' id='word_1_737' title='bbox 381 5235 627 5296; x_wconf 77' lang='grc' dir='ltr'>διανοίας</span> <span class='ocrx_word' id='word_1_738' title='bbox 663 5233 1054 5298; x_wconf 83' lang='grc' dir='ltr'>λαμϐάνουσιν,</span> <span class='ocrx_word' id='word_1_739' title='bbox 1086 5232 1198 5286; x_wconf 77' lang='grc' dir='ltr'>οὔτ’</span> <span class='ocrx_word' id='word_1_740' title='bbox 1224 5234 1356 5286; x_wconf 85' lang='grc' dir='ltr'>αίδῶ</span> <span class='ocrx_word' id='word_1_741' title='bbox 1404 5235 1511 5287; x_wconf 85' lang='grc' dir='ltr'>τῶν</span> <span class='ocrx_word' id='word_1_742' title='bbox 1562 5235 1742 5297; x_wconf 82' lang='grc' dir='ltr'>καλῶς</span> 
     </span>
    </p>
   </div>
   <div class='ocr_carea' id='block_1_102' title="bbox 174 5322 1741 5392">
    <p class='ocr_par' dir='ltr' id='par_1_102' title="bbox 174 5322 1741 5392">
     <span class='ocr_line' id='line_1_102' title="bbox 174 5322 1741 5392; baseline 0.002 -18"><span class='ocrx_word' id='word_1_743' title='bbox 174 5329 258 5377; x_wconf 69' lang='grc' dir='ltr'>καὶ</span> <span class='ocrx_word' id='word_1_744' title='bbox 287 5325 518 5387; x_wconf 82' lang='grc' dir='ltr'>δικαίως</span> <span class='ocrx_word' id='word_1_745' title='bbox 552 5323 758 5392; x_wconf 83' lang='grc' dir='ltr'>κρίνειν</span> <span class='ocrx_word' id='word_1_746' title='bbox 790 5323 1006 5375; x_wconf 76' lang='grc' dir='ltr'>εἰδότων</span> <span class='ocrx_word' id='word_1_747' title='bbox 1034 5322 1261 5391; x_wconf 81' lang='grc' dir='ltr'>ἀνδρῶν.</span> <span class='ocrx_word' id='word_1_748' title='bbox 1293 5322 1463 5374; x_wconf 82' lang='grc' dir='ltr'>Τοῦτο</span> <span class='ocrx_word' id='word_1_749' title='bbox 1490 5323 1535 5376; x_wconf 81' lang='grc' dir='ltr'>δ’</span> <span class='ocrx_word' id='word_1_750' title='bbox 1553 5325 1614 5377; x_wconf 84' lang='grc' dir='ltr'><strong>ού</strong></span> <span class='ocrx_word' id='word_1_751' title='bbox 1649 5341 1741 5377; x_wconf 89' lang='grc' dir='ltr'>το-</span> 
     </span>
    </p>
   </div>
   <div class='ocr_carea' id='block_1_103' title="bbox 177 5411 1740 5484">
    <p class='ocr_par' dir='ltr' id='par_1_103' title="bbox 177 5411 1740 5484">
     <span class='ocr_line' id='line_1_103' title="bbox 177 5411 1740 5484; baseline 0.002 -21"><span class='ocrx_word' id='word_1_752' title='bbox 177 5414 356 5470; x_wconf 76' lang='grc' dir='ltr'>σοῦτον</span> <span class='ocrx_word' id='word_1_753' title='bbox 408 5412 502 5476; x_wconf 80' lang='grc' dir='ltr'>οὓς</span> <span class='ocrx_word' id='word_1_754' title='bbox 551 5411 854 5482; x_wconf 77' lang='grc' dir='ltr'>λοιδοροῦσι</span> <span class='ocrx_word' id='word_1_755' title='bbox 889 5413 1230 5481; x_wconf 81' lang='grc' dir='ltr'>λυμαίνεται,</span> <span class='ocrx_word' id='word_1_756' title='bbox 1279 5413 1312 5484; x_wconf 77' lang='grc' dir='ltr'><strong>ἢ</strong></span> <span class='ocrx_word' id='word_1_757' title='bbox 1359 5413 1558 5476; x_wconf 78' lang='grc' dir='ltr'>αὐτούς</span> <span class='ocrx_word' id='word_1_758' title='bbox 1585 5431 1648 5483; x_wconf 88' lang='grc' dir='ltr'><strong>γε</strong></span> <span class='ocrx_word' id='word_1_759' title='bbox 1674 5414 1740 5484; x_wconf 80' lang='grc' dir='ltr'>δὴ</span> 
     </span>
    </p>
   </div>
   <div class='ocr_carea' id='block_1_104' title="bbox 1843 4596 3422 4672">
    <p class='ocr_par' dir='ltr' id='par_1_104' title="bbox 1843 4596 3422 4672">
     <span class='ocr_line' id='line_1_104' title="bbox 1843 4596 3422 4672; baseline -0.004 -17"><span class='ocrx_word' id='word_1_760' title='bbox 1843 4600 1985 4672; x_wconf 87' lang='lat' dir='ltr'><strong>ipsis</strong></span> <span class='ocrx_word' id='word_1_761' title='bbox 2038 4599 2526 4661; x_wconf 87' lang='lat' dir='ltr'><strong>obtrectatoribus,</strong></span> <span class='ocrx_word' id='word_1_762' title='bbox 2579 4598 2724 4668; x_wconf 88' lang='lat' dir='ltr'><strong>quod</strong></span> <span class='ocrx_word' id='word_1_763' title='bbox 2787 4610 2842 4652; x_wconf 90' lang='lat' dir='ltr'><strong>et</strong></span> <span class='ocrx_word' id='word_1_764' title='bbox 2900 4596 3155 4651; x_wconf 90' lang='lat' dir='ltr'><strong>homines</strong></span> <span class='ocrx_word' id='word_1_765' title='bbox 3212 4597 3422 4650; x_wconf 86' lang='lat' dir='ltr'><strong>cordati</strong></span> 
     </span>
    </p>
   </div>
   <div class='ocr_carea' id='block_1_105' title="bbox 1843 4685 3426 4761">
    <p class='ocr_par' dir='ltr' id='par_1_105' title="bbox 1843 4685 3426 4761">
     <span class='ocr_line' id='line_1_105' title="bbox 1843 4685 3426 4761; baseline -0.006 -14"><span class='ocrx_word' id='word_1_766' title='bbox 1843 4691 2004 4747; x_wconf 90' lang='lat' dir='ltr'><strong>malis</strong></span> <span class='ocrx_word' id='word_1_767' title='bbox 2047 4691 2452 4761; x_wconf 86' lang='lat' dir='ltr'><strong>suspicionibus</strong></span> <span class='ocrx_word' id='word_1_768' title='bbox 2492 4689 2757 4745; x_wconf 77' lang='lat' dir='ltr'><strong>adversus</strong></span> <span class='ocrx_word' id='word_1_769' title='bbox 2786 4688 2910 4743; x_wconf 86' lang='lat' dir='ltr'><strong>illos</strong></span> <span class='ocrx_word' id='word_1_770' title='bbox 2957 4685 3267 4757; x_wconf 87' lang='lat' dir='ltr'><strong>conceptis,</strong></span> <span class='ocrx_word' id='word_1_771' title='bbox 3303 4700 3426 4754; x_wconf 66' lang='lat' dir='ltr'><strong>quae</strong></span> 
     </span>
    </p>
   </div>
   <div class='ocr_carea' id='block_1_106' title="bbox 1845 4782 3424 4854">
    <p class='ocr_par' dir='ltr' id='par_1_106' title="bbox 1845 4782 3424 4854">
     <span class='ocr_line' id='line_1_106' title="bbox 1845 4782 3424 4854; baseline -0.002 -16"><span class='ocrx_word' id='word_1_772' title='bbox 1845 4787 1992 4840; x_wconf 89' lang='lat' dir='ltr'><strong>mtlle</strong></span> <span class='ocrx_word' id='word_1_773' title='bbox 2035 4784 2254 4854; x_wconf 90' lang='lat' dir='ltr'><strong>probris</strong></span> <span class='ocrx_word' id='word_1_774' title='bbox 2283 4787 2651 4850; x_wconf 65' lang='lat' dir='ltr'><strong>scatent,‘eos</strong></span> <span class='ocrx_word' id='word_1_775' title='bbox 2680 4785 2824 4838; x_wconf 90' lang='lat' dir='ltr'><strong>inter</strong></span> <span class='ocrx_word' id='word_1_776' title='bbox 2851 4782 3128 4852; x_wconf 78' lang='lat' dir='ltr'><strong>improbos</strong></span> <span class='ocrx_word' id='word_1_777' title='bbox 3152 4789 3424 4852; x_wconf 90' lang='lat' dir='ltr'><strong>perpetuo</strong></span> 
     </span>
    </p>
   </div>
   <div class='ocr_carea' id='block_1_107' title="bbox 1847 4873 3425 4944">
    <p class='ocr_par' dir='ltr' id='par_1_107' title="bbox 1847 4873 3425 4944">
     <span class='ocr_line' id='line_1_107' title="bbox 1847 4873 3425 4944; baseline -0.001 -15"><span class='ocrx_word' id='word_1_778' title='bbox 1847 4875 2218 4930; x_wconf 85' lang='lat' dir='ltr'><strong>numerabunt</strong></span> <span class='ocrx_word' id='word_1_779' title='bbox 2272 4894 2287 4932; x_wconf 87' lang='lat'><strong><em>:</em></strong></span> <span class='ocrx_word' id='word_1_780' title='bbox 2356 4885 2413 4930; x_wconf 92' lang='lat' dir='ltr'><strong>et</strong></span> <span class='ocrx_word' id='word_1_781' title='bbox 2472 4875 2615 4930; x_wconf 90' lang='lat' dir='ltr'><strong>Deus</strong></span> <span class='ocrx_word' id='word_1_782' title='bbox 2667 4874 2893 4944; x_wconf 64' lang='lat' dir='ltr'><strong>iustitiae</strong></span> <span class='ocrx_word' id='word_1_783' title='bbox 2955 4889 3156 4944; x_wconf 67' lang='lat' dir='ltr'><strong>praeses</strong></span> <span class='ocrx_word' id='word_1_784' title='bbox 3205 4873 3425 4944; x_wconf 82' lang='lat' dir='ltr'><strong>linguas</strong></span> 
     </span>
    </p>
   </div>
   <div class='ocr_carea' id='block_1_108' title="bbox 1843 4965 3422 5037">
    <p class='ocr_par' dir='ltr' id='par_1_108' title="bbox 1843 4965 3422 5037">
     <span class='ocr_line' id='line_1_108' title="bbox 1843 4965 3422 5037; baseline -0.003 -16"><span class='ocrx_word' id='word_1_785' title='bbox 1843 4981 2032 5021; x_wconf 90' lang='lat' dir='ltr'><strong>eorum</strong></span> <span class='ocrx_word' id='word_1_786' title='bbox 2055 4967 2400 5037; x_wconf 84' lang='lat' dir='ltr'><strong>gravioribus</strong></span> <span class='ocrx_word' id='word_1_787' title='bbox 2431 4967 2608 5036; x_wconf 59' lang='lat' dir='ltr'><strong>pugnis</strong></span> <span class='ocrx_word' id='word_1_788' title='bbox 2631 4975 3016 5036; x_wconf 80' lang='lat' dir='ltr'><strong>persequetur.</strong></span> <span class='ocrx_word' id='word_1_789' title='bbox 3048 4965 3224 5034; x_wconf 80' lang='lat' dir='ltr'><strong>Atque</strong></span> <span class='ocrx_word' id='word_1_790' title='bbox 3255 4966 3422 5019; x_wconf 85' lang='lat' dir='ltr'><strong>etiam</strong></span> 
     </span>
    </p>
   </div>
   <div class='ocr_carea' id='block_1_109' title="bbox 1843 5054 3419 5126">
    <p class='ocr_par' dir='ltr' id='par_1_109' title="bbox 1843 5054 3419 5126">
     <span class='ocr_line' id='line_1_109' title="bbox 1843 5054 3419 5126; baseline -0.001 -17"><span class='ocrx_word' id='word_1_791' title='bbox 1843 5055 2117 5110; x_wconf 88' lang='lat' dir='ltr'><strong>interdum</strong></span> <span class='ocrx_word' id='word_1_792' title='bbox 2155 5071 2222 5109; x_wconf 82' lang='lat' dir='ltr'><strong>ex</strong></span> <span class='ocrx_word' id='word_1_793' title='bbox 2249 5056 2592 5126; x_wconf 78' lang='lat' dir='ltr'><strong>ignoratione</strong></span> <span class='ocrx_word' id='word_1_794' title='bbox 2628 5057 2766 5121; x_wconf 89' lang='lat' dir='ltr'><strong>veri,</strong></span> <span class='ocrx_word' id='word_1_795' title='bbox 2793 5064 2849 5110; x_wconf 89' lang='lat' dir='ltr'><strong>et</strong></span> <span class='ocrx_word' id='word_1_796' title='bbox 2894 5054 3166 5125; x_wconf 86' lang='lat' dir='ltr'><strong>imperitia</strong></span> <span class='ocrx_word' id='word_1_797' title='bbox 3208 5069 3419 5117; x_wconf 89' lang='lat' dir='ltr'><strong>rerum,</strong></span> 
     </span>
    </p>
   </div>
   <div class='ocr_carea' id='block_1_110' title="bbox 1842 5146 3420 5221">
    <p class='ocr_par' dir='ltr' id='par_1_110' title="bbox 1842 5146 3420 5221">
     <span class='ocr_line' id='line_1_110' title="bbox 1842 5146 3420 5221; baseline -0.001 -22"><span class='ocrx_word' id='word_1_798' title='bbox 1842 5162 1962 5213; x_wconf 77' lang='lat' dir='ltr'><strong>qua:</strong></span> <span class='ocrx_word' id='word_1_799' title='bbox 1978 5161 2007 5199; x_wconf 91' lang='lat' dir='ltr'><strong>a</strong></span> <span class='ocrx_word' id='word_1_800' title='bbox 2029 5147 2222 5214; x_wconf 79' lang='lat' dir='ltr'><strong>quovis</strong></span> <span class='ocrx_word' id='word_1_801' title='bbox 2245 5146 2537 5221; x_wconf 67' lang='lat' dir='ltr'><strong>audierint,</strong></span> <span class='ocrx_word' id='word_1_802' title='bbox 2552 5146 2864 5214; x_wconf 88' lang='lat' dir='ltr'><strong>priusquam</strong></span> <span class='ocrx_word' id='word_1_803' title='bbox 2885 5146 3215 5215; x_wconf 79' lang='lat' dir='ltr'><strong>expendunt,</strong></span> <span class='ocrx_word' id='word_1_804' title='bbox 3235 5148 3420 5200; x_wconf 88' lang='lat' dir='ltr'><strong>sintne</strong></span> 
     </span>
    </p>
   </div>
   <div class='ocr_carea' id='block_1_111' title="bbox 1842 5236 3449 5312">
    <p class='ocr_par' dir='ltr' id='par_1_111' title="bbox 1842 5236 3449 5312">
     <span class='ocr_line' id='line_1_111' title="bbox 1842 5236 3449 5312; baseline -0.002 -24"><span class='ocrx_word' id='word_1_805' title='bbox 1842 5236 2140 5305; x_wconf 83' lang='lat' dir='ltr'><strong>probabilia</strong></span> <span class='ocrx_word' id='word_1_806' title='bbox 2164 5247 2222 5292; x_wconf 88' lang='lat' dir='ltr'><strong>et</strong></span> <span class='ocrx_word' id='word_1_807' title='bbox 2250 5237 2465 5292; x_wconf 87' lang='lat' dir='ltr'><strong>veritati</strong></span> <span class='ocrx_word' id='word_1_808' title='bbox 2488 5247 2880 5300; x_wconf 84' lang='lat' dir='ltr'><strong>consentanea,</strong></span> <span class='ocrx_word' id='word_1_809' title='bbox 2911 5252 2978 5290; x_wconf 90' lang='lat' dir='ltr'><strong>an</strong></span> <span class='ocrx_word' id='word_1_810' title='bbox 3009 5253 3136 5290; x_wconf 87' lang='lat' dir='ltr'><strong>veru</strong></span> <span class='ocrx_word' id='word_1_811' title='bbox 3161 5238 3420 5298; x_wconf 86' lang='lat' dir='ltr'><strong>absurda,</strong></span> <span class='ocrx_word' id='word_1_812' title='bbox 3447 5310 3449 5312; x_wconf 15' lang='grc' dir='ltr'><strong>η</strong></span> 
     </span>
    </p>
   </div>
   <div class='ocr_carea' id='block_1_112' title="bbox 1844 5323 3415 5398">
    <p class='ocr_par' dir='ltr' id='par_1_112' title="bbox 1844 5323 3415 5398">
     <span class='ocr_line' id='line_1_112' title="bbox 1844 5323 3415 5398; baseline -0.003 -18"><span class='ocrx_word' id='word_1_813' title='bbox 1844 5337 1892 5380; x_wconf 92' lang='lat' dir='ltr'><strong>et</strong></span> <span class='ocrx_word' id='word_1_814' title='bbox 1924 5328 1992 5381; x_wconf 90' lang='lat' dir='ltr'><strong>ab</strong></span> <span class='ocrx_word' id='word_1_815' title='bbox 2022 5343 2084 5382; x_wconf 88' lang='lat' dir='ltr'><strong>ea</strong></span> <span class='ocrx_word' id='word_1_816' title='bbox 2119 5343 2342 5398; x_wconf 90' lang='lat' dir='ltr'><strong>prorsus</strong></span> <span class='ocrx_word' id='word_1_817' title='bbox 2378 5329 2728 5391; x_wconf 89' lang='lat' dir='ltr'><strong>abhorreant,</strong></span> <span class='ocrx_word' id='word_1_818' title='bbox 2772 5330 2852 5383; x_wconf 87' lang='lat' dir='ltr'><strong>sic</strong></span> <span class='ocrx_word' id='word_1_819' title='bbox 2886 5327 2977 5380; x_wconf 90' lang='lat' dir='ltr'><strong>illa</strong></span> <span class='ocrx_word' id='word_1_820' title='bbox 3055 5326 3261 5380; x_wconf 87' lang='lat' dir='ltr'><strong>chartis</strong></span> <span class='ocrx_word' id='word_1_821' title='bbox 3309 5323 3415 5378; x_wconf 82' lang='lat' dir='ltr'><strong>illi-</strong></span> 
     </span>
    </p>
   </div>
   <div class='ocr_carea' id='block_1_113' title="bbox 1841 5415 3422 5489">
    <p class='ocr_par' dir='ltr' id='par_1_113' title="bbox 1841 5415 3422 5489">
     <span class='ocr_line' id='line_1_113' title="bbox 1841 5415 3422 5489; baseline -0.002 -18"><span class='ocrx_word' id='word_1_822' title='bbox 1841 5426 2000 5484; x_wconf 90' lang='lat' dir='ltr'><strong>nunt,</strong></span> <span class='ocrx_word' id='word_1_823' title='bbox 2042 5433 2105 5474; x_wconf 89' lang='lat' dir='ltr'><strong>ac</strong></span> <span class='ocrx_word' id='word_1_824' title='bbox 2133 5419 2408 5475; x_wconf 69' lang='lat' dir='ltr'><strong>memoria:</strong></span> <span class='ocrx_word' id='word_1_825' title='bbox 2458 5419 2738 5484; x_wconf 83' lang='lat' dir='ltr'><strong>mandant,</strong></span> <span class='ocrx_word' id='word_1_826' title='bbox 2792 5432 2966 5489; x_wconf 88' lang='lat' dir='ltr'><strong>eaque</strong></span> <span class='ocrx_word' id='word_1_827' title='bbox 2999 5417 3228 5473; x_wconf 88' lang='lat' dir='ltr'><strong>crimina</strong></span> <span class='ocrx_word' id='word_1_828' title='bbox 3281 5415 3422 5486; x_wconf 79' lang='lat' dir='ltr'><strong>obji-</strong></span> 
     </span>
    </p>
   </div>
   <div class='ocr_carea' id='block_1_114' title="bbox 1500 5531 2062 5598">
    <p class='ocr_par' dir='ltr' id='par_1_114' title="bbox 1500 5531 2062 5598">
     <span class='ocr_line' id='line_1_114' title="bbox 1500 5531 2062 5598; baseline 0.011 -6"><span class='ocrx_word' id='word_1_829' title='bbox 1500 5531 1838 5594; x_wconf 82' lang='lat' dir='ltr'><strong>Variorum</strong></span> <span class='ocrx_word' id='word_1_830' title='bbox 1871 5543 2062 5598; x_wconf 70' lang='lat' dir='ltr'><strong>notua.</strong></span> 
     </span>
    </p>
   </div>
   <div class='ocr_carea' id='block_1_115' title="bbox 239 5633 1728 5704">
    <p class='ocr_par' dir='ltr' id='par_1_115' title="bbox 239 5633 1728 5704">
     <span class='ocr_line' id='line_1_115' title="bbox 239 5633 1728 5704; baseline -0.003 -13"><span class='ocrx_word' id='word_1_831' title='bbox 239 5637 350 5704; x_wconf 91' lang='lat' dir='ltr'><strong>(l0)</strong></span> <span class='ocrx_word' id='word_1_832' title='bbox 386 5635 654 5704; x_wconf 61' lang='lat' dir='ltr'><strong>“animus</strong></span> <span class='ocrx_word' id='word_1_833' title='bbox 680 5634 891 5704; x_wconf 81' lang='lat' dir='ltr'><strong>Tyrius,</strong></span> <span class='ocrx_word' id='word_1_834' title='bbox 925 5650 1091 5689; x_wconf 89' lang='lat' dir='ltr'><strong>serm.</strong></span> <span class='ocrx_word' id='word_1_835' title='bbox 1127 5635 1212 5696; x_wconf 70' lang='lat'><strong>12,</strong></span> <span class='ocrx_word' id='word_1_836' title='bbox 1247 5634 1338 5689; x_wconf 89' lang='lat' dir='ltr'><strong>ubi</strong></span> <span class='ocrx_word' id='word_1_837' title='bbox 1370 5633 1434 5704; x_wconf 78' lang='lat' dir='ltr'><strong>tle</strong></span> <span class='ocrx_word' id='word_1_838' title='bbox 1465 5633 1728 5688; x_wconf 84' lang='lat' dir='ltr'><strong>historia:</strong></span> 
     </span>
    </p>
   </div>
   <div class='ocr_carea' id='block_1_116' title="bbox 180 5703 1732 5774">
    <p class='ocr_par' dir='ltr' id='par_1_116' title="bbox 180 5703 1732 5774">
     <span class='ocr_line' id='line_1_116' title="bbox 180 5703 1732 5774; baseline -0.003 -16"><span class='ocrx_word' id='word_1_839' title='bbox 180 5703 279 5760; x_wconf 65' lang='grc' dir='ltr'><strong>Νῦν</strong></span> <span class='ocrx_word' id='word_1_840' title='bbox 310 5707 371 5759; x_wconf 85' lang='grc' dir='ltr'>δὲ</span> <span class='ocrx_word' id='word_1_841' title='bbox 398 5703 610 5772; x_wconf 72' lang='grc' dir='ltr'>ἀναμὶξ</span> <span class='ocrx_word' id='word_1_842' title='bbox 643 5703 961 5774; x_wconf 72' lang='grc' dir='ltr'>είσφύρεται</span> <span class='ocrx_word' id='word_1_843' title='bbox 985 5705 1160 5757; x_wconf 82' lang='grc' dir='ltr'>πάντα</span> <span class='ocrx_word' id='word_1_844' title='bbox 1191 5705 1249 5756; x_wconf 81' lang='grc' dir='ltr'><strong>ἐν</strong></span> <span class='ocrx_word' id='word_1_845' title='bbox 1272 5707 1381 5766; x_wconf 74' lang='grc' dir='ltr'>τοῖς</span> <span class='ocrx_word' id='word_1_846' title='bbox 1411 5703 1612 5770; x_wconf 84' lang='grc' dir='ltr'>λόγοις,</span> <span class='ocrx_word' id='word_1_847' title='bbox 1637 5705 1732 5755; x_wconf 78' lang='grc' dir='ltr'>καὶ</span> 
     </span>
    </p>
   </div>
   <div class='ocr_carea' id='block_1_117' title="bbox 182 5773 1730 5852">
    <p class='ocr_par' dir='ltr' id='par_1_117' title="bbox 182 5773 1730 5844">
     <span class='ocr_line' id='line_1_117' title="bbox 182 5773 1730 5844; baseline -0.002 -17"><span class='ocrx_word' id='word_1_848' title='bbox 182 5775 483 5838; x_wconf 67' lang='grc' dir='ltr'>πλειονάζέὶ</span> <span class='ocrx_word' id='word_1_849' title='bbox 518 5776 587 5826; x_wconf 80' lang='grc' dir='ltr'>τὰ</span> <span class='ocrx_word' id='word_1_850' title='bbox 620 5773 821 5843; x_wconf 76' lang='grc' dir='ltr'>χείρω,</span> <span class='ocrx_word' id='word_1_851' title='bbox 841 5776 931 5828; x_wconf 71' lang='grc' dir='ltr'><strong>καὶ</strong></span> <span class='ocrx_word' id='word_1_852' title='bbox 966 5777 1159 5844; x_wconf 85' lang='grc' dir='ltr'>κρατεί</span> <span class='ocrx_word' id='word_1_853' title='bbox 1192 5774 1262 5828; x_wconf 86' lang='grc' dir='ltr'>τὰ</span> <span class='ocrx_word' id='word_1_854' title='bbox 1295 5774 1642 5843; x_wconf 76' lang='grc' dir='ltr'>αἱσχρὰ,κα“ι</span> <span class='ocrx_word' id='word_1_855' title='bbox 1672 5774 1730 5825; x_wconf 79' lang='grc' dir='ltr'>τὸ</span> 
     </span>
    </p>
   </div>
   <div class='ocr_carea' id='block_1_118' title="bbox 1838 5627 3412 5706">
    <p class='ocr_par' dir='ltr' id='par_1_118' title="bbox 1838 5627 3412 5706">
     <span class='ocr_line' id='line_1_118' title="bbox 1838 5627 3412 5706; baseline -0.003 -18"><span class='ocrx_word' id='word_1_856' title='bbox 1838 5637 1975 5689; x_wconf 81' lang='grc' dir='ltr'>πολὺ</span> <span class='ocrx_word' id='word_1_857' title='bbox 2005 5637 2103 5706; x_wconf 84' lang='grc' dir='ltr'><strong>τῆς</strong></span> <span class='ocrx_word' id='word_1_858' title='bbox 2149 5637 2391 5706; x_wconf 81' lang='grc' dir='ltr'>ἱστορίας</span> <span class='ocrx_word' id='word_1_859' title='bbox 2423 5637 2768 5703; x_wconf 77' lang='grc' dir='ltr'>πλεονέκται,</span> <span class='ocrx_word' id='word_1_860' title='bbox 2801 5637 3077 5705; x_wconf 80' lang='grc' dir='ltr'>τύραννοι,</span> <span class='ocrx_word' id='word_1_861' title='bbox 3117 5629 3210 5685; x_wconf 78' lang='grc' dir='ltr'><strong>καὶ</strong></span> <span class='ocrx_word' id='word_1_862' title='bbox 3239 5627 3412 5684; x_wconf 77' lang='grc' dir='ltr'>πολέ·</span> 
     </span>
    </p>
   </div>
   <div class='ocr_carea' id='block_1_119' title="bbox 1841 5706 2576 5777">
    <p class='ocr_par' dir='ltr' id='par_1_119' title="bbox 1841 5706 2576 5777">
     <span class='ocr_line' id='line_1_119' title="bbox 1841 5706 2576 5777; baseline 0.004 -16"><span class='ocrx_word' id='word_1_863' title='bbox 1841 5723 1951 5777; x_wconf 82' lang='grc' dir='ltr'>μιοι</span> <span class='ocrx_word' id='word_1_864' title='bbox 1979 5707 2178 5775; x_wconf 77' lang='grc' dir='ltr'>ἄδικοι,</span> <span class='ocrx_word' id='word_1_865' title='bbox 2203 5717 2308 5764; x_wconf 90' lang='lat' dir='ltr'><strong>etc.</strong></span> <span class='ocrx_word' id='word_1_866' title='bbox 2341 5706 2576 5764; x_wconf 66' lang='lat' dir='ltr'><strong>Ducam.</strong></span> 
     </span>
    </p>
   </div>
  </div>
