3988 6206
243 349 336 421 ιιι
514 345 593 418 [ι.
632 360 685 400 c.
728 343 868 400 uss
908 360 974 399 AD
1017 343 1178 416 ιεδι]

1323 347 1764 412 ΒῩΖΛΝΤΙΝΑΞ
1806 352 2193 414 lIlSTORle
2238 356 2378 421 LIB.
2429 357 2510 416 Il.

2639 349 2772 423 [ιιιι.
2814 366 2961 409 ιοΑιη.
3004 353 3193 427 ουσλε]

3375 357 3477 424 162

238 469 395 532 ἄλλας
422 468 843 538 διανειμάμενος
871 469 950 532 είς
983 468 1324 537 κατοίκησιν,
1397 469 1512 531 τοῖς
1559 467 1662 539 μὲν
1729 474 1872 522 κατὰ
1911 468 2138 541 Θρᾴκην
2199 473 2294 524 καὶ
2349 471 2711 538 Μακεδονίαν,
2766 475 2880 538 τοῖς
2937 474 2982 527 δ’
3025 477 3084 529 ἐν
3126 475 3282 548 Ἀσίᾳ
3335 475 3478 530 κατὰ

237 560 534 628 Μαίανδρον
563 563 655 612 καὶ
681 561 944 630 Φρυγίαν.

302 654 373 708 l".
419 651 562 705 Ἀλλ’
598 653 693 704 ἐπὶ
727 651 826 722 τὴν
853 653 929 706 ἐω
973 653 1134 709 πάλιν
1163 654 1313 724 ἡμᾶς
1353 653 1382 706 δ
1412 653 1570 722 λόγος
1618 653 1795 709 διασι-

1973 649 2064 708 ιιι.
2107 653 2306 708 Verum
2346 654 2454 719 jam
2489 653 2542 708 in
2590 653 2869 708 Orientem
2923 665 3003 710 est
3053 660 3477 723 transeundum,

235 743 411 804 ϐάζειν
441 743 746 810 ἐπείγεται,
779 746 874 796 καὶ
909 745 1052 818 τοὺς,
1076 743 1498 815 ’Υπερσορείους
1553 746 1797 810 ἐκείνους

236 833 437 895 Σκύθας
468 834 608 901 (75),
639 834 690 888 oi
726 835 868 888 κατὰ
895 835 995 903 τῆς
1040 835 1231 897 Ἀσίας
1268 835 1426 903 δίκην
1451 835 1674 902 άκρίδος
1704 835 1800 904 βα-

238 925 378 993 ρείας
407 925 668 993 χυθέντες
722 925 870 996 μάλα
906 925 1150 996 σφοδρῶς
1183 926 1381 996 μικροῦ
1415 927 1598 979 πᾶσαν
1639 942 1798 978 συνε-

235 1016 472 1085 κύκησὰν
514 1033 574 1068 τε
607 1018 703 1069 καὶ
739 1016 1126 1072 ἐδουλώσαντο.
1179 1014 1336 1073 Οὗτοι
1367 1019 1476 1089 γὰρ
1511 1018 1697 1088 ἐπειδὴ
1731 1017 1800 1071 τὰ

236 1109 354 1173 περὶ
409 1106 514 1176 τὴν
572 1106 830 1160 Κασπίαν
877 1107 1039 1159 στενὰ
1097 1107 1376 1178 διέϐησαν,
1433 1111 1575 1162 κατὰ
1626 1109 1798 1162 νῶτον

233 1197 459 1262 ἀφέντες
503 1198 825 1264 Σογδιανούς
856 1217 914 1252 τε
951 1201 1047 1253 καὶ
1090 1199 1462 1268 Βακτριανοὺς
1514 1200 1611 1254 καὶ
1636 1197 1799 1266 Ὦξον

234 1288 322 1340 τὸν
355 1289 557 1356 Σόγδον
586 1289 701 1359 (76)
759 1291 1022 1360 ποταμὸν,
1057 1289 1115 1343 δν
1147 1289 1380 1360 μεγάλαι
1418 1307 1478 1344 τε
1505 1293 1601 1344 καὶ
1645 1292 1801 1345 πλεῖ-

237 1396 347 1432 erat
397 1387 663 1450 τρέφουσι
723 1384 917 1451 πηγαὶ,
983 1382 1137 1454 παρὰ
1180 1383 1307 1446 τοὺς
1359 1383 1636 1452 πρόποδας
1690 1383 1801 1438 τῶν

234 1473 417 1540 πρόσω
469 1474 725 1542 μεγάλων
775 1474 917 1544 ὀρῶν
947 1474 1323 1545 διεχείμασαν,
1358 1475 1466 1528 τῶν
1496 1476 1674 1528 ἐκεῖσε
1702 1475 1801 1539 τῆς

235 1566 409 1635 χώρας
437 1565 656 1635 ἐκείνης
697 1565 920 1632 ἀγαθῶν
951 1565 1347 1630 ἀπολαύοντες,
1378 1565 1478 1617 ὅσα
1525 1565 1627 1634 τῆς
1661 1566 1804 1618 ἄνω-

233 1659 318 1708 Θεν
348 1658 502 1718 λείας
534 1655 764 1712 ὤναντο.
801 1659 944 1728 Ὀρη
976 1657 1034 1711 δὲ
1078 1657 1251 1716 ταῦτά
1299 1659 1408 1710 είσι
1443 1657 1675 1710 πλεῖστα
1706 1657 1801 1710 καὶ

234 1749 484 1814 μέγιστα,
519 1745 556 1800 ἃ
584 1747 762 1798 πάντα
809 1747 952 1800 κατὰ
980 1746 1268 1816 συνέχειαν
1291 1745 1536 1817 ἀλλήλων
1569 1746 1801 1816 ἐχόμενα

229 1839 412 1907 ὥσπερ
458 1837 516 1889 ἓν
549 1838 763 1892 ἅπαντα
815 1838 1063 1907 γίνονται
1111 1837 1259 1908 ὅρος,
1304 1836 1519 1909 Ταῦρος
1574 1837 1800 1908 ὀνόματι

231 1929 566 1998 καλούμενον
605 1928 832 2000 γενικῷ,
867 1923 912 1998 ᾧ
945 1929 1088 1983 κατὰ
1118 1931 1283 1999 μέσον
1327 1929 1570 2000 ἀκριὸῶς
1612 1929 1802 1992 διέζω-

234 2036 343 2071 σται
371 2021 534 2072 πᾶσα
578 2021 756 2075 Ἀσία.
799 2021 963 2092 Ἀρχὴ
999 2022 1099 2089 μὶν
1123 2022 1234 2091 γὰρ
1260 2021 1442 2075 αὐτῶν
1470 2021 1606 2092 πρὸς
1637 2020 1802 2090 ζέφυ-

233 2129 314 2178 ρον
342 2112 556 2183 ἄνεμον
582 2113 653 2165 τὰ
689 2113 920 2181 ἐγγιστα
946 2114 1041 2167 τοῦ
1080 2114 1309 2183 Αἰγαίου
1335 2115 1606 2184 πελάγους
1635 2130 1652 2152 ε
1679 2113 1800 2184 σχί-

1902 752 1957 798 et
1988 744 2056 797 ad
2089 743 2210 798 illos
2241 743 2618 815 llyberboreos
2650 744 2883 816 Scythas
2920 751 3271 816 veniendum,
3302 754 3393 822 qui
3421 755 3479 809 in

1901 835 2084 889 Asiam
2119 835 2263 890 velut
2312 851 2505 905 magna
2545 835 2629 890 vis
2664 836 3002 894 locustarum
3049 841 3228 907 eﬂusi,
3277 859 3484 914 prope-

1902 927 2124 980 modum
2158 930 2464 982 universam
2506 931 2901 983 conturbarunt
2954 940 3011 984 et
3062 946 3478 1000 oppresserunt.

1902 1017 2037 1071 Nam
2084 1017 2302 1088 Caspiis
2330 1019 2594 1089 angustiis
2626 1021 2922 1089 superatis,
2957 1020 3229 1092 Sogdiaua
3270 1040 3299 1078 a
3329 1037 3481 1097 tergo

1905 1109 2112 1173 relicta,
2149 1119 2203 1164 et
2251 1111 2560 1164 Bactrianis
2589 1119 2647 1164 et
2698 1109 2818 1166 Oxo
2865 1111 3044 1180 Sogdo
3084 1112 3330 1178 ﬂumine,
3386 1115 3480 1184 qui

1903 1201 2155 1269 plurimis
2186 1202 2365 1272 iisque
2395 1203 2606 1272 magnis
2653 1201 2900 1257 fontibus
2935 1210 3182 1270 augetur,
3220 1203 3286 1258 ad
3340 1205 3486 1259 radi-

1903 1306 1995 1348 ces
2053 1308 2378 1363 magnorum
2441 1292 2713 1348 montium
2770 1294 3046 1362 progressi
3100 1294 3480 1357 hibernarunt,

1904 1384 2154 1439 ubertate
2178 1385 2320 1439 illius
2342 1385 2577 1454 regionis
2601 1394 2656 1439 et
2677 1385 2855 1455 praeda
2878 1393 3007 1439 ante
3029 1395 3182 1454 parta
3213 1384 3482 1442 fruentes.

1903 1473 2121 1531 Montes
2152 1486 2334 1530 autem
2364 1477 2439 1530 illi
2471 1487 2526 1531 ct
2563 1477 2787 1546 plurimi
2821 1487 2950 1531 sunt
2983 1485 3040 1531 et
3079 1477 3303 1532 maximi
3337 1494 3351 1530 :
3387 1478 3482 1545 qui

1903 1567 2050 1637 quod
2103 1583 2208 1621 una
2258 1567 2492 1636 quadam
2548 1567 2858 1621 continenti
2907 1567 3050 1622 serie
3094 1567 3389 1630 cohaerent,
3421 1567 3478 1620 in

1905 1673 2072 1712 unum
2105 1657 2266 1711 veluti
2301 1666 2540 1710 montem
2566 1658 2902 1722 conﬂantur,
2935 1661 3028 1726 qui
3061 1657 3287 1712 nomine
3324 1673 3481 1712 σοπη-

1904 1750 2053 1802 ηιιιιιί
2107 1746 2322 1802 Taurus
2375 1747 2576 1811 dictus,
2632 1747 2816 1803 Asiam
2872 1747 3188 1802 universam
3239 1747 3488 1817 perfecte

1902 1841 2140 1897 mediam
2189 1840 2355 1911 cingit
2381 1855 2444 1895 ac
2479 1838 2693 1895 dividit.
2728 1838 3002 1908 Incipiunt
3041 1837 3117 1892 Illi
3156 1838 3226 1892 ab
3255 1851 3476 1900 occasu,

1905 1931 2152 2001 proxime
2201 1929 2442 2000 Egteum
2486 1945 2673 1994 mare;
2712 1929 2842 1984 inde
2893 1944 3025 1984 vero
3070 1927 3249 1983 exorsi
3315 1935 3484 1982 totam

1831 2003 1874 2058 Β
1901 2023 2086 2078 Asiam
2116 2023 2171 2076 in
2200 2023 2336 2076 duas
2367 2031 2550 2091 partes
2581 2030 2790 2085 secant,
2823 2020 2999 2078 donec
3019 2021 3088 2076 ad
3119 2019 3484 2080 Subsolanum

1908 2125 2130 2170 ventum
2155 2117 2308 2186 juxta
2334 2115 2446 2186 38
2480 2115 2656 2185 ipsum
2683 2115 2964 2171 Oceanum
2997 2117 3378 2172 terminentur.

232 2208 370 2268 ζουσι
401 2206 465 2258 δὲ
507 2206 719 2259 ἐκεῖθεν
751 2206 962 2274 ἐξιόντα
1003 2209 1062 2272 ἐς
1095 2209 1362 2280 τμήματα
1406 2206 1501 2262 δύο
1528 2209 1630 2279 τὴν
1676 2207 1806 2279 ὅλην
1858 2208 2071 2275 Ἀσίαν,
2141 2210 2300 2278 ἄχρις
2331 2209 2398 2263 ἂν
2435 2211 2493 2272 ἐς
2561 2208 2882 2278 ἀπηλιώτην
2927 2208 3130 2279 ἄνεμον
3159 2205 3289 2276 παρ’
3318 2204 3484 2260 αύτδν

229 2298 599 2367 τελευτήσωσι
632 2300 725 2351 τὸν
761 2299 1036 2356 Ὠκεανόν.

292 2393 363 2444 Δ’.
419 2390 585 2442 Ἀλλᾶ
642 2391 754 2461 γὰρ
805 2387 940 2462 ἦρος
998 2381 1416 2465 ἐπιγενομένου,
1455 2395 1545 2448 ὅτε
1596 2395 1707 2450 πᾶν
1743 2393 1806 2447 τὸ

232 2483 528 2551 πρόσωπον
549 2482 650 2550 τῆς
678 2485 784 2553 γῆς
808 2485 906 2555 τὴν
932 2485 1096 2556 χλόην
1135 2486 1235 2557 τῆς
1259 2487 1394 2551 πόας
1433 2487 1699 2554 ἐνδύεται,
1734 2489 1804 2542 τὰ

235 2573 372 2645 παρὰ
407 2574 542 2636 τοὺς
572 2561 846 2643 πρόποδας
873 2576 984 2630 τῶν
1006 2575 1150 2646 δρῶν
1187 2578 1451 2648 χειμάδια
1479 2578 1804 2634 καταλιπόν-

230 2681 312 2726 τες
341 2665 391 2717 οί
436 2665 663 2735 Σκύθαι,
702 2666 956 2738 καθάπερ
983 2668 1206 2721 αἰπόλια
1232 2670 1327 2724 καὶ
1359 2669 1636 2739 βουκόλια,
1660 2671 1804 2724 κατὰ

230 2757 436 2826 πλῆθος
461 2757 560 2819 τὰς
593 2761 836 2827 κορυφὰς
866 2759 974 2811 τῶν
998 2759 1141 2831 ὀρῶν
1167 2760 1591 2833 ὑπερϐάλλουσι,
1621 2763 1804 2833 ρέουσί

227 2863 290 2902 τε
330 2847 488 2900 κατὰ
545 2848 653 2900 τῶν
687 2850 1066 2918 ὑποκειμένων
1120 2850 1291 2904 ἐθνῶν
1345 2855 1440 2906 καὶ
1488 2854 1696 2915 πάντας
1747 2855 1804 2905 ἐν

228 2936 361 3008 λόγῳ
391 2938 551 3000 λείας
587 2939 926 3008 ποιούμενοι,
972 2939 1059 3012 [Ρ.
1094 2939 1187 3014 τε]
1225 2943 1566 2997 καταντῶσιν
1599 2947 1655 3008 ἐς
1701 2943 1803 2996 Ἰν-

229 3027 398 3098 δικὴν,
438 3029 619 3098 ὁπόση
657 3029 742 3096 ἐφ’
775 3031 1011 3101 ἑκάτερα
1044 3035 1222 3085 κεῖται
1266 3033 1361 3086 τοῦ
1404 3035 1664 3104 μεγίστου
1691 3035 1800 3087 τῶν

233 3118 495 3183 ποταμῶν
562 3118 750 3173 Ἰνδοῦ.
795 3120 908 3172 Καὶ
953 3121 1128 3193 ταύτῃ
1169 3120 1332 3190 ζυγὸν
1373 3124 1652 3186 ἐπιθέντες
1684 3125 1803 3178 δου-

1979 2390 2068 2446 l\'.
2112 2388 2256 2446 Vere
2286 2389 2470 2461 igitur,
2496 2403 2620 2444 cum
2659 2387 2838 2442 omnis
2873 2396 3017 2441 terra
3051 2387 3318 2458 graminis
3351 2389 3484 2443 viri-

1905 2482 2078 2538 ditate
2106 2482 2360 2544 vestitur,
2393 2479 2603 2536 relictis
2628 2479 2695 2533 ad
2735 2479 3008 2532 montium
3047 2479 3261 2534 radices
3303 2479 3486 2536 biber-

1906 2574 2014 2637 nis,
2073 2572 2288 2644 Scythae
2339 2571 2489 2626 velut
2539 2569 2816 2625 haedorum
2863 2582 3058 2638 greges
3107 2571 3338 2626 boumve
3395 2587 3486 2626 ar-

1906 2674 2116 2729 menta,
2146 2664 2411 2720 montium
2443 2661 2729 2716 cacumina
2760 2669 3046 2729 superant,
3082 2671 3137 2716 et
3165 2663 3217 2716 in
3254 2663 3486 2732 populos

1907 2759 2184 2826 subjectos
2236 2757 2491 2819 irruunt;
2527 2769 2734 2823 eosque
2761 2769 2953 2808 omnes
2992 2753 3238 2823 praedati,
3289 2755 3342 2807 in
3389 2757 3482 2808 in-
3520 2745 3538 2758 ’

1907 2852 2048 2904 diam
2079 2857 2382 2918 penetrant,
2421 2857 2624 2917 quanta
2658 2847 2711 2900 in
2734 2855 3025 2915 utramque
3054 2847 3228 2914 ripam
3257 2846 3479 2900 maximi

1907 2941 2195 2996 ﬂuviorum
2228 2939 2343 2995 Indi
2375 2947 2540 3008 patet.
2579 2939 2696 3003 Qua
2726 2937 2828 2991 sub
2858 2937 3044 3008 iugum
3077 2937 3266 2998 missa,
3291 2950 3488 2990 versus

1910 3045 2091 3088 ortum
2144 3033 2281 3086 ultra
2337 3029 2588 3100 progredi
2641 3029 2992 3094 destiterunt,
3033 3029 3104 3082 ob
3132 3028 3483 3098 asperitatem

1907 3134 1961 3178 et
1993 3133 2185 3178 uastum
2214 3122 2314 3176 loci
2350 3136 2366 3174 :
2399 3120 2493 3174 sed
2522 3119 2721 3173 itinere
2769 3117 2822 3172 in
2870 3118 3224 3172 Arachosiam
3257 3127 3309 3171 ct
3351 3118 3485 3172 Car-

231 3207 394 3271 λ.ἰας,
431 3209 622 3260 οὐκέτι
662 3209 800 3277 πρὸς
831 3210 906 3263 ἐω
937 3211 1139 3280 ταύτης
1187 3213 1446 3265 ἐπέκεινα
1486 3213 1684 3267 ὥδευον
1713 3215 1802 3268 διὰ

1911 3217 2144 3269 maniam
2176 3227 2462 3275 converso,
2491 3211 2744 3280 gentibus
2777 3209 2881 3265 illis
2932 3210 3090 3264 facile
3119 3209 3382 3271 subactis,
3415 3210 3484 3263 ad

231 3298 288 3348 τὸ
317 3298 498 3367 τραχύ
548 3315 609 3349 τε
637 3299 734 3351 καὶ
783 3299 1142 3369 καυματῶδες
1190 3299 1283 3352 τοῦ
1333 3302 1534 3352 τόπου*
1570 3300 1686 3354 ἀλλ’
1715 3301 1802 3353 ἐπ’

1910 3305 2189 3360 Chaldaeos
2236 3311 2290 3357 et
2336 3303 2548 3356 Arabes
2597 3310 2984 3371 pervenerunt.
3025 3301 3229 3354 Deinde
3278 3301 3344 3354 ad
3386 3300 3488 3352 Ba-

238 3391 587 3460 Ἀραχωσίαν
642 3409 700 3444 τε
748 3395 843 3446 καὶ
890 3393 1217 3463 Καρμανίαν
1260 3393 1360 3463 τὴν
1388 3395 1565 3464 ὁρμὴν
1613 3396 1802 3464 ἐποιή-

1910 3396 2158 3466 byluniuo
2227 3405 2280 3448 et
2350 3395 2602 3464 Assyrios
2680 3393 3046 3463 transgressi,
3112 3402 3520 3471 occupataquc.

236 3498 386 3533 σαντο
407 3498 421 3511 ⁸
452 3484 551 3535 καὶ
582 3485 800 3536 πάντων
829 3485 1026 3555 ῥᾳδίως
1055 3485 1502 3552 ὑποκυπτόντων,
1535 3488 1625 3538 ἐπὶ
1657 3487 1802 3539 Χαλο

1915 3487 2320 3557 llesopotamia,
2351 3485 2665 3539 ammnitate
2698 3483 2805 3539 loci
2833 3485 3011 3538 allecti
3053 3483 3246 3552 longos
3284 3485 3354 3536 ibi
3392 3497 3486 3537 er-

236 3571 410 3635 δαίους
446 3573 712 3640 ἀφίκοντό
757 3592 819 3626 τε
850 3580 943 3628 καὶ
993 3578 1266 3649 Ἀρασας.
1303 3578 1540 3632 Ἔπειτα
1593 3579 1652 3640 ἐς
1703 3579 1804 3629 Βα-

1912 3592 2065 3634 ιοιεε
2096 3576 2312 3638 liniunt,
2373 3574 2536 3629 tertio
2593 3589 2738 3628 anno
2770 3583 3055 3643 postham
3087 3570 3345 3626 laxarten
3382 3572 3486 3624 ﬂu-

237 3664 534 3729 6υλωνίους
565 3668 660 3720 καὶ
711 3669 1035 3742 ⁹Αισσυρίους
1067 3671 1378 3738 διαὸάντες,
1417 3672 1514 3725 καὶ
1555 3673 1804 3726 Μεσοπο-

1915 3675 2057 3726 vium
2131 3671 2460 3738 trajecerant
2519 3681 2575 3723 et
2628 3683 2657 3722 a
2710 3667 3066 3738 popularibus
3130 3666 3246 3722 suis
3309 3665 3492 3721 avulsi

234 3758 437 3823 ταμίαν
493 3759 903 3826 κατειληφότες,
950 3760 1045 3812 καὶ
1091 3763 1214 3823 ταῖς
1243 3761 1336 3814 τοῦ
1377 3762 1545 3815 τόπου
1592 3762 1804 3832 χάρισιν

1916 3765 2098 3819 Asiam
2127 3761 2438 3816 inferiorem
2467 3761 2568 3814 sibi
2606 3759 2968 3814 vindicarent.

235 3851 584 3919 ἁρεσθέντες,
628 3854 748 3904 ἐκεῖ
791 3853 890 3923 τὴν
926 3855 1141 3923 μακρὰν
1189 3857 1523 3911 καταλύουσι
1572 3849 1803 3928 πλάνην,
1846 3858 1966 3922 ἔτος
2030 3876 2133 3911 που
2170 3861 2270 3928 ἤδη
2331 3858 2514 3926 τρίτον
2549 3859 2828 3920 ἀνύοντες,
2857 3856 2950 3926 ἀφ’
2979 3851 3039 3910 οῦ
3064 3857 3155 3910 τόν
3179 3873 3237 3908 τε
3281 3851 3497 3923 Ἰαξάρ-

236 3959 332 4010 την
386 3945 868 4013 διεπεραιώθησαν
915 3949 1164 4016 ποταμὸν
1240 3952 1335 4004 καὶ
1407 3949 1516 4002 τῶν
1592 3951 1766 4005 ἄλλων
1814 3952 2106 4020 διέστησαν
2167 3949 2477 4020 ὁμοφύλων,
2529 3950 2626 4019 τῆς
2690 3949 2842 4003 κάτω
2907 3950 3095 4012 Ἀσίας
3153 3950 3495 4019 κληρούχους.

241 4035 505 4098 τάξαντες
538 4038 786 4101 ἐαυτούς.

307 4132 383 4188 E'.
424 4135 641 4203 Ὠσπερ
670 4134 727 4187 δέ
757 4137 870 4207 πῦρ
897 4139 950 4200 ἐς
979 4136 1112 4208 ὓλην
1154 4137 1378 4208 βαθεῖαν
1425 4139 1723 4210 ἐνσκῆψαν,
1749 4141 1809 4192 οὗ

243 4227 401 4294 μόνον
459 4221 526 4296 ἧς
554 4227 615 4280 τὸ
646 4227 864 4298 πρῶτον
899 4229 1182 4299 ἐδράξατο,
1231 4231 1439 4302 ταύτην
1489 4233 1811 4303 λυμαίνεται

243 4320 432 4385 μόνην,
468 4318 584 4370 ἀλλ’
639 4321 688 4372 εί
718 4320 884 4391 ὁμοία
933 4325 1028 4376 καὶ
1056 4323 1207 4395 πάσῃ
1245 4326 1312 4394 τῇ
1369 4323 1528 4394 πέριξ
1573 4324 1806 4394 ἐντύχοι,

238 4409 334 4478 ήδη
387 4411 485 4461 καὶ
517 4411 697 4462 πᾶσαν
744 4413 963 4481 ἐκείνην
1016 4415 1189 4484 ῥᾷστα
1232 4415 1621 4472 ἐπιδόσεων
1669 4417 1810 4468 οὕτω

1985 4136 2050 4189 ν.
2094 4133 2198 4189 Sed
2238 4133 2700 4204 quemadmodum
2739 4132 2880 4203 ignis
2932 4134 2986 4188 in
3031 4133 3252 4188 densam
3291 4136 3484 4192 silvam

1913 4231 2128 4284 delatus
2177 4243 2284 4282 non
2320 4243 2441 4283 eam
2477 4227 2677 4291 Solum,
2711 4243 2870 4296 quam
2919 4227 3151 4296 primam
3200 4231 3485 4299 corripuit,

1913 4322 2207 4385 consumit,
2235 4319 2330 4374 sed
2363 4329 2415 4374 et
2446 4319 2851 4387 circumjectam
2885 4334 3124 4384 omnem,
3162 4322 3207 4376 si
3247 4323 3296 4376 ei
3347 4325 3490 4392 pari-

1896 4415 1997 4470 ter
2031 4415 2186 4470 obvia
2213 4413 2400 4477 fuerit,
2433 4412 2690 4466 facillime
2720 4412 3031 4482 depascitur
3073 4432 3088 4472 :
3125 4413 3204 4469 sic
3235 4417 3340 4470 dux
3371 4417 3490 4470 illo-

239 4502 328 4552 καὶ
356 4501 383 4553 ό
420 4501 527 4553 τῶν
587 4501 813 4556 Σκυθῶν
839 4504 1087 4573 ἀρχηγὸς
1131 4508 1364 4560 τουτωνὶ
1416 4509 1517 4580 τὴν
1541 4511 1642 4577 τῆς
1683 4508 1804 4578 ὅλης

1916 4523 2032 4561 rum
2064 4506 2410 4576 Scytharum,
2460 4506 2626 4559 totius
2659 4507 2800 4558 Asiae
2832 4505 2898 4558 ad
2929 4521 3146 4560 onmem
3190 4509 3486 4564 humanam

249 4592 436 4654 ’Λείας
468 4593 742 4663 ἐξαίρετον
786 4596 921 4665 πρὸς
954 4595 1170 4649 ἃπασαν
1203 4597 1548 4670 ἀνθρωπίνην
1579 4600 1812 4654 ἀπόλαυ-

244 4700 324 4735 σιν
361 4688 420 4749 ἐς
477 4689 694 4754 οἴκησιν
742 4687 1009 4752 ἀπολέξας
1042 4689 1242 4759 ἐαυτῷ,
1283 4691 1382 4743 οὐκ
1413 4691 1673 4761 ὴρέμησε
1716 4689 1808 4743 τοῦ

243 4775 450 4838 λοιποῦ,
507 4779 632 4830 οὐδὲ
674 4780 786 4840 τῶν
820 4782 980 4850 πέριξ
1029 4783 1332 4852 ἀπέσχετο’
1370 4783 1504 4836 ἀλλὰ
1557 4784 1681 4843 τοὺς
1718 4782 1807 4835 ὑπ’

243 4872 386 4940 αὐτῷ
447 4872 737 4942 σατράπας
798 4875 894 4926 καὶ
952 4875 1273 4946 χιλιάρχους
1338 4875 1803 4947 διαπεμπόμενος.

243 4961 455 5030 Πέρσας
490 4965 590 5034 μὲν
622 4965 843 5035 πρῶτον
886 4969 976 5019 καὶ
1013 4967 1265 5036 Πάρθους
1309 4967 1404 5019 καὶ
1440 4965 1655 5036 Μήδους
1703 4983 1805 5016 πα-

243 5057 532 5120 ρεστήσατο·
569 5054 762 5107 ἔπειτα
781 5055 870 5109 διὰ
898 5058 996 5126 τῆς
1030 5059 1276 5126 μεγάλης
1295 5057 1460 5111 ἀνιὼν
1494 5057 1805 5128 Ἀρμενίας.

240 5141 405 5209 fama
437 5145 570 5212 πρὸς
595 5146 695 5216 μὶν
717 5146 922 5218 ἄρκτον
946 5149 1072 5220 ἄχρι
1099 5148 1355 5218 Κολχίδος
1382 5147 1475 5200 καὶ
1511 5147 1604 5216 τῆς
1629 5149 1807 5199 ἐκεῖσε

1913 4600 2357 4654 commoditatem
2417 4597 2875 4667 opportunissima
2925 4599 3056 4653 sedc
3116 4600 3216 4654 sibi
3256 4601 3486 4667 delecta,

1913 4700 2098 4762 postea
2139 4705 2246 4744 non
2279 4689 2511 4758 quietit,
2555 4703 2732 4758 neque
2764 4688 3008 4742 ﬁnitimis
3030 4689 3291 4744 abstinuit
3341 4709 3354 4744 :
3389 4694 3485 4747 sed

1913 4782 2145 4835 tribunis
2174 4782 2289 4835 suis
2313 4790 2368 4835 et
2399 4781 2634 4850 satrapis
2659 4779 2766 4834 alio
2791 4790 2952 4850 atque
2987 4781 3093 4834 alio
3123 4782 3325 4847 missis,
3358 4781 3486 4838 Pero

1911 4887 2000 4926 sas
2021 4874 2254 4941 primum
2287 4880 2340 4924 et
2363 4869 2594 4924 Parthos
2621 4880 2672 4924 et
2702 4869 2886 4924 Medos
2906 4870 3102 4942 subigit
3127 4888 3139 4936 ;
3162 4871 3273 4942 39
3293 4872 3488 4929 deinde

1910 4980 2004 5034 per
2044 4961 2360 5016 Armeniam
2414 4947 3078 5036 inajorent_‘asccndendo
3129 4979 3318 5018 versus
3365 4942 3490 5036 sep-

1920 5031 2245 5108 tentrionem
2276 5053 2342 5107 ad
2383 5031 2698 5107 Coit-bidenti
2735 5060 2792 5106 et
2825 5044 3224 5111 finitimam'illi
3258 5031 3486 5112 lberiant

1918 5150 2180 5200 excurrit.
2217 5143 2463 5200 Habebat
2491 5160 2654 5214 porro
2686 5144 2740 5198 in
2774 5144 2978 5210 animo,
3008 5149 3363 5216 sequentibus
3393 5165 3489 5203 an-

1570 5304 1908 5368 Variorum
1952 5314 2140 5366 notae.
2179 5366 2196 5372 ,

238 5463 294 5571 si:
316 5448 662 5516 dediderunt,
691 5450 942 5518 meminit
964 5449 1406 5513 Catitacuzenus,
1426 5449 1518 5504 lib.
1544 5466 1585 5518 t,
1608 5464 1730 5520 cap.
1749 5450 1804 5504 ἓ.

287 5533 470 5571 cesso.

287 5533 470 5572 UCASG.

312 5589 429 5658 (75)
462 5589 577 5655 an
607 5591 870 5645 vocabulo
897 5589 1155 5644 Tartarus
1187 5590 1457 5644 Asiaticos
1492 5591 1698 5658 pariter
1730 5592 1812 5646 in-

246 5661 455 5726 telligit.
496 5662 588 5727 qui
614 5663 844 5714 duribus
880 5661 1288 5729 Chiugisehami
1321 5660 1444 5713 ﬁliis
1481 5662 1666 5726 Asiani
1696 5662 1812 5716 fere

246 5737 565 5782 unm-rsani‘
611 5742 980 5800 pt‘t‘VaSCi'alll,
1028 5746 1152 5783 cum
1234 5731 1326 5800 qui
1379 5745 1571 5786 versus
1633 5732 1814 5786 Danu—

1911 5451 2058 5571 ilijiuut
2089 5451 2408 5510 habitabant
2454 5449 2747 5522 Europaeos
2797 5462 2974 5518 Vocat,
3014 5451 3106 5506 lib.
3149 5463 3223 5513 tv,
3279 5463 3400 5522 cap.
3431 5452 3486 5506 7.

1964 5536 2145 5571 UCANG.

1964 5536 2145 5575 ucasc.

1989 5593 2101 5662 (7U)
2135 5593 2205 5644 De
2237 5589 2352 5645 Oxo
2383 5592 2550 5644 ﬂuvio
2580 5592 2785 5660 egimus
2828 5588 2892 5642 ad
2925 5591 3014 5644 lib.
3054 5606 3068 5644 I
3116 5590 3396 5663 Brjcnnii,
3427 5607 3480 5648 n.

1919 5665 1974 5725 7,
2009 5679 2059 5731 ι).
2087 5664 2212 5717 201.
2239 5665 2468 5716 llucaac.
