3988 6206
287 434 390 498 209

534 433 612 504 [λ.
651 450 702 489 c.
745 434 882 492 1259
919 452 983 490 Αο
1026 436 1186 507 {282]
1297 443 1744 502 BYZANTINAZ
1769 444 1842 503 Η]

1943 444 2152 505 ὈΒΙλΕ
2179 446 2323 507 LIB.
2359 449 2448 506 IV.

3404 438 3528 500 210*

2563 440 2690 512 [tam
2736 457 2881 495 mcu.
2924 436 3279 508 ῐιλιιεοιοο.)

357 555 428 608 Γ.
482 555 602 605 Ἐπὶ
642 554 850 618 τούτοις
898 557 1206 609 καταλιπὼν
1241 559 1331 609 τὸν
1375 559 1773 628 πατριαρχικδν
1824 559 1842 610 ἐ

2024 559 2115 613 111.
2142 557 2268 613 Post
2293 561 2405 614 hatc
2436 559 2717 620 Arseuius,
2756 558 2940 611 relicta
2965 555 3094 610 sede
3133 555 3472 624 patriarchali
3499 593 3514 616 ,

299 644 565 711 Ἀρσέκιθς
595 646 783 714 θρόνον
818 647 928 714 (5|)
965 646 1136 716 ᾤχετο
1165 649 1458 716 ἡσυχάσων
1485 650 1540 710 ἐς
1580 648 1640 700 τὸ
1669 649 1850 718 παρά·

287 739 395 792 λιον
430 740 540 810 (52)
579 740 673 792 τοῦ
711 743 1022 811 Πασχασίου
1065 743 1347 812 μονύδριον
1392 743 1528 813 (55).
1571 743 1847 812 Πρόφασις

286 827 330 879 δ’
356 826 422 897 ἦν
451 830 546 896 τῆς
574 830 976 898 ὑποχωρήσεως
998 834 1030 901 ἡ
1052 834 1442 902 περιφρόνησις
1480 833 1730 886 Ἰωάννου
1753 833 1846 885 τοῦ

284 920 530 989 Λάσκαρι
578 920 672 972 τοῦ
703 920 965 987 βασιλέως
995 923 1203 985 παιδός.
1251 924 1501 993 Ἔπεμψε
1539 926 1650 996 γὰρ
1683 925 1847 978 αὐτὸν

283 1009 384 1079 πρὸ
431 1009 659 1079 βραχέος
704 1014 731 1062 6
767 1011 1033 1080 βασιλεὺς,
1068 1013 1287 1082 Μιχαὴλ
1329 1018 1356 1067 6
1391 1015 1753 1083 Παλαιολόγος
1790 1017 1846 1067 ἐν

280 1100 576 1165 Μαγνησί-ᾳ
626 1101 1010 1164 φυλάττεσθαι,
1061 1105 1272 1171 μήποτε
1323 1106 1690 1174 νεωτερισμόν
1727 1123 1847 1159 τινα

277 1189 436 1258 δῆθεν
458 1189 642 1262 πράξῃ
662 1193 812 1261 παρά
840 1209 981 1246 τισιν
1006 1194 1220 1263 ἔχουσιν
1243 1196 1321 1259 είς
1343 1195 1502 1249 τοῦτο
1531 1197 1848 1268 ἐπιρῤεπῶς

279 1282 310 1350 ἡ
343 1281 514 1334 αὑτοῦ
554 1298 617 1348 γε
649 1283 938 1352 ἐμφάνεια.
970 1287 1078 1340 Kal
1116 1286 1178 1357 δὴ
1227 1288 1542 1358 Νικηφόρος
1585 1290 1698 1358 (54)
1732 1291 1847 1343 ἀντ’

277 1373 485 1426 ἐκείνου
517 1374 576 1436 ἐς
617 1375 711 1428 τὸν
740 1379 1140 1448 πατριαρχικδν
1163 1381 1422 1447 ἀνάγεται
1449 1380 1658 1452 θρό.ον,
1689 1384 1716 1435 6
1746 1381 1847 1450 τῆς

289 1463 514 1529 Ἐφέσου
539 1464 958 1535 μητροπολίτης,
983 1467 1040 1530 ὃς
1066 1468 1163 1522 ἐνα
1189 1469 1430 1532 ἐπιϐιοὺς
1452 1470 1694 1523 ἐνιαυτὸν
1727 1471 1846 1523 ἐτε-

275 1553 557 1624 λεύτησεν.

338 1642 410 1701 Δ¹.
465 1645 527 1700 '0
557 1647 740 1716 μέντοι
772 1649 1026 1719 βασιλεὺς
1060 1649 1156 1703 σὺν
1189 1650 1398 1713 πολλοῖς
1437 1653 1548 1714 τοῖς
1581 1653 1845 1723 στρατεύ-

273 1751 401 1798 μασι
436 1735 822 1808 διεπεραιοῦτο
847 1742 925 1802 είς
965 1739 1188 1811 Θρᾴκην
1218 1741 1463 1806 ἐπίδοξος
1490 1742 1566 1796 ὢν
1596 1743 1846 1797 ἐσϐαλεῖν

274 1826 358 1877 καὶ
381 1826 442 1888 ἐς
475 1826 545 1880 τὰ
573 1829 675 1896 τῆς
701 1831 1328 1895 Κωνσταντινουπόλεως
1347 1835 1618 1903 προαύλια
1647 1837 1846 1906 πείρας

1956 667 2014 706 se
2059 652 2114 705 in
2162 651 2494 705 maritimum
2545 650 2820 704 Paschasii
2865 648 3308 702 monasteriolum
3365 648 3520 714 quie-

1957 741 2144 795 scendi
2182 755 2345 794 causa
2380 739 2627 792 contulit.
2653 737 2826 792 Causa
2862 737 3004 790 illius
3048 734 3372 788 secessionis
3394 733 3518 796 luit,

1954 834 2096 903 quod
2117 835 2355 888 Joannes
2393 833 2634 886 Lascaris
2664 832 2805 885 ﬁlius
2829 829 3169 900 imperatoris
3195 837 3524 882 contemne-

1954 933 2127 978 retur.
2161 923 2380 978 Miserat
2407 925 2550 978 enim
2593 939 2718 977 eum
2750 923 2909 992 paqu
2938 930 3062 975 ante
3099 921 3392 990 imperator
3417 920 3516 973 Mi-

1954 1014 2104 1069 chael
2157 1014 2488 1085 Palaeologus
2550 1014 2878 1085 Magnesiam
2935 1012 3390 1074 custodiendum,
3447 1026 3516 1064 ne

1956 1106 2245 1175 praesentia
2270 1105 2389 1174 ejus
2411 1107 2666 1174 quosdam
2692 1102 2894 1172 alioqui
2923 1117 3101 1155 rerum
3129 1116 3388 1153 novarum
3419 1115 3519 1153 cu-

1956 1196 2112 1264 pidos
2161 1204 2549 1249 commoveret.
2624 1193 2858 1248 Proinde
2930 1190 3270 1261 Nicephorus
3318 1187 3518 1258 Ephesi

1954 1287 2409 1354 metropolitanus
2462 1285 2677 1340 Arsenii
2718 1285 2837 1339 loco
2877 1283 2930 1337 in
2976 1281 3394 1353 patriarchalem
3431 1293 3518 1334 se-

1953 1375 2074 1429 dem
2107 1385 2331 1431 evectus
2361 1385 2465 1440 est,
2518 1376 2631 1444 qui,
2684 1390 2792 1429 uno
2845 1389 2991 1428 anno
3037 1374 3090 1428 in
3143 1387 3205 1427 ea
3259 1371 3520 1442 dignitate

1952 1475 2166 1530 exacto,
2197 1477 2423 1522 mortem
2444 1467 2600 1522 obiit.

2024 1645 2116 1701 lV.
2153 1645 2458 1717 Imperator
2491 1661 2622 1701 vero
2644 1661 2765 1702 cum
2799 1647 3006 1716 magnis
3053 1645 3223 1716 copiis
3263 1646 3314 1700 iu
3337 1645 3516 1700 Thra-

1952 1735 2090 1789 ciam
2121 1737 2508 1798 transl‘retavit,
2537 1745 2595 1791 ut
2623 1737 2938 1792 crederetur
2965 1736 3018 1790 in
3050 1737 3510 1805 Constantinopo-

1954 1825 2119 1880 litana
2143 1827 2406 1882 suburbia
2438 1828 2769 1896 irrupturus,
2795 1829 2862 1882 ad
2891 1827 3202 1882 tentandam
3235 1825 3357 1879 belli
3409 1826 3518 1878 lor-

272 1915 454 1968 εῖνεκα
498 1918 826 1990 πολεμικῆς.
862 1923 971 1974 Kal
1013 1921 1076 1992 δὴ
1130 1924 1269 1991 μετὰ
1307 1923 1405 1995 τὴν
1434 1926 1536 1989 ἐξω
1564 1928 1842 1999 διατριϐὴν

1953 1925 2164 1973 tunam.
2195 1919 2262 1972 Et
2303 1935 2426 1973 cum
2483 1919 2614 1973 loris
2656 1921 2858 1974 morari
2893 1919 3176 1980 desiisset,
3206 1918 3345 1972 ultra
3390 1933 3517 1984 pro-

274 2007 590 2075 παρελάσας
629 2010 932 2080 ἐπολιόρκει
963 2013 1182 2080 πρῶτον
1210 2015 1270 2067 τὸ
1305 2017 1444 2070 κατὰ
1475 2019 1574 2089 τὴν
1603 2020 1844 2091 περαίαν

270 2098 356 2150 τοῦ
377 2099 626 2153 Γαλάτου
649 2103 1360 2176 ἐπικεκλημένονζφρούριον
1375 2108 1515 2178 (55),
1544 2109 1618 2172 ὡς
1651 2112 1847 2181 ῥᾳδίως

271 2189 530 2242 ἐντεῦθεν
557 2191 905 2263 ἁλωσομένης
931 2195 1080 2264 αὐτῷ
1103 2199 1194 2249 καὶ
1210 2199 1304 2265 τῆς
1334 2200 1766 2266 Κωνσταντίνου,
1797 2205 1845 2256 εί

274 2280 393 2332 αὐτὸ
417 2284 843 2352 παραστῆσαι-ιο
869 2285 1156 2358 πρότερον.
1197 2287 1338 2341 Ἀλλ’
1359 2285 1499 2360 ἦσαν
1521 2291 1628 2363 ἄρα
1654 2293 1723 2346 τὰ
1740 2296 1847 2348 τῶν

273 2370 530 2426 τοιούτων
595 2374 827 2428 ἐλπίδων
895 2377 1045 2448 αὐτῷ
1109 2383 1526 2450 γρηγορούντων
1595 2385 1843 2441 ἐνύπνια.

273 2461 508 2514 Πλεῖστα
535 2462 646 2533 γάρ
673 2464 779 2516 τῶν
805 2465 1094 2522 λιθοϐόλων
1124 2471 1537 2541 μηχανημάτων
1563 2474 1846 2545 ἀντιπερι-

272 2552 476 2620 στήσας
501 2554 648 2622 αὐτ-ἶ)
674 2559 770 2609 xal
801 2558 1001 2622 πολλὰς
1026 2561 1337 2631 ἐπενεγκὼν
1363 2562 1482 2632 βίας
1511 2565 1651 2618 έλεῖν
1675 2567 1736 2620 οὐ
1759 2568 1846 2621 δε-

269 2641 520 2713 δύνηται.
574 2647 735 2699 Ὀοεν
775 2647 1054 2718 ὀχυρώσας
1107 2652 1176 2704 τὰ
1228 2652 1334 2723 πρὸ
1374 2654 1476 2722 τῆς
1524 2655 1844 2720 Βυζαντίδος

273 2739 515 2806 φρούρια
545 2739 642 2790 καὶ
673 2738 902 2803 ὁπλίτας
939 2741 1098 2809 ἀφεὶς
1126 2741 1330 2815 (Ρηιη
1363 2745 1422 2798 ἐν
1455 2746 1638 2810 αὐτοῖς
1669 2765 1840 2818 προσ·

269 2827 522 2897 ετατάχει
564 2831 805 2900 συνεχεῖς
843 2830 1146 2901 ἐπιδρομὰς
1184 2832 1279 2886 καὶ
1307 2835 1527 2905 ἐνέδρας
1568 2837 1840 2891 ποιεῖσθαι

269 2919 408 2971 κατὰ
436 2919 553 2971 τῶν
593 2919 902 2983 Βυζαντίων
931 2923 1200 2991 Λατίνων,
1226 2927 1302 2988 ὡς
1337 2927 1474 2996 μηδὲ
1508 2928 1842 2997 προκύπτειν

269 3010 362 3079 ἐᾷν
389 3010 448 3062 ει
481 3010 706 3064 δυνατὸν
738 3012 935 3077 αὐτοὺς
968 3014 1077 3067 τῶν
1107 3016 1322 3086 τειχῶν.
1359 3019 1424 3071 '0
1459 3018 1524 3086 δὴ
1566 3019 1704 3090 πρὸς
1749 3038 1842 3074 το-

270 3101 482 3172 σαύτην
510 3103 678 3173 ῆλασε
716 3107 842 3168 τοὺς
870 3106 1133 3170 Λατίνους
1164 3109 1377 3175 πενίαν,
1408 3111 1484 3173 ὡς
1514 3114 1581 3183 τῇ
1610 3114 1719 3167 τῶν
1749 3116 1838 3182 ξύσ

1949 2021 2140 2065 vectus
2165 2051 2179 2075 ,
2215 2011 2500 2066 castellum
2538 2020 2903 2080 cognomento
2956 2009 3158 2063 Galataa
3207 2009 3262 2062 in
3292 2009 3519 2063 adverso

1949 2102 2131 2156 littore
2168 2101 2328 2156 situm
2362 2102 2546 2172 primo
2575 2103 2943 2173 oppugnavit,
2987 2101 3138 2170 quasi
3177 2101 3246 2153 ita
3300 2100 3516 2154 demum

1947 2192 2108 2248 facile
2129 2192 2406 2263 81Urhis
2439 2194 2732 2262 petiturus,
2756 2193 2799 2246 si
2835 2193 2966 2247 illud
2996 2193 3147 2262 prius
3171 2198 3513 2260 occupasset.

1948 2284 2052 2339 Sed
2081 2299 2160 2338 ea:
2187 2299 2314 2353 spes
2343 2284 2479 2338 nihil
2513 2284 2700 2354 utique
2730 2284 2874 2338 aliud
2908 2284 3129 2338 fuerunt
3160 2299 3321 2353 quam
3365 2297 3514 2336 som-

1945 2375 2035 2429 nia
2064 2375 2428 2439 vigilantium.
2489 2374 2624 2430 Nam
2656 2390 2778 2428 cum
2840 2375 2969 2430 illud
3018 2377 3296 2430 castellum
3331 2375 3516 2429 multis

1946 2465 2217 2522 machinis
2275 2481 2402 2520 saxa
2462 2465 2866 2535 ejaculantibus
2920 2466 3405 2528 circumdedisset,
3461 2476 3514 2520 ct

1945 2559 2145 2614 multos
2201 2567 2430 2613 conatus
2489 2558 2850 2623 adhibuisset,
2907 2573 3100 2628 capere
3145 2566 3325 2612 tamen
3369 2557 3511 2612 haud
3581 2541 3586 2544 ’

1944 2652 2142 2722 potuit.
2178 2650 2332 2707 Unde
2366 2651 2664 2724 Byzautino
2703 2665 2834 2720 agro
2870 2650 3094 2704 ﬁnitima
3125 2650 3346 2706 castella
3389 2665 3511 2701 mu-

1943 2741 2118 2807 nivit;
2147 2750 2205 2796 et
2229 2741 2431 2796 milites
2461 2741 2514 2795 in
2567 2743 2634 2796 iis
2662 2741 2903 2810 reliquit,
2933 2755 2994 2794 ea
3027 2740 3143 2809 lege
3176 2739 3421 2807 imposita
3456 2753 3515 2795 ut

1945 2832 2156 2890 crebris
2189 2833 2600 2888 incursionibus
2631 2840 2794 2901 atque
2816 2830 3030 2885 insidiis
3062 2829 3387 2901 Byzantinos
3412 2827 3515 2884 La-

1945 2927 2091 2982 tinos
2123 2925 2482 2992 inlestarent,
2512 2941 2602 2992 ne,
2641 2925 2686 2982 si
2719 2924 2837 2980 fieri
2867 2932 3074 2994 posset,
3120 2923 3226 2976 illis
3269 2923 3352 2977 vel
3384 2939 3512 2992 pro-

1945 3019 2159 3088 Spicere
2187 3028 2337 3074 extra
2399 3017 2600 3073 muenia
2653 3016 2864 3071 liceret.
2896 3015 3027 3081 Quae
3059 3029 3148 3069 res
3179 3012 3403 3070 Latinos
3444 3015 3511 3069 ad

1945 3120 2147 3167 tantam
2177 3119 2474 3182 egestatem
2505 3108 2751 3180 redegit,
2788 3117 2851 3163 ut
2880 3107 2950 3161 ob
2977 3106 3244 3178 lignorum
3274 3105 3510 3175 inopiam

267 3191 371 3246 λων
425 3195 628 3249 σπάνει
674 3197 766 3249 καὶ
810 3197 908 3262 τὰς
966 3199 1059 3252 τοῦ
1101 3199 1395 3264 Βυζαντίου
1434 3203 1695 3269 πλείστας
1744 3207 1838 3260 καὶ

1947 3201 2209 3271 plurimas
2237 3210 2290 3255 et
2315 3198 2711 3270 pulcherrimas
2735 3197 2888 3254 urbis
2911 3198 3054 3251 aedes
3084 3197 3422 3251 destruerent
3445 3196 3510 3252 ad

269 3289 592 3355 περιφανεῖς
617 3288 792 3351 οίκίας
822 3288 1070 3343 καθελεῖν
1097 3292 1176 3355 είς
1203 3293 1447 3365 δαπάνην
1475 3295 1710 3366 χρειώδη
1740 3297 1835 3350 τοῦ

1945 3308 2102 3348 usum
2139 3291 2281 3363 ignis
2316 3291 2709 3346 necessarium.
2752 3289 2884 3344 Inde
2911 3287 3144 3343 Nicmam
3168 3287 3351 3352 rediit,
3391 3303 3514 3357 quae

269 3376 465 3444 πυρός.
503 3375 782 3431 Ἐντεῦθεν
806 3381 862 3443 ἐς
881 3380 1116 3434 Νίκαιαν
1139 3380 1295 3446 αὖθις
1312 3384 1640 3455 ὑποστρέφει
1661 3403 1677 3418 ·
1700 3386 1841 3460 αὕτη

269 3466 372 3536 γὰρ
431 3467 679 3534 ἐγεγόνει
745 3469 1030 3540 Ῥωμαίων
1092 3470 1361 3540 βασίλειον
1419 3474 1558 3543 μετὰ
1608 3473 1708 3546 τὴν
1741 3476 1842 3546 τῆς

273 3555 599 3619 Βυζαντίδος
651 3556 941 3628 πόρθησιν,
994 3558 1090 3611 καὶ
1135 3553 1203 3629 ἦν
1253 3560 1370 3613 ἐκεῖ
1416 3560 1714 3632 διατρίϐων
1755 3563 1842 3632 ἐφ’

271 3643 484 3698 ἱκανόν.

337 3735 422 3792 E'.
465 3737 556 3790 Ἐν
593 3740 805 3800 τούτοις
841 3738 1023 3808 μέντοι
1056 3741 1165 3803 τοῖς
1190 3740 1404 3810 χρόνοις
1427 3741 1713 3806 διαϐάντες
1749 3744 1841 3796 καὶ

266 3828 355 3883 τὸν
386 3829 684 3900 Εὐφράτην
718 3832 767 3884 οἱ
809 3830 1013 3884 Σκύθαι
1045 3831 1141 3903 τὴν
1187 3833 1313 3903 ἄχρι
1357 3833 1722 3906 Παλαιστίνης
1764 3837 1840 3890 ol-

268 3920 542 3973 κειοῦνται
575 3922 772 3992 Συρίαν
800 3923 894 3975 καὶ
933 3922 1215 3992 Ἀραϐίαν.
1240 3923 1390 3993 Μηδὲ
1429 3925 1539 3993 γὰρ
1569 3921 1839 3980 εἶναιτῶν

267 4014 414 4067 πάνυ
445 4013 643 4084 ῥᾳδίων
673 4014 844 4083 πέρας
871 4014 1171 4084 λαμϐάνειν
1199 4015 1298 4086 τὴν
1317 4015 1616 4085 ἀνθρώπων
1651 4017 1839 4072 πλεον-

269 4105 444 4168 εξίαν.
497 4106 689 4175 μέχρις
719 4106 783 4158 ἂν
815 4107 1052 4178 ἐπιμένῃ
1082 4109 1148 4178 τῇ
1177 4106 1328 4177 δεξιᾷ
1356 4109 1451 4160 καὶ
1482 4110 1546 4177 τῇ
1577 4111 1746 4180 αἰχμῇ
1775 4110 1838 4162 τὸ

266 4197 553 4252 δύνασθαι.
582 4199 690 4251 Kal
720 4197 934 4260 πολλοῖς
957 4198 1074 4250 ἐκεῖ
1098 4201 1206 4261 τοῖς
1230 4198 1497 4269 λαφύροις
1519 4218 1584 4255 πε
1592 4204 1841 4272 ριτυχὸν-

266 4305 355 4352 τες
384 4287 574 4360 βριθού
585 4306 704 4351 σαις
731 4289 1065 4360 ἐπανήκουσι
1089 4289 1310 4354 δεξιαῖς,
1333 4290 1536 4360 φόρους
1561 4293 1834 4361 ἐτησίους,

268 4380 366 4432 ὅσα
388 4381 486 4433 καὶ
513 4379 721 4443 δούλοις
745 4381 972 4447 ἀθλίοις,
999 4381 1258 4446 τάξαντες
1282 4384 1394 4444 τοῖς
1431 4383 1838 4452 ἐναπολειφθεῖ-

269 4484 352 4520 σιν
389 4469 600 4538 Ἄραψι
629 4487 686 4522 τε
726 4471 817 4523 καὶ
848 4471 1041 4540 Σύροις
1081 4472 1174 4522 καὶ
1211 4471 1430 4536 Φοίνιξι.
1465 4472 1621 4524 Κατὰ
1652 4475 1832 4543 μέντοι

1940 3395 2066 3454 post
2097 3383 2336 3454 Byzantii
2386 3383 2749 3438 vastationem
2800 3379 2950 3450 regia
2981 3380 3346 3436 Romanorum
3378 3379 3518 3445 fuit,

1943 3477 2128 3549 ibique
2145 3476 2462 3546 aliquandiu
2489 3480 2869 3531 commoratus
2881 3481 2984 3528 est.

2013 3751 2078 3806 ν.
2113 3751 2381 3807 δίεισι-απ]
2422 3749 2508 3804 his
2553 3747 2895 3817 temporibus
2931 3745 3164 3817 Scythm.
3197 3747 3359 3801 etiam
3399 3747 3508 3800 Eu—

1939 3843 2130 3914 phrate
2158 3848 2444 3908 superato,
2467 3837 2678 3908 Syriam
2699 3838 2764 3891 ad
2797 3835 3136 3890 Ραιειιειίιιιηη
3163 3850 3329 3904 usque
3358 3838 3508 3890 subi—

1938 3942 2106 4005 gunt;
2139 3932 2267 3986 item
2297 3929 2572 3984 Arabiam.
2607 3927 2800 3995 Neque
2829 3926 2974 3979 enim
3011 3924 3234 3978 avaritia
3271 3925 3507 3978 humana

1938 4025 2096 4081 facile
2125 4021 2480 4092 conquiescit,
2517 4020 2644 4074 dum
2680 4019 2971 4073 conatibus
3025 4016 3236 4071 fortuna
3279 4032 3507 4086 respon-

1937 4117 2049 4171 det.
2102 4114 2177 4168 Ac
2230 4113 2433 4166 multas
2496 4110 2605 4165 illic
2648 4109 2934 4164 manubias
2972 4108 3115 4162 nacti
3148 4108 3367 4162 domum
3426 4123 3508 4161 re-

1937 4205 2105 4260 deunt
2133 4203 2312 4272 plenis
2335 4200 2609 4262 manibus,
2654 4208 2774 4268 post
2805 4198 3072 4267 imperata
3105 4212 3284 4251 annua
3308 4197 3507 4251 tributa

1938 4294 2111 4366 Syris,
2147 4293 2418 4347 Arabibus
2445 4298 2499 4345 et
2550 4289 2924 4353 Phoenicibus,
2950 4288 3116 4343 veluti
3153 4288 3367 4342 miseris
3389 4289 3510 4355 qui—

1937 4387 2166 4440 busdam
2198 4382 2508 4452 mancipiis.
2547 4381 2705 4435 Anno
2745 4381 3020 4450 sequenti,
3045 4379 3290 4434 etiamin
3323 4379 3504 4432 Asiam
3599 4381 3622 4398 ⁸

1937 4477 2074 4530 citra
2114 4475 2446 4544 Euphratem
2503 4473 2579 4539 (id
2637 4482 2719 4526 est
2746 4511 2763 4536 ,
2797 4471 2852 4524 in
2905 4472 3085 4525 Asiam
3122 4469 3406 4539 Minorem)
3440 4469 3511 4522 ir-

266 4560 325 4612 τδ
354 4561 511 4614 ἐπιὸν
540 4563 657 4625 ἔτος
691 4561 802 4632 (56)
831 4562 1170 4616 εἰσϐάλλουσι
1201 4563 1294 4616 καὶ
1337 4564 1392 4626 ἐς
1419 4563 1516 4633 τὴν
1550 4563 1696 4618 ἔνδον
1728 4565 1828 4618 Εὐ-

1947 4575 2223 4636 rumpunt,
2257 4578 2487 4633 eamque
2527 4563 2746 4632 praedati
2782 4562 2939 4616 facile
2982 4563 3261 4631 subigunt,
3317 4560 3508 4614 limiti-

266 4655 472 4722 ςράτου
508 4655 692 4711 Ἀσίαν
723 4658 818 4711 κα).
845 4656 1024 4708 πᾶσαν
1052 4653 1246 4726 ῥᾳδίως
1269 4656 1706 4726 καταστρέφουσι
1741 4659 1834 4710 καὶ

1943 4660 2046 4714 bus
2082 4657 2424 4712 excursionis
2468 4666 2524 4711 et
2563 4664 2737 4709 motus
2776 4653 2924 4707 illius
2973 4653 3285 4706 constitutis
3311 4664 3528 4704 versus»

1622 4797 1945 4860 Variorum
1981 4807 2174 4862 notae.

344 4919 457 4986 (51)
491 4919 827 4989 Ephrtemius
854 4923 921 4976 de
950 4923 1214 4977 Arsenio:

335 4991 451 5060 Kal
468 4988 659 5060 ﬁatﬁat
695 4991 900 5060 βαθμὸν
935 4993 1138 5054 ἀνύσας
1177 4988 1526 5057 Ἐκκλησίαςι

338 5059 434 5120 Εἰς
465 5057 596 5128 ὕψος
620 5057 759 5129 ἤρθη
794 5057 1023 5130 ποιμενα
1065 5063 1184 5131 χίας
1217 5061 1379 5126 μέγα.

342 5127 696 5182 Αὺθαιρέτως
726 5131 914 5182 τούτου
946 5132 1002 5182 δέ
1029 5081 1305 5182 εείποντος
1339 5128 1379 5182 θλ

342 5127 696 5197 Ᾱὺθαιρέτως
726 5127 914 5183 τούτου
946 5132 1002 5184 δέ
1029 5127 1305 5192 λείποντος
1339 5127 1547 5197 θρόνον,

337 5198 489 5266 Μονῇ
514 5198 570 5250 δὲ
599 5199 760 5252 αὐτὶν
787 5202 995 5266 εὐαγῶς
1018 5201 1331 5260 δεδωκότος,

341 5267 679 5338 δικηφόρος,
709 5271 966 5338 πρόεδρος
996 5272 1071 5322 ὢν
1112 5270 1399 5338 Ἐφεσίων,

337 5335 638 5408 ῌροεδρίαν
668 5335 856 5408 εἴληφε
887 5341 982 5408 τῆς
1014 5337 1443 5391 Κωνσταντίνου.
1477 5335 1704 5390 Ουωτισ.

340 5403 473 5459 Vide
506 5403 717 5459 Arsenii
754 5403 1183 5463 Testamentum.
1221 5408 1426 5458 Bon'm.

334 5475 449 5544 (5‘2)
488 5474 852 5544 Tranquillum
909 5495 971 5530 ac
1022 5477 1317 5532 solitariam
1362 5477 1525 5528 vitam
1587 5483 1822 5529 acturus.

268 5541 766 5616 Videgclossar'ium
807 5547 1082 5616 Ducangii.
1126 5547 1330 5600 Bonus.

342 5613 452 5680 (55)
481 5614 650 5682 Cujus
694 5613 1014 5671 monasterii
1073 5617 1206 5669 situs
1260 5617 1591 5672 describitur
1642 5633 1670 5670 a
1736 5615 1828 5668 Pa-

271 5683 511 5750 chymer.
547 5685 642 5736 lib.
676 5700 735 5744 Il,
769 5701 888 5752 cap.
926 5686 1012 5739 15.
1037 5685 1264 5738 Πυσλξςο.

341 5752 450 5816 (54)
483 5753 805 5820 PachymCr.
839 5757 928 5810 lib.
967 5772 1027 5817 ll,
1065 5771 1185 5822 (ap.
1221 5755 1308 5809 l6.
1340 5755 1580 5811 Ducam}.

341 5821 448 5888 (53)
482 5823 714 5892 Περαία.
745 5826 892 5892 παρὰ
924 5827 981 5877 τὸ
1019 5821 1214 5894 πέεηνν
1238 5829 1380 5893 (ιυοιι
1417 5841 1563 5880 mare
1599 5824 1826 5892 iutcrja-

1943 4933 2115 4977 ceret.
2178 4923 2415 4976 Vocatur
2469 4921 2634 4975 etiam
2698 4919 2858 4974 hodie
2925 4917 3084 4977 Pera.
3146 4927 3206 4970 ut
3259 4914 3524 4974 Joannes-

1949 4992 2322 5055 Denschwam,
2379 4991 2460 5044 vir
2514 4989 2915 5050 ornatissimus,
2951 4987 3082 5042 mihi
3143 4986 3360 5053 retulit,
3408 4990 3500 5058 qui

1942 5061 2034 5114 diu
2063 5072 2115 5116 et
2150 5061 2391 5129 Byzantii
2427 5060 2582 5125 vixit,
2615 5068 2670 5112 et
2695 5058 2975 5129 Amasiam
2996 5071 3164 5126 usque
3182 5072 3503 5127 progressus

1938 5140 2055 5210 est:
2088 5139 2141 5184 et
2168 5127 2266 5210 hos
2319 5127 2895 5210 Byzantinmhistorife
2923 5127 3091 5210 lilt‘ros
3149 5141 3344 5210 omnes
3372 5142 3496 5210 cum

1937 5200 2057 5255 aliis
2089 5200 2272 5252 multis
2338 5197 2599 5268 singulari
2629 5197 2893 5268 industria
2933 5205 2988 5250 et
3037 5197 3217 5250 studio
3247 5197 3497 5262 iuvandae

1933 5269 2242 5338 reipublica:
2266 5269 2543 5323 litterariaa
2578 5267 2948 5334 comparavit:
2981 5275 3119 5338 etut
3148 5281 3178 5318 a
3221 5279 3309 5317 me
3355 5279 3493 5338 con-

1932 5331 2298 5403 verterentur,
2330 5347 2491 5406 atque
2522 5340 2573 5392 in
2609 5331 2881 5406 publicum
2916 5335 3248 5406 ederentur,
3287 5331 3496 5406 primus

1930 5419 2121 5461 auctor
2154 5401 2293 5460 fuit.
2336 5401 2621 5462 Wbutus.
2646 5438 2714 5449 --
2743 5405 2880 5459 Male
2916 5403 3172 5464 Wolﬁus,
3209 5401 3498 5454 Castellum

1927 5475 2145 5548 Pennas,
2169 5489 2502 5548 cognomento
2527 5477 2754 5548 Galatia.
2792 5472 3136 5548 ῌεραίαηιιοο
3159 5471 3287 5548 loco
3314 5471 3501 5548 adver-

1924 5563 2037 5617 sum
2064 5538 2210 5599 littus
2228 5538 2539 5617 'signilicat.
2578 5547 2732 5610 Quod
2768 5544 2810 5617 s_i
2847 5538 3128 5597 castellum
3158 5538 3288 5617 illud
3313 5540 3495 5617 hodie

1926 5615 2063 5668 Pera
2127 5609 2348 5676 dicitur.
2389 5631 2496 5670 non
2535 5609 2739 5670 idcirco
2773 5612 3030 5678 Gregoraa
3063 5609 3246 5662 verbis
3274 5610 3358 5662 vis
3411 5610 3494 5663 la-

1925 5685 2119 5739 cieuda
2154 5695 2257 5739 est.
2318 5685 2526 5738 BOIVIN.
2552 5717 2619 5726 --
2647 5681 2758 5737 Τοῦ
2815 5679 3120 5733 Γαλάτου.
3171 5679 3494 5750 Ροοιιγῐηεινδ

1927 5755 2021 5807 lib.
2056 5770 2114 5817 ιι,
2149 5769 2271 5822 cap.
2311 5754 2403 5808 ΞΟ.
2437 5755 2671 5809 Ducam.

1999 5823 2109 5893 (56)
2150 5824 2252 5876 An.
2289 5823 2418 5878 Chr.
2448 5825 2607 5878 1261.
2655 5823 2881 5876 Ducsxc.
