3988 6206
289 328 392 393 213
530 327 581 399 [ιι
646 342 694 381 c.
746 327 884 386 1259
927 345 991 381 .to
1036 326 1194 399 1289.]

1311 333 1492 391 BYZA
1508 332 1749 392 \TlNJﬂ
1774 330 2158 393 IlleOBl/E
2183 330 2329 399 LIB.
2360 331 2451 391 IV.

2568 325 2699 396 [IIIP.
2742 341 2888 380 mcu.
2926 324 3264 397 PAL.EOLOG.]

3408 328 3545 394 2141

281 447 491 502 ουτικδν
509 448 603 499 καὶ
622 445 950 499 Θετταλικὸν
969 446 1177 498 ἔπαυσε
1203 446 1348 515 δόρυ,
1375 463 1471 514 την
1499 447 1678 516 μάχην
1703 446 1845 514 φημὶ

1969 429 2283 514 'epresserart
2309 445 2395 514 (de
2441 460 2616 515 pugna
2650 447 2995 499 Acarnanum
3028 454 3082 499 et
3107 443 3412 499 [Etolorum
3448 446 3538 501 lo-

283 538 388 591 τῶν
413 553 469 589 τε
506 535 857 607 Ἀκαρνάνων
896 537 990 590 καὶ
1029 537 1305 604 Ᾱίτωλῶν,
1342 539 1438 590 καὶ
1478 538 1572 607 τῆς
1606 540 1850 608 πονηρᾶς

282 630 491 697 ὲκεένης
530 629 687 700 ῥίζης
732 629 895 683 πάλιν
938 628 1242 697 ὑπεφύοντο
1291 632 1503 700 πονηρά
1553 636 1646 685 καί⁸
1688 633 1852 687 ἀκαν-

284 722 422 790 θώδη
454 721 834 790 βλαστήματα,
879 720 972 774 καὶ
1003 721 1164 774 πάλιν
1194 720 1372 790 ὅρκων
1421 722 1727 791 ἀνατροπαὶ
1756 724 1851 775 καὶ

286 816 455 886 μάχαι
503 816 803 884 ιιιολεμικα1¹
847 813 942 866 τοῦ
988 813 1296 867 άποστάτου
1339 814 1581 884 Μιχαὴλ.
1636 814 1850 883 Πέμπει

283 907 571 976 τοιγαροῦν
587 907 729 960 κατά
746 905 910 975 τάχος
934 904 1023 960 ἐπ’
1042 907 1249 959 ἐκεῖνον
1273 907 1300 957 ό
1322 903 1577 974 βασιλεὺς
1597 905 1853 975 Καίσαρα

284 999 372 1052 τὸν
412 996 917 1068 Στρατηγόπουλον,
965 996 1089 1060 δοὺς
1130 995 1279 1066 αὐτῷ
1323 996 1418 1049 καὶ
1456 995 1715 1058 Βιθυνοὺς
1756 998 1852 1066 μὲν

284 1088 508 1151 ὁπλίτας
530 1088 725 1158 μικρὸν
743 1087 887 1157 ὑπὲρ
907 1088 1031 1150 τοὺς
1050 1086 1375 1141 όκτακοσίου
1388 1105 1429 1154 ς,
1448 1086 1574 1150 τοὺς
1600 1087 1642 1140 δ’
1660 1085 1853 1151 ἄλλους

284 1179 512 1240 ὁπόσους
539 1180 573 1247 ὴ
598 1177 754 1245 χρεία
778 1175 991 1246 ζητοίη,
1016 1177 1477 1247 στρατολογήσειν
1510 1177 1673 1232 αὑτὸν
1701 1178 1764 1231 ἔκ
1794 1194 1852 1231 τε

286 1270 504 1340 Θρᾴκης
528 1272 620 1322 καὶ
634 1269 1000 1332 Μακεδονίας.
1024 1269 1356 1337 Προστάττει
1372 1269 1418 1322 δ’
1440 1269 1589 1339 αὐτῷ
1605 1270 1696 1322 καὶ
1718 1269 1858 1338 πάρ·

287 1377 443 1430 εργον
474 1359 598 1413 ὁδοῦ
628 1358 959 1428 ποιήσασθαι
990 1359 1111 1429 μεθ’
1142 1352 1217 1413 ὧν
1256 1359 1585 1429 ἐπιφέρεται
1614 1359 1857 1413 Βιθυνῶν

286 1449 524 1502 ὁπλιτῶν
545 1449 645 1517 τὴν
673 1448 759 1501 διὰ
788 1450 898 1502 τῶν
917 1448 1012 1501 τοῦ
1041 1449 1338 1512 Βυζαντίου
1369 1450 1714 1519 προαστείων
1745 1452 1859 1505 διά-

289 1530 485 1607 ϐασιν,
506 1540 739 1611 θορύϐου
771 1541 916 1603 τινὸς
947 1542 1113 1596 ἕνεκα
1142 1542 1251 1595 τῶν
1290 1543 1348 1595 ἐν
1384 1541 1663 1612 Βυζαντίῳ
1696 1544 1860 1597 Λατί-

287 1652 390 1690 νων
420 1635 639 1689 καὶτοῦ
668 1635 743 1705 μὴ
772 1634 913 1689 πάνυ
940 1634 1222 1702 σχολάζειν
1267 1636 1468 1698 αὐτοὺς
1523 1636 1617 1689 καὶ
1659 1637 1861 1690 ἀναπε-

294 1728 575 1782 πτωκέναι
606 1729 1059 1798 συγκεχωρῆσθαι
1082 1728 1217 1782 κάπὶ
1243 1729 1493 1780 πλεῖστον
1519 1729 1627 1781 τῶν
1664 1729 1860 1798 τειχῶν

287 1815 608 1885 παρεξιέναι
630 1784 812 1870 ὑπό-διε,⁸
832 1784 1128 1886 βούλοιντο,
1172 1816 1286 1869 ἀλλ’
1315 1812 1453 1872 εἶναι
1480 1784 1862 1888 περιδεεῖςῆἁεὶ
1893 1784 1933 1839 Β

288 1908 375 1961 καὶ
405 1905 527 1961 οἷον
555 1910 615 1961 ἐν
640 1910 830 1978 εἱρκτῇ
867 1912 1334 1978 φρουρουμένους.
1424 1920 1435 1928 “

352 2000 431 2054 Β’.
473 2001 583 2053 Καὶ
610 2000 707 2069 μὲν
733 1999 799 2069 δὴ
823 1999 1364 2071 διαπεραιωσάμενος
1400 2002 1499 2074 τὴν
1527 2005 1865 2075 Προποντίδα

288 2092 316 2145 δ
350 2093 582 2162 Καῖσαρ
612 2090 1032 2160 στρατοπεδεύει
1068 2091 1197 2160 περὶ
1225 2092 1287 2145 τὸ
1324 2091 1545 2162 Ῥήγιον
1571 2110 1585 2124 ·
1618 2095 1747 2149 ενθα
1769 2113 1865 2149 πε-

290 2184 610 2253 ριτυγχάνει
637 2184 779 2236 τισὶν
809 2184 1089 2254 ἀγοραίοις
1118 2183 1344 2255 ἀνδράσι
1376 2185 1509 2256 (Gl),
1545 2186 1723 2254 λόγοις
1744 2204 1864 2258 ,με-

292 2276 482 2340 γάλοις
499 2275 595 2328 καὶ
610 2276 941 2346 ἀπορρήτοις
954 2278 1055 2347 τῆς
1066 2277 1245 2330 πάντα
1259 2276 1566 2347 διοικούσης
1586 2279 1861 2348 προνοίας,

294 2371 326 2439 ἢ
350 2368 554 2439 πλήθει
586 2369 685 2439 μὲν
707 2370 875 2425 ἵππου
901 2374 997 2423 καὶ
1025 2371 1284 2441 στρατιᾶς
1316 2372 1414 2440 οὐχ
1445 2371 1710 2442 ὑπηρετεῖ
1738 2373 1866 2426 πολ-

294 2459 477 2526 λάκις,
509 2461 735 2533 βραχείᾳ
754 2461 810 2514 δέ
826 2480 934 2515 τινι
955 2461 1181 2531 δυνάμει
1202 2463 1297 2516 καὶ
1319 2462 1521 2533 πολλὴν
1538 2465 1656 2525 ταῖς
1681 2464 1866 2519 ἐλπίσι

295 2551 511 2620 τρυφὴν
537 2553 793 2621 χορηγεῖν
832 2554 931 2605 οὐκ
957 2552 1155 2623 ἐχούσῃ
1182 2553 1495 2625 συναίρεται
1528 2555 1729 2623 μᾶλλον
1772 2556 1868 2609 καὶ

294 2645 455 2705 νίκας
482 2643 749 2712 μεγίστας
784 2646 1107 2715 παρέχεται.
1142 2645 1265 2699 Τῶν
1297 2647 1395 2716 μὲν
1420 2647 1529 2717 γὰρ
1553 2646 1655 2715 τὴν
1678 2648 1868 2702 ἐλπίδα

296 2733 610 2802 κιϐδηλεύει
636 2735 708 2788 τά
753 2735 893 2789 ὅπλα
932 2735 1191 2799 πολλάκις
1221 2739 1315 2790 καὶ
1344 2738 1377 2807 ἡ
1417 2737 1517 2807 τῆς
1543 2738 1709 2807 ἄλλης
1738 2736 1867 2804 ἴσως

297 2824 662 2896 παρασκευῆς
686 2824 941 2896 ἀφθονία,
968 2825 1158 2898 [Ρ.49]
1184 2830 1281 2881 καὶ
1303 2830 1404 2882 οὐκ
1432 2830 1497 2900 ἐᾷ
1525 2830 1723 2901 ῥᾳδίως
1755 2832 1868 2887 ἄνω

297 2916 568 2986 φέρεσθαι
620 2918 759 2986 πρὸς
784 2917 877 2991 τὸν
907 2918 1051 2988 ζωῆς
1081 2918 1177 2972 καὶ
1220 2919 1452 2975 θανάτου
1475 2920 1701 2992 Κύριον,
1733 2922 1870 2977 ἀλλὰ

297 3004 564 3074 κατασπᾷ
592 3006 689 3057 καὶ
715 3003 937 3073 βαρύνει
965 3006 1211 3077 καὶπερὶ
1239 3007 1338 3075 τὴν
1365 3010 1468 3078 γῆν
1496 3010 1572 3073 ὡς
1598 3010 1667 3063 τὰ
1699 3011 1868 3065 πολλά

1953 536 2134 603 quor),
2167 550 2288 589 cum
2327 535 2479 589 malm
2522 535 2665 588 illius
2691 534 2887 589 radicis
2912 534 3048 587 mala
3074 544 3131 588 et.
3159 536 3378 603 spinosa
3404 552 3524 607 ger-

1956 626 2101 677 mina
2138 625 2562 693 repullularunt,
2609 624 2826 680 violatis
2866 640 3080 678 rursum
3114 624 3429 686 fmderihus.
3459 634 3513 680 et

1956 716 2096 769 bello
2123 715 2405 770 Michaelis
2460 715 2802 770 rebellatoris
2848 716 3069 784 perﬁdia
3103 715 3385 771 suscitato.
3416 716 3527 770 lm-

1955 816 2174 875 perator
2205 807 2364 879 igitur
2392 807 2641 862 celeriter
2689 807 2950 862 adversus
2998 808 3148 860 illum
3204 809 3371 861 mittit
3411 808 3527 861 Cte-

1956 915 2132 954 sarem
2190 901 2648 972 Strategopulum,
2670 901 2923 971 Bithynis
2959 900 3034 955 illi
3098 900 3316 970 paulum
3361 916 3523 970 supra

1955 1006 2083 1045 nccc
2109 991 2255 1046 datis
2287 1009 2303 1047 :
2332 991 2571 1062 reliquos
2605 993 2806 1047 milites
2830 1031 2847 1056 ,
2874 1000 3138 1062 quotquot
3168 1007 3256 1047 res
3286 994 3529 1063 postula-

1960 1090 2064 1146 ret,
2101 1097 2133 1135 e
2183 1080 2411 1136 Thracia
2442 1092 2498 1137 et
2540 1081 2853 1137 Macedonia
2887 1097 3081 1152 cogere
3106 1082 3281 1153 jubet.
3309 1082 3527 1138 Mandat

1958 1174 2149 1236 etiam,
2174 1183 2235 1227 ut
2264 1188 2388 1228 eum
2418 1172 2668 1244 Bithynis
2707 1172 2978 1229 militibus
3007 1173 3186 1229 obiter
3215 1189 3313 1244 per
3340 1175 3530 1229 subur-

1958 1263 2044 1317 bia
2090 1262 2332 1333 Byzantii
2364 1264 2641 1330 transiret,
2695 1265 2761 1319 ad
2794 1264 3018 1320 Latinos
3066 1264 3159 1334 qui
3190 1265 3249 1319 in
3281 1265 3414 1319 urbe
3443 1279 3531 1319 es-

1957 1361 2080 1410 sent
2138 1354 2482 1425 aliquatenus
2534 1357 2960 1426 perturbandos,
2996 1372 3068 1411 ne
3095 1372 3318 1426 prorsus
3358 1358 3528 1412 otium

1959 1460 2119 1515 agere
2153 1456 2209 1501 et
2236 1446 2446 1502 resides
2476 1461 2602 1502 esse
2627 1448 2968 1513 sinerentur,
3011 1458 3106 1503 aut
3130 1448 3346 1519 longius
3377 1457 3530 1502 extra

1961 1534 2163 1589 moenia
2211 1534 2427 1603 quoties
2485 1535 2698 1591 libitum
2748 1544 2897 1591 esset
2923 1546 3308 1607 evagarentur;
3340 1538 3433 1592 sed
3474 1536 3529 1589 in

1962 1635 2229 1695 perpetuo
2274 1633 2424 1682 metu
2466 1640 2686 1693 essent,
2725 1637 2781 1682 et
2814 1638 3072 1692 tanquam
3116 1628 3170 1681 in
3200 1642 3422 1683 carcere
3453 1628 3534 1680 in-

1963 1719 2120 1774 clusi.

2038 1990 2105 2046 11.
2138 1990 2541 2061 ltaque~Czesar
2568 1989 2902 2060 Propontide
2929 1992 3179 2059 trajecta,
3229 1991 3539 2060 castrisque

1965 2085 2115 2140 circa
2145 2082 2414 2152 Rhegium
2446 2082 2637 2150 positis
2657 2122 2672 2146 .
2696 2083 2752 2136 in
2783 2081 3245 2135 circumforaneos
3264 2081 3464 2150 quosde
3479 2098 3528 2135 ιιι

1967 2170 2216 2227 homines
2257 2170 2446 2225 incidit
2469 2208 2484 2230 ,
2514 2181 2711 2237 magno
2758 2182 3066 2237 arcanoque
3104 2176 3302 2222 cuncta
3333 2168 3534 2238 guber-

1965 2263 2150 2318 nantis
2170 2260 2530 2318 Providentire
2559 2259 2791 2315 consilio
2816 2297 2831 2321 .
2862 2275 2985 2329 qua:
3017 2274 3162 2329 saepe
3195 2259 3530 2314 multitudini

1966 2370 2231 2426 equorum
2256 2364 2308 2409 et
2337 2353 2677 2409 exercituum
2703 2367 2812 2407 non
2842 2351 3158 2417 subservit;
3198 2351 3410 2420 exiguis
3434 2367 3533 2405 au.

1969 2456 2079 2503 tem
2133 2446 2365 2507 viribus,
2425 2458 2544 2514 qua:
2576 2457 2730 2513 spem
2782 2456 2890 2495 non
2940 2441 3233 2496 admodum
3277 2441 3533 2497 blandam

1968 2546 2306 2609 suggerunt,
2336 2536 2511 2607 magis
2548 2536 2702 2591 adest
2735 2534 3103 2602 maximasque
3134 2534 3389 2590 victorias
3426 2535 3536 2588 lar-

1962 2633 2134 2703 gitur.
2164 2630 2298 2684 Nam
2336 2627 2550 2681 illorum
2584 2624 2804 2695 quidem
2843 2639 2995 2694 spem
3025 2639 3175 2680 arma
3202 2639 3345 2694 saepe
3368 2633 3423 2680 et
3451 2638 3538 2678 re-

1966 2724 2098 2794 liqui
2127 2730 2423 2793 apparatus
2469 2718 2786 2791 magnitudo
2822 2717 3165 2780 adulteram,
3203 2715 3315 2786 85
3338 2723 3538 2769 σιτικ-

1969 2830 2089 2870 sum
2119 2815 2246 2869 ferri
2279 2829 2390 2868 non
2420 2812 2609 2867 sinunt
2639 2811 2703 2865 ad
2751 2810 2873 2865 vita
2896 2808 3157 2877 necisque
3202 2807 3493 2861 Dominum
3518 2848 3536 2869 ,

1968 2908 2063 2965 sed
2097 2907 2246 2978 gravi
2266 2905 2499 2975 quodam
2522 2902 2764 2974 pondere
2787 2902 3044 2957 deorsum
3068 2915 3312 2971 pressam
3334 2900 3535 2954 versari

1971 3000 2117 3056 humi
2172 2998 2491 3068 plerumque
2538 3002 2759 3065 cogunt.
2803 2993 3008 3049 Contra
3054 2993 3245 3047 horum
3282 2990 3535 3045 ﬁduciam

298 3094 673 3149 καλινδεῖσθαι
718 3094 991 3164 βιάζεταιο
1021 3096 1132 3150 τῶν
1162 3096 1219 3150 δὲ
1266 3098 1575 3153 τούναντίον
1607 3102 1637 3170 ἠ
1671 3102 1866 3165 σπάνις

1973 3090 2199 3162 penuria
2250 3103 2433 3143 rerum
2467 3085 2906 3142 necessariarum
2936 3084 3330 3155 expeditiorem
3382 3082 3535 3145 facit,

296 3186 409 3240 τῶν
428 3184 747 3253 ἀναγκαίων
766 3187 1129 3257 κουφοτέρους
1154 3192 1299 3242 ποιεῖ
1325 3191 1417 3243 κοιλ⁸
1435 3186 1547 3243 οἷον
1566 3192 1868 3263 αἱθεροδρο-

1973 3197 2039 3236 ac
2063 3179 2455 3251 propemodum
2484 3179 2549 3233 ad
2582 3178 3006 3246 percurrendum
3041 3177 3239 3232 malum
3268 3174 3496 3244 impellit
3520 3213 3536 3237 ,

304 3280 429 3348 μεῖν
454 3295 515 3331 τε
550 3276 848 3344 ἀναγκάζει
878 3279 972 3332 καὶ
994 3278 1321 3350 θερμότερον
1350 3282 1449 3351 τὴν
1474 3282 1678 3338 ἄνωθεν
1709 3286 1873 3338 ἐκκα-

298 3367 517 3421 λεῖσθαι
540 3368 741 3433 δεξιάν.
765 3369 845 3423 Δι’
867 3370 999 3424 αὐτό
1026 3387 1089 3437 γε
1122 3370 1228 3440 μὴν
1256 3371 1411 3426 τοῦτο
1437 3375 1532 3427 καὶ
1559 3374 1747 3430 πολλοὶ
1772 3392 1871 3447 με·-

302 3461 451 3526 γάλα
495 3460 819 3523 ἐλπίσαντες
866 3461 1177 3515 τούναντίον
1223 3463 1257 3531 ἦ
1311 3464 1453 3517 κατά
1500 3465 1597 3529 τὰς
1654 3466 1875 3533 ἐλπίδας

306 3552 653 3621 ἀπήλλαξαν.
694 3554 909 3623 Ἕτεροι
944 3553 1001 3607 δὲ
1027 3553 1096 3606 δι’
1117 3555 1353 3624 ἀπορίαν
1383 3556 1476 3610 καὶ
1499 3557 1707 3611 ἑαυτῶν
1736 3560 1875 3613 ἀπο-

303 3644 531 3710 γνόντες
564 3645 840 3713 τροπαίων
870 3644 1138 3713 μεγίστων
1166 3646 1446 3716 ἐπέτυχον.
1487 3647 1618 3701 Ἰδοὺ
1642 3649 1749 3720 γὰρ
1774 3652 1874 3705 κάν

306 3733 383 3802 τῷ
440 3733 668 3803 παρόντι
713 3732 949 3801 βασιλεῖς
982 3734 1089 3788 τῶν
1117 3734 1286 3803 τριῶν
1317 3736 1418 3788 οὐκ
1453 3735 1711 3800 ἐλάττους
1751 3740 1878 3793 πολ-

306 3823 433 3884 λαῖς
486 3825 748 3887 πολλάκις
803 3825 1009 3893 χιλιάσι
1061 3824 1294 3896 στρατοῦ
1346 3827 1746 3895 προσϐαλόντες
1804 3833 1872 3902 τῇ

306 3916 721 3969 Κωνσταντίνου
750 3916 1022 3981 ἄπρακτοι
1049 3918 1341 3987 ἐπανῆκον,
1374 3918 1496 3972 οὐδὲ
1524 3922 1638 3983 τοῖς
1674 3921 1875 3992 τείχεσι

307 4006 571 4076 καθαρῶς
608 4006 924 4076 δυνηθέντες
958 4008 1199 4076 ἐγγίσαι.
1248 4009 1410 4062 Ἀλλὰ
1441 4008 1643 4082 ταύτην
1673 4011 1702 4063 ὁ
1738 4014 1878 4066 Καῖ-

308 4114 419 4167 σαρ
446 4093 590 4150 εἷλεν
617 4097 985 4168 αἰχμάλωτον,
1019 4096 1142 4168 μηδ’
1173 4098 1300 4168 ἄχρι
1331 4098 1565 4168 χιλιάδος
1600 4101 1727 4170 μιᾶς
1763 4101 1877 4172 (62)

307 4189 655 4259 ἐπαγόμενος
683 4190 1020 4260 στράτευμα,
1050 4188 1185 4259 μηδὲ
1206 4190 1403 4260 τειχῶν
1424 4190 1761 4260 ἀμυντήριον
1789 4191 1880 4261 δρ-

309 4295 478 4346 γανον
501 4279 671 4352 οὐδὲν.
704 4278 837 4349 μηδὲ
862 4278 1266 4349 μηχανημάτων
1286 4279 1441 4350 ὄχλον
1458 4279 1719 4346 ὁντινοῦν,
1743 4282 1878 4336 ἀλλά

288 4372 451 4443 ιμόνῃ
484 4375 553 4442 τῇ
586 4372 709 4443 θείᾳ
748 4372 1038 4444 ἐπικουρίᾳ
1064 4373 1125 4427 τὸ
1167 4374 1274 4427 πᾶν
1300 4375 1628 4445 ἀναρτήσας.
1661 4371 1786 4429 Είλε
1823 4376 1879 4430 δὲ

313 4461 513 4525 οὕτως.

382 4553 461 4607 1".
512 4553 665 4606 Ἐπεὶ
684 4553 793 4624 γάρ
814 4554 925 4617 τοῖς
955 4552 1210 4622 ἀνδράσιν
1242 4555 1470 4618 ἐκείνοις
1498 4556 1525 4608 ό
1560 4556 1767 4627 Καῖσαρ
1791 4559 1880 4613 ἐν·

318 4644 498 4716 ἔτυχε,
545 4643 834 4713 Ῥωμαίοις
884 4641 984 4713 μὲν
1030 4639 1147 4696 οὖσι
1191 4644 1251 4695 τὸ
1291 4646 1471 4711 γένος,
1508 4647 1796 4717 αὐτόχθοσι
1822 4648 1879 4703 δὲ

1973 3282 2027 3327 et
2058 3272 2126 3327 ad
2156 3285 2445 3340 supernam
2496 3269 2771 3324 dexteram
2819 3267 2961 3323 votis
2987 3266 3386 3323 ardeotioribus
3413 3279 3541 3320 evo-

1975 3362 2224 3419 candam.
2252 3359 2390 3414 llinc
2421 3368 2504 3414 est
2542 3357 2685 3427 quod
2728 3356 2880 3410 multi
2921 3371 3117 3425 magna
3146 3370 3243 3424 spe
3273 3363 3539 3424 concepta

1974 3453 2308 3511 contrarium
2362 3466 2427 3505 ac
2456 3457 2814 3519 speraverant
2843 3447 3206 3516 experiuntur
3237 3462 3251 3499 :
3291 3445 3382 3498 alii
3408 3458 3540 3500 vero

1972 3563 2039 3602 ex
2066 3546 2293 3600 summis
2314 3542 2599 3614 angustiis,
2624 3556 2748 3595 cum
2770 3538 2838 3594 de
2863 3554 2923 3593 se
2955 3537 3087 3607 ipsis
3111 3537 3497 3606 desperassent
3523 3575 3538 3601 ,

1975 3638 2239 3693 maximos
2263 3633 2570 3704 triumphos
2600 3640 2730 3687 sunt
2748 3629 2952 3700 adepti.
2982 3628 3121 3684 Ecce
3149 3628 3294 3683 enim
3331 3627 3384 3681 in
3405 3640 3542 3695 pra)-

1976 3727 2120 3785 senti
2161 3725 2382 3796 negotio
2436 3739 2545 3779 non
2591 3723 2775 3778 minus
2808 3737 2970 3791 quam
3020 3728 3133 3776 tres
3181 3721 3542 3789 imperatores

1977 3831 2102 3871 cum
2136 3814 2320 3869 multis
2339 3827 2480 3881 saepe
2511 3811 2790 3866 hominum
2817 3808 3057 3863 millibus
3081 3805 3545 3873 Constantinopo—

1979 3908 2073 3961 lim
2115 3904 2354 3976 aggressi
2402 3918 2461 3958 re
2515 3900 2712 3955 infecta
2746 3900 3142 3960 discesserunt.
3181 3912 3307 3953 cum
3340 3910 3442 3950 nec
3475 3895 3542 3949 ad

1979 4000 2094 4067 ipsa
2151 3996 2354 4052 moenia
2410 3993 2636 4064 propius
2666 3991 2926 4046 accedere
2966 3990 3231 4045 licuisset.
3263 3988 3334 4042 At
3361 3986 3544 4051 Caesar

1978 4090 2225 4147 eamdem
2286 4087 2453 4156 cepit,
2486 4100 2608 4139 cum
2664 4099 2734 4137 ne
2788 4081 2937 4136 mille
2988 4080 3210 4150 quidem
3257 4078 3543 4133 hominum

1979 4181 2278 4237 exercitum
2309 4179 2739 4240 adduceret,nec
2765 4175 2931 4229 ullum
2959 4181 3288 4227 tormentum
3311 4171 3542 4233 morale.

1980 4286 2082 4329 nec
2136 4269 2505 4325 machinarum
2538 4267 2748 4336 copiam
2792 4273 3035 4335 paratam
3073 4262 3321 4324 haberet.
3361 4262 3457 4316 sed
3478 4260 3547 4315 ad

1982 4362 2151 4417 solam
2170 4360 2408 4415 divinam
2441 4372 2600 4428 opem
2626 4357 2805 4411 omnia
2835 4354 3130 4411 retulisset.
3175 4352 3334 4421 Cepit
3361 4360 3547 4408 autem

1915 4456 1957 4510 D
1987 4453 2089 4507 hoc
2128 4453 2308 4506 modo.

2059 4542 2144 4596 lll.
2171 4542 2304 4597 Cum
2337 4544 2390 4597 in
2427 4540 2547 4595 illos
2582 4540 2729 4593 viros
2760 4537 3064 4598 incidisset.
3105 4550 3304 4605 genere
3345 4536 3552 4590 Roma—

1988 4651 2110 4701 nos,
2137 4630 2610 4700 Constantinopoli
2641 4645 2768 4685 vero
2819 4637 2995 4690 natos,
3031 4628 3118 4696 qui
3171 4630 3240 4679 ob
3277 4639 3388 4679 rem
3437 4624 3552 4679 fru-

316 4739 958 4802 Κωνσταντινουπόλεως,
1006 4738 1147 4791 κατά
1199 4737 1255 4790 δὲ
1303 4739 1492 4807 χρείαν
1536 4716 1740 4804 ἅλωνος
1788 4742 1868 4794 καί

1987 4728 2307 4784 mentariam
2349 4730 2405 4781 et
2445 4723 2868 4794 colligendorum
2914 4720 3192 4775 fructuum
3221 4731 3386 4774 causa
3418 4716 3552 4772 l‘oris

318 4830 549 4900 καρπῶν
569 4827 831 4897 συλλογῆς
848 4827 952 4893 ἔξω
972 4826 1343 4896 διαιτωμένοις
1356 4829 1454 4896 τῆς
1473 4829 1697 4908 πόλεως,
1721 4830 1868 4900 ἧρετι

1987 4828 2232 4892 agerent,
2270 4818 2480 4890 rogavit
2505 4831 2623 4879 eos,
2652 4814 2842 4883 quales
2871 4821 2926 4868 et
2959 4821 3177 4882 quantae
3199 4819 3384 4866 essent
3406 4809 3555 4863 Lati-

322 4922 453 4994 περί
484 4939 541 4975 τε
567 4921 664 4991 τῆς
690 4920 797 4973 τῶν
827 4919 1072 4974 Λατίνων
1101 4917 1380 4987 δυνάμεως
1414 4919 1511 4986 ὅση
1546 4919 1639 4971 καὶ
1654 4901 1765 4983 οἵα,
1794 4919 1868 4973 κα¹

1990 4926 2181 4967 norum
2210 4911 2376 4973 vires,
2412 4919 2467 4964 ct
2498 4907 2601 4962 alia
2628 4920 2746 4977 quae
2782 4921 2880 4975 par
2913 4913 3031 4959 erat
3062 4902 3332 4957 curiosius
3368 4901 3554 4956 scisci-

328 5013 457 5078 περὶ
486 5011 624 5063 ὅσων
650 5009 825 5064 ἀλλων
848 5009 991 5069 είκδς
1012 5002 1079 5076 ἦν
1097 5005 1558 5074 περιεργάζεσθαι
1582 5006 1868 5078 στρατηγδε

1992 5003 2091 5060 tari
2120 5002 2458 5055 exercituum
2501 4999 2715 5062 ducem,
2748 4997 2939 5050 harum
2976 5009 3156 5049 rerum
3204 5008 3304 5049 usu
3354 4993 3559 5048 instru-

324 5102 491 5170 ἀνδρα
536 5100 633 5154 καλ⁸
664 5099 873 5153 πολλῶν
906 5098 1250 5167 ὀλυμπιάδων
1282 5098 1539 5152 τοιούτων
1571 5100 1785 5168 μεστόν.
1827 5101 1867 5153 0

1993 5093 2322 5151 ctissimum.
2360 5091 2422 5143 lli
2461 5105 2586 5145 vero
2633 5104 2757 5144 cum
2796 5087 3112 5142 Latinorum
3166 5085 3350 5157 iugum
3397 5085 3556 5153 longo

1686 5236 2010 5300 Variorum
2052 5242 2242 5295 notae.

406 5374 516 5444 (61)
552 5373 655 5439 Qui
716 5389 774 5429 se
817 5373 1268 5444 Θεληματαρίους
1322 5369 1699 5444 appellabant,_
1742 5384 1868 5439 qum

1997 5368 2451 5444 λαδςᾼάκέφαλος,
2480 5366 2574 5437 ὅλη
2611 5366 3009 5444 θεληματάρος.
3044 5361 3285 5444 Β.υ(ΞΑΝῧ-.

332 5424 447 5497 nee
464 5424 689 5498 Francis
714 5424 815 5497 nec
828 5424 1039 5497 orgia;
1060 5424 1284 5496 utimini)
1304 5424 1579 5510 parerent.
1611 5424 1702 5492 sed
1733 5424 1890 5509 g'ente
2071 5424 2182 5510 (θὲ)
2221 5424 2574 5510 octingentos
2597 5424 2860 5510 duntaxat
2886 5424 3048 5510 fuisse
3079 5430 3213 5510 intra
3235 5428 3333 5510 ait.
3353 5424 3559 5510 Phran-

334 5511 505 5566 Graeci
544 5531 609 5567 ac
636 5511 1103 5582 Constantinopoli
1134 5512 1267 5582 nati,
1308 5503 1443 5582 ἐιη-1
1475 5503 1760 5582 degentes'
1788 5524 1887 5582 sua
1998 5503 2099 5582 zcs‘»
2131 5508 2224 5561 lib.
2257 5524 2303 5582 I_,_
2327 5503 2458 5582 cap._
2480 5507 2536 5582 4,
2560 5506 2774 5582 equites
2807 5503 3028 5582 circiter
3056 5503 3405 5582 octingentos
3429 5509 3558 5582 gum

335 5565 833 5650 coleretrtpr—aédia:
847 5565 920 5636 uti
953 5565 1130 5635 in'nuit
1156 5565 1614 5650 idemGregoras:
1641 5577 1886 5650 sicgcnim
1996 5580 2156 5650 globo
2178 5565 3397 5650 peditutiLhahuisseStrategopulumferibit.
3429 5565 3571 5621 Vide

341 5636 731 5720 appellantura
773 5636 1111 5720 l'achymcro
1132 5652 1222 5704 lib.
1279 5665 1340 5711 ιι,
1383 5636 1623 5720 οιῖρ.ῌ14,
1684 5646 1886 5720 ιοιιγ.
1997 5636 2139 5703 Hist.
2167 5636 2652 5717 Franco-Bgzant.,
2684 5644 2778 5698 lib.
2807 5659 2859 5706 ν,
2889 5636 3010 5710 cap.
3047 5639 3136 5693 24.
3172 5636 3404 5692 Ducum.

339 5717 655 5793 Anonymns
676 5735 777 5775 ms.
806 5721 876 5775 De
897 5717 1041 5775 hellis
1070 5719 1397 5774 Francorum
1421 5719 1473 5771 in
1489 5718 1700 5769 Mores:
1725 5717 1887 5779 Ἔνας
