4010 6208
515 231 616 295 367
801 229 878 303 [Α.
920 245 978 284 ιι.
1020 227 1153 283 οτνι
1203 242 1271 282 ιιι
1311 226 1476 296 68561

1735 229 2157 292 NICEPIIORI
2199 227 2588 292 GREGORE

2841 224 2976 297 [ιιιρ.
3021 240 3308 283 Ακυιιοιιιο.
3351 225 3494 298 seu.)
3667 232 3756 294 368

585 342 651 399 ll.
697 343 813 410 Qua
839 345 905 399 de
929 359 1091 400 causa
1139 353 1405 413 sequente
1427 353 1615 400 astate
1645 359 1770 400 cum
1797 345 2100 402 octodecim

2274 347 2352 399 B'.
2407 343 2545 398 Δι’ἃ.
2573 341 2638 414 δὴ
2674 343 2766 396 καὶ
2815 345 2873 408 ἐς
2925 343 3152 400 τούπιὸν
3194 345 3351 415 θέρος
3402 345 3758 431 ὀκτωκαίδεκα

513 437 736 491 armatis
799 436 1114 490 triremibus
1161 433 1354 490 Veneti
1415 434 1783 500 advenerunt,
1837 435 2100 491 damnum

2215 439 2451 510 τριήρεις
2479 435 2639 498 αὖθις
2669 435 2994 499 ὁπλίσαντες
3017 437 3064 490 οί
3087 437 3365 492 Βενετικοὶ
3393 432 3530 508 ἧκον
3561 438 3657 506 τὴν
3681 459 3760 509 γε-

511 530 700 584 datum
750 528 969 598 pensari
1010 528 1077 583 ab
1132 527 1464 599 imperatore
1515 527 1878 598 postulantes.
1909 528 2102 597 Neque

511 623 660 678 enim
705 623 834 678 illul
870 622 1125 677 amicitia
1167 623 1256 694 jus
1286 636 1427 691 esse,
1459 635 1518 677 ut
1553 637 1804 693 magnam
1841 621 2098 692 injuriam

513 715 792 768 moderate
841 713 938 768 ulti
982 714 1200 768 tandem
1229 723 1473 768 extremo
1503 711 1771 784 supplicio
1820 711 2104 767 alﬁceren-

513 817 624 863 tur.
661 808 935 862 ltomanos
964 806 1178 876 priores
1210 805 1422 876 rupisse
1455 804 1637 860 foedus
1672 823 1685 860 :
1715 805 1856 874 quod
1902 804 1955 859 in
1984 804 2102 874 ipso

514 901 639 956 belli
674 901 989 955 discrimine
1035 898 1274 953 hostium
1323 899 1609 962 uxoribus,
1668 898 1878 964 liberis,
1935 911 2098 967 pecu-

511 991 620 1045 niis
651 1001 823 1045 tutum
859 989 1064 1061 asylum
1098 988 1463 1059 aperuissent.
1513 987 1620 1044 Sed
1651 1004 1776 1044 curn
1804 989 2104 1060 imperator

514 1082 934 1153 postulationem
987 1081 1136 1136 illam
1187 1095 1399 1150 aquam
1454 1096 1577 1137 esse
1622 1091 1869 1152 negaret,
1921 1095 2103 1151 neque

512 1174 676 1229 etiam
717 1189 816 1242 pro
860 1173 1143 1242 majestate
1186 1171 1536 1242 imperatoria
1572 1172 1942 1243 impudentem
1976 1172 2103 1226 illo-

515 1282 634 1320 rum
681 1267 964 1321 audaciam
1025 1266 1292 1338 castigare
1339 1267 1590 1334 auderet,
1644 1266 1789 1337 quod
1850 1267 2105 1322 triremes

513 1374 651 1428 quas
677 1368 976 1427 Opponeret
1005 1372 1112 1410 non
1152 1357 1388 1412 habebat
1437 1357 1586 1428 (nam
1634 1372 1772 1426 quas
1809 1356 2102 1424 habuerat,

513 1469 593 1507 eae
623 1461 683 1506 ut
706 1451 946 1529 diximus
975 1449 1317 1520 perierant);
1343 1463 1410 1504 eo
1432 1448 1784 1504 conﬁdentiae
1813 1451 2103 1512 venerunt,

513 1561 638 1600 cum
662 1543 909 1598 inﬁrmas
948 1541 1322 1596 Romanorum
1357 1543 1503 1595 vires
1530 1540 1758 1595 omnino
1786 1549 2106 1595 contemne-

515 1647 658 1700 rent,
696 1646 755 1690 ut
786 1636 839 1690 id
870 1634 1108 1689 dedecus
1139 1633 1388 1688 Romano
1421 1632 1652 1702 imperio
1700 1632 2103 1701 itnpresserint,

2202 534 2436 602 νομὲνην
2485 529 2690 600 ζημίαν
2743 529 3108 592 ἀπαιτοῦντες
3156 531 3313 599 παρά
3357 530 3451 582 τοῦ
3489 529 3762 600 βασιλέως.

2201 623 2356 693 Μηδὲν
2382 622 2492 693 γὰρ
2523 617 2663 674 εἷναί
2695 639 2832 691 φασι
2864 624 2999 691 πρὸς
3028 623 3128 692 τῆς
3170 626 3566 693 νενομισμένης
3601 625 3767 693 φιλίας

2201 692 2288 786 τῷ
2309 692 2748 785 προπεπονθὼαι
2775 715 2988 784 μεγάλα
3010 692 3388 785 ἀμυνομένους
3401 692 3767 786 μέτριαγτέλνις

2203 808 2298 860 καὶ
2327 806 2425 877 τὴν
2469 806 2704 877 ἐσχάτην
2755 805 3060 876 ὑποστῆναι
3113 806 3351 876 ζημίαν·
3403 809 3768 880 προκατάρξαι

2203 900 2317 968 γάρ
2347 900 2444 969 τῆς
2476 881 2982 970 παρασπονδήσεως
3023 898 3356 970 Ῥωμαίους,
3388 903 3509 964 ταῖς
3543 902 3650 955 τῶν
3686 905 3771 956 ἀν-

2203 993 2445 1046 τιπάλων
2485 992 2704 1059 γυναιξὶ
2748 991 2844 1045 καὶ
2873 991 3030 1045 παισὶ
3069 993 3208 1061 μετά
3252 981 3363 1045 τῶν
3397 995 3694 1063 χρημάτων
3721 997 3771 1047 ἐν

2205 1082 2270 1150 τῇ
2302 1080 2404 1148 τῆς
2434 1080 2616 1151 μάχης
2641 1081 2793 1153 ἀκμῇ
2829 1082 3011 1134 πᾶσαν
3041 1087 3136 1136 καὶ
3185 1083 3444 1136 παντοίαν
3493 1100 3773 1154 περιποιη-

2209 1171 2480 1242 σαμένους
2529 1173 2854 1240 ἀσφάλειαν.
2907 1172 3014 1226 Τοῦ
3045 1173 3102 1226 δὲ
3136 1175 3402 1244 βασιλέως
3437 1179 3575 1248 μήτε
3625 1177 3776 1248 λόγον

2207 1264 2429 1332 εὔλογον
2460 1265 2605 1334 ἔχειν
2645 1263 2743 1336 τὴν
2791 1265 3088 1337 ἀπαίτησιν
3137 1267 3594 1340 ἀποκρινομένου,
3651 1272 3778 1340 μήτε

2205 1357 2588 1426 ἁρμόττουσαν
2613 1356 2751 1428 τύχῃ
2777 1357 3032 1429 βασιλικῇ
3056 1359 3154 1430 τὴν
3176 1359 3497 1431 ἐπιτίμησιν
3527 1363 3671 1415 κατὰ
3690 1363 3778 1430 τῆς

2207 1447 2387 1502 αὐτῶν
2426 1448 2676 1512 ἀναιδοῦς
2733 1452 3049 1518 ἐπενεγκεῖν
3101 1451 3317 1521 ἔχοντος
3351 1453 3556 1522 τόλμης
3603 1453 3683 1522 τῷ
3715 1454 3783 1523 μὴ

2207 1540 2510 1611 κεκτῆσθαι
2538 1543 2794 1613 τριήρεις
2837 1544 3407 1614 ἀντιστρατευομένας
3441 1545 3784 1617 (προαπολὼ⁹

2208 1634 2371 1686 λεσαν
2399 1635 2534 1702 γὰρ,
2561 1633 2634 1698 ὡς
2666 1634 3034 1705 είρὴκειμεν),
3057 1635 3117 1698 ἐς
3145 1635 3398 1690 τοσοῦτον
3422 1635 3785 1708 ἐξηνέχθησαν

513 1729 658 1798 quod
690 1743 777 1781 me
809 1728 890 1782 vel
927 1725 1134 1781 referre
1163 1727 1387 1793 pudeat.
1416 1724 1552 1777 Nam
1578 1737 1702 1778 cum
1732 1723 1897 1778 alicui
1933 1723 2106 1777 invito

2215 1692 2450 1795 θράσους
2572 1692 2732 1794 μάλα,
2744 1692 2810 1778 πε
2821 1692 3226 1794 ριςρρονείνντῶν
3250 1692 3538 1796 Ῥωμαίων
3553 1692 3619 1780 si;
3639 1692 3790 1784 ἀναν-

513 1827 569 1874 ει
614 1829 807 1873 coacto
855 1816 1122 1872 malorum
1183 1831 1363 1871 causae
1415 1816 1711 1882 exsistunt,
1753 1814 1938 1870 dolere
1990 1815 2111 1884 qui-

515 1910 640 1967 dem
677 1909 758 1964 fas
789 1918 890 1973 est,
931 1908 1026 1964 sed
1059 1907 1362 1971 moderate,
1387 1907 1648 1977 quoniam
1673 1906 1786 1961 illic
1814 1905 2108 1961 conscien-

517 2003 593 2057 tia
623 2003 773 2056 nullo
806 1997 1144 2071 panitentia
1188 1997 1418 2052 verbere
1446 1995 1772 2067 ﬂagellatur,
1819 1997 1918 2052 sed
1971 1996 2112 2051 divi-

515 2110 647 2151 num
696 2092 829 2148 illud
868 2090 1140 2162 judicium
1185 2089 1380 2153 credit,
1435 2091 1593 2160 cujus
1633 2087 1842 2144 idcirco
1869 2089 2111 2146 rationes

516 2188 746 2245 occulta
773 2195 830 2242 et
856 2199 1073 2240 arcana
1116 2185 1250 2238 sint.
1284 2179 1385 2237 Hic
1419 2192 1602 2236 autem
1633 2180 1869 2237 Romani
1920 2181 1989 2236 de
2029 2180 2112 2236 in-

517 2279 731 2337 dustria
762 2289 818 2332 et
845 2278 970 2331 data
1006 2272 1411 2345 quodammodo
1462 2285 1631 2340 opera
1678 2270 1825 2326 ultro
1872 2270 2111 2340 dignita-

521 2383 630 2430 tem
665 2369 830 2442 209
858 2370 1074 2439 imperii
1101 2367 1243 2421 infra
1273 2364 1528 2420 servilem
1542 2356 1924 2418 conditionem
1957 2363 2112 2434 alaje-

519 2475 736 2530 cei-unt,
774 2461 1092 2517 triremibus
1122 2475 1153 2515 e
1185 2459 1319 2514 mari
1371 2457 1602 2513 sublatis
1635 2458 1706 2512 ob
1745 2472 1899 2527 spem
1935 2457 2111 2522 lucri;

519 2566 664 2632 quod
693 2573 818 2614 cum
851 2555 1206 2627 perexiguum
1239 2552 1461 2617 fuisset,
1494 2552 1754 2606 diuturna
1780 2562 1836 2606 et
1875 2553 2112 2607 maxima

520 2655 852 2710 detrimenta
903 2646 1140 2720 peperit,
1188 2660 1316 2699 cum
1364 2643 1663 2714 ignominia
1695 2643 1869 2698 multo
1905 2643 2113 2714 majore

521 2751 837 2819 ccnjuncta.
888 2744 1080 2814 Neque
1121 2741 1270 2797 enim
1315 2740 1402 2796 vel
1452 2739 1660 2794 Latinis
1707 2739 1984 2794 Romanos
2036 2739 2113 2792 ita

521 2844 782 2897 audacter
815 2838 1120 2908 despicere,
1166 2833 1254 2889 vel
1301 2830 1501 2887 Turcis
1547 2846 1771 2886 arenam
1812 2831 1982 2884 maris
2031 2830 2116 2884 in-

524 2936 663 2993 tueri
694 2931 991 3003 aliquando
1017 2927 1292 2992 licuisset,
1321 2925 1369 2980 si
1403 2923 1648 2979 Romana
1676 2923 1868 2978 classis
1895 2933 1956 2978 ιιι
1981 2923 2111 2977 olim

527 3045 677 3087 mare
711 3029 980 3081 tenuisset
1005 3039 1018 3076 :
1047 3035 1228 3090 neque
1256 3033 1496 3088 unquam
1547 3017 1603 3072 in
1631 3016 1683 3071 id
1705 3016 2000 3071 discrimen
2026 3030 2114 3071 res

526 3124 777 3179 adducta
811 3121 1067 3180 luissent,
1103 3123 1162 3167 ιιι
1195 3111 1458 3166 Romanis
1481 3125 1591 3164 non
1628 3118 1842 3164 tantum
1869 3109 2115 3163 ﬁnitima

523 3225 736 3287 gentes.
771 3211 868 3266 sed
900 3211 1063 3263 etiam
1087 3204 1484 3270 remotissima,
1537 3203 1711 3258 instar
1743 3203 1988 3257 Tantalei
2021 3219 2118 3256 cu-

521 3306 738 3378 jusdam
771 3302 885 3356 saxi
919 3304 1120 3368 exiguo
1151 3297 1242 3350 ﬁlo
1274 3310 1439 3364 supra
1474 3305 1639 3364 caput
1683 3294 1963 3363 suspensi,
2009 3294 2118 3348 for-

529 3395 798 3453 midanda
837 3401 1045 3456 essent,
1082 3399 1138 3444 et
1183 3389 1445 3443 omnibus
1494 3401 1675 3439 annua
1731 3387 1932 3439 tributa
1984 3401 2118 3456 pett-

527 3490 660 3545 dere
695 3494 1046 3555 cogerentur,
1097 3478 1559 3550 quemadmodum
1591 3475 1870 3548 Lysandro
1902 3488 1958 3532 et
1990 3478 2119 3532 Der-

525 3581 737 3654 cyllida
770 3589 827 3634 et
856 3574 1146 3632 Laconicis
1176 3565 1472 3642 praefectis,
1501 3584 1641 3640 quos
1675 3569 1990 3625 Harmostas
2029 3586 2120 3624 vo-

527 3685 675 3738 cant,
708 3671 838 3726 olim
869 3667 1234 3723 Athenienses
1264 3673 1321 3719 et
1347 3662 1522 3719 Baeti
1552 3662 1704 3719 clade
1735 3674 1956 3734 accepta
1989 3679 2118 3734 pcr-

528 3766 833 3820 solverunt.

2208 1816 2334 1887 δρον
2354 1816 2450 1870 καὶ
2474 1816 2558 1888 [Ρ.
2581 1816 2704 1890 129]
2724 1817 2993 1889 τοσαύτην
3022 1819 3399 1891 προὺξένησαν
3415 1822 3481 1889 τῇ
3505 1820 3792 1890 Ῥωμαίων

2207 1907 2478 1979 ἡγεμονίᾳ
2501 1907 2599 1977 τὴν
2635 1907 2921 1979 αἰσχύνην,
2955 1910 3013 1971 ἐς
3040 1909 3165 1962 ὅσον
3197 1911 3558 1981 αἰσχυνοίμην
3594 1911 3670 1966 ἂν
3703 1915 3793 1965 αύ-

2208 2002 2297 2065 τδς
2327 2001 2730 2072 ἀφηγούμενος.
2774 1999 2950 2055 Ὅπου
2997 2004 3106 2074 γὰρ
3151 2007 3663 2077 κατηναγκασμένα
3688 2007 3794 2060 τῶν

2211 2093 2584 2162 ἀτυχημάτων
2624 2091 2902 2148 ἐπεισιτά
2935 2093 3108 2161 αἴτια,
3141 2093 3341 2159 λύπαις
3371 2097 3470 2167 μὲν
3502 2097 3595 2152 καὶ
3625 2098 3798 2163 οὕτως

2210 2181 2391 2248 ἔξεστι
2413 2184 2513 2256 τὴν
2529 2183 2711 2254 ψυχὴν
2735 2185 3104 2256 κατατρύχειν
3124 2201 3138 2216 '
3171 2189 3424 2260 μετρίαις
3446 2185 3598 2244 δὀῦν
3627 2193 3798 2262 ὅμως.

2220 2276 2337 2328 ἐκεῖ
2367 2273 2463 2327 τοῦ
2496 2274 2796 2338 συνειδότος
2831 2275 3024 2329 οὐδένα
3057 2279 3466 2351 μαστιγοφόρον
3492 2283 3807 2354 μετάμελον

2215 2369 2452 2438 ἔχοντος,
2501 2367 2638 2421 ἀλλὰ
2695 2367 2849 2422 θείαν
2885 2369 3008 2423 τινὰ
3061 2371 3243 2440 κρίσιν
3294 2371 3648 2445 ἀπορρήτους
3681 2375 3806 2436 τοὺς

2213 2460 2404 2528 λόγους
2437 2458 2792 2530 κρύπτουσαν
2821 2461 3134 2530 ἡγουμένου
3161 2462 3222 2514 τὸ
3248 2465 3504 2533 πρᾶγμα.
3537 2465 3808 2518 Ἐνταῦθα

2214 2551 2260 2605 δ’
2289 2551 2610 2621 ἐξεπίτηδες
2639 2553 2735 2606 καὶ
2755 2548 2868 2606 οἷον
2899 2555 3076 2608 εἰπεῖν
3110 2554 3248 2625 μετὰ
3272 2555 3471 2628 τέχνης
3494 2558 3575 2621 είς
3602 2560 3806 2628 ἀνδραο

2215 2646 2395 2699 πόξων
2456 2647 2654 2718 μοῖραν
2704 2647 2927 2710 ἑκόντες
2987 2647 3220 2720 ἔρριψαν
3266 2638 3527 2720 Ῥωμαῖοι
3574 2651 3642 2704 τὸ
3709 2653 3808 2720 τῆς

2225 2737 2519 2809 Ῥωμαίων
2548 2739 2853 2810 ἡγεμονίας
2890 2739 3132 2812 ἀξίωμα,
3166 2743 3266 2804 τὰς
3303 2742 3509 2804 οἰκείας
3548 2745 3808 2816 τριήρεις

2215 2833 2314 2900 τῆς
2345 2833 2617 2905 θαλάττης
2649 2833 3040 2906 γυμνώσαντες
3087 2836 3301 2901 ἐλπίδος
3353 2837 3515 2890 ἕνεκα
3547 2839 3807 2910 κέρδους,

2215 2925 2244 2978 ὃ
2287 2925 2430 2997 μάλα
2463 2926 2805 2998 βραχύτατον
2835 2927 2895 2982 δν
2931 2929 3082 2997 μάλα
3113 2931 3331 3000 μακράν
3360 2947 3414 2983 τε
3443 2931 3538 2984 καὶ
3569 2931 3813 2985 πολ-στά-

2137 3045 2184 3108 C
2215 3018 2408 3073 λαντον
2454 3020 2774 3091 ἐγεώργησε
2803 3021 2904 3093 τὴν
2957 3021 3164 3092 ζημίαν
3214 3022 3309 3076 καὶ
3353 3021 3562 3093 ταύτην
3617 3023 3812 3092 πολλῷ

2224 3111 2568 3187 μακρότερον
2597 3112 2828 3183 ἔχουσαν
2858 3113 2920 3167 τὺ
2941 3114 3038 3185 τῆς
3059 3113 3321 3186 αίσχύνης
3354 3114 3640 3185 ἔγκλημα.
3669 3116 3816 3170 Οὐδὲ

2221 3205 2330 3274 γάρ
2365 3200 2432 3276 ἡν
2465 3205 2532 3258 ἂν
2559 3203 2686 3259 οὔτε
2713 3205 2980 3269 Λατίνους
3001 3205 3144 3260 οὕτω
3173 3207 3316 3261 κατά
3351 3205 3644 3278 Ῥωμαίων
3673 3208 3815 3279 θρα-

2223 3299 2500 3366 σύνεσθαι,
2541 3296 2666 3351 οὔτε
2695 3298 2927 3369 ψάμμον
2959 3298 3236 3371 θαλάσσης
3267 3301 3572 3355 θεάσασθαι
3625 3302 3820 3371 Τούρ-

2221 3407 2348 3453 κους
2378 3390 2529 3455 ποτὲ,
2567 3391 2667 3462 τῆς
2716 3393 2981 3463 ναυτικῆς
3015 3392 3122 3446 τῶν
3175 3391 3462 3465 Ῥωμαίων
3515 3394 3818 3465 δυνάμεως

2219 3481 2772 3554 θαλαττοκρατούσης
2839 3484 2916 3549 ὡς
2981 3485 3282 3554 πρότερον·
3355 3484 3466 3539 οὐδ’
3526 3487 3585 3550 ἐς
3666 3487 3826 3540 τοῦτ’

2215 3574 2467 3644 ἀνάγκης
2525 3575 2887 3647 συνελαθῆναι
2933 3575 3264 3646 Ῥωμαίους,
3299 3575 3446 3630 ὥστε
3505 3577 3580 3646 μὴ
3646 3577 3820 3646 μόνον

2212 3667 2386 3720 ὁπόσα
2415 3669 2527 3721 τῶν
2572 3668 2746 3741 ἐθνῶν
2794 3668 3104 3740 ὁμοροῦντα
3136 3670 3471 3738 πεφύκασιν,
3527 3667 3675 3722 ἀλλὰ
3719 3669 3823 3722 καὶ

2216 3761 2317 3814 ὅσα
2346 3760 2420 3824 ὡς
2458 3763 2802 3833 πορρωτάτω
2849 3762 2949 3832 τὴν
2998 3761 3211 3815 δίαιταν
3246 3761 3668 3833 ἐκληρώσαντο.
3724 3754 3822 3815 οἷά

529 3873 652 3908 τινα
723 3852 870 3904 λίθον
911 3849 1202 3920 φοϐεῖσθαι
1253 3848 1585 3903 Ταντάλειον
1651 3848 1760 3902 ἀπὸ
1813 3847 2013 3902 λεπτοῦ
2043 3867 2188 3913 τινος
2233 3853 2390 3921 μίτον
2456 3853 2926 3925 μετεωριζόμενον
2978 3853 3070 3907 ἐπὶ⁵
3127 3853 3410 3924 κεφαλῆς,
3484 3857 3578 3908 καὶ
3641 3856 3825 3908 πᾶσιν

527 3944 938 4016 ἀναγκάζεσθαι
994 3943 1160 4013 φόρον
1213 3943 1495 4012 είσφέρειν
1553 3942 1796 4010 ἐτήσιον,
1856 3942 2110 4013 καθάπερ
2149 3944 2448 4016 Λυσάνδρῳ
2517 3947 2612 3998 καὶ
2675 3946 3005 4017 Δερκυλλίδᾳ
3033 3946 3129 4001 καὶ
3159 3949 3271 4011 τοῖς
3299 3949 3364 4002 ἐκ
3397 3949 3827 4020 Λακεδαίμονος

528 4041 828 4109 ἁρμοσταῖς
853 4037 1060 4107 δασμὸν
1094 4040 1184 4090 τὸν
1234 4037 1451 4106 ἐτήσιον
1497 4035 1771 4106 Ἀθηναῖοι
1811 4035 1980 4088 πάλαι
2013 4037 2111 4089 καὶ
2148 4038 2374 4092 Βοιωτοὶ
2401 4037 2861 4112 δυστυχήσαντες.

599 4133 687 4190 Ill.
735 4131 1022 4188 Sed.'tlluc
1066 4131 1254 4187 redeo.
1287 4130 1483 4186 Veneti
1528 4145 1653 4184 cum
1681 4130 2002 4185 triremibus
2027 4145 2116 4183 ar-

531 4229 662 4282 mati
705 4229 760 4282 in
792 4227 973 4281 sinum
1003 4224 1320 4280 Ceratinum
1350 4223 1629 4294 progreSsi
1673 4223 1738 4276 ad
1787 4223 2117 4292 septentrio-

2293 4133 2379 4188 ΙὪ
2433 4133 2604 4214 Ἀλλζ
2627 4134 2807 4187 ἐκεῖσε
2865 4135 3146 4204 ἐπάνειμι.
3197 4136 3569 4208 Παρελθόντες
3624 4137 3833 4209 μέντοι

2223 4227 2279 4288 ἐς
2309 4225 2369 4277 τὸ
2402 4226 2586 4295 Κέρας
2612 4224 2704 4276 ἐπὶ
2743 4223 2853 4277 τῶν
2887 4225 3131 4311 τριὴριυν
3163 4225 3596 4295 ὁπλοφοροῦντες
3631 4230 3690 4280 οί
3727 4229 3839 4281 Βε-

530 4319 652 4373 nale
693 4319 850 4373 littus
900 4318 1232 4388 appulerunt
1273 4331 1304 4370 c
1343 4319 1566 4387 regione
1617 4315 1804 4386 palatii
1839 4331 1854 4370 :
1887 4326 1944 4370 et
1986 4315 2111 4370 inde

2221 4318 2424 4370 νετικοὶ
2462 4319 2526 4388 τῇ
2556 4317 2695 4386 πρὸς
2726 4315 2927 4388 ἄρκτον
2963 4318 3134 4388 προσέ
3148 4334 3268 4388 σχον
3299 4319 3542 4387 παραλία
3571 4322 3838 4392 ἀντικρὺ

527 4412 721 4481 legatis
764 4410 947 4465 missis
986 4425 1073 4464 res
1117 4409 1461 4478 repetebant,
1503 4424 1857 4479 quascunque
1890 4406 2115 4462 Venetis

531 4503 722 4556 urbem
756 4498 1124 4555 incolentibus
1152 4498 1432 4569 Byzantini
1467 4497 1617 4552 nulla
1651 4500 1721 4552 ab
1754 4499 1886 4568 ipsis
1914 4496 2113 4567 injuria

529 4592 713 4648 aﬁecti
740 4591 1120 4647 ademissent:
1162 4604 1223 4644 se
1265 4589 1424 4659 plura
1453 4589 1639 4642 invitis
1682 4589 1941 4642 Romanis
1997 4603 2117 4642 cre-

530 4697 722 4757 pturos
753 4685 1096 4749 minitantes,
1133 4683 1236 4736 nisi
1267 4694 1464 4752 sponte
1509 4683 1653 4751 quod
1703 4698 1919 4753 aquum
1970 4691 2117 4736 esset

529 4777 845 4834 redderent.
882 4776 990 4832 Sed
1033 4791 1157 4830 cum
1187 4775 1573 4844 imperatorem
1623 4775 1765 4830 nolle
1817 4791 1905 4831 res
1955 4779 2114 4830 resti-

531 4879 690 4925 tuere
711 4871 1130 4930 intellcxissent.
1166 4867 1311 4922 illico
1343 4865 1647 4922 Romanam
1690 4869 1990 4939 potentiam
2019 4883 2118 4938 per

531 4963 831 5017 ludibrium
873 4972 1226 5018 contemnere
1257 4969 1570 5031 coeperunt,
1600 4971 1654 5014 et
1693 4975 1885 5014 onmes
1912 4961 2058 5014 ades
2086 4975 2117 5014 e

489 5047 492 5062 ’
530 5058 755 5129 regione
783 5058 932 5112 urbis
965 5059 1098 5111 sitas
1145 5055 1514 5109 incenderunt
1563 5069 1762 5108 vacuas
1794 5053 2117 5107 habitatori-

531 5155 658 5207 bus.
688 5148 822 5203 Nam
862 5149 900 5204 ii
932 5151 1169 5202 adventu
1201 5148 1416 5200 illorum
1449 5147 1617 5216 210
1666 5162 1772 5200 non
1800 5156 2118 5216 exspectato

532 5244 848 5316 migrarant.
885 5239 1021 5294 Item
1065 5238 1372 5308 manipulos
1417 5239 1696 5298 frumenti.
1753 5249 2022 5309 quotquot
2063 5241 2116 5292 in

530 5337 674 5392 areis
705 5342 883 5398 erant,
915 5333 1037 5403 igne
1072 5340 1538 5400 consumpserunt
1572 5350 1584 5384 :
1622 5333 1766 5400 quod
1810 5347 1916 5384 non
1969 5330 2116 5384 alzud

533 5432 634 5483 fuit
663 5430 766 5482 nisi
797 5424 1094 5481 ludibrium
1143 5422 1418 5491 quoddam
1468 5434 1523 5475 et
1553 5424 1772 5475 subsan.
1797 5425 1905 5474 atio
1939 5421 2111 5490 impe-

530 5523 749 5574 ratoris.
787 5522 878 5574 Sic.
923 5534 1069 5573 enim
1116 5516 1338 5578 accidit,
1390 5525 1446 5568 ut
1487 5518 1633 5567 tenui
1666 5530 1798 5567 auia
1842 5532 1870 5566 a
1901 5524 2119 5582 septen-

528 5615 709 5666 trione
735 5613 1010 5682 aspirante
1040 5608 1254 5663 ﬂamma
1285 5614 1659 5668 ventilaretur,
1685 5619 1738 5660 ct
1767 5607 1940 5661 multo
1965 5610 2115 5660 fumo

531 5705 676 5775 regia
708 5705 1110 5773 compleretur.‘
1129 5701 1405 5757 Postridie
1430 5702 1660 5770 digressi
1692 5715 1744 5752 in
1785 5718 1848 5755 eo
1897 5704 2117 5754 luerunt

2220 4409 2327 4463 τῶν
2357 4409 2663 4478 βασιλικῶν
2696 4411 2888 4463 οίκωνο
2925 4409 3179 4464 κάκεῖθεν
3205 4410 3524 4480 πέμψαντες
3555 4411 3868 4485 ἀπῄτουν⁶

2220 4504 2287 4555 τά
2318 4502 2600 4573 χρήματα,
2639 4501 2859 4564 ὁπόσοις
2899 4502 3024 4563 τοὺς
3077 4501 3227 4553 ἔνδον
3273 4503 3374 4571 τῆς
3405 4499 3842 4573 βασιλευούσης

2219 4594 2502 4656 οἰκοῦντας
2535 4592 2856 4657 Βενετικοὺς
2901 4593 3091 4647 ούδένα
3145 4593 3511 4666 ἀδικήσαντας
3564 4595 3855 4667 ἐζημίω-

2221 4699 2356 4735 σαν’
2393 4682 2566 4734 πλείω
2612 4681 2796 4735 λαϐεῖν
2849 4684 2981 4752 παρ’
3027 4681 3276 4735 ἀκόντων
3317 4681 3622 4752 Ῥωμαίων
3675 4685 3854 4737 dte:-

2220 4769 2458 4840 λοῦντες,
2516 4777 2565 4828 εί
2623 4777 2699 4846 μὴ
2743 4775 2896 4829 αύτοί
2945 4790 3009 4843 γε
3067 4775 3285 4837 ἑκόντες
3332 4774 3583 4828 ἀποδοῖεν
3648 4778 3856 4830 ὁπόσα

2221 4868 2423 4939 χρεών.
2469 4868 2622 4923 Ἐπεὶ
2655 4867 2701 4920 δ’
2729 4869 3124 4936 ἀποφάσκοντα
3150 4867 3250 4936 τὴν
3290 4867 3546 4919 ἀπόδοσιν
3597 4869 3713 4922 τὸν
3749 4869 3858 4940 βα-

2221 4959 2376 5012 σιλέα
2440 4959 2801 5028 ἐγνώκεσαν,
2877 4959 3104 5013 αὐτόθεν
3163 4959 3688 5029 κατειρωνεύεσθαι
3741 4963 3857 5033 τὴν

2231 5049 2525 5119 Ῥωμαίων
2556 5050 2793 5121 ἤρξαντο
2822 5048 3052 5119 δύναμιν
3077 5064 3090 5078 ⁶
3130 5051 3224 5102 καὶ
3261 5049 3483 5120 ὑφῆψαν
3508 5049 3703 5116 εὐθὺς
3739 5054 3859 5119 τάς

2220 5160 2278 5196 τε
2316 5143 2610 5212 ἀντιπέρας
2644 5142 2823 5205 οἰκίας
2868 5143 3087 5203 ἁπάσας
3120 5142 3280 5206 κενὰς
3322 5141 3485 5204 οῦσας
3525 5141 3651 5197 τῶν
3696 5147 3867 5199 ἐνοι-

2223 5235 2500 5289 κούντωνο
2564 5236 2871 5303 φθάσαντες
2921 5236 3028 5304 γάρ
3093 5233 3364 5304 ἐξῴκισαν
3419 5236 3635 5289 ἐκεῖνοι
3699 5243 3870 5308 σφᾶς

2222 5330 2419 5391 αὐτοὺς
2453 5328 2693 5381 ἐκεῖθενο
2724 5331 2822 5380 κοιλ⁵
2850 5329 2928 5380 ἔτι
2962 5329 3138 5380 ὁπόσα
3171 5331 3300 5398 περὶ
3323 5329 3422 5389 τὰς
3454 5327 3607 5391 ἄλως
3654 5333 3784 5384 ﬁs:
3841 5364 3861 5373 -

2219 5417 2371 5486 χύιυν
2397 5417 2690 5485 δράγματα
2713 5410 2880 5485 ἦσαν·
2909 5415 2968 5467 τὸ
2997 5416 3052 5468 δὲ
3083 5414 3273 5485 ὥσπερ
3308 5416 3501 5468 παιδιά
3526 5417 3633 5469 καὶ
3663 5423 3878 5493 χλεύη

2181 5536 2185 5538 ν
2222 5528 2304 5572 τις
2337 5506 2404 5581 ἦν
2435 5512 2660 5563 ἐκείνων
2688 5511 2826 5562 κατὰ
2848 5507 2939 5560 τοῦ
2972 5508 3260 5577 βασιλέως.
3295 5506 3717 5576 Ξυμπέπτωκε
3748 5516 3880 5582 γὰρ

2224 5606 2318 5657 καὶ
2353 5604 2557 5667 λεπτάς
2587 5621 2731 5666 τινας
2767 5601 2941 5673 αὔρας
2975 5598 3070 5655 ἀπ’
3105 5602 3309 5671 ἄρκτοι
3345 5600 3630 5662 πνεούσας
3682 5610 3774 5676 τῇ
3819 5626 3891 5659 τε

2227 5700 2383 5770 φλογὶ
2430 5698 2629 5752 διδόναι
2667 5697 2837 5767 ῥοπὴν
2879 5698 2971 5750 καὶ
3007 5696 3264 5750 πλείστου
3296 5691 3506 5748 καπνοῦ
3540 5693 3618 5746 τὰ
3678 5697 3897 5768 βασες
