3980 6204
451 288 564 356 39)
710 287 785 359 [Α.
819 300 871 340 ιι.
905 284 1034 340 om
1072 297 1135 336 λου
1165 281 1326 354 6856]

1650 281 2067 342 NICEI’IIOIU
2111 278 2498 340 GliEGOilrE

3601 261 3708 334 4οθ
3803 267 3814 272 ’

2819 261 2956 340 [ΜΡ.
2994 281 3275 322 Ακοιιοκιο.
3311 263 3456 338 sum]

461 405 625 466 rium,
657 401 817 471 idque
870 401 1010 455 inter
1052 415 1179 454 suos
1235 400 1373 454 ﬁlios
1422 398 1735 462 divideret,
1769 400 1882 453 sive
1933 397 2031 450 hos

2155 393 2619 464 ιποχειροτονῆσαι
2676 391 2774 459 τῆς
2817 387 3102 458 βασιλικῆς
3139 386 3311 457 ἀρχῆς
3365 386 3456 437 καὶ
3502 384 3710 452 ταύτην

461 494 536 547 illi
587 493 878 562 participes
929 501 986 546 et
1031 501 1315 546 consortes
1364 490 1573 560 imperii
1621 491 1894 544 redderet.
1933 490 2038 544 Re-

459 584 764 652 Spondente
815 567 1032 637 autem'
1081 583 1451 652 imperatore,
1495 580 1648 636 nefas
1704 581 1863 651 235
1917 597 2040 638 esse

461 675 646 728 violari
677 675 799 745 jura
840 673 1080 744 imperii,
1103 689 1224 743 qua:
1273 674 1458 728 multis
1482 673 1594 744 jam
1623 674 1836 728 saeculis
1868 673 2039 726 stabi-

387 809 394 830 ,
461 766 554 819 lita
584 774 637 820 et
672 764 991 819 conﬁrmata
1026 774 1228 827 essent,
1255 763 1342 816 illa
1375 763 1451 817 ira
1493 761 1958 828 inﬁammabatur,
1983 775 2040 817 et

361 901 363 916 .
465 857 650 911 habitu
686 866 948 928 gestuque
984 855 1127 926 apud
1176 856 1432 909 maritum
1478 858 1627 909 varia
1657 865 1712 909 ct
1751 853 2039 923 multiplex

465 958 616 1012 erat;
655 962 798 1002 nunc
843 961 1102 1012 maerens,
1134 961 1302 1014 seque
1350 945 1473 999 vita:
1513 956 1799 1014 pertaesam
1826 942 2034 1008 dicens,

469 1037 571 1091 nisi
607 1038 746 1091 lilios
770 1040 887 1091 viva
915 1036 1278 1106 imperatoriis
1312 1035 1618 1104 insignibus
1645 1044 1870 1089 ornatos
1890 1034 2040 1088 vide-

470 1140 556 1184 ret
585 1147 597 1183 :
640 1144 786 1184 nunc
811 1129 1090 1184 fastidiosa
1122 1139 1178 1183 et
1199 1129 1432 1198 superbe
1473 1128 1722 1189 delicata,
1751 1142 1816 1181 ac
1848 1126 2040 1180 formae

469 1237 686 1277 usuram
728 1221 921 1275 marito
971 1221 1124 1290 quasi
1181 1220 1512 1284 nundinans,
1573 1219 1928 1288 venalemque
1975 1234 2037 1273 ea

469 1312 584 1383 lege
637 1311 848 1382 copiam
893 1311 976 1364 sui
1030 1311 1256 1373 faciens,
1298 1320 1357 1364 ut
1391 1325 1488 1365 sua
1539 1309 1606 1364 de
1655 1310 1776 1365 ﬁliis
1808 1310 2037 1365 consilia

467 1407 587 1475 ejus
619 1419 885 1459 consensu
939 1405 1390 1473 approbarentur.
1428 1402 1559 1469 Qua:
1599 1419 1721 1458 cum
1771 1418 1914 1472 saepe
1941 1418 2036 1456 nc-

472 1498 614 1551 mioe
645 1496 754 1549 alio
794 1499 1014 1550 conscio
1051 1497 1264 1556 ﬁerent.
1295 1496 1362 1551 ab
1407 1495 1739 1566 imperatore
1772 1505 2037 1564 perpetuo

466 1587 598 1641 l‘erri
658 1602 766 1640 non
817 1596 1091 1656 poterant.
1138 1586 1322 1657 Itaque
1369 1586 1530 1641 ardor
1566 1586 1652 1640 ille
1697 1585 1897 1640 amoris
1924 1586 2036 1655 jam

470 1680 732 1764 paulatim
793 1679 1212 1749 languescebat,
1282 1688 1339 1733 et
1392 1679 1534 1733 acris
1575 1679 1889 1741 contentio,
1943 1677 2037 1731 sed

2139 484 2558 557 διαμερίσασθαι
2586 485 2696 545 τοῖς
2739 481 2907 535 υἱέσιν
2927 478 3098 548 αὐτῆς
3121 493 3135 508 °
3168 477 3200 548 ἢ
3233 477 3294 529 τό
3336 494 3400 544 γε
3431 469 3706 543 δεύτερον,

2140 579 2426 641 κοινωνοὺς
2451 576 2548 630 καὶ
2579 571 2958 645 συμμεριστὰς
3002 568 3152 638 αύτῷ
3181 569 3278 622 καὶ
3311 567 3508 630 αὐτοὺς
3541 582 3712 618 κατα-

2140 675 2336 741 στῆσαι
2368 670 2460 724 τοῦ
2482 667 2737 738 κράτους.
2763 663 2870 718 Τοῦ
2899 662 2956 718 δὲ
2987 661 3249 732 βασιλέως
3279 659 3543 712 ἀδύνατον
3571 651 3710 709 εἶναι

2138 765 2388 831 λέγοντος
2424 757 2722 830 παραλύειν
2749 758 2816 808 τὰ
2845 755 2933 808 διὰ
2981 751 3190 806 πολλῶν
3215 749 3316 821 ἤδη
3361 748 3470 802 τῶν
3501 748 3713 818 χρόνων

2139 852 2457 922 κυρωθέντα
2487 869 2543 904 τε
2576 836 2673 904 καὶ
2714 846 3080 919 βεϐαιωθέντα
3127 842 3385 915 βασιλικὰ
3417 843 3649 912 νόμιμα,
3679 839 3713 908 ἡ

2138 947 2194 1000 δὲ
2224 946 2358 1016 πρὸς
2401 943 2572 1015 ὀργὴν
2618 942 2904 1013 ἐξήπτετο,
2931 940 3025 992 καὶ
3075 937 3313 1006 διάφορα
3360 935 3454 988 καὶ
3489 933 3714 986 ποικίλα

2139 1037 2350 1093 ἐδείκνυ
2385 1037 2520 1106 πρὸς
2546 1034 2636 1088 τὸν
2661 1034 2897 1102 σύζυγον
2931 1032 3028 1085 καὶ
3061 1031 3290 1102 βασιλέα
3313 1028 3383 1082 τὰ
3413 1029 3676 1098 σχήματα
3697 1045 3710 1056 ο

2139 1129 2234 1182 νῦν
2267 1129 2364 1198 μὲν
2390 1127 2706 1196 λυπουμένη
2737 1128 2830 1180 καὶ
2880 1123 3258 1194 ἀπολεγὸμένη
3286 1122 3344 1176 τδ
3389 1125 3512 1191 ζῇν,
3544 1123 3590 1172 εἰ
3638 1121 3714 1188 μὴ

2138 1223 2264 1282 τοὺς
2308 1220 2461 1282 υίέας
2514 1217 2704 1287 ὄψεται
2763 1215 3276 1297 ζῶστβασιλικοῖς
3333 1210 3715 1281 κοσμηθέντας

2141 1312 2463 1382 συμϐόλοις·
2498 1309 2592 1363 νῦν
2615 1309 2672 1363 δὲ
2715 1308 3054 1378 ἀκκιζομένη
3094 1306 3188 1359 καὶ
3221 1302 3573 1376 θρυπτομένη
3620 1305 3714 1352 καὶ

2138 1399 2250 1458 οἷον
2289 1401 2664 1473 ἀπεμπολῶσα
2715 1401 2792 1471 τῷ
2842 1399 3062 1469 συζύγῳ
3100 1399 3200 1464 τὴν
3238 1397 3388 1467 ὥραν
3423 1395 3517 1447 καὶ
3553 1394 3717 1445 (cum:

2141 1495 2594 1563 συγκαταθέσεως
2642 1492 2736 1546 τοῦ
2788 1493 2916 1562 περὶ
2966 1492 3074 1543 τῶν
3124 1492 3285 1543 υἱέων
3339 1485 3714 1558 βουλεύματος

2139 1588 2463 1656 ποιουμένη.
2493 1584 2677 1639 Ταῦτα
2723 1583 2983 1646 πολλάκις
3038 1579 3314 1651 γινόμεναί
3347 1578 3438 1632 καὶ
3487 1576 3718 1648 μηδενὸς

2139 1679 2328 1748 ἑτέρου
2363 1676 2469 1730 τῶν
2514 1677 2732 1730 πάντων
2767 1675 3129 1744 γινώσκοντος
3173 1675 3362 1744 φέρειν
3402 1672 3502 1723 οὐκ
3537 1665 3606 1740 ἦν
3639 1670 3718 1729 είς

472 1745 746 1842 plerisque
775 1774 977 1843 ignota,
1005 1772 1352 1827 succedebat.
1403 1771 1646 1826 Tandem
1683 1771 1847 1826 etiam
1893 1773 2039 1842 ejus-

2155 1745 2296 1833 τέλος
2339 1769 2418 1840 τῷ
2469 1769 2698 1839 βασιλεῖ.
2747 1768 2838 1822 Διὸ
2887 1770 2980 1822 καὶ
3030 1767 3098 1820 τὰ
3135 1767 3234 1836 τῆς
3271 1763 3718 1833 φλεγμαινούσης

464 1861 594 1916 dem
631 1861 769 1915 thori
803 1860 1256 1916 consuetudinem
1287 1875 1517 1932 perosus
1540 1869 1642 1914 est.

2147 1862 2363 1932 ἐκείνης
2395 1861 2630 1932 στοργῆς
2673 1860 2772 1931 ἤδη
2823 1859 2964 1914 κατὰ
3002 1858 3196 1930 μῇιρδν
3236 1845 3589 1928 έμαίραίνετο,
3626 1858 3724 1907 καὶ

467 1958 826 2026 ἁντεισήγετσ
857 1954 1001 2026 μάχη
1036 1954 1298 2022 διάπυρος
1343 1954 1462 2024 μὲν,
1504 1954 1770 2008 λανθάνου
1785 1973 1845 2008 τα
1875 1954 1920 2008 δ’
1955 1955 2036 2008 ἐτι
2074 1955 2199 2019 τοὺς
2230 1956 2534 2018 πλείστους.
2567 1955 2731 2019 Τέλος
2763 1955 2820 2008 δὲ
2857 1955 2954 2008 καὶ
2999 1949 3174 2024 αὐτὴν
3249 1951 3554 2024 ἀπέστερξε
3622 1951 3725 2014 τὴν

468 2053 564 2108 τοῦ
592 2053 782 2122 λέχους
813 2051 982 2119 αὐτῆς
1006 2051 1310 2104 κοινωνίαν.
1365 2105 1373 2117 ,

543 2142 630 2198 Ill.
677 2146 747 2194 At
796 2142 952 2196 lrene
995 2157 1132 2195 uxor
1174 2151 1372 2211 prater
1423 2144 1887 2212 exspectationem
1940 2152 2050 2197 tam

473 2237 583 2290 cito
609 2250 704 2304 spe
735 2249 830 2288 sua
864 2233 1121 2287 frustrata
1152 2233 1333 2287 hostili
1371 2234 1424 2287 in
1463 2235 1718 2288 maritum
1745 2237 1872 2288 odio
1897 2250 2054 2289 exar-

474 2331 566 2384 sit.
588 2327 723 2382 Cum
763 2327 947 2395 itaque
970 2325 1156 2379 ulcisci
1193 2325 1343 2378 illum
1396 2336 1644 2394 cuperet,
1666 2336 1718 2380 et
1751 2326 1910 2381 aliter
1940 2341 2051 2380 non

475 2425 682 2490 posset,
727 2415 1168 2470 Thessalonicam
1220 2417 1373 2480 abiit,
1422 2417 1748 2486 imperatore
1791 2431 1902 2472 non
1954 2418 2053 2472 ad-

478 2509 700 2564 modum
754 2507 1012 2572 volente;
1062 2507 1265 2576 quippe
1318 2505 1410 2576 qui
1453 2517 1755 2574 vereretur,
1799 2523 1869 2563 ne
1911 2509 2051 2562 mala

475 2599 778 2657 domestica
829 2599 998 2670 vulgo.
1040 2598 1586 2663 innotescerent.,llla
1622 2607 1803 2653 autem
1844 2613 1912 2654 eo
1937 2615 2050 2652 ma-

477 2695 564 2762 gis
595 2681 1236 2761 cupiensimperatorcin
1261 2687 1469 2758 pudore
1501 2687 1717 2744 allicere
1743 2690 1911 2759 coepit
1934 2687 2054 2756 ejus

483 2795 704 2859 peccata
727 2784 830 2838 sibi
859 2797 982 2838 cum
1011 2781 1104 2836 illo
1133 2781 1441 2836 communia
1462 2795 1635 2850 eaque
1659 2781 1870 2836 occulta
1898 2781 2055 2834 αισθ-

483 2891 651 2944 mare,
680 2876 733 2930 id
759 2874 932 2931 solum
964 2888 1184 2937 cavens,
1231 2888 1302 2928 ne
1349 2873 1403 2926 in
1441 2873 1657 2942 publico
1699 2884 1752 2927 et
1791 2887 1892 2944 pro
1923 2886 2054 2926 con-

2229 2137 2302 2190 I".
2350 2135 2416 2189 Ἥ
2473 2135 2657 2205 μέντοι
2690 2129 2802 2206 (43)
2857 2137 3088 2205 σύζυγος
3145 2137 3349 2209 Εἰρήνη
3401 2140 3728 2208 παραδόξως

2152 2229 2295 2282 οὕτω
2319 2229 2416 2299 τὴν
2449 2228 2716 2300 ταχίστην
2743 2231 2949 2298 ἕρημος
2985 2230 3094 2283 τῶν
3131 2230 3368 2283 ἐλπίδων
3399 2237 3730 2292 καταστᾶσα

2154 2322 2413 2391 πολέμιον
2449 2321 2676 2391 ἔθρεψεν
2711 2323 2766 2374 έν
2788 2324 2900 2382 τοῖς
2928 2321 3146 2392 στήθεσι
3187 2321 3445 2392 λογισμδν
3477 2328 3595 2378 κατ’
3628 2329 3734 2379 οὐδ

2149 2414 2267 2468 τοῦ.
2317 2413 2427 2466 Καὶ⁵
2485 2413 2784 2483 ἀμύνεσθαι
2838 2412 3068 2468 θέλουσα
3117 2417 3236 2484 μὲν,
3287 2415 3388 2468 οὐκ
3443 2416 3638 2487 ἔχουσα
3680 2417 3731 2470 δ’

2149 2506 2300 2566 ὅπως
2331 2505 2529 2572 ἄλλως,
2569 2504 2745 2576 ᾤχετο
2785 2506 3024 2560 ἀπιοῦσα
3070 2508 3203 2578 πρὸς
3235 2508 3638 2582 Θεσσαλονίκην
3663 2510 3730 2561 οὗ

2155 2597 2300 2668 μάλα
2331 2597 2426 2650 τοῦ
2460 2596 2726 2667 βασιλέως
2762 2597 3075 2663 ἐθέλοντος·
3113 2600 3301 2653 ἐδεδίει
3353 2601 3462 2670 γὰρ
3536 2602 3730 2666 αὐτὸς,

2156 2688 2230 2760 μὴ
2266 2689 2566 2760 κατάφωρα
2603 2692 2715 2752 τοῖς
2751 2689 3024 2754 πλείστοις
3059 2691 3128 2744 τὰ
3176 2692 3298 2745 κατ’
3331 2687 3478 2745 οἷκον
3523 2693 3736 2759 γένων-

2151 2799 2242 2834 ται
2273 2781 2615 2852 πταίσματα.
2657 2782 2722 2834 Ἡ
2773 2781 2830 2834 δὲ
2879 2783 2968 2835 διὰ
3009 2782 3168 2837 τοῦτο
3199 2783 3399 2853 μᾶλλον
3448 2784 3734 2852 αἰσχύνειν

2154 2875 2411 2930 ἐθέλουσα
2471 2874 2562 2927 τὸν
2597 2874 2822 2944 βασιλέα
2881 2875 2978 2927 καὶ
3033 2875 3285 2943 σύζυγον,
3329 2876 3493 2946 ἀπῄει
3525 2878 3738 2946 θριαμ-

478 2970 639 3024 cione
697 2967 786 3022 illa
852 2965 1160 3036 proferret;
1209 2965 1276 3019 ad
1325 2979 1514 3018 aurem
1565 2979 1694 3018 vero
1733 2973 1791 3018 et
1835 2964 1965 3018 viris
1996 2973 2051 3018 et

2155 2969 2388 3023 ϐεύουσα
2455 2969 2612 3022 κοινᾶ
2661 2968 2756 3021 καὶ
2805 2967 3042 3038 λαθραῖα
3093 2968 3186 3021 τοῦ
3223 2969 3456 3038 συζύγου
3522 2972 3736 3041 ἐγκλή-

483 3059 821 3121 mulieribus,
840 3059 1042 3128 quibus
1067 3056 1299 3111 maxime
1329 3054 1547 3122 ﬁdebat,
1571 3056 1760 3111 eadem
1799 3056 2048 3111 occinere

481 3152 720 3224 gestiens
756 3153 962 3220 absque
992 3149 1155 3220 236
1181 3149 1287 3202 ulla
1319 3148 1670 3210 verecundia,
1693 3163 1817 3202 cum
1849 3147 2050 3217 alioqui

481 3260 731 3314 magnam
781 3243 1096 3315 gravitatem
1125 3241 1428 3296 simularet.
1465 3239 1876 3308 lndignabunda
1901 3241 2050 3294 vide-

481 3338 626 3400 licet,
649 3336 855 3400 furens,
877 3332 1090 3388 lenitati
1107 3333 1252 3386 illius
1277 3331 1566 3398 insultans,
1591 3346 1654 3385 ac
1677 3345 1854 3401 neque
1880 3330 2049 3386 Deum

397 3425 412 3440 ‘
483 3431 706 3492 timens,
732 3441 910 3497 neque
939 3424 1189 3480 homines
1226 3425 1480 3489 reverita,
1507 3424 1676 3478 multa
1708 3425 1959 3494 coniugis
1997 3435 2054 3479 et
2075 3450 2092 3460 -

482 3536 596 3577 suae
640 3519 810 3590 ipsius
866 3525 1076 3572 natura:
1123 3529 1323 3570 arcana
1354 3515 1527 3569 audax
1572 3524 1737 3584 atque
1763 3515 2052 3586 impudens

479 3611 681 3667 mulier
707 3609 1004 3678 retegebat,
1033 3621 1155 3676 quae
1174 3607 1258 3660 vel
1285 3606 1773 3675 lmpodicissimum
1810 3616 2052 3661 scortum

483 3705 602 3760 sine
639 3701 836 3756 rubore
888 3699 1033 3754 haud
1081 3699 1325 3766 diceret;
1366 3715 1513 3754 nunc
1541 3699 1683 3769 apud
1729 3700 2052 3766 monachos,

484 3796 652 3851 alium
700 3791 830 3848 alibi
892 3806 1082 3846 secum
1134 3791 1391 3860 privatim
1427 3805 1749 3856 assumens,
1797 3791 2052 3846 maritum

486 3895 645 3957 prout
694 3884 899 3939 libebat
964 3882 1377 3938 criminabatur.
1449 3881 1603 3936 Nunc
1646 3881 1788 3952 apud
1843 3883 2054 3939 nobiles

486 3986 787 4040 matronas,
813 3990 842 4028 a
868 3973 1069 4044 quibus
1092 3973 1368 4038 adibatur,
1392 3975 1581 4029 eadem
1605 3985 1659 4030 et
1683 3975 1833 4045 plura
1866 3990 2056 4030 recen-

486 4071 639 4127 sebat
661 4087 676 4132 ;
701 4081 848 4122 nunc
882 4067 949 4121 ad
983 4066 1194 4122 Cralem
1248 4066 1469 4127 Servius.
1499 4081 1963 4136 generumosuum,
1991 4082 2056 4122 ea

487 4161 782 4226 scribebat,
821 4175 942 4229 qua:
981 4160 1065 4214 vel
1104 4159 1287 4214 dicere
1341 4159 1495 4214 nefas
1528 4169 1632 4224 est,
1667 4161 1926 4214 honorem
1952 4161 2055 4216 sibi

491 4254 854 4323 undecunque
895 4259 949 4306 et
991 4250 1266 4321 pudicitia:
1310 4251 1525 4305 laudem
1548 4250 2057 4316 asserendo,mari-

489 4358 602 4400 tum
655 4360 781 4398 vero
829 4343 1084 4398 omnibus
1142 4342 1487 4398 contumeliis
1546 4341 1851 4398 adiciendo.
1909 4341 2054 4398 Nihil

491 4437 638 4493 enim
675 4435 996 4492 concitatius
1044 4443 1128 4490 est
1185 4435 1435 4491 muliebri
1483 4435 1688 4504 animo,
1716 4435 1851 4490 nihil
1899 4451 2056 4505 aeque

491 4537 793 4599 promptum
811 4527 876 4583 ad
896 4527 1203 4598 probabiles
1225 4527 1630 4583 criminationes
1648 4527 2058 4598 ealumniasque

494 4617 885 4688 conﬁngendas
913 4628 968 4672 et
997 4633 1094 4672 sua
1135 4617 1274 4670 mala
1327 4617 1380 4670 in
1431 4617 1680 4673 insontes
1709 4619 2059 4674 conferenda.

489 4714 627 4770 Cum
665 4713 788 4768 odio
813 4723 896 4767 est
920 4711 1139 4774 mulier.
1165 4710 1386 4766 simulat
1411 4727 1471 4767 se
1491 4711 1676 4767 odisse
1701 4729 1715 4767 :
1742 4727 1864 4768 cum
1894 4723 2063 4778 amat,

492 4805 663 4858 amari
713 4802 843 4857 dicit
873 4820 886 4857 :
919 4817 1043 4856 cum
1099 4801 1332 4864 furatur,
1361 4816 1420 4856 se
1458 4802 1737 4872 compilari
1767 4806 2018 4872 queritur
2046 4822 2060 4872 ;

493 4910 559 4950 ac
591 4894 772 4964 expeti
817 4893 1041 4964 quidem
1094 4907 1153 4948 se
1205 4893 1512 4964 proﬁtetur,
1545 4894 1640 4948 sed
1689 4909 1752 4950 ea
1799 4909 1919 4951 esse
1947 4912 2063 4951 nzo-

491 4987 662 5042 destia
699 4996 758 5041 ut
780 4995 1078 5066 amatorem
1103 4993 1419 5041 exsecretur
1443 4999 1456 5037 :
1481 4995 1536 5040 et
1563 4985 1875 5057 hojusmodi
1900 4988 2063 5044 rebus

2155 3077 2301 3130 ματα
2329 3060 2463 3131 (46),
2483 3059 2645 3113 τοῦτο
2675 3061 2835 3128 μόνον
2863 3058 3243 3131 φυλαξαμένη,
3265 3061 3326 3114 τὸ
3356 3061 3492 3132 πρὸς
3518 3063 3737 3134 δήμους

2152 3155 2245 3206 καὶ
2272 3153 2449 3224 πλήθη
2491 3152 2792 3223 προφέρειν
2821 3153 2978 3210 οὖτά.
3023 3154 3165 3223 Πρὸς
3195 3154 3250 3207 δέ
3283 3173 3346 3223 γε
3375 3156 3433 3207 τὸ
3475 3159 3612 3226 πρὸς
3634 3157 3736 3221 οὖς

2151 3247 2358 3318 ἑκάστῃ
2409 3263 2468 3299 τε
2501 3247 2593 3298 καὶ
2638 3246 2854 3314 ἑκάστῳ
2889 3239 2968 3308 οἷς
2994 3246 3214 3318 ἐθάρρει
3249 3249 3314 3301 τὰ
3361 3249 3600 3316 μάλιστα
3633 3266 3737 3302 πε-

2158 3338 2383 3410 ριᾴδειν,
2420 3338 2557 3409 πρὸς
2606 3338 2767 3391 τοῦτο
2798 3338 2854 3391 δὲ
2895 3339 2989 3390 καὶ
3034 3339 3184 3408 μάλα
3223 3340 3461 3408 ἀφειδῶς
3516 3336 3665 3410 εἶχεν
3699 3343 3735 3411 η

2154 3430 2355 3499 πολλὴν
2396 3430 2841 3501 σχηματιζομένη
2896 3433 3223 3503 σεμνότητα.
3287 3431 3737 3503 ’Υϐριοπαθοῦσα
3794 3431 3806 3440 ’

2154 3521 2262 3590 γὰρ
2293 3519 2386 3574 καὶ
2419 3523 2724 3590 μαινομένη
2762 3522 2858 3573 καὶ
2895 3522 3342 3593 κατεπαιρομένη
3373 3523 3471 3590 τῆς
3515 3525 3734 3576 ἐκείνου

2156 3613 2491 3682 πραότητος,
2526 3614 2619 3664 καὶ
2649 3618 2786 3682 μήτε
2815 3613 2947 3666 Θεὸν
2981 3613 3313 3684 φοϐουμένη,
3347 3615 3470 3686 μήτ’
3513 3615 3735 3685 ἀνθρὼο

2156 3721 2292 3766 πους
2344 3703 2658 3774 αἰδουμένη,
2725 3705 2898 3757 πολλὰ
2945 3705 3046 3776 τῆς
3101 3706 3316 3776 φύσεως
3377 3707 3734 3776 ἐξεφαύλισεν

2155 3794 2447 3866 ἀπόρρητα
2481 3793 2576 3848 τοῦ
2620 3794 2855 3865 συζύγου
2905 3814 2962 3850 τε
2995 3797 3088 3851 καὶ
3120 3798 3322 3868 ἑαυτῆς
3350 3801 3383 3870 ἡ
3416 3799 3730 3862 πάντολμός

2156 3903 2216 3939 τε
2241 3887 2338 3940 καὶ
2363 3888 2608 3958 ἀναιδὴς,
2641 3886 2677 3942 ὃ.
2707 3887 2810 3941 κᾶν
2836 3883 3136 3961 ἠρυθρίασε
3170 3890 3405 3960 λέγουσα
3438 3891 3530 3944 καὶ
3561 3894 3593 3961 ἡ
3621 3892 3737 3943 τῶν

2157 3976 2445 4047 ἑταιρίδων
2496 3977 2898 4047 ὰσελγεστάτη.
2948 3980 3058 4034 Καὶ
3087 3980 3182 4034 νῦν
3237 3981 3338 4049 μὲν
3389 3981 3548 4035 ἄλλον
3605 3981 3734 4036 κατ’

2159 4071 2287 4126 ἄλλο
2318 4072 2483 4143 μέρος
2513 4075 2621 4126 τῶν
2661 4074 3004 4146 μονσξόντων
3047 4077 3516 4148 ἀπολαμϐάνουσα
3554 4096 3737 4148 κατη-

2159 4163 2312 4234 γόρει
2344 4164 2441 4245 τοῦ
2475 4165 2690 4236 ἀνδρίς,
2721 4166 2894 4219 ὁπόσα
2929 4167 3212 4220 ἐϐούλετο·
3243 4169 3340 4223 νῦν
3366 4169 3421 4221 δὲ
3466 4171 3602 4238 πρὸς
3631 4171 3741 4233 τὰς

2161 4256 2438 4320 εἰσιούσας
2469 4256 2579 4312 τῶν
2617 4259 2859 4326 εὐγενῶν
2892 4259 3066 4312 ταῦτά
3103 4277 3160 4313 τε
3197 4262 3288 4314 καὶ
3323 4261 3494 4314 πλείω
3524 4261 3742 4315 τούτων

2161 4347 2484 4417 ἐξήγγελλεο
2513 4348 2608 4404 νῦν
2633 4350 2687 4404 δὲ
2714 4353 2850 4420 πρὸς
2871 4351 2960 4404 τὸν
2988 4352 3216 4424 Κράλην
3257 4353 3488 4423 Σερϐίας
3512 4355 3604 4406 τὸν
3636 4355 3744 4408 ἐπὶ

2164 4439 2394 4510 θυγατρὶ
2441 4443 2690 4514 γαμϐρὸν
2718 4443 2977 4516 ἔγραφεν,
3004 4447 3105 4499 ὅσα
3156 4447 3280 4500 οὐδὲ
3310 4447 3490 4515 λέγειν
3529 4445 3745 4518 χρεὼν,

2163 4535 2499 4606 πανταχόθεν
2530 4537 2693 4605 ἑαυτῇ
2731 4537 2829 4606 μὲν
2851 4537 2935 4609 [Ρ.
2966 4536 3091 4611 145]
3117 4540 3548 4610 περιποιουμένη
3568 4540 3749 4612 τιμὴν

2160 4625 2255 4679 καὶ
2283 4629 2662 4698 σωφροσύνην,
2696 4630 2774 4699 τῷ
2808 4630 2861 4682 δὲ
2888 4631 3108 4700 συζύγῳ
3138 4633 3321 4686 πᾶσαν
3360 4631 3517 4702 ὓϐριν
3554 4649 3749 4703 μηχα-

2162 4721 2397 4791 νωμένη.
2428 4722 2595 4777 Οὐδὲν
2621 4721 2730 4792 γὰρ
2757 4722 2928 4786 οὕτως
2958 4724 3272 4794 εύρίπιστον
3295 4724 3370 4785 ὡς
3394 4726 3591 4795 γνώμη
3626 4742 3744 4795 γυ-

2159 4812 2365 4876 ναικὸς,
2405 4813 2525 4866 οὐδέ
2564 4831 2628 4882 γε
2663 4814 3082 4884 προχειρότερον
3122 4816 3202 4878 εἰς
3243 4817 3302 4867 τὸ
3327 4813 3561 4878 πιθανὰς
3606 4832 3750 4869 συν-

2161 4899 2333 4954 θεῖναι
2358 4903 2611 4965 διαϐολὰς
2636 4905 2728 4956 καὶ
2755 4905 3119 4973 συκοφαντίας
3156 4907 3251 4959 καὶ
3277 4906 3341 4958 τὰ
3370 4905 3550 4959 οἰκεῖα
3585 4910 3752 4960 κακὲ

2162 4995 2490 5063 περιτρέψαι
2537 4998 2646 5058 τοῖς
2690 4995 3067 5066 ἀνεγκλήτοις.
3100 4997 3200 5051 Ἂν
3249 4998 3497 5068 μισῆται,
3551 5001 3752 5066 μισεῖν

1882 5101 2210 5168 Variorum
2234 5113 2424 5169 notua.

564 5197 678 5266 (55)
713 5199 902 5270 Exstat
956 5199 1008 5252 in
1063 5199 1250 5254 codice
1302 5201 1469 5269 Regio
1524 5200 1674 5270 (olim
1727 5195 2058 5270 Telleriano)

491 5269 721 5341 epistola
767 5269 1047 5324 Athanasii
1097 5273 1416 5336 patriarchae
1468 5269 2056 5338 Constantinopolitani

492 5343 561 5395 ad
594 5341 914 5410 Augustam,
950 5341 1022 5392 de
1051 5341 1450 5410 reconcilianda
1501 5354 1625 5394 cum
1693 5341 1809 5393 viro
1860 5342 2056 5407 gratia,

493 5412 658 5479 eique
681 5409 922 5479 epistola:
954 5409 1207 5479 praeﬁxos
1259 5420 1340 5462 est
1395 5412 1558 5462 falsus
1589 5419 1642 5462 et
1698 5410 2060 5465 inconcinnus

495 5481 704 5543 titulus,
742 5479 978 5548 Γράμρα
1028 5481 1161 5550 πρὸς
1188 5481 1276 5530 τὸν
1325 5479 1720 5550 αὐτοκράτορα,
1785 5481 1913 5545 περὶ
1965 5480 2060 5532 τοῦ

493 5552 618 5618 παρ’
655 5550 842 5602 ἐλπίδα
874 5551 1242 5618 συμπεσόντος
1269 5550 1551 5618 δεσποίνης
1579 5549 1832 5602 θανάτου.
1870 5550 2066 5605 Debuit

497 5617 673 5691 autem
700 5617 946 5691 inscribi,
979 5619 1216 5691 Γράμμα
1252 5622 1383 5686 πρὸς
1415 5618 1894 5691 τὴνγβασίλισσαν,
1934 5622 2065 5691 περὶ

498 5687 585 5740 τοῦ
612 5689 720 5739 δεῖν
770 5689 941 5747 αὐτὴν
995 5687 1239 5753 ὁμονοεῖν
1288 5691 1364 5758 τῴ
1407 5687 1643 5758 auc-3W.
1704 5690 1945 5743 Pertinet
1998 5687 2062 5744 ea

2165 5208 2477 5283 adhortatio
2521 5207 3024 5283 ad_componenda
3083 5210 3328 5274 dissidia,
3403 5211 3468 5265 de
3534 5210 3763 5283 quibus

2164 5277 2432 5348 Gregoras
2457 5280 2566 5349 agit
2611 5279 2714 5331 hoc
2737 5279 2878 5349 loco.
2913 5279 3124 5334 Roma.

2237 5347 2345 5419 (εἶθ)
2375 5347 2620 5404 Verterat
2646 5347 2895 5411 Wolﬁus,
2926 5352 3133 5416 pubtica
3152 5361 3198 5404 et
3223 5352 3425 5406 occulta
3448 5353 3764 5418 imperato.

2165 5420 2234 5472 ris
2269 5421 2492 5492 crimina
2527 5419 2852 5492 traducebat.
2915 5421 3026 5487 Ego
3061 5423 3220 5482 verti.
3251 5425 3400 5491 capit
3449 5424 3565 5492 ejus
3618 5445 3766 5492 prc-

2164 5502 2302 5550 cata,
2464 5506 2578 5567 (uti:
2628 5491 2716 5567 illo
2748 5493 3079 5567 conputatio,
3117 5508 3277 5567 eaque
3327 5490 3550 5567 occulta,
3586 5490 3770 5567 Αἶπυ..

2167 5574 2332 5634 "tare.
2362 5559 2452 5634 Sic
2479 5559 2640 5634 infra,
2677 5562 2966 5632 ἀπόρρητα
2991 5561 3085 5613 τοῦ
3115 5562 3349 5634 συζύγου
3381 5581 3440 5615 τε
3469 5565 3564 5634 καὶ
3604 5559 3722 5620 tiu
3751 5603 3762 5612 ~

2166 5629 2285 5696 τῆς,
2316 5630 2554 5700 conjugis
2586 5642 2633 5684 et
2659 5648 2753 5684 sua
2787 5629 2946 5699 ipsius
2979 5648 3178 5684 arcano
3212 5629 3494 5700 propudia.
3524 5633 3764 5694 Βοιιίκ.
