3980 6204
750 88 773 121 Ι

226 258 251 323 4
281 260 308 320 7
446 253 515 327 [Α.
548 271 595 309 c.
638 255 767 309 l282
793 274 857 311 Αῐ)
895 258 1048 333 1328]

1196 260 1647 330 BYZANTINFE
1686 256 2069 328 illSTOliHi
2105 258 2250 329 LIB.
2299 266 2430 330 ΥΠ.

2548 265 2666 338 [me
2721 281 3007 321 necesse.
3035 264 3180 338 sax]

3323 268 3428 334 453

228 377 481 431 Θετταλικὰ
512 377 690 429 πεδία.
721 378 894 431 Ἔνθα
927 380 992 449 δὴ
1022 380 1209 452 χώραν
1239 384 1497 456 εὑρόντες
1530 384 1743 452 ἀγαθήν

1849 383 2083 448 ιιίεδειιι,
2120 392 2296 439 totum
2332 400 2537 449 anitum
2566 396 2891 455 exegerunt,
2926 385 3074 456 agris
3121 385 3347 440 urcndis
3374 395 3433 440 et

223 487 268 522 τε
297 470 375 522 καὶ
418 468 565 520 πίονα
616 467 739 521 ὃλον
768 471 884 523 ἐκεῖ
931 470 1314 545 διατετρίφασι
1350 476 1444 529 τὸν
1473 477 1748 541 ἐνιαυτὸν,

224 563 301 628 τὴν
323 577 374 612 τε
419 559 591 631 χώραν
640 560 896 632 δῃοῦντες
943 565 1037 617 καὶ
1070 565 1477 637 διαφθείροντες
1527 570 1628 623 ὅσα
1673 568 1750 638 μὴ

221 652 343 715 ἐντὸς
379 644 507 721 ἦσαν
555 652 750 723 τειχῶν
808 653 1037 724 μηδενὸς
1080 657 1560 730 ἀντιταττομένου.
1617 655 1748 729 Εἶχε

222 744 308 813 γᾶρ
330 742 554 805 ἀσθενῶς
603 746 909 815 τηνικαῦτα
938 751 1009 802 τά
1053 750 1186 820 περὶ
1232 750 1534 808 Θετταλίαν
1567 754 1749 824 πράγ-

222 855 356 905 ματα,
382 838 467 889 τοῦ
513 837 791 902 διέποντος
853 843 974 895 ἐκεῖ
1012 842 1113 915 τὴν
1170 844 1350 916 ἀρχὴν
1386 845 1501 916 (76)
1533 850 1657 900 νέου
1686 863 1748 900 τε

221 929 340 991 ὄντος
371 930 461 999 τὴν
486 929 701 1001 ἠλικίαν
728 932 825 985 καὶ
867 933 1113 1005 ἀπείρως
1138 935 1360 1007 ἔχοντος
1395 938 1455 1001 ἐς
1485 936 1749 1008 πραγμά-

218 1039 302 1073 των
329 1022 565 1092 μεγάλων
592 1022 889 1095 διοίκησιν,
921 1026 1018 1080 καὶ
1048 1026 1227 1091 ἄλλως
1258 1029 1399 1099 νόσῳ
1420 1028 1748 1098 δαπανωμέ-

220 1131 290 1165 νου
327 1115 494 1184 μακρᾷ
524 1113 617 1168 καὶ
646 1117 772 1169 ὅσον
804 1116 1017 1172 οὐδέπω
1058 1118 1415 1187 τεθνήξεσθαι
1440 1119 1748 1189 *μέλλοντος

218 1210 291 1260 καὶ
316 1210 420 1275 ἅμα
449 1207 597 1278 αύτῷ
645 1209 975 1264 καταλύσειν
1001 1211 1102 1281 τὴν
1150 1215 1346 1283 μέχρις
1375 1213 1542 1268 αὑτοῦ
1571 1214 1750 1268 διαδο-

218 1300 296 1368 ﬁt"
314 1300 399 1369 τῆς
423 1301 524 1355 τῶν
559 1302 846 1371 προγόνων
869 1303 967 1357 καὶ
996 1304 1521 1377 σεδαστοκρατόρων
1546 1305 1747 1378 ἀρχῆς,

218 1392 415 1446 Γυναῖκα
453 1394 551 1464 μὲν
578 1396 684 1467 γὰρ
714 1388 872 1461 οὗτος
905 1398 1146 1468 ἠγάγετο
1177 1398 1357 1469 ἑαυτῷ
1383 1398 1491 1469 πρὸ
1514 1399 1749 1470 βραχέος

218 1485 435 1556 Εἰρήνην,
474 1486 584 1556 τὴν,
625 1486 790 1560 νόθην
819 1488 915 1542 τοῦ
949 1488 1214 1559 βασιλέως
1256 1489 1600 1559 Ἀνδρονίκου
1655 1492 1749 1546 θυ-

214 1579 416 1649 γατέρισ
448 1580 610 1632 παῖδα
640 1580 695 1634 δὲ
746 1582 866 1651 μετ’
904 1581 1076 1649 αὐτῆς
1106 1581 1166 1634 οὐ
1212 1582 1566 1651 γεγέννηκεν,
1596 1582 1655 1646 ὃς
1682 1584 1749 1638 ἂν

214 1670 333 1740 αὐτῷ
365 1670 427 1741 τῆ
439 1694 454 1733 ;
504 1673 683 1743 ἀρχῆς
711 1677 958 1743 καταστῇ
988 1674 1251 1744 διάδοχος.
1297 1676 1406 1728 Καὶ
1434 1676 1523 1728 διά
1570 1675 1747 1730 ταῦτα

1851 477 2107 531 omnibus
2137 477 2204 532 iis
2231 492 2353 545 quae
2386 487 2542 531 extra
2584 478 2786 533 mmnia
2820 490 2980 535 erant
3010 480 3308 545 vastandis,
3340 495 3429 532 re-

1851 570 2080 625 sistente
2111 570 2355 624 nemine.
2382 569 2538 624 Tunc
2568 571 2718 625 enim
2750 588 2839 626 res
2865 572 3252 630 Thessalorum
3280 574 3433 629 intir-

1851 676 1953 716 tnze
1982 671 2137 717 erant
2166 661 2236 716 ob
2285 661 2630 717 immaturam
2674 665 2938 735 principis
2992 676 3230 732 aetatem,
3278 671 3430 723 nullo

1851 768 2173 822 magnarum
2227 769 2410 809 rerum
2460 756 2831 827 gerendarum
2876 774 2975 813 usu
3041 760 3324 826 instructi,
3365 778 3431 816 ac

1850 853 2114 915 praaterea
2136 845 2400 900 diuturno
2432 847 2627 901 nmrbo
2656 848 2957 904 conﬂictati
2990 859 3047 905 et
3067 850 3290 921 jamjam
3316 868 3435 907 mo-

1853 934 2033 998 rituri,
2068 949 2254 989 secum
2287 946 2471 990 autem
2515 936 2883 1007 principatum
2918 954 2947 992 a
2990 939 3292 1006 majoribus
3313 954 3433 996 su‘s

1849 1025 2380 1083 sebastocratoribus
2409 1037 2675 1099 perpetua
2699 1031 3053 1085 successione
3070 1031 3137 1085 ad
3164 1046 3223 1086 se
3259 1048 3429 1100 usque

1851 1119 2230 1175 transmissum
2272 1121 2631 1176 exstincturi.
2680 1121 2912 1178 Uxorem
2957 1123 3045 1178 hic
3097 1124 3260 1194 paulo
3301 1132 3432 1178 ante

1849 1212 2081 1267 duxerat
2158 1212 2393 1277 lrenen,
2446 1215 2672 1281 notliam
2729 1216 3077 1285 imperatouis
3133 1216 3431 1272 Andronici

1853 1302 2014 1357 tiliam
2044 1324 2055 1355 :
2084 1314 2249 1374 atque
2289 1321 2354 1361 ex
2379 1321 2441 1361 ea
2480 1307 2681 1361 nullam
2723 1307 2930 1376 prolem
2962 1318 3305 1378 susceperat,
3342 1310 3431 1364 cui

1850 1393 2184 1462 relinqueret
2225 1396 2612 1466 principatum.
2647 1394 2729 1451 οι)
2780 1398 2895 1452 hanc
2941 1413 3127 1453 rerum
3168 1408 3342 1455 status
3378 1401 3429 1453 in

1849 1501 1913 1540 ea
1938 1486 2215 1554 provincia
2251 1498 2380 1542 tunc
2414 1490 2677 1558 temporis
2722 1490 3076 1558 perturbatus
3105 1490 3344 1561 majores
3375 1492 3432 1546 in

1849 1587 2129 1647 posterum
2159 1579 2346 1634 turbas
2384 1595 2450 1635 ac
2489 1580 2862 1637 dissensiones
2898 1583 3171 1651 parturire
3209 1583 3434 1639 videba-

1850 1683 1962 1733 tur.
1987 1670 2152 1743 (ιιιοᾶ
2162 1673 2215 1726 in
2245 1674 2483 1729 obscuro
2508 1675 2691 1729 adhuc
2717 1673 2880 1738 foret,
2906 1674 3030 1744 quis
3060 1675 3429 1746 principatum

210 1763 506 1833 πλημμελῶς
530 1766 596 1818 τὸ
620 1767 714 1818 ἐπὶ
751 1765 845 1819 τοῦ
878 1767 1145 1838 παρόντος
1181 1767 1250 1821 τὰ
1276 1767 1455 1820 ἐκεῖσε
1483 1768 1747 1838 ἐφέροντο

1849 1776 2004 1832 illum
2072 1786 2218 1832 esset
2278 1786 2629 1846 excepturus.
2687 1778 2927 1834 Proinde
2981 1794 3105 1833 cum
3175 1781 3432 1851 princeps

212 1856 492 1925 πράγματα.
528 1857 769 1913 Πλείονα
796 1858 854 1912 δὲ
877 1860 971 1912 καὶ
999 1859 1101 1928 τὴν
1124 1862 1205 1923 είς
1228 1859 1292 1913 τὸ
1330 1859 1526 1914 ἒπειτα
1553 1860 1748 1914 ὤδινον

208 1949 414 2019 ταραχήν
450 1966 509 2002 τε
544 1949 646 2004 καὶ
696 1949 889 2005 στάσιν
921 1951 1082 2005 ἕνεκα
1114 1952 1217 2020 τῆς
1263 1952 1465 2024 ἀρχῆς,
1519 1952 1748 2022 άδηλίας

210 2039 272 2093 ἐτι
300 2041 711 2113 κεκαλυμμένου
745 2041 928 2111 βυθοῖς
962 2042 1062 2097 τοῦ
1102 2043 1311 2114 ταύτην
1344 2044 1745 2116 διαδεξομένου.

209 2133 291 2186 Kal
320 2133 410 2203 μὲν
435 2135 498 2204 δὴ
524 2136 625 2189 τοῦ
653 2153 711 2189 τε
736 2136 1006 2207 ἡγεμόνος
1033 2137 1134 2206 τῆς
1159 2118 1343 2207 χώρας
1374 2140 1579 2210 ἐσχάτη
1605 2140 1747 2209 νόσῳ

212 2223 516 2295 πιεζομένου,
553 2227 653 2279 καὶ
681 2228 792 2280 τῶν
837 2226 1112 2298 πολεμίων
1141 2228 1299 2298 δίκην
1330 2229 1528 2299 φλογὸς
1567 2230 1751 2283 ἐπιόν-

207 2332 292 2368 των
327 2320 413 2371 καὶ
444 2319 766 2389 νεμομένων
794 2321 893 2391 τὴν
922 2319 1132 2390 χώραν,
1166 2319 1311 2386 ἔδοξε
1356 2323 1423 2392 τῇ
1452 2321 1577 2375 ’τῶν
1615 2337 1753 2392 προ-

209 2412 405 2479 εχόντων
435 2414 553 2466 ἐκεῖ
580 2412 729 2466 κατά
760 2414 916 2479 γένος
945 2411 1133 2483 βουλῇ,
1157 2398 1407 2484 χρήμδασι
1444 2414 1751 2485 περιελθεῖν

204 2500 304 2563 10");
326 2503 616 2573 πολεμίους
664 2505 761 2558 καὶ.
787 2503 1009 2575 δωρεῶν
1040 2505 1357 2575 ἀϐροτέρων
1386 2504 1546 2560 ὢνιον
1580 2509 1744 2578 ἐσχη-

206 2593 335 2646 κέναι
366 2595 462 2666 τὴν
489 2595 726 2666 γνώμην
758 2596 870 2649 τῶν
903 2596 1217 2667 ἡγεμόνων,
1261 2596 1391 2667 πρὶν
1438 2598 1613 2653 ταῦτα
1645 2602 1746 2652 αὖ-

203 2686 306 2747 τοὺς
331 2687 545 2756 ἀφελεῖν
575 2688 821 2760 πολεμίᾳ
855 2690 1020 2759 χειρὶ,
1057 2689 1253 2743 δώσειν
1296 2708 1355 2745 τε
1406 2691 1745 2761 ὑποσχέσθαι

203 2779 423 2845 πομποὺς
449 2782 579 2843 τοὺς
614 2781 929 2847 ἀπάξοντας
960 2782 1057 2834 ἐπί
1093 2800 1152 2836 τε
1192 2785 1419 2853 Ἀχαΐαν
1450 2786 1545 2840 καὶ
1577 2786 1747 2838 Βοιω-

199 2871 316 2935 τίαν,
372 2871 556 2942 χώραν
593 2872 772 2943 άϐράν
820 2890 879 2926 τε
930 2876 1023 2928 καὶ
1074 2874 1355 2948 εὔκαρπον
1406 2880 1501 2931 καὶ
1543 2877 1745 2940 πολλὰς

1845 1881 2096 1926 extremo
2122 1870 2318 1926 morbo
2348 1871 2512 1942 250
2557 1871 2851 1938 laboraret,
2884 1881 2941 1926 et
2968 1874 3153 1927 hostes
3195 1872 3430 1928 ﬂammae

1844 1962 2020 2018 instar
2038 1965 2379 2033 provinciam
2407 1973 2837 2033 pervagarentur
2862 1970 3030 2033 atque
3050 1946 3427 2029 absumerent,

1844 2055 2029 2111 habita
2065 2055 2464 2111 deliberatione
2500 2056 2536 2111 ii
2567 2056 2662 2125 qui
2694 2042 2896 2123 genere
2944 2057 3263 2112 eminebant
3291 2071 3430 2112 eel-

1843 2155 2097 2210 suerunt,
2144 2147 2395 2218 pecuniis
2437 2147 2774 2203 illiciendum
2824 2148 3076 2211 hostem.
3119 2157 3174 2204 et
3225 2149 3428 2204 durum

1852 2239 2166 2294 voluntates
2188 2238 2518 2309 largioribus
2540 2238 2698 2295 donis
2721 2239 3091 2306 redimendas,
3112 2239 3428 2310 priusquam

1853 2328 1944 2383 illa
1976 2330 2045 2383 ab
2073 2329 2140 2385 iis
2175 2329 2300 2399 jure
2336 2329 2465 2385 belli
2502 2338 2871 2399 raperentur;
2907 2330 3276 2399 ductoresque
3306 2346 3432 2399 pro-

1854 2419 2173 2486 mittendos,
2210 2422 2303 2492 qui
2332 2436 2429 2476 eos
2465 2422 2519 2475 in
2554 2420 2818 2478 Achaiam
2851 2429 2908 2476 et
2936 2421 3227 2485 Bmotiam,
3259 2422 3433 2492 regio-

1853 2527 1978 2565 nem
2010 2512 2211 2566 cultam
2242 2521 2296 2566 et
2334 2512 2650 2583 frugiferam
2689 2522 2744 2568 et
2774 2512 3114 2569 atnmnitatis
3135 2513 3349 2583 plenam
3376 2523 3432 2568 et

1843 2607 2088 2659 omnium
2127 2607 2363 2677 maxime
2386 2608 2733 2663 commodam
2785 2608 2851 2662 ad
2886 2607 3268 2673 habitandum,
3308 2622 3431 2677 per-

1844 2698 2134 2753 ducerent.
2177 2697 2336 2763 Quod
2380 2699 2424 2754 si
2467 2698 2690 2754 auxiliis
2720 2708 2865 2753 esset
2895 2714 3055 2768 opus,
3097 2713 3161 2754 ea
3210 2712 3429 2767 quoque

1844 2788 2100 2849 alacriter
2133 2788 2334 2850 danda,
2363 2797 2418 2842 et
2450 2804 2549 2858 per
2576 2804 2795 2859 omnem
2824 2799 3041 2846 aetatem
3070 2790 3279 2846 amicos
3310 2789 3428 2843 ilio-

1846 2895 1966 2957 runi
2004 2877 2221 2935 futuros
2247 2894 2308 2934 se
2336 2879 2726 2948 proﬁtendum.

201 2969 514 3037 κεκτημένην
539 2970 645 3035 τάς
674 2969 907 3041 χάριτας
940 2972 1035 3025 καὶ
1059 2971 1177 3040 ἃμα
1210 2970 1347 3042 πρὸς
1380 2971 1597 3042 οἴκησιν
1662 2973 2121 3043 ἐπιτηδειοτάτην
2190 2974 2383 3029 πασῶν
2407 2990 2421 3004 ·
2459 2976 2510 3029 ει
2577 2974 2635 3027 δὲ
2685 2974 2783 3028 καὶ
2831 2974 3151 3045 συμμαχίας
3194 2976 3424 3039 δέοιντο,

200 3062 274 3115 καὶ
300 3065 446 3119 τοῦτο
473 3065 532 3119 δὲ
582 3065 733 3134 μάλα
770 3064 1071 3137 προθύμως
1103 3066 1280 3119 τελεῖν
1314 3067 1409 3119 καὶ
1453 3065 1640 3134 φίλους
1671 3064 1811 3120 εἷναί
1847 3084 2004 3137 σφισι
2029 3067 2118 3121 διὰ
2149 3068 2293 3138 βίου.

254 3156 316 3211 B'.
348 3160 516 3214 Τοῦτο
545 3162 650 3214 καὶ
681 3162 793 3224 τοῖς
820 3161 1071 3224 Λατίνοις
1115 3160 1350 3231 ἀρεστόν
1378 3176 1434 3213 τε
1467 3158 1614 3225 ἔδοξε
1649 3162 1744 3215 καὶ

1918 3162 1990 3217 ll.
2028 3162 2082 3217 Id
2116 3172 2172 3218 et
2204 3163 2416 3219 Latinis
2446 3162 2580 3233 ipsis
2610 3162 2816 3234 placuit
2843 3203 2859 3229 ,
2889 3163 3001 3231 imo
3026 3163 3429 3233 optatissimum

199 3249 314 3319 μάλα
340 3250 509 3322 δήπου
538 3252 690 3306 κατὰ
714 3250 1221 3322 γνὼμην.Ἕφασαν
1237 3251 1368 3322 γάρ,
1396 3252 1472 3316 ὡς
1501 3270 1520 3303 ι
1548 3252 1609 3304 Ei
1641 3269 1742 3305 πο-

198 3342 316 3413 λέμῳ
338 3344 417 3414 [Ρ.
440 3345 569 3417 154]
594 3346 691 3398 καὶ
720 3345 872 3416 μάχη
899 3345 966 3397 τά
988 3344 1087 3413 τῆς
1112 3344 1392 3409 ἐκϐάσεως
1424 3345 1741 3415 ἐπιτρέψαι-

199 3439 343 3510 μεν,ῆ
366 3457 421 3493 τε
448 3439 609 3512 χώρα
638 3439 977 3510 φθαρήσεται
1016 3437 1087 3490 τά
1118 3455 1179 3490 τε
1200 3438 1495 3509 πράγματα
1523 3455 1741 3509 συντρι.

198 3526 417 3598 δήσονται
446 3535 559 3587 κάκ
586 3531 801 3585 πολλῶν
826 3534 881 3596 ἐς
911 3532 1096 3586 στενὸν
1126 3534 1318 3603 κομιδῆ
1349 3533 1742 3604 συνελαθήσον-

198 3635 297 3687 ται,
324 3623 454 3691 ὑπὲρ
487 3644 566 3679 ων
606 3627 739 3696 ἡμῖν
769 3626 803 3696 ἡ
836 3627 986 3679 πᾶσα
1018 3626 1249 3697 σπουδή.
1283 3624 1515 3679 Ἔπειτα
1546 3628 1642 3679 καὶ
1672 3626 1740 3679 τά

199 3711 275 3781 τῆς
291 3715 435 3785 νίκης
458 3711 517 3770 οῖ
540 3717 919 3788 προχωρήσει,
934 3716 1044 3772 τῶν
1071 3718 1285 3771 πάντων
1314 3718 1461 3771 ἐστὶν
1485 3717 1658 3780 οὐδεὶς
1683 3716 1741 3774 ὃς

200 3804 518 3870 ἐξεπίσταται
545 3811 691 3881 πλὴν
730 3809 762 3880 ἢ
809 3809 965 3871 Θεός.
998 3809 1160 3880 Ἡμῖν
1197 3808 1242 3862 δ’
1260 3809 1409 3862 ἐστιν
1437 3809 1513 3872 ὡς
1535 3808 1741 3864 ἐπίπαν

201 3899 311 3966 ἀμφι
324 3902 549 3973 εδητήσι
559 3920 642 3973 μα
672 3894 845 3957 ταῦτα
862 3904 956 3975 καλ.
985 3902 1196 3973 οὐδαμῆ
1223 3919 1312 3957 πω
1337 3903 1507 3974 σαφῆ.
1539 3902 1603 3957 Εί
1631 3904 1742 3972 γὰρ

198 3990 241 4041 ai
260 3993 464 4059 πλείους
512 3995 801 4066 ξυντυχίαι
843 4000 961 4061 ὶτοῖς
1008 3995 1321 4069 ἀνθρώποις
1350 3997 1548 4067 ἐπίσης
1600 3997 1741 4073 εἰσὶν

198 4083 538 4156 ὲλπιζὸμεναι,
570 4089 728 4143 οὐδὲν
758 4082 923 4162 ἦττον
963 4092 1059 4144 καὶ
1087 4089 1239 4159 σφίσι
1265 4090 1326 4143 τὸ
1355 4091 1742 4161 περιγενέσθαι

200 4178 535 4246 συμϐάλλεται
568 4184 721 4253 ἢπερ
750 4183 903 4254 ἡμῖν.
935 4181 1075 4235 οὗτε
1096 4183 1206 4261 γὰρ
1231 4183 1362 4252 ἡμῖν
1397 4185 1516 4236 ἐστι
1548 4187 1742 4240 πιστόν

199 4282 240 4318 τι
265 4272 516 4340 ἐχέγγυον
566 4275 629 4337 ἐς
659 4273 721 4328 τὸ
749 4273 947 4344 μέλλον
979 4274 1111 4344 περὶ⁵
1151 4273 1249 4347 τῆς
1278 4273 1457 4345 νίκης,
1499 4272 1613 4327 οὔτ’
1646 4276 1745 4328 αὐ-

203 4362 292 4424 τοῖς
330 4364 576 4437 ἀπλανὴς
610 4366 666 4418 εί
699 4381 781 4428 τις
811 4364 941 4437 περὶ
990 4364 1194 4436 ταύτης
1239 4364 1367 4432 δόξα
1424 4366 1743 4436 πρόσεστιν.

201 4452 319 4507 Ait:
340 4458 446 4528 γάρ
475 4456 786 4528 δυσχωρίαι
815 4456 926 4511 τῶν
956 4457 1121 4526 ὀρῶν,
1156 4452 1238 4520 οἷς
1263 4459 1295 4525 ἡ
1339 4456 1503 4525 φύσις
1541 4457 1744 4510 πολλα-

1849 3257 1973 3312 fuit.
2018 3276 2035 3308 ι
2072 3253 2312 3321 Etenim,
2354 3256 2597 3319 aiebant,
2626 3256 2673 3311 si
2708 3256 2840 3310 belli
2872 3265 3130 3311 eventum
3173 3265 3228 3310 et
3251 3273 3432 3311 armu-

1851 3368 1969 3405 rum
2026 3350 2305 3405 fortunam
2350 3353 2717 3418 experiamur,
2772 3349 3082 3403 vastabitnr
3122 3350 3428 3418 provincia,

1849 3459 1985 3513 opus
2024 3451 2365 3507 atterentur,
2407 3450 2462 3496 et
2503 3455 2572 3495 ex
2609 3455 2802 3511 magna
2840 3440 2995 3509 copia
3042 3441 3109 3494 ad
3155 3455 3427 3495 summam

1849 3536 2090 3603 illepiani
2119 3533 2394 3595 recident,
2431 3548 2529 3600 pro
2563 3532 2763 3597 quibus
2786 3533 2967 3587 omnis
2998 3547 3028 3585 a
3074 3535 3234 3588 nobis
3271 3532 3431 3586 labor

1849 3626 2169 3695 Suscipitur.
2200 3624 2402 3681 Deinde
2442 3638 2614 3693 penes
2658 3626 2833 3693 quem
2857 3622 3085 3679 victoria
3119 3624 3301 3678 futura
3332 3623 3430 3689 sit,

1850 3731 2048 3788 praeter
2103 3717 2271 3773 Deum
2322 3732 2486 3772 nemo
2529 3717 2779 3771 omnium
2829 3715 3127 3787 prospicit:
3175 3716 3269 3773 sed
3310 3717 3427 3769 base

1832 3826 2078 3881 prorsus
2115 3810 2372 3881 ambigua
2405 3818 2459 3864 et
2492 3808 2673 3865 adhuc
2701 3810 2929 3863 minime
2958 3808 3261 3877 explorata.
3290 3808 3425 3862 Nam

1849 3909 2100 3981 quamvis
2132 3906 2379 3978 plerique
2417 3913 2652 3959 eventus
2708 3904 2776 3957 ab
2820 3902 3135 3958 hominibus
3170 3917 3235 3956 ex
3271 3916 3430 3970 mque

1849 4009 2164 4071 sperentur,
2213 3998 2386 4052 nibiio
2416 4005 2600 4050 tamen
2636 3995 2814 4050 minor
2838 3993 2945 4048 illis
2969 3993 3229 4047 vincendi
3263 4007 3427 4062 quam

1853 4091 2012 4147 nobis
2042 4104 2171 4160 spes
2200 4088 2484 4159 proposita
2507 4096 2615 4142 est.
2640 4090 2719 4141 Ac
2767 4098 2946 4155 neque
2973 4098 3077 4138 nos
3124 4083 3321 4163 futura:
3351 4082 3431 4135 vi-

1853 4184 2037 4240 ctoriae
2070 4183 2266 4253 pignus
2302 4182 2471 4234 ullum
2500 4188 2712 4234 certum
2756 4178 3062 4243 habemus,
3105 4190 3207 4231 nec
3242 4175 3288 4230 si
3321 4191 3428 4245 qua

1854 4276 1963 4330 illis
1980 4273 2252 4347 ejusmodi
2283 4271 2479 4326 ﬁducia
2506 4279 2612 4333 est,
2631 4286 2695 4325 ea
2721 4269 2833 4323 falli
2860 4284 2970 4323 non
2996 4276 3194 4338 potest.
3217 4267 3431 4337 Quippe

1851 4378 1910 4425 et
1939 4366 2206 4422 montium
2237 4365 2369 4436 juga
2397 4379 2616 4435 aspera,
2658 4363 2859 4435 quibus
2910 4370 3106 4417 natura
3148 4361 3428 4431 regionem

1855 4460 2096 4528 undique
2126 4458 2346 4523 muniit,
2378 4457 2716 4512 habitatores
2751 4464 2898 4511 tutos
2928 4465 2983 4511 et
3014 4454 3252 4510 audaces
3288 4470 3424 4523 pne-

199 4548 327 4616 χόθεν
356 4554 455 4623 τὴν
482 4552 678 4623 χώραν
707 4551 1021 4622 ὠχύρωσεν,
1050 4551 1355 4620 ἀσφάλειάν
1400 4568 1459 4603 τε
1490 4553 1585 4605 καὶ
1612 4550 1746 4622 θάρ-

1855 4560 2044 4620 stant;
2079 4561 2133 4608 et
2165 4550 2389 4608 castella
2420 4552 2472 4605 in
2507 4550 2635 4604 altis
2675 4549 2778 4603 sita
2814 4548 3096 4603 montibus
3140 4545 3428 4601 obsidendi
3510 4598 3521 4613 ,

202 4658 270 4704 σος
290 4649 392 4709 τοῖς
428 4646 628 4717 έχουσι
661 4644 845 4718 δίδωσι
866 4660 880 4674 ⁸
918 4644 991 4698 τά
1028 4660 1086 4697 τε
1134 4646 1374 4717 φρούρια
1405 4645 1491 4713 ἐφ’
1524 4645 1747 4715 ὑψηλῶν

202 4732 426 4805 ἱδρυμένα
471 4738 588 4793 τῶν
622 4739 807 4791 τόπων
857 4737 1144 4808 ἀμήχανον
1194 4739 1329 4807 ημῖν
1376 4736 1607 4806 παρέξει
1645 4738 1745 4807 τὴν

204 4827 507 4899 πολιορκίαν.
559 4831 727 4883 ἽΩστε
774 4829 1056 4899 ὁποτέρως
1089 4827 1201 4893 ῐξει
1240 4828 1303 4882 τὸ
1335 4829 1617 4905 πρᾶγμαη
1645 4827 1746 4881 οὐκ

198 4915 325 4973 ιῖιοδα
364 4926 431 4976 τά
478 4922 589 4993 τῆς
637 4921 962 4984 ἀποϐάσεως
1004 4922 1139 4992 ἡμῖν
1184 4920 1401 4992 ἀπαντᾷ
1431 4919 1607 4981 οὕτως
1653 4918 1748 4972 ἐπὶ

199 5010 328 5083 ξένης
355 5016 744 5087 πλανωμένοις
776 5018 875 5068 καὶ
916 5012 1215 5086 ἀλλοτρίας
1235 5013 1334 5087 καὶ
1365 5011 1623 5067 τοσοῦτον
1651 5012 1751 5082 τῆς

195 5104 369 5172 οἰκείας
392 5109 837 5180 ἀπῳκισμένοις.
868 5107 992 5160 Τῶν
1028 5105 1124 5159 οὖν
1145 5106 1515 5160 ἀτοπωτάτων
1546 5103 1745 5175 ἀνείη,
1796 5162 1817 5183 κ

198 5202 343 5269 παρὸν
393 5204 687 5275 ἐμπλῆσαι
727 5200 1004 5256 τοσούτων
1057 5199 1511 5272 χρημάτωνγτάς
1562 5197 1748 5263 δεξιὰς

196 5288 301 5346 ἄνευ
332 5297 510 5351 πόνων
540 5296 643 5351 καὶ
686 5297 804 5365 ἃμα
843 5292 1151 5365 συμμάχων
1186 5291 1281 5344 καὶ
1311 5290 1482 5362 φίλων
1507 5289 1769 5359 εὐπορῆ-.

1852 4645 2169 4700 facultatem
2196 4656 2415 4698 omnem
2448 4642 2608 4698 nobis
2636 4640 2907 4696 adimunt.
2936 4638 3118 4704 Quare
3149 4647 3429 4705 utcunque

1853 4749 1943 4790 res
1973 4733 2255 4796 ceciderit,
2288 4747 2395 4786 non
2440 4730 2600 4786 facile
2629 4729 2734 4785 bac
2762 4730 2846 4783 via
2872 4728 3033 4784 nobis
3061 4725 3347 4791 succedet,
3373 4725 3432 4779 in

1850 4826 2035 4883 alieno
2078 4840 2143 4881 ac
2194 4825 2491 4896 peregrino
2539 4823 2698 4894 251
2751 4823 2868 4877 solo
2915 4803 3327 4882 obePrantibus,
3374 4827 3431 4873 et

1852 4929 1962 4975 tam
1995 4919 2155 4989 longe
2184 4934 2213 4972 a
2246 4918 2423 4988 patria
2451 4917 2722 4988 relegatis.
2756 4913 3228 4992 Absurdissimum
3261 4901 3431 4985 i'gitur

1854 5012 2043 5072 fuerit.
2081 5026 2208 5066 cum
2251 5011 2460 5080 absque
2503 5008 2695 5064 labore
2736 5005 2973 5078 pecunia
3020 5007 3275 5061 dexteras
3325 5009 3432 5056 im—

1855 5105 2004 5175 plere
2037 5080 2535 5172 eademque‘opera
2570 5100 2749 5155 socios
2779 5099 2939 5153 nobis
2968 5105 3025 5153 et
3052 5097 3257 5152 amicus
3297 5096 3434 5149 tales

1850 5196 2136 5265 acquirere
2181 5196 2474 5265 possimus,
2529 5210 2592 5247 ea
2647 5193 2936 5246 occasione
2975 5199 3182 5260 spreta,
3234 5202 3428 5257 magna

1852 5287 2094 5357 pericula
2116 5288 2326 5352 incerta
2356 5301 2452 5356 spe
2485 5285 2691 5340 subire.
2732 5282 2770 5336 ι’

199 5403 270 5442 ϐιι
292 5394 579 5459 τοιούτων,
612 5392 804 5446 ἔπειτα
838 5389 1305 5462 παραδραμόντας
1333 5388 1475 5457 ὑπὲρ
1519 5386 1737 5456 ἀδήλων
1773 5385 2016 5438 ἀλπίδων
2049 5374 2324 5456 μεγάλους
2369 5383 2729 5459 ἀναδέχεσθαι
2765 5381 3069 5443 κινδύνους.
3095 5396 3113 5431 ι

1483 5507 1817 5570 Variorum
1866 5516 2057 5571 notae.

222 5616 604 5693 ,ϐω-ποδαπὴ
637 5617 850 5693 Λιιεειί,
880 5616 995 5686 qui,
1048 5615 1213 5672 ducta
1238 5613 1396 5670 lrene
1428 5611 1729 5668 Andronici
1771 5612 1887 5683 imp
1939 5613 2044 5667 tilia
2076 5612 2270 5675 notha,
2303 5609 2543 5666 triennio
2606 5617 2729 5681 post
2759 5600 2929 5662 nullis
2985 5599 3259 5670 susceptis
3282 5596 3426 5653 libe-

201 5689 258 5740 ris
274 5704 300 5743 e
320 5690 425 5744 vita
457 5698 797 5745 excesserat.
827 5689 1062 5745 Ducam.
