3980 6204
241 348 337 411 469
461 342 531 416 [Α.
571 359 622 398 c.
667 344 802 399 I282
839 361 902 399 tu
946 343 1106 416 1328]
1183 349 1628 412 ΒΥΖᾹΝΤΙΝΕ
1656 354 1782 413 IIIS

1895 354 2036 413 ΜΕ
2062 355 2208 416 LIB.
2243 356 2402 416 tht.
2485 346 2613 421 [ιιιρο
2658 365 2945 407 Αιωιιοκιε-
3005 349 3152 424 sm]
3348 355 3470 419 470’

241 482 347 519 σιαι
371 464 598 517 ἐκέλευε.
633 465 707 517 Τὸ
747 465 792 517 δ’
823 465 1020 530 αῐτιον,
1054 467 1135 519 ὅτι
1173 466 1266 520 καὶ
1307 465 1397 518 τὸν
1429 466 1530 534 τῆς
1566 466 1774 540 μητρὸς

1895 475 2019 532 :rat,
2051 467 2195 537 quod
2223 466 2449 522 alterius
2482 467 2732 522 mulieris
2771 468 3152 526 vehementior
3175 479 3230 527 et
3259 480 3453 542 poten-

241 556 383 610 αὑτοῦ
430 556 682 626 Καθαρὶς
718 557 897 628 ἔρωτα
936 558 1123 628 ἕτερος
1161 559 1423 628 ἐξαπίνης
1455 557 1774 628 ἐπιδραμὼν

240 649 571 720 ἀντέκρουσεν
603 650 742 718 ἔρως
796 651 1257 720 ἐπικρατέστερος
1307 650 1486 720 πολλῷ
1519 651 1612 704 καὶ
1646 668 1778 716 σφο-

241 740 486 809 δρότερος.

299 830 363 886 B’.
407 830 552 883 Ἐπεὶ
576 830 684 901 γὰρ
715 831 851 902 πρὸς
889 831 984 885 τοῦ
1020 833 1230 903 πατρὸς
1261 835 1354 886 καὶ
1387 833 1648 904 βασιλέως
1679 833 1779 902 τὴν

241 924 510 992 ἐπιτροπὴν
538 922 755 986 ἐδέξατο
786 923 896 978 τῶν
923 941 985 978 τε
1017 926 1072 976 ἐν
1099 925 1409 996 Μακεδονίᾳ
1437 925 1779 994 πραγμάτων

243 1014 320 1067 καὶ
347 1013 736 1084 Θεσσαλονίκης
763 1017 934 1082 αὐτῆς
963 1017 1218 1086 (διέτριϐε
1246 1017 1300 1070 δὲ
1328 1019 1398 1069 τὰ
1433 1017 1662 1069 πλεῖστα
1683 1015 1778 1068 τοῦ

239 1107 403 1166 ἄστεος
448 1105 594 1159 ἐνδον
641 1106 1092 1176 Θεσσαλονίκης),
1123 1107 1286 1178 ἔρωτι
1332 1111 1592 1176 γυναικὸς
1639 1108 1780 1161 eam

241 1197 359 1258 τινὸς
387 1195 486 1247 τῶν
516 1197 818 1264 ἐπιφανῶν.
847 1193 955 1249 Ἦν
981 1199 1038 1250 δὲ
1072 1198 1208 1266 αὕτη
1237 1199 1484 1268 Θυγάτηρ
1521 1199 1617 1268 μὲν
1648 1199 1780 1250 Νεο-

240 1286 562 1352 καισαρ;ίτου
607 1286 698 1338 τοῦ
747 1287 1234 1358 πρωτασηκρῆτις,
1281 1291 1512 1356 σύζυγος
1545 1289 1598 1340 δὲ
1624 1290 1780 1340 Κων-

243 1376 489 1428 σταντίνου
525 1377 620 1428 τοῦ
661 1377 1053 1440 Παλαιολόγου.
1103 1378 1260 1431 Οὕτω
1315 1380 1360 1431 δ’
1401 1379 1781 1448 ἀπαράμιλλος

238 1462 294 1536 ἦν
317 1467 387 1536 τῷ
415 1484 469 1519 τε
493 1469 592 1535 τῆς
617 1468 791 1535 ὅψεως
822 1467 1010 1522 κάλλει
1039 1471 1132 1522 καὶ
1163 1471 1229 1539 τῇ
1264 1472 1359 1538 τῆς
1401 1469 1648 1537 γλώττης
1675 1468 1784 1520 δει-

238 1557 393 1626 νότητι
422 1559 516 1609 καὶ
553 1557 628 1626 τῷ
662 1558 959 1630 ἐφέρποντι
991 1557 1088 1611 τοῦ
1121 1558 1288 1629 ﬂeo»;
1323 1557 1498 1628 ὑγρῷ,
1543 1557 1684 1610 ὥστε
1721 1558 1780 1609 ού

232 1651 335 1714 ταῖς
371 1650 474 1703 τῶν
505 1651 949 1719 ἐντυγχαιόντων
981 1652 1140 1721 μόνον
1165 1653 1367 1720 ψυχαῖς
1393 1651 1632 1719 ἄφυκτόν
1661 1667 1780 1702 τινα

231 1743 313 1810 τὴν
345 1742 614 1811 ἐρωτικὴν
647 1743 889 1812 σαγήνην
918 1743 1272 1812 ἐπέρριπτεν,
1310 1741 1447 1796 ἀλλὰ
1479 1744 1586 1794 κάκ
1613 1743 1782 1812 μόνης

1883 559 1988 614 tior
2013 561 2186 616 multo
2216 575 2374 615 amor
2404 570 2628 625 repente
2653 562 2922 618 excitatus
2947 563 3204 620 Cathara:
3230 581 3451 636 quoque

1880 653 2072 708 matris
2104 654 2223 726 ejus
2250 669 2493 708 amorem
2521 653 2828 723 depulerat.

1955 832 2018 886 11.
2059 831 2194 886 Nam
2232 848 2416 886 rerum
2457 831 2932 887 Macedonicarum
2969 841 3024 887 et
3064 833 3236 904 ipsius
3278 833 3456 888 Thes-

1883 923 2137 978 salonica:
2170 921 2552 992 praefecturam
2588 939 2712 977 cum
2749 939 2778 976 a
2814 931 2967 992 patre
3001 924 3332 993 imperatore
3362 939 3456 978 ac-

1883 1016 2139 1083 cepisset,
2172 1024 2227 1068 et
2261 1014 2316 1068 in
2349 1029 2414 1068 ea
2451 1018 2584 1069 urbe
2618 1015 2943 1085 plerumque
2968 1027 3302 1078 versaretur,
3339 1032 3428 1069 mu

1883 1104 2039 1159 Iieris
2067 1105 2350 1175 cujusdam
2385 1105 2614 1160 illustris
2645 1121 2832 1159 amore
2873 1115 3066 1174 captus
3096 1113 3199 1158 est.
3232 1104 3364 1158 Erat
3392 1120 3456 1158 ea

1883 1195 2260 1250 Neocaesaritre
2295 1197 2741 1265 protosecretarii
2783 1196 2912 1262 tilia,
2957 1196 3303 1250 Constantini
3354 1196 3459 1249 Pa-

1885 1287 2094 1356 lmologi
2131 1303 2287 1341 uxor.
2314 1287 2389 1340 Ita
2418 1304 2548 1342 vero
2577 1298 2631 1342 et
2657 1289 2926 1358 elegantia
2961 1289 3149 1343 forma:
3177 1299 3232 1342 et
3260 1289 3461 1358 lingua:

1884 1377 2142 1432 facundia
2182 1389 2236 1432 et
2281 1378 2480 1433 blanda
2513 1395 2726 1434 morum
2761 1382 3018 1436 comitate
3061 1386 3370 1450 prastabat,
3403 1390 3462 1434 ut

1886 1485 1994 1522 non
2044 1470 2208 1536 modo
2258 1480 2481 1539 aspectu
2532 1485 2634 1524 suo
2682 1471 2898 1524 animos
2937 1486 3150 1534 eorum,
3195 1487 3224 1525 a
3260 1471 3462 1540 quibus

1884 1559 2165 1626 adibatur,
2197 1559 2503 1615 inevitabili
2535 1561 2772 1628 quodam
2804 1563 3012 1616 amoris
3037 1562 3233 1632 laqueo
3278 1563 3463 1617 irreti-

1887 1663 1990 1721 rct,
2027 1655 2121 1710 sed
2162 1655 2276 1709 sola
2321 1655 2487 1710 etiam
2535 1655 2677 1710 fama
2726 1656 2994 1710 excitatos
3041 1655 3310 1725 plurimos
3343 1657 3460 1724 pari

1886 1750 2081 1800 ardore
2117 1745 2498 1800 inﬂammaret.
2536 1746 2706 1800 Tanta
2751 1746 2900 1800 enim
2945 1755 3151 1800 naturre
3187 1746 3292 1800 fuit
3333 1761 3465 1815 erga

228 1836 309 1902 τῆς
334 1835 518 1904 φήμης
558 1837 683 1897 τοὺς
722 1835 1010 1900 πλείστους
1060 1836 1198 1903 πρδς
1246 1836 1371 1898 τοὺς
1411 1835 1610 1905 ἐαυτῆς
1655 1835 1779 1888 ἀνέ-

1895 1855 2004 1895 zam
2033 1841 2356 1906 liberalitas,
2389 1850 2449 1894 ut
2480 1850 2592 1895 toto
2620 1840 2774 1892 vultu
2803 1840 3129 1910 elegantiam
3158 1838 3459 1909 praeferret;

230 1926 398 1994 φλέγεν
417 1926 652 1995 ἔρωτας.
697 1926 854 1981 Οὕτω
884 1926 992 1997 γὰρ
1020 1928 1052 1998 ἡ
1095 1927 1254 1993 φύσις
1286 1929 1414 1998 περὶ
1443 1927 1540 1998 τὴν
1571 1927 1781 1998 ἄνθρω-

229 2035 311 2069 πον
344 2019 796 2088 ἐφιλοτιμήσατο,
831 2017 970 2071 ὥστε
1007 2018 1210 2089 πολλὴν
1249 2018 1349 2088 μὲν
1383 2019 1476 2070 ἐπὶ
1520 2017 1614 2070 τοῦ
1647 2036 1781 2087 προ-

228 2109 384 2162 σώπου
435 2110 538 2180 τὴν
598 2111 906 2180 εὐρυθμίαν
957 2111 1276 2181 ἐφήπλωσε,
1321 2110 1524 2178 πολλὴν
1576 2110 1632 2163 δέ
1680 2111 1779 2181 τὴν

227 2201 430 2270 ὀξύτητα
479 2203 619 2272 περὶ
656 2203 755 2273 τὴν
793 2203 1038 2256 διάνοιαν
1091 2203 1448 2274 ἐθησαύρισε,
1481 2203 1684 2274 πολλὴν
1719 2203 1778 2256 δέ

229 2297 307 2348 καὶ
329 2301 387 2366 τῇ
419 2295 642 2367 γλώττῃ
693 2299 961 2367 ἐνήρμοσε
1013 2297 1112 2366 τὴν
1163 2295 1342 2350 πειθὼ
1374 2297 1465 2349 καὶ
1495 2295 1777 2366 δεινότητα

230 2389 306 2440 καὶ
330 2391 383 2440 τὸ
411 2388 718 2458 εὔστροφον
754 2389 846 2441 καὶ
875 2389 1100 2458 ἐπίχαρι
1135 2389 1235 2459 τῆς
1257 2390 1444 2460 ἠχοῦς.
1474 2385 1580 2444 Ἦν
1608 2390 1664 2442 δὲ
1687 2389 1780 2442 καὶ

233 2482 395 2548 σοφίας
421 2484 517 2553 τῆς
576 2480 813 2552 θύραθεν
858 2483 960 2534 οὐκ
1008 2483 1300 2553 ἄμοιροςὴ
1343 2484 1500 2550 γυνή.
1533 2478 1642 2536 Ἦν
1670 2483 1781 2554 γὰρ

232 2573 340 2624 ιδείν
368 2574 536 2642 αὐτὴν
567 2573 748 2626 πάντα
782 2575 876 2627 καὶ
921 2576 1151 2626 παντοῖα
1183 2575 1381 2644 ῥᾳδίως
1416 2575 1559 2628 κατὰ
1591 2575 1780 2647 καιρὸν

232 2664 278 2715 ἐν
294 2668 350 2733 τῇ
381 2666 568 2736 ὁμιλία
601 2666 690 2718 διὰ
723 2665 969 2737 γλώττης
996 2665 1402 2736 προφέρουσαν,
1431 2668 1531 2720 ὅσα
1555 2669 1618 2719 τε
1642 2668 1780 2737 αὑτὴ

230 2756 282 2808 δι’
309 2758 499 2828 ἑαυτῆς
528 2758 834 2824 ἀνεγνώκει
867 2757 963 2810 καὶ
1001 2757 1102 2810 ὅσα
1143 2757 1410 2825 λεγόντων
1440 2757 1616 2812 ἄλλων
1645 2759 1783 2828 ἀκη-

233 2866 357 2913 κοεν,
404 2853 477 2914 ὼς
524 2851 718 2904 Θεανώ
767 2869 890 2904 τινα
941 2850 1331 2920 Πυθαγορικὴν
1372 2852 1464 2904 καὶ
1511 2850 1782 2904 ’Υπατίαν

231 2943 376 3013 ἀλλην
399 2943 771 3013 ὀνομάζεσθαι
807 2943 1012 3014 ταύτην
1044 2945 1181 3012 πρὸς
1228 2944 1338 2996 τῶν
1385 2945 1472 3012 ἐφ’
1498 2945 1656 3014 ἡμῶν
1691 2961 1782 2996 σο-

232 3037 352 3100 ςωτέ
363 3053 487 3106 ρων.
509 3036 732 3090 Τούτων
748 3036 1004 3090 ἁπάντων
1019 3038 1428 3100 Κωνσταντῖνος
1447 3037 1474 3088 ό
1493 3037 1780 3106 δεσπότης,
1797 3057 1806 3064 “

230 3125 291 3190 ὡς
317 3127 547 3198 ἔφημεν,
588 3129 648 3190 ἐς
689 3129 758 3180 τὰ
805 3128 1042 3197 μάλιστα
1072 3128 1276 3198 ἥττητο
1318 3130 1413 3181 καὶ
1440 3127 1785 3197 ἀπεπειρᾶτο

231 3222 313 3287 τῆς
339 3219 601 3286 γυναικὸς
662 3222 752 3272 καὶ
801 3219 978 3290 λάθρα
1022 3218 1174 3288 ὴείου
1228 3218 1653 3290 μίγνυσθαιεῚΙ
1703 3218 1781 3282 δὲ,

232 3310 322 3362 είτε
359 3311 450 3363 τὸν
505 3310 746 3378 σύζυγον
797 3311 1091 3376 δεδοικυῖα,
1145 3313 1254 3364 εἴτε
1304 3311 1691 3381 μυσαττομένη
1725 3311 1786 3363 τὸ

233 3405 310 3472 τῆς
335 3407 584 3472 πράξεως
602 3405 861 3475 ἄθεσμον,
886 3405 1278 3476 ἀνθίστατόΙΡ.
1311 3404 1437 3477 181]
1461 3422 1519 3459 τε
1544 3408 1635 3459 καὶ
1655 3407 1790 3458 ἀπε-

233 3497 459 3565 τρέπετο.
494 3499 560 3551 ’0
593 3497 638 3549 δ’
680 3498 804 3550 ὅσον
843 3498 1062 3568 ἐκείνην
1105 3498 1562 3568 ἀποτρεπομένην
1610 3497 1782 3568 ἐώρα,

233 3589 461 3641 τοσοῦτον
486 3588 655 3652 αὐτὸς
689 3591 828 3660 πρὸς
880 3589 1130 3658 μείζονας
1177 3590 1431 3654 ἐξεκάετο
1459 3593 1587 3655 τοὺς
1617 3591 1788 3661 αὐτῆς

234 3679 444 3749 ἔρωτας·
475 3683 572 3737 καὶ
616 3678 685 3754 ἦν
737 3683 888 3748 ἰδεῖν,
931 3684 988 3735 τὸ
1025 3682 1116 3736 τού
1159 3683 1461 3748 Πλάτωνος,
1485 3685 1582 3756 τὴν
1612 3684 1791 3756 ψυχὴν

234 3774 314 3826 τοῦ
345 3777 573 3845 ἐρῶντος
605 3778 662 3828 ἐν
698 3775 964 3847 ἀλλοτρίῳ
1020 3778 1206 3841 ζῶσαν
1247 3777 1324 3846 τῷ
1360 3777 1596 3848 σώματι.
1640 3779 1792 3832 Ἐπεὶ

233 3866 278 3917 δὲ
304 3869 435 3936 μετὰ
465 3870 665 3940 χρόνον
693 3870 820 3922 τινὰ
851 3869 941 3922 τὸν
986 3868 1102 3938 βίον
1134 3871 1162 3923 ὁ
1203 3869 1408 3938 ταύτης
1438 3870 1675 3924 ἀπέλιπε
1693 3869 1793 3940 σύ-

235 3957 394 4025 ζυγος,
565 3960 931 4032 σφοδρότερον
983 3956 1052 4032 ἦν
1103 3961 1422 4031 ἐγκείμενος
1464 3965 1492 4016 ό
1525 3938 1795 4032 δεσπότης

235 4053 312 4103 καὶ
338 4051 512 4105 πάντα
538 4052 688 4106 λίθον
718 4053 905 4118 κινῶν,
932 4053 991 4106 τὸ
1023 4053 1116 4107 τοῦ
1153 4054 1334 4122 λόγου,
1373 4055 1606 4124 νόμιμον
1658 4056 1796 4123 ἀγα-

1813 3175 1859 3238 C

1884 1934 1939 1988 in
2002 1933 2220 2003 ingenio
2286 1933 2584 2004 plurimum
2621 1931 2784 2004 294
2812 1931 3105 1996 acuminis,
3161 1931 3215 1985 in
3275 1931 3463 2001 lingua

1887 2026 1996 2080 vim
2031 2025 2251 2080 dicendi
2301 2040 2364 2080 ac
2415 2024 2780 2094 persuadendi
2832 2025 3147 2088 maximam,
3201 2037 3303 2077 nec
3355 2039 3462 2076 non

1891 2121 2289 2177 volubilitatem
2323 2121 2572 2174 haberet.
2609 2120 2738 2174 Erat
2768 2127 2824 2172 et
2860 2116 3280 2172 humanioribus
3314 2117 3462 2172 litte-

1891 2213 1969 2267 ris
2014 2211 2257 2274 erudita,
2305 2219 2362 2265 et
2413 2211 2467 2264 in
2519 2208 2886 2264 familiaribus
2933 2208 3226 2282 colloquiis
3277 2208 3463 2262 omnia

1888 2306 2068 2360 omnis
2111 2303 2352 2374 generis,
2403 2318 2524 2372 quae
2581 2310 2689 2356 tam
2745 2301 2860 2370 ipsa
2909 2300 3138 2369 legerat,
3180 2315 3344 2368 quam
3395 2314 3464 2352 ex

1887 2395 2014 2450 aliis
2043 2393 2316 2454 audierat.
2366 2391 2528 2446 facile
2579 2377 2636 2446 et
2680 2400 2992 2460 opportune
3038 2390 3364 2460 proferebat,
3407 2398 3467 2442 ut

1888 2489 2058 2543 altera
2089 2487 2314 2541 Theano
2368 2483 2721 2556 Pythagorica
2780 2491 2837 2538 et
2891 2483 3062 2538 altera
3120 2481 3348 2552 Hypatia
3394 2483 3462 2536 ab

1893 2579 2290 2634 eruditioribus
2315 2577 2631 2648 quibusque
2658 2575 3050 2646 appellaretur.
3086 2574 3182 2629 His
3210 2573 3464 2628 omnibus

1892 2671 2283 2728 Constantinus
2327 2669 2576 2738 despota,
2621 2677 2680 2722 ut
2724 2665 2981 2729 diximus,
3029 2665 3254 2720 omnino
3287 2665 3465 2719 victus

1890 2774 1994 2828 est,
2036 2770 2093 2817 ut
2135 2763 2254 2833 ejus
2288 2759 2608 2831 pudicitiam
2645 2768 2903 2821 tentaret,
2958 2768 3014 2814 et
3063 2757 3462 2813 clandestinum

1889 2858 2008 2926 ejus
2061 2854 2414 2909 concubitum
2466 2861 2692 2922 peteret.
2744 2851 2863 2922 Ipsa
2913 2866 3064 2914 vero,
3117 2851 3232 2905 sive
3283 2849 3463 2904 mariti

1890 2957 2035 3002 metu
2057 2945 2470 3008 deterrita,sive
2503 2945 2805 3014 remipsam
2841 2942 3290 3012 utpoteillicitrim
3312 2956 3470 2996 aver-

1889 3049 2025 3104 sata,
2072 3038 2363 3092 resistebat
2403 3053 2467 3092 ae
2514 3035 2839 3108 refugiebat.
2878 3035 2971 3090 Ille
3015 3049 3125 3104 quo
3167 3033 3338 3102 magis
3369 3032 3469 3086 ab-

1891 3133 2115 3187 horrere
2142 3145 2263 3186 eam
2301 3130 2540 3196 videbat,
2588 3145 2654 3186 eo
2701 3128 3085 3184 vehementius
3119 3143 3306 3182 amore
3350 3127 3471 3196 ejus

1893 3225 2310 3281 incendebatur.
2346 3223 2559 3294 Itaque,
2588 3225 2734 3292 quod
2761 3223 2838 3276 ait
2881 3221 3054 3284 Plato,
3088 3220 3324 3274 amantis
3348 3219 3472 3273 ani-

1892 3333 2036 3370 mam
2069 3317 2252 3370 videre
2281 3327 2398 3371 erat
2425 3316 2478 3368 in
2511 3315 2693 3368 alieno
2725 3311 2968 3382 corpore”
2983 3313 3303 3380 spirantem.
3331 3311 3466 3366 Cum

1893 3405 2074 3463 adtem
2100 3406 2393 3476 aliquando
2430 3414 2550 3475 post
2585 3405 2814 3458 maritus
2843 3404 2963 3474 ejus
2988 3403 3334 3465 decessisset,
3355 3403 3467 3472 jam

1894 3499 2078 3553 acrius
2105 3513 2218 3552 rem
2255 3495 2482 3567 urgebat
2511 3495 2787 3564 despotes,
2825 3509 3180 3562 omnemque,
3219 3502 3278 3546 ut
3306 3493 3470 3560 vulgo

1894 3593 2071 3654 aiunt,
2106 3589 2358 3644 movebat
2388 3586 2642 3656 lapidem,
2679 3597 2788 3656 quo
2818 3585 2962 3638 illam
3013 3599 3238 3637 uxorem
3286 3583 3472 3652 legiti-

1888 3699 2029 3739 mam
2065 3676 2470 3745 dueeret.‘Quo
2513 3679 2678 3743 facto,
2725 3677 2971 3732 omnium
3003 3675 3236 3729 aliarum
3270 3675 3470 3727 mulie-

1890 3793 2012 3830 rum
2063 3783 2118 3828 et
2168 3789 2418 3828 amorum
2469 3771 2693 3837 oblitus,
2732 3769 3015 3839 ipsiusque
3059 3767 3197 3822 adeo
3243 3767 3337 3821 ﬁlii
3371 3765 3470 3819 Mi-

1892 3868 2098 3922 chaelis
2124 3865 2371 3928 Cathari,
2407 3879 2596 3933 quem,
2649 3870 2708 3916 ut
2752 3862 3009 3924 diximus,
3037 3876 3105 3915 ex
3141 3859 3336 3914 ancilia
3365 3859 3470 3914 Ca-

1892 3963 2049 4018 thara
2075 3964 2417 4027 susceperat,
2444 3954 2610 4010 unius
2637 3953 2892 4009 Eudociae
2914 3937 3290 4022 Palzéologinae
3312 3965 3468 4005 amo-

1895 4055 2054 4109 ribus
2086 4051 2334 4106 vacabat.
3538 4037 3543 4044 ’

235 4143 399 4208 γέσθαι
433 4146 762 4216 βουλόμενος
798 4147 1054 4217 σύζυγον.
1087 4143 1162 4202 Οὗ
1193 4148 1257 4218 δὴ
1287 4148 1576 4218 γεγονότος
1641 4149 1830 4203 πασῶν
1871 4148 2035 4211 εὐθὺς
2105 4146 2389 4213 ἐξελάθετο
2425 4144 2703 4215 γυναικῶν
2751 4143 2846 4195 καὶ
2887 4141 3108 4212 ἐρώτων
3151 4139 3326 4193 ἄλλων
3372 4138 3466 4190 καὶ

235 4237 376 4291 αὑτοῦ
421 4257 484 4306 γε
513 4239 614 4293 τοῦ
657 4241 914 4309 ῥηθέντος
954 4243 1115 4306 υίέως
1162 4243 1422 4312 Καθαροῦ
1465 4243 1706 4315 Μιχαὴλ,
1771 4242 1830 4296 ὃν
1870 4243 1933 4296 ἐκ
1977 4245 2076 4308 τῆς
2117 4241 2499 4312 θεραπαινίδος
2540 4238 2838 4308 γεγέννηκε
2865 4252 2877 4266 ⁸
2919 4236 3013 4288 καὶ
3051 4229 3118 4306 ἦν
3154 4232 3321 4304 μόνης
3349 4231 3474 4301 θερ-

239 4333 336 4399 μῶς
360 4335 681 4405 ἐξεχόμενος
711 4335 973 4400 Εύδοκίας
998 4337 1098 4406 τῆς
1130 4338 1558 4409 Παλαιολογίνης
1583 4337 1720 4409 (51).

293 4425 360 4480 I".
386 4427 592 4480 Τοῦτον
616 4426 678 4494 δὴ
709 4421 801 4479 οὖν
828 4427 920 4479 τὸν
963 4427 1218 4496 Καθαρδν
1256 4429 1476 4499 Μιχαὴλ
1508 4446 1795 4482 πεντεκαι-

236 4515 436 4570 δέκατον
463 4519 568 4587 ἥδη
603 4517 796 4586 χρόνον
829 4520 928 4588 τῆς
973 4517 1192 4587 ἡλικίας
1239 4519 1542 4588 ἀμείϐοντα
1569 4519 1794 4589 πέμψας

1961 4423 2052 4478 IlI.
2093 4422 2233 4477 Eum
2297 4421 2617 4476 Michaelem
2665 4417 2984 4481 Catharum.
3034 4433 3238 4473 annum
3296 4419 3476 4472 aetatis

1893 4514 2170 4571 decimum
2209 4513 2465 4582 quintum
2489 4512 2598 4582 jam
2625 4522 2896 4583 agentem,
2929 4511 3230 4581 Imperator
3255 4485 3497 4566 Andro-v-

237 4609 524 4678 ὁβασιλεὺς
573 4611 916 4680 Ἀνδρόνικος
958 4614 985 4663 ό
1038 4613 1270 4680 γηραιὶς
1322 4611 1709 4682 προσηγάγετό
1735 4626 1785 4662 τε

1901 4605 2060 4659 nicus
2087 4604 2275 4659 senior
2314 4603 2638 4658 arcessitum
2667 4605 2854 4672 pueris
2882 4601 3192 4657 domestica.
3226 4603 3473 4658 ministe-

239 4701 317 4749 καὶ
342 4704 447 4766 τοῖς
469 4699 595 4754 κατ’
620 4696 770 4752 οἷκον
792 4701 1144 4769 ὑπηρετικοῖς
1173 4701 1477 4771 παιδαρίοις
1501 4701 1612 4770 (52)
1650 4716 1788 4768 συγο

241 4793 514 4860 κατέλεξεο
577 4793 797 4862 πρῶτον
845 4792 967 4861 μὲν,
1001 4792 1088 4844 ἵνα
1138 4793 1214 4864 μὴ
1253 4791 1578 4862 διαφθαρείη
1624 4792 1789 4862 λιμῷ,

245 4882 446 4948 μηδενὸς
502 4884 958 4952 προμηθουμένου
979 4899 995 4915 ο
1025 4884 1278 4954 δεύτερον
1322 4883 1367 4936 δ’
1418 4885 1549 4948 ῐσως
1579 4884 1668 4938 ἶνα.
1697 4883 1792 4937 καί

242 4985 330 5022 τινι
350 4974 454 5026 τῶν
488 4974 650 5044 πέριξ
688 4973 859 5028 ἐθνῶν
894 4977 971 5038 είς
1009 4976 1172 5043 κῆδος
1201 4976 1406 5044 δοθείη,
1429 4975 1505 5040 ὡς
1534 4977 1591 5042 ἐξ
1625 4977 1793 5046 αἵμα-

1902 4696 1982 4750 ria
2017 4695 2350 4751 abeuntibus
2400 4695 2609 4750 socium
2645 4694 2916 4748 ascribit:
2974 4694 3232 4762 primum.
3284 4708 3354 4745 ne
3405 4691 3476 4746 ab
3525 4757 3546 4764 η

1899 4789 2157 4844 omnibus
2189 4787 2350 4858 295
2375 4787 2657 4857 neglectus
2682 4786 2823 4840 fame
2850 4786 3054 4854 periret
3088 4800 3103 4838 :
3131 4783 3334 4838 deinde
3363 4783 3478 4837 for-

1901 4891 2068 4948 tasse,
2105 4892 2165 4936 ut
2191 4896 2289 4951 per
2321 4896 2448 4935 eum
2482 4880 2750 4952 sanguine
2790 4877 3148 4948 imperatorio
3174 4887 3356 4930 ortum
3387 4877 3472 4930 af-

1901 4972 2083 5026 ﬁnitas
2115 4988 2239 5025 cum
2264 4971 2447 5040 aliqua
2471 4987 2539 5025 ex
2570 4969 2816 5024 (initiatis
2842 4967 3102 5040 gentibus
3127 4967 3472 5039 jungeretur,

241 5076 320 5123 τος
347 5063 415 5116 ὣν
448 5065 726 5134 βασιλείου
781 5067 878 5120 καὶ
922 5069 1150 5136 γένηται
1187 5068 1428 5121 σπονδῶν
1459 5085 1625 5121 τινων
1657 5069 1785 5137 πρό-

1897 5077 2063 5136 atque
2100 5074 2158 5118 ut
2188 5065 2410 5119 fcederis
2437 5064 2672 5134 alicujus
2700 5061 3035 5117 conciliandi
3062 5061 3280 5116 occasio
3304 5074 3474 5124 esset,

245 5147 372 5212 ξενος
406 5151 498 5204 καί
545 5148 693 5215 τινος
733 5153 1004 5233 ὠφελείας
1058 5153 1354 5224 Ῥωμαίοις
1386 5155 1623 5218 καὶτοῖς
1665 5154 1785 5208 Ῥω·

1898 5158 2270 5226 Romanisque
2297 5165 2354 5210 et
2393 5157 2467 5210 rei
2503 5156 2762 5210 Romana:
2790 5146 3038 5224 quolibet
3065 5154 3282 5208 tandem
3315 5164 3475 5223 pacto

249 5244 407 5307 μαίων
443 5244 768 5314 πράγμασιν
810 5247 1005 5310 αἴτιος.
1046 5244 1104 5299 '0
1135 5245 1190 5298 δὲ
1225 5247 1509 5316 κομισθεὶς
1547 5250 1643 5300 καὶ
1679 5247 1785 5301 δια-

1897 5250 2200 5320 prodesset.
2232 5248 2324 5302 Ille
2359 5256 2541 5302 autem
2577 5262 2702 5302 cum
2737 5248 2788 5301 in
2824 5247 3028 5318 palatio
3059 5246 3392 5302 educaretur
3419 5255 3475 5299 et

1561 5381 1899 5444 Vuriorum
1931 5389 2118 5442 notae.

309 5499 414 5570 (51)
459 5500 837 5570 Neocaasaritzn
887 5500 1048 5569 primi
1085 5514 1114 5552 a
1169 5503 1399 5570 secretis
1449 5502 1591 5568 tiliae,
1643 5503 1795 5558 (Jon-

251 5568 459 5624 stantini
496 5571 777 5638 Palmologi
805 5568 1046 5638 deSpotze
1073 5568 1288 5638 uxoris,
1326 5588 1387 5625 ac
1414 5589 1478 5626 ex
1507 5574 1613 5627 alio
1644 5574 1792 5628 Con-

253 5641 476 5692 stantino
503 5656 614 5693 τιιιιι
647 5636 841 5701 vidua},
877 5636 1022 5691 unde
1062 5636 1424 5711 lfulafulogt'na
1475 5643 1564 5711 hic
1593 5657 1793 5711 cogno-

258 5720 502 5828 lllllllaltll'.
550 5727 611 5761 ex
667 5713 847 5780 priore
875 5707 1148 5779 conjugio.
1191 5703 1324 5764 Vide
1353 5713 1496 5767 idem
1532 5703 1790 5770 stemma.

285 5797 292 5814 '
329 5794 478 5828 (.130.

285 5797 292 5814 '
329 5794 478 5832 (ΑΧῶ

1971 5505 2083 5575 (52)
2117 5503 2602 5586 adolescentibus,
2643 5517 2791 5586 quos
2815 5501 3475 5586 ῥρίογῖοπούλουςμῖοοαι

1898 5572 2049 5634 bant,
2087 5574 2239 5634 νέους
2269 5574 2374 5626 τῶν
2423 5572 2787 5640 εὐπατριδῶν,
2832 5572 3254 5626 Cantaeuzunus
3281 5573 3377 5626 lib.
3415 5591 3473 5637 It,

1899 5660 2020 5713 cap.
2051 5643 2158 5707 4ος
2191 5645 2342 5704 νέους
2370 5643 2478 5696 τῶν
2513 5643 2937 5713 εὐγενεστέρων,
2968 5643 3062 5696 lib.
3101 5657 3182 5705 ιιι,
3229 5658 3351 5711 Cap.
3383 5643 3472 5700 45.

1901 5711 2035 5770 Vide
2068 5712 2240 5770 Gloss.
2277 5714 2413 5768 med.
2448 5713 2663 5768 Grtrcit.
2698 5712 2750 5766 in
2791 5711 2895 5766 hac
2915 5726 3074 5769 Noee.
3121 5714 3354 5769 Ducum.
