3980 6204
440 338 549 403 475
691 335 766 408 [Α.
810 351 866 390 ιι.
907 336 1040 393 679i
1080 354 1149 393 Αι)
1189 337 1352 409 6856]

1605 345 2023 406 NICEPHORI
2065 341 2456 404 (ΗῖΕϐΟΒίΕ

2727 310 3206 402 {amissaa}:
3251 317 3396 403 sitan]

3582 334 3690 396 476

441 461 497 506 et
529 453 584 506 in
615 453 852 508 vincula.
891 461 950 505 ut
975 452 1235 514 diximus,
1273 453 1579 517 conjectum
1617 455 1681 508 ad
1716 459 2006 525 imperato-

2126 453 2450 523 εἰρήκειμεν,
2479 446 2668 520 τοῦτον
2692 445 3006 517 ἐπεπόμφει
3027 445 3102 515 τῷ
3137 445 3369 514 βασιλεῖ.
3387 443 3546 499 Ἀλλὰ
3582 445 3694 514 γάρ

441 558 555 599 rem
591 543 758 598 misit.
811 544 892 598 0b
933 544 1076 601 illud
1108 545 1316 600 crimen
1361 545 1688 617 Syrgiannes
1724 549 1776 602 in
1822 559 2010 605 custo-

440 637 588 690 diam
619 637 780 691 datus
809 636 903 690 diu
931 651 1155 691 carcere
1199 638 1439 692 inclusus
1481 640 1702 700 mansit.
1741 640 1844 694 Sed
1885 656 2009 694 cum

441 729 560 798 ejus
595 739 768 782 mater
795 729 1000 797 gemitu
1034 738 1088 782 et
1118 729 1372 798 lacrymis
1405 732 1584 785 aulam
1627 733 1875 802 quotidie
1904 735 2009 788 im-

445 820 640 888 ploret,
672 832 727 874 et
753 820 945 888 quavis
968 820 1225 876 cautione
1251 821 1432 875 oblata
1469 823 1634 876 tilium
1667 825 1894 893 supplex
1927 840 2012 880 re-

447 922 716 980 posceret,
755 928 896 984 τιθεῖ-θ
927 916 1143 967 tandem
1186 914 1478 984 impetrare
1512 917 1710 984 potuit.
1751 927 1809 970 ut
1834 932 1863 970 e
1889 933 2012 972 car-

447 1021 572 1060 eere
621 1005 973 1058 educerezur.
1032 1006 1150 1060 Non
1208 1007 1359 1074 prius
1411 1017 1589 1060 tamen
1647 1007 1699 1061 id
1753 1009 2012 1077 obtinuit,

446 1114 607 1165 quam
649 1099 738 1151 ille
771 1099 975 1165 scripto
1024 1099 1389 1168 jurejurando
1424 1114 1608 1151 coram
1667 1111 2016 1155 sacrosancta

453 1190 683 1252 unagine
713 1189 1152 1242 castissinnebei
1184 1189 1477 1243 Genitricis
1507 1189 1849 1258 llodegetriae
1874 1207 2015 1260 pra--

449 1285 594 1334 stitu.
636 1284 870 1335 cavisset
913 1284 1254 1351 imperatori,
1301 1299 1579 1353 nunquam
1619 1300 1677 1338 se
1709 1286 1828 1354 ejus
1849 1286 2021 1356 jussis

448 1382 636 1439 postea
669 1373 1111 1426 adversaturum.

521 1549 582 1602 ν.
634 1547 724 1602 Sic
771 1549 860 1602 ille
905 1549 1050 1600 omni
1101 1549 1418 1617 suspicione
1469 1549 1739 1606 liberatus
1785 1549 2022 1621 principi

443 1639 584 1693 bene
635 1640 835 1693 merito
875 1641 1080 1709 optimc
1119 1641 1258 1694 velle
1297 1641 1628 1696 credebatur

443 1732 607 1800 299
635 1733 679 1785 is
717 1733 890 1785 honor
924 1733 974 1786 ei
1009 1733 1226 1786 habitus
1254 1743 1355 1794 est.
1395 1745 1454 1788 ut
1491 1734 1654 1788 etiam
1689 1749 2016 1788 arcanorum

445 1824 718 1891 particeps
752 1821 923 1877 fieret.
962 1824 1038 1877 Ac
1088 1825 1229 1877 inter
1259 1833 1452 1877 caitera
1490 1823 1620 1877 illud
1653 1839 1869 1893 quoque
1899 1825 2018 1894 ejus

446 1913 570 1966 fidei
603 1915 957 1968 commissum
992 1915 1113 1979 fuit,
1151 1924 1210 1968 ut
1249 1915 1485 1970 furtivus
1513 1916 1679 1971 veluti
1708 1925 1894 1971 custos
1922 1917 2017 1971 im-

444 2012 757 2074 peratorem
825 2004 1201 2060 Andronicum
1263 2007 1540 2076 juniorem
1620 2008 2018 2065 circumeundo

443 2095 826 2164 atleundoque,
887 2105 955 2149 n‘e
1013 2095 1408 2158 clandestinam
1465 2097 1645 2167 fugam
1705 2100 2015 2166 moliretur,

443 2189 798 2250 observaret;
825 2187 1294 2256 quemadmodum
1328 2205 1492 2259 supra
1520 2191 1778 2247 diximus.
1805 2195 1873 2247 At
1903 2193 2016 2259 ille,

444 2277 488 2331 si
535 2277 665 2346 quid
713 2277 859 2346 vulgi
899 2277 1254 2346 opinionibus
1306 2278 1641 2334 credendum
1697 2291 1800 2346 est,
1855 2281 2018 2335 homo

448 2384 665 2437 semper
701 2370 1053 2433 ambitiosus,
1087 2370 1172 2423 cui
1208 2371 1409 2425 mentis
1439 2371 1780 2428 declaranda:
1829 2373 2014 2428 hacte-

446 2477 550 2514 nus
583 2460 846 2514 defuisset
877 2461 1116 2524 occasio,
1153 2462 1395 2516 olnlatum
1427 2463 1663 2533 denique
1712 2479 1744 2519 a
1799 2464 2018 2520 fortuna

445 2561 820 2622 opportunum
854 2561 1071 2622 tempus
1101 2554 1293 2608 adesse
1322 2553 1674 2620 existimavit,
1707 2570 1816 2626 quo
1842 2555 2019 2625 impe-

448 2645 730 2700 ratoribus
765 2645 906 2699 inter
939 2660 996 2700 se
1031 2647 1174 2700 bello
1212 2647 1544 2711 commissis,
1591 2656 1647 2701 et
1696 2648 1862 2702 rebus
1907 2649 2018 2702 Ro-

449 2754 733 2792 manorum
767 2740 994 2793 omnino
1016 2740 1097 2793 sic
1128 2739 1486 2809 perturbatis,
1516 2740 1630 2810 ipse
1662 2741 1893 2810 sceptris
1918 2756 2020 2810 po-

447 2835 676 2897 tiretur;
715 2846 810 2887 aut
838 2834 1028 2887 saltem
1062 2833 1314 2902 portione
1349 2832 1534 2902 aliqua
1564 2849 1594 2887 a
1629 2840 1745 2886 toto
1787 2832 2020 2900 imperio

447 2926 645 2991 recisa,
706 2927 989 2995 proprium
1048 2926 1155 2980 sibi
1213 2925 1579 2995 principatum
1636 2924 2018 2982 constitueret.

446 3017 635 3086 Itaque
689 3017 1073 3086 imperatorem
1132 3016 1505 3071 Andronicum
1550 3016 1825 3087 juniorem
1883 3018 2018 3084 adit,

2120 546 2310 614 εἱρκτῇ
2357 539 2686 610 παραδοθεὶς
2719 539 2808 593 διὰ
2855 539 2952 608 τὴν
2997 535 3251 604 τοιαύτην
3288 538 3466 590 αίτίαν
3489 537 3517 589 ό
3549 537 3693 606 Συρ-

2118 636 2363 706 γιάννης,
2399 633 2580 702 ἔμεινε
2613 631 2804 701 χρόνον
2833 631 2891 682 ἐν
2918 628 3091 700 ταύτῃ
3122 627 3337 696 συχνόν.
3380 627 3531 680 Ἐπεὶ
3568 626 3624 680 δέ
3660 627 3694 697 ή

2125 727 2307 796 μήτηρ
2340 726 2399 778 οὐ
2433 723 2673 778 διέλιπεν
2711 721 2966 792 ὀδυρμοῖς
2999 719 3094 772 καὶ
3129 719 3359 788 δάκρυσι
3389 717 3698 788 προσιοῦσα

2121 822 2233 882 τοῖς
2271 820 2394 889 περὶ
2445 819 2531 871 τὸν
2572 815 2796 886 βασιλέα
2842 815 2937 867 καὶ
2983 811 3302 867 ἱκετεύουσα
3333 812 3424 863 καὶ
3457 812 3548 862 τὸν
3577 811 3700 864 υίέα

2121 911 2482 981 ἐξαιτουμένη
2528 909 2626 963 καὶ
2667 910 2848 970 πάσας
2890 905 3097 975 ἐγγύας
3141 903 3539 973 προϐάλλουσα,
3599 901 3699 971 όψέ

2122 1005 2216 1058 καὶ
2270 1003 2422 1074 μόλις
2476 1000 2707 1071 ἐδυνήθη
2748 999 2846 1068 τῆς
2895 997 3122 1066 εἱρκτῆς
3156 996 3320 1049 αὑτὸν
3369 994 3651 1060 ἐξελέσθαι
3680 1007 3698 1024 ⁶

2121 1096 2261 1166 πλὴν
2286 1097 2344 1150 οὐ
2375 1094 2660 1164 πρότερον,
2696 1092 2826 1164 πρὶν
2859 1091 2924 1143 ἂν
2950 1091 3262 1160 ἐγγράφους
3291 1088 3452 1141 αὐτὸν
3471 1086 3699 1142 ἀποδοῦ-

2109 1193 2208 1243 ’ναι
2261 1187 2339 1258 τῷ
2374 1185 2584 1257 βασιλεῖ
2616 1187 2740 1248 τοὺς
2770 1185 2966 1254 ὅρκους
2995 1181 3224 1235 ἐνώπιον
3255 1181 3351 1250 τῆς
3379 1181 3527 1240 θείας
3557 1180 3693 1241 sige-

2123 1299 2212 1344 νος
2239 1281 2335 1349 τῆς
2361 1278 2668 1350 ὑπεράγνου
2691 1277 2774 1349 [Ρ.
2805 1273 2928 1347 ιθι]
2955 1275 3297 1343 ,θεομήτορος
3326 1274 3425 1341 τῆς
3463 1273 3691 1342 Ὀδηγηο

2123 1375 2304 1446 τρίας,
2339 1373 2414 1444 μὴ
2438 1377 2550 1437 τοῖς
2577 1373 2672 1426 τοῦ
2704 1371 2971 1444 βασιλέως
3013 1371 3438 1440 προστάγμασιν
3478 1368 3698 1422 ἐναντία

2126 1467 2258 1520 ποτὲ
2289 1463 2717 1536 διαπράξασθαι.

2197 1556 2442 1613 Ε’.Ἀλλά
2457 1556 2527 1624 γά
2535 1573 2565 1626 ρ
2589 1553 2734 1608 οὕτω
2751 1554 2930 1622 πάσης
2949 1550 3186 1621 ὑποψίας
3209 1547 3544 1616 ἀπολυθεὶςιό
3563 1547 3662 1614 avi;
3671 1565 3702 1615 ρ
3723 1550 3758 1564 ‘

1672 1659 1688 1697 :
1735 1657 1764 1695 a
1815 1658 1925 1712 quo
1969 1651 2024 1698 et
2127 1649 2221 1703 καὶ
2251 1649 2429 1702 πᾶσαν
2460 1645 2674 1699 εὔνοιαν
2696 1643 2984 1709 διασώζειν
3015 1641 3406 1712 πιστευόμενος
3447 1641 3584 1710 πρὸς
3606 1640 3699 1692 τὸν

2130 1741 2427 1812 εὐεργέτην
2474 1741 2568 1792 καὶ
2591 1739 2919 1810 ἀπορρήτων
2945 1737 3047 1808 ἤδη
3079 1736 3336 1799 κοινωνὸς
3372 1735 3589 1804 ἠξιοῦτο
3621 1733 3706 1800 γί-

2121 1833 2372 1903 γνεσθαι,
2397 1831 2472 1894 ὡς
2497 1829 2852 1898 πιστευθῆναι
2872 1828 3056 1882 λοιπὸν
3089 1827 3184 1881 καὶ
3202 1827 3349 1880 τουτὶ
3371 1825 3705 1896 τδ,άπόρῤη-

2119 1944 2230 1990 τον,
2250 1925 2416 1993 λέγω,
2435 1923 2496 1978 τὸ
2519 1923 2691 1992 φύλαξ
2707 1922 2986 1976 λανθάνων
3008 1939 3073 1975 πε
3083 1922 3279 1992 ριῖέναι
3295 1919 3391 1973 καὶ
3414 1919 3702 1986 προσιέναι

2118 2018 2195 2088 τῷ
2226 2021 2434 2087 ἐγγόνῳ
2461 2016 2556 2070 τοῦ
2586 2014 2850 2086 βασιλέως
2896 2012 3223 2084 Ἀνδρονίκῳ
3254 2011 3331 2081 τῷ
3357 2010 3586 2082 βασιλεῖ,
3625 2009 3702 2079 μὴ

2118 2111 2258 2184 λάθῃ
2277 2109 2483 2180 φυγὼν,
2509 2109 2584 2172 ὡς
2605 2106 2740 2176 ἔφθη
2751 2123 2849 2177 μεν
2871 2106 3174 2177 εἰρηκότες.
3194 2103 3355 2169 ’θ’δὲ,
3379 2106 3426 2158 εί
3451 2103 3556 2174 χρὴ
3583 2104 3704 2165 ταῖς

2120 2203 2227 2257 τῶν
2241 2203 2448 2256 πολλῶν
2475 2199 2774 2272 ὑπολήψεσι
2802 2197 3104 2262 πείθεσθαι,
3126 2197 3384 2266 φίλαρχος
3403 2194 3476 2248 ὢν
3496 2195 3583 2248 ἀεὶ
3606 2194 3705 2247 καὶ

2122 2295 2314 2365 καιροῦ
2352 2293 2424 2363 μὴ
2458 2291 2873 2363 τυχὼνςούδέπω
2904 2290 2964 2342 τὸ
3002 2289 3326 2360 βουλόμενον
3363 2287 3703 2354 ἐνδείξασθαι

2119 2385 2217 2453 τῆς
2253 2383 2432 2453 ψυχῆς
2473 2382 2568 2436 νῦν
2610 2381 2748 2450 ἔγνω
2791 2381 2984 2450 καιρὸν
3025 2373 3162 2433 εἶναι
3205 2379 3396 2431 τοῦτον
3451 2377 3555 2430 ὑπὸ
3601 2376 3705 2443 τῆς

2121 2474 2290 2544 τύχης
2335 2473 2753 2544 παρεσχημένον
2803 2472 2926 2525 κατ’
2971 2471 3218 2540 ἀλλήλων
3275 2471 3401 2532 τοὺς
3445 2468 3704 2538 βασιλέας

2125 2564 2514 2633 ἐκπολεμώσας
2565 2564 2766 2618 καὶτὰ
2830 2562 3119 2631 Ῥωμαίων
3153 2561 3296 2614 οὕτω
3345 2562 3703 2630 συγκυκήσας

2122 2656 2340 2710 ἅπαντα
2373 2655 2698 2726 πράγματα,
2734 2654 2842 2708 τῶν
2879 2655 3176 2724 σκήπτρων
3205 2653 3368 2716 αὐτὸς
3403 2653 3658 2720 ἐπιϐῆναι
3679 2667 3697 2683 ⁸

2121 2747 2154 2817 ἦ
2197 2747 2258 2800 τό
2301 2763 2366 2814 γε
2410 2746 2680 2818 δεύτερον,
2721 2746 2888 2816 μέρος
2935 2750 3034 2818 τῆς
3085 2746 3213 2810 ὅλης
3263 2745 3370 2798 τῶν
3411 2744 3703 2815 Ῥωμαίων

2121 2840 2425 2911 ἡγεμονίας
2485 2839 2899 2908 ἀποτεμόμενος
2946 2838 3027 2901 είς
3076 2837 3284 2890 οίκείαν
3342 2837 3517 2907 ἀρχὴν
3565 2834 3701 2887 αὐτὸ

2124 2931 2594 2999 καταστήσασθαι.
2643 2930 2807 2984 Ὅθεν
2853 2928 3180 3000 Ἀνδρονίκῳ
3212 2927 3292 2998 τῷ
3335 2929 3442 2998 νέῳ
3487 2927 3708 2997 βασιλεῖ

2127 3024 2439 3094 προσελθὼν
2457 3023 2602 3078 ἅπαν
2627 3023 2720 3078 τοῦ
2747 3023 2972 3077 πάππου
2999 3026 3094 3077 καὶ
3114 3021 3375 3092 βασιλέως
3397 3019 3705 3089 ἀνεκάλυψε

445 3113 607 3178 eique
661 3110 745 3162 avi
800 3110 1152 3178 imperatoris
1203 3125 1464 3164 arcanum
1517 3123 1680 3164 omne
1727 3111 2018 3165 consilium

2126 3115 2183 3168 τὸ
2231 3117 2563 3186 ἀπόρρητον,
2595 3115 2795 3182 λέγων,
2834 3115 2910 3176 ὡς
2947 3133 2964 3166 ι
3008 3112 3141 3182 Ἐμὲ
3173 3112 3271 3182 μὲν
3305 3106 3392 3166 οἷά
3419 3129 3536 3164 τινα
3560 3110 3706 3164 κύνα

447 3205 671 3274 aperit:
709 3223 728 3257 ι
779 3204 884 3270 Me,
932 3204 1136 3272 inquit,
1193 3206 1491 3273 imperator
1553 3202 1721 3256 veluti
1769 3218 2017 3273 sagacem

447 3314 640 3352 canem
668 3305 788 3352 tuas
816 3297 1181 3367 cogitationes
1211 3295 1429 3351 odorari
1457 3296 1621 3367 jussit
1647 3313 1660 3350 :
1692 3306 1897 3351 etcum
1927 3295 2021 3350 ille

446 3402 672 3446 catenas
709 3390 808 3444 tibi
847 3399 900 3444 et
932 3389 1148 3444 vincula
1186 3388 1510 3452 fabricetur,
1546 3397 1602 3443 tu
1635 3388 1859 3458 ignarus
1888 3402 2022 3457 pue-

447 3484 568 3538 rilia
595 3483 823 3538 consilia
863 3483 1056 3552 agitas.
1092 3480 1232 3548 Quid
1269 3483 1414 3535 enim
1449 3481 1547 3535 tibi
1581 3479 1850 3550 profuerit
1879 3479 2019 3534 clam

449 3576 504 3629 in
533 3576 704 3629 altum
736 3574 936 3629 deferri
983 3582 1038 3629 et
1071 3588 1298 3643 peregre
1332 3573 1507 3636 abire,
1541 3573 1633 3628 ubi
1665 3573 1845 3627 aliena
1885 3586 2024 3642 qua-

447 3667 544 3721 dra
575 3667 743 3736 (quod
779 3667 956 3735 aiunt)
992 3666 1288 3720 viventium
1322 3665 1420 3720 tibi
1455 3666 1582 3731 erit,
1616 3665 1661 3720 si
1694 3680 1781 3720 res
1815 3666 2021 3734 optime

445 3761 624 3822 cadat,
659 3767 715 3813 et
763 3773 872 3812 non
908 3757 1044 3812 illud
1077 3757 1306 3821 accidat,
1348 3746 1408 3852 vt
1456 3756 1525 3812 ab
1574 3757 1884 3826 hospitibus
1929 3764 2024 3810 aut

448 3854 766 3916 trucidcris,
804 3861 898 3906 aut
933 3850 985 3903 in
1021 3849 1369 3918 imperatoris
1417 3849 1504 3903 avi
1536 3863 1719 3903 casst's
1766 3850 2021 3918 laqueos-

447 3963 558 4018 que
593 3944 822 4000 incidas.
855 3941 1012 4009 Quod
1044 3943 1090 3996 si
1125 3931 1245 3996 istis
1265 3941 1710 4011 cogitatiouibus.
1736 3956 1857 4011 qua:
1888 3956 2021 4008 pue-

449 4055 572 4094 rum
605 4040 845 4107 sapiunt,
879 4035 1096 4106 penitus
1123 4033 1385 4088 oblivioni
1427 4034 1669 4098 traditis,
1711 4033 1938 4087 meliora
1967 4040 2024 4086 et

450 4131 734 4188 salutifera
769 4127 1018 4192 consilia,
1055 4126 1238 4197 qualia
1287 4141 1386 4196 ego
1421 4125 1658 4182 daturus
1689 4139 1832 4190 sum,
1867 4122 2022 4191 sequi

449 4225 712 4283 volueris.
763 4222 897 4276 nihil
942 4219 1202 4280 obstabit,
1232 4219 1527 4286 quominus
1558 4231 1826 4271 summam
1862 4225 2022 4286 pote-

449 4327 643 4373 statem
677 4316 857 4385 primo
885 4327 1104 4381 quoque
1137 4320 1383 4378 tempore
1405 4307 1543 4362 citra
1576 4309 1747 4362 ullum
1776 4307 2023 4362 laborem

453 4411 709 4480 arripias.
737 4407 955 4476 Etenim
986 4420 1148 4458 unam
1180 4418 1300 4457 esse
1327 4401 1506 4459 video.
1540 4417 1647 4470 qua
1682 4400 1735 4454 id
1762 4415 2024 4470 assequa-

2131 3207 2522 3278 ῥινηλατοῦσαν
2559 3207 2627 3261 τά
2657 3207 2725 3260 σὰ
2761 3205 3106 3276 βουλεύματα
3131 3205 3359 3273 τέταχεν
3385 3206 3412 3256 ὁ
3447 3202 3704 3274 βασιλεὺς

2128 3301 2257 3371 περί
2285 3317 2344 3353 σε
2366 3317 2379 3330 °
2396 3302 2422 3353 ὁ
2442 3287 2502 3352 δέ
2525 3299 2760 3367 κάθηται
2783 3297 3133 3361 συσκευάζων
3154 3297 3387 3366 ἀγχόνας
3414 3299 3506 3349 καὶ
3527 3294 3709 3364 δεσμὰ

2130 3393 2270 3444 κατὰ
2303 3391 2398 3444 σοῦ
2420 3408 2434 3423 ο
2462 3392 2526 3444 σὺ
2552 3391 2598 3443 δ’
2625 3391 2833 3457 άγνοῶν
2864 3390 3100 3456 κάθησαι
3129 3389 3340 3458 νηπίων
3369 3387 3708 3458 βουλεύμασι

2128 3481 2518 3552 γαυρούμενος.
2569 3482 2632 3534 Τί
2671 3482 2778 3552 γάρ
2827 3499 2910 3534 σοι
2959 3482 3020 3533 τὸ
3057 3479 3250 3547 ὄφελος
3297 3477 3711 3533 ἀποπλεύσαντῑ

2127 3574 2301 3644 λάθρα
2328 3575 2465 3643 πρὸς
2493 3573 2776 3644 ἀλλοτρίαν
2805 3573 3281 3644 οἵχεσθαινχώραν,
3301 3571 3428 3625 ἔνθα
3448 3570 3707 3639 καθάπερ

2127 3667 2296 3737 δούλῳ
2322 3668 2500 3733 δεήσει
2534 3665 2828 3736 καθημένῳ
2853 3665 2989 3734 πρὸς
3020 3664 3307 3735 ἀλλοτρίαν
3328 3663 3546 3734 βλέπειν
3576 3661 3712 3732 τρά-

2129 3760 2320 3822 πεζαν,
2368 3757 2568 3810 ὁπόταν
2617 3758 2747 3820 ἴσως
2805 3756 2940 3828 μηδὲ
3003 3756 3258 3826 φονεῦσιν
3308 3754 3536 3827 ἐντύχῃς
3591 3756 3705 3817 τοῖς

2130 3836 2418 3915 ξένίζουσι,
2455 3848 2591 3919 μηδέ
2621 3850 2742 3911 ταῖς
2776 3848 2870 3901 τοῦ
2903 3849 3129 3902 πάππου
3165 3848 3261 3902 καὶ
3308 3847 3572 3918 βασιλέως
3603 3849 3707 3917 ἆρ-

2130 3961 2256 3997 κυσι
2289 3946 2382 3998 καὶ
2417 3944 2621 4010 πάγαις
2645 3941 2829 4011 indic;
2858 3943 2921 3994 Ei
2952 3942 3009 3994 δὲ
3043 3940 3219 3995 πάντα
3255 3939 3578 4011 πρὸςλήθης
3612 3938 3710 4007 βυ-

2132 4037 2260 4097 θοὺς
2290 4036 2355 4087 τὰ
2380 4034 2624 4104 νηπιώδη
2649 4033 2824 4087 ταῦτα
2851 4033 3016 4104 ῥίψας
3043 4033 3392 4102 βουλεύματα
3418 4031 3712 4100 πεισθείης

2133 4126 2255 4195 ἐμοὶ
2289 4125 2353 4178 τά
2389 4125 2582 4197 βελτίω
2606 4141 2688 4178 σοι
2724 4124 2820 4178 καλ¹
2855 4125 3102 4194 σωτήρια
3133 4123 3576 4193 συμϐουλεύοντι,
3607 4123 3713 4175 οῦκ

2129 4220 2195 4272 ἂν
2225 4219 2446 4286 φθάνοις
2472 4219 2540 4270 τὰ
2561 4218 2938 4288 σκῆπτραξτῆς
2965 4216 3395 4286 αὐτοκρατορίας
3416 4215 3714 4286 λαμϐάνων

2104 4311 2384 4381 ἀπονητί.
2425 4311 2572 4366 Μίαν
2611 4311 2719 4381 γάρ
2747 4311 3172 4387 άνυσιμωτάτην
3213 4309 3325 4378 ὁρῶ
3373 4310 3510 4378 πρὸς
3548 4307 3712 4362 τοῦτο

2132 4403 2406 4472 φέρουσαν
2451 4401 2728 4470 ἀφορμὴν,
2760 4401 2826 4469 ἢν
2874 4401 3064 4469 φυγὼν
3095 4400 3154 4453 τὸ
3189 4399 3480 4464 Βυζάντιον
3513 4401 3572 4462 ἐς
3609 4401 3713 4463 τὰς

452 4520 534 4568 re,
564 4499 990 4557 efficacissimam
1015 4495 1176 4566 300
1201 4495 1490 4548 rationem.
1518 4492 1787 4546 Nimirum
1818 4492 2021 4562 Byzan-

2131 4492 2481 4563 vﬁcﬂpdxng
2514 4493 2797 4563 ἐκδράμῃς
2829 4492 3014 4554 πόλεις
3044 4492 3136 4543 καὶ
3166 4490 3374 4562 χώρας.
3405 4489 3571 4544 Φύσει
3598 4490 3714 4559 γὰρ

455 4599 532 4652 tio
571 4593 888 4666 fugiendum
937 4598 994 4645 et
1027 4590 1094 4642 ad
1130 4586 1379 4641 Thracia:
1411 4585 1572 4639 urbes
1605 4583 2028 4653 provinciasque

452 4685 876 4743 excurrendum.
924 4682 1061 4737 Nam
1109 4695 1235 4732 cum
1287 4687 1342 4731 et
1394 4675 1698 4730 humanum
1746 4674 2026 4743 ingenium

453 4783 610 4838 novis
656 4779 826 4834 rebus
877 4774 1133 4846 gaudeat,
1186 4781 1243 4826 et
1294 4769 1477 4824 miseri
1533 4767 1776 4821 Thraces
1823 4766 2031 4821 crebris

454 4874 836 4931 exactionibus
863 4879 1154 4929 vexentur,
1187 4863 1230 4918 si
1263 4862 1594 4916 levationem
1621 4873 1850 4914 onerum
1881 4869 1936 4912 et
1966 4857 2031 4911 li-

456 4971 720 5022 bertatem
755 4960 1201 5033 proclamavcris,
1231 4957 1376 5010 ultro
1401 4968 1596 5008 omnes
1631 4964 1682 5006 te
1713 4965 1822 5019 quo
1849 4949 2034 5003 volue-

458 5059 534 5111 ris
581 5061 914 5124 praeeuntem
959 5057 1280 5118 sequentur,
1327 5045 1412 5098 avi
1474 5043 1549 5096 lui
1590 5041 1854 5096 diuturno
1899 5040 2032 5111 jugo

457 5147 718 5202 facillime
775 5156 1029 5197 excusso.
1079 5139 1236 5208 quasi
1291 5135 1536 5190 'l‘anta-lei
1586 5133 1869 5210 cpjnsdam
1915 5131 2032 5186 saxi

460 5240 600 5294 mole
640 5252 669 5290 a
703 5233 1016 5290 cervicibus
1046 5231 1296 5300 depulsa.
1343 5230 1454 5282 lloe
1493 5227 1784 5281 consilium
1837 5223 1937 5278 tibi
1986 5222 2032 5277 si

457 5335 660 5403 placet,
693 5345 794 5399 ego
824 5326 990 5397 hujus
1021 5323 1223 5393 negotii
1258 5328 1583 5391 procurator
1610 5328 1666 5372 et
1707 5317 2035 5371 administer

458 5425 678 5479 futurus
715 5437 835 5476 sum
866 5437 880 5483 ;
915 5433 1016 5488 ego
1051 5429 1269 5468 onmem
1319 5411 1478 5467 istius
1514 5409 1832 5464 certaminis
1878 5407 2035 5462 labo-

462 5532 577 5569 rem
617 5513 912 5583 suscipiam
945 5525 1008 5563 ac
1036 5506 1188 5583 brevi
1219 5503 1549 5566 conficiam;
1599 5501 1761 5554 modo
1812 5510 1866 5554 ct
1921 5500 2036 5568 ipse

465 5605 598 5660 Inibi
628 5581 964 5675 pollicearis,
995 5612 1048 5656 et
1076 5581 1244 5655 certis
1264 5595 1586 5668 pignoribus
1614 5593 1773 5648 fidem
1799 5593 2036 5646 obstrin-

465 5714 580 5768 gas,
611 5707 662 5750 te
689 5711 786 5772 pro
809 5696 1075 5766 dignitate
1108 5693 1324 5746 labores
1351 5702 1499 5741 meos
1531 5697 2033 5739 remuneraturum.

467 5792 597 5856 Quae
634 5804 762 5842 vero
803 5789 905 5842 ista
945 5787 1164 5858 praemia
1212 5781 1376 5840 sum?
1425 5779 1666 5832 illustres
1699 5777 2032 5850 dignitates;

2129 4587 2412 4656 χαίροντες
2444 4587 2565 4647 ταῖς
2599 4586 2972 4653 καινοτομίαις
3000 4584 3108 4637 τῶν
3137 4583 3445 4654 ἀνθρώπων
3465 4583 3526 4636 τὸ
3549 4584 3715 4651 γένος

2128 4679 2222 4731 καὶ
2255 4677 2369 4748 ἅμα
2411 4677 2778 4748 βεϐαρημένοι
2822 4681 2934 4740 τοῖς
2969 4681 3182 4749 συχνοῖς
3215 4677 3404 4747 φόροις
3440 4679 3488 4731 oi
3520 4677 3717 4729 ταλαί-

2130 4787 2306 4841 πωροι
2327 4769 2563 4840 Θρᾷκες,
2594 4769 2660 4838 ἢν
2691 4770 2994 4837 κουφισμὸν
3024 4773 3116 4822 καὶ
3139 4769 3455 4838 ἐλευθερίαν
3478 4765 3719 4832 ἐξελθὼν

2129 4858 2373 4930 κηρύξῃς
2393 4900 2407 4922 ,
2443 4859 2672 4928 ἄσμενοί
2707 4876 2787 4910 σοι
2820 4859 3021 4921 πάντες
3049 4857 3273 4927 ἕψονται
3309 4857 3444 4925 πρὸς
3474 4858 3613 4924 ὅπερ
3645 4855 3720 4906 ἂν

2131 4952 2295 5015 αύτδς
2333 4951 2561 5018 ἐθέλοις,
2589 4952 2686 5018 τὴν
2711 4949 2847 5021 πρὸς
2876 4950 2968 5002 τὸν
2993 4951 3218 5003 πάππον
3245 4949 3338 5002 καὶ
3364 4946 3588 5017 βασιλέα
3609 4963 3718 4998 πο-

2131 5041 2295 5110 λυετῆ
2331 5039 2576 5094 δουλείαν
2617 5040 2790 5109 ῥᾷστα
2826 5038 3181 5102 λακτίσαντες
3233 5041 3329 5089 καὶ
3368 5035 3556 5104 ὥσπερ
3588 5034 3722 5087 τινὰ

2137 5133 2464 5187 Ταντάλειον
2499 5132 2697 5201 φόρτον
2739 5129 3185 5197 ἀποσεισάμενοι.
3219 5129 3280 5224 εἰ
3313 5127 3441 5194 γοῦν
3483 5125 3722 5196 ἀρεστὸν

2083 5229 2094 5242 “
2133 5227 2195 5278 τὸ
2223 5225 2354 5294 ἐμόν
2387 5241 2470 5276 σοι
2500 5222 2618 5275 τόδε
2653 5220 2895 5290 φαίνοιτο
2928 5216 3369 5289 βούλευμα,’ἐγὼ
3389 5219 3484 5270 καὶ
3511 5216 3720 5285 ταμίας

2135 5316 2228 5367 καὶ
2259 5311 2495 5384 χορηγός
2526 5327 2607 5362 σοι
2634 5306 2729 5361 τοῦ
2754 5307 3030 5377 δράματος
3060 5305 3256 5375 ἐσομαι
3292 5306 3385 5356 καὶ
3414 5305 3590 5356 πάντα
3621 5303 3722 5354 τὶν

2136 5402 2298 5460 ἆθλον
2329 5402 2566 5464 ὑποστάς
2594 5399 2692 5471 τὴν
2713 5399 2975 5472 ταχίστην
3007 5397 3304 5450 ἐκτελέσω·
3340 5395 3404 5466 ἢν
3429 5397 3588 5465 μόνον
3619 5397 3722 5446 καὶ

2139 5497 2202 5550 σύ
2238 5513 2326 5566 μοι
2361 5493 2695 5563 ὑποσχέσθαι
2722 5490 2912 5562 ἐθέλῃς
2937 5493 3032 5542 καὶ
3052 5488 3236 5542 δοῦναι
3268 5487 3434 5539 πιστά
3465 5488 3534 5538 τὰ
3558 5487 3724 5554 ἐχέγ-

2139 5606 2246 5657 γυα
2297 5589 2424 5658 περὶ
2461 5587 2570 5638 τῶν
2615 5585 2780 5650 ἀξίων
2813 5582 2993 5653 γερῶν
3029 5584 3123 5634 καὶ
3167 5579 3442 5633 ἐπάθλων.
3481 5579 3614 5629 Τίνα
3650 5578 3720 5648 δὴ

2140 5680 2344 5743 causa;
2393 5677 2746 5745 Ἀξιωμάτων
2774 5674 3160 5744 λαμπρότητες
3191 5674 3282 5726 καὶ
3326 5672 3505 5742 χωρία
3549 5669 3724 5722 πολλὰ

2142 5774 2236 5826 καὶ
2267 5772 2462 5840 πολλὴν
2495 5770 2591 5839 τὴν
2628 5770 2868 5822 ἐπέτειον
2893 5765 3226 5837 παρέχεσθαι
3258 5765 3526 5832 δυνάμενα
3557 5764 3720 5830 προσ⁴
