3980 6204
394 258 504 322 ,ιεδ
647 247 726 321 [Α.
767 263 825 304 ιι.
861 243 990 302 679!
1038 260 1106 299 AD
1143 240 1306 315 esse]

1483 320 1485 322 η
1556 243 1999 339 NICEPHORI‘
2024 238 2410 333 camena:

3541 226 3648 288 4θᾶ

2688 228 2835 302 [mr.‘
2870 240 3154 283 Αποιιοκιο.
3218 238 3335 278 sxa.
3355 248 3366 292 ι

395 374 603 445 quibus
633 371 830 427 futurae
860 383 946 423 res
980 366 1192 421 incerto
1229 373 1458 420 auctore
1499 363 1737 419 obscure
1771 366 1959 431 et‘per

2067 354 2484 429 χρησμολογικὰ
2517 351 2631 424 (6'5)
2665 350 2983 413 ἐθεάσαντο,
3015 349 3073 400 ἐν
3109 343 3192 408 οἷς
3221 361 3344 398 τινα
3375 341 3482 395 τῶν
3517 342 3649 411 μελ-

390 465 653 532 ambages
684 466 1094 529 exponerentur
1127 475 1140 510 :
1172 455 1371 511 deinde
1418 454 1589 525 ﬁgura
1637 452 1966 523 astrologica

390 552 704 613 delineata,
735 564 842 617 qua
873 555 1154 602 astrorum
1195 560 1394 601 cursus
1430 544 1694 615 indagare
1729 553 1786 598 et
1827 557 1968 612 prae-

394 642 675 699 notionem
702 641 1014 699 futurorum
1043 637 1301 709 colligere
1328 636 1581 691 homines
1607 635 1821 701 solent,
1865 634 1966 688 ho-

394 736 560 792 stium
582 733 879 788 adventum
907 738 962 786 et
986 728 1302 800 reipublicae
1324 727 1701 783 confusionem
1729 726 1967 780 futuram

395 834 693 896 auguratus
725 839 847 878 esse
871 864 886 889 ,
918 832 974 877 et
1010 823 1409 892 qualecumque
1446 819 1782 889 imperatorii
1819 819 1969 887 prin-

389 918 603 988 cipatus
641 915 967 971 discrimen.
1017 914 1207 983 Neque
1246 914 1394 967 enim
1449 911 1968 966 animadvertebant

391 1010 783 1081 imperatorem
823 1006 1203 1062 Andronicum
1232 1006 1397 1076 306
1425 1004 1800 1075 junioremjd
1841 1018 1964 1058 esse

388 1101 665 1157 facturum
691 1140 707 1164 ,
748 1100 857 1156 Deo
888 1098 1146 1175 videlicet
1180 1098 1551 1153 inell‘abilibus
1603 1097 1780 1152 modis
1834 1097 1960 1150 talia

390 1194 721 1250 occultante.
773 1190 930 1247 Unde
978 1206 1307 1262 magnopere
1346 1191 1525 1257 territi
1570 1199 1626 1245 et
1661 1188 1965 1259 perturbati

392 1294 547 1341 sunt.
604 1285 737 1339 Nam
776 1283 1084 1355 Logotheta
1123 1298 1153 1337 e
1192 1282 1396 1352 palatio
1437 1283 1634 1353 plenus
1669 1283 1966 1355 cogitatio~

390 1391 523 1430 num
553 1376 779 1431 domum
808 1382 1067 1431 reversus
1088 1376 1251 1442 longo
1281 1386 1527 1445 tempore
1558 1376 1760 1432 tacitus
1797 1377 1962 1444 sedit,

390 1468 596 1522 nemini
658 1468 829 1545 ullum
872 1467 1106 1522 verbum
1152 1466 1428 1536 loquens,
1484 1467 1581 1522 sed
1632 1467 1966 1537 multiplices

389 1571 551 1612 curas
575 1556 809 1611 subinde
837 1556 1021 1610 animo
1048 1556 1294 1622 volvens,
1335 1555 1388 1610 in
1416 1557 1585 1611 futuri
1610 1558 1965 1613 meditatione

394 1658 563 1714 totus,
619 1650 778 1720 plane
810 1650 1008 1704 similis
1041 1656 1197 1703 muto
1229 1657 1286 1704 et
1317 1647 1509 1715 surdo,
1534 1663 1636 1704 nec
1662 1649 1960 1719 quidquam

2067 452 2274 505 λόντων
2329 445 2561 517 ἀσαφῶς
2595 462 2655 498 τε
2713 443 2810 496 καὶ
2862 437 3280 509 αἰνιγματωδῶς
3331 437 3462 506 παρ’
3509 435 3651 487 ὅτων

2067 543 2267 613 δήποτε
2313 537 2691 607 ἐξετέθησαν·
2725 534 2821 588 καὶ
2872 531 2966 586 ἐπὶ
3016 531 3225 591 τούτοις
3276 528 3535 597 θεμάτιον
3560 526 3653 590 ἐξ·

2048 635 2272 716 ⁸ἔθεντο,
2302 630 2371 686 δι’
2405 630 2433 684 θ
2467 630 2576 683 τῶν
2609 627 2851 696 ἀστέρων
2885 626 3012 686 τοὺς
3065 622 3300 691 δρόμους
3352 620 3655 689 ἐρευνῶσιν

2068 728 2351 797 ἄνθρωποι
2386 726 2482 778 καὶ
2525 721 2829 793 μελλόντων
2882 717 3235 789 κερδαίνουσι
3292 714 3607 784 πρόγνωσιν
3634 726 3651 743 ο

2069 821 2127 886 ἐξ
2164 813 2238 874 ὧν
2269 818 2527 888 ὲχθρικήν
2577 830 2699 867 τινα
2750 811 2939 880 ἔφοδον
3001 809 3377 878 ἐτεκμήραντο
3412 806 3508 857 καὶ
3541 802 3656 854 τῶν

2068 913 2266 967 κοινῶν
2314 908 2662 981 πραγμάτων
2692 905 2945 959 κυκεῶνα
2988 903 3084 955 καὶ
3115 899 3367 970 όποιονδή
3399 916 3520 952 τινα
3552 900 3656 967 τῆς

2076 1008 2367 1078 βασιλικῆς
2421 1001 2720 1073 ἡγεμονίας
2790 999 3059 1052 κίνδυνον.
3114 994 3191 1048 Oi:
3243 996 3354 1064 γὰρ
3409 992 3655 1060 συνῆκαν

2067 1099 2143 1161 ὡς
2191 1099 2219 1151 ό
2277 1096 2529 1168 βασιλεὺς
2585 1094 2612 1145 ό
2660 1092 2782 1155 νέος
2820 1089 3164 1160 ’Δνδρόνικός
3201 1088 3351 1138 ἐστιν
3396 1085 3426 1136 ό
3476 1082 3653 1137 ταῦτα

2068 1192 2355 1260 ποιήσωνμ
2408 1188 2502 1240 τοῦ
2558 1184 2696 1238 Θεοῦ
2749 1184 2818 1236 τὰ
2862 1181 3091 1235 τοιαῦτα
3124 1179 3351 1248 τρόποις
3386 1178 3649 1248 ἀρρήτοις

2069 1283 2535 1354 συγκρύπτοντος.
2585 1281 2751 1335 Ὅθεν
2818 1276 2987 1331 πολὺν
3033 1274 3431 1345 ἐκαρπώσαντο
3485 1271 3648 1341 φόϐον

2066 1374 2161 1427 καὶ
2204 1372 2436 1446 θόρυϐον
2486 1372 2789 1443 λογισμῶν.
2832 1370 2894 1424 '0
2941 1368 3052 1439 γὰρ
3106 1366 3402 1435 λογοθέτης
3448 1362 3650 1435 μεστὸς

2066 1466 2284 1520 ἐννοὲῶν
2329 1467 2393 1519 ἐκ
2449 1465 2559 1519 τῶν
2623 1462 2914 1535 βασιλείων
2964 1459 3149 1513 οἴκαδε
3197 1457 3372 1511 ἐλθὼν
3411 1455 3654 1524 ἐκάθητο

2066 1559 2297 1623 ἐπιπολὺ
2351 1558 2576 1612 σιωπῶν
2611 1557 2708 1611 καὶ
2751 1555 2874 1625 μηδ’
2900 1556 3040 1618 ὅλως
3088 1553 3255 1624 μηδὲν
3286 1551 3423 1621 πρὸς
3452 1550 3653 1604 οὐδένα

2065 1650 2463 1720 φθεγγόμενος·
2498 1650 2647 1704 ἀλλὰ
2674 1649 2924 1720 στρέφων
2947 1645 3245 1716 λογισμοὺς
3266 1644 3360 1709 ,ἀεὶ
3387 1643 3517 1711 περὶ
3552 1641 3653 1695 τὸν

395 1741 654 1796 sentienti
678 1757 868 1797 eorum
892 1757 1015 1811 quae
1034 1756 1220 1796 coram
1256 1740 1376 1810 ipso
1406 1748 1765 1811 gererentur:
1799 1739 1959 1809 idque

2064 1742 2190 1798 νοῦν
2218 1743 2446 1812 συχνοὺς
2498 1741 2592 1795 καὶ⁸
2622 1743 2731 1794 τῶν
2763 1740 3071 1810 μελλόντων
3105 1737 3339 1808 πλήρεις
3372 1732 3545 1804 κωφῷ
3586 1750 3652 1787 τε

393 1849 565 1889 uxore
594 1849 719 1888 cum
756 1834 867 1889 ﬁlia
906 1835 1375 1906 panypersebasta
1421 1842 1479 1890 et
1523 1834 1652 1890 ﬁliis
1695 1834 1765 1890 de
1811 1849 1967 1890 more

392 1925 764 1982 assidentibus
798 1935 855 1982 et
890 1927 1125 1983 hilarem
1160 1943 1225 1982 ac
1254 1925 1558 1999 jucundam
1592 1925 1830 1996 aliquam
1864 1939 1965 1979 vo-

392 2033 510 2072 cem
552 2017 621 2072 ab
659 2033 726 2073 eo
758 2020 1227 2088 exspectantibus.
1292 2014 1538 2072 Tandem
1574 2028 1763 2073 coacta
1807 2032 1965 2082 uxor,

393 2108 510 2179 ipsa
541 2109 762 2179 quidem
797 2125 989 2180 parum
1023 2118 1219 2164 natura
1254 2124 1352 2164 sua
1380 2109 1646 2178 eloquens
1667 2148 1680 2171 ,
1723 2108 1844 2163 lilia:
1874 2124 1967 2178 pa-

395 2202 798 2272 nypcrscbasta:
829 2201 1045 2267 innuit,
1084 2212 1143 2256 ut
1176 2216 1275 2272 pro
1308 2216 1367 2256 re
1394 2216 1459 2256 ac
1489 2209 1734 2270 tempore
1761 2200 1964 2270 aliquid

377 2295 687 2370 ’opportuni
721 2294 1063 2363 loqueretur.
1100 2293 1236 2348 Nam
1269 2300 1393 2348 erat
1426 2292 1515 2347 illa
1551 2280 1777 2361 quidem
1803 2291 1961 2361 juve-

392 2386 479 2439 nis
510 2395 670 2439 zetate
695 2424 710 2449 ,
744 2385 838 2438 sed
870 2385 1295 2457 peringeniosa;
1336 2391 1392 2437 et
1429 2397 1550 2437 eam
1598 2381 1816 2436 dicendi
1852 2383 1962 2437 vim

393 2490 422 2528 a
458 2483 653 2530 natura
688 2486 1014 2545 acceperat,
1046 2492 1168 2545 quae
1203 2476 1376 2545 ipsam
1418 2488 1527 2546 non
1578 2475 1750 2544 magis
1797 2491 1962 2546 quam

393 2565 674 2621 Platonem
703 2574 796 2621 aut
830 2565 1221 2637 Pythagoram,
1270 2575 1365 2619 aut
1398 2565 1669 2636 ejusmodi
1702 2566 1848 2621 viros
1880 2582 1979 2636 sa:

391 2656 612 2727 pientes
634 2656 876 2712 deceret.
902 2657 1041 2711 Tum
1069 2666 1251 2711 autem
1284 2655 1462 2713 oculis
1488 2657 1836 2715 hiscentibus
1864 2675 1962 2731 pa-

390 2757 530 2803 trem
549 2746 769 2803 intuens
795 2749 875 2804 sic
905 2764 1099 2804 exorsa
1126 2732 1209 2804 est
1232 2767 1247 2803 :

2064 1837 2157 1891 καὶ
2220 1836 2386 1907 μηδὲν
2451 1834 2838 1905 αἰσθανομένῳ
2894 1832 3006 1887 τῶν
3049 1832 3338 1902 παρόντων
3400 1827 3653 1898 ἀτεχνῶς

2047 1907 2250 2000 χέᾠκει·
2299 1929 2394 1981 καὶ
2437 1927 2613 1981 ταῦτα
2646 1929 2746 1996 τῆς
2787 1926 3025 1995 συζύγου
3069 1924 3210 1997 μετᾶ
3232 1923 3332 1993 τῆς
3366 1922 3648 1991 θυγατρὸς

2064 2020 2597 2090 πανυπερσεὸἁστης
2640 2020 2734 2072 καὶ
2775 2019 2885 2071 τῶν
2941 2018 3103 2071 υἱέων
3159 2014 3649 2087 παρακαθημένων

2065 2110 2208 2164 κατὰ
2241 2110 2301 2163 τὸ
2332 2111 2525 2174 εἰωθὸς
2565 2112 2663 2163 καὶ
2697 2108 2889 2180 ἱλαράν
2933 2125 3056 2161 τινα
3091 2107 3185 2160 καὶ
3226 2106 3519 2176 μειδιῶσαν
3554 2107 3649 2156 ὲκ-

2067 2188 2376 2273 δεχομένων
2396 2202 2653 2271 γλῶσσαν
2681 2202 3006 2271 ἀκηκοέναι,
3030 2199 3157 2269 Ὀψὲ
3172 2199 3216 2253 δ’
3234 2199 3649 2267 ἀναγκασθεῖσι

2062 2296 2094 2366 ἡ
2118 2294 2366 2364 σύζυγος,
2385 2295 2523 2367 αὐτὴ
2553 2295 2653 2366 μὲν
2673 2294 2886 2362 ἀφελῶς
2911 2292 3253 2361 ὑποφύσεως
3284 2292 3479 2361 ἔχουσα
3501 2289 3647 2365 πρὸς

2060 2389 2121 2442 τὸ
2146 2389 2347 2459 λέγειν,
2384 2388 2628 2442 διένευσε
2659 2388 2897 2460 πρδςτὴν
2924 2387 3203 2457 θυγατέρα
3234 2389 3333 2455 τὴν
3364 2401 3651 2453 πανυπερ-

2066 2480 2363 2552 σεσάστην,
2423 2480 2758 2550 φθέγξασθαί
2810 2498 2863 2534 τι
2913 2483 2979 2550 τῇ
3016 2481 3179 2551 χρείᾳ
3207 2479 3299 2532 καὶ
3341 2478 3416 2548 τῷ
3458 2476 3645 2547 καιρῷ

2064 2566 2526 2643 πρόσφορον.Ἧν
2557 2574 2667 2642 γὰρ
2698 2571 2841 2641 αὕτη
2868 2572 3138 2636 νεάζουσα
3164 2570 3274 2640 (64)
3311 2572 3408 2643 μξν
3441 2552 3644 2635 tiri};

2062 2656 2301 2734 ἠλικίας,
2336 2663 2449 2715 ἀλλ’
2498 2662 2592 2717 οὖν
2640 2666 2730 2717 ἐπὶ
2769 2665 2910 2733 μέγα
2969 2665 3241 2727 συνέσεως
3290 2636 3503 2733 ἤκουσα
3545 2660 3647 2712 καὶ

2061 2757 2311 2826 γλῶτταν
2342 2758 2495 2828 παρὰ
2544 2759 2642 2825 τῆς
2698 2757 2917 2827 φύσεως
2963 2758 3313 2827 εὐτυχήσασα
3347 2738 3445 2808 οῗικ
3497 2754 3639 2822 αὐτῇ

389 2841 593 2912 μᾶλλον
644 2840 676 2912 ἢ
715 2832 1150 2912 Πυθαγόρᾳ’καὶ
1210 2842 1459 2897 Πλάτωνι
1507 2845 1600 2899 καὶ
1640 2844 1750 2899 τῶν
1818 2845 1998 2915 σοφῶν
2035 2851 2150 2913 τοῖς
2188 2849 2454 2913 τοιούτοις
2510 2850 2657 2921 μάλα
2702 2851 3106 2921 προσήκουσαν.
3149 2850 3221 2901 Ἦ
3294 2849 3359 2919 δὴ
3402 2850 3493 2902 καὶ
3523 2848 3647 2901 δια-

388 2954 531 3009 ρασα
606 2935 741 3005 πρὸς
808 2937 899 2990 τὸν
945 2938 1158 3007 πατέρα
1222 2941 1351 3002 τοὺς
1433 2940 1746 3010 ὀφθαλμοὺς
1805 2934 1954 3007 ἔλεξε
1992 2946 2211 3000 τοιάδεο
2364 2939 2375 2951 ’

464 3029 529 3091 ν,
570 3048 590 3082 ι
618 3031 874 3094 Audaciae
906 3030 1187 3086 iorsan'et
1223 3032 1551 3087 temeritatis
1579 3049 1806 3090 summa:
1837 3052 1957 3092 esse
1985 3048 2028 3104 (ζ

388 3120 667 3187 videatur,
688 3137 721 3176 ο
745 3130 921 3191 pater,
945 3138 1030 3176 me
1056 3121 1218 3175 tiliam
1238 3122 1697 3179 adoleséeutulam
1729 3126 1958 3183 liberius

385 3212 529 3291 apud
562 3221 615 3267 te
661 3212 953 3283 proloqui,
1001 3224 1059 3267 et
1101 3201 1276 3291 eunt,
1303 3215 1463 3286 cujus
1503 3216 1689 3287 lingua
1737 3217 1956 3274 alumna

385 3305 459 3360 sit
490 3288 813 3373 imperitiae,
855 3304 1045 3359 oculos
1089 3288 1375 3360 intendere
1428 3310 1632 3362 audere
1678 3308 1949 3365 adversus

381 3395 707 3475 altissimam
738 3395 1025 3465 sapientia:
1070 3390 1293 3451 arcem.'
1330 3396 1439 3453 Sed
1496 3401 1620 3453 cum
1673 3411 1729 3456 et
1780 3410 1957 3468 mater

384 3474 659 3554 hortetur,
706 3498 765 3543 et
801 3474 1016 3558 tempus
1059 3504 1255 3559 resque
1299 3489 1415 3560 ipsa
1458 3493 1728 3562 postulet,
1773 3492 1954 3549 dicam

383 3589 445 3635 ut
474 3588 688 3651 potero.
744 3579 1067 3648 Quianam;
1099 3581 1505 3651 sapientissime
1538 3587 1780 3657 omnium
1809 3600 1957 3641 mor-

381 3673 608 3739 talium,
641 3683 749 3728 tam
799 3674 854 3728 iu
882 3674 1088 3729 tacitus
1113 3674 1293 3741 sedes,
1326 3684 1592 3746 tuumque
1631 3677 1806 3748 ipsius
1835 3679 1955 3734 ani-

384 3779 534 3818 mum
563 3763 855 3819 excrucias
882 3774 937 3819 et
967 3780 1205 3820 maerore
1235 3766 1500 3822 οοηηοὶεε
1537 3783 1639 3823 nec
1676 3754 1825 3823 tuam
1859 3785 1958 3825 110-

383 3855 471 3911 bis
507 3865 747 3912 mentem
778 3857 1188 3921 communicas,
1222 3868 1282 3914 ut
1314 3859 1479 3916 istius
1520 3860 1683 3934 307
1718 3862 1956 3919 tristitiae

382 3956 542 4017 parte
604 3947 656 4002 in
710 3963 814 4004 nos
864 3957 1087 4018 recepta
1129 3949 1340 4007 doloris
1396 3964 1618 4019 sensum
1666 3953 1955 4010 levemus?

383 4038 520 4094 Nam
550 4048 603 4094 et
633 4040 976 4109 perturbatio
1002 4041 1188 4097 vultus
1220 4044 1297 4096 tui
1317 4082 1334 4109 ,
1365 4052 1421 4098 et
1451 4043 1650 4116 lingua
1673 4044 1955 4100 silentium

382 4132 520 4187 satis
551 4131 879 4199 declarant,
910 4149 1076 4202 quam
1106 4135 1404 4191 vehemens
1435 4137 1508 4191 sit
1537 4138 1706 4192 animi
1738 4139 1815 4192 tui
1852 4139 1955 4194 do-

382 4222 491 4286 lor,
540 4224 634 4291 qui
685 4225 938 4278 intimum
989 4240 1087 4281 cor
1118 4227 1270 4281 velut
1310 4242 1493 4282 arcem
1524 4230 1811 4298 quamdam
1861 4242 1955 4286 aut

381 4312 570 4383 potius
598 4314 747 4368 velut
792 4315 1030 4404 radicem
1059 4330 1124 4371 ac
1154 4317 1435 4373 vinculum
1474 4320 1724 4382 vitalium
1757 4324 1955 4378 anima:

2136 3039 2209 3096 E'.
2246 3061 2263 3094 ι
2296 3041 2581 3111 Τολμηρδν
2636 3041 2735 3112 μὲν
2770 3042 2904 3106 ἴσως
2935 3041 3028 3094 καὶ
3063 3042 3397 3110 προπετείας
3432 3041 3645 3107 δόξειεν

2059 3133 2123 3190 ἄν
2149 3150 2266 3196 πως
2310 3134 2527 3203 μεστὸν,
2575 3128 2619 3187 ὦ
2670 3136 2870 3202 πάτερ,
2911 3135 3187 3205 θυγατέρα
3228 3134 3519 3198 νεάζουσαη
3554 3137 3642 3189 ἑτι

2060 3226 2194 3295 πρὸς
2230 3228 2443 3295 πατέρα
2476 3227 2958 3300 παρρησιάζεσθαι
2988 3229 3093 3284 ..καὶ
3139 3226 3353 3301 ἀμαθία
3386 3229 3642 3294 63613.1;

2059 3317 2313 3384 γλῶσσαν
2354 3320 2621 3384 ἀτενίζειν
2651 3323 2786 3391 πρὸς
2828 3324 2920 3377 τὸν
3090 3325 3284 3390 σοφίας
3322 3324 3635 3395 Ὀλυμρτον.

2071 3408 2223 3461 Ἐπεὶ
2252 3408 2348 3482 δ³ῆ
2379 3409 2465 3482 [Ρ.
2490 3411 2613 3484 189]
2641 3429 2699 3464 τε
2735 3414 2918 3483 μήτηρ
2937 3414 3237 3484 προτρέπει
3263 3416 3353 3465 καὶ
3380 3416 3516 3480 μετά
3542 3414 3644 3467 τοῦ

2060 3500 2387 3569 πράγματος
2411 3502 2439 3553 ὁ
2477 3503 2672 3571 καιρὸς
2693 3485 3022 3563 ἐπιτίθεται,
3048 3503 3358 3572 φθέγξομαι
3384 3503 3441 3554 τό
3467 3518 3527 3569 γε
3559 3506 3646 3566 εἰς

2058 3590 2291 3661 δύναμιν
2324 3588 2482 3663 ἧκον.
2509 3594 2628 3647 Ἰνα
2661 3595 2714 3646 τί
2752 3594 2862 3663 γὰρ
2889 3595 2982 3646 ἐπὶ
3022 3595 3275 3647 τοσοῦτον
3327 3593 3515 3661 σιγῶν,
3550 3612 3646 3647 σο-

2059 3684 2275 3755 φώτατε
2324 3686 2542 3741 πάντων
2574 3685 2901 3757 ἀνθρώπων,
2938 3688 3104 3757 ἀνέχῃ
3131 3678 3638 3758 μὲίγνωσιμοχεῒν

2059 3780 2149 3830 ἐπὶ
2199 3778 2391 3848 σαυτῷ
2449 3779 2545 3832 καὶ
2598 3777 2940 3846 κατατήκειν
2985 3780 3206 3842 σαυτὸν⁹
3255 3766 3536 3833 κοινωνεῖν
3589 3780 3636 3832 δ’

2055 3874 2191 3942 ἡμῖν
2221 3874 2323 3927 οὐκ
2376 3874 2579 3935 ἐθέλεις
2613 3874 2712 3942 τῆς
2759 3876 3010 3949 γνώμης,
3047 3876 3136 3928 ῐνα
3187 3875 3285 3929 καὶ
3323 3878 3422 3944 τῆς
3455 3875 3637 3945 λύπης

2057 3967 2218 4034 ἡμεῖς
2259 3983 2343 4020 σοι
2386 3966 2677 4036 γενόμεναι
2709 3967 2961 4019 κοινωνοὶ
2993 3958 3326 4038 κουφότερον
3350 3969 3640 4040 ,καταστή-

2059 4058 2237 4127 σωμέν
2275 4074 2357 4110 σοι
2377 4056 2437 4127 τὸ
2463 4056 2668 4122 πάθοςς
2714 4058 2921 4129 Πολλὴν
2954 4058 3063 4127 γὰρ
3095 4060 3227 4133 ἡμῖν
3257 4060 3290 4129 ἠ
3321 4060 3427 4111 τῶν
3457 4059 3640 4129 δψεων

2059 4149 2322 4217 σύγχυσις
2356 4148 2450 4201 καὶ
2496 4150 2529 4218 ἡ
2570 4148 2671 4219 τῆς
2702 4150 2949 4221 γλώττης
2989 4150 3261 4218 ἀσφάλεια
3302 4151 3515 4220 μηνύει,
3533 4168 3639 4209 σα-

2006 4256 2014 4262 ·
2057 4239 2172 4307 φῶς
2206 4239 2305 4308 τὴν
2354 4242 2411 4292 ἐν
2450 4241 2516 4311 τῇ
2569 4240 2842 4312 ψυχῇσου
2902 4242 2998 4310 τῆς
3029 4241 3206 4319 λύπης
3244 4242 3433 4312 ἀκμὴν
3469 4244 3501 4311 ἦ
3532 4243 3639 4312 τῆς

2057 4326 2284 4395 καρδίας
2317 4332 2703 4400 χειρωσαμένη
2755 4331 2824 4382 τὰ
2873 4330 3084 4399 καίρια,
3116 4331 3374 4401 καθάπερ
3395 4332 3638 4401 ἀκρόπο-

380 4406 709 4460 facultatum
761 4390 992 4471 invasit,
1038 4418 1203 4480 atque
1251 4410 1325 4465 ibi
1369 4398 1594 4481 penitus
1630 4414 1831 4469 infixus
1865 4418 1948 4470 in-

2060 4417 2139 4467 λιν
2173 4415 2204 4485 ἢ
2243 4415 2408 4485 ῥίζαν
2437 4416 2559 4469 τινὰ
2613 4419 2707 4470 καὶ
2746 4418 3042 4487 σύνδεσμον
3096 4420 3202 4473 τῶν
3241 4420 3491 4484 ζωτικῶν
3533 4423 3636 4490 τῆς

380 4498 526 4584 genii
560 4496 752 4563 ﬂorum
798 4500 1142 4569 depascitur,
1188 4502 1552 4573 cogitationes
1586 4506 1872 4563 confundit
1901 4516 1956 4562 et

378 4591 705 4646 nobiliorem
732 4593 899 4646 animi
924 4602 1131 4662 partem
1157 4605 1442 4665 aggravat.
1468 4597 1539 4656 Ut
1559 4610 1742 4654 autem
1771 4600 1952 4654 oleum

375 4690 432 4737 et
460 4697 591 4753 cera
615 4692 670 4736 et
702 4683 903 4749 stipula
939 4692 996 4737 et
1018 4682 1224 4739 fumum
1259 4684 1535 4740 ﬂammam
1567 4689 1760 4753 alunt,-
1794 4690 1866 4742 ita
1898 4698 1954 4743 et

375 4750 658 4826 silenlinm
695 4773 957 4828 collectos
997 4773 1052 4827 in
1081 4776 1265 4828 animo
1296 4773 1503 4830 doloris
1536 4777 1690 4844 ignes
1716 4785 1943 4841 nactum

372 4864 661 4918 materiam
713 4864 873 4933 quasi
922 4865 1164 4936 ipsisct
1215 4866 1550 4937 nutrimenta
1595 4868 1946 4938 suppeditat,

375 4970 480 5011 nec
522 4956 658 5010 sinit
687 4957 925 5012 offusum
964 4957 1093 5017 inde
1123 4957 1293 5011 animi
1330 4958 1540 5012 fumum
1574 4975 1674 5030 per
1705 4960 1947 5032 linguam

376 5046 645 5100 exhalari.
681 5045 862 5114 Quare
900 5058 954 5101 tu
976 5087 992 5111 ,
1044 5062 1112 5102 ne
1143 5047 1373 5103 allectus
1404 5048 1507 5103 iste
1546 5061 1789 5122 tempore
1818 5069 1950 5107 con-

376 5139 628 5191 lirmatus
695 5138 1129 5207 inexspectatum
1185 5138 1444 5194 damnum
1502 5153 1784 5211 apportet,
1853 5159 1949 5213 per

376 5228 548 5284 Deum
602 5245 872 5301 exsurge,
921 5240 975 5284 et
1013 5230 1258 5285 animum
1309 5231 1518 5301 recipe.
1559 5214 1746 5303 Neque
1799 5238 1944 5288 enim

2051 4508 2241 4577 ψυχῆς
2279 4508 2589 4577 δυνάμεων,
2621 4508 2856 4579 κάθηται
2899 4509 3302 4580 ἀναπόσπαστα
3340 4513 3636 4566 ἐπιϐοσκο-

2056 4600 2199 4671 μένη
2222 4599 2322 4670 τὴν
2349 4598 2503 4670 ὥραν
2531 4600 2638 4654 τῶν
2684 4603 2964 4671 λογισμῶν
3020 4604 3118 4657 καὶ
3168 4605 3500 4659 συνθολοῦσα
3534 4608 3641 4671 τὰς

2058 4689 2348 4760 περιόδους
2384 4691 2567 4745 αὐτῶν
2599 4694 2694 4747 καὶ
2719 4693 2986 4766 ἐμϐριθὲς
3021 4695 3254 4750 ποιοῦσα
3281 4696 3339 4749 τὸ
3375 4700 3643 4767 ἡγεμονι-

2051 4782 2168 4833 κόν.
2207 4781 2418 4854 ’Ὠσπερ
2471 4783 2717 4839 δ’ἐλαιον
2776 4790 2868 4839 καὶ
2923 4787 3095 4869 κηρδς
3151 4790 3243 4842 καὶ
3283 4789 3638 4869 καλάμημαὶ

2049 4875 2240 4943 χόρτος
2267 4875 2437 4944 πυρὸς
2460 4875 2727 4945 ἐπεφύκει
2763 4879 2963 4949 τροφὴ,
2991 4862 3134 4934 οὕτω
3160 4882 3255 4932 καὶ
3291 4882 3471 4952 σιωπὴ
3501 4884 3637 4951 περὶ

2048 4967 2147 5036 τὴν
2199 4967 2379 5037 ψυχὴν
2445 4968 2841 5041 ἠθροισμένους
2908 4974 3245 5044 εύρίσκουσα
3300 4970 3398 5043 τῆς
3451 4975 3634 5043 λύπης

2051 5058 2175 5119 τοὺς
2235 5058 2516 5127 ἄνθρακας
2539 5098 2555 5122 ,
2604 5061 2860 5130 καθάπερ
2898 5062 3032 5133 ὓλην
3082 5065 3267 5126 αὐτοῖς
3299 5065 3393 5117 καὶ
3420 5064 3635 5136 τροφὴν

2049 5148 2251 5218 ἑαυτὴν
2309 5152 2561 5220 χορηγεῖ,
2597 5150 2823 5222 μηδαμῇ
2872 5153 2961 5206 διὰ
2998 5152 3247 5223 γλώττης
3281 5154 3480 5222 ἐξιέναι
3523 5171 3634 5207 πα-

2051 5238 2379 5310 ραχοιροῦσα
2450 5242 2542 5295 τὸν
2588 5243 2940 5312 ἐγγινόμε.ον
3019 5246 3232 5297 ἐκεῖθεν
3296 5247 3502 5299 καπνὸν
3556 5248 3628 5319 τῇ

1722 5352 2059 5415 Variorutn
2107 5367 2292 5419 noue.

451 5466 561 5534 (63)
590 5464 836 5537 Quorum
888 5465 1200 5537 nonscmel
1235 5465 1570 5537 mentionem
1611 5476 1781 5537 agunt
1810 5483 1945 5522 serto

395 5545 564 5606 itmes
598 5536 881 5606 Byzantini
913 5545 971 5606 et
1002 5534 1153 5606 locos
1199 5535 1421 5605 collegit
1465 5534 1815 5595 Lambecius.
1848 5555 1943 5593 seu

427 5604 805 5675 olstenius,ac
837 5604 1069 5675 praeﬁxit
1099 5605 1300 5661 Leonis
1332 5606 1603 5661 Uraculis.
1646 5606 1886 5663 Ducena.

450 5675 561 5744 (66)
590 5674 821 5728 Wolfius
849 5675 1169 5745 ιιεάζονσαν,
1202 5676 1305 5732 hoc
1344 5675 1467 5759 loco
1503 5686 1559 5731 et
1584 5678 1747 5748 paulo
1782 5680 1943 5746 infra,

2062 5476 2459 5542 interpretatur
2481 5472 2947 5527 adolescentulam.
2965 5439 3080 5530 .Sed
3107 5475 3495 5531 adolescentem
3513 5491 3629 5532 non

2058 5544 2402 5616 erat.__eujus
2430 5542 2544 5616 ﬁlia
2568 5546 2933 5616 quadriennio
2965 5556 3089 5616 post
3122 5547 3318 5616 nuptui
3357 5547 3630 5604 collocata

2057 5624 2161 5666 est.
2203 5612 2333 5668 Vide
2368 5628 2487 5683 Cap.
2520 5612 2739 5680 ὀίεαι.
2770 5616 2802 5667 ‘2.
2828 5612 2986 5670 iulia“.
3024 5612 3239 5671 Βοινιιᾶ.
