3980 6204
500 304 606 365 illi.

503 417 685 472 oinnia
732 431 929 470 arcana
987 414 1196 468 ratione
1241 424 1472 482 agantur
1523 428 1538 466 :

502 511 812 569 sedeamus.
844 523 907 561 ac
947 505 1299 560 Providentia
1346 512 1401 558 et
1433 504 1663 559 veritate
1703 503 1956 573 indignas
1988 517 2077 556 ra-

505 603 681 653 tiones
709 597 1212 653 comminiscamur.
1242 595 1378 650 Cum
1410 594 1555 649 enim
1595 594 1739 648 Deus
1768 592 1840 647 0b
1889 604 2074 647 vetera

501 705 556 747 ct
609 689 849 747 recentia
887 690 1085 744 delicta
1115 680 1418 757 quemlibet
1458 687 1692 740 multare
1728 686 1863 743 vult.
1913 684 2073 753 periti

500 785 696 839 medici
750 785 942 847 instar,
972 781 1148 853 plagis
1174 791 1366 834 curatu
1411 776 1727 831 diflicilibus
1764 775 1966 829 ferrum
2022 785 2078 828 et

503 881 682 944 ignem
733 878 1005 929 admovet.
1060 873 1179 926 Mox
1233 882 1428 926 terram
1464 870 1584 924 laeto
1625 869 1790 923 ubere
1842 868 2074 922 fertilem

504 990 599 1027 aer
647 972 829 1042 gravis
880 970 1122 1027 infestat.
1164 982 1304 1033 aqua
1361 967 1528 1020 maris
1559 963 1894 1033 indignatur,
1927 962 2076 1016 venti

508 1064 805 1133 importuni
841 1073 894 1117 et
924 1062 1062 1116 votis
1098 1058 1356 1114 contrarii
1408 1057 1602 1110 rcflare
1659 1054 1951 1123 incipiunt,
1982 1068 2077 1122 pe-

508 1155 748 1209 stilentia
788 1163 1067 1223 grassatur
1099 1167 1112 1203 :
1148 1149 1461 1216 afﬂiguntur
1488 1153 1760 1215 quotquot
1795 1145 2079 1199 virtute'et

507 1246 822 1301 eruditione
860 1260 919 1299 se
948 1246 1095 1311 ipsos
1119 1247 1477 1302 exornarunt,
1508 1252 1572 1291 ac
1602 1251 1783 1290 mores
1825 1250 1956 1289 suos
2010 1235 2075 1287 ad

509 1337 746 1397 lloriam,
781 1345 840 1389 ut
884 1336 955 1388 ita
1001 1334 1203 1394 dicam,
1241 1329 1579 1385 harmoniam
1625 1328 1959 1399 compositos
1983 1342 2078 1381 ex-

507 1430 840 1499 poliverunt.
893 1424 1167 1493 Quidquid
1227 1423 1523 1477 instituunt
1588 1420 1792 1474 exitum
1850 1419 2079 1474 sortitur

508 1524 802 1573 infaustum
836 1526 889 1571 et
917 1517 1102 1586 primae
1134 1529 1361 1584 operum
1397 1511 1698 1580 inceptioui
1733 1511 1964 1564 maxime
1984 1512 2077 1562 ad-

506 1613 831 1672 versarium,
863 1625 1119 1679 Supremo
1154 1608 1246 1661 Dei
1303 1606 1525 1659 numine
1581 1604 1661 1659 sic
1724 1604 2077 1679 decernente.

505 1708 707 1758 tiontra
761 1702 1058 1757 calamitosi
1089 1738 1104 1761 ,
1132 1698 1373 1758 obscuri,
1407 1696 1668 1750 vecordes
1701 1704 1755 1748 et
1776 1678 2076 1748 'Furiarum

755 305 901 369 1.ι.ιι
970 302 1100 353 (ἱῖιι
1150 316 1213 352 ιιι)
1258 298 1421 369 635a};

1720 302 2135 360 NICEPHORI
2179 301 2559 361 GRhGOlixE

1591 411 1720 465 licet
1768 426 1871 465 nos
1905 410 2076 482 ignari

2190 411 2425 463 εἰκοστὸν
2478 411 2716 465 ἔννατον.
2763 411 3085 483 Ἐπιστῆσαι
3139 415 3181 467 δ’
3236 418 3392 485 ἄξιον,
3435 422 3534 486 πῶς
3582 428 3671 480 τῶν
3726 416 3729 420 ’

2482 180 2553 188 ν...

2868 295 2998 366 [inin
3043 312 3302 353 asumma.
3341 303 3464 377 sm]

3584 310 3668 377 ltili

2184 503 2539 572 ἀνθρωπίνων
2587 503 3115 574 πραγμάτων.ούδὲν
3162 508 3251 578 τῆς
3291 511 3520 580 Προνοίας
3547 518 3675 582 sub;
3732 568 3739 577 ,

2184 596 2487 660 διοικεῖται,
2517 594 2653 650 ἀλλὰ
2699 595 2880 649 πάντα
2933 596 3089 665 λόγον
3133 599 3419 671 ἀπόρρητον
3462 606 3561 674 ἔχει
3602 613 3676 664 τὸν

2184 687 2380 755 ἄγοντα
2409 702 2422 716 ·
2467 685 2569 739 κᾶν
2618 688 2778 758 ἡμεῖς
2828 688 3149 756 ἀγνοοῦντες
3194 692 3476 763 καθήμεθα,
3515 698 3673 765 λόγους

2184 779 2553 849 προφέροντες
2601 779 2699 847 τῆς
2743 787 2805 831 τε
2859 780 3120 849 Προνοίας
3162 783 3287 852 ὁμοῦ
3322 788 3407 839 καὶ
3448 789 3536 860 τῆς
3571 793 3679 864 ἀλη.

2185 871 2336 934 θείας
2385 873 2446 925 ού
2484 872 2628 939 μάλα
2673 871 2876 937 ἀξίους.
2925 873 3092 925 Ὅταν
3143 874 3242 944 γὰρ
3287 876 3429 949 ἐθέλῃ
3475 882 3679 946 κολάζειν

2186 961 2278 1025 οὓς
2313 962 2378 1015 ἃν
2414 962 2585 1014 ἐθέλοι
2621 959 2869 1014 παλαιῶν
2906 979 2965 1014 τε
3002 965 3097 1014 καὶ
3152 966 3280 1017 νέων
3326 966 3678 1038 ἁμαρτημάτων

2186 1051 2510 1121 ποιούμενος
2564 1052 2793 1131 ἔκτισιν,
2825 1046 2913 1106 οἷα
2968 1055 3137 1121 σοφὸς
3191 1056 3365 1125 ἰατρὸς
3417 1064 3566 1126 τομὴν
3609 1064 3677 1114 καὶ

2187 1146 2439 1214 καυτῆρα
2484 1148 2605 1208 ταῖς
2645 1146 2920 1209 δυσιάτοις
2970 1148 3163 1215 ἐπάγει
3192 1149 3437 1216 πληγαῖς.
3466 1152 3557 1204 Καὶ⁵
3588 1153 3674 1218 ἅμα

2186 1235 2328 1288 κατὰ
2386 1226 2492 1303 γῆς
2554 1235 2892 1304 εὐθηνούσης
2950 1237 3115 1307 άέρες
3174 1240 3566 1310 νεωτερίζουσιο
3608 1247 3676 1298 καὶ

2185 1330 2487 1395 ἀγανακτεῖ
2520 1329 2640 1382 κατ’
2665 1329 2845 1382 αὐτῶν
2870 1329 3013 1401 ὕδωρ
3043 1331 3308 1402 Θαλάττης
3329 1349 3342 1364 ⁸
3367 1335 3452 1386 καὶ
3481 1335 3681 1402 ὑϐρισταὶ

2185 1419 2327 1483 κατὰ
2375 1418 2473 1484 τῆς
2524 1418 2730 1469 τούτων
2784 1416 3093 1487 βουλήσεως
3131 1420 3455 1474 ἁντιπνέουσι
3501 1424 3684 1491 ἄνεμοι·

2187 1515 2278 1566 καὶ
2308 1512 2516 1579 ἰοιμῶν
2546 1511 2663 1572 6-6";
2691 1510 2966 1566 εὐοδοῦταί
2992 1525 3008 1540 ·
3040 1513 3135 1565 καὶ
3167 1514 3583 1582 κακοδαιμονοῦσι
3611 1517 3688 1583 μὲν

2184 1605 2300 1657 ὅσοι
2333 1603 2468 1671 πρὸς
2498 1601 2697 1671 ἀρετὴν
2731 1602 2827 1654 καὶ
2859 1601 3107 1655 παιδείαν
3137 1602 3461 1673 ὲρῤύθμισαν
3479 1606 3686 1669 heroic,

2188 1697 2283 1747 καὶ
2311 1694 2373 1746 τὸ
2396 1691 2604 1746 ἑαυτῶν
2639 1694 2775 1761 πρὸς
2801 1693 2900 1763 τὴν
2925 1693 3150 1764 Δώριον,
3183 1693 3264 1766 [Ρ.
3300 1694 3415 1766 195]
3438 1696 3503 1757 ὡς
3530 1698 3691 1757 είπεῖν,

508 1796 735 1859 alumni,
766 1806 1079 1863 prosperam
1119 1790 1391 1843 fortunam
1420 1786 1817 1856 experiuntur;
1863 1774 2080 1851 sapieno

2192 1788 2459 1861 ἁρμονίαν
2483 1787 2756 1850 ἀπέέςεσαν
2776 1782 2906 1857 ἦθος
2928 1805 2942 1818 ·
2978 1786 3074 1841 καὶ
3096 1788 3202 1841 πᾶν
3229 1788 3257 1840 ὃ
3283 1805 3334 1840 τι
3358 1789 3592 1857 πράξαιεν
3619 1790 3698 1840 πέ-

490 1898 592 1942 ~tcs
622 1886 691 1939 ab
734 1882 1119 1953 insipientibus
1149 1881 1366 1948 penitus
1408 1878 1745 1942 vincuntur;
1801 1890 2094 1930 sanntones

490 1957 853 2042 r'ctniancipia
884 1971 1146 2024 modestis
1170 1967 1525 2035 honestisque
1549 1966 1842 2034 imperant.
1880 1963 2016 2017 Tum
2039 1973 2094 2017 ct

508 2066 731 2120 urbium
792 2063 1163 2134 magistratus,
1200 2068 1255 2115 et
1286 2057 1727 2128 patresf'amilias,
1757 2065 1814 2112 et
1842 2055 2093 2110 tribunos

467 2204 474 2209 .
510 2162 706 2231 plebis,
739 2168 794 2212 et
827 2156 1038 2231 ωὸἰιεε,
1060 2164 1129 2209 et
1166 2164 1452 2224 praetores,
1498 2149 1609 2205 imo
1654 2149 1826 2220 ipsius
1869 2161 2091 2217 quoque

510 2253 823 2310 nionastica:
846 2246 1151 2316 disciplina:
1177 2244 1453 2298 antistites
1481 2256 1675 2296 omnes
1697 2239 1904 2304 videas,
1933 2238 2082 2293 velut

496 2367 574 2404 ex
607 2343 932 2415 composito,
980 2335 1334 2408 impudentiae
1382 2344 1438 2389 et
1483 2332 1796 2403 petulantia:
1841 2330 2079 2395 servire,

510 2457 611 2496 nec
641 2455 707 2494 ex
741 2435 920 2490 ofllcio
943 2430 1244 2503 quidquam
1280 2428 1458 2482 facere
1483 2436 1578 2481 aut
1608 2439 1767 2494 posse
1799 2434 1894 2477 aut
1920 2421 2080 2493 317

512 2533 674 2587 velle.
708 2518 835 2583 llaec
864 2529 934 2582 ita
968 2540 1026 2579 se
1062 2521 1265 2576 habere
1293 2518 1479 2586 exiis,
1518 2532 1639 2589 qua:
1680 2516 1788 2586 iam
1813 2515 2081 2581 dicemus,

511 2622 809 2680 constabit.

2195 1898 2295 1952 ρας
2323 1881 2571 1951 εὑρίσκει
2604 1880 2878 1950 σφαλερὸν
2909 1880 3002 1932 καὶ
3038 1878 3185 1949 μάλα
3211 1879 3584 1948 πολεμιώτατον
3608 1882 3698 1941 τοῖς

2189 1970 2454 2039 ἀρχηγοῖς
2488 1968 2597 2020 τῶν
2632 1967 2810 2037 ἔργων
2859 1966 3216 2037 βουλεύμασι,
3252 1968 3341 2018 τοῦ
3383 1964 3506 2018 Θεοῦ
3548 1966 3703 2019 τοιαύ-

2187 2075 2289 2128 την
2326 2062 2449 2110 τινὰ
2497 2057 2596 2129 τὴν
2626 2057 2811 2128 κρίσιν
2842 2057 3050 2110 ἄνωθεν
3099 2056 3522 2119 ταλαντεύοντος.
3545 2056 3705 2109 Εὐδαι-

2153 2192 2156 2195 .
2191 2147 2416 2217 μονοῦσι
2451 2146 2496 2200 δ’
2527 2148 2716 2201 ὀπόσοι
2764 2147 3049 2217 δυστυχεῖς
3084 2164 3234 2211 τινες
3268 2149 3357 2203 καὶ
3399 2147 3598 2216 ἀφανεῖς
3628 2148 3706 2198 καὶ

2190 2239 2554 2309 παραπλῆγες
2598 2240 2696 2291 καὶ
2752 2238 3045 2310 Ἐριννύων
3099 2239 3373 2308 πεφύκασι
3416 2238 3702 2309 θρέμματα·

2189 2327 2286 2381 καὶ
2315 2325 2542 2380 νικῶσιν
2598 2327 2703 2380 ἀνά
2752 2327 2954 2397 κράτος
2983 2327 3113 2386 τοὺς
3156 2328 3421 2397 ἔμφρονας
3466 2327 3702 2396 “Pam.

2190 2419 2284 2469 καὶ
2313 2415 2632 2485 κυριεύουσι
2682 2415 2795 2468 τῶν
2839 2416 3085 2484 κοσμίων
3134 2418 3231 2471 καὶ
3266 2415 3593 2487 εὐσχημόνων
3631 2415 3708 2465 ἁδ-

2186 2508 2329 2578 δρῶν
2361 2507 2668 2578 ἐμπαῖκται
2696 2525 2843 2569 τινες
2870 2510 2965 2563 καὶ
2986 2509 3297 2581 οἰκότριϐες
3325 2508 3601 2579 ἄνθρωποι.
3626 2504 3712 2557 Καὶ

2168 2604 2291 2657 ,ἴδοι
2325 2618 2409 2663 τις
2441 2600 2507 2653 ἂν
2545 2601 2849 2670 τηνικαῦτα
2883 2604 3012 2664 τούς
3042 2618 3104 2654 τε
3136 2603 3507 2673 δημαγωγοὺς,
3530 2598 3636 2659 τούς
3662 2612 3710 2647 τε

509 2723 618 2786 τῷν
647 2720 854 2771 πόλεων
898 2715 1188 2786 ἄρχοντας,
1220 2712 1347 2773 τούς
1374 2724 1433 2761 τε
1480 2706 1589 2761 τῶν
1623 2700 1835 2769 οἰκιῶν,
1895 2699 2022 2761 τούς
2083 2714 2144 2752 τε
2184 2696 2562 2764 ἀγορανόμους
2598 2695 2693 2748 καὶ
2743 2695 3130 2758 δικασπόλους,
3163 2697 3256 2749 καὶ
3300 2695 3428 2765 πρός
3459 2710 3517 2760 γε
3555 2693 3712 2744 ὁπόσοι

510 2816 604 2870 τοῦ
675 2805 966 2884 μοναδικοῦ
1026 2805 1349 2876 προστατεῖν
1403 2801 1595 2870 ἔλαχον
1652 2798 1793 2869 βίου,
1859 2792 2070 2854 πάντας
2150 2791 2407 2859 καθάπερ
2462 2789 2573 2844 άπὸ
2669 2788 2966 2861 συμφώνου
3023 2790 3175 2853 τινὸς
3231 2792 3295 2859 τῇ
3346 2786 3584 2854 ἀναιδείᾳ
3636 2786 3712 2835 καὶ

512 2876 708 2976 ἀταξία
738 2899 1141 2972 λατρεύοντας,
1176 2895 1272 2948 καὶ
1313 2894 1465 2947 οὐδὲν
1509 2891 1659 2959 ὑγιὲς
1710 2889 1974 2960 πράττειν
2040 2882 2163 2938 οὔτε
2201 2884 2571 2953 δυναμένους,
2635 2881 2763 2935 οὔτε
2837 2880 3153 2945 ἐθέλοντας.
3208 2880 3493 2936 Βεὸαιώσει
3554 2876 3611 2933 δὲ
3661 2877 3716 2929 τὰ

511 3002 783 3068 λεγόμενα
841 2994 936 3044 καὶ
988 2989 1133 3058 άπερ
1188 2988 1387 3040 αὐτίκα
1431 2983 1674 3048 λέξοντες
1721 2983 1930 3052 ἥκομεν
1983 2978 2078 3032 καὶ
2114 2980 2301 3048 ἡμεῖς.

586 3092 651 3147 V.
694 3091 827 3145 Nam
856 3102 980 3141 cum
1006 3084 1309 3139 Turcarum
1342 3080 1675 3150 irruptiones
1712 3092 1828 3129 rem
1880 3074 2079 3129 Roma-

2260 3072 2334 3128 E'.
2382 3074 2540 3128 Ἐπεὶ
2587 3075 2697 3145 γὰρ
2734 3077 2813 3138 εἰς
2869 3075 3074 3145 πλῆθος
3107 3076 3147 3143 ἠ
3202 3075 3311 3127 τῶν
3346 3071 3586 3141 Τούρκων
3609 3068 3718 3119 ὲπε·

518 3200 639 3242 nam
670 3181 1034 3243 undecunque
1083 3181 1384 3228 atterentes
1429 3186 1485 3225 et
1532 3168 1855 3224 aliiictantes
1904 3166 2087 3220 incre-

517 3281 861 3334 brescereut,
887 3280 944 3324 et
968 3266 1236 3338 quidquid
1266 3265 1387 3332 opis
1416 3278 1479 3316 ac
1506 3259 1741 3315 subsidii
1782 3258 1835 3312 in
1873 3256 2085 3310 viribus

520 3385 615 3425 seu
668 3361 988 3420 domesticis
1021 3374 1118 3413 seu
1161 3354 1520 3410 auxiliaribus
1554 3337 1791 3422 positum
1835 3348 1994 3409 foret,
2030 3347 2085 3400 id

519 3474 684 3515 omne
745 3434 970 3527 prorsus
1014 3448 1213 3504 inutile
1254 3460 1320 3501 ac
1355 3444 1566 3498 nullum
1618 3456 1740 3496 esse
1791 3440 2087 3509 imperator

519 3550 785 3605 divinitus
837 3542 1185 3611 intelligeret,
1239 3538 1371 3611 alia.
1398 3536 1481 3590 via
1513 3549 1630 3589 rem
1669 3546 1929 3602 agressus
1976 3540 2083 3594 est,

518 3641 730 3699 lubrica
761 3639 851 3692 illa
890 3635 1136 3706 quidem,
1178 3631 1223 3685 si
1251 3643 1379 3684 vere
1420 3625 1738 3681 consideres
1764 3632 1820 3678 et
1852 3622 2083 3692 aequita-

517 3743 626 3788 tem
662 3738 876 3800 spectes
902 3705 919 3791 ,ν
962 3740 1069 3778 non
1101 3734 1279 3775 tamen
1317 3732 1543 3789 prorsus
1581 3705 1938 3785 imprudenti,
1977 3721 2087 3766 tam

518 3820 767 3878 adversis
808 3829 864 3873 et
898 3826 1005 3870 tam
1058 3811 1260 3882 iniquis
1314 3807 1673 3878 temporibus.
1724 3805 1860 3860 Nam
1906 3818 2088 3859 annua

518 3913 865 3987 subditorum
910 3907 1111 3960 tributa
1163 3917 1360 3973 augere
1400 3901 1631 3965 statuit;
1659 3898 1864 3968 quibus
1898 3895 2089 3951 divisis

520 4015 731 4077 partem
764 4003 819 4057 in
854 3999 991 4055 alios
1032 4012 1161 4051 usus
1211 3992 1507 4064 quotannis
1543 3990 1844 4054 conferret,
1874 3995 2087 4058 partem

518 4099 769 4155 finitimis
800 4093 1052 4149 hostibus
1081 4089 1444 4158 impenderet,
1479 4099 1653 4154 eaque
1684 4083 1897 4136 ratione
1927 4096 2091 4136 vena-

518 4193 625 4244 lem
679 4190 749 4242 ab
788 4186 854 4239 iis
892 4197 1080 4254 pacem
1123 4181 1420 4248 acciperet.
1471 4174 1627 4240 Quod
1676 4172 1906 4244 perinde
1964 4170 2088 4234 fuit,

519 4300 583 4335 ac
616 4280 659 4335 si
695 4279 818 4349 quis
848 4274 1146 4330 amicitiam
1211 4271 1470 4340 luporum
1503 4266 1736 4322 mercari
1773 4265 1964 4319 volens
1990 4278 2087 4318 ve-

519 4387 619 4426 nas
659 4367 763 4425 sibi
816 4367 869 4420 in
903 4365 1177 4436 plerisque
1230 4360 1478 4430 corporis
1511 4357 1760 4430 partibus
1793 4356 2087 4420 incideret,

2196 3165 2430 3220 πόλασεν
2464 3167 2675 3236 ἔφοδος,
2708 3168 3046 3237 πανταχόθεν
3077 3169 3172 3221 ἀεὶ
3220 3164 3480 3237 ζημιοῦσα
3513 3164 3593 3214 καὶ
3619 3159 3719 3211 δια-

2192 3258 2454 3329 τιθεμένη
2479 3260 2668 3325 κακῶς
2694 3260 2764 3314 τὰ
2802 3260 3093 3331 Ῥωμαίων
3120 3256 3442 3332 πράγματα,
3469 3258 3551 3310 καί
3576 3256 3721 3307 πᾶσαι

2199 3354 2438 3420 μηχαναὶ
2474 3351 2569 3405 καὶ
2614 3350 2862 3421 παλάμαι
2894 3354 3120 3423 γνήσιαί
3170 3371 3226 3409 τι
3279 3354 3372 3405 καὶ
3425 3346 3721 3419 συμμαχικαὶ

2193 3442 2271 3513 τῷ
2323 3444 2534 3514 βασιλεῖ
2591 3444 2778 3499 θεόθεν
2831 3446 3188 3500 παντάπασιν
3237 3445 3562 3517 ἠλέγχθησαν
3590 3439 3722 3494 οὒσαι

2199 3537 2387 3608 μηδὲν,
2424 3540 2620 3610 ἑτέραν
2649 3540 2939 3611 ἐτράπετο,
2975 3541 3258 3613 σφαλερὰν
3280 3520 3392 3613 ’μὲν
3415 3537 3541 3593 κατά
3566 3552 3621 3603 γε
3646 3531 3719 3585 τὸν

2194 3630 2372 3702 ἁληθῆ
2420 3633 2513 3685 καὶ
2541 3631 2750 3686 δίκαιον
2787 3633 2981 3702 λόγον·
3030 3635 3173 3705 πρὸς
3211 3635 3270 3688 δὲ
3316 3634 3452 3687 οὕτω
3475 3629 3627 3701 βίαιον
3647 3626 3723 3678 καὶ

2195 3726 2608 3796 ἀνταγωνιστὴν
2660 3728 2874 3796 χρόνον,
2922 3728 2983 3780 ού
3034 3729 3181 3780 πάνυ
3213 3745 3297 3781 τοι
3339 3727 3531 3794 σφόδρα
3565 3717 3720 3773 ἀσύνε-

2194 3836 2307 3873 τον.
2346 3820 2528 3889 Ἔγνω
2557 3818 2667 3889 γάρ
2691 3821 2817 3882 τοὺς
2844 3820 3097 3891 ἐτησίους
3119 3821 3233 3874 τῶν
3255 3818 3505 3886 ὑπηκόων
3532 3810 3721 3875 αὐξῆσαι

2196 3909 2399 3979 φόρους
2424 3926 2438 3941 ⁸
2479 3911 2575 3980 ἀφ’
2602 3908 2679 3966 ὦν
2711 3910 3070 3982 μεριζόμενον
3095 3914 3362 3983 χορηγεῖν
3381 3910 3481 3963 ἀνὰ
3509 3905 3601 3959 πᾶν
3625 3901 3721 3959 ἔτος

2193 4006 2319 4065 ταῖς
2355 4019 2414 4056 τε
2463 4002 2662 4071 ἄλλαις
2695 4004 2912 4073 χρείαις
2960 4004 3053 4058 καὶ
3108 4004 3231 4072 ἅμα
3270 4005 3384 4065 τοῖς
3420 3999 3608 4068 γείτοσι
3638 3991 3726 4043 τῶν

2195 4093 2407 4164 ἐχθρῶν
2439 4094 2535 4148 καὶ
2580 4093 2740 4149 ὢνιον
2797 4096 3002 4148 οὑτωσὶ
3055 4097 3158 4165 τὴν
3209 4098 3427 4149 ἐκεῖθεν
3471 4087 3727 4159 λαμϐάνειν

2188 4187 2423 4256 Δείρήνιην
2442 4203 2458 4218 ο
2486 4187 2671 4255 ὅμοιον
2695 4187 2887 4250 ποιῶν,
2913 4186 3101 4257 ὥσπερ
3132 4189 3201 4241 ἂν
3226 4187 3283 4240 εῐ
3303 4204 3387 4248 τις
3420 4184 3585 4253 φιλίαν
3606 4178 3731 4246 πιρὶ

2195 4278 2304 4330 τῶν
2332 4277 2513 4330 λύκων
2544 4276 2874 4347 ὠνούμενος,
2908 4278 3097 4331 ἔπειτα
3126 4280 3232 4343 τὰς
3271 4276 3480 4338 οίκείας
3508 4266 3732 4336 πολλαχό-

2199 4369 2291 4421 θεν
2315 4366 2533 4437 τέμνων
2563 4367 2765 4437 φλέόας
2800 4370 2979 4423 πίνειν
3010 4370 3250 4432 ἐκείνοις
3297 4371 3522 4436 παρεῖχε
3552 4364 3636 4416 καὶ
3657 4363 3731 4427 ἔμ’

512 4476 576 4519 τι
618 4452 882 4529 sanguine
926 4472 1027 4509 suo
1070 4454 1196 4507 illos
1243 4450 1419 4521 potari
1468 4460 1525 4504 et
1576 4447 1900 4518 ingurgitari
1942 4449 2084 4503 ultro

2193 4459 2480 4530 φορεῖσθαι
2522 4460 2617 4513 τοῦ
2652 4461 2909 4529 αἵματος.
2950 4460 3117 4536 Ὅθεν
3165 4462 3367 4531 καιρὸν
3397 4456 3660 4540 εἰληφότες
3697 4451 3736 4501 οἱ

510 4554 883 4624 permitteret.
916 4533 1072 4602 Unde
1104 4543 1383 4615 publicani
1433 4551 1490 4596 et
1541 4551 1824 4596 exactores
1872 4548 2091 4609 sumpta

518 4644 806 4700 occasione
828 4639 921 4694 alii
946 4635 1084 4691 alios
1107 4641 1452 4688 antevertere
1479 4631 1831 4694 studuerunt,
1857 4629 2092 4699 quisque

511 4739 675 4808 plura
716 4750 774 4789 se
814 4730 1221 4802 persoluturum
1258 4723 1544 4795 pollicens,
1586 4722 1631 4776 si
1666 4719 1936 4791 ejusmodi
1973 4735 2094 4773 inn--

514 4829 672 4883 neris
701 4821 1107 4881 administratio
1133 4817 1241 4873 sibi
1267 4814 1644 4869 mandaretur.
1675 4811 1860 4882 itaque
1890 4812 2091 4878 exiguo

523 4931 790 4988 tempore,
832 4913 1083 4985 quamvis
1123 4905 1356 4964 Romani
1404 4905 1626 4976 imperii
1668 4901 1810 4958 ﬁnes
1858 4902 2092 4957 subinde

523 5009 1004 5066 contraherentur,
1060 5004 1160 5058 sic»
1194 5000 1403 5056 reditus
1451 4998 1619 5052 annui
1670 5004 1994 5058 creverunt,
2035 5005 2093 5049 ut

523 5102 723 5167 millies
752 5098 968 5154 tnillena
1001 5098 1327 5150 nomismata
1359 5091 1660 5162 quotannis
1693 5089 1747 5143 in
1793 5090 1982 5142 fiscum
2023 5089 2091 5141 ab

524 5196 613 5259 iis,
644 5192 736 5263 qui
788 5190 1048 5261 pecunias
1080 5204 1146 5242 ac
1193 5186 1400 5241 tributa
1429 5182 1779 5254 colligebant,
1819 5181 2090 5236 referren-

521 5292 627 5341 t‘ur.
663 5284 815 5340 Unde
845 5282 1032 5337 senior
1056 5283 1356 5349 imperator
1386 5277 1440 5330 in
1464 5277 1648 5330 animo
1676 5272 1935 5336 habebat,
1966 5288 2089 5341 per-

522 5358 743 5447 petuam
776 5375 967 5443 viginti
1002 5371 1307 5427 triremium
1341 5368 1570 5424 classem
1610 5376 1800 5420 contra
1840 5365 2085 5418 marinos

2189 4546 2421 4600 τελῶναι
2452 4546 2546 4600 καὶ
2576 4545 2885 4617 φορολόγοι,
2904 4547 3093 4617 ἕτερος
3131 4549 3330 4617 ἕτερον
3361 4547 3584 4616 ἔφθανεν
3606 4541 3741 4595 ὑπισ-

2190 4640 2486 4709 χνούμενος
2537 4639 2705 4694 πλείω
2759 4641 3018 4710 παρέξειν
3071 4641 3268 4705 αὐτὸς,
3335 4639 3606 4709 ὑπηρέτης
3660 4630 3743 4696 τῆς

2190 4730 2445 4801 τοιαύτης
2479 4731 2758 4794 καταστὰς
2784 4729 3125 4801 διοικήσεως.
3164 4733 3282 4784 Καὶ
3328 4731 3501 4793 οὕτως
3528 4732 3581 4781 ὲν
3607 4724 3749 4792 ὀλίγης)

2189 4820 2268 4892 τῷ
2315 4823 2514 4892 χρόνῳ,
2546 4822 2724 4875 καίτοι
2777 4822 3118 4893 βραχυτέρας
3172 4825 3263 4875 ἀεὶ
3305 4822 3631 4891 γιγνομένης
3663 4816 3747 4884 τῆς

2196 4914 2305 4965 τῶν
2345 4910 2629 4982 Ῥωμαίων
2668 4913 3046 4979 ἐπικρατείας,
3083 4914 3238 4983 ὅμως
3269 4916 3353 4979 είς
3386 4912 3561 4982 χιλίας
3601 4906 3747 4977 ηὔξη-

2199 5018 2289 5053 ται
2335 5001 2579 5070 χιλιάδας
2614 4998 2684 5052 τὰ
2710 4999 2859 5073 πρὸς
2892 4999 3003 5052 τῶν
3041 5000 3439 5070 άργυρολόγων
3477 5001 3564 5052 καὶ
3612 5011 3750 5066 φορε-

2200 5094 2372 5162 λόγων
2394 5092 2517 5146 κατ’
2541 5091 2660 5155 ἔτος
2687 5094 2765 5155 είς
2792 5091 2854 5142 τὸ
2876 5088 3156 5161 βασιλικὸν
3181 5093 3528 5163 εἰσαγόμενα
3552 5103 3750 5159 ταμειον

2195 5187 2529 5255 νομίσματα.
2579 5183 2668 5248 Ἐξ
2691 5177 2766 5238 ὧν
2794 5177 2861 5253 ἦν
2891 5181 2968 5253 τῷ
2997 5186 3221 5256 γηραιῷ
3257 5184 3477 5255 βασιλεῖ
3500 5183 3628 5247 πρὸς
3648 5178 3750 5246 βου·

2194 5279 2402 5349 λήσεως
2452 5279 2787 5347 καταστῆναι
2825 5282 3092 5350 τριήρει(
3130 5277 3235 5346 μὲν
3285 5278 3461 5331 εῖκοσι
3508 5273 3750 5343 διηνεκεῖς

2195 5366 2336 5419 κατὰ
2369 5366 2475 5419 τῶν
2511 5367 2814 5421 θαλαττίων
2871 5372 2967 5422 καὶ
3019 5366 3487 5436 παραθαλαττίων
3520 5358 3744 5431 ἐχθρῶν·

1849 5504 2181 5567 Variorum
2219 5521 2403 5568 none.

524 5669 764 5727 errorem
796 5656 1065 5727 ascriptus
1093 5664 1192 5719 est,
1228 5672 1324 5725 pro
1356 5668 1497 5706 anno
1541 5650 1696 5717 1521,
1733 5657 1791 5704 ιιι
1822 5657 1879 5705 et
1911 5650 2088 5725 capite
2129 5648 2311 5718 primo
2350 5646 2594 5715 ejusdem
2648 5623 2773 5707 lib.ri
2840 5668 3016 5707 anuus
3061 5649 3213 5713 l52f,
3249 5664 3353 5718 pro
3406 5660 3550 5701 anno
3608 5640 3748 5697 15:20.

525 5726 735 5778 llotvts.
