3980 6204
223 333 316 398 505

444 328 515 401 [Α.
555 342 605 382 c.
649 325 788 382 l282
828 305 894 383 is
938 326 1097 400 I328]
1173 288 1619 394 BYZANIINz’E
1658 332 2045 394 HISTORL‘E
2084 332 2226 395 LIB.
2273 333 2433 395 VIII.
2532 329 2662 401 [ινιν.
2707 341 2984 385 axoaoxic.
3030 330 3181 385 sua."

3320 332 3420 398 506

226 448 346 520 μετὰ
371 448 529 517 λήθης
551 446 790 518 τοῦνομα
810 447 1082 512 κείσεται,
1108 448 1360 520 καθάπερ
1377 449 1425 503 οἳ
1460 447 1642 518 χωλὴν
1664 444 1759 500 τοῦ

1866 446 1954 502 nis
2000 446 2254 504 Socrates
2299 460 2357 505 et
2404 449 2680 505 Platones.
2716 451 2942 519 Aperito
2971 453 3173 507 mentis
3222 462 3422 509 nostra:

223 544 323 613 βίου
346 540 482 609 ζωὴν
508 538 784 599 ὲδάδισαν.
814 540 843 592 ὃ
873 557 1008 611 φησι
1035 539 1260 595 Πλάτων
1284 558 1299 574 ο
1334 539 1513 612 κήρυξ
1540 539 1585 594 δ’
1608 540 1665 604 ἐς
1687 538 1757 592 τὰ

224 630 418 703 μάλισθ’
438 630 625 684 ἑαυτοῦ
652 632 839 701 σχεδὸν
873 632 965 683 ἐπὶ
997 632 1169 701 μέσης
1200 630 1417 700 ἑστήξει
1450 631 1551 699 τῆς
1578 631 1758 685 οἰκου-

223 726 388 795 μένης,
419 722 507 775 καὶ
530 722 608 793 τῷ
639 712 837 792 μακρῷ
882 724 1057 794 χρόνῳ
1106 725 1247 793 μετὰ
1295 723 1757 794 φαρμακευούσης

222 813 573 883 ὲμπομπεύσει
618 814 717 884 τῆς
771 815 1000 885 ηδονῆςο
1038 817 1135 870 καὶ
1184 818 1259 887 μὴ
1292 819 1373 870 ὅτι
1416 834 1481 884 γε
1538 818 1758 885 μνήμης

220 906 484 971 ἀξιώσεται
511 906 611 975 τῆς
643 907 730 960 διὰ
754 908 855 975 γῆς
885 908 1245 977 πλανωμένης
1284 911 1375 976 καὶ
1403 912 1760 978 προσκαίροις

222 999 387 1059 ἀκοαῖς
410 997 467 1049 τὸ
501 997 644 1066 ίχνος
672 998 1012 1069 ὲρειδούσης,
1044 1000 1178 1052 ἀλλά
1204 1001 1461 1070 κάκείνης
1492 1002 1556 1068 γέ
1581 1019 1685 1066 τοι,
1723 1002 1758 1072 ἣ

221 1089 303 1142 καὶ
329 1090 483 1143 αὑτὸν
512 1089 801 1159 ἄνθρωπον
830 1093 1064 1160 παραθεῖ
1094 1092 1188 1145 καὶ
1220 1092 1280 1146 τὸ
1317 1093 1582 1164 παράπαν
1618 1094 1758 1161 ἀκή-

223 1192 363 1252 ρατος
390 1182 476 1234 ἀεὶ
496 1182 855 1250 διαγίγνεται.
892 1184 1025 1250 ’Λγε
1054 1183 1118 1251 δὴ
1159 1182 1252 1237 οῦν
1279 1183 1402 1251 ἀγε,
1433 1185 1541 1237 τῶν
1568 1184 1661 1251 ὑφ’
1697 1185 1763 1255 ἠ-

219 1273 303 1341 λίῳ
326 1274 601 1339 σοφώτατε
625 1289 641 1303 ·
670 1273 899 1343 μετάδος
944 1275 1038 1327 τοῦ
1073 1274 1168 1327 σοῦ
1209 1275 1415 1346 κόσμου
1452 1278 1518 1346 τῇ
1563 1274 1765 1346 θρεψα-

223 1366 363 1436 μένῃ,
396 1366 645 1436 καθάπερ
673 1367 983 1435 Λυκοῦργοι
1018 1368 1111 1421 καὶ
1145 1369 1383 1430 Σόλωνες
1405 1386 1421 1403 ο
1450 1368 1681 1439 τίμησον
1703 1369 1764 1422 τὸ

216 1457 478 1526 διαδόητον
508 1457 647 1511 ἀστυ
679 1460 852 1520 τουτὶ,
887 1458 1140 1528 καθάπερ
1183 1460 1281 1528 τὴν
1321 1460 1622 1530 Ἀθηναίων
1662 1461 1765 1514 πά-

217 1550 292 1602 λαι
317 1550 620 1619 Σωκράτεις
655 1552 748 1603 καὶ
777 1550 1085 1615 Πλάτωνες.
1117 1551 1360 1616 Ἀνοιξον
1392 1555 1554 1623 ἡμῶν
1584 1554 1646 1607 τὸ
1668 1552 1761 1607 τοῦ

214 1641 294 1694 νοῦ
318 1642 581 1710 βλέφαρον
604 1658 621 1674 θ
652 1642 828 1709 δεῖξον
857 1644 1247 1714 ἐναργέστερον
1273 1648 1357 1708 τίς
1384 1646 1411 1696 ὁ
1440 1645 1532 1697 τοῦ
1563 1645 1764 1709 παντὸς

214 1735 469 1804 ἁρμοστὴς
502 1736 599 1788 καὶ
633 1736 762 1788 ποία
794 1736 913 1789 ποθ’
945 1738 1204 1807 ἡτούτων
1228 1738 1600 1808 παναρμόνιος
1636 1736 1760 1790 σύν·
1792 1773 1834 1828 Β

212 1826 612 1890 ταξι;’δίδαξον
665 1828 740 1895 πῆ
788 1828 887 1886 τὰς
940 1829 1118 1891 αίτίας
1171 1829 1357 1905 θετέον
1383 1830 1475 1885 τοῦ
1506 1830 1759 1882 τοσούτου

211 1915 427 1980 δοθέντος
448 1917 660 1984 ἀγαθοῦ
684 1933 697 1948 °
730 1922 796 1987 τῇ
820 1920 929 1972 τῶν
958 1920 1172 1989 ἄστρων
1202 1922 1438 1991 ἀνάγκῃ,
1474 1920 1616 1973 κατὰ
1639 1920 1764 1982 τοὺς

214 2005 420 2075 θύραθεν
448 2007 669 2076 λόγους,
701 2009 735 2078 ἢ
761 2008 839 2077 τῷ
867 2010 961 2062 τοῦ
990 2012 1190 2071 παντὸς
1221 2011 1399 2080 αἰτίῳ.
1448 2011 1543 2065 Ἐκ
1567 2009 1762 2063 πολλοῦ

213 2098 309 2168 γὰρ
333 2101 407 2164 ὡς
438 2101 510 2154 τὰ
566 2102 739 2155 πολλά
769 2103 1186 2175 διαπορουμένῳ
1219 2105 1393 2167 οὐδεὶς
1426 2105 1636 2158 οὐδέπω
1674 2122 1765 2175 μοι

212 2190 318 2253 νοῦς
370 2193 685 2263 ἀπηντήκει
730 2194 832 2261 τῆς
890 2195 1033 2264 ἐμῆς
1093 2198 1531 2267 ἁτέοχειροτονῶν
1588 2197 1764 2268 ψυχῆς

215 2282 727 2355 τάμφιδαλλόμενον.
759 2286 914 2337 Ὠστ⁹
946 2290 994 2339 εί
1027 2288 1100 2357 μὴ
1151 2289 1219 2340 δι’
1254 2287 1383 2343 ἄλλο
1413 2307 1486 2351 τι,
1515 2288 1605 2341 διὰ
1634 2289 1765 2355 γοῦν

215 2373 263 2425 ἓν
291 2374 350 2440 γέ
378 2392 462 2428 τοι
487 2375 653 2430 τοῦτο
685 2377 916 2441 δίδαξον.
951 2378 1065 2431 Ποῦ
1094 2378 1139 2430 δ’
1168 2381 1267 2432 οὐκ
1300 2379 1366 2433 ἂν
1400 2380 1613 2434 ἐλαύνοι
1645 2397 1769 2451 σχε-

217 2461 490 2533 τλιότητος,
528 2466 798 2535 οὐρανοὺς
831 2467 929 2536 μὲν
972 2468 1276 2537 διηγεῖσθαι
1310 2469 1465 2533 δόξαν
1498 2470 1633 2523 Θεοῦ
1665 2488 1765 2523 πε-

216 2555 516 2626 ριηχοῦντας
555 2559 738 2610 πᾶσαν
757 2559 884 2631 γῆν,
918 2559 1068 2626 ⁴ἡμᾶς
1101 2560 1159 2612 δὲ
1179 2559 1451 2630 κωφεύειν
1472 2561 1573 2614 οὐκ
1607 2563 1769 2615 ἐπαϊ-

216 2664 353 2712 οντας
404 2649 547 2703 ἅττα
606 2651 793 2718 φασὶν,
829 2651 947 2703 ἀλλ’
1000 2650 1222 2720 ἄστροις
1273 2653 1335 2705 τὸ
1366 2654 1767 2723 θρυλλούμενον

214 2740 591 2809 τεκμαίρεσθαι
618 2739 718 2809 τὴν
760 2739 967 2792 τούτων
1015 2742 1362 2812 ὲπιστήμηνς
1399 2743 1635 2795 Ἔπειτα
1674 2745 1768 2797 καὶ

215 2831 295 2883 ⁶τοῦ
320 2833 518 2894 παντὸς
546 2832 614 2885 ἂν
643 2832 864 2894 πάντως
896 2832 1138 2886 ἐλλείποι
1172 2836 1246 2905 μὴ
1298 2833 1518 2898 ἀδικίας
1561 2834 1768 2905 ἔσχατα

217 2917 340 2975 εἶναι
387 2927 568 2986 τουτὶ,
600 2924 651 2975 εί
706 2926 844 2992 μήτε
883 2923 1027 2977 κατά
1067 2924 1391 2995 Πυθαγόραν
1419 2929 1475 2989 ἐς
1518 2926 1769 2996 Ἀττικὴν

220 3014 299 3065 ἀπ’
320 3015 602 3081 Αἰγύπτου
629 3014 932 3068 διαϐαίνειν
956 3015 1097 3080 δέον,
1132 3017 1258 3085 μήθ’
1290 3014 1491 3087 ὁμοίως
1524 3017 1766 3070 Πλάτωνι

219 3103 457 3181 πολλάκις
501 3105 758 3160 διαπλεῖν
796 3106 889 3159 τὸν
924 3104 1101 3160 Ἰόνιον
1141 3108 1249 3160 κάκ
1277 3108 1391 3176 τῆς,
1425 3107 1677 3177 Ἀττικῆς
1710 3108 1768 3170 ἐς

220 3196 466 3264 Σικελίαν,
498 3199 600 3253 καὶ
620 3202 914 3269 τυράννους
950 3201 1107 3266 ίέναι,
1138 3201 1393 3253 κάκεῖθεν
1412 3198 1568 3261 αὖθις
1597 3203 1651 3261 ἐς
1687 3202 1773 3253 ’Δ-

222 3290 467 3360 ιαδημίας
526 3292 627 3343 καὶ
683 3291 1024 3361 περιπάτους
1077 3293 1385 3353 ἐπανιέναι,
1423 3291 1491 3343 ἶν’
1544 3290 1687 3343 οὕτω
1721 3291 1771 3357 γ’

220 3381 345 3452 ἐξείη
402 3384 618 3453 διαχεῖν
651 3385 711 3437 ἓν
741 3384 906 3451 κοινῴ
956 3382 1055 3453 τήν
1090 3382 1311 3452 ἀρετὴν,
1355 3382 1473 3436 ἀλλ’
1519 3383 1639 3435 ἀντὶ
1664 3384 1772 3435 Λυ-

222 3471 353 3525 κείου
381 3475 473 3526 καὶ
504 3474 684 3535 Στοᾶς
706 3475 770 3544 τῇ
814 3473 1038 3544 συνήθει
1068 3472 1353 3542 χρώμενον
1395 3473 1552 3543 ἑστίᾳ
1579 3472 1773 3540 κόσμῳ

222 3564 365 3616 παντὶ
385 3565 783 3633 παραπέμπειν
806 3566 904 3634 τὴν
932 3566 1150 3636 ἀρετὴν,
1185 3564 1363 3617 ἕπεθ’
1413 3565 1472 3617 ἒν
1502 3565 1565 3632 γέ
1588 3583 1637 3616 τι
1664 3563 1775 3615 τῶν

222 3653 451 3710 ἁπάντων
489 3657 822 3727 προτιμῴης
854 3658 1041 3727 ἕτερον
1075 3658 1168 3711 καὶ
1208 3657 1461 3728 ῥαστώνῃ
1492 3656 1649 3724 διδῷς
1679 3672 1774 3707 σου

222 3747 424 3817 div-:05
481 3749 693 3807 παντὸς
749 3749 913 3817 ἀξίαν
959 3749 1229 3819 γλῶτταν.
1275 3749 1445 3821 Ὀρᾷν
1493 3750 1550 3802 δὲ
1602 3749 1773 3819 δήπου

225 3835 377 3905 χρεὼν
426 3840 520 3891 καὶ
572 3839 674 3908 ὅση
708 3840 824 3901 τοῖς
880 3838 1204 3908 πράγμασιν
1256 3837 1491 3890 ἀπιστία
1558 3855 1619 3891 τε
1683 3838 1773 3889 καὶ

225 3929 550 3999 πλημμέλεια
602 3931 1001 3999 περικέχυται,
1036 3930 1131 3982 καὶ
1188 3930 1336 3990 ὅπως
1379 3933 1434 3982 αἱ
1466 3929 1567 3997 τῆς
1605 3930 1780 4000 τύχης

225 4018 485 4077 ῖπιδουλαὶ
522 4023 711 4093 μένειν
735 4022 890 4075 οὐδὲν
919 4021 1029 4077 τῶν
1052 4022 1271 4076 πάντων
1303 4022 1465 4077 ἐῶσιν
1503 4022 1587 4091 ἐφ’
1618 4024 1740 4086 ἑνός
1760 4038 1775 4053 ⁸

226 4109 324 4162 ἀλλ’
341 4113 622 4184 ἄνθρωποι
649 4112 770 4181 μὲν,
794 4113 844 4165 οῖ
873 4112 973 4182 μὶν
1000 4112 1058 4164 ὲν
1088 4112 1408 4183 μεσημϐρίᾳ
1434 4112 1634 4181 φωτὸς,
1657 4111 1781 4163 σκό-

1859 539 2169 609 palpebras.
2210 539 2528 595 Evidentius
2549 540 2887 605 demonstra,
2913 542 3038 611 quis
3073 542 3145 597 sit
3169 544 3412 597 omnium

1859 630 2199 694 moderator,
2252 640 2308 685 et
2338 631 2517 701 qualis
2563 647 2755 686 eorum
2789 634 3073 703 aptissima
3110 649 3419 702 compages.

1860 721 2005 776 Doce
2035 737 2146 791 quo
2179 738 2355 789 causa:
2374 724 2719 779 conferenda:
2750 725 2865 780 sint
2892 725 3053 780 nobis
3088 729 3221 780 tanti
3253 727 3418 781 boni:

1861 812 2129 881 numquid
2175 813 2242 868 ad
2289 813 2674 868 necessitatem
2718 824 3031 879 astrorum,
3089 824 3149 869 ut
3204 816 3420 885 profani

1862 905 2108 968 tradunt,
2139 912 2234 956 aut
2260 902 2327 956 ad
2361 904 2740 959 universitatis
2771 913 3073 959 auctorem.
3108 908 3225 970 Qua
3255 907 3322 961 de
3363 923 3421 961 re

1860 1004 1984 1044 cum
2015 990 2179 1061 longo
2202 1002 2449 1062 tempore
2484 1009 2685 1064 anceps
2712 995 3034 1062 haesitarim,
3060 1012 3222 1051 nemo
3245 999 3425 1053 adhuc

1860 1082 2219 1153 contigitiqui
2261 1086 2579 1155 scrupulum
2608 1088 2755 1141 hunc
2786 1089 2971 1141 animo
3001 1104 3124 1159 meo
3138 1091 3425 1147 eximeret.

1861 1167 2042 1233 Quare
2077 1170 2127 1223 si
2164 1186 2275 1252 non
2317 1172 2387 1228 ob
2413 1173 2583 1240 aliud,
2614 1175 2698 1231 vel
2728 1187 2953 1246 pr0pter
2985 1177 3091 1233 hoc
3126 1194 3295 1233 unum
3326 1180 3425 1234 do-

1862 1269 2005 1315 ceto.
2053 1261 2194 1327 Quid
2238 1278 2370 1317 vero
2405 1266 2661 1322 miserius
2712 1267 2828 1322 ﬁeri
2873 1276 3061 1337 queat,
3091 1285 3257 1338 quam
3299 1286 3427 1325 cum

1862 1350 1988 1405 cmli
2036 1351 2129 1405 Dei
2156 1351 2383 1421 gloriam
2416 1366 2675 1410 enarrent
2717 1371 2936 1413 omnem
2964 1370 3162 1414 terram
3190 1361 3430 1417 circum-

1865 1450 2147 1507 sonantes,
2177 1459 2275 1497 nos
2306 1444 2616 1501 surdastros
2646 1464 2756 1502 non
2782 1452 3043 1505 exaudire
3066 1452 3198 1520 quid
3224 1440 3442 1520 dicant:

1865 1533 1958 1586 sed
2009 1534 2174 1588 astris
2226 1535 2311 1604 (ut
2360 1536 2522 1606 vulgo
2566 1537 2826 1610 jactatur)
2872 1541 3089 1597 illorum
3140 1544 3428 1599 scientiam

1865 1624 2196 1693 ponderare,
2226 1625 2280 1679 id
2326 1636 2430 1692 est,
2475 1628 2583 1681 levi
2631 1630 2944 1699 conjectura
2990 1618 3200 1688 tantum
3235 1637 3434 1691 intelli-

1866 1714 2040 1784 gere?
2072 1714 2212 1799 illud
2260 1732 2392 1771 vero
2420 1728 2680 1774 extrema:
2720 1723 3029 1790 iniquitatis
3064 1724 3252 1790 fuerit,
3302 1743 3428 1781 cum

1867 1822 1969 1862 nec
2000 1817 2061 1861 ut
2096 1807 2409 1878 Pythagora:
2437 1825 2502 1863 ex
2545 1809 2777 1881 Aigypto
2809 1813 2863 1866 in
2896 1816 3125 1871 Atticam
3175 1820 3434 1888 navigan-

1866 1898 2021 1961 dum,
2057 1914 2160 1953 nec
2203 1909 2261 1954 ut
2300 1901 2514 1955 Platoni
2572 1918 2722 1957 mare
2773 1903 2988 1960 Ionium
3036 1908 3200 1977 326
3236 1910 3435 1979 saepius

1868 1992 2271 2062 trajiciendum,
2309 2004 2360 2047 et
2392 2010 2455 2047 ex
2489 1996 2665 2051 Attica
2702 1997 2754 2050 iu
2796 2000 3035 2052 Siciliam
3068 2002 3135 2054 ad
3174 2011 3435 2071 tyrannos

1867 2076 2343 2151 proficiscendum,
2374 2095 2537 2155 atque
2573 2088 2698 2143 inde
2730 2090 2781 2142 in
2811 2090 3136 2146 Academias
3161 2102 3214 2146 et
3238 2093 3436 2148 ambu-

1866 2176 2012 2230 lacra
2043 2177 2387 2232 redeundum
2417 2179 2514 2233 tibi
2549 2180 2641 2244 sit,
2670 2190 2728 2234 nt
2753 2183 2967 2250 publice
2992 2185 3251 2240 virtutem
3279 2202 3438 2255 spar-

1866 2281 1962 2335 gas
1995 2284 2009 2319 :
2053 2267 2147 2321 sed
2191 2285 2289 2338 pro
2326 2267 2502 2339 Lyceo
2524 2277 2578 2325 et
2601 2269 2730 2324 Stoa
2761 2271 2816 2325 in
2847 2274 3129 2328 consuetis
3159 2276 3274 2329 tuis
3297 2276 3437 2330 aedi-

1871 2341 1974 2411 bus
2003 2358 2259 2412 virtutem
2296 2367 2441 2413 tuam
2475 2358 2527 2411 iu
2563 2367 2736 2412 totum
2780 2369 3045 2415 terrarum
3084 2364 3277 2417 orbem
3312 2380 3440 2432 pro-

1871 2464 2070 2518 pagare
2104 2465 2306 2519 queas:
2344 2450 2554 2521 aliquid
2590 2450 2739 2504 aliud
2782 2452 2974 2523 majori
3004 2452 3105 2505 tibi
3140 2469 3286 2508 curae
3314 2470 3438 2511 esse

1870 2542 2039 2602 sinas.
2055 2551 2111 2595 et
2139 2542 2381 2609 linguam
2405 2552 2548 2595 tuam
2581 2543 3066 2610 incomparabilem
3089 2546 3441 2603 obsolescere

1870 2630 2094 2684 silentio
2147 2632 2390 2699 patiaris.
2451 2628 2570 2684 1am
2624 2630 2759 2685 illud
2828 2646 3048 2700 quoque
3101 2632 3438 2698 videndum,

1870 2736 2035 2791 quam
2068 2722 2436 2773 inconstantia
2479 2730 2536 2774 et
2570 2721 2782 2774 incerta
2817 2722 2930 2776 sint
2969 2723 3151 2776 omnia
3181 2741 3196 2776 :
3230 2734 3288 2776 ut
3327 2726 3441 2778 for-

1873 2824 2020 2868 tuna:
2059 2813 2301 2877 insultus
2350 2813 2487 2867 nihil
2522 2828 2643 2866 esse
2679 2813 3006 2867 diuturnum
3038 2816 3215 2870 sinat:
3252 2824 3310 2869 ut
3342 2817 3435 2871 alii

1870 2907 2072 2969 serius,
2099 2906 2255 2960 ocius
2302 2907 2419 2969 alii,
2469 2907 2630 2960 rebus
2660 2907 2920 2961 omnibus
2965 2908 3196 2974 relictis,
3240 2920 3439 2985 praeter

1871 3001 2356 3068 exspectationem,
2403 2999 2459 3054 in
2509 3010 2751 3063 noctem,
2784 3000 2838 3052 in
2891 3001 3169 3067 tenebras,
3204 3002 3258 3054 in
3296 3003 3443 3056 obl.—

1799 3121 1840 3175 c
1876 3091 2115 3157 vionem,
2163 3090 2216 3145 in
2263 3101 2494 3146 mortem
2533 3091 2844 3161 prmcipites
2891 3101 3095 3185 ιἰιειιιιζ
3124 3092 3244 3163 Ipsa
3281 3109 3446 3162 porro

1875 3184 2142 3254 sapientia
2195 3198 2418 3253 quoque
2477 3184 2735 3253 migravit
2782 3186 3017 3253 sarpius;
3058 3184 3218 3255 c'ujus
3267 3189 3447 3256 primo

1875 3274 2218 3329 domicilium
2263 3273 2529 3345 [Egyptus
2580 3275 2750 3329 fuisse
2806 3277 3152 3345 perhibetur.
3202 3278 3333 3334 lude
3376 3279 3447 3335 ad

1878 3364 2072 3419 l’erSas
2098 3354 2695 3420 ethaldazos‘ti-ansiit
2717 3384 2733 3421 :
2758 3377 2883 3436 post
2911 3368 3057 3436 apud
3081 3370 3450 3425 Athenienses

1875 3457 2139 3512 divertit:
2176 3469 2341 3526 atque
2394 3457 2545 3511 illine
2597 3458 2765 3511 etiam
2812 3458 3028 3511 tandem
3066 3460 3353 3514 avolavit:
3393 3471 3450 3516 et

1878 3566 2025 3603 nunc
2081 3551 2230 3603 velut
2279 3550 2492 3605 avicula
2535 3552 2666 3606 nido
2720 3551 3009 3606 exturbata
3065 3551 3231 3622 longo
3278 3554 3448 3607 etiam

1852 3648 2124 3712 ‘temporc
2156 3645 2387 3698 incertis
2418 3642 2645 3700 sedibds
2673 3654 2901 3714 vagatur
2941 3655 2996 3700 et
3026 3646 3270 3701 oberrat.
3304 3648 3446 3702 Fieri

1876 3748 2057 3789 autem
2092 3746 2291 3805 potest,
2322 3746 2381 3789 ut
2410 3744 2504 3788 aut
2532 3736 2679 3806 apud
2713 3752 2815 3792 nos
2849 3737 3018 3791 (initis
3041 3738 3348 3816 erroribus,
3393 3740 3443 3793 si

1879 3827 1978 3882 tibi
2026 3828 2095 3878 ita
2139 3826 2317 3880 visum
2384 3825 2571 3891 fuerit,
2604 3827 2942 3883 domicilium
2992 3832 3310 3895 constituat,
3356 3839 3455 3884 aut

1879 3931 2109 3986 prorsus
2145 3916 2196 3968 in
2234 3915 2405 3969 caalos
2436 3917 2621 3971 abeat.
2652 3917 2731 3972 Ne
2770 3934 2901 3972 vero
2944 3919 3076 3973 mibi
3124 3918 3452 3975 succenseas

1880 4023 2001 4070 oro,
2038 4017 2088 4061 te
2120 4007 2187 4060 ad
2232 4008 2355 4059 talia
2390 4008 2724 4062 esbortanti.
2763 4008 2822 4062 ld
2852 4010 2998 4063 enim
3034 4011 3217 4066 dicere
3259 4027 3447 4081 cogor,

1880 4114 2022 4182 quod
2057 4112 2260 4165 nullan]
2290 4112 2405 4164 veri
2434 4111 2852 4167 similitudinem
2885 4113 3075 4178 habet,
3098 4116 3305 4169 incerta
3332 4131 3452 4169 mo-

200 4254 205 4259 .
228 4217 331 4267 τους
348 4206 437 4258 καὶ
456 4194 634 4277 λήθης
660 4206 849 4258 ύπίασι
879 4202 1103 4273 μυχούςο
1122 4201 1205 4275 [Ρ.
1230 4202 1356 4274 201]
1377 4206 1425 4258 οῖ
1448 4203 1491 4256 δ’
1522 4202 1583 4267 ἐξ
1611 4203 1768 4259 ὕπνοι.

1884 4212 2066 4259 menta
2113 4212 2422 4271 temporum
2470 4202 2727 4258 veritus:
2781 4220 2851 4258 ne
2916 4206 3069 4259 velut
3120 4222 3187 4261 ex
3234 4207 3452 4261 occulto

229 4297 308 4349 καὶ
333 4300 521 4361 νυκτὸς
559 4300 642 4361 είς
671 4298 873 4360 ’ύπνους
892 4301 986 4350 καὶ
1008 4296 1207 4359 νύκτας
1226 4296 1492 4366 διηνεκεῖς
1518 4294 1768 4364 μεταϐαί-

1884 4305 2052 4363 atque
2082 4309 2150 4347 ex
2181 4294 2399 4347 insidiis
2428 4295 2775 4363 erumpentia
2808 4305 3020 4351 tantum
3055 4298 3220 4352 nobis
3250 4299 3457 4357 bonum

229 4405 389 4455 γουσι,
421 4392 604 4454 πάσας
634 4389 923 4460 φροντίδας
960 4388 1191 4443 κατόπιν
1224 4388 1768 4458 διαλιμπάνοντες.⁹ἰ1

1884 4387 2145 4455 eripiant.
2180 4385 2339 4444 Nam.
2384 4388 2431 4440 si
2464 4396 2518 4440 et
2562 4386 2669 4441 hoc
2712 4388 3008 4443 dicendum
3052 4399 3158 4452 est,
3194 4407 3302 4444 non
3344 4401 3458 4446 tam

228 4479 274 4533 δὲ
297 4485 449 4553 σοφία
478 4486 577 4537 καὶ
600 4484 739 4554 αὑτὴ
771 4483 993 4545 πολλαῖς
1022 4485 1141 4546 ταῖς
1168 4482 1452 4544 ἀποικίαις
1484 4481 1768 4551 ἐχρήσατο.

1884 4490 2127 4533 nostram
2191 4479 2365 4533 vicem
2422 4479 2644 4533 solliciti
2695 4494 2908 4544 sumus,
2933 4496 3097 4549 quam
3130 4483 3197 4536 de
3254 4491 3346 4536 tua
3404 4485 3458 4536 in

228 4574 476 4642 Δίγυπτος
504 4576 609 4647 μὲν
643 4577 753 4645 γάρ
782 4575 976 4644 αὐτῆς,
1002 4576 1192 4645 φασὶν,
1221 4577 1254 4644 ἠ
1276 4577 1408 4645 πρὶν
1443 4576 1616 4628 ἑστία.
1648 4569 1768 4628 Εἶτα

1888 4580 2169 4640 posterum
2218 4570 2651 4624 existimatione.
2704 4570 2865 4640 327
2922 4573 3075 4636 Quod
3126 4572 3171 4625 si
3220 4577 3461 4641 aptanda

229 4667 344 4734 πρὸς
381 4668 602 4737 Πέρσας
635 4667 735 4720 καὶ
759 4667 1055 4729 Χαλδαίους
1082 4667 1255 4736 διέόη.
1291 4663 1421 4718 Εἶτα
1450 4666 1577 4735 παρ’
1618 4664 1768 4732 Ἀθη-

1890 4673 2100 4716 tantum
2146 4663 2533 4731 proﬁceretur,
2568 4679 2734 4733 quam
2766 4675 3016 4734 prompta
3069 4667 3322 4720 voluntas
3351 4678 3457 4729 est,

232 4756 378 4821 ναίοις
426 4759 730 4813 κατέλυσε’
786 4757 1041 4811 κάκεῖθεν
1080 4758 1142 4809 τὸ
1191 4758 1507 4813 τελευταῖον
1558 4756 1768 4810 ἀπέπττ

1886 4754 2250 4807 immortalem
2298 4767 2421 4806 esse
2455 4762 2506 4805 te
2541 4754 2828 4817 vellemus,
2873 4764 2932 4808 nt
2961 4764 3011 4808 te
3040 4756 3301 4821 gaudere,
3338 4766 3459 4810 tan-

235 4846 309 4898 καὶ
331 4849 492 4901 οἱονεί
541 4865 628 4911 τις
675 4847 827 4918 ὅρνις
873 4847 974 4915 τῆς
1026 4846 1222 4907 καλιᾶς
1250 4846 1340 4914 ὑφ’
1376 4845 1598 4899 ὁτουοῦν
1652 4847 1768 4910 ἐξω⁴

1884 4862 2050 4917 quam
2089 4846 2381 4899 excellenti
2414 4843 2695 4907 thesauro.
2731 4854 2994 4916 perpetuo
3021 4846 3235 4900 liceret.
3279 4847 3463 4900 Enim-

239 4936 399 4989 σθεῖσα
429 4939 702 5008 περίεισιν
734 4939 860 5007 ἀρτι
885 4937 976 4990 διὰ
1008 4938 1225 5006 μακροῦ
1259 4938 1619 5006 πλανωμένη.
1647 4938 1768 4988 Κιν·

1885 4953 2018 4992 vero
2048 4948 2202 4989 tuum
2229 4938 2339 5005 jam
2371 4934 2542 4990 fuerit
2568 4939 2883 5002 ostendere,
2916 4953 3047 4993 num
3083 4937 3287 4993 frustra
3318 4940 3465 4993 l'ores

235 5022 419 5082 δννεύει
443 5028 490 5081 δ’
510 5028 607 5081 οὖν
634 5030 771 5092 τέως
804 5031 837 5100 ἢ
869 5030 1001 5099 παρ’
1023 5030 1156 5099 ἡμῖν
1191 5030 1445 5081 ἐνταυθοῖ
1468 5028 1563 5081 τοῦ
1592 5028 1782 5081 λοιποῦ
1887 5028 2319 5100 ιιιιιςίινετίιιιιιε.
2363 5044 2381 5077 ι

239 5119 396 5183 μεῖναι
425 5124 635 5176 στᾶσαν
668 5123 766 5187 τῆς
824 5122 1057 5191 πλάνης,
1089 5123 1141 5176 εί
1188 5121 1270 5174 σοί
1314 5138 1375 5189 γε
1413 5123 1499 5191 εἴη
1531 5121 1938 5191 δεδογμένον,ἣ
2002 5119 2202 5180 τελέως
2240 5118 2487 5187 οἴχεσθαι
2560 5117 2877 5189 δραμοῦσαν
2942 5122 3008 5175 δι’
3056 5121 3314 5192 αἰθέρο;’
3371 5121 3466 5175 καὶ

239 5210 301 5279 μή
353 5226 440 5283 μοι
500 5214 821 5286 ἀχθεσθνιίης
873 5216 968 5267 ἐπὶ
1001 5214 1230 5267 τοιαῦτά
1286 5231 1346 5267 σε
1402 5213 1783 5283 παροξύνοντι.
1826 5214 2023 5280 Λέγειν
2071 5212 2509 5282 γὰρ-ἐξάγομαι
2558 5211 2649 5263 καὶ
2702 5212 2799 5277 τοῦ
2849 5216 3057 5276 εέκότος
3128 5217 3320 5285 πόρρω
3364 5214 3467 5283 τὴν

239 5301 314 5354 τοῦ
353 5306 546 5374 χρόνου
580 5306 764 5369 δεδιὼς
802 5305 1081 5372 πεττείαν,
1149 5308 1224 5377 μὴ
1257 5303 1448 5374 ὥσπερ
1492 5304 1550 5371 ἐξ
1615 5303 1853 5371 ἀφανοῦς
1891 5320 1952 5356 τε
1984 5303 2076 5354 καὶ
2111 5302 2270 5369 λόχου
2317 5301 2542 5370 δραμὼν
2588 5303 2841 5354 τοσοῦτον
2891 5306 3053 5356 καλὸν
3086 5305 3302 5372 οἴχηται
3333 5304 3465 5355 ἀποι-

239 5397 448 5468 195441;.
486 5396 554 5453 ΕΞ
578 5401 687 5472 γὰρ
722 5403 816 5452 καὶ
841 5400 984 5453 τοῦτ’
1014 5401 1188 5452 εἰπεῖν
1220 5400 1349 5470 χρὴ,
1386 5398 1485 5466 οὐχ
1516 5399 1647 5467 ἡμῖν
1674 5397 1860 5459 αὐτοῖς
1892 5395 2052 5466 ἡμῶν
2093 5395 2273 5448 αὐτῶν
2343 5396 2599 5449 τοσοῦτον
2650 5400 2828 5467 μέλει,
2897 5402 3022 5451 ὅσον
3094 5400 3187 5449 καὶ
3220 5397 3319 5465 τῆς
3366 5400 3468 5465 σῆς

241 5495 307 5556 είς
340 5495 714 5566 τοῦμπροσθεν
740 5495 1031 5559 εὐκλείας·
1068 5495 1333 5563 ὦστεριαὶ
1393 5495 1558 5563 εἴπερ
1588 5492 1717 5563 ἐξῆν
1777 5491 2062 5559 εὐξαμένῳ
2117 5494 2301 5560 τυχεῖν
2339 5486 2431 5555 ,ὧν
2463 5494 2531 5547 ἂν
2580 5498 2667 5564 εἴη
2741 5496 2999 5556 ἐθέλοντι,
3062 5492 3233 5562 ἥδιστ’
3284 5492 3349 5545 ἂν
3401 5494 3469 5545 δι’

243 5586 416 5651 αἰῶνός
474 5606 535 5642 σε
587 5592 685 5660 ζῇν
715 5590 990 5661 ηὐξάμην,
1049 5591 1116 5642 ἶν’
1142 5590 1224 5658 εἴη
1258 5593 1390 5659 ἡμῖν
1419 5587 1646 5658 ἣδεσθαι
1700 5586 1789 5639 διὰ
1827 5586 2026 5646 παντὶς
2055 5585 2145 5635 ἐπὶ
2176 5587 2283 5648 σοὶ,
2316 5588 2568 5658 καθάπερ
2632 5591 2722 5641 ἐπὶ
2754 5589 2881 5656 μάλ’
2919 5589 3136 5655 εὐτυχεῖ
3178 5586 3464 5658 θησαυρῷ,

255 5678 400 5735 Ἀλλὰ
431 5684 542 5753 γὰρ
573 5687 662 5740 σὺν
696 5685 761 5739 ἂν
796 5688 882 5755 εἴη
931 5685 1250 5740 τουντεῦοεν
1282 5684 1569 5750 δεικνύειν,
1612 5684 1659 5736 εί
1713 5683 1789 5750 μὴ
1830 5678 1978 5747 παρᾶ
2009 5677 2181 5749 θύραν
2214 5678 2440 5748 ἧιουσιν
2482 5682 2640 5750 ἡμῶν
2666 5682 2719 5735 αῖ
2755 5679 3152 5750 παρακλήσεις.
3196 5699 3212 5729 ι
