4010 6208
417 290 519 353 507
664 283 741 357 [Α.
783 301 840 339 u.
881 284 1014 340 G791
1060 301 1127 340 an
1166 284 1327 359 6856]

1617 253 2032 354 NICEPHORI
2073 293 2453 356 sumen/3
2483 322 2509 346 κ

2761 288 2890 359 [tum
2941 298 3214 343 aa‘buomc.
3255 284 3396 358 sum]
3511 291 3655 354 ,δοδξ

491 399 578 456 ιιι.
606 397 699 453 llis
731 398 914 453 verbis
975 398 1121 467 apud
1183 413 1440 468 magnum
1486 398 1820 470 logotlietam
1850 416 1984 456 usus

2161 402 2238 455 I".
2274 402 2436 455 Ἀλλά
2464 399 2726 464 τοιούτοις
2764 398 2866 470 μὲν
2895 400 2959 475 δὴ
3003 403 3116 462 τοῖς
3143 400 3321 465 λόγοις
3348 401 3401 460 ἐς
3428 398 3517 450 τὸν
3547 399 3642 468 μέ-

421 506 651 559 meoque
687 492 905 560 ingenio
936 491 1009 545 ita
1047 490 1422 545 demonstrato
1450 488 1627 554 eﬂ‘eci,
1666 500 1725 545 ut
1754 490 1988 546 libenter

422 584 683 638 omnibus
734 584 899 638 rebus
961 584 1094 638 mihi
1128 585 1528 653 obsequeretur
1565 600 1578 635 :
1610 598 1674 637 ac
1728 583 1988 653 deinceps

422 679 543 742 ejus
579 678 983 732 consuetudine
1012 678 1149 733 citra
1184 675 1551 746 suspicionem
1586 673 1654 728 ad
1679 674 1987 730 satietatem

425 780 558 820 usus
589 781 651 820 Si]
661 781 733 820 111.

2085 484 2186 563 γᾶν
2217 493 2561 563 χρησάμενος
2583 491 2880 563 λογοθέτην
2912 494 3004 545 καὶ
3030 492 3200 554 οὓτως
3221 490 3371 559 αύτῷ
3401 491 3491 543 τὸν
3516 491 3647 559 ἐμὸν

2086 587 2455 656 ἐνδειξάμενος
2489 586 2689 656 τρόπον
2718 585 2997 653 εὐάγωγόν
3026 600 3087 636 τε
3120 586 3214 637 καὶ
3258 580 3486 650 εὐπειθῆ
3513 581 3649 650 προς

2086 680 2232 732 ἅπαν
2258 679 2380 749 ἐμοὶ
2403 677 2465 730 τὸ
2493 676 2815 747 βουλόμενον
2846 676 3143 747 εἴργασμαι
3167 689 3180 702 ⁸
3213 675 3303 727 καὶ
3329 672 3502 735 οὕτως
3524 673 3651 740 ἑξῆς

2087 773 2411 832 ἀνυπόπτως
2445 771 2501 835 ἐς
2554 771 2713 843 κόρον
2758 768 2858 839 τῆς
2904 769 3065 822 αὐτοῦ
3117 785 3176 837 γε
3212 768 3489 838 ἀπήλαυον
3532 768 3652 835 ὁμι-

2088 861 2231 925 λίας.

1847 991 2076 1049 CAPUT
2109 993 2246 1049 Vill.

427 1079 567 1157 Διιζα
595 1082 783 1134 studiis
811 1082 1067 1157 bonarum
1090 1086 1282 1139 artium
1314 1089 1463 1156 ﬂoret
1490 1088 1585 1157 sub
1615 1088 1909 1142 Andronico
1935 1089 2157 1142 seniore.
2206 1085 2404 1140 Idcirco
2443 1085 2601 1157 hujus
2643 1084 2983 1157 familigrttes
3021 1099 3054 1134 ιι
3105 1080 3648 1157 (ἱνεσοτρβερξεῖζωο

505 1153 577 1227 ρο
606 1168 700 1227 usu
723 1169 843 1205 cum
878 1153 1115 1227 doctrina
1140 1149 1520 1227 conjungendo.
1551 1156 1812 1227 Gregoras
1835 1158 2052 1227 benigne
2077 1157 2140 1210 ab
2171 1158 2487 1227 imperatore
2507 1149 2769 1224 Exceptus.
2799 1153 3102 1227 Orationem
3129 1149 3273 1222 apud
3299 1149 3451 1203 illum
3475 1153 3649 1206 habet.

500 1217 646 1274 Duas
680 1221 734 1275 in
757 1238 815 1275 eo
844 1225 1076 1289 virtutes,
1105 1217 1418 1292 sapientium
1447 1235 1497 1280 et
1536 1217 1907 1297 eloquentiam,
1934 1217 2141 1280 tundat.
2162 1217 2545 1296 Panegyricum
2580 1217 2694 1300 voto
2730 1222 3013 1278 concludit.

501 1331 539 1386 l.
570 1333 814 1388 Tandem
855 1344 912 1389 et
967 1336 1317 1407 imperatoris
1373 1339 1802 1397 familiaritatem
1831 1342 1997 1413 majo-

434 1440 547 1479 rem
582 1426 838 1497 expetivi.
859 1426 994 1481 Nam
1025 1444 1403 1498 saepenumero
1431 1443 1487 1486 et
1515 1433 1632 1502 ipSe
1667 1444 1997 1503 spectaram,

2164 1340 2243 1393 A'.
2289 1338 2549 1392 Ἐπόθουν
2577 1338 2632 1392 δὲ
2659 1339 2761 1410 ἤδη
2790 1339 2885 1391 καὶ
2936 1337 3034 1406 τῆς
3058 1336 3149 1390 τοῦ
3179 1336 3445 1406 βασιλέως
3474 1339 3660 1407 τυχεῖν

2092 1430 2443 1500 τελεώτερον.
2475 1431 2650 1493 Αὐτός
2680 1447 2741 1482 τε
2788 1428 2897 1498 γὰρ
2936 1427 3195 1489 πολλάκις
3226 1427 3536 1497 ἐθεασάμην
3565 1428 3664 1481 καὶ

433 1525 490 1570 et
517 1531 586 1570 ex
617 1518 878 1573 omnibus
908 1518 1119 1575 intimis
1145 1522 1263 1590 ejus
1308 1523 1610 1586 amlieram.
1636 1524 1896 1592 palatium
1928 1524 1998 1578 ab

2110 1524 2174 1577 ἔτι
2207 1525 2359 1595 παρά
2387 1523 2604 1576 πάντων
2635 1522 2914 1591 ἡκηκόειν,
2950 1521 3139 1574 ὁπόσοι
3162 1522 3300 1590 πρὸς
3324 1523 3500 1590 ἄκραν
3532 1524 3666 1589 ἀφί-

334 1656 335 1659 .
431 1623 634 1662 conon
686 1610 852 1664 modo
900 1611 1202 1667 honestatis
1234 1624 1290 1668 et
1343 1617 1520 1671 omnis
1548 1616 1767 1671 virtutis
1787 1617 2000 1687 gravio-

2110 1632 2250 1671 ιοντο
2275 1617 2468 1685 πεῖραν
2494 1614 2683 1679 αὐτοῦ,
2715 1615 2790 1677 ὡς
2819 1616 2880 1667 οὒ
2907 1614 3065 1684 μόνον
3093 1615 3390 1683 εὐκοσμίας
3426 1617 3520 1668 καὶ
3548 1615 3673 1685 t0:-

436 1696 621 1767 risque
675 1698 982 1770 disciplina:
1029 1704 1298 1758 omcinam
1356 1705 1653 1771 effectum,
1713 1718 1997 1777 propterea

2110 1709 2201 1777 ιιῆς
2237 1708 2454 1777 ἀπάσης
2478 1708 2682 1778 ἀρετῆς
2736 1708 2828 1761 καὶ
2857 1708 3146 1776 ἀσκήσεως
3174 1709 3536 1777 ἐργαστήριον
3579 1710 3679 1760 τὸν

434 1788 580 1856 quod
612 1790 702 1844 ille
730 1792 886 1861 longa
910 1800 1068 1847 aetate
1095 1801 1153 1848 et
1175 1805 1383 1849 natura:
1405 1796 1721 1852 excellentia
1744 1812 1996 1868 magnum

435 1880 541 1934 sibi
591 1895 781 1935 earum
839 1899 1022 1938 rerum
1080 1899 1238 1940 usum
1301 1887 1750 1956 comparavisset,
1805 1887 1902 1942 sed
1945 1899 2002 1943 et

442 1969 745 2034 litterariae,
771 1980 832 2025 ut
856 1972 931 2025 ita
963 1971 1530 2037 dicam,'erudltionis
1562 1977 1829 2046 optimum
1853 1994 2003 2049 gym-

436 2063 652 2116 nasium
684 2071 740 2118 et
793 2063 962 2119 veluti
1010 2064 1666 2137 campum'eloquentium
1694 2069 2000 2139 linguarum

438 2153 832 2207 certaminibus
879 2155 1208 2223 patefactum
1238 2170 1384 2210 esse.
1417 2158 1785 2223 Quamobrem
1806 2167 1862 2213 et
1884 2159 2003 2228 ipse

437 2243 642 2297 talibus
690 2243 850 2299 bonis
893 2244 1158 2301 adamatis
1195 2262 1262 2301 eo
1304 2262 1389 2301 me
1413 2249 1642 2303 contuli.
1674 2248 1808 2303 Nam
1829 2233 2005 2304 otiosa

436 2334 850 2402 disciplinarum
917 2338 1202 2402 tractatio,
1248 2353 1410 2407 quam
1466 2338 1595 2392 libri
1659 2339 2006 2395 studentibus

438 2425 810 2494 suppeditant,
842 2425 957 2480 sive
1009 2426 1099 2480 illa
1156 2429 1397 2493 tenuior,
1427 2429 1542 2484 sive
1591 2430 1866 2499 copiosior
1910 2430 2004 2492 sit.

440 2534 559 2571 mea
582 2518 801 2587 quidem
826 2518 1086 2588 opinione
1112 2518 1310 2575 similis
1346 2531 1434 2576 est
1482 2522 1732 2592 corporis
1761 2524 2004 2593 organici

440 2619 728 2665 structura:
752 2611 988 2664 animam
1022 2610 1377 2677 desideranti,
1408 2628 1569 2684 quam
1610 2628 1709 2683 per
1749 2610 2008 2670 sen’suum

440 2702 836 2771 experientiam
880 2702 1145 2757 accedere
1179 2688 1347 2757 dico:
1392 2712 1487 2758 aut
1525 2705 1708 2774 potius
1738 2706 1906 2761 variis
1934 2707 2013 2762 ci-

443 2801 639 2852 borum
661 2799 963 2868 generibus
994 2798 1047 2853 in
1100 2809 1342 2854 ventrem
1382 2800 1657 2869 congestis
1706 2797 2011 2868 comparari

445 2901 774 2961 queat,qu:e
834 2893 1071 2946 calorem
1108 2893 1176 2964 ad
1223 2891 1679 2961 concoquendum
1715 2892 2008 2961 postulent.

350 3029 360 3041 ,
442 2976 495 3030 ls
548 2989 674 3029 vero
718 2975 881 3045 328
933 2974 1082 3029 calor
1129 2989 1237 3028 non
1283 2974 1425 3030 alius
1482 2974 1665 3033 fuerit,
1711 2973 1813 3027 nisi
1851 2990 2010 3042 quem

2103 1799 2380 1872 βασιλικὸν
2411 1799 2747 1870 κατέστησεν
2778 1794 2927 1852 οἶκον
2949 1799 3028 1869 τῷ
3061 1817 3119 1852 τε
3150 1799 3344 1869 μακρῷ
3370 1800 3546 1867 χρόνῳ
3576 1801 3677 1851 καὶ

2099 1893 2176 1964 τῷ
2210 1893 2454 1962 περιόντι
2483 1893 2583 1961 τῆς
2613 1893 2831 1960 φύσεως
2859 1891 3117 1962 πλείστην
3165 1892 3256 1943 ἐπὶ
3279 1890 3444 1942 ταῦτα
3473 1892 3681 1957 πεῖραν

2103 1970 2495 2054 ξυνηθροικὼς,
2532 1984 2789 2038 ἀλλὰκαὶ
2837 1984 3063 2054 λογικῆς
3120 1983 3286 2051 φάναι
3335 1982 3681 2045 παιδεύσεως

2105 2074 2397 2145 κράτιστον
2440 2075 2741 2144 γυμνάσιον
2794 2073 2912 2139 καὶ,
2969 2068 3082 2126 οἷον
3111 2074 3311 2139 εἰπεῖν,
3367 2073 3681 2141 ἐλλογίμων

2104 2167 2366 2236 γλωσσῶν
2421 2165 2805 2237 στρατόπεδον.
2855 2166 2953 2219 Διά
3005 2166 3178 2220 ταῦτα
3230 2166 3409 2219 τοίνυν
3434 2165 3683 2234 ἐραστὴς

2104 2258 2214 2312 τῶν
2246 2258 2503 2312 τοιούτων
2532 2258 2712 2313 καλῶν
2741 2259 2835 2312 καὶ
2860 2258 3021 2320 αὐτὸς
3050 2259 3329 2320 καταστὰς
3365 2256 3683 2327 προσῆλθον

2105 2350 2276 2419 αύτῷ.
2316 2350 2384 2402 Ἥ
2417 2348 2527 2420 γὰρ
2559 2348 2685 2402 καθ’
2712 2349 2942 2420 ἡσυχίαν
2979 2349 3089 2402 τῶν
3126 2350 3467 2419 μαθημάτων
3502 2352 3686 2419 ἀσκη-

2107 2459 2213 2506 σις,
2239 2441 2445 2513 ὁπόσην
2478 2443 2532 2495 αἱ
2567 2441 2742 2512 βίϐλοι
2770 2445 2885 2505 τοῖς
2925 2440 3170 2511 μετιοῦσι
3205 2442 3538 2512 χαρίζονται,
3566 2443 3684 2494 κᾶν

2108 2527 2270 2605 ἦττον
2292 2528 2325 2606 ᾖ
2359 2532 2526 2602 πολλὴ
2549 2533 2652 2586 κᾶν
2679 2533 2953 2597 πλεῖστον,
2995 2531 3077 2603 [Ρ.
3110 2532 3241 2603 9.02]
3272 2533 3437 2586 ἐοίκοι
3462 2532 3526 2585 ἂν
3552 2532 3701 2585 nat“

2110 2625 2250 2696 ἐμὴν
2280 2625 2436 2689 δόξαν
2460 2624 2709 2694 σώματος
2737 2625 3030 2694 ὀργανικοῦ
3057 2624 3344 2680 διαπλάσει
3382 2625 3677 2693 ἐφιεμένου

2109 2718 2309 2789 ψυχῆς,
2339 2719 2405 2787 ἣν
2429 2718 2491 2788 δή
2519 2734 2661 2787 φημι
2690 2717 2777 2770 διὰ
2802 2718 2900 2786 τῆς
2921 2721 2984 2771 ἐκ
3014 2716 3125 2770 τῶν
3150 2717 3451 2782 αἰσθήσεων
3479 2717 3682 2780 ἐμπει-

2066 2874 2079 2880 σ
2115 2811 2236 2879 ρίας
2270 2807 2698 2878 προσγίγνεσθαι
2720 2822 2736 2839 ο
2795 2807 2828 2877 ἢ
2862 2808 3061 2878 μᾶλλον
3090 2809 3257 2861 ἐοίκοι
3288 2807 3355 2860 ἂν
3390 2807 3683 2876 συμφορή..

2116 2917 2196 2953 σει
2216 2899 2486 2971 διαφόρων
2517 2898 2821 2970 βρωμάτων
2861 2902 2921 2953 ἐν
2951 2898 3128 2969 κοιλίᾳ
3180 2899 3683 2969 συναθροισθέντων

2115 2993 2208 3044 καὶ
2231 2991 2500 3058 δεομένων
2551 2992 2763 3061 θέρμης
2808 2991 2945 3061 πρὸς
2994 2990 3158 3058 πέψιν
3180 3007 3194 3023 ο
3220 2990 3422 3057 ταύτην
3465 2990 3509 3043 δ’
3532 2987 3682 3041 εἶναι

446 3066 863 3124 subministrant
911 3067 1211 3135 omnigenae
1250 3076 1598 3134 tempestates
1629 3077 1683 3119 et
1728 3066 2005 3134 multiplex

2110 3081 2299 3133 ὁποίαν
2331 3080 2387 3133 αἱ
2439 3081 2690 3134 παντοῖαι
2737 3079 2847 3133 τῶν
2881 3080 3088 3150 χρόνων
3114 3074 3254 3148 ὧραι
3282 3080 3377 3133 καὶ
3405 3081 3432 3148 η
3460 3083 3683 3146 ἐπαγω-

450 3173 634 3214 rerum
667 3159 948 3213 scnsilium
1003 3155 1469 3231 singulariumque
1519 3154 1878 3222 experientia.
1907 3154 2009 3206 lla-

448 3266 556 3323 que
584 3251 795 3321 aliquos
823 3250 1008 3304 videre
1035 3258 1136 3312 est,
1171 3248 1287 3317 qui,
1316 3246 1460 3316 quod
1504 3248 1617 3300 otio
1647 3246 1810 3299 nimis
1840 3245 2009 3300 dediti

449 3342 653 3399 fuerint
683 3342 959 3411 vitamque
1001 3341 1299 3395 solitariam
1345 3328 1586 3395 acnullo
1619 3350 1847 3394 externo
1877 3354 2011 3391 con-

447 3436 593 3490 victu
666 3434 1017 3490 exercitatam
1087 3434 1332 3504 egerint,
1391 3447 1581 3487 omnes
1647 3433 1812 3485 animi
1865 3433 2011 3485 vires

446 3518 777 3581 enervarunt
817 3539 980 3595 atque
1029 3525 1100 3579 ita
1145 3526 1553 3589 eil‘eminaruut,
1590 3535 1650 3579 ut
1690 3539 1793 3579 nec
1826 3523 2013 3578 dicere

449 3634 550 3673 nec
585 3633 745 3687 agere
792 3618 1089 3686 quidquam
1151 3616 1368 3686 publice
1410 3617 1697 3671 auderent.
1741 3614 2011 3670 Caeterum

449 3725 573 3763 cum
603 3718 659 3764 et
692 3725 812 3779 ego,
848 3725 1053 3763 annum
1099 3710 1274 3763 aetatis
1305 3711 1414 3778 jam
1451 3708 1742 3777 septimum
1781 3715 1835 3761 et
1870 3707 2014 3760 vice-

448 3804 647 3857 simum
679 3800 971 3864 excedens,
1020 3801 1086 3855 ad
1120 3802 1501 3870 imperatorem
1551 3801 1924 3855 accessissem.
1958 3808 2012 3853 et

452 3893 593 3946 ultra
625 3908 774 3961 spem
829 3908 1045 3945 omnem
1074 3894 1141 3945 ab
1186 3907 1253 3946 eo
1285 3903 1548 3960 exceptus
1576 3880 1772 3956 csSem,
1801 3894 1853 3946 iu
1894 3896 2014 3961 ejus

452 3985 753 4053 prudentiae
804 3992 860 4037 et
913 3983 1239 4052 eloquentia:
1294 3983 1510 4038 laudem
1546 3983 1856 4054 ltnjusmodi
1891 3998 2014 4036 ora-

453 4080 653 4133 tionem
685 4090 866 4129 coram
899 4090 965 4130 eo
995 4077 1174 4129 statim
1208 4075 1370 4129 habui
1399 4096 1412 4128 .-

525 4169 590 4221 ll.
627 4185 647 4219 ι
677 4168 734 4221 Si
768 4182 864 4221 eos
894 4178 1079 4221 nostra
1105 4174 1263 4219 aetate
1298 4165 1464 4227 virus,
1503 4163 1878 4234 potentissime
1910 4164 2014 4218 im-

452 4272 691 4333 perator,
721 4261 995 4316 exstitisse
1024 4274 1331 4321 cernerem,
1355 4257 1448 4327 qui
1495 4245 1835 4327 majestatem‘
1866 4265 2014 4309 luatu

453 4354 633 4424 dignis
671 4352 931 4407 laudibus
971 4350 1333 4412 celebrarent,
1375 4348 1629 4419 equidem
1689 4362 1789 4402 nec
1818 4347 1885 4401 ad
1934 4347 2015 4401 di-

2111 3172 2243 3241 γικὴ
2261 3171 2370 3223 τῶν
2393 3170 2671 3240 αἰσθητῶν
2699 3172 2795 3246 καὶ
2827 3171 3072 3240 μερικῶν
3106 3174 3451 3241 πραγμάτων
3481 3172 3682 3238 ἐμπει-

2113 3263 2205 3334 ρία
2234 3263 2584 3333 παρέχονται.
2617 3263 2746 3317 Ἴδοι
2799 3262 2845 3315 δ’
2871 3263 2938 3317 ἀν
2977 3279 3064 3325 τις
3102 3264 3198 3316 καὶ
3237 3264 3383 3323 ὅπως
3414 3264 3554 3325 τινὲς
3587 3262 3680 3315 διὰ

2112 3355 2208 3425 τὴν
2238 3354 2339 3424 τῆς
2368 3354 2603 3424 ⁴ίξσνχίας
2638 3353 2890 3406 ἐπίτασιν
2921 3354 3017 3407 κα)⁵
3055 3353 3115 3407 τὸ
3151 3354 3380 3423 ἄμικτον
3417 3354 3511 3406 καὶ
3543 3353 3682 3421 ἀγύ-

2116 3461 2352 3515 μναστον
2390 3447 2488 3516 τῆς
2519 3444 2623 3510 ἔξω
2650 3446 3071 3516 συνδιαιτήσεως
3121 3447 3219 3510 τὰς
3248 3446 3482 3516 ψυχικὰς
3514 3446 3678 3498 δυνά-

2117 3551 2238 3604 μεις
2261 3534 2543 3604 ὲμάραναν
2565 3533 2660 3586 καὶ
2693 3533 2791 3603 τὴν
2813 3533 2975 3600 φύσιν
2996 3532 3319 3604 ἐξεθήλυναν
3354 3535 3446 3586 καὶ
3474 3535 3679 3587 παντά-

2115 3642 2279 3678 πασιν
2311 3625 2758 3696 ἀπαρρησίαστον
2781 3624 3006 3693 ἔθηκαν.
3042 3625 3206 3678 Ἀλλά
3231 3626 3339 3693 γὰρ
3363 3624 3551 3694 ἐπειδὴ
3582 3625 3675 3676 καὶ

2115 3712 2276 3775 αὐτὸς
2304 3712 2611 3784 προσῆλθον
2639 3712 2784 3765 οὓτω
2814 3712 2891 3776 τῷ
2931 3711 3163 3783 βασιλεῖ,
3192 3714 3420 3783 ἕϐδομον
3449 3713 3549 3783 ἤδη
3584 3713 3676 3764 καὶ

2114 3808 2355 3857 εἰκοστὸν
2381 3807 2477 3873 τῆς
2506 3792 2718 3871 ἡλικίας
2743 3803 2988 3874 ἀμείϐων
3023 3803 3162 3867 ἔτος,
3215 3803 3309 3856 καὶ⁵
3339 3803 3478 3873 ὑπὲρ
3500 3804 3676 3855 πᾶσαν

2116 3898 2481 3970 προσεδέχῦην
2509 3895 2719 3961 ἐλπίδα,
2742 3895 2902 3958 εὐθὺς
2930 3896 3149 3949 ἔπαινον
3170 3898 3253 3949 ἐπ’
3279 3895 3445 3950 αὑτοῦ
3468 3895 3678 3966 διεξῆλ-

2115 3990 2207 4044 θον
2229 3993 2326 4061 τῆς
2356 3986 2683 4058 εὐγλωττίας
2724 3989 2818 4041 καὶ
2856 3988 3120 4052 συνέσεως
3156 3988 3567 4042 αὐτοῦιτοιόνδε·

2186 4152 2260 4205 B'.
2301 4170 2321 4203 ι
2360 4151 2421 4205 Εἰ
2464 4148 2562 4219 μὲν
2611 4141 2679 4217 ἦν
2712 4163 2802 4218 μοι
2831 4147 2980 4217 ὁρᾷ-θ,
3014 4147 3272 4216 κράτιστε
3307 4145 3547 4216 βασιλεῦ,
3579 4146 3680 4214 τὴν
3716 4218 3722 4225 ⁸

2117 4243 2239 4299 καθ’
2292 4243 2438 4311 ἡμᾶς
2498 4238 2592 4292 τοῦ
2654 4239 2847 4308 χρόνου
2899 4238 3073 4307 φοράν
3104 4236 3400 4309 ἀξιόχρεως
3431 4238 3680 4301 καὶτοὺς

2119 4336 2361 4406 ύμνητάς
2393 4319 2826 4403 προενεγκοῦσαν
2854 4330 2948 4383 τοῦ
2981 4330 3073 4384 σοῦ
3098 4331 3352 4400 κράτους,
3385 4328 3497 4382 οὒτ’
3524 4330 3591 4383 ἂν
3618 4330 3682 4382 τὸ

457 4400 633 4424 --ο-η-
671 4400 927 4407 -κη--η
979 4400 1333 4412 ---πη---η
1588 4400 1607 4401 η
1735 4400 1781 4402 --

454 4447 689 4502 cendum
721 4445 1065 4515 prodiissem,
1102 4457 1280 4513 neque
1332 4442 1553 4497 silentio
1592 4441 1888 4509 quidquam
1921 4456 2009 4492 an-

2118 4426 2297 4495 λέγειν
2331 4423 2689 4499 προῃρούμην
2723 4422 2814 4476 καὶ
2851 4424 2958 4476 πᾶν
2992 4424 3164 4474 ποιεῖν
3201 4425 3292 4476 καὶ
3337 4408 3517 4493 λέγειν
3540 4422 3684 4491 ὑπὲρ

456 4541 662 4610 tiquius
714 4540 1024 4595 habuissem
1061 4556 1075 4593 :
1111 4546 1172 4593 ut
1221 4538 1290 4591 iis
1348 4543 1493 4591 esset
1538 4534 1711 4597 locus,
1754 4532 1846 4602 qui
1900 4544 2009 4585 tuas

2118 4520 2213 4574 σοῦ
2244 4519 2401 4589 σιγᾷν
2435 4516 2643 4586 σφόδρα
2674 4514 2980 4585 προσιέμην
3008 4514 3073 4567 ἄν
3101 4513 3213 4583 (8|)
3234 4530 3248 4546 ο
3282 4513 3441 4573 αὐτὸς
3472 4512 3528 4564 δὲ
3559 4511 3686 4564 τού-

458 4634 647 4689 laudes
695 4648 910 4702 aequare
938 4631 1170 4687 dicendo
1202 4639 1443 4700 possent.
1477 4628 1581 4684 Sed
1613 4642 1735 4681 cum
1762 4626 2009 4680 decorum

2116 4632 2229 4678 τοις
2273 4615 2507 4683 ἄσμενος
2556 4610 2655 4679 τῆς
2685 4606 3000 4679 παρρησίας
3034 4604 3410 4675 παρεχώρουν,
3441 4598 3521 4667 οἷς
3551 4603 3687 4669 ἐφα-

460 4735 673 4779 tuorum
703 4723 1002 4793 amplitudo
1044 4735 1261 4777 omnem
1298 4718 1560 4773 orationis
1586 4716 1797 4785 copiam
1825 4714 2021 4784 inopiae

460 4816 861 4877 condemuarit.
922 4828 1100 4883 neque
1154 4811 1298 4865 ullus
1356 4809 1580 4863 oumino
1611 4809 1701 4871 sit,
1736 4806 1827 4875 qui
1857 4820 2020 4859 orna-

461 4894 769 4963 tuentaﬂtua
801 4906 981 4960 verbis
1021 4902 1283 4957 non‘dico
1306 4910 1586 4956 assecutus
1608 4900 1695 4961 sit,
1729 4899 1823 4951 sed
1852 4912 2018 4966 prope

460 5001 527 5053 ad
591 5014 653 5053 ea
701 4996 989 5050 accesserit
1021 5013 1034 5048 :
1063 4992 1195 5046 mihi
1242 5006 1347 5044 non
1385 4989 1513 5043 \itio
1546 4988 1863 5043 vertendum
1899 5000 2019 5039 esse

461 5088 617 5153 duxi,
641 5087 686 5141 si
715 5096 771 5141 et
798 5085 913 5154 ipse
946 5082 1164 5137 illorum
1195 5082 1444 5151 vestigia,
1479 5081 1570 5150 qui
1611 5079 1749 5132 infra
1791 5078 2024 5146 dignita-

463 5196 571 5239 tem
600 5183 881 5238 dixerunt.
907 5178 1234 5232 subsecutus
1270 5191 1448 5230 meum
1473 5174 1744 5245 qttodalam
1778 5173 2023 5226 debitum

464 5276 773 5345 persolvere
816 5271 1117 5326 studerent.
1164 5268 1232 5324 Ut
1274 5268 1418 5322 enim
1459 5266 1856 5335 incptissiunnu
1894 5264 2026 5317 fuis-

463 5377 567 5431 set,
600 5382 701 5422 nos
757 5365 902 5419 solos
960 5371 1110 5417 tanto
1153 5360 1372 5431 negotio
1407 5360 1644 5428 impares
1693 5356 1896 5410 audere
1921 5357 2023 5410 ali-

463 5456 595 5527 quid
646 5473 661 5511 :
718 5456 790 5510 ita
841 5463 1268 5509 consentaneum
1321 5458 1407 5504 est
1456 5461 1561 5499 una
1625 5459 1749 5499 cum
1809 5445 2023 5497 caeteris

2122 4708 2324 4777 μίλλως
2368 4706 2483 4766 τοῖς
2531 4700 2826 4770 ἐγκωμίοις
2886 4715 2981 4750 σου
3012 4697 3192 4765 λέγειν
3244 4697 3390 4766 ἐξῆν.
3454 4695 3607 4747 Ἐπεὶ
3630 4695 3687 4747 δὲ

2120 4801 2359 4863 πάντων,
2390 4796 2466 4858 ὡς
2514 4795 2718 4848 ἐπίπαν
2747 4792 2945 4853 εἰπεῖν,
2981 4788 3340 4860 κατεψηφίσω
3378 4788 3476 4857 τὴν
3511 4781 3686 4857 ⁴ἧτταν
3726 4847 3735 4853 η

2122 4895 2190 4963 τῇ
2219 4891 2326 4943 τῶν
2350 4887 2530 4941 καλῶν
2563 4903 2654 4938 σου
2688 4883 2991 4954 πλεονεξίᾳ,
3027 4882 3105 4935 ἔνι
3152 4882 3196 4932 δ’
3217 4880 3387 4943 οὐδεὶς
3413 4880 3474 4932 τὸ
3508 4880 3687 4945 παρά-

2125 5000 2235 5035 παν
2287 4978 2411 5049 μήθ’
2439 4980 2465 5031 ὁ
2500 4975 2632 5045 πρὸς
2673 4974 2829 5039 ἀξίαν
2856 4975 3047 5035 εἰπὼν,
3101 4973 3241 5038 μήτε
3280 4972 3383 5041 μὴν
3409 4973 3506 5039 τῆς
3529 4971 3687 5036 ἀξίας

2121 5075 2308 5143 ἐγγὺς,
2330 5073 2401 5145 κού
2428 5071 2577 5124 δοκεῖ
2612 5086 2700 5140 μοι
2730 5067 2840 5120 οὐδ’
2865 5065 3052 5135 ἔμοιγε
3080 5063 3360 5118 κείσεσθαι
3385 5063 3600 5131 φαύλως
3632 5063 3689 5113 τὺ

2121 5167 2375 5237 πρᾶγμα,
2422 5163 2533 5232 εἴγε
2561 5162 2654 5213 καὶ
2682 5159 2862 5223 αὐτὸς,
2909 5158 2984 5220 ὡς
3008 5158 3205 5223 ἔξεστι,
3232 5157 3431 5225 τούμὸν
3463 5170 3688 5208 κατατι-

2120 5257 2272 5327 θείην
2303 5255 2544 5324 ὖφλημα;
2583 5254 2794 5320 Ὠσπερ
2827 5251 2937 5319 γὰρ
2964 5248 3029 5303 ἂν
3061 5249 3170 5302 τῶν
3197 5247 3565 5303 ἀτοπωτάτων
3596 5242 3686 5315 ἦν,

2124 5352 2315 5418 μόνους
2348 5349 2496 5418 ἡμᾶς
2526 5345 2626 5415 τῆς
2680 5343 2832 5407 ἀξίας
2862 5342 3214 5403 ἐλλείποντας
3242 5333 3358 5399 εἶτα
3386 5338 3686 5408 ἐπιχειρεῖν

2120 5440 2300 5509 λέγειν
2317 5455 2331 5470 ·
2359 5438 2501 5492 οὕτω
2532 5437 2668 5507 δῆτα
2693 5436 2801 5489 τῶν
2839 5433 3069 5486 εἰκότων
3090 5429 3182 5496 αὖ,
3206 5428 3341 5499 όμοῦ
3372 5430 3483 5492 τοῖς
3506 5428 3686 5491 ἄλλοις

1791 5581 2123 5643 Variorum
2164 5585 2347 5640 notze.

541 5716 648 5787 (8|)
694 5717 908 5785 Aliquid
953 5718 1055 5771 hoc
1099 5715 1215 5769 loco
1256 5712 1334 5767 vel
1382 5711 1551 5775 deest,
1597 5710 1674 5764 vel
1710 5703 2270 5777 sttpcrﬂuil.,BOl\'l.\'.
