4010 6208
240 360 350 426 509

489 354 567 429 [Α.
606 370 655 411 c.
699 352 839 410 4232
875 366 941 407 ιιι)
985 349 1146 423 1528]
1221 354 1676 419 BYZANTIN/E
1710 355 1816 419 HI:

1917 356 2105 420 )RIAZ
2142 361 2291 425 LIB.
2334 362 2501 426 VIII.

2599 356 2733 431 [ιιιρ.
2776 374 3061 416 monomc.
3103 361 3247 435 seu]

3391 365 3495 429 510

245 479 465 534 κατόπιν
487 480 592 548 τῆς
611 479 767 546 ἀξίας
792 478 1109 551 βαδίζοντας
1150 477 1296 533 τοῦτ’
1330 478 1466 534 αὐτὸ
1495 480 1693 546 ποιεῖν,
1722 476 1799 543 ὡς

1917 476 2179 533 'rustrari.
2229 477 2418 550 Neque
2471 479 2618 534 enim
2672 480 2945 535 aﬂirmare
3006 479 3353 543 duliitein,ei
3394 481 3489 551 qui

246 572 380 640 μάλα
400 571 461 625 ὃν
484 571 645 651 ρῦδὲν
667 572 910 643 αίσχρόν.
944 570 1329 642 Διατειναίμην
1365 572 1474 642 γὰρ
1501 571 1570 626 ἂν
1595 572 1805 643 σφόδρα

242 667 430 735 ἔγωγε.
484 665 563 729 ὡς
613 664 714 735 τὴν
777 664 875 736 σὴν
927 664 1230 736 πλουτῆσαι
1257 664 1516 731 γλῶσσαν
1546 663 1806 730 εῖίξασθαι

158 800 164 813 .
241 758 341 829 χρὴ
364 758 654 829 πρότερον,
676 758 822 822 ὅστις
848 757 1093 828 βούλοιτο
1117 757 1254 829 πρὸς
1278 757 1436 823 ἀξίαν
1461 757 1717 824 διεξιέναι
1737 760 1806 810 τὰ

242 851 325 905 σά.
385 851 600 914 ’Δλλως
651 850 697 904 δ’
734 851 835 903 οὐκ
893 836 960 904 ἂν
991 849 1374 920 διατειναίμην
1435 844 1576 903 εἶναι
1624 849 1806 921 ῥᾴδιον

242 942 426 1000 οὐδενί.
451 944 569 997 Καὶ
589 942 699 1014 γὰρ
746 944 844 997 καὶ
872 943 1120 1014 γλώττης
1167 922 1482 1014 εὐπρεπείᾳ
1538 941 1806 1013 βασιλικῷ

242 1036 311 1107 τῷ
360 1036 524 1109 πήχει
578 1038 704 1099 τοὺς
745 1036 936 1100 ἄλλους
968 1037 1323 1108 παρήλασας,
1360 1035 1462 1090 καὶ
1513 1036 1693 1088 πάντα
1721 1051 1805 1086 σοι

241 1128 490 1200 πρόσεστι
515 1130 588 1182 τὰ
620 1129 784 1194 καλὰ,
806 1122 881 1185 ὧν
909 1128 967 1182 ἓν
993 1130 1113 1183 οὐδὲ
1130 1129 1190 1183 ἓν
1212 1130 1389 1184 οὐδενὶ
1407 1129 1519 1183 τῶν
1547 1127 1806 1182 ἁπάντων

241 1220 516 1287 ὡσαύτως,
545 1217 674 1272 οὔτε
716 1219 823 1273 τῶν
846 1221 904 1273 ὲν
926 1214 1007 1281 οἷς
1047 1220 1231 1289 ἡμεῖς,
1254 1217 1380 1271 οὔτε
1404 1217 1512 1289 μὴν
1534 1217 1646 1271 τῶν
1674 1218 1805 1288 πρὶν

241 1312 470 1383 ἦήμεῖς,
496 1310 700 1365 οὔκουν
734 1311 844 1366 οὐδ’
885 1311 952 1365 ἂν
993 1313 1121 1375 τοὺς
1165 1312 1402 1382 ὲξαρχῆς
1433 1311 1686 1382 ἀριθμεῖν
1722 1326 1806 1373 τις

241 1402 407 1474 ἐθέλῃ.
441 1403 726 1458 Ἐνταυθοῖ
750 1404 808 1457 δὲ
832 1403 926 1457 τοῦ
955 1403 1115 1472 λόγου
1143 1395 1436 1474 γενόμενος
1457 1401 1584 1455 οὔτε
1613 1400 1807 1468 διεξιέ-

240 1512 322 1550 ναι
348 1495 533 1565 τολμῶ
579 1495 705 1549 οὔτε
721 1496 908 1560 ,πάνθ’
938 1496 1014 1560 ὡς
1066 1497 1271 1550 ἐπίπαν
1297 1497 1475 1550 ὁπόσα
1523 1495 1606 1549 σοί
1660 1496 1808 1547 ἐστιν

238 1588 503 1659 ιγκώμια,
532 1585 661 1642 οὔτε
695 1589 770 1659 μὴ
796 1590 978 1642 πάντα
1001 1604 1015 1619 ’
1044 1588 1215 1643 αἰτίαι
1239 1588 1297 1642 δὲ
1327 1588 1403 1652 ὡς
1431 1587 1685 1659 λαμπραὶ
1714 1588 1808 1640 καὶ

238 1676 494 1748 λαμπρῶς
522 1678 868 1749 ἐγκείμεναι.
901 1677 1005 1731 Καὶ
1029 1676 1139 1746 γὰρ
1165 1677 1229 1730 τὸ
1265 1678 1340 1748 μὴ
1359 1676 1621 1741 δύνασθαι
1650 1676 1746 1729 καὶ
1771 1677 1804 1745 ἡ

236 1770 324 1823 τοῦ
375 1770 575 1840 χρέους
620 1770 851 1833 εκτισις,
913 1770 1009 1824 δύο
1055 1769 1121 1841 δὴ
1171 1769 1346 1823 ταῦτα
1403 1769 1662 1831 ἂναντίως
1690 1785 1807 1830 πως

240 1860 417 1932 ἔχοντα
460 1861 611 1933 πρὸς
663 1862 890 1931 ἄλληλα,
919 1863 1022 1932 τὴν
1063 1861 1204 1932 ἐμὴν
1253 1861 1340 1930 ἆτ’
1368 1862 1605 1931 ἑκάτερα
1632 1859 1807 1929 σχίζει

239 1954 463 2008 διάνοιαν
484 1972 499 1986 ’
535 1957 619 2020 ὡς
643 1957 744 2026 ἐμὲ
772 1955 903 2025 γοῦν
919 1955 1011 2008 τὸν
1038 1953 1386 2027 ἑκατέρωθεν
1402 1954 1807 2024 φυλαττόμενον

177 2073 193 2088 κ
241 2046 472 2101 κίνδυνον
526 2045 950 2115 ἀναγκάζεσθαι
1000 2045 1098 2099 καὶ
1143 2044 1474 2115 ἀμφοτέρων
1499 2047 1810 2116 μεταποιεῖ-

243 2136 352 2190 σθαι
381 2136 475 2189 καὶ
500 2133 575 2190 αὖ
640 2134 978 2205 μηδετέρων,
1040 2134 1429 2205 ἁρμοσάμενον
1469 2132 1535 2186 δι’
1564 2132 1809 2205 ἀλλήλων

242 2228 482 2297 ἑκάτερα.
524 2226 728 2279 ὐπότε
760 2226 868 2293 γὰρ
902 2220 977 2279 ὧν
1022 2225 1119 2279 ἐπὶ
1147 2224 1318 2297 σοφίᾳ
1352 2224 1522 2277 πάλαι
1546 2224 1809 2294 σεμνότης

243 2320 486 2389 ὀνόματος
510 2312 666 2371 οὗτοι
693 2316 780 2390 [Ρ.
802 2315 932 2389 203]
961 2317 1165 2380 πάντες
1185 2319 1233 2371 εί
1260 2317 1538 2388 παρῆσαν,
1571 2317 1810 2387 ἡττήθη·-

245 2429 332 2465 σαν
359 2412 422 2466 ἄν
480 2427 583 2465 σου
617 2410 719 2479 τῆς
749 2409 860 2463 τῶν
901 2409 1084 2463 καλῶν
1112 2410 1450 2475 πλεονεξίας,
1489 2409 1598 2483 τῶν
1626 2426 1687 2474 τε
1715 2408 1810 2464 νῦν

244 2501 391 2557 ὄντων
423 2501 487 2555 τὸ
514 2501 759 2572 πρᾶγμα
787 2499 939 2553 οὐδὲν
970 2500 1342 2570 διαφερόντως
1375 2500 1513 2571 ἔχει,
1550 2498 1604 2552 τί
1624 2500 1812 2553 λοιπὸν

245 2589 353 2657 ἐμοὶ
378 2589 409 2659 ἦ
438 2587 551 2641 τῶν
589 2605 653 2656 γε
690 2587 957 2641 πλειόνων
985 2588 1245 2658 ἀφεμένω
1276 2589 1454 2658 μικρά
1474 2606 1597 2642 τινα
1626 2588 1812 2642 διαλα-

245 2680 345 2735 ϐεῖν
371 2682 453 2735 δεῖ
500 2681 607 2734 καὶ
639 2680 741 2734 ὅσα
773 2697 866 2749 μοι
923 2680 1202 2748 τάσφαλές
1234 2681 1351 2734 ἐστι
1401 2679 1811 2750 προμνώμενας

246 2774 413 2843 μήπου
447 2790 533 2827 τοι
566 2771 825 2843 καθάπερ
852 2774 901 2826 οῖ
931 2772 1039 2827 τῶν
1069 2772 1455 2843 Ὀλυμπιακῶν
1483 2771 1660 2826 ἄθλων
1689 2772 1816 2825 ὁ.τέ-

242 2867 408 2920 λεστοι
439 2864 681 2936 κινδύνῳ
710 2865 1060 2937 χρησάμενος
1082 2863 1345 2935 αἰσχύνης
1371 2862 1613 2932 ἀθλητὴς
1642 2862 1814 2932 ἐμαυ-

245 2960 313 3031 τῷ
329 2958 697 3029 κατασταίην.
752 2958 865 3011 Καὶ
917 2955 1177 3024 πείθομαί
1206 2972 1271 3024 γε
1324 2954 1491 3026 μηδὲν
1529 2949 1671 3007 εῖναι
1705 2953 1815 3005 τῶν

249 3054 446 3107 πάντων
472 3053 692 3123 ἕτερον,
725 3051 754 3104 ὅ
785 3067 853 3120 με
884 3050 1159 3119 προσήκει
1183 3048 1385 3118 μᾶλλον
1416 3048 1616 3111 ποιεῖν,
1648 3044 1682 3114 ἢ
1723 3043 1816 3096 τὸν

250 3145 480 3200 ίντεῦθεν
535 3143 909 3214 φυλάττεσθαι
953 3142 1203 3196 κίνδυνον
1254 3140 1348 3192 καὶ
1405 3139 1556 3209 μάλα
1610 3137 1816 3208 μᾶλλον

251 3236 356 3305 ἐμὲ,
382 3237 415 3308 ἢ
443 3238 501 3290 el
527 3253 589 3289 τι
620 3234 821 3306 βρέφος
846 3232 1098 3288 ἐϐούλετο
1147 3231 1329 3302 μάζαν
1359 3229 1654 3292 σιτεῖσθαι,
1687 3228 1818 3299 πρὶν

249 3329 522 3385 ἀπότιτοον
568 3327 847 3396 γενέσθαι.
919 3324 1082 3395 Ἐξῆν
1129 3325 1241 3394 γὰρ
1267 3321 1332 3376 ἄν
1361 3322 1428 3391 γέ
1464 3338 1568 3374 που
1600 3322 1818 3384 πάντως

250 3421 486 3477 ἀνιᾶσθαι
514 3418 884 3482 τελεσθέντος.
909 3417 1029 3488 Χρὴ
1056 3416 1260 3487 μέντοι,
1282 3413 1457 3484 οἶμαι,
1485 3415 1559 3478 ὡς
1585 3417 1664 3477 είς
1690 3414 1820 3508 ava‘.

251 3531 426 3585 κτορον
450 3509 684 3568 εἰσιόντι
710 3511 1057 3581 παμπόλλοις
1091 3509 1526 3580 φαιδρυνόμενον
1578 3509 1673 3561 καὶ
1699 3524 1819 3559 ποι-

252 3607 409 3672 κίλοις
437 3608 783 3678 ἀγάλμασιν,
811 3604 889 3666 ὣς
916 3604 975 3657 δὲ
1012 3605 1117 3657 κάν
1156 3604 1271 3664 τοῖς
1309 3600 1404 3655 τοῦ
1429 3600 1694 3670 βασιλέως
1728 3601 1819 3666 ἐγ-

252 3699 463 3769 κωμίοις
494 3694 784 3765 γενομένῳ
840 3695 953 3756 τοῖς
983 3691 1166 3754 ἄλλοις
1198 3689 1309 3743 τῶν
1364 3687 1541 3743 ἄλλων
1571 3704 1819 3756 παρακε-

251 3790 518 3862 χωρηκότι
550 3789 674 3851 ἑνός
735 3804 841 3840 που
873 3786 906 3856 ἢ
945 3785 1040 3840 καὶ
1086 3784 1182 3838 δύο
1209 3783 1271 3836 τὸ
1299 3784 1552 3835 πλεῖστον
1580 3783 1820 3850 ἐπιμνη-

254 3883 450 3953 σθῆναι.
482 3882 720 3938 Πλείονα
754 3882 862 3951 γὰρ
892 3879 966 3943 ὠς
996 3879 1098 3932 οὐκ
1122 3877 1365 3945 ἀσφαλὲς
1399 3875 1464 3929 ἂν
1487 3874 1574 3944 εἴη
1604 3872 1817 3940 λέγειν,

252 3978 345 4049 ὅτῳ
369 3976 433 4049 δὴ
471 3975 551 4048 μὴ
588 3953 922 4044 μεταμέλειν
974 3971 1147 4041 μέλοι,
1206 3969 1357 4022 ἐστιν
1409 3966 1725 4049 εἰρημένον.
1757 3964 1821 4015 El

252 4073 346 4142 γὰρ
370 4072 477 4125 τῶν
505 4069 605 4125 δύο
625 4068 727 4121 οὐκ
754 4065 995 4137 εὐχερῶς
1018 4064 1083 4119 ἄν
1115 4080 1197 4126 τις
1227 4056 1625 4126 ἀπαλλάξαιτο,
1650 4057 1817 4127 σχολῇ

252 4164 347 4217 τῶν
367 4181 430 4232 γε
460 4162 752 4218 πλειόνων.
791 4160 975 4213 ’Δλλοι
1025 4159 1123 4225 μὲν
1150 4157 1334 4209 τοίνυν
1365 4153 1605 4207 suam
1633 4150 1823 4217 λεγόν-

249 4275 366 4322 των,
391 4260 466 4323 ὥς
494 4275 562 4327 γε
589 4256 832 4326 εἴρηται,
852 4252 962 4306 τῶν
986 4250 1081 4304 τοῦ
1113 4247 1403 4321 βασιλέως,
1432 4246 1556 4315 ἐμοὶ
1578 4246 1623 4297 δ’
1653 4244 1822 4314 ἐχέτω

256 4350 464 4419 μνήμην
489 4348 553 4400 τό
608 4361 670 4398 τε
703 4345 803 4413 τῆς
851 4340 1170 4411 φρονήσεως
1208 4333 1376 4397 αὑτοῦ
1415 4331 1647 4403 μέγεθος
1678 4330 1769 4383 καὶ
1795 4332 1822 4383 ὁ

252 4418 347 4503 τῆς
368 4434 619 4503 γλώττης
654 4428 871 4501 κρότος.
893 4421 997 4478 ’Ὧν
1022 4423 1186 4485 αὑτός
1215 4438 1274 4474 τε
1305 4423 1500 4490 πεῖραν
1542 4418 1688 4489 σχὼν
1711 4418 1822 4480 τοῖς

1906 575 2000 623 tua
2032 568 2175 626 facta
2214 580 2275 623 ιιι
2312 581 2598 626 merentur
2648 572 2872 626 laudare
2910 572 3183 634 instituat,
3213 572 3267 625 in
3296 572 3491 641 primis

1904 664 2148 735 linguam
2195 674 2343 720 tuam
2388 665 2754 734 exoptandam
2815 679 2936 720 esse
2994 681 3010 719 :
3064 665 3230 738 329
3281 666 3487 734 alioqui

1903 772 2035 811 vero
2084 756 2360 813 neminem
2404 756 2456 810 id
2518 756 2680 811 facile
2731 766 2992 826 praestare
3036 772 3227 827 posse.
3274 757 3409 811 Nam
3438 765 3495 810 et

1904 850 2172 905 orationis
2228 859 2423 904 ornatu
2476 850 2639 920 longo
2710 849 3003 904 intervallo
3060 864 3309 904 omnesa
3341 858 3494 918 tergo

1905 944 2169 1014 relinquis
2227 960 2242 996 :
2299 958 2401 997 nec
2456 943 2629 997 ullum
2672 943 2728 997 in
2782 953 2834 998 te
2875 944 3079 998 bonum
3124 943 3492 1009 desideratur,

1905 1048 2143 1106 quorum
2194 1036 2368 1090 ullum
2427 1036 2511 1090 vel
2561 1045 2745 1090 nostra
2799 1045 2980 1101 aetate,
3005 1037 3091 1091 vel
3127 1052 3157 1091 a
3188 1034 3493 1106 primordio

1907 1145 2008 1199 par
2030 1138 2125 1183 aut
2150 1130 2333 1183 simile
2364 1128 2674 1199 exetuplum
2717 1130 2948 1198 reperiri
2979 1138 3165 1199 queat.
3194 1128 3310 1183 l-loe
3370 1141 3493 1181 ora-

1909 1218 2074 1273 tionis
2133 1218 2257 1272 loco
2321 1232 2501 1287 neque
2558 1232 2750 1272 omnes
2796 1226 2919 1272 tuas
2960 1218 3153 1273 laudes
3183 1232 3489 1273 recensere:

1907 1327 2087 1381 neque
2113 1311 2328 1380 aliquas
2379 1309 2663 1380 praaterire
2713 1309 2894 1365 audeo
2931 1310 3284 1366 evidentibus
3309 1312 3495 1381 gravi-

1910 1404 2126 1474 busque
2162 1404 2229 1458 de
2282 1403 2483 1458 causis.
2534 1403 2669 1458 Nam
2704 1411 2762 1459 et
2821 1402 3025 1472 ingenii
3065 1401 3415 1456 imbecillitas
3438 1409 3495 1455 et

1909 1492 2082 1546 debiti
2125 1492 2449 1562 magnitudo
2486 1490 2730 1546 animum
2762 1505 2944 1545 meum
2970 1488 3190 1542 diverse
3224 1488 3449 1541 trahunt
3477 1504 3490 1540 :

1908 1594 1968 1639 ut
1998 1584 2304 1654 periculum
2356 1585 2617 1653 utrinque
2679 1583 2896 1638 caventi
2933 1581 3067 1636 mihi
3117 1590 3174 1635 et
3199 1590 3493 1647 utrumque

1907 1677 1980 1732 sit
2009 1678 2342 1738 conandum,
2377 1686 2434 1731 et
2460 1686 2742 1741 neutrum,
2786 1674 3053 1729 ambobus
3100 1673 3243 1726 inter
3274 1686 3332 1726 se
3357 1685 3493 1725 con-

1906 1768 2227 1839 jungendis.
2271 1768 2329 1821 Si
2373 1767 2521 1821 enim
2577 1768 2615 1821 ii
2654 1781 2867 1830 omnes,
2902 1765 3102 1834 quibus
3153 1763 3363 1818 illustre
3392 1774 3493 1814 no-

1912 1851 2197 1914 men‘olim
2246 1859 2490 1913 eruditio
2530 1860 2764 1928 peperit,
2807 1857 3086 1915 adessent.
3144 1870 3246 1910 nec
3305 1866 3489 1910 tamen

1909 1962 2235 2023 argumento
2259 1952 2579 2007 satisfacere
2607 1957 2876 2020 possent:
2904 1957 2960 2005 et
2983 1948 3174 2003 eadem
3195 1956 3276 2001 est
3300 1961 3490 2000 eorum

1909 2046 2077 2101 etiam
2115 2045 2376 2114 quinuuc
2416 2045 2607 2097 vivunt
2637 2042 2881 2097 conditio
2916 2060 2929 2095 :
2961 2038 3091 2111 quid
3128 2038 3263 2092 mihi
3298 2045 3490 2099 restat,

1910 2136 2019 2191 nisi
2060 2145 2120 2191 ut
2170 2135 2404 2190 maxima
2455 2145 2609 2203 parte
2652 2134 2855 2188 omissa
2917 2130 3150 2200 paucula
3195 2127 3489 2197 explicem,

1909 2245 2032 2299 quae
2079 2229 2199 2283 sine
2240 2227 2486 2297 periculo
2534 2235 2772 2279 tractare
2821 2223 3063 2293 possim?
3114 2237 3182 2275 ne
3221 2220 3385 2279 forte,
3430 2225 3493 2270 ut

1914 2319 2329 2390 Olympicorum
2388 2309 2752 2371 certaminum
2808 2314 3006 2379 rudes,
3058 2323 3274 2381 meapte
3334 2310 3493 2377 culpa

1910 2410 2205 2480 suscipiam
2245 2408 2502 2463 dedecus.
2551 2408 2631 2461 Ac
2668 2402 2897 2461 omnino
2944 2418 3265 2475 persuasum
3292 2400 3495 2463 habeo,

1913 2501 2053 2556 nihil
2106 2500 2354 2555 omnium
2392 2515 2552 2569 aeque
2600 2513 2665 2554 ac
2696 2497 3001 2568 periculum
3041 2499 3146 2552 hoc
3190 2493 3495 2551 cavendum

1913 2610 2036 2652 esse
2059 2594 2217 2661 mihi,
2247 2603 2305 2650 et
2333 2593 2509 2648 nihilo
2536 2594 2718 2648 minus
2751 2607 2915 2663 quam
2942 2591 2986 2645 si
3026 2590 3225 2652 infans,
3251 2588 3497 2643 nondum

1914 2689 1986 2744 ab
2037 2688 2206 2743 ubere
2244 2699 2511 2755 remotus,
2557 2702 2699 2756 pane
2748 2686 2895 2740 vesci
2937 2684 3141 2754 cupiat.
3188 2682 3321 2738 Nam
3358 2682 3404 2737 si
3441 2681 3494 2736 id

1919 2778 2096 2843 fieret,
2120 2787 2272 2834 esset
2297 2779 2486 2847 utique
2513 2777 2734 2832 dolendi
2766 2777 2941 2831 locus.
2979 2775 3096 2831 Etsi
3128 2786 3310 2829 autem
3331 2788 3498 2828 cona-

1920 2881 2010 2927 tus
2040 2881 2127 2927 est
2154 2871 2381 2936 arduus,
2421 2878 2600 2924 tamen
2629 2869 2828 2923 decere
2866 2868 3107 2922 arbitror
3152 2882 3260 2921 non
3294 2866 3478 2920 minus

1918 2944 2089 3032 quam.
2113 2962 2161 3016 si
2210 2961 2269 3016 in
2323 2960 2628 3016 sacrarium
2687 2958 2867 3014 omnis
2912 2959 3133 3029 generis
3171 2958 3503 3028 imaginibus

1918 3062 2245 3109 exornatum
2280 3052 2602 3124 ingrederer
2650 3053 2767 3108 :ita
2799 3051 2963 3122 330
2995 3052 3163 3105 etiam
3202 3050 3500 3115 imperato-

1846 3181 1888 3240 α
1924 3145 2004 3200 ris
2030 3145 2223 3200 laudes
2250 3159 2539 3216 aggressus
2560 3154 2757 3200 caetera
2785 3145 2909 3198 aliis
2935 3141 3312 3204 concedenda,
3340 3141 3504 3194 unius

1922 3252 2056 3292 vero
2096 3248 2264 3308 atque
2322 3238 2555 3293 alterius
2622 3239 2958 3293 mentionem
3014 3252 3137 3292 esse
3170 3233 3500 3291 faciendam.

1918 3330 2057 3387 Nam
2092 3332 2278 3402 plures
2308 3332 2578 3399 attingere
2609 3330 2977 3398 periculosum
3011 3328 3198 3383 fuerit.
3226 3327 3327 3394 Qui
3353 3326 3502 3382 enim

1924 3424 2085 3479 binas
2106 3423 2395 3477 absolvere
2423 3421 2714 3475 ditliculter
2741 3429 2929 3490 queat,
2962 3419 3093 3489 quid
3122 3419 3376 3488 pluribus
3406 3433 3503 3471 ac-

1922 3511 2072 3567 cidet
2092 3511 2395 3580 occupato?
2447 3510 2634 3578 Itaque
2671 3509 2765 3562 alii
2814 3508 2921 3563 alia
2952 3515 3431 3562 commemorent:
3472 3521 3504 3559 a

1925 3619 2012 3658 me
2040 3618 2173 3657 vero
2205 3615 2262 3657 et
2296 3603 2502 3671 ingenii
2535 3601 2854 3673 magnitudo
2897 3609 2955 3656 et
2998 3599 3215 3654 dicendi
3256 3599 3336 3652 vis
3356 3598 3504 3652 cele-

1923 3695 2136 3756 bretur,
2163 3709 2302 3763 quas
2326 3704 2381 3747 et
2421 3694 2538 3762 ipse
2583 3693 2962 3762 experimento
2984 3691 3243 3761 cognovi,
3303 3703 3360 3745 et
3386 3690 3503 3755 alii,

1922 3800 2157 3856 quorum
2212 3785 2611 3841 consuetudine
2663 3795 2828 3849 utor,
2887 3784 3133 3854 quotidie
3180 3782 3502 3853 praedicant,

1924 3878 2145 3932 nemine
2198 3893 2308 3932 non
2353 3878 2700 3939 admirante;
2728 3892 2905 3947 neque
2945 3892 3046 3947 ego
3078 3891 3316 3945 unquam
3356 3885 3508 3930 com-
3608 3880 3611 3881 '

1934 3980 2208 4030 memoro,
2234 3966 2366 4036 quin
2399 3966 2642 4020 admirer
2688 3975 2746 4021 et
2773 3966 3069 4035 ambigam,
3101 3974 3282 4018 utrum
3311 3980 3503 4019 eorum

1925 4058 2101 4129 magis
2155 4059 2384 4114 laudare
2434 4058 2685 4121 debeam,
2733 4072 2857 4113 cum
2899 4056 3132 4111 subinde
3159 4057 3312 4126 plura
3341 4071 3504 4125 quam

1925 4152 2069 4206 dicta
2115 4150 2359 4213 fuerunt,
2419 4149 2652 4205 dicenda
2710 4159 3026 4204 occurrant.
3080 4148 3160 4202 Ad
3211 4164 3298 4203 me
3329 4149 3506 4217 ipsum

1925 4258 2056 4314 ergo
2089 4242 2277 4305 redeo,
2316 4256 2425 4295 non
2456 4256 2613 4295 secus
2642 4255 2707 4294 ac
2735 4240 2770 4293 ii
2802 4241 2896 4307 qui
2928 4239 3156 4295 laevibus
3180 4240 3509 4309 corporibus

1926 4333 2088 4388 inniti
2120 4334 2367 4397 student,
2424 4325 2789 4388 labascent‘es.
2845 4332 2982 4386 Nam
3030 4347 3177 4386 nunc
3208 4332 3430 4401 quidem
3462 4333 3509 4386 si

1925 4427 2140 4491 liceret,
2178 4445 2285 4482 non
2320 4429 2717 4482 committerem
2765 4428 2899 4497 quin
2938 4436 3096 4482 terra:
3132 4429 3302 4482 solem
3346 4439 3396 4482 te
3426 4427 3511 4481 di-

254 4544 306 4578 τε
333 4526 513 4589 ἄλλοις
542 4522 827 4596 χρώμενος
858 4520 945 4573 ἀεὶ
972 4518 1062 4571 διὰ
1090 4515 1338 4584 γλώττης
1388 4513 1582 4581 ἄγουσι
1612 4514 1703 4564 καὶ
1730 4513 1816 4563 οὐ-

1925 4533 2128 4584 cerem,
2186 4521 2503 4589 imperator.
2558 4519 2624 4574 Ut
2671 4521 2818 4574 enim
2866 4537 3059 4576 onmes
3095 4520 3237 4574 lucis
3265 4521 3508 4575 thesauri

255 4618 354 4672 δέοι
383 4619 459 4689 μὴ
493 4615 896 4684 θαυμάζουσιν,
959 4613 1060 4663 οὐκ
1121 4607 1235 4661 ἔσθ’
1266 4609 1355 4661 ὅτε
1407 4606 1698 4676 μέμνημαι
1730 4603 1825 4655 καὶ

256 4710 423 4776 αὐτὸς,
459 4709 538 4780 μὴ
561 4704 920 4778 ᾁσχολοῦντός
943 4719 1048 4771 μου
1077 4701 1167 4754 τὸν
1199 4700 1323 4752 νοῦν
1351 4698 1444 4750 τοῦ
1472 4698 1652 4752 αὐτῶν
1691 4695 1826 4747 θαύ-

264 4818 412 4870 ματος
445 4801 543 4859 καὶ
572 4798 802 4867 ἀπορεῖν
834 4794 1138 4854 ποιοῦντος.
1172 4793 1400 4859 πότερον
1431 4790 1697 4859 πρότερον
1728 4789 1826 4839 καὶ

264 4892 449 4958 μᾶλλον
480 4889 768 4957 ἐπαινοίην
802 4887 1087 4955 ἑκατέρων
1109 4899 1122 4914 ⁸
1157 4885 1251 4935 καὶ
1278 4884 1364 4935 ἀεὶ
1386 4880 1698 4968 περαιτέρω
1731 4875 1826 4928 τοῦ

258 4981 403 5050 λόγου
427 4981 725 5053 δηλοῦσθαι
752 4979 1023 5051 εὑρίσκων
1060 4974 1366 5047 μεταχωρῶ
1420 4971 1555 5041 πρὸς
1587 4968 1827 5039 ἐμαυτὸν

258 5074 640 5138 διολισθαὶνων,
691 5074 946 5142 καθάπερ
977 5072 1027 5123 οἱ
1051 5070 1271 5137 σώμασι
1301 5066 1465 5128 λείοις
1515 5065 1611 5124 τὰς
1637 5065 1826 5133 χεῖρας

259 5168 475 5235 ἐρείδειν
529 5165 949 5229 σπουδάζοντες.
992 5163 1081 5224 Ὠς
1115 5160 1209 5213 νῦν
1236 5177 1321 5228 γε,
1359 5160 1519 5226 εἰπερ
1553 5154 1680 5224 ἐξῆν
1715 5171 1825 5221 μοι,

260 5258 501 5327 οὐδαμῶς
533 5259 601 5311 ἂν
627 5256 868 5326 ὑφιὲμην
900 5254 976 5326 μὴ
1011 5254 1201 5308 καλεῖν
1228 5269 1289 5304 σε
1326 5252 1429 5322 γῆς
1456 5251 1630 5322 ἥλιον,
1665 5244 1709 5302 ὦ
1734 5247 1829 5317 βλ-

263 5347 424 5409 σιλεῡ.
475 5349 562 5408 Ὠς
585 5334 697 5418 γὰρ
720 5348 923 5411 πάντες
980 5346 1157 5417 φωτὸς
1191 5346 1460 5414 θησαυροὶ
1510 5342 1588 5411 τῷ
1619 5341 1830 5411 ήλιακῷ

260 5440 593 5511 ξυνελθόντες
614 5441 787 5510 δίσκῳ
818 5442 987 5494 πᾶσιν
1021 5438 1234 5494 ἐκεῖθεν
1284 5438 1475 5506 ὥσπερ
1531 5438 1594 5489 ὲκ
1645 5434 1827 5487 κτινοὖ

262 5532 580 5598 πρυτανείου
613 5532 713 5593 τὰς
743 5531 1002 5601 ἀφορμὰς
1044 5528 1252 5582 διδόασι
1284 5527 1378 5580 τοῦ
1409 5527 1652 5596 βλέπειν,
1690 5524 1831 5577 οὕτω

260 5619 450 5690 ὂὴκὰν
507 5625 589 5676 σοὶ
638 5624 794 5677 πᾶσα
846 5623 1112 5693 φρόνησις
1170 5619 1554 5692 συνδραμοῦσα
1604 5619 1830 5687 φέρεται

264 5709 441 5784 ὥσπερ
466 5713 524 5779 ἐξ
553 5713 785 5785 οὐρανοῦ
842 5715 1153 5785 πανταχόσε
1185 5714 1284 5781 τῆς
1315 5712 1438 5781 γῆς,
1467 5711 1722 5780 ἀφορμὰς
1752 5710 1832 5763 δε·-

267 5804 426 5859 δοῦαα
472 5809 601 5861 πᾶσι
657 5808 749 5871 τοῦ
777 5807 1084 5879 θαυμάζειν
1112 5824 1123 5839 ’
1178 5808 1271 5860 καὶ
1322 5806 1512 5876 ὥσπερ
1543 5806 1644 5857 οὐκ
1683 5802 1831 5865 ἔστιν

1932 4628 2038 4666 una
2076 4628 2200 4666 cum
2228 4613 2391 4667 solari
2423 4613 2555 4667 orbe
2603 4612 2943 4682 prodeuntes
2994 4613 3251 4666 omnibus
3286 4624 3508 4665 usuram

1926 4705 2069 4759 lucis
2098 4704 2425 4772 impertiunt
2457 4721 2469 4755 :
2507 4705 2579 4758 ita
2630 4705 2794 4758 etiam
2831 4705 2885 4757 in
2934 4713 2984 4758 te
3019 4705 3198 4757 omnis
3231 4703 3513 4770 sapientiae

1927 4812 2232 4852 concursus
2262 4797 2414 4851 velut
2447 4812 2483 4850 e
2505 4798 2649 4851 cmlo
2685 4796 2736 4850 in
2766 4812 2959 4850 omnes
2988 4807 3161 4849 terras
3184 4795 3381 4858 fertur,
3411 4795 3476 4845 ait
3503 4820 3513 4832 -

1932 4889 2166 4943 mirandi
2216 4890 2293 4942 tui
2336 4904 2530 4943 causas
2580 4890 2992 4960 suppeditans:
3041 4899 3098 4942 et
3132 4898 3190 4943 ut
3246 4902 3404 4941 nemo
3429 4897 3513 4942 est

1930 4981 2199 5044 omnium,
2233 4981 2325 5050 qui
2367 4982 2496 5035 solis
2532 4982 2712 5035 radios
2741 4997 2847 5034 non
2880 4982 3175 5050 aspexerit,
3218 4979 3319 5033 nisi
3349 4994 3510 5047 quem
3542 5020 3554 5025 -

1930 5072 2008 5126 sol
2032 5072 2334 5126 Inruinibus
2360 5072 2612 5125 orbatum
2641 5073 2916 5142 aspexerit
2945 5090 2957 5125 :
2996 5072 3067 5125 ita
3110 5088 3269 5125 nemo
3296 5079 3381 5125 est
3420 5085 3515 5124 nc—

1930 5179 2037 5231 que
2076 5164 2201 5227 erit,
2233 5164 2419 5232 quide
2455 5173 2543 5215 tua
2594 5165 2860 5232 sapientia
2920 5164 3055 5218 nillil
3103 5162 3359 5220 audierit.
3407 5162 3511 5215 nisi

1930 5255 2186 5309 audiendi
2237 5271 2397 5310 sensu
2449 5255 2764 5309 destitutus.
2800 5255 2911 5311 llac
2952 5271 3085 5321 ergo
3139 5255 3349 5308 ratione
3385 5254 3427 5309 si
3462 5265 3513 5308 te

1931 5347 2101 5400 soloin
2132 5356 2292 5401 terra:
2331 5348 2633 5416 appellaro,
2675 5363 2782 5401 non
2816 5349 2999 5417 inepte
3026 5349 3076 5401 id
3107 5349 3349 5402 faeiurus
3380 5348 3510 5401 mihi

1933 5439 2124 5492 videor
2156 5457 2168 5491 :
2205 5450 2257 5493 et
2304 5440 2348 5493 si
2400 5441 2526 5510 quis
2573 5440 2779 5509 aliquid
2831 5442 3006 5509 majus
3037 5440 3260 5504 dixerit,
3296 5457 3381 5495 uie
3414 5440 3517 5493 mi-

1932 5530 2079 5585 nime
2114 5530 2421 5599 refragante
2464 5532 2630 5587 dicet.
2667 5531 2985 5586 leestium
3028 5531 3174 5584 enim
3207 5532 3364 5601 331
3392 5547 3513 5584 cor-

1936 5634 2130 5689 porum
2182 5620 2326 5673 idem
2373 5631 2636 5690 perpetuo
2694 5628 2871 5673 status
2925 5619 3346 5672 admirationem
3380 5636 3517 5673 uou-

1936 5712 2072 5766 niliil
2100 5711 2377 5766 imminuit
2407 5731 2419 5766 :
2453 5713 2700 5766 omnium
2736 5727 2865 5766 vero
2905 5727 3086 5763 rerum
3125 5718 3512 5770 humanarum.

1937 5819 2167 5873 quarunt
2223 5805 2501 5859 nonnullis
2555 5805 2644 5856 alii
2697 5803 2818 5857 aliis
2853 5804 3209 5865 antecellunt,
3236 5817 3357 5855 cum
3390 5818 3515 5869 pcr-
