4010 6208
512 284 617 349 515
758 279 835 351 [Α.
878 296 937 335 ιι.
978 277 1109 334 6791
1157 293 1222 332 an
1266 278 1428 350 6836]

1708 281 2127 345 NlCEPllOlil
2171 279 2558 344 GliEGORzE

3644 269 3746 333 56

2859 274 2993 345 [um
3038 283 3322 326 λαυιιοκςε.
3356 267 3500 338 sua]

501 401 664 472 335
725 398 1044 469 eloquentia
1103 406 1194 452 tua
1246 396 1319 451 ita
1372 396 1705 460 instruxisti,
1742 407 1800 451 ut
1833 399 2083 467 quamvis

2193 400 2294 451 τῶν
2337 397 2677 466 πραγμάτων
2706 395 3019 461 ἀπάγοντας
3040 407 3052 420 ·
3085 391 3194 443 εἴτε
3221 388 3295 458 μὴ
3324 389 3421 457 οὐχ
3455 387 3748 456 ίκανούσης

503 494 892 556 Academiam,
948 490 1181 560 quodvis
1241 489 1503 559 Lyceum,
1564 491 1815 559 quamvis
1886 488 2072 545 Stoam

501 585 711 647 vincat,
743 582 889 650 quod
937 581 1113 636 multo
1144 581 1357 648 aequius
1401 580 1584 635 omnis
1620 581 1952 635 eruditionis
1979 580 2079 635 do-

505 675 769 730 micilium
799 673 1184 742 appellaretur.
1205 671 1376 724 Nemo
1402 670 1549 726 enim
1587 681 1693 735 est,
1716 672 1811 741 qui
1837 680 1931 726 tua
1952 686 2080 726 sua-

505 766 731 822 vissima
761 780 893 820 voce
926 763 1135 824 audita,
1173 772 1269 817 aut
1313 763 1468 817 vultu
1505 772 1718 818 tantum
1748 774 2075 830 conspecto,

502 875 612 914 non
640 856 938 912 maximum
965 854 1091 909 inde
1109 854 1345 909 fructum
1372 854 1436 907 ad
1458 852 1773 908 formandos
1792 869 1994 916 mores,
2015 853 2082 907 ad

512 953 911 1005 incrementum
950 947 1236 1011 doctrinae,
1276 945 1342 1000 ad
1399 946 1725 1015 eloquentia:
1757 945 1969 1014 copiam
2028 947 2084 999 et

506 1040 812 1094 disserendi
833 1053 1060 1093 acumen
1074 1039 1297 1103 ceperit.
1319 1037 1440 1091 liter:
1465 1035 1631 1106 igitur
1649 1045 1705 1089 et
1721 1037 1771 1090 id
1789 1050 1961 1106 genus
1979 1035 2085 1088 alia

506 1146 538 1185 e
562 1130 677 1187 solo
695 1145 989 1199 congressu
1016 1139 1111 1183 tuo
1147 1129 1514 1183 emolumenta
1533 1126 1666 1181 nulli
1687 1134 1837 1189 sunt,
1856 1127 1950 1196 qui
1976 1142 2087 1181 non

507 1220 885 1288 perceperint:
932 1220 1026 1288 qui
1068 1234 1196 1273 vero
1219 1227 1602 1287 perceperunt,
1654 1232 1846 1271 omnes
1895 1216 2086 1286 optimi

509 1318 826 1366 evaserunt.
854 1308 1127 1364 Fortassis
1163 1310 1329 1362 etiam
1379 1316 1511 1361 sunt
1544 1308 1703 1362 bonis
1749 1308 1970 1377 quidam
2002 1309 2090 1361 in-

511 1402 694 1472 geniis
745 1400 983 1471 praediti,
1037 1401 1179 1468 apud
1228 1415 1392 1469 quos,
1443 1409 1496 1453 te
1546 1399 1844 1468 aspirante,
1870 1399 2092 1468 elegans

511 1490 878 1547 institutionis
923 1491 1157 1561 egregia:
1198 1492 1339 1545 fetus
1374 1500 1660 1560 appareat;
1697 1498 1757 1543 ut
1781 1489 1970 1562 cycnis
1996 1504 2090 1544 ac-

511 1583 669 1647 cidit,
723 1583 815 1651 qui
875 1583 1151 1637 matutino
1206 1582 1445 1652 zephyro
1498 1582 1776 1652 aspirante
1834 1582 2091 1651 praeclare

514 1682 742 1730 canunt.
771 1673 876 1741 Qui
918 1690 1110 1729 omnes
1164 1675 1325 1743 longe
1376 1674 1546 1744 magis
1580 1688 1648 1728 eo
1681 1673 2009 1743 gloriantur,
2042 1672 2089 1727 si

514 1765 639 1834 quis
665 1766 800 1820 scite
834 1767 977 1821 dicta
1008 1766 1105 1820 abs
1132 1776 1183 1819 te
1217 1764 1441 1824 referat,
1466 1736 1644 1833 quam
1675 1764 2008 1825 Homeridae,
2041 1764 2085 1817 si
2123 1736 2164 1793 Β

515 1854 834 1910 Homericas
874 1856 1179 1910 sententias
1215 1856 1512 1910 audierint.
1561 1853 1814 1909 Suavitas
1858 1854 2103 1924 insignis»

516 1949 774 2002 Sirenum
799 1949 952 2003 vocis
1003 1949 1132 2001 olim
1168 1962 1501 2017 magnopere
1530 1947 1805 2002 celebrata
1852 1956 1957 2001 est.
1985 1946 2092 2000 Sed

514 2054 580 2090 ea
611 2054 717 2091 non
746 2039 865 2093 sine
896 2053 1084 2104 magna
1114 2037 1423 2091 calamitate
1453 2046 1617 2104 atque
1656 2037 1881 2090 interitu
1912 2036 2090 2090 audiri

516 2129 698 2199 potuit
727 2145 742 2182 :
772 2143 874 2183 nec
904 2129 998 2182 ulli
1032 2137 1353 2181 manserunt
1411 2128 1738 2189 incolumes,
1774 2129 1881 2183 nisi
1927 2142 2093 2184 aures

515 2234 641 2274 cera
676 2219 1020 2273 ohturassent
1052 2219 1270 2287 sibique
1296 2218 1554 2273 audiendi
1598 2234 1819 2274 sensum
1858 2220 2109 2276 ademis-'

519 2319 658 2381 sent.
692 2309 768 2363 Te
799 2325 928 2364 vero
951 2309 1311 2363 concionante
1340 2318 1551 2363 tantum
1578 2309 1735 2364 abest
1769 2324 1932 2363 aures
1965 2324 2088 2364 cera

519 2413 582 2457 ut
613 2401 896 2465 obturent,
926 2409 984 2454 ut
1022 2402 1213 2454 mortis
1258 2400 1432 2455 instar
1470 2401 1694 2467 ducant,
1728 2401 1873 2470 quod
1897 2414 2091 2456 natura

519 2508 615 2548 eos
644 2508 753 2546 non
792 2492 860 2546 ab
895 2491 1042 2545 omni
1075 2500 1229 2561 parte
1272 2493 1480 2547 auritos
1510 2492 1728 2557 fecerit,
1755 2493 1898 2549 sicut
1929 2495 2090 2548 fabu-

520 2583 587 2636 lae
617 2584 879 2652 quosdam
909 2581 1098 2650 plenos
1129 2582 1415 2636 oculorum
1449 2582 1622 2638 fuisse
1664 2583 1908 2639 tradunt.
1944 2584 2093 2651 Quos

520 2674 669 2729 enim
714 2670 1109 2729 Demosuhenes
1166 2675 1494 2730 coneionum
1546 2675 1782 2730 artiﬁcio
1816 2680 1947 2731 etvi
1982 2694 2090 2732 non

519 2765 791 2834 superasti
826 2764 1010 2834 ?quos
1036 2780 1144 2818 non
1184 2764 1436 2819 Platones
1490 2764 1692 2834 ingenii
1723 2765 2094 2833 magnitudine

519 2852 867 2923 etgravitate
897 2853 1122 2909 vicisti?
1159 2854 1308 2919 Quos
1339 2869 1471 2909 vero
1517 2870 1627 2908 non
1669 2854 1744 2908 ita
1775 2855 1870 2908 tibi
1897 2854 2089 2909 devin—

518 2946 667 3007 xisti,
699 2942 862 3014 336
888 2956 949 2998 ut
984 2945 1154 3014 magis
1189 2954 1243 2999 te
1286 2946 1575 3009 mirentur,
1608 2961 1770 3014 quam
1797 2946 1975 3000 Attica
2001 2946 2089 3000 illa

518 3034 650 3087 aetas
699 3024 1263 3103 Socratem‘i‘quippe
1306 3034 1401 3104 qui
1462 3036 1781 3088 concionem
1821 3043 1982 3088 'tuam
2035 3044 2092 3090 et

518 3121 890 3192 persuadendi
936 3126 987 3179 vi
1042 3136 1098 3179 et
1142 3125 1482 3196 voluptatum
1508 3124 1782 3181 illecebris
1810 3125 2089 3182 conditam

518 3229 643 3268 esse
702 3215 1082 3284 perspiciam,
1165 3216 1332 3271 sicuti
1383 3218 1496 3286 agri
1571 3215 1836 3272 varietate
1892 3216 2092 3271 ﬂorum

518 3317 877 3362 exornantur.
930 3307 1115 3377 Usque
1142 3308 1279 3363 adeo
1318 3312 1443 3363 ‘tute
1492 3308 1765 3380 Calliopes
1817 3320 2093 3366 amatores
2163 3307 2165 3311 ¹

514 3412 716 3450 omnes
772 3397 958 3451 reddis
1010 3405 1066 3451 et
1108 3398 1432 3453 mirabiliter
1482 3397 1752 3455 incendis.
1789 3398 1973 3464 Quare
2040 3410 2095 3454 te

523 3484 831 3540 Solomonis
885 3500 1008 3541 esse
1049 3486 1303 3553 similem,
1360 3502 1519 3542 nemo
1570 3496 1656 3542 est
1707 3488 1802 3558 qui
1849 3488 2093 3553 dubitet;

522 3577 775 3647 superari
833 3588 1014 3632 autem
1061 3579 1130 3632 ab
1184 3578 1298 3642 illo,
1343 3594 1505 3633 nemo
1542 3585 1879 3646 .contendat.
1904 3580 2097 3650 Neque

521 3670 665 3721 enim
701 3667 810 3721 dici
846 3676 1045 3737 potest.
1072 3667 1183 3722 illic
1224 3670 1392 3722 multa
1426 3678 1723 3739 suppetere
1756 3669 2092 3735 testimonia,

523 3760 616 3814 hic
655 3775 788 3813 vero
825 3774 998 3828 pauca
1045 3776 1059 3812 :
1105 3769 1201 3813 aut
1248 3760 1473 3815 totidem
1503 3761 1748 3830 quidem,
1775 3778 1886 3816 non
1911 3771 2095 3817 autem

525 3852 652 3907 talia
690 3870 702 3904 :
728 3852 824 3905 sed
850 3861 1042 3905 contra
1091 3852 1296 3921 potius.
1335 3853 1469 3907 Nam
1500 3853 1590 3923 qui
1619 3853 1773 3908 illum
1803 3854 2096 3920 mirantur,

526 3941 595 3995 iis
645 3958 753 3997 non
805 3942 953 3996 aliud
996 3944 1257 4013 competit
1299 3944 1692 4011 testimonium,
1741 3946 1847 4001 nisi
1900 3947 2100 4018 regina:

522 4033 705 4089 Austri
765 4034 821 4087 in
881 4033 1221 4089 Palaestinam
1281 4036 1553 4106 profectae.
1579 4038 1682 4103 Qui
1712 4054 1842 4093 vero
1881 4048 2099 4096 tuarum

527 4139 710 4178 rerum
761 4127 1093 4181 mentionem
1150 4128 1382 4192 faciunt,
1430 4129 1481 4181 hi
1527 4129 1594 4183 ad
1622 4130 1891 4185 mendacii
1923 4134 2103 4202 διιερί-

525 4216 739 4268 cionetn
769 4216 1088 4271 abolendam
1128 4227 1182 4271 et
1228 4217 1632 4289 Septentrionis
1670 4229 1724 4275 et
1773 4223 1961 4276 Austri
1995 4240 2101 4277 una

525 4319 652 4358 cum
685 4307 899 4361 caeteris
925 4316 1083 4361 terrae
1121 4309 1320 4387 liuibus
1349 4311 1661 4365 testimonia
1689 4311 1935 4381 proferre
1960 4315 2095 4370 mihi

2178 490 2286 542 τῶν
2317 489 2438 542 τότε
2467 487 2773 557 ἀνθρώπων
2805 486 2900 552 τῆς
2931 482 3143 551 φύσεω,
3168 501 3182 514 ·
3222 481 3331 532 εἴτε
3359 480 3453 531 καὶ
3475 479 3753 549 αὑτοῖςιδὴ

2178 584 2287 639 τοῖς
2335 580 2587 647 ποιηταῖς
2630 577 2787 640 δόξαν
2840 569 3101 642 ἐπίτηδες
3152 573 3326 624 ποιεῖν
3386 569 3754 638 περιφανείας

2180 670 2365 721 εἵνεκα
2405 666 2699 729 πλ-ίονος.¹
2735 666 2822 726 Ὠς
2846 665 2955 734 γὰρ
3002 664 3201 733 ἥκιστα
3234 659 3403 730 μείζω
3435 659 3469 729 ἢ
3501 658 3631 712 ὥστ’
3661 660 3758 712 ἀν-

2181 759 2400 829 θρώπου
2433 757 2591 827 φύσει
2616 756 2840 826 χωρητά
2869 751 3030 819 εἶναι,
3063 755 3238 806 ὁπόσα
3267 753 3401 820 πρδς
3435 749 3620 817 θαῦμα
3646 752 3746 802 καὶ

2186 850 2387 920 μύθους
2445 850 2642 902 ἐκείνοι
2699 846 3041 917 ἀπήνεγκαν,
3074 840 3283 905 ἔδειξας
3316 842 3379 892 σὺ
3418 840 3506 892 διά
3538 839 3759 892 πάντων

2184 944 2404 1007 ἐλάσας.
2434 944 2705 1012 Πρότερον
2736 942 2781 994 δ’
2828 939 2993 1006 ἔγωγ’
3027 935 3244 990 ἀκούων
3282 931 3623 1002 Ἀκαδημίαν
3656 929 3759 983 καὶ

2183 1036 2412 1088 Λύκειον
2440 1036 2534 1087 καὶ
2581 1033 2751 1086 Στοὰν
2787 1031 2928 1100 μέγα
2957 1046 3008 1082 τι
3040 1027 3192 1079 ταῦτ’
3233 1025 3421 1097 ᾠόμην
3464 1021 3605 1075 εἶναι
3658 1023 3757 1073 καὶ

2185 1129 2294 1180 πᾶν
2321 1126 2350 1180 ὃ
2384 1143 2439 1179 τι
2496 1124 2785 1179 κάλλιστον
2815 1124 2909 1176 καὶ
2964 1119 3334 1189 ὑπερήφανον,
3360 1116 3447 1168 διὰ
3495 1115 3754 1168 Πλάτωια

2185 1218 2315 1286 γοῦν
2343 1218 2437 1269 καί
2467 1214 2761 1282 Σωκράτην
2789 1211 2885 1273 καὶ
2916 1210 3168 1279 Ζήνωνα,
3205 1210 3298 1259 καὶ
3333 1206 3449 1257 ὅσοι
3504 1203 3751 1268 διάτορον

2187 1312 2244 1362 ὲν
2277 1306 2571 1370 διαλέξεσιν
2602 1305 2887 1358 ἔπνευσαν.
2907 1301 3022 1355 Νῦν
3051 1301 3107 1353 δὲ
3139 1301 3322 1352 πᾶσαν
3361 1298 3461 1365 τὴν
3498 1295 3625 1362 περὶ
3652 1293 3754 1346 αὑ-

2186 1401 2294 1452 τῶν
2321 1398 2521 1451 εὑκλεᾶ
2550 1397 2707 1461 δόξαν
2738 1395 3119 1461 ἀπεύαλὸμην,
3151 1390 3341 1457 ὥσπερ
3381 1388 3432 1440 οί
3456 1386 3757 1455 διαγρηγο-

2195 1491 2459 1561 ρήσαντες
2487 1489 2558 1541 τὰ
2580 1489 2638 1540 ὲν
2666 1489 2778 1550 τοῖς
2812 1484 3000 1549 ὕπνοις
3026 1483 3282 1553 ὀνείρατα
3304 1498 3318 1512 °
3356 1480 3452 1534 καὶ
3478 1475 3661 1546 οἴομαί
3693 1491 3765 1542 γε

2189 1582 2415 1636 ἐκείνων
2470 1580 2656 1649 θαῦμα
2710 1581 2812 1632 οὑκ
2863 1578 2942 1631 ἔθ’
2995 1576 3299 1657 ὑπέρτερον
3346 1574 3380 1644 ἢ
3411 1571 3542 1625 ὥσθ’
3570 1571 3762 1639 ὅμοιον

2190 1676 2393 1743 εὑρεῖν,
2424 1672 2540 1726 ἀλλ’
2566 1669 2705 1726 εἶναι
2734 1672 2952 1742 μέτριον
2972 1670 3068 1722 καὶ
3107 1669 3266 1736 μόγις
3299 1667 3465 1736 μέγα,
3503 1660 3764 1716 τοσοῦτον

2193 1763 2278 1836 [Ρ.
2302 1762 2433 1834 206]
2476 1764 2719 1826 ἐκείνους
2765 1761 3031 1833 παριόντα
3076 1759 3218 1830 ὁρῶν
3249 1776 3336 1820 σε,
3370 1759 3492 1811 ὅσον
3515 1755 3628 1825 ἐγὼ
3665 1754 3763 1808 τοῦ

2193 1856 2455 1920 καταξίαν
2489 1853 2793 1924 θαυμάζειν
2846 1870 2906 1906 σε
2964 1852 3243 1921 λείπομαι.
3295 1849 3486 1903 Καίτοι
3518 1847 3661 1917 μέγα
3694 1845 3765 1899 ἀν

2191 1941 2280 2016 ἦν,
2306 1946 2355 1997 εί
2394 1945 2489 1998 καὶ⁵
2522 1943 2920 2013 παραπλησίως
2957 1944 3070 2004 τοῖς
3098 1938 3380 2010 ᾀδομένοις
3414 1933 3528 2005 εἶχε
3569 1934 3638 1986 τά
3670 1934 3766 1989 σά.

2193 2038 2264 2091 Σὺ
2293 2037 2353 2092 δὲ
2380 2035 2516 2089 ἀλλὰ
2540 2036 2635 2089 καὶ
2667 2032 2956 2104 ὑπερσχὼν
3001 2034 3190 2104 φαίνῃ,
3223 2031 3347 2082 ὅσον
3371 2029 3428 2080 ὲν
3455 2024 3766 2097 ῥαψῳδίαις

2191 2125 2299 2180 τῶν
2354 2125 2533 2180 ἄλλων
2582 2124 2842 2194 κηρύκων
2896 2121 2975 2192 τῷ
3028 2122 3371 2192 ὑπερφωνεῖν
3405 2119 3433 2169 ὁ
3490 2117 3769 2182 Στέντωρ.

2203 2217 2337 2270 Ἰδοὺ
2357 2216 2466 2286 γὰρ
2496 2215 2637 2287 ὑπὲρ
2662 2217 2842 2269 πᾶσαν
2888 2198 3227 2283 Ἀκαδημίαν
3256 2211 3352 2264 καὶ
3399 2208 3627 2264 Λύκειον
3666 2207 3770 2260 καὶ

2193 2309 2361 2363 Στοάν
2388 2311 2501 2371 σοῖς
2527 2308 2709 2376 λόγοις
2741 2306 3066 2375 ἀποφαίνεις
3116 2305 3187 2358 τὰ
3212 2304 3279 2357 σὰ
3309 2302 3577 2374 βασίλεια,
3616 2318 3767 2370 πρυο

2190 2403 2402 2454 τανεῖον
2424 2401 2770 2470 παντοδαπῆς
2792 2398 3038 2460 παιδείας
3066 2398 3302 2475 φαίηστις
3331 2397 3395 2451 ἂν
3416 2396 3640 2455 οἱκειότε
3651 2411 3767 2465 ρον.

2192 2490 2348 2546 Εἶναι
2384 2495 2491 2563 γὰρ
2525 2494 2619 2544 καὶ
2643 2492 2869 2561 μηδένα,
2891 2493 3073 2543 ὅντινα
3101 2491 3199 2560 τῆς
3227 2489 3324 2560 σῆς
3347 2487 3763 2573 ἀπολελαυκότα

2193 2587 2396 2659 φωνῆς,
2436 2587 2469 2657 ἧ
2501 2586 2640 2652 δῆτα
2671 2580 2839 2653 μόνης
2895 2583 2992 2649 τῆς
3028 2583 3181 2646 θέας,
3233 2583 3308 2652 μὴ
3366 2584 3459 2636 καὶ
3497 2580 3771 2649 ὠφελείας

2193 2679 2290 2747 τῆς
2325 2678 2614 2747 μεγίστης,
2646 2677 2747 2729 ὃσα
2793 2693 2857 2744 γε
2902 2677 3038 2746 πρὸς
3065 2669 3230 2755 ἤθους
3265 2672 3471 2744 ῥυθμὸν
3502 2676 3597 2725 καὶ
3623 2672 3774 2741 γνὼ-

2196 2789 2333 2832 σεως
2367 2770 2559 2839 αὔξην,
2595 2770 2674 2822 ἐτι
2708 2770 2815 2838 μὴν
2852 2770 2990 2837 πρὸς
3037 2771 3099 2821 τὸ
3149 2768 3521 2835 ἐγκυμονῆσαι
3570 2766 3773 2833 λόγους

2194 2865 2287 2916 καὶ
2311 2862 2657 2927 διαλέξασθαι
2705 2842 3048 2932 ὲτῖιμότερον
3069 2878 3083 2892 °
3112 2864 3270 2917 ταυτὶ
3303 2863 3481 2915 τοίνυν
3537 2862 3631 2912 καὶ
3658 2861 3771 2913 ὅσα.

2193 2956 2555 3025 παραπλήσια
2582 2958 2647 3009 ὲκ
2678 2955 2847 3025 μόνης
2872 2955 2939 3022 γέ
2982 2972 3077 3007 σου
3127 2957 3226 3025 τῆς
3255 2956 3467 3024 ὁμιλίας
3491 2955 3593 3007 οὑκ
3622 2955 3773 3006 εἰσιν

2193 3047 2389 3110 οῐτινες
2422 3047 2524 3101 οὑκ
2560 3046 2876 3100 άπῶναντο’
2931 3048 2981 3100 οἳ
3017 3048 3061 3100 δ’
3091 3049 3400 3107 ἀπώναντο.
3435 3048 3631 3108 πάντες
3669 3047 3768 3117 ἄρ’

2193 3139 2352 3193 είσίν.
2387 3138 2545 3198 Ἴσως
2572 3139 2616 3191 δ’
2637 3142 2743 3192 εἰσὶ
2776 3140 2871 3192 καὶ
2899 3140 3029 3208 παρ’
3057 3136 3139 3203 οἷς
3165 3140 3373 3210 ἀγαθὴν
3400 3140 3629 3209 λαχοῦσι
3660 3142 3769 3209 τὴν

2194 3228 2378 3297 φύσιν,
2412 3228 2487 3291 ὡς
2539 3229 2606 3281 ἂν
2640 3229 2747 3281 ὑπὸ
2795 3229 3016 3300 ζεφύρῳ
3065 3230 3286 3298 πρωῖνῷ
3328 3230 3519 3283 κύκνοι
3570 3229 3776 3301 ᾀςειαν

2195 3320 2457 3390 ἐμμελὲς,
2514 3320 2588 3382 ῶς
2636 3320 2690 3372 δὲ
2742 3322 2854 3374 κάκ
2879 3322 2979 3386 τῆς
3008 3322 3105 3389 σῆς
3147 3322 3431 3385 ἐπιπνοίας
3464 3322 3709 3392 ἐμμελὴς
3736 3324 3776 3376 6

2195 3410 2354 3471 τόκος
2382 3411 2490 3464 τῶν
2534 3411 2738 3465 καλῶν
2794 3413 3166 3483 ἐξενήνεκται.
3233 3409 3327 3476 Οἷς
3375 3415 3439 3485 δὴ
3497 3417 3633 3469 πᾶσι
3668 3418 3772 3467 καὶ

2197 3501 2460 3570 κρείττων
2479 3501 2657 3570 πολλῷ
2688 3503 2970 3574 φιλοτιμία
3002 3503 3085 3564 τίς
3115 3505 3282 3567 ἐστιν,
3301 3505 3354 3557 εί
3376 3521 3456 3565 τις
3481 3504 3770 3571 ἀποροεγ-

2200 3593 2387 3662 μάτων
2412 3593 2523 3644 τῶν
2577 3594 2684 3645 σῶν
2719 3595 3281 3665 ἀπομνημονεύσειεν,
3320 3597 3488 3667 ἢτῶν
3527 3596 3767 3668 Ὀμηριο

2199 3683 2310 3735 κῶν
2351 3683 2692 3753 Ὁμηρίδαις.
2737 3683 3044 3755 Ἐξαίρετον
3076 3687 3267 3757 χρῆμα
3302 3686 3526 3754 ἡδονῶν,
3558 3689 3764 3741 ὁπόσαι

2197 3773 2265 3827 δι’
2294 3776 2462 3846 ἀκοῆς
2498 3777 2632 3846 πρὸς
2659 3776 2838 3848 ψυχὴν
2865 3779 3174 3845 ἀπανςῶσι,
3208 3782 3339 3846 φασὶ
3366 3779 3463 3841 τὰς
3502 3778 3770 3849 Σειρῆνας

2200 3869 2368 3923 πάλαι
2425 3872 2679 3937 γενέσθαι
2706 3887 2721 3901 ’
2761 3871 2822 3925 οὑ
2881 3870 2988 3941 μὴν
3024 3872 3408 3939 ἁταλαίπωρόν
3443 3888 3527 3940 γε,
3557 3874 3637 3925 ὅτι
3682 3874 3766 3944 μὴ

2201 3961 2430 4015 θανάτου
2485 3963 2815 4032 τιμώμενον.
2881 3965 2951 4016 Ἢ
2999 3965 3108 4032 γὰρ
3158 3964 3413 4018 τεθνάναι
3454 3962 3771 4018 ἀκούσαντα

2201 4054 2360 4108 πάνθ’
2390 4054 2631 4108 ὁντινοῦν
2661 4055 2790 4120 ἔδει,
2824 4056 2855 4125 ἢ
2891 4056 2966 4126 μὴ
2992 4056 3146 4126 κηρῷ
3167 4057 3237 4109 τὰ
3270 4052 3385 4110 ὦτα
3415 4058 3769 4126 φραξάμενον

2203 4145 2498 4199 κάντεῦθεν
2530 4146 2716 4213 κωφὸν
2741 4150 2849 4210 τοῖς
2874 4146 3098 4200 ἐκείνων
3131 4148 3318 4217 μέλεσι
3353 4149 3639 4216 μείναντα.
3657 4148 3768 4201 Σοῦ

2206 4237 2263 4289 δὲ
2288 4236 2733 4307 δημηγοροῦντος
2764 4238 2859 4308 οὑχ
2882 4239 3029 4301 ὅπως
3053 4241 3113 4291 ού
3146 4238 3304 4308 κηρῷ
3325 4239 3425 4302 τὰς
3442 4240 3612 4304 ἀκοὰς
3633 4241 3780 4292 ἀπο-

2208 4330 2466 4400 φράττειν
2519 4326 2834 4396 ἐθέλουσιν,
2898 4336 3014 4388 ἀλλ’
3087 4337 3478 4405 ἀντικειμένως
3537 4338 3775 4391 θάνατον

524 4409 684 4464 posse
705 4396 981 4451 videntur.
1020 4398 1288 4453 Czeternm
1325 4418 1450 4455 eum
1500 4404 1819 4474 Anaxagora
1867 4416 2091 4461 auctore

2197 4417 2477 4489 ἡγοῦνται,
2509 4421 2590 4472 ὅτι
2624 4422 2700 4490 μὴ
2723 4427 3033 4491 πανηκὸους
3054 4425 3227 4490 τινὰς,
3250 4427 3542 4494 ῶςείπείν,
3566 4429 3781 4483 ἀνέδει-

524 4503 682 4543 mens
715 4490 934 4559 sapiens
964 4492 1056 4557 sit,
1081 4508 1203 4561 quae
1248 4507 1444 4549 cuncta
1475 4496 1745 4566 gubernet
1767 4507 1824 4553 et
1852 4500 2095 4553 omnium

523 4593 686 4635 causa
739 4596 917 4635 rerum
958 4586 1238 4638 exsistat:
1296 4595 1351 4640 et
1396 4595 1453 4641 tu
1499 4588 1797 4643 excellenti
1830 4590 2095 4658 sapientia

440 4712 447 4719 ν
523 4687 614 4726 res
644 4673 995 4730 administras
1027 4687 1083 4730 et
1108 4676 1398 4745 imperium
1429 4679 1722 4749 gubernas,
1754 4681 1955 4751 ingenii
1989 4698 2101 4735 ina-

522 4764 808 4833 gnitudine
835 4766 1016 4821 omnia
1052 4768 1107 4822 in
1138 4770 1331 4824 melius
1358 4781 1778 4835 convertens,ut
1806 4790 1963 4828 nemo
1994 4791 2098 4829 un-

522 4872 686 4926 quam
737 4875 803 4912 ex
858 4874 1016 4929 reque
1049 4860 1102 4914 id
1132 4863 1466 4929 prwstiterit,
1522 4873 1580 4918 ct
1634 4876 1778 4919 recte
1820 4866 1865 4919 is
1897 4867 2098 4922 dixisse

523 4949 797 5014 videatur,
850 4952 942 5021 qui
990 4953 1260 5019 consilio,
1301 4955 1613 5023 prudentia,
1664 4958 1876 5012 viribus
1929 4960 2097 5013 animi

524 5041 818 5110 plerasque
875 5059 986 5109 res,
1010 5059 1118 5097 non
1163 5056 1346 5098 autem
1390 5062 1575 5101 rerum
1613 5054 1770 5120 copia
1803 5052 2098 5121 ponderari

522 5131 832 5189 atlirmavit.
862 5134 930 5189 Ut
965 5137 1112 5189 enim
1144 5138 1409 5205 musicus,
1443 5140 1534 5207 qui
1567 5156 1827 5195 sonorum
1860 5159 2094 5199 concen-

525 5230 638 5275 tum
689 5223 893 5293 optime
938 5227 1121 5293 callet,
1163 5227 1386 5283 chordis
1429 5246 1549 5300 quae
1581 5230 1926 5286 intendenda:
1966 5243 2098 5288 sunt

520 5313 891 5380 intendendis,
916 5328 1221 5386 contraque
1251 5321 1515 5385 laxandis,
1555 5323 1645 5376 ubi
1678 5324 1728 5378 id
1763 5323 2004 5393 expedit.
2038 5334 2095 5381 et

520 5405 826 5461 moderatis
881 5408 1187 5465 intervallis
1237 5410 1398 5481 337
1448 5413 1827 5481 relinquendis
1873 5427 2094 5470 cantum

519 5496 923 5566 elegantissime
971 5501 1306 5570 permiscet:
1353 5505 1425 5557 i»a
1472 5516 1528 5556 et
1556 5514 1634 5569 tu,
1669 5505 1759 5574 qui
1788 5506 2093 5574 prudentia

520 5587 687 5641 veluti
749 5590 1019 5661 rhythmis
1062 5592 1289 5648 musicis
1337 5594 1522 5647 enmia
1550 5604 1844 5664 temperes.
1874 5597 2095 5650 absolu-

525 5672 798 5732 tissimum
849 5692 1173 5737 concentum
1220 5683 1412 5751 eﬂicis,
1449 5700 1558 5754 quo
1592 5701 1680 5740 res
1726 5687 2093 5757 pulrherritne

2203 4511 2291 4575 ξεν
2323 4511 2358 4583 η
2389 4511 2573 4580 φύσις,
2617 4511 2805 4583 ὥσπερ
2860 4514 2955 4569 οῦν
2989 4517 3119 4579 τοὺς
3159 4519 3441 4581 πανόπτας
3497 4522 3548 4572 οἰ
3583 4518 3798 4590 μῦθοι.

2200 4601 2367 4663 Τίνας
2392 4603 2498 4672 γὰρ
2523 4605 2623 4655 οὐκ
2657 4604 2723 4656 ἂν
2756 4606 3147 4676 ὑπερϐέϐηκας
3179 4601 3543 4679 Δημοσθένεις
3575 4615 3639 4681 τῇ
3672 4614 3780 4680 τῆς

2197 4694 2541 4764 δημηγορίας
2582 4695 2863 4768 οἰκονομίᾳ
2886 4714 2943 4749 τε
2974 4702 3070 4752 καὶ
3099 4700 3403 4771 Geni-item;
3440 4703 3605 4765 Τίνας
3635 4704 3683 4756 δ’
3712 4708 3780 4757 οὑ

2201 4786 2492 4849 Πλάτωνας
2520 4790 2585 4855 τῇ
2607 4787 2700 4840 τοῦ
2741 4788 2831 4842 νοῦ
2855 4792 3199 4864 μεγαλοφυῖα
3219 4812 3277 4847 τε
3310 4798 3405 4847 καὶ
3438 4800 3778 4867 σεμνὸςητι;

2199 4872 2363 4935 Τίνας
2397 4873 2440 4925 δ’
2492 4875 2591 4927 οὐκ
2623 4874 2689 4928 ἂν
2744 4877 3038 4948 ἀνηρτησω
3094 4882 3440 4951 ἀνθρώπους,
3470 4885 3529 4937 σε
3568 4887 3782 4954 μᾶλλον

2200 4962 2499 5032 θαυμάζειν
2524 4967 2557 5038 ἢ
2581 4968 2641 5019 τὸ
2669 4967 2768 5036 τῆς
2804 4969 3056 5039 Ἀττικῆς
3085 4972 3299 5040 ἡλικίας
3327 4977 3577 5045 ἀκμάζον
3599 4981 3784 5032 πάλαι

2196 5054 2287 5107 τὸν
2308 5056 2624 5128 Σωκράτην,
2675 5060 2760 5128 ἐφ’
2790 5061 2917 5127 ὃλην
2951 5079 3046 5115 σου
3082 5069 3181 5133 την
3229 5068 3574 5138 δημηγορίαν
3607 5071 3781 5138 χάριν

2198 5147 2333 5218 ὁμοῦ
2358 5150 2453 5202 καὶ
2482 5150 2657 5204 πειθὼ
2710 5156 3055 5225 συνορῶντας
3112 5161 3476 5229 ἑφέρπουσαν,
3511 5164 3784 5236 καθάπερ

2195 5238 2284 5290 ἐπ’
2318 5240 2455 5310 ἄνθη
2504 5242 2679 5313 ἀγροῦ
2711 5245 2773 5296 τὸ
2826 5249 3070 5301 ποικίλον
3101 5251 3193 5305 τοῦ
3220 5255 3547 5321 χρώματος
3581 5254 3785 5322 οὑτως

2196 5333 2430 5402 ἐραστὰς
2461 5338 2631 5398 ποιεῖς
2660 5338 2906 5400 ἅπαντας
2930 5340 3031 5409 τῆς
3062 5344 3158 5411 σῆς
3184 5345 3520 5416 Καλλιόπης,
3540 5350 3785 5403 tu):in

2196 5420 2512 5488 ὑπερφυῶς.
2581 5423 2767 5493 Ἐχειν
2796 5426 2863 5496 δὴ
2915 5424 3008 5481 οὖν
3038 5432 3104 5483 τά
3152 5432 3244 5484 τοῦ
3275 5434 3623 5505 Σολομῶντος
3659 5442 3783 5502 τοίς

2198 5513 2310 5573 σοῖς
2331 5514 2647 5581 ἐφαμίλλως
2691 5516 2867 5581 οὐδεὶς
2892 5519 2958 5572 ἂν
3011 5520 3123 5589 ἔχοι
3155 5525 3525 5596 ἀμφισϐητεῖν
3546 5543 3562 5559 ·
3598 5529 3787 5599 ὑπερ-

2193 5602 2341 5669 έχειν
2388 5620 2453 5670 γε
2515 5605 2620 5675 μὴν
2652 5607 2810 5660 τοῦτο
2837 5611 2893 5663 δὲ
2952 5612 3128 5677 οὐδείς
3162 5617 3310 5669 ἐστιν
3354 5619 3503 5679 ὅστις
3531 5620 3779 5690 ἡγεῖται.

2196 5696 2328 5747 Οὐδὲ
2363 5713 2470 5766 γαρ
2498 5696 2606 5751 οὐδ’
2642 5697 2757 5752 ἐστι
2790 5700 2980 5768 φάναι,
3011 5706 3127 5757 ἐκεῖ
3166 5707 3266 5776 μὲν
3287 5701 3369 5772 οἷς
3396 5709 3784 5780 χρήσεταίτις
