3980 6204
238 258 330 318 ,ἴιῖ
446 248 523 321 ib
558 264 609 304 ε·
656 248 789 304 19-33
827 266 892 305 Αυ
937 249 1093 323 1528]
1169 254 1540 314 ΒΥΖᾹΝΤῙῙ(
1569 253 1613 312 Ε
1652 255 1749 313 lli:

1852 254 2042 314 )RUE
2084 255 2228 315 LIB,
2270 255 2431 318 \‘1'1,
2525 250 2660 323 [ιυρ.
2702 269 2981 311 xannonuc.
3023 259 3170 331 seu.)
3311 266 3419 329 513

236 374 411 436 πολλοῖς
434 369 917 442 οὗσιμαρτυρὶοιςσ
949 340 1209 425 {vx-anile?
1264 374 1321 426 δὲ
1373 374 1653 443 βραχέσιν,
1702 373 1734 442 ἢ

1852 372 2165 441 βυὺοτιιοιειξ
2189 382 2244 427 et
2277 373 2345 427 ab
2374 375 2523 428 omni
2556 383 2708 444 parte
2729 378 3137 435 consentientes
3159 381 3419 453 eiliciant,

234 462 463 525 τοσούτοις
495 463 612 529 μὲν,
647 461 722 533 μὴ
750 463 1009 525 τοιούτοις
1037 464 1117 517 δέ·
1138 465 1274 518 πολὺ
1313 466 1413 534 μέν
1435 464 1482 518 τ’
1505 466 1571 518 ἂν
1594 466 1749 518 τούν-

234 554 403 605 αντίον.
467 548 555 615 Οἷς
594 551 703 620 γὰρ
728 554 793 605 τὰ
822 552 1033 606 ἐκείνου
1078 553 1378 623 θαυμάζειν
1409 556 1509 617 ἔνι,
1540 554 1753 618 τούτοις

230 646 310 697 οὐκ
333 644 402 696 ἔνι
424 643 551 713 πλὴν
585 643 618 713 ἢ
647 644 749 713 τῆς
770 643 863 696 τοῦ
900 644 1053 697 νότου
1087 646 1429 716 βασιλίσσης,
1454 648 1521 715 ἣν
1551 648 1605 710 ἐς
1643 648 1753 700 Πα-

231 735 471 804 λαιστίνην
520 735 704 804 ἐκείνη
769 735 996 803 πορείαν
1050 736 1366 798 ἐστείλατο,
1431 737 1749 807 μαρτύριον.

232 827 356 877 Ὅσοι
387 825 439 877 δὲ
465 820 571 876 τῶν
620 824 729 876 σῶν
759 826 1088 895 μέμνηνται,
1138 826 1224 897 ιΡ.
1254 826 1382 897 907]
1417 826 1624 890 τούτοις
1658 830 1751 879 καὶ

230 909 390 983 βορέαν
418 915 507 965 καὶ
532 915 684 967 νότον
713 915 848 985 ὁμοῦ
878 917 991 978 τοῖς
1016 918 1221 979 λοιποῖς
1250 918 1349 987 τῆς
1382 917 1486 984 γῆς
1518 918 1751 986 πέρασιν

228 1004 348 1064 ὅστις
400 1005 468 1074 μὴ
508 1006 567 1056 οὐ
603 1005 802 1073 φάσκει
853 1005 1129 1077 μαρτύρια
1170 1002 1331 1072 εἶναι,
1381 1008 1527 1070 ὅπως
1573 1006 1750 1070 ἀθῶος

226 1098 440 1166 φανεῖται
467 1096 559 1147 τοῦ
586 1096 789 1149 ἁλῶναι
816 1098 1171 1168 ψευδόμενος,
1189 1099 1286 1168 οὐχ
1313 1093 1424 1162 οἶός
1455 1100 1503 1151 τ’
1522 1098 1587 1152 ἂν
1610 1096 1750 1150 ἐῖναί

220 1205 297 1256 μοι
326 1189 475 1241 δοκεῖ.
519 1179 889 1259 Ἐπεὶ¹μέντοι
916 1190 1056 1243 κατὰ
1095 1191 1187 1243 τὸν
1227 1192 1599 1260 ’Δναξαγόραν
1625 1190 1750 1255 νοῦς

222 1283 314 1331 ἐστι
332 1281 481 1349 σοφὸς
505 1284 533 1334 6
558 1281 626 1333 τὰ
654 1282 832 1334 πάντα
860 1282 1172 1351 διακοσμῶν
1191 1281 1284 1335 καὶ
1310 1282 1530 1336 πάντων
1552 1285 1746 1344 αἴτιος.

221 1371 338 1422 οὕτω
362 1371 488 1441 δῆτα
516 1373 595 1441 τῷ
613 1373 857 1443 περιόντι
880 1390 963 1426 σοι
993 1377 1091 1445 τῆς
1114 1358 1208 1426 τοῦ
1234 1374 1325 1425 νοῦ
1354 1374 1545 1439 σοφίας
1574 1374 1747 1445 ἑξηγῇ

217 1462 307 1512 τῶν
335 1463 668 1531 πραγμάτων
688 1466 783 1516 καὶ
809 1462 956 1517 οὕτω
978 1481 1060 1537 σοι
1082 1464 1183 1531 τὴν
1208 1464 1385 1534 ἀρχὴν
1407 1465 1747 1534 διακοσμεῐςο

218 1552 297 1621 τῆς
324 1554 625 1623 φρονήσεως
673 1553 751 1623 τῷ
799 1553 1017 1623 μεγέθει
1057 1555 1237 1608 πάντα
1273 1556 1618 1624 περιτρέπων
1669 1556 1749 1618 εἰς

212 1645 263 1695 τὸ
310 1645 591 1714 χρήσιμον,
656 1645 733 1708 ὡς
774 1645 882 1698 τῶν
927 1644 988 1709 ἐξ
1037 1644 1236 1708 αἰῶνος
1291 1646 1466 1709 οὐδεὶς
1498 1647 1742 1714 ἄμεινον.

1857 472 1917 517 ιιι
1954 479 2148 519 omnes
2186 464 2502 519 existiment
2534 465 2703 519 Deum
2740 467 2901 537 plane
2939 484 3079 535 esse,
3105 473 3201 540 qui
3244 476 3419 530 tuoin

1859 556 1926 608 iis
1959 555 2209 625 regendis
2260 557 2568 611 ministerio
2620 566 2826 614 utatur.
2851 560 2927 616 Ita
2959 569 3010 616 te
3034 577 3224 618 omnes
3245 565 3423 620 homi-

1854 646 2228 700 nesdivinum
2268 647 2561 716 quemdam
2604 648 2880 705 hominem
2918 659 2969 705 et
3003 651 3223 708 homine
3252 671 3420 726 supe-

1854 736 2057 789 riorem
2090 736 2424 791 existimant.
2450 738 2582 802 Nam
2618 739 2780 791 animi
2810 739 3043 807 puritate
3073 742 3420 798 subditorum

1853 828 2096 882 omnium
2127 827 2446 883 affectiones
2494 837 2550 882 et
2597 831 2904 884 voluntates
2932 843 3224 899 penetrans
3248 844 3322 899 et,
3353 836 3419 889 ad

1853 933 1992 987 quas
2029 920 2261 974 virtutes
2303 930 2400 974 aut
2440 922 2566 975 vitia
2614 923 2961 990 potissimum
2998 925 3240 992 tendant,
3267 941 3421 980 acer-

1853 1009 1989 1062 rime
2020 1010 2382 1078 perspiciens,
2429 1011 2500 1064 ita
2552 1020 2605 1065 te
2639 1015 2943 1083 componis,
2976 1024 3035 1066 ut
3077 1014 3284 1069 dictum
3315 1026 3419 1081 est,

1850 1098 2314 1166 quemadmodum
2362 1102 2619 1156 omnibus
2659 1104 2972 1157 hominibUs
3008 1105 3266 1158 convenit
3299 1123 3311 1158 :
3343 1116 3419 1170 et,

1852 1203 1913 1250 ut
1951 1194 2225 1249 Pindarus
2253 1195 2351 1259 ait,
2377 1196 2586 1249 varium
2624 1197 2890 1265 cujusque
2916 1197 3191 1267 ingenium
3219 1198 3423 1266 guber-

1852 1300 1971 1348 nas,
2002 1285 2184 1354 itaque
2211 1286 2419 1355 singula
2439 1286 2710 1354 disponis,
2735 1297 2796 1341 ut
2832 1288 3037 1354 optime
3058 1288 3421 1342 collocentur.

1849 1373 2037 1442 Neque
2076 1390 2209 1428 vero
2232 1376 2521 1444 quisquam
2557 1379 2792 1446 ignorat,
2818 1376 3243 1432 Themistoclem
3274 1394 3421 1433 nun-

1850 1479 2010 1532 quam
2039 1464 2106 1517 ad
2156 1472 2359 1518 tantam
2404 1466 2630 1535 gloriam
2663 1465 2831 1520 fuisse
2872 1477 3291 1535 perventurum.
3316 1469 3419 1522 nisi

1848 1553 2057 1609 Xerxes
2084 1555 2138 1608 in
2162 1556 2423 1610 Graeciam
2466 1556 2776 1611 invasisset.
2804 1556 2992 1626 Neque
3034 1558 3197 1611 etiam
3225 1558 3422 1612 Miltia-

1850 1645 2079 1708 desiile,
2130 1652 2189 1697 ut
2237 1646 2498 1711 arbitr0r,
2553 1654 2764 1699 tantum
2811 1662 3009 1699 nomen
3046 1646 3288 1706 haberet.
3317 1647 3421 1700 nisi

224 1733 500 1803 Ἐῤῥὼσθαι
550 1736 608 1789 δὲ
649 1736 742 1787 καὶ
788 1737 816 1788 6
872 1734 1032 1802 λόγος
1086 1736 1167 1805 τῷ
1225 1738 1456 1805 φήσαντι
1508 1738 1607 1790 νῦν
1658 1755 1746 1806 μοι

1852 1733 2054 1787 Persici
2117 1743 2347 1802 satrapae
2380 1743 2435 1787 et
2486 1735 2685 1788 Asiana
2734 1749 2884 1789 arma
2922 1736 3074 1804 prius
3106 1739 3158 1789 in
3185 1737 3419 1790 Atticam

211 1825 357 1885 δοκεῖ,
388 1826 460 1888 ὡς
492 1827 691 1897 γνώμῃ
719 1828 816 1880 καὶ
846 1828 1158 1897 φρονήματι
1190 1829 1286 1881 καὶ
1333 1830 1532 1899 ἀνδρία
1566 1829 1747 1899 ψυχῆς

211 1919 266 1969 τὰ
318 1918 477 1970 πολλὰ
536 1919 645 1971 τῶν
701 1920 1077 1991 πραγμάτων,
1135 1920 1254 1972 ἀλλ’
1308 1921 1368 1972 οὒ
1424 1921 1500 1989 τῷ
1548 1921 1747 1989 πλήθει

210 2006 297 2059 τῶν
350 2007 702 2077 ὑπαρχόντων
752 1994 1033 2076 κρίνεται.’
1094 2006 1180 2069 Ὠς
1231 2007 1341 2075 γὰρ
1402 2007 1455 2060 εί
1499 2022 1582 2068 τις
1622 2008 1746 2075 ἄρι-

213 2115 315 2159 στος
376 2098 638 2166 μουσικὸς
704 2097 803 2167 τὴν
848 2099 907 2151 ὲν
958 2100 1074 2160 τοῖς
1135 2097 1393 2165 φθόγγοις
1444 2098 1746 2168 ἁρμονίαν,

208 2187 427 2239 ἐντείνων
483 2190 587 2256 μὲν
624 2187 688 2240 τὸ
739 2187 848 2240 τῶν
885 2187 1094 2257 χορδῶν
1132 2187 1254 2240 ὅποι
1311 2188 1570 2240 τετάσθαι
1629 2188 1736 2251 δεῖ,

210 2278 360 2345 χαλῶν
408 2279 453 2330 δ’
500 2280 630 2332 ὅποι
668 2278 826 2332 τοῦτο
865 2277 1111 2349 βέλτιον,
1168 2280 1238 2333 τά
1287 2296 1348 2332 τε
1399 2278 1747 2349 διαστήματα

211 2372 366 2441 μέτρῳ
415 2373 743 2439 ποιούμενος
815 2373 1097 2426 κάλλιστον
1133 2369 1244 2426 οἷον
1290 2374 1351 2425 τὸ
1396 2373 1586 2444 χρῆμα
1647 2376 1749 2443 τῆς

207 2462 325 2531 ᾠδῆς
343 2463 688 2531 κεράννυσιν·
720 2463 798 2526 ὣς
820 2463 877 2516 δὲ
913 2466 1008 2518 καὶ
1043 2466 1107 2518 σὺ
1128 2468 1194 2536 τῇ
1242 2468 1502 2536 φρονήσει
1534 2466 1624 2519 ῖσα
1655 2469 1749 2521 καὶ

142 2542 147 2547 ’
208 2554 403 2622 ῥυθμοῖς
424 2571 534 2607 τισι
569 2540 847 2622 μουσικοῖς
876 2555 944 2609 τὰ
992 2552 1291 2626 πράγματα
1345 2558 1609 2625 διεξάγων
1649 2560 1748 2629 τὴν

203 2642 277 2695 διὰ
304 2645 504 2710 πασῶν,
543 2648 622 2709 ὡς
671 2648 865 2711 είπεῖν,
900 2646 1164 2718 ἁρμονίαν
1214 2649 1450 2721 ἀρμόζῃ,
1484 2650 1560 2713 ὡς
1608 2647 1749 2705 εἶναι

205 2740 787 2811 συνᾴδεινπανταχύθεν
831 2743 998 2812 ἑαυτῇ
1048 2742 1307 2796 κάλλιστά
1344 2763 1412 2820 ,τε
1475 2745 1619 2815 ἔχειν
1657 2746 1749 2798 καὶ

201 2831 264 2892 ὡς
292 2832 351 2883 ἂν
381 2833 588 2895 πάντες
619 2835 886 2886 πεισθεῖεν
931 2834 1064 2888 Θεὸν
1112 2831 1255 2888 εἶναι
1308 2835 1493 2901 σαφῶς
1534 2837 1624 2889 τὸν
1664 2838 1751 2890 διὰ

203 2918 281 2972 σοῦ
322 2922 388 2973 τὰ
420 2921 550 2991 τῇδε
586 2920 1002 2990 καθιστάμενον.
1028 2921 1185 2977 Οὕτω
1215 2924 1275 2976 σὲ
1326 2926 1469 2977 θεῖόν
1498 2943 1621 2979 τινα
1656 2929 1750 2979 καὶ

203 3011 317 3080 ὑπὲρ
364 3012 658 3084 ἄνθρωπον
705 3011 989 3084 ἄνθρωπον
1044 3015 1243 3076 πάντες
1293 3017 1607 3085 νομίζουσιν
1652 3018 1748 3072 ἄν·

1851 1835 1905 1879 ct
1936 1826 2306 1879 Marathonem
2357 1833 2784 1893 penetrassent:
2816 1825 2910 1879 sed
2969 1840 3164 1879 eorum
3221 1825 3417 1888 virtus,

1852 1926 1910 1970 ut
1944 1926 2089 1969 terra
2141 1916 2325 1969 obruti
2380 1917 2639 1980 tthauri,
2674 1916 2727 1970 iu
2783 1919 3016 1971 obscuro
3048 1918 3316 1972 latuisset.
3350 1918 3422 1972 At

1853 2018 2004 2061 tuum
2063 2007 2308 2060 divinum
2370 2007 2647 2076 ingenium
2700 2024 2823 2062 cum
2887 2025 2953 2077 ex
3009 2010 3133 2063 aliis
3194 2010 3422 2064 intinitis

1849 2100 2084 2169 perspici
2120 2108 2306 2167 queat,
2364 2110 2477 2153 ιιιιιι
2516 2115 2648 2153 vero
2696 2115 2762 2154 ex
2805 2115 2893 2165 eo,
2944 2102 3091 2169 quod
3121 2118 3243 2155 cum
3286 2113 3420 2155 tem-

1852 2206 1982 2260 pora
2020 2191 2469 2255 adversarentur,
2499 2206 2599 2244 nec
2626 2200 2805 2245 tamen
2833 2206 2920 2245 res
2945 2199 3065 2246 tuas
3085 2202 3420 2254 everterent,

1852 2280 1904 2334 id
1936 2280 2408 2334 evidentissimum
2454 2280 2670 2350 signum
2724 2279 2829 2335 fuit
2869 2281 3177 2348 praestantis
3210 2290 3315 2334 tua:
3337 2297 3422 2334 sa-

1851 2372 2091 2441 pientiac.
2146 2371 2280 2425 Nam
2315 2385 2439 2425 cum
2496 2372 2784 2440 imperium
2824 2372 3237 2441 perturbatione
3307 2372 3422 2439 ple-

1852 2481 1984 2519 num
2039 2465 2413 2531 suscepisses:
2428 2478 2531 2517 nec
2569 2463 2838 2517 dissimile
2872 2464 3114 2519 nubibus
3146 2452 3220 2518 ab
3249 2465 3421 2533 Aqui-

1851 2555 1976 2608 lone
2028 2555 2263 2624 agitatis.
2308 2564 2363 2607 et
2395 2569 2532 2623 pene
2562 2569 2755 2608 omnes
2808 2553 3058 2608 nationes
3090 2556 3142 2609 in
3173 2565 3419 2608 nostrqu

1853 2646 2019 2715 338
2066 2644 2295 2698 exitium
2349 2643 2761 2712 conspirassent
2815 2652 2965 2695 tanta
3035 2643 3420 2706 vehementia,

1856 2749 2097 2808 quantus
2127 2739 2180 2790 in
2210 2737 2317 2790 Nili
2368 2735 2660 2789 cataractis
2684 2735 2924 2804 impetus
2958 2750 3075 2788 esse
3102 2734 3276 2789 fertur
3309 2753 3321 2786 :
3362 2745 3421 2788 tu
3448 2778 3458 2801 ,

1852 2833 2002 2887 solus
2042 2829 2430 2899 impressiones
2470 2828 2591 2881 illas
2641 2827 2917 2881 constanti
2979 2828 3196 2889 animo,
3250 2827 3421 2880 instar

1854 2923 2093 2978 immotae
2122 2921 2277 2991 rupis
2314 2921 2586 2974 violentos
2631 2919 2832 2973 fluctus
2870 2919 3231 2987 aspernantis,
3264 2933 3424 2971 exce-

1855 3015 2011 3085 pisti,
2044 3022 2209 3082 atque
2266 3012 2511 3065 omnium
2566 3011 2938 3081 periculorum
3010 3010 3423 3079 tempestatibus

200 3100 402 3171 θρωποι.
444 3103 680 3165 Φθὰνεις
700 3101 811 3171 γὰρ
863 3106 930 3172 ’τῇ
970 3102 1063 3155 τοῦ
1107 3103 1200 3156 νοῦ
1254 3104 1592 3174 καθαρότητι
1651 3107 1749 3169 τὰς

1854 3104 2061 3160 sedatis
2094 3104 2147 3157 in
2199 3103 2551 3171 tranquillum
2601 3101 2818 3171 portum
2855 3115 2958 3155 nos
2983 3101 3305 3169 perduxisti.
3344 3101 3421 3153 Ita

200 3190 289 3243 τῶν
314 3193 575 3263 ὑπηκόων
635 3193 889 3246 ἁπάντων
940 3194 1280 3265 διερχόμενος
1336 3197 1604 3258 διαθέσεις
1655 3199 1751 3250 καὶ

200 3284 397 3356 γνώμας
424 3288 523 3340 καὶ
551 3288 672 3341 ὅποι
737 3287 976 3355 μάλιστα
1029 3288 1297 3340 τείνουσιν
1343 3288 1604 3359 ἀρετῆςῆ
1646 3306 1749 3342 κα-

200 3374 304 3437 κίας
355 3379 631 3431 κάλλιστα
670 3377 1066 3446 διαγινώσκωψ
1121 3378 1414 3432 κάντεῦθεν
1467 3379 1747 3449 ἁρμόζεις,

197 3465 508 3539 ὑςεῖρηται,
572 3469 767 3523 σαυτὸν
819 3468 896 3532 ὡς
934 3469 1015 3522 δεῖ
1059 3472 1171 3529 τοῖς
1219 3472 1385 3522 πᾶσιν
1422 3469 1747 3540 ἀνθρώποις·

199 3561 279 3611 καὶ
325 3564 615 3633 κυϐερνᾷς,
657 3563 800 3615 κατὰ
845 3562 1109 3629 Πίνδαρον
1135 3561 1269 3632 (85),
1323 3564 1421 3616 τὰν
1452 3564 1752 3635 πολύστροο

198 3668 284 3718 φον
304 3654 528 3724 γνώμαν
557 3654 825 3718 ἑκάστων,
858 3656 950 3706 καὶ
983 3653 1225 3723 διατίθης
1250 3655 1371 3708 ὅποι
1411 3653 1477 3708 ἂν
1503 3654 1655 3725 σχοίη
1685 3656 1753 3708 τὰ

198 3744 479 3812 πράγματα
509 3745 806 3814 βέλτιστον.
840 3744 1120 3815 Γνώριμον
1141 3746 1188 3797 δ’
1208 3745 1292 3815 εἴη
1328 3746 1490 3799 παντί
1527 3763 1649 3811 που,
1676 3746 1753 3809 ὡς

195 3832 279 3885 οὐκ
305 3834 371 3887 ἄν
396 3852 528 3888 ποτε
576 3833 954 3903 Θεμιστοκλῆς
984 3835 1121 3905 πρὸς
1151 3836 1342 3906 φήμης
1368 3836 1534 3907 ήλασε
1569 3836 1753 3890 τοσοῦ.

195 3941 289 3987 τον,
307 3928 354 3978 εί
388 3927 464 3995 μὴ
499 3927 711 3997 Ξέρξης
738 3925 937 3996 ήλασεν
979 3929 1066 3994 ἐφ’
1087 3929 1378 3997 Ἕλληνας.
1428 3931 1545 3983 Οὐκ
1569 3928 1636 3983 ἂν
1693 3930 1751 3983 δὲ

195 4016 475 4088 Μιλτιάδης
504 4021 717 4082 ἐκεῖνος
743 4013 897 4088 οἶμαι
926 4020 981 4083 ἐς
1011 4020 1181 4089 ὄνομα
1211 4021 1397 4092 ήγετο,
1437 4024 1485 4075 εἰ
1513 4023 1588 4093 μὴ
1616 4023 1752 4092 Περ-

198 4109 319 4161 σικοὶ
339 4114 625 4180 σατράπαι
647 4114 739 4164 καὶ
765 4113 833 4164 τὰ
878 4114 977 4183 τῆς
1019 4114 1205 4176 Ἀσίας
1231 4115 1369 4168 ὅπλα
1402 4116 1538 4184 πρὸς
1578 4115 1752 4169 Ἀττι-

197 4199 279 4268 κήν
306 4203 395 4255 καὶ
421 4203 747 4272 Μαραθῶνα
783 4204 1049 4259 διέϐαινον
1078 4206 1364 4276 πρότερον.
1423 4207 1561 4260 Ἀλλ’
1602 4205 1749 4278 εἶχον

192 4290 245 4340 ἂν
269 4294 364 4361 τὴν
398 4295 611 4364 ἀρετήν
641 4294 1114 4366 θαλαμευομένην,
1146 4299 1223 4355 ὡς
1247 4302 1447 4363 εἰπεῖν,
1470 4302 1565 4353 καὶ
1590 4303 1749 4372 ἀτεχ-

1855 3208 1912 3251 tu
1945 3197 2169 3267 quidem
2192 3205 2249 3250 et
2275 3195 2547 3248 deliberas
2580 3204 2636 3247 et
2660 3193 2910 3262 disponis
2934 3193 3141 3254 omnia,
3170 3202 3231 3245 ut
3259 3206 3421 3246 nemo

1851 3287 2097 3342 omnium
2138 3288 2287 3355 prius
2336 3286 2426 3341 illa
2467 3285 2710 3351 cogitare
2751 3284 2947 3353 possit.
2983 3298 3146 3352 quam
3182 3283 3421 3351 perfecta

1852 3380 2060 3435 fuerint
2093 3398 2107 3433 :
2163 3379 2328 3448 idque
2376 3378 2514 3431 adeo
2553 3376 2732 3437 facile,
2774 3387 2833 3430 ut
2881 3374 3158 3429 difﬁcilius
3191 3375 3263 3428 sit
3299 3375 3423 3428 aliis

1851 3488 1913 3525 ea
1947 3486 2397 3533 commemorare,
2445 3470 2605 3538 q’uam
2668 3467 2765 3520 tibi
2818 3466 3224 3521 administrare.
3260 3466 3419 3522 Unde

1854 3564 1933 3624 fit,
1970 3573 2029 3618 ut
2078 3563 2123 3616 si
2181 3561 2305 3629 quis
2360 3574 2685 3613 enumerare
2722 3551 2873 3611 velit‘
2901 3555 3329 3625 prudentissima
3362 3565 3420 3610 et

1853 3656 1999 3710 dicta
2029 3664 2085 3709 et
2123 3654 2265 3707 facta
2299 3660 2412 3716 tua,
2444 3665 2554 3705 non
2610 3650 2761 3704 aliud
2826 3657 2968 3718 agat,
3015 3663 3176 3717 quam
3200 3647 3295 3717 qui
3322 3658 3433 3701 cu-'

1848 3748 2046 3815 jusque
2103 3745 2211 3798 diei
2263 3743 2427 3797 horas
2479 3755 2771 3794 numerare
2810 3738 3138 3804 instituerit.
3185 3740 3416 3808 quarum

1851 3837 2001 3891 nulla
2024 3836 2262 3899 elabitur
2310 3826 2802 3903 pulcherrimarum
2845 3838 3062 3884 tuarum
3100 3829 3186 3882 vel
3213 3829 3421 3883 oratio-

1852 3944 1981 3983 nqu
2013 3926 2098 3981 vel
2130 3926 2408 3979 actionum
2442 3937 2660 3992 expers.
2707 3921 2842 3975 Nam
2876 3921 2962 3975 vel
3007 3930 3113 3974 tua:
3144 3920 3295 3973 \‘0t'l8
3326 3934 3420 3974 so-

1853 4035 1957 4074 nus
1993 4031 2135 4072 unus
2170 4017 2384 4085 mitigat
2412 4024 2468 4068 et
2514 4013 2873 4067 Inansuefacit
2938 4011 3214 4065 hominem
3251 4011 3419 4064 etiam

1852 4110 2311 4167 immanissimum
2336 4123 2349 4157 :
2378 4106 2542 4176 idque
2568 4105 2807 4167 facilius,
2832 4120 2994 4175 quam
3028 4104 3145 4175 lyra
3198 4103 3419 4159 Davidis

1851 4205 2199 4263 daemonium
2216 4203 2399 4258 Saulis
2442 4200 2681 4271 fugabat.
2726 4198 2884 4255 Nunc
2919 4198 3086 4269 igitur
3128 4206 3222 4252 tuo
3255 4197 3424 4252 bene-

1852 4299 1978 4353 licio
2052 4304 2200 4351 metu
2262 4294 2410 4347 omni
2458 4291 2873 4346 vacuisumus.
2932 4289 3064 4344 Nam
3111 4303 3230 4343 cum
3283 4288 3419 4343 tein

193 4380 362 4445 νῶςὲν
398 4385 588 4456 ἀδήλῳ
648 4390 926 4456 κειμένην,
963 4387 1152 4460 ὥσπερ
1197 4392 1245 4442 οξ
1297 4390 1580 4460 θησαυροί.
1643 4393 1748 4445 Καὶ

1853 4388 2123 4461 puppi,ut
2153 4388 2226 4440 ita
2278 4384 2481 4448 dicam,
2534 4396 2720 4436 rerum
2777 4388 3089 4435 nostrarum
3139 4379 3418 4433 sedentem
3472 4429 3475 4435 .

194 4474 269 4525 σνιῦ
296 4476 351 4528 δὲ
383 4477 484 4547 τὴν
510 4478 751 4548 ούρανοῦ
783 4480 1063 4548 ψαύουσαν
1088 4482 1353 4552 φρόνησιν
1419 4484 1626 4537 κατίδοι
1683 4486 1749 4539 ἄν

192 4578 260 4626 τις
285 4567 345 4620 ὲκ
390 4570 611 4638 μυρίων
644 4572 742 4639 μὲν
773 4574 866 4624 καὶ
892 4572 1088 4626 ἄλλων·
1120 4575 1247 4627 ἐπεὶ
1277 4574 1335 4628 δὲ
1363 4577 1457 4628 καὶ
1490 4577 1518 4629 6
1558 4581 1750 4648 καιρὸς

191 4656 499 4709 ἀντέπνευσε
527 4660 648 4725 μὲν,
680 4660 780 4712 οὐκ
807 4660 1107 4732 ἁνεσόῦησε
1128 4661 1184 4714 δέ
1213 4679 1307 4714 σου
1329 4664 1396 4716 τὰ
1427 4664 1748 4733 πράγματα,

194 4742 352 4813 πάσης
395 4746 646 4815 βασάνου
712 4752 1048 4818 σαφέστερον
1095 4751 1242 4804 τοῦτ’
1267 4753 1334 4805 ἂν
1385 4755 1487 4823 εῖηο
1530 4755 1749 4822 δεῖγμα,

196 4835 447 4904 ακιῦὁήλῳ
473 4838 645 4904 φάναι
672 4840 859 4910 χρυσῷ
909 4842 1349 4896 κατεσκευάσθαι
1396 4859 1491 4895 σου
1531 4846 1601 4896 τὰ
1647 4848 1748 4915 τῆς

193 4916 429 4987 διανοίας.
466 4925 677 4979 Πολλοῦ
704 4928 812 4997 γὰρ
834 4930 901 4982 τὰ
932 4932 1234 5001 πράγματα
1268 4933 1505 5002 εἰληφὼς
1527 4934 1745 5005 διατρέ-

190 5027 355 5077 χοντος
381 5017 690 5081 κυκεῶνος,
726 5018 837 5084 οἷος
869 5022 937 5074 ἂν
981 5022 1270 5097 διαδράμοι
1323 5027 1553 5094 νεφέλας
1611 5030 1750 5096 ὁπη-

189 5101 296 5155 νίκα
320 5107 403 5177 εἴη
453 5112 711 5178 στροφῶν
756 5114 1069 5186 ἀπαρκτίας
1113 5119 1207 5171 καὶ
1275 5123 1475 5187 μικροῦ
1529 5120 1753 5173 πάντων

188 5190 340 5245 ἐθνῶν
370 5200 459 5265 ἐφ’
487 5202 641 5269 ἡμᾶς
688 5206 1020 5274 κινουμένων
1066 5207 1207 5261 οὕτω
1257 5210 1521 5279 σφοδρῶς,
1562 5210 1752 5279 ὥσπερ

188 5282 268 5346 οὒς
289 5304 420 5353 φασι
455 5296 813 5359 καταράκτας
847 5297 1064 5362 Νείλου,
1122 5302 1281 5371 μόνος
1316 5303 1476 5365 αὐτός
1507 5306 1604 5365 τὰς

188 5372 329 5441 Coki;
356 5381 412 5444 ἐς
451 5387 684 5439 σεαυτὸν
711 5391 1105 5460 ἀναδεχόμενος
1164 5395 1360 5446 ἑστῶτι
1414 5396 1750 5465 φρονήματι,

1851 4483 2137 4536 videamus
2187 4484 2246 4532 et
2306 4477 2599 4545 diligenter
2647 4474 3034 4534 cxcubantem,
3078 4487 3147 4525 ex
3202 4472 3271 4526 iis
3300 4485 3421 4539 qum

1852 4578 2275 4645 praecesserunt.
2323 4567 2499 4638 parati
2556 4580 2749 4620 sumus
2778 4583 2793 4619 :
2818 4575 2875 4620 et
2908 4578 3084 4632 nuper
3108 4571 3419 4630 exspectata

1853 4664 2117 4735 pericula,
2175 4661 2491 4730 priusquam
2548 4652 2849 4728 periculum
2889 4670 3078 4711 eorum
3133 4655 3417 4713 facianms,

1855 4756 2180 4820 avertimus,
2216 4763 2310 4808 tua
2364 4750 2634 4820 sapientia
2682 4749 2771 4804 illa
2825 4749 3010 4803 omnia
3042 4746 3417 4815 propulsatum

1854 4850 1919 4904 iri
1954 4847 2332 4917 praevidentes.
2357 4845 2435 4899 Ac
2481 4842 2748 4912 tantisper
2775 4841 2999 4895 forsitan
3032 4838 3199 4907 aliqui
3227 4837 3423 4906 despe-

1854 4942 2050 5005 rarint,
2088 4942 2264 4993 donec
2311 4952 2580 4991 summam
2636 4934 2983 5004 prudentiam
3036 4942 3180 4985 tuam
3216 4930 3422 5000 cogita.

1860 5032 2010 5085 rint:
2044 5040 2157 5084 tum
2202 5041 2332 5080 vero
2367 5026 2438 5077 ita
2487 5032 2828 5087 recreantur,
2857 5029 2918 5076 ut
2974 5021 3153 5075 aillatu
3197 5019 3419 5074 Favonii

1850 5130 2165 5178 aastuantes.
2193 5117 2301 5171 Sed
2329 5116 2458 5185 quid
2495 5131 2595 5185 ego
2636 5114 2959 5184 imprudens
2977 5111 3141 5182 339
3164 5111 3217 5164 in
3242 5110 3423 5163 excel-

1850 5214 2033 5270 lentice
2089 5223 2194 5265 tua:
2255 5208 2499 5279 gurgites
2566 5212 2654 5260 tne
2710 5205 2974 5276 paulatim
3034 5200 3308 5257 immitto?
3360 5199 3419 5253 id

1657 5305 1755 5372 ἐμ·
1851 5306 2030 5374 ipsum
2060 5317 2191 5356 vero
2219 5312 2322 5362 est,
2353 5298 2497 5367 quod
2537 5298 2695 5353 initio
2726 5296 2991 5352 orationis
3023 5291 3417 5352 detrectabam,

1852 5410 1978 5451 cum
2004 5392 2262 5448 omnibus
2294 5394 2401 5446 tuis
2450 5390 2706 5445 laudibus
2732 5386 3094 5459 prmdicaudis
3121 5385 3275 5454 plane
3314 5386 3418 5433 im-

1523 5531 1852 5592 Variorum
1884 5534 2071 5590 notae.

252 5649 360 5721 (35)
407 5653 482 5709 1‘13
523 5657 740 5716 Pindari
771 5665 932 5719 verba
975 5664 1245 5749 Gregoras
1276 5684 1305 5722 a
1340 5668 1565 5723 Platone
1597 5677 1906 5739 acceperat,
1935 5662 2079 5737 apud
2108 5677 2271 5732 quem
2304 5672 2520 5719 exstant
2560 5664 2658 5720 lib.
2686 5681 2705 5719 ι
2737 5663 2812 5719 De
2844 5658 3068 5734 Republ.
3103 5658 3308 5714 Bon-ix.
