4010 6208
205 331 275 394 52:
402 324 469 396 [λι
508 339 557 378 c-
604 321 736 377 '28?-
773 336 841 375 λυ
885 318 1044 393 152⁸1
1121 323 1571 386 ΒΥΖΑΝΤιΝΑζ
1609 324 1691 386 Hl

1801 323 1994 385 DRI/E
2035 323 2178 386 LIB.
2224 323 2389 384 VIII.

3274 319 3375 382 522

2477 317 2615 390 [ιιιρ.
2659 330 2941 372 nonomc.
2984 314 3128 386 sua]

199 446 255 515 τῷ
279 445 480 515 παρόντι
500 443 766 513 ἠνάγκαζε
794 443 1049 509 δέξασθαί
1098 461 1187 514 με,
1223 445 1287 498 ἵν’
1314 447 1397 515 εἴη
1426 462 1509 508 τις
1567 445 1698 497 τοῦτ

1813 444 1889 498 illi
1924 444 1997 497 ob
2026 444 2190 498 talem
2217 458 2343 511 erga
2380 457 2463 497 me
2490 440 2838 497 aﬂectionem
2886 431 3382 515 conviciabanturi

197 539 497 602 εὐπρόσωπος
520 534 660 605 αύτῷ
693 536 916 607 ἀφορμὴ
969 539 1107 607 πρὸς
1157 536 1283 601 τοὺς
1316 536 1703 607 βασκαίνοντας

197 627 366 680 καὶὺπ¹
393 628 571 680 ὀδόντα
601 627 1039 697 λοιδορουμένους
1089 629 1239 699 αὐτῷ
1282 631 1380 699 τῆς
1423 629 1699 700 ἡμετέρας

195 719 338 769 εῖνεκα
357 719 531 786 τιμῆς,
556 711 621 786 ἧς
642 717 769 788 παρ’
789 717 951 771 αὐτοῦ
976 719 1241 789 λαμπρῶς
1260 720 1420 782 εὐθὺς
1438 720 1710 790 ἐκαρπού-

195 823 292 876 μην,
348 806 474 875 μήτε
522 806 710 877 χρόνον
776 807 1230 877 προεισενεγκὼν,
1297 808 1372 872 ώς
1428 808 1548 872 ibo;
1599 811 1711 872 τοῖς

192 900 435 964 πλείστοις,
467 900 601 968 μήτε
639 899 760 954 τινά
795 900 986 953 πολιὰν
1007 901 1191 971 τρίχα,
1232 903 1370 971 μήτε
1399 901 1523 954 τινὰ
1544 900 1711 971 τιμὴν

191 990 442 1059 ἱερατικὴν.
481 990 781 1060 Ηύτρέπιζε
815 991 870 1043 δέ
899 1008 990 1061 μοι
1017 991 1145 1063 ήδη,
1178 992 1254 1055 ὡς
1277 991 1364 1061 ἐφ’
1394 991 1596 1062 ἑτοίμῳ
1632 990 1709 1061 τῷ

191 1084 447 1151 πράγματι,
481 1086 570 1135 καὶ
594 1081 711 1153 erg
729 1083 853 1152 ἀξία
879 1084 1224 1152 προσήκοντα
1251 1078 1391 1153 ἦσαν
1415 1082 1706 1151 ἐνδύματα.

1811 536 1957 605 quod
2014 550 2115 590 nec
2166 550 2419 618 prox-cpta
2453 544 2608 590 tetate
2658 549 2756 588 nec
2811 548 2947 587 cano
2979 531 3241 601 eapillitio
3278 544 3379 585 nec

1812 626 2119 680 sacerdotio
2153 628 2339 695 aliquo
2387 626 2826 689 commendatus,
2869 634 2929 679 ut
2957 623 3201 693 plerique
3235 623 3378 677 sole-

1810 728 1951 779 rent.
1983 720 2073 774 illa
2107 719 2342 774 fruerer.
2377 719 2492 773 Jam
2523 733 2670 782 vero,
2699 729 2756 772 ut
2784 731 2841 771 re
2866 732 2973 771 non
3001 715 3372 781 dubia,etiam
3459 781 3471 785 _

1809 810 2061 881 dignitati
2112 821 2513 865 consentaneas
2563 818 2745 864 vestes
2796 808 2927 862 mihi
2981 807 3228 877 parabat.
3266 808 3376 877 Ego

1810 916 1965 967 vero,
2002 916 2127 955 cum
2161 901 2587 956 adolescentiam
2632 913 2808 953 meam
2841 907 2897 952 et
2932 912 3145 967 tempus
3176 896 3372 966 hujus-

1811 993 1956 1047 modi
1988 993 2153 1047 rebus
2185 992 2422 1046 alienum
2459 985 2917 1053 considerassc'm,
2963 990 3030 1043 ad
3079 988 3227 1043 hunc
3265 1001 3380 1040 mo-

1808 1082 1940 1138 dum
1980 1083 2145 1137 verba
2169 1082 2273 1137 feci
2300 1099 2316 1137 :

197 1170 308 1239 Ἐγὼ
331 1170 372 1223 δ’
399 1173 451 1230 ἐς
472 1171 570 1236 τὴν
608 1170 859 1239 ἐμαυτοῦ
891 1172 1119 1240 νεότητα
1150 1171 1358 1224 ἀπιδὼν
1385 1171 1481 1225 καὶ
1511 1173 1609 1241 τὴν
1648 1171 1757 1226 τῶν
1779 1171 2035 1225 τοιούτων
2060 1173 2267 1243 ἀωρίαν
2293 1172 2635 1244 πραγμάτων
2658 1170 2943 1244 παρελθὼν
2978 1169 3133 1237 ἔλεξα
3162 1166 3377 1235 τοιάδεῘ

239 1265 299 1319 τ’.
340 1284 357 1317 ι
390 1267 516 1337 Περὶ
541 1270 641 1333 μὲν
681 1267 922 1337 ἐμαυτοῦ
974 1267 1085 1338 (89)
1128 1271 1221 1321 καὶ
1273 1269 1349 1331 ὡς
1398 1268 1550 1321 οῦπω
1609 1287 1698 1339 μοι

1810 1251 1815 1256 ’
1870 1269 1937 1324 ll.
1985 1288 2004 1322 ι
2048 1269 2203 1337 Quod
2231 1270 2299 1323 ad
2330 1284 2415 1322 me
2445 1276 2501 1322 et
2540 1268 2884 1322 immaturam
2913 1264 3224 1318 sacerdotio
3250 1269 3382 1318 arta-

187 1360 337 1427 καίρια
363 1360 426 1410 τὰ
474 1360 570 1428 τῆς
627 1360 895 1428 ίερατείας
959 1358 1164 1430 βραχύν
1202 1377 1326 1414 τινα
1363 1362 1698 1431 ἀποχρήσειν

1803 1367 1911 1412 tem
1945 1360 2165 1422 attinet,
2198 1374 2306 1412 non
2340 1372 2535 1425 magna
2566 1370 2706 1425 opus
2730 1369 2850 1409 esse
2875 1353 3120 1408 arbitror
3146 1369 3381 1408 excusa-

185 1464 254 1515 μοι
276 1447 402 1500 δοκῶ
426 1447 511 1499 τὸν
540 1448 826 1516 ἀπόλογον.
864 1449 933 1502 Ὅ
986 1466 1043 1502 τι
1074 1450 1181 1521 γάρ
1210 1468 1301 1519 μοι
1333 1451 1521 1522 χρόνος
1550 1452 1698 1506 οὔπω

1801 1448 1969 1503 tione.
1995 1450 2130 1503 Nam
2147 1459 2201 1503 et
2226 1450 2353 1503 anni
2388 1450 2492 1504 mei
2527 1448 2728 1503 talibus
2751 1448 2915 1501 rebus
2953 1456 3083 1502 sunt
3115 1446 3376 1516 impares,

181 1536 342 1605 ὡραῖος
379 1537 509 1606 πρός
553 1554 616 1605 γε
662 1539 727 1590 τὰ
756 1537 998 1592 τοιαῦτα·
1024 1540 1120 1592 καὶ
1170 1540 1350 1608 μέιτοι
1401 1558 1466 1609 τε
1524 1544 1616 1596 καὶ
1653 1544 1698 1595 οξ

1801 1551 1854 1594 et
1886 1541 1983 1595 otii
2020 1557 2082 1595 ac
2124 1542 2430 1594 litterarum
2464 1540 2690 1595 insanus
2722 1554 2786 1594 ac
2826 1541 3067 1595 furiosus
3098 1555 3252 1592 amor
3279 1537 3379 1591 ad-

180 1631 255 1697 τῆς
279 1630 483 1698 ἡσυχίας
515 1634 610 1685 καὶ
637 1629 747 1682 τῶν
778 1631 952 1700 λόγων
983 1632 1271 1699 μανιώδεις
1305 1635 1399 1686 καὶ
1439 1634 1698 1703 λελυττη-

1806 1634 1915 1687 huc
1939 1633 2084 1702 apud
2117 1648 2202 1687 me
2235 1633 2410 1687 fervet
2437 1650 2450 1686 :
2488 1647 2591 1687 nec
2621 1647 2706 1686 me
2738 1632 2964 1686 missum
2996 1631 3266 1685 facturum
3299 1630 3380 1681 al-

182 1723 302 1781 ῑότες
328 1721 515 1790 ἔρωτες
548 1721 758 1792 seem
791 1720 870 1775 ἔτι
903 1722 1032 1793 παρ’
1058 1726 1181 1792 ἐμοὶ
1217 1724 1310 1778 καί
1349 1741 1416 1794 με
1451 1724 1549 1796 μὴ.
1574 1726 1702 1795 πρὶν

181 1816 239 1873 εἰς
262 1813 400 1882 κόρον
454 1796 690 1883 ὲξήέειν,
756 1817 1021 1885 παρήσειν
1072 1814 1515 1885 διῖσχυρίζονται.
1565 1816 1699 1871 Τότε

179 1918 259 1970 γ;ρ
280 1905 362 1954 καὶ
400 1904 463 1956 τὰ
497 1907 598 1973 τῆς
651 1904 890 1966 διανοίας
935 1904 996 1956 τὸ
1028 1907 1226 1973 ἄφετον
1260 1903 1403 1969 ἕξειν
1443 1908 1537 1959 καὶ
1566 1908 1702 1959 άπο-

180 2001 292 2063 χρῶν
304 1997 424 2063 πρὶς
438 1997 576 2049 Θεοῦ
597 1996 954 2067 λειτουργίαν.
976 1996 1049 2050 Τὸ
1073 1997 1128 2050 δὲ
1153 1996 1247 2050 νῦν
1276 1998 1701 2069 ἐμϐριθεστέραν

181 2085 287 2137 εἶναι
316 2087 407 2156 τὴν
434 2087 538 2138 τῶν
576 2089 891 2157 μυστηρίων
922 2087 1146 2158 τόλμαν,
1173 2088 1206 2159 ἢ
1234 2088 1306 2152 ὡς
1339 2091 1436 2160 ἐμέ
1479 2107 1539 2159 γε
1570 2093 1702 2145 ἐνεῖ-

178 2192 245 2227 ναι
279 2176 453 2245 ῥᾳδίως
485 2176 733 2245 ἐνέγκαι,
766 2178 923 2230 τοῦτο
961 2178 1007 2230 δ’
1028 2176 1121 2232 οὖν
1161 2180 1209 2231 εί
1231 2182 1304 2248 μή
1350 2197 1429 2250 τῳ
1477 2181 1543 2251 δὴ
1590 2182 1699 2235 τῶν

182 2268 354 2319 πάντων
375 2267 532 2336 ἄλλῳ,
564 2267 706 2337 αλλὰ
728 2268 836 2337 γὰρ
867 2269 921 2320 εἷ
946 2284 997 2321 τι
1021 2268 1129 2321 τῶν
1158 2269 1414 2323 ἁπάντων
1447 2271 1574 2324 ἄλλο
1608 2273 1700 2324 καὶ

177 2356 299 2409 τοῦτο
323 2358 381 2427 δὴ
400 2358 503 2410 τῶν
531 2360 679 2412 πάνυ
712 2377 793 2411 τοι
814 2360 1096 2431 προδήλων
1113 2363 1322 2432 ἔμοιγε.
1342 2361 1575 2432 Ὀπὸσην
1590 2363 1698 2433 γὰρ

184 2447 316 2514 ἐχρῆν
340 2446 427 2497 τοῦ
454 2450 782 2517 πράγματος
811 2449 909 2516 τὴν
934 2452 1151 2520 πεῖραν,
1190 2452 1377 2520 τόσην,
1411 2451 1483 2513 ὠς
1502 2454 1695 2517 εἰπεῖν,

178 2537 296 2589 ἀσκῶ
323 2539 412 2610 τὴν
440 2540 703 2611 ἀπειρίαν
730 2544 787 2593 ὲν
824 2540 955 2609 γοῦν
976 2542 1052 2610 τῷ
1073 2543 1322 2612 παρόντι.
1353 2546 1423 2597 Τὸ
1445 2546 1491 2598 δ’
1524 2546 1697 2609 οὕτως

180 2630 543 2703 ἕχοντ⁹ἁμαθῶς
574 2634 924 2704 κατατολμᾷν
945 2636 1053 2686 τῶν
1091 2634 1252 2688 θείων
1276 2637 1370 2690 καὶ
1384 2638 1695 2707 ἀψαύστων,

178 2721 321 2789 ὅμοιον
333 2722 386 2776 ὃν
402 2721 551 2775 ὥσπε
562 2741 596 2794 ρ
613 2722 677 2777 ἄν
696 2725 749 2775 εἰ
762 2740 845 2785 τις
856 2724 1101 2793 ὲπεπὴδα
1119 2724 1379 2795 θαλάττῃ,
1399 2726 1527 2797 πρὶν
1544 2726 1577 2797 ἢ
1594 2745 1698 2796 μα·

176 2811 262 2864 θεῖν
274 2812 634 2884 διανήχεσθαι,
652 2813 769 2868 οὔθ’
791 2816 941 2883 ὑγιὲς
962 2816 1283 2885 ἧγημαικαὶ
1306 2818 1425 2870 οὐδὲ
1447 2818 1696 2872 πλείστου

176 2902 255 2955 δέω
272 2904 651 2976 θαυμάξειν,ζεί
670 2923 749 2968 τις
767 2907 1052 2975 ἀνάσχοιτδ
1072 2924 1195 2959 ποτε
1210 2908 1480 2978 τοσαύτην
1496 2910 1699 2979 τόλμαν

179 2995 458 3066 ἀνασχέσθαι
496 2997 751 3068 λογισμῷ
801 2997 1163 3067 καθεστηκότι
1208 2999 1459 3069 πλήττων
1483 3000 1693 3058 ἑαυτόν.

1809 1729 2010 1791 lirmat,
2046 1726 2366 1796 priusquam
2408 1726 2475 1780 iis
2507 1725 2574 1779 ad
2612 1727 2925 1781 satietatem
2970 1725 3205 1779 fruatur.
3238 1722 3377 1776 Tum

1808 1819 1955 1873 enim
1988 1828 2045 1873 et
2075 1819 2303 1873 liberum
2334 1817 2449 1873 fore
2481 1833 2660 1872 meum
2693 1819 2934 1872 animum
2972 1825 3029 1871 et
3055 1816 3120 1870 all
3155 1813 3249 1869 Dei
3279 1830 3379 1867 mi-

1810 1911 2094 1965 nisterium
2147 1909 2425 1965 idoneum.
2481 1908 2638 1965 Nunc
2692 1925 2819 1963 vero
2877 1910 3141 1963 audacem
3178 1916 3379 1979 mystc-

1808 2004 2015 2056 riorum
2060 2002 2438 2059 tractationem
2491 2018 2629 2058 onus
2672 2018 2793 2057 esse
2841 2002 3079 2072 gravius,
3113 2015 3274 2068 quam
3319 2009 3380 2053 ut

1808 2092 1967 2146 facile
1997 2091 2128 2145 illud
2158 2093 2360 2161 possim
2386 2095 2679 2157 sustinere,
2708 2093 2754 2147 si
2801 2107 2962 2145 nemo
2998 2092 3140 2144 alius
3169 2088 3378 2143 intelli-

1805 2182 1902 2251 git,
1951 2198 2052 2254 ego
2082 2192 2231 2238 certe
2265 2183 2345 2239 sic
2394 2185 2664 2255 intelligo,
2703 2193 2766 2239 ut
2819 2183 2958 2237 nihil
3004 2182 3204 2253 magis.
3238 2180 3374 2236 Nam

1806 2283 2067 2343 quantam
2119 2291 2207 2330 res
2261 2276 2656 2346 experientiam
2711 2277 3204 2349 postulantatantze
3238 2273 3375 2328 mihi

1807 2382 1930 2421 sum
1965 2366 2253 2436 imperitia:
2280 2369 2557 2435 conscius,
2598 2369 2701 2423 huc
2728 2369 2949 2439 quidem
2976 2376 3247 2437 tempore;
3276 2367 3376 2421 At-

1805 2460 1898 2529 qui
1932 2460 2210 2514 hominem
2243 2459 2382 2516 adeo
2415 2461 2606 2516 rudem
2633 2461 2835 2516 divinis
2863 2471 2918 2515 et
2950 2476 3056 2514 non
3092 2459 3376 2530 tangendis

1805 2566 1926 2608 sese
1981 2552 2149 2607 rebus
2209 2552 2480 2623 ingerere,
2532 2568 2641 2606 non
2694 2552 2843 2607 aliud
2892 2552 3081 2616 fuerit,
3129 2566 3291 2622 quam
3328 2551 3373 2605 si

1805 2644 1929 2713 quis
1984 2643 2209 2699 natandi
2269 2645 2491 2700 nescius
2537 2645 2592 2699 in
2660 2660 2810 2700 mare
2868 2645 3087 2701 desiliat
3141 2663 3155 2699 :
3210 2644 3367 2717 341

1805 2749 1985 2804 neque
2026 2734 2142 2788 sani
2170 2736 2411 2792 hominis
2438 2752 2538 2808 ego
2574 2752 2694 2793 esse
2737 2744 2869 2807 puto
2901 2748 2959 2793 et
2991 2740 3151 2794 valde
3181 2741 3372 2803 mirer,

1803 2827 1852 2882 si
1892 2828 2015 2898 quis
2062 2829 2246 2883 animo
2291 2838 2548 2885 constans
2597 2831 2680 2885 vel
2735 2830 2975 2901 c0gitare
3023 2831 3129 2886 tale
3162 2832 3371 2902 aliquid

1803 2922 2090 2977 sustineat.
2122 2921 2331 2989 Quibus
2375 2924 2521 2978 enim
2575 2923 2919 2987 fulminibus.
2968 2925 3170 2995 quibus
3207 2927 3373 2982 maris

1805 3014 2113 3098 gurgitibus
2145 3031 2254 3069 non
2295 3016 2457 3085 digna
2480 3015 2645 3070 fuerit
2684 3016 2773 3070 illa
2803 3018 3172 3072 conlidentia?
3196 3016 3373 3074 Caete-

185 3087 319 3142 Ποίων
348 3093 441 3158 μὲν
489 3093 607 3161 γὰρ
636 3092 735 3142 οὐκ
758 3089 823 3143 ἂν
853 3090 936 3160 εἴη
970 3092 1321 3161 πρηστήρων,
1347 3091 1510 3146 ποίων
1526 3091 1572 3145 δ’
1594 3094 1694 3148 οὐκ

1801 3089 1919 3160 rum
1951 3121 2058 3162 tuae
2091 3108 2389 3177 majestatis
2417 3108 2765 3163 clementiam
2794 3125 2923 3180 erga
2954 3125 3062 3175 me,
3094 3110 3364 3170 sollicitu-

180 3177 228 3231 ἂν
249 3180 520 3236 θαλαττίων
552 3182 846 3252 πυθμένων
901 3181 961 3233 τὸ
980 3182 1222 3252 πρᾶγμα
1250 3183 1506 3250 έπάξιον;
1552 3179 1690 3238 Εἶεν.

182 3271 234 3321 ’1⁸4
256 3290 306 3340 γε
369 3278 471 3345 μὴν
524 3274 668 3343 πρὸς
705 3273 806 3342 ἐμὲ
840 3276 1085 3343 εὐμενὲς,
1111 3275 1202 3327 καὶ
1257 3276 1552 3345 κηδόμενον
1602 3276 1696 3330 τοῦ

182 3361 250 3414 σοῦ
264 3367 474 3434 κράτους
507 3368 609 3420 καὶ
642 3367 777 3436 πρὸς
809 3366 1034 3429 εὐποῖας
1057 3366 1197 3419 πάνυ
1227 3383 1310 3419 τοι
1340 3369 1542 3437 σφόδρα
1576 3369 1697 3421 km-

179 3453 310 3516 ιλινὲς
327 3462 410 3509 καὶ
426 3459 752 3530 ὀξύρροπον,
771 3456 925 3529 [P.2l
936 3455 992 3528 0]
1009 3457 1239 3529 εἷπερδή
1256 3458 1427 3511 τιτῶν
1444 3458 1698 3513 ἁπάντων

177 3540 323 3612 ἕτερον
346 3549 429 3596 καὶ
457 3546 623 3599 τοῦτο
645 3545 691 3599 5'
712 3549 772 3598 ὲν
798 3548 909 3609 τοῖς
945 3547 1181 3617 μάλιστα
1229 3548 1403 3615 ἔγωγε
1460 3548 1695 3619 ἄγαμαιο

176 3636 353 3689 καὶούκ
372 3638 472 3708 ἔχω
524 3637 868 3701 παντοδαπῶς
913 3640 1230 3709 γιγνόμενος
1266 3639 1374 3694 τίσι
1414 3642 1696 3712 χρησάμε-

177 3740 240 3787 νος
259 3727 500 3792 έπινοῖαις
528 3729 722 3798 γνοίην
752 3730 899 3791 ὅπως
923 3729 1053 3781 ποτε
1117 3731 1211 3783 καὶ
1242 3725 1440 3783 οἷστισι
1469 3732 1581 3794 τοῖς
1614 3731 1697 3783 αί-

177 3816 277 3879 τίσις
312 3820 461 3883 αὐτὸς
507 3819 883 3893 χρησάμενος,
919 3813 964 3874 ὦ
1026 3820 1270 3889 βασιλεῦ,
1311 3821 1550 3885 τοιοῦτός
1604 3840 1693 3894 μοι

179 3908 317 3976 mm.
355 3910 512 3976 Ἀλλ’,
556 3910 635 3972 ὡς
667 3911 836 3975 ἔοικε,
886 3912 1029 3980 ’πρὸς
1080 3912 1169 3964 τὸν
1201 3910 1376 3966 κοινὸν
1417 3915 1693 3984 Δεσπότην

176 3995 322 4068 ὥσπερ
352 4002 483 4071 πρὸς
515 4002 829 4070 ἀρχέτυπον
882 4003 1098 4070 εὐφυῶς
1162 4004 1540 4075 ἁμιλλώμενος
1593 4007 1693 4060 οὐκ

177 4085 412 4155 ἀναμένεις
437 4093 623 4153 αἰτίας
655 4093 741 4145 ἀεὶ
769 4093 897 4163 περὶ
914 4094 1022 4146 πᾶν
1051 4094 1276 4162 ἀγαθόν’
1299 4095 1437 4150 άλλά
1465 4099 1541 4168 πὴ
1569 4097 1689 4167 μὲν,

180 4180 512 4247 ἠδ’άναίτιος
541 4184 711 4254 γίγνῃ
765 4186 860 4238 καὶ
900 4185 1103 4255 σφόδρα
1132 4187 1412 4256 φιλότιμος
1467 4190 1690 4259 εὐεργέ-

178 4284 264 4338 ης.
288 4274 345 4326 '0
373 4274 433 4344 δὴ
454 4277 553 4329 καὶ
596 4276 827 4345 μάλιστα
859 4276 1063 4338 πάσαις
1114 4279 1310 4349 ἀρχαῖς
1362 4281 1692 4335 οίκειότατον

177 4376 217 4411 τε
238 4366 314 4417 καὶ
343 4367 810 4435 πρεπωδέστατον.
874 4369 949 4421 Τὸ
973 4369 1082 4440 γὰρ
1110 4371 1576 4443 προῦπηργμένης
1600 4376 1690 4427 αἰ-

178 4453 260 4515 τίας
279 4458 570 4527 εὐεργετεῖν
620 4461 682 4510 ού
713 4459 911 4528 μᾶλλόν
940 4459 990 4527 γ’
1013 4462 1080 4512 ἂν
1102 4461 1188 4530 εἴη
1229 4462 1324 4519 τοῦ
1370 4463 1624 4532 δρῶντος,
1655 4464 1689 4534 ἢ
1728 4444 1765 4494 υ

178 4545 243 4597 τοῦ
265 4550 348 4617 τὴν
373 4550 554 4602 αἰτίαν
591 4548 1051 4620 προϐεϐλημένου.
1099 4552 1209 4604 Καὶ
1243 4550 1339 4605 νῦν
1387 4552 1579 4621 γέγονέ
1612 4572 1693 4608 σοι

176 4634 219 4695 τὸ
239 4639 315 4709 τῆς
343 4636 500 4704 ἕξεως
523 4641 690 4708 φύσις
712 4641 1103 4711 ἀμεταὸλήτως
1137 4643 1358 4712 ἔχουσα*
1394 4646 1486 4698 καὶ
1505 4646 1694 4716 ῶσπερ

179 4726 335 4784 ἕκαστα
358 4734 462 4785 τῶν
507 4735 683 4785 ὄντων
726 4734 789 4785 τὸ
819 4735 920 4802 τῆς
953 4733 1167 4803 φύσεως
1199 4735 1333 4788 ἴδιον
1373 4736 1693 4807 αὐτομάτως

179 4819 378 4875 ἀποτελεῖ
412 4827 507 4877 καὶ
545 4825 798 4893 ὑγραίνει
849 4826 950 4895 μὲν
980 4825 1145 4897 ὕδωρ,
1175 4827 1300 4880 κάει
1340 4827 1397 4881 δὲ
1450 4829 1559 4900 πῦρ
1601 4834 1695 4885 καὶ

176 4910 382 4978 dilati»;
448 4920 482 4985 η
539 4917 701 4986 φύσις
738 4916 957 4993 ,ἑκάστῳ
1022 4921 1488 4990 κεχειροτόνηκεν,
1550 4919 1693 4975 οὕτω

174 5001 293 5057 δίεισι
320 5009 402 5061 τὸν
434 5010 617 5062 πάντα
640 5011 811 5062 αἰῶνα
848 5010 1214 5076 διατελοῦντα,
1273 5013 1483 5083 οὐδαμῆ
1530 5016 1693 5069 οὐδα-

177 5095 263 5159 μῶς
282 5100 599 5154 οὐδεπώποτ’
640 5099 895 5170 οὐδεμιᾶς
948 5105 1436 5175 ἁποχειροτονῆσαι
1474 5107 1693 5178 δεδυνηο

179 5203 304 5257 μένης
334 5193 563 5260 τροπῆς,
588 5191 730 5245 οὕτω
759 5193 826 5263 δὴ
857 5194 949 5245 καὶ
1002 5195 1166 5258 αὐτὸς
1227 5194 1487 5264 πεφυκὼς
1552 5202 1689 5269 πρὸς

1802 3197 1987 3251 dinem
2043 3206 2099 3251 et
2151 3212 2419 3255 summam
2458 3197 2524 3251 ad
2582 3197 2719 3252 bene
2759 3198 3079 3253 merendum
3124 3215 3368 3269 propen-

1801 3289 2037 3355 sionem,
2074 3289 2118 3344 si
2150 3289 2280 3359 quid
2316 3304 2544 3359 usquam
2570 3289 2719 3344 aliud
2764 3290 2847 3344 vel
2883 3292 2935 3345 in
2968 3291 3162 3360 primis
3194 3291 3372 3347 admi-

1801 3397 1893 3435 ror
1923 3402 1936 3437 :
1970 3393 2025 3437 et
2052 3398 2385 3452 quocunque
2438 3398 2524 3437 me
2571 3392 2812 3445 vertero,
2861 3400 2972 3438 non
3020 3384 3220 3453 habeo,
3258 3401 3370 3456 quo

1799 3474 2031 3529 consilio
2056 3474 2352 3540 adductus,
2392 3475 2662 3543 quibusve
2690 3476 3018 3541 rationibus,
3044 3478 3364 3545 imperator,

1801 3576 1854 3621 te
1886 3567 2018 3621 mihi
2053 3566 2215 3620 talem
2245 3567 2533 3637 praebeas:
2565 3568 2669 3623 nisi
2705 3568 2850 3638 quod
2882 3578 3127 3638 apparet,
3163 3578 3214 3624 te
3237 3586 3364 3625 cum

1798 3661 2043 3711 omnium
2080 3658 2310 3713 Domino
2340 3659 2617 3730 ingeniose
2660 3661 3084 3716 contendentem
3133 3680 3239 3717 non
3279 3666 3367 3718 ul-

1797 3751 1878 3805 las
1902 3759 2216 3820 exspectare
2252 3753 2628 3807 beneﬁcentia.-
2661 3769 2855 3808 causas
2888 3772 2901 3807 :
2939 3755 3034 3810 sed
3081 3755 3214 3811 illud
3245 3767 3365 3812 tan-

1799 3849 1912 3895 tum
1973 3852 2241 3912 spectare,
2296 3860 2402 3914 qua
2462 3845 2674 3900 ratione
2740 3846 2878 3901 bene
2919 3848 3114 3902 mereri
3169 3850 3363 3917 possis.

1797 3934 1953 4002 Quod
1986 3938 2423 4016 sane.omnibus
2470 3937 2718 4007 imperiis
2762 3937 3140 4008 dignissimum
3182 3952 3266 3995 est
3309 3950 3367 3995 et

1798 4027 2033 4082 maxime
2059 4027 2362 4097 proprium.
2394 4028 2529 4082 Nam
2566 4029 2942 4084 beneﬁcentiae
2977 4046 3140 4085 causa
3165 4046 3368 4103 suppe-

1794 4121 1964 4175 ditata
1999 4110 2345 4186 benefacere,
2372 4136 2482 4174 non
2534 4128 2639 4174 tam
2696 4120 2925 4176 beneﬁci
2962 4121 3147 4185 fuerit,
3195 4140 3357 4194 quam

1792 4214 1912 4283 ejus
1946 4212 2039 4282 qui
2072 4213 2125 4268 id
2155 4215 2419 4268 meruerit
2454 4231 2467 4268 :
2500 4222 2553 4269 et
2600 4227 2748 4268 nunc
2800 4214 3060 4271 diuturna
3108 4217 3195 4272 illa
3225 4234 3361 4274 con-

1793 4300 2030 4355 suetudo
2064 4310 2154 4355 tua
2200 4301 2254 4355 in
2281 4301 2675 4357 immutabilem
2708 4310 2956 4358 naturam
2992 4314 3076 4360 est
3106 4315 3313 4361 mutata
3343 4327 3356 4363 :

1793 4402 1850 4447 et
1879 4394 1950 4447 ita
1989 4401 2046 4447 ut
2088 4408 2280 4447 omnes
2318 4393 2437 4447 alia:
2467 4408 2554 4447 res
2594 4393 2708 4449 sive
2734 4405 2941 4450 natura:
2978 4411 3176 4450 munus
3216 4398 3360 4453 ultro

1795 4478 2021 4541 faciunt,
2050 4490 2107 4534 ut
2136 4495 2274 4550 aqua
2310 4481 2609 4549 humeCtat,
2636 4492 2693 4536 ut
2727 4482 2869 4552 ignis
2896 4484 3028 4548 urit,
3054 4485 3362 4556 eodemque

1788 4570 1954 4643 modo
1980 4581 2178 4626 caetera
2217 4588 2313 4641 per
2360 4588 2524 4628 omne
2555 4590 2728 4628 a-vuin
2780 4585 3006 4630 naturas
3042 4592 3171 4633 suas
3226 4579 3360 4632 reti-

1792 4669 1945 4723 nent,
1985 4677 2086 4715 nee
2113 4661 2218 4715 ulla
2256 4678 2494 4732 unquam
2529 4663 2581 4718 vi
2617 4665 2685 4718 ab
2731 4664 2798 4718 iis
2848 4665 3198 4733 depelluntur
3230 4682 3245 4719 :
3276 4666 3358 4721 sie

1792 4760 1846 4805 et
1878 4752 1992 4821 ipse
2019 4753 2089 4806 ad
2117 4751 2565 4808 benefaciendum
2588 4765 2747 4810 natus
2770 4770 2947 4825 neque
2973 4756 3154 4811 verbis
3177 4770 3356 4826 neque

1793 4841 1951 4897 factis
2002 4844 2141 4899 bene
2197 4846 2395 4901 mereri
2441 4847 2682 4902 desistis.
2736 4848 2915 4914 Quare
2967 4864 3090 4903 cum
3140 4857 3359 4918 gratum

1791 4934 2035 4986 animum
2092 4935 2371 4991 declarare
2402 4938 2585 4992 verbis
2620 4932 2672 4991 in
2729 4940 2923 5007 primis
2978 4940 3218 5007 cupiam,
3256 4954 3358 4994 nec

1792 5026 1843 5080 id
1892 5042 1992 5096 pro
2041 5025 2305 5098 dignitate
2348 5029 2527 5085 facere
2554 5030 2715 5101 342
2762 5033 3003 5101 possim»
3026 5048 3134 5087 non
3174 5033 3360 5087 minus

1790 5125 1847 5171 et
1881 5120 2108 5188 tempori
2141 5129 2198 5174 et
2244 5122 2503 5185 orationi,
2532 5139 2695 5192 quam
2733 5123 2833 5193 ipsi
2864 5124 2996 5178 mihi
3033 5140 3356 5189 succenseo,

1792 5224 1916 5264 cum
1966 5220 2260 5280 utrumque
2308 5228 2375 5267 ex
2429 5230 2584 5282 inquo
2640 5216 3068 5284 reprehensione
3131 5217 3357 5290 dignum

177 5277 440 5351 εὐεργεσίας
465 5287 625 5340 τοῦτο
657 5288 752 5341 καὶ
785 5287 962 5355 λόγοις
1012 5290 1110 5342 καὶ
1160 5292 1501 5361 πράγμασιν,
1528 5295 1690 5348 οἱονεί

1801 5303 2118 5357 rxistimcm.
2149 5305 2285 5359 Nam
2317 5306 2494 5359 oratio
2537 5321 2661 5360 cum
2709 5308 2994 5362 materiam
3036 5318 3256 5378 superet
3293 5317 3355 5364 et

1473 5426 1806 5491 Variorum
1848 5442 2030 5495 notae.
2239 5478 2265 5517 ο

227 5515 399 5609 ςξεξξῌιι
424 5519 579 5609 istis”
622 5519 1422 5609 orationibus“e‘nconiialsiicis
1487 5527 1678 5609 Latine
1778 5534 1966 5609 Neque
1995 5552 2128 5609 ergo
2156 5515 2338 5609 operae
2368 5556 2490 5597 esse
2521 5539 2826 5595 existimavi
2858 5554 2953 5595 eas
2986 5540 3167 5596 denuo
3202 5541 3320 5600 Lati
3348 5582 3357 5587 -

424 5589 653 5679 \‘Yollius
684 5606 790 5643 non
816 5593 1124 5679 adeo-ﬁdus
1153 5609 1216 5648 ac
1240 5596 1471 5677 diligens
1504 5599 1675 5654 inter-
1780 5588 1890 5658 nas.
1919 5588 2121 5679 facere:
2163 5588 2489 5667 c2}?

182 5660 697 5747 EfﬁgluttLNunirum
736 5676 784 5713 et
812 5678 941 5747 iuon-
960 5663 1093 5716 tanti
1120 5679 1240 5745 esse
1270 5660 1397 5721 visa:
1434 5679 1581 5747 sunt,
1616 5681 1675 5747 ut
1779 5660 2065 5731 commode
2078 5660 2323 5745 vehis;
2354 5660 2752 5747 ca‘
2765 5660 3152 5737 Ὲῖίιέῖἔὸῐὲα

180 5726 355 5780 multum
377 5731 578 5782 laboris
610 5732 948 5799 impenderet
980 5748 1166 5786 earum
1206 5726 1668 5806 interpretationi.

439 5825 681 5882 ΡΑτιιοι
741 5825 856 5885 Gn.
904 5828 1194 5891 CXLVllI

1780 5748 1924 5801 bere.
1957 5747 2167 5804 Bonvtxv.

2962 5850 3031 5909 17
