3980 6204
590 354 693 422 5’27
843 352 897 425 [Α
961 368 1016 406 u.
1060 349 1191 404 679i
1238 364 1302 402 Αῐ)
1342 344 1505 416 6856]

1789 342 2211 405 NlCEPIIORl
2250 341 2634 404 GREGORAE

3665 380 3668 393 .
3728 326 3835 392 5'28

2942 328 3075 402 [ηερ.
3115 341 3402 382 Ακοιιοιιιο.
3446 325 3588 398 $311.}

586 471 659 523 sit
690 465 851 537 346
870 460 1308 534 longeinl‘erius.
1334 458 1413 512 lla
1436 456 1583 511 enim
1610 461 1736 507 sunt
1766 468 1853 506 res
1887 452 2142 505 humanae

2278 454 2290 504 i
2301 454 2501 521 μνῆσαι
2530 450 2729 511 κάλλος
2753 444 2916 502 αὐτοῦ
2945 448 3039 500 καὶ
3093 445 3323 515 μέγεθος
3357 441 3452 495 καὶ
3476 442 3839 512 τερπνότητα.

585 570 650 615 ut
680 559 813 612 alias
840 556 999 641 c0pia
1032 552 1332 613 abundent,
1388 548 1522 603 alias
1551 544 1778 616 penuria
1816 543 2065 597 laborent
2096 548 2153 594 et

2260 543 2413 611 Μηδὲ
2434 543 2542 609 γὰρ
2573 540 2711 609 ἔχων
2736 539 2842 607 ὅτῳ
2867 555 2953 600 τις
2979 534 3251 606 παραθείη
3285 532 3392 585 τῶν
3416 534 3473 585 ὲν
3498 532 3692 600 κόσμῳ
3705 529 3842 601 (96),

585 652 820 709 subinde
860 622 1017 703 aliter
1063 654 1226 713 atque
1274 642 1432 695 aliter
1475 653 1598 693 sese
1648 634 1910 689 habeant.
1975 630 2156 696 Quare

2278 632 2455 686 τολλοῦ
2497 630 2563 685 ἂν
2596 630 2807 701 δεήσειε
2841 628 3029 696 σαφῶς
3080 644 3136 678 τι
3184 623 3467 692 ἀγγέλλειν
3496 624 3629 691 περὶ
3663 622 3846 691 ἡλίου.

579 744 860 801 medicina
914 740 1021 795 illis
1053 753 1161 792 non
1224 733 1476 803 simplex,
1524 727 1618 784 sed
1670 726 1819 780 varia
1864 732 1947 778 est
1998 719 2158 775 adhi-

585 837 814 898 benda,
875 832 1022 887 unde
1092 829 1223 883 illud
1294 822 1648 896 proverbium
1706 837 1721 873 :

592 928 775 988 πλοῦς.
816 926 884 979 Et
925 923 970 978 si
1026 922 1128 975 hac
1155 919 1336 972 minus
1369 912 1657 976 successit,
1688 924 1774 964 res
1816 907 1918 961 alia
1952 907 2038 960 via
2067 919 2160 973 ag-

2259 719 2443 785 Πολλῷ
2473 717 2530 771 δὲ
2569 718 2741 788 δήπου
2796 718 3055 787 πλείονος.
3083 716 3115 784 ἦ
3164 714 3361 784 μᾶλλον
3394 712 3491 766 τοῦ
3520 713 3727 774 παντός
3783 727 3851 779 γε

1788 818 1848 869 '0
1902 814 2157 881 δεύτερος
2256 812 2467 881 δεήσειε
2492 813 2598 873 πᾶς
2626 827 2707 871 τις
2738 806 3084 881 άρμοττούσῃ
3111 807 3325 877 γλώττῃ
3358 804 3622 869 διεξιέναι
3658 806 3728 856 τὰ
3752 807 3846 866 ai,

2259 904 2314 967 ὃς
2344 902 2562 957 ἃπαντα
2590 900 2698 954 τῶν
2722 904 2780 954 ἐν
2806 899 3120 970 ἀνθρώποις
3152 897 3221 951 τὰ
3257 896 3518 963 κάλλιστα
3548 894 3647 947 καὶ
3672 894 3848 962 ὕπερ-

586 1015 907 1088 gredieuda.
944 1013 1038 1066 Est
1069 1010 1213 1064 enim
1238 1005 1484 1060 omnium
1515 1015 1698 1056 rerum
1729 996 1987 1069 cognatio
2013 1010 2160 1064 quae-

2278 994 2377 1063 ριᾶ
2409 992 2708 1063 συλλήϐδην
2735 991 2879 1059 ἔχεις
2915 987 3209 1042 συλλαϐών.
3255 989 3362 1041 Kal
3397 986 3504 1056 μὴν
3532 986 3582 1038 εί
3613 987 3713 1055 μὲν
3732 985 3840 1037 ἀπὶ

586 1087 717 1164 dam
761 1116 817 1161 et
866 1102 1190 1162 similitudo,
1222 1105 1509 1168 prepterea
1539 1092 1685 1162 quod
1726 1106 1796 1144 ex
1826 1088 2019 1142 iisdem
2050 1087 2165 1140 ele-

590 1198 797 1255 mentis
820 1211 1012 1251 omnes
1043 1201 1318 1249 constant.
1356 1187 1493 1241 Ecce
1522 1186 1670 1240 enim
1704 1182 1917 1237 facibus
1939 1189 1993 1232 et
2019 1180 2163 1249 regis

590 1290 825 1349 utimur,
854 1300 976 1338 cum
1006 1282 1139 1337 solis
1169 1275 1460 1348 splendore
1505 1272 1858 1328 destituimur
1908 1278 1962 1322 et
1997 1276 2163 1322 noz'tu

596 1377 764 1433 veluti
810 1376 976 1429 alium
1008 1369 1300 1442 quemdam
1345 1365 1517 1421 solem
1553 1360 1956 1416 machinamur.
1988 1359 2167 1427 Atque

586 1466 759 1519 etiam
793 1477 919 1518 cum
949 1469 1121 1515 totum
1155 1455 1425 1513 mundum,
1452 1453 1765 1521 exprimere
1793 1448 2080 1503 studemus
2103 1460 2169 1500 ac

595 1555 833 1610 circulos
854 1562 913 1607 et
944 1550 1218 1606 motiones
1261 1544 1386 1600 (ιιι)ιί
1417 1552 1472 1598 et
1506 1556 1630 1595 cum
1678 1549 1822 1594 terra
1861 1538 2170 1607 conﬁgura-

588 1650 801 1708 tiones,
852 1642 1037 1714 parvis
1067 1637 1392 1709 quibusdam
1423 1649 1548 1688 eum
1593 1631 1829 1703 glebulis
1878 1630 2172 1684 adumbra-

592 1753 737 1791 mus.
769 1733 924 1800 Quod
957 1733 999 1787 si
1048 1730 1112 1785 ad
1152 1729 1424 1799 pictorum
1448 1734 1594 1779 artes
1641 1736 1950 1778 sermonem
1987 1728 2165 1775 trans-

2266 1084 2357 1139 σοῦ
2382 1101 2444 1152 γε
2474 1080 2615 1150 ἦσαν
2647 1082 2912 1153 ἡργμὲνοι
2938 1081 3046 1133 τῶν
3111 1079 3406 1149 ἐγκωμίων
3439 1077 3490 1130 oi
3541 1078 3714 1145 νόμοι.
3768 1074 3832 1127 ού

2268 1180 2430 1248 μόνον
2477 1175 2858 1246 ποικιλώτεροι
2912 1174 2978 1228 ἂν
3029 1174 3304 1242 ἐγίγνοντο
3369 1168 3463 1222 καὶ
3517 1169 3726 1229 πλείους
3761 1166 3831 1235 τῇ

2266 1271 2427 1339 τέχνῃ
2444 1271 2720 1338 κπαρεῖχον
2748 1266 2844 1329 τὰς
2871 1264 3146 1333 ἀφορμάςο
3174 1263 3221 1334 οἱ
3253 1260 3297 1314 δ’
3332 1258 3484 1312 αὐτοὶ
3515 1259 3608 1311 zeal
3638 1255 3840 1324 νεαρῶ-

2267 1361 2416 1432 τεροί
2437 1378 2516 1413 σοι
2540 1357 2966 1431 προσϐάλλοντες
2993 1356 3089 1413 καὶ
3115 1351 3401 1420 άκίόδηλοι
3456 1350 3516 1403 ού
3539 1348 3751 1408 τελέως
3774 1345 3844 1397 ἂν

2270 1453 2436 1506 ἐνδεῖν
2466 1452 2684 1505 ἐδόκουν
2709 1446 2804 1503 τοῦ
2834 1447 3063 1509 εἰκότος.
3113 1444 3250 1498 Νυνὶ
3282 1442 3337 1495 δὲ
3390 1439 3638 1506 καθάπερ
3691 1435 3850 1506 ῥόδον

2275 1541 2551 1612 μαλαχθὲν
2578 1540 2673 1592 καὶ
2700 1535 2976 1592 άπολέσαν
3014 1533 3113 1605 τὴν
3148 1534 3300 1603 ὥραν
3334 1530 3392 1583 ὲν
3427 1525 3510 1591 οἷς
3543 1528 3642 1580 οὐκ
3677 1524 3853 1595 ἐχρῆν

2272 1635 2450 1697 ἄλλοις
2488 1633 2587 1704 μὲν
2627 1633 2691 1700 δή
2725 1647 2835 1683 τισι
2860 1629 3081 1697 φανεῖεν
3112 1626 3177 1685 ἂν
3213 1625 3343 1685 ἴσως
3375 1623 3475 1675 οὐκ
3500 1618 3809 1685 άξυντελείς
3832 1635 3852 1651 ·

2278 1724 2360 1778 σοὶ
2392 1724 2435 1778 δ’
2462 1724 2602 1777 οὕτω
2632 1721 2728 1775 καὶ
2765 1721 2907 1775 πάνυ
2952 1736 3033 1797 τοι
3060 1717 3268 1788 σφόδρα
3291 1713 3625 1780 άξυντελεῖς,
3655 1710 3854 1779 ὥσπερ

598 1829 906 1890 tulerimus,
950 1824 1023 1878 ibi
1055 1837 1183 1875 vero
1211 1820 1505 1890 imaginum
1551 1825 1609 1870 et
1646 1814 2015 1882 exemplorum
2068 1825 2166 1866 co-

2278 1813 2379 1874 τοῖς
2402 1807 2737 1878 ἀεροϐάμοσι
2774 1806 2996 1876 πτηνοῖς
3027 1805 3095 1857 τά
3122 1805 3187 1856 ὲκ
3208 1802 3316 1854 τῶν
3349 1800 3509 1853 λίνων
3547 1797 3850 1865 ἐνδύματα.

600 1923 744 1992 piam
798 1916 1144 1972 inveniemus
1184 1923 1238 1967 et
1287 1926 1415 1963 vere
1452 1923 1670 1963 scenam
1705 1905 1996 1976 quamdam
2051 1912 2167 1958 arte

600 2012 925 2069 histrionica
955 2009 1234 2068 refertam,
1271 2019 1389 2073 qua:
1417 2001 1617 2055 indicia
1642 1998 1889 2069 qua'dam
1922 1995 2169 2050 veritatis

597 2112 882 2169 utcunque
939 2096 1217 2153 coloribus
1273 2090 1555 2148 nonnullis
1616 2095 1993 2159 repraesentet.
2033 2083 2168 2138 Nam

508 2188 519 2199 ⁸
598 2205 726 2243 cum
786 2189 911 2251 alia,
972 2201 1095 2239 cum
1159 2180 1534 2237 universitatis
1590 2178 1748 2248 hujus
1803 2174 2168 2230 architectum

604 2279 902 2339 imitantes,
948 2290 1071 2330 cum
1110 2286 1285 2342 neque
1319 2270 1576 2340 Spiritum
1611 2268 1699 2333 iis,
1752 2282 1892 2336 quas
1932 2264 2169 2328 faciunt,

602 2372 817 2426 umbris
849 2366 1119 2437 impertiri
1153 2364 1387 2435 possint,
1427 2376 1606 2431 neque
1639 2358 1915 2413 vivificum
1944 2355 2171 2411 semini-

598 2466 709 2520 bus
738 2462 907 2516 solem
939 2478 952 2513 :
984 2460 1039 2514 in
1067 2455 1295 2511 materia
1319 2456 1553 2517 colores,
1585 2449 1698 2504 ludi
1731 2458 1785 2504 et
1806 2450 1917 2521 joci
1951 2448 2171 2519 quidam

596 2564 732 2611 sunt
751 2553 989 2607 illorum.
1009 2552 1086 2603 Ac
1105 2538 1231 2603 inde
1246 2545 1463 2616 quidem
1482 2543 1875 2615 germinantem
1891 2544 2174 2612 segetem’e

604 2654 752 2696 terra
783 2638 1094 2710 producunt
1126 2644 1181 2688 et
1206 2632 1618 2687 herbescentem
1655 2629 1984 2683 viriditatem
2017 2644 2033 2682 :
2068 2628 2176 2681 illic

605 2748 739 2788 vero
768 2729 1006 2784 adultam
1041 2724 1361 2788 ostendunt,
1387 2736 1507 2792 qua:
1548 2735 1726 2789 neque
1758 2720 1962 2783 culmo,
1999 2734 2175 2787 neque

605 2821 795 2891 spicis,
838 2831 1016 2885 neque
1058 2813 1241 2882 aristis
1282 2811 1391 2880 jam
1423 2824 1481 2863 se
1510 2808 1778 2862 contineri
1814 2807 1945 2861 velit
1977 2815 2035 2861 et
2077 2807 2177 2861 fal-

608 2926 727 2966 cem
762 2919 969 2962 tantum
1004 2919 1110 2958 non
1147 2901 1305 2973 347
1339 2900 1542 2968 flagitet
1573 2916 1587 2952 :
1617 2913 1790 2967 eaque
1834 2897 2040 2952 faciunt
2078 2913 2178 2951 nec

610 3014 857 3071 lBlllpOl‘B
889 3005 1224 3064 ωιδρρωςιιο,
1260 3008 1361 3045 "CC
1389 3001 1679 3065 astrorum
1715 3001 1910 3044 exortu
1953 2991 2034 3043 νιξΙ
2085 3007 2180 3044 ου-

604 3109 737 3149 casu
779 3131 790 3143 .
821 3090 918 3144 sed
951 3104 1059 3140 uno
1108 3101 1248 3154 Stupe
1283 3085 1370 3137 die
1401 3092 1456 3137 ct
1489 3092 1726 3152 segetem
1777 3083 2174 3153 germinantem

606 3192 667 3240 et
706 3192 979 3238 maturum
1029 3178 1364 3231 frumentum
1416 3174 1732 3228 ostendunt.
1783 3175 1866 3228 Ad
1918 3176 2174 3228 eumdem

612 3272 837 3329 modum
881 3281 935 3326 et
968 3284 1087 3332 nos,
1122 3267 1214 3338 qui
1246 3267 1533 3320 veritatem
1583 3265 1800 3335 assequi
1857 3266 2173 3335 nequimus,

606 3369 667 3422 id
701 3367 930 3422 facimus
962 3360 1104 3432 quod
1147 3361 1296 3424 licet,
1338 3357 1710 3426 exemplisque
1751 3355 1989 3427 utimur,
2031 3357 2176 3411 indi-

608 3441 761 3531 gnis.
785 3456 892 3511 illis
937 3454 1182 3524 quidem,
1219 3449 1312 3503 sed
1346 3464 1411 3502 ex
1442 3450 1625 3503 animo
1663 3450 1876 3504 sincero
1918 3449 2175 3517 deprom—

612 3554 743 3623 ptis.
785 3551 942 3606 Nunc
986 3548 1131 3602 enim
1166 3542 1449 3613 oportebat
1493 3545 1683 3600 stellas
1721 3542 2095 3615 magnitudine
2123 3549 2178 3595 et

607 3644 906 3716 Splendore
940 3643 1179 3696 illustres
1223 3656 1274 3692 Ill
1325 3654 1491 3692 unum
1525 3639 1647 3694 coeli
1694 3639 1872 3692 locum
1914 3644 2178 3690 coeuntes

604 3737 782 3808 signis
811 3744 868 3791 et
898 3733 1310 3789 characteribus
1346 3732 1514 3787 certis
1537 3745 1623 3796 ea,
1657 3744 1777 3799 quae
1811 3728 1867 3784 in
1903 3737 1956 3782 te
1988 3726 2177 3795 singu-

607 3830 747 3882 laria
774 3836 828 3881 et
860 3826 1229 3898 pulcherrima
1269 3834 1418 3888 sunt,
1445 3823 1781 3887 describere,
1818 3829 1875 3874 ut
1909 3819 2176 3890 quemad-

609 3918 837 3972 modum
897 3916 991 3970 Dei
1033 3916 1264 3986 gloriam
1315 3910 1440 3970 ρώΙί
1484 3921 1762 3978 enarrant,
1802 3913 1875 3965 ita
1924 3921 1980 3966 et
2030 3922 2178 3965 tuam

610 4012 933 4066 memoriam
978 4011 1030 4063 iu
1061 4010 1319 4065 omnibus
1357 4010 1474 4064 suis
1508 4008 1964 4064 conversionibus
2007 4009 2182 4078 expli—

594 4112 804 4156 .carent
863 4111 921 4155 et
978 4100 1413 4154 illustrissimum
1459 4098 1829 4168 imperatoria:
1882 4098 2182 4169 majestatis

592 4194 969 4265 .arehetypum
1002 4205 1055 4247 te
1081 4192 1389 4263 posteritati
1437 4201 1831 4263 proponerent.
1862 4190 2021 4245 Nunc
2063 4204 2178 4242 om-

594 4300 713 4340 .nes
744 4285 996 4339 homines
1033 4284 1087 4337 in
1131 4298 1299 4337 unum
1342 4281 1585 4353 aliquem
1619 4282 1834 4337 telluris
1858 4291 2183 4349 congressos

608 4378 795 4431 locum
832 4392 1000 4430 unum
1034 4377 1143 4432 hoc
1185 4385 1376 4430 votum
1412 4376 1594 4430 facere
1633 4372 1923 4444 oportebat
1956 4372 2020 4424 ad
2054 4385 2178 4424 eum
2214 4376 2229 4399 ί

2270 1898 2431 1951 Ὥστε
2447 1913 2535 1966 μοι
2547 1893 2886 1964 διαποροῦντι
2908 1892 3001 1945 καὶ
3016 1890 3220 1961 ἥκιστα
3233 1889 3517 1959 δυναμένῳ
3542 1887 3683 1956 πρὸς
3700 1884 3851 1946 ἄξιον

2268 1987 2559 2056 ἀναφέρειν
2574 1988 2663 2039 τὸν
2675 1985 2834 2052 λόγον
2852 2000 2927 2036 πα
2936 1981 3058 2054 ράδε
3068 1978 3455 2051 ιγμαζχρῆσθαι
3475 1979 3655 2029 ἔπεισι
3670 1972 3853 2041 πολλῷ

2271 2082 2364 2136 τοῦ
2391 2082 2599 2144 δέοντος
2629 2079 2878 2132 ὲνδὲοντι.
2909 2075 3147 2129 Τοιαῦτα
3183 2076 3290 2144 γάρ
3309 2073 3377 2127 τὰ
3409 2073 3518 2125 τῶν
3538 2071 3637 2123 ἀνθ
3646 2071 3858 2138 ρώπων

2273 2179 2595 2247 πράγματα,
2659 2170 2735 2243 πὴ
2782 2171 2882 2242 μὲν
2932 2154 3291 2240 εὐποροῦντα,
3351 2165 3428 2235 πῆ
3466 2162 3861 2233 δ’ἀποροῦντα

2274 2269 2367 2322 καὶ
2395 2265 2483 2319 ἀεὶ
2516 2265 2694 2319 ἄλλοτ’
2728 2265 2902 2324 ἄλλως
2936 2262 3150 2331 ἔχοντα.
3210 2258 3377 2312 Ὅθεν
3425 2258 3518 2309 καὶ
3548 2255 3649 2324 οὐχ
3700 2255 3857 2324 ἁπλῆ

2271 2376 2376 2425 τις,
2406 2360 2486 2412 ὅτι
2525 2357 2600 2427 μὴ
2628 2357 2721 2409 καὶ
2759 2354 2900 2425 μάλα
2950 2369 3015 2421 γε
3046 2349 3380 2421 πολύτροπος
3439 2350 3473 2421 ἠ
3514 2348 3725 2401 τούτων
3761 2347 3862 2401 θε-

2276 2449 2496 2521 ραπεία.
2572 2447 2853 2502 Ἐντεῦθεν
2909 2447 2987 2507 είς
3043 2443 3346 2513 παροιμίαν
3396 2443 3492 2494 καὶ
3531 2444 3559 2494 ὁ
3596 2440 3866 2508 δεύτερος

2232 2546 2235 2547 ⁷
2275 2541 2441 2605 πλοῦς
2470 2541 2835 2610 ἐξενήνεκται·
2869 2538 2963 2590 καὶ
2985 2536 3092 2589 τῶν
3126 2533 3355 2605 πρώτων
3379 2532 3870 2601 ἀποτυγχάνοντες

2273 2633 2543 2702 δευτέρων
2614 2629 2902 2700 ἁπτόμεθα
2959 2630 3053 2682 καὶ
3098 2627 3299 2697 τρίτων
3339 2627 3489 2688 ἴσως.
3549 2612 3871 2692 Συγγέεεια

2276 2727 2384 2796 γάρ
2415 2742 2497 2788 τις
2526 2723 2653 2794 ἣκει
2686 2722 2770 2775 διὰ
2806 2720 3025 2773 πάντων
3071 2720 3166 2773 καὶ
3195 2718 3469 2788 ὁμοιότης,
3514 2716 3599 2770 ἆτ’
3627 2720 3693 2769 ὲκ
3748 2716 3869 2768 τῶν

2280 2816 2579 2885 στοιχείων,
2604 2816 2793 2883 ὥσπερ
2818 2816 2880 2865 ὲκ
2929 2811 3056 2880 μιᾶς
3093 2827 3236 2871 τινος
3288 2809 3497 2880 μητρὸς
3556 2808 3652 2860 καὶ
3694 2806 3870 2877 ῥίζης

2279 2902 2577 2974 εἰληφότων
2609 2902 2709 2969 τὴν
2738 2899 2831 2951 τοῦ
2883 2895 3024 2951 εἶναι
3081 2898 3361 2952 σύστασιν.
3427 2896 3558 2949 Ἰδοὺ
3590 2896 3699 2966 γὰρ
3766 2896 3872 2948 καὶ

2279 2995 2520 3066 λαμπάσι
2554 2996 2648 3047 καὶ
2678 2994 2901 3062 πυρσοῖς
2932 2988 3272 3060 κεχρήμεθα,
3304 2987 3409 3043 ἕως
3442 2989 3499 3039 ὲν
3536 2986 3635 3056 μὲν
3660 2988 3873 3056 napi:

2281 3106 2362 3142 σει
2392 3089 2489 3157 τῆς
2514 3088 2580 3139 τὰ
2606 3084 2781 3137 πάντα
2813 3082 3116 3154 βοσκούσης
3153 3079 3465 3148 λαμπάδος,
3521 3078 3684 3131 οἱονεί
3733 3095 3873 3131 τινα

2277 3183 2621 3253 δεύτερον-ὲκ
2686 3177 2931 3250 μηχανῆς
2980 3175 3133 3246 ἥλιον
3192 3177 3527 3244 πράττοντες
3572 3175 3640 3243 τῇ
3674 3173 3868 3226 νυκτί.

2280 3277 2386 3329 Καὶ
2427 3275 2587 3326 αὑτὸν
2618 3272 2673 3325 δὲ
2704 3273 2796 3326 τὸν
2826 3269 3230 3339 πάνταῆιόπμον
3262 3268 3551 3330 εἰκονίζειν
3579 3265 3871 3333 ἐθέλοντες

2278 3368 2370 3420 καὶ
2407 3366 2639 3427 κύκλους
2665 3364 2759 3417 καὶ
2795 3366 3041 3435 κινήσεις
3068 3362 3301 3433 ούρανοῦ
3337 3364 3428 3415 καὶ
3468 3362 3541 3424 ὡς
3574 3363 3688 3433 ἔχει
3724 3364 3872 3433 σχή-

2281 3471 2449 3523 ματος
2474 3454 2553 3515 είς
2588 3453 2655 3506 τὰ
2688 3453 2965 3524 περίγεια,
2996 3456 3211 3522 μικροῖς
3238 3469 3346 3504 τισι
3387 3450 3603 3521 σώμασι
3635 3469 3873 3523 σφαιριο

2280 3546 2394 3609 κοῖς
2431 3544 2828 3613 ὑποφαίνομεν.
2855 3543 2953 3596 Ἂν
2983 3542 3041 3595 δὲ
3094 3541 3188 3594 καὶ
3224 3541 3362 3611 πρὸς
3392 3540 3705 3610 ζωγράρών
3735 3545 3869 3610 τέχ-

2279 3654 2373 3699 νας
2396 3636 2777 3705 ἀπαγάγωμεν
2804 3636 2895 3687 τὸν
2924 3634 3103 3700 λόγον,
3164 3631 3397 3686 ἐνταῦθα
3428 3632 3491 3700 δὴ
3542 3633 3636 3685 καὶ
3689 3633 3867 3701 ἀφθο-

2278 3729 2396 3783 νίαν
2446 3730 2672 3783 εἰκόνιον
2721 3730 2817 3781 καὶ
2875 3728 3334 3800 παραδειγμάτων
3404 3725 3710 3795 εὑρήσομεν
3765 3726 3871 3779 καὶ

2281 3822 2489 3894 σκηνὴν
2512 3818 2586 3887 ὡς
2613 3822 2828 3893 άληθῶς
2849 3820 3191 3890 ὑποκρίσεως
3220 3818 3500 3888 γέμουσαν
3542 3817 3636 3869 καὶ
3664 3816 3869 3887 ἀμωσ-

2282 3916 2465 3983 γέπως
2497 3918 2610 3977 τοίς
2642 3914 2930 3983 χρώμασιν
2958 3913 3419 3979 ὲπιπλανωμένας
3445 3910 3672 3980 ἔχουσαν
3694 3910 3872 3979 τάλη-

2284 4003 2412 4067 θοῦς
2439 4002 2537 4066 τὰς
2569 4004 2858 4072 ἐμφάσεις.
2901 4002 2983 4055 Τά
3032 4016 3092 4053 τε
3130 3999 3240 4068 γάρ
3286 3998 3421 4051 ἄλλα
3483 3999 3577 4051 καὶ
3623 3997 3717 4049 τὸν
3770 3998 3870 4050 τοῦ

2283 4097 2483 4160 παντὸς
2500 4092 3258 4164 ὑποκρινόμενοιίδημιουργδν
3271 4093 3491 4146 ἐκεῖνοι.
3512 4088 3707 4141 ἒπειτα
3726 4090 3873 4157 μήτε

2282 4184 2452 4254 πνοὴν
2480 4178 2569 4246 αἷς
2609 4181 2694 4254 [ιι.
2721 4170 2851 4252 215]
2876 4177 3272 4250 δημιουργοῦσι
3302 4178 3482 4238 σκιαῖς
3510 4174 3873 4244 δεδυνημένοι

2283 4272 2627 4343 χαρίζεσθαι,
2660 4271 2797 4339 μήτε
2851 4267 3118 4335 ζωογόνον
3172 4269 3283 4328 τοῖς
3316 4267 3635 4335 σπέρμασιν
3684 4264 3869 4334 ἥλιον,

2284 4359 2574 4425 παίζουσιν
2612 4356 2777 4410 οἱονεὶ
2797 4360 2915 4419 ταῖς
2945 4354 3100 4417 ῦλαις
3148 4356 3243 4408 καὶ
3280 4355 3390 4416 τοῖς
3431 4354 3693 4422 χρώμασι
3721 4370 3736 4381 ο
3773 4371 3876 4406 και

614 4467 711 4538 qui
744 4467 843 4523 tibi
878 4476 1197 4539 potestatem
1232 4467 1391 4523 istam
1419 4466 1596 4531 dedit,
1632 4474 1691 4520 ut
1729 4474 1785 4520 et
1816 4462 2177 4518 immortalem

2287 4453 2414 4523 τῇδε
2444 4452 2543 4520 μὲν
2568 4452 2631 4504 ὲκ
2656 4450 2760 4519 γῆς
2786 4449 3047 4516 ἀνάγουσι
3094 4447 3184 4501 τδν
3215 4448 3362 4499 σῖτον
3388 4446 3451 4515 δή
3474 4460 3549 4495 ξεν
3574 4444 3659 4495 ἐτι
3703 4445 3874 4512 χλοά-

616 4558 716 4612 tibi
752 4558 919 4613 vitam
947 4557 1197 4623 doliaret,
1227 4571 1337 4627 quo
1367 4556 1625 4625 magister
1656 4569 1849 4611 eorum
1889 4567 2060 4617 esses,
2090 4551 2183 4621 qui

560 4696 561 4699 η
619 4649 805 4704 ubivis
830 4659 1106 4704 terrarum
1138 4663 1366 4718 regnare
1397 4647 1622 4708 vellent,
1651 4645 1811 4710 velut
1862 4643 2043 4697 omnis
2075 4642 2188 4696 vir-

617 4743 753 4796 tutis
798 4752 1094 4813 gymnastze
1146 4751 1200 4795 et
1238 4739 1531 4795 universali
1595 4734 1981 4792 Hellanodicae.
2033 4732 2189 4788 Nunc

616 4836 798 4888 οιιιιιίε
840 4835 1079 4888 humana
1130 4831 1315 4907 lingua
1380 4830 1617 4884 debebat
1669 4842 1848 4881 meum
1901 4839 2189 4907 assumere

618 4931 886 4991 animant,
917 4942 1109 4982 eorum
1146 4940 1267 4995 quas
1298 4922 1617 4978 dicerentur
1640 4933 1916 4990 promum,
1956 4925 2015 4972 ut
2061 4898 2190 4972 inde

622 5022 929 5070 eonnnunis
960 5014 1206 5084 quaedam
1247 5012 1514 5066 festivitas
1547 5021 1599 5063 et
1647 5007 1968 5062 solemnilas
2004 5013 2062 5059 et
2110 5015 2186 5058 to-

624 5109 731 5162 tius
771 5107 961 5161 muudi
988 5108 1055 5161 de
1089 5115 1140 5160 te
1174 5114 1230 5160 et
1262 5103 1371 5157 tuis
1407 5098 1696 5158 consensio
1721 5098 2032 5152 exsisteret.
2067 5094 2186 5150 Cae—

605 5206 827 5264 terum,
861 5199 987 5267 quia
1011 5199 1123 5268 jam
1159 5193 1400 5251 confessi
1450 5206 1661 5253 sumus,
1696 5182 2018 5258 ampliorem
2072 5200 2193 5241 esse

618 5278 842 5346 laudum
872 5301 1086 5345 tuarum
1126 5285 1578 5358 magnitudinem,
1607 5297 1769 5352 quam
1800 5296 1923 5349 quae
1950 5281 2198 5334 oratione

2292 4546 2453 4610 ζοντα
2480 4542 2574 4597 καὶ
2607 4540 3245 4611 γαλακτοτροφούμενον,
3272 4540 3398 4610 τῇδε
3431 4539 3475 4592 δ’
3505 4532 3572 4592 αὗ
3604 4536 3878 4605 τελεσφόο

2295 4654 2386 4708 ρον
2439 4633 2766 4695 δεικνύουσι,
2824 4630 2949 4702 μήθ’
2981 4630 3084 4683 ὑπὸ
3125 4629 3347 4700 καλάμῃ
3413 4629 3507 4680 καὶ
3555 4626 3732 4695 φλοιῷ
3780 4627 3876 4680 καὶ

2293 4725 2566 4797 ἀνθέριξιν
2604 4724 2687 4777 ἔτι
2723 4722 3093 4783 καλύπτεσθαι
3145 4722 3365 4774 θέλοντα
3392 4719 3485 4773 καὶ
3541 4721 3779 4787 μονονοὺ
3814 4718 3873 4771 τὸ

2293 4814 2561 4886 δρέπανον
2591 4811 3081 4883 προκαλούμενον·-
3117 4810 3210 4862 καὶ
3271 4806 3443 4861 ταῦτα
3495 4806 3718 4858 ποιοῦσι
3745 4803 3870 4874 μήθ’

2294 4904 2444 4976 ὤραν
2478 4906 2886 4973 περιμένοντες,
2944 4900 3069 4972 μήτ’
3096 4900 3313 4969 ἄστρων
3364 4897 3620 4957 ἐπιτολάς
3663 4912 3729 4948 τε
3779 4896 3875 4947 καὶ

2306 4993 2653 5060 δύσεις,ἁλλὰ
2679 4994 2804 5062 μιᾶς
2836 4990 3048 5061 ἡμέρας
3065 4990 3233 5042 ἐνίοτε
3260 4988 3496 5057 βλάστην
3514 5001 3575 5038 τε
3601 4985 3757 5037 σίτου
3779 4985 3881 5037 καὶ

2286 5088 2488 5148 ἅλωνος
2502 5084 2651 5154 ὥραν
2668 5082 2997 5145 δεικνύντες.
3017 5081 3123 5134 Kal
3136 5082 3169 5150 ἡ
3177 5084 3293 5149 μείς
3312 5078 3599 5147 τοιγαροῦν
3618 5076 3696 5145 μὴ
3706 5075 3879 5128 δυνά.-

2295 5197 2442 5249 μενοι
2460 5175 2753 5246 τάκριὸοῦς
2774 5178 2831 5228 ἐν
2856 5175 2931 5244 τῷ
2951 5174 3179 5243 παρόντι
3200 5172 3583 5238 κατευστοχεῖν
3613 5168 3882 5237 δεύτερον

2299 5274 2527 5342 μέτιμεν
2557 5269 2742 5322 πλοῦν·
2775 5268 2866 5320 καὶ
2890 5266 3298 5336 παραδείγμασι
3343 5261 3661 5334 κεχρήμεθα
3735 5261 3882 5331 πρὸς

620 5379 1020 5450 comprehendi
1056 5354 1240 5447 queat,
1275 5390 1340 5429 ac
1391 5389 1461 5427 ne
1510 5370 1696 5424 multis
1739 5369 1962 5438 quidem
1996 5367 2177 5436 lingui:

2301 5364 2561 5435 ἀληθείας
2591 5362 2815 5428 ἔνδειξιν
2846 5362 2905 5413 οὐ
2939 5361 3085 5430 μάλα
3116 5360 3215 5429 μὲν
3264 5359 3455 5423 ἀξίοις,
3514 5360 3659 5424 μάλα
3689 5355 3736 5407 δ’
3765 5354 3883 5406 απὸ

1963 5456 2303 5542 Ϋιιιὶοιυω
2347 5485 2531 5539 notae.

692 5598 803 5661 (94)
825 5595 1064 5651 Πολλοῦ
1093 5586 1621 5661 Etr...7'}.1tov_,ad_dit
1650 5583 1996 5661 eod._Vatic.;
2028 5591 2191 5660 atque

620 5654 972 5792 ᾖδ”κκίιὶιὶιιιιι
1001 5668 1195 5734 legisse
1220 5654 1399 5731 arguit
1424 5658 1616 5714 Latina
1640 5656 1760 5726 ejus
1790 5654 2189 5723 interpretatio.

700 5754 828 5790 tvm.

2369 5575 2653 5649 (95)AVide
2678 5573 2984 5649 Mouodiam
3018 5568 3643 5649 itt_ob_itum__Alidronici
3682 5571 3852 5648 senio

2302 5642 2399 5712 ris',
2430 5642 2566 5700 Infra
2600 5647 2695 5700 lib.
2727 5661 2779 5708 χ,
2801 5660 2919 5712 cap.
2956 5645 3002 5702 l,
3046 5644 3136 5696 ubi
3170 5645 3283 5697 haec
3328 5642 3518 5696 iisdem
3548 5642 3661 5695 fere
3689 5643 3891 5696 verbis

2302 5719 2528 5788 repetita
2557 5725 2873 5770 oecurrunt.
2905 5713 3113 5767 Bon‘m.
