3980 6204
581 266 676 322 5Ἶό
821 262 896 332 [Α.
937 281 970 317 at
1034 266 1163 318 679i
1216 283 1277 320 an
1320 269 1479 339 (3836]

1767 277 1813 335 Ν
1832 277 2187 337 lCEPl—lORI
2231 280 2611 341 GREGORE

3704 281 3803 341 57‘6

2919 277 3048 348 [tum
3093 291 3372 340 axnnoyc.
3412 293 3505 344 sps
3539 275 3559 348 ]

579 393 662 428 res
689 376 950 430 Thracica
980 387 1034 431 et
1075 380 1424 448 Macedonica
1460 383 1619 456 353
1657 388 1852 455 przedia
1903 404 2135 458 recupe-

2246 393 2485 459 καρδίας,
2517 393 2856 446 ἐλπισάντων
2880 394 3076 448 αὐτίκα
3103 395 3238 464 πρὸς
3271 395 3360 447 τὸν
3389 395 3622 462 γηραιὸν
3653 393 3803 454 αὖθις

579 467 808 520 ταὶιιτοε.
843 465 948 521 Sed
978 473 1100 522 eum
1131 470 1272 524 idem
1315 473 1424 526 Deo
1467 476 1638 529 visum
1673 492 1778 530 non
1811 489 1976 542 esset,
2010 495 2135 533 mox

577 556 722 610 Inani
758 557 942 612 studio
974 569 1090 612 acta
1121 575 1185 614 ea
1231 561 1398 616 fuisse
1433 565 1704 634 apparuit,
1741 575 1800 620 ut
1847 584 2135 639 progressu

577 647 842 704 orationis
875 665 905 703 a
947 649 1108 704 nobis
1139 666 1463 720 exponetur.

2244 483 2539 551 ἐπανήξειν
2585 485 2654 537 τὰ
2691 487 2996 554 πράγματα
3049 485 3296 554 βασιλέα,
3347 485 3598 553 καθάπερ
3641 485 3807 536 κύεου

2249 577 2675 645 μεταπεσόντος,
2702 577 2798 630 καὶ
2815 577 3251 645 ἀποδοθήσεσθαι
3283 579 3350 629 τὰ
3401 578 3529 646 περὶ
3587 577 3810 646 Θράκην

2245 667 2341 721 καὶ
2367 669 2714 723 Μακεδονίαν
2757 669 2934 740 χωρία
2974 671 3086 732 τοῖς
3137 667 3552 738 προῦπάρξασιν
3613 669 3671 728 ἐς
3723 667 3813 717 τδν

577 743 800 814 κλῆρον.
847 745 990 798 Ἀλλ’
1037 747 1159 798 ἐπεὶ
1227 747 1322 800 καὶ
1354 748 1430 818 τῷ
1479 751 1608 820 θείῳ
1657 751 1845 823 σκοπῷ
1917 753 2214 823 δεδογμένα
2249 761 2422 815 ταῦτα
2487 763 2584 816 οὐκ
2617 758 2705 832 ἧν,
2764 764 2993 833 μάταιος
3046 763 3104 816 ἐν
3155 761 3345 832 βραχεῖ
3403 762 3510 812 τῶν
3555 774 3815 827 πεπραγ-

577 835 758 905 μένων
803 835 1048 906 ἕδοξενὴ
1111 839 1336 908 σπουδὴ,
1386 840 1461 902 ὠς
1509 842 1788 910 εἰρήσεται
1854 844 2139 914 προϊοῦσιν
2179 851 2328 919 ἡμῖν.
2793 855 2808 874 ¹

643 929 735 985 111.
777 929 1074 984 Enimvero
1105 930 1293 999 junior
1323 931 1644 1001 imperaIOr,
1694 934 1788 1004 qui
1837 935 2000 1007 longo
2033 939 2140 1008 jam

578 1031 824 1091 tempore
856 1023 1040 1087 sciret,
1074 1024 1364 1092 Byzantios
1402 1024 1486 1078 sui
1536 1025 1966 1082 studiosissimos
1999 1043 2142 1093 esse,

576 1114 774 1183 quippe
807 1128 837 1166 a
869 1113 1071 1182 quibus
1107 1113 1244 1167 clam
1289 1126 1677 1181 arcesseretur,
1716 1118 1946 1172 turbatae
1995 1127 2144 1188 pacis

575 1203 863 1258 occasione
897 1219 1027 1257 usus
1053 1203 1117 1257 ad
1152 1205 1342 1258 urbem
1371 1205 1605 1268 accedit,
1641 1216 1697 1261 et
1727 1209 1874 1262 omni
1907 1209 2144 1264 Thracio

573 1296 818 1350 exercitu
851 1311 1035 1350 st-cum
1081 1295 1317 1350 adducto
1352 1313 1518 1366 prope
1558 1298 1822 1356 Cosmidii
1869 1313 2143 1358 monaste-

574 1387 716 1440 rium
751 1397 1219 1440 castrametatur:
1267 1387 1410 1442 unde
1456 1391 1720 1458 palatium
1770 1394 2144 1462 conspiciebat

574 1481 796 1550 triginta
823 1481 1044 1536 circiter
1071 1482 1260 1538 stadiis
1293 1483 1525 1538 distans.
1559 1484 1636 1537 Ac
1668 1484 1782 1554 ipse
1817 1485 2035 1552 quidem
2067 1484 2141 1538 ibi

515 1605 520 1608 -
571 1570 800 1626 biduum
843 1572 1182 1642 totidemque
1227 1586 1417 1627 noctes
1459 1575 1733 1638 subsistit,
1784 1573 2142 1641 frigidissimo

573 1662 820 1732 Spirante
853 1664 1043 1727 Borea,
1093 1663 1266 1732 ipsius
1301 1664 1510 1717 bruma:
1542 1673 1808 1732 tempore.
1843 1665 2138 1719 Excubito-

573 1767 664 1806 res
691 1766 823 1806 vero
849 1753 902 1804 in
933 1751 1034 1805 viis
1056 1751 1412 1824 circumcirca
1438 1752 1717 1807 distributi
1755 1752 2136 1814 observabant,
2167 1726 2213 1785 B

572 1858 640 1897 ne
671 1843 820 1912 ipsos
857 1842 1040 1912 aliquo
1071 1851 1457 1912 stratagemate
1487 1844 1759 1912 deciperet
1787 1843 2138 1915 Syrgiannes,

570 1934 664 2004 qui
724 1925 837 1988 tum
900 1934 1146 1988 Perinthi
1207 1936 1531 1990 versabatur
1583 1943 1640 1990 et
1693 1936 2138 2007 circumjacentia

568 2027 789 2082 castella
821 2027 1144 2081 melioribus
1177 2026 1462 2096 promissis
1488 2029 1541 2081 in
1570 2027 1674 2081 [ide
1707 2029 1943 2082 retinere
1972 2043 2142 2082 cona-

570 2117 754 2172 batur.
785 2114 965 2169 Tertia
1000 2131 1130 2170 vero
1160 2123 1322 2170 nocte
1373 2114 1702 2186 Syrgiannes
1747 2117 2010 2172 trecentis
2054 2132 2139 2171 ar-

573 2208 736 2263 matis
766 2209 994 2263 delectis
1023 2209 1167 2261 circa
1201 2222 1481 2276 vesperam
1515 2208 1813 2277 equitando
1845 2218 2141 2276 provectus

569 2307 697 2353 ante
757 2297 888 2353 solis
941 2309 1124 2352 ortum
1175 2297 1496 2368 Byzantium
1554 2299 1825 2367 pervenit,
1883 2299 2142 2354 omnibus

571 2391 682 2444 illis
713 2390 1064 2459 imperatoris
1091 2389 1507 2444 excubitoribus
1536 2405 1598 2444 ac
1624 2390 1966 2444 stationariis
2000 2391 2142 2444 mili-

573 2481 743 2545 tibus,
772 2495 881 2535 non
910 2497 1070 2535 secus
1103 2495 1166 2536 ac
1198 2481 1244 2535 si
1274 2495 1467 2535 somno
1497 2480 1743 2550 oppressi
1773 2480 2028 2544 fuissent,
2060 2483 2142 2535 in-

572 2573 849 2641 terceptis.
892 2571 960 2626 Et
985 2572 1038 2624 ni
1073 2587 1240 2626 senex
1283 2572 1582 2640 imperator
1629 2572 1916 2636 vetuisset,
1966 2573 2140 2642 impe-

569 2675 685 2719 tum
719 2666 774 2719 in
801 2679 896 2720 eos
930 2665 1095 2719 istius
1122 2664 1385 2718 facinoris
1416 2665 1598 2719 adhuc
1634 2666 1854 2734 ignaros
1895 2666 2140 2721 facturus

570 2757 692 2811 fuit.
721 2755 828 2812 Sed
871 2771 995 2810 cum
1037 2755 1344 2820 diluxisset,
1387 2755 1571 2810 audita
1607 2757 1928 2826 Syrgiannis
1977 2759 2136 2812 inex-

489 2869 526 2920 χ
567 2857 810 2918 spectata
847 2848 1184 2910 incursione.
1220 2863 1343 2902 cum
1387 2864 1491 2902 nec
1538 2849 1781 2920 Byzantii
1817 2850 1923 2904 ulla
1958 2865 2016 2904 re
2047 2851 2138 2920 ju-

568 2941 744 2994 nioris
773 2939 1071 2994 Andronici
1105 2949 1338 2993 conatus
1361 2941 1638 3008 juvarent,
1669 2955 1772 2994 nec
1803 2941 1932 3016 ipse,
1965 2942 2136 3010 impe-

567 3041 718 3085 rator
763 3033 901 3085 istos
934 3032 1052 3098 (eos
1085 3030 1367 3090 nimirum,
1403 3031 1495 3100 qui
1543 3046 1666 3085 cum
1711 3032 1922 3102 iuniore
1955 3036 2133 3101 erant)

2315 946 2389 1000 1".
2434 946 2494 1001 '0
2531 947 2714 1016 μέντοι
2757 948 3012 1017 βασιλεὺς
3044 947 3156 1018 (96)
3191 949 3218 1001 ό
3241 946 3361 1008 νέος
3404 945 3558 1006 εἰδὼς
3592 946 3656 997 ἐκ
3685 945 3810 997 πολ-

2242 1037 2335 1092 λοῦ
2355 1039 2481 1102 τοὺς
2507 1039 2836 1104 Βυζαντίους
2874 1041 3025 1104 ὅλαις
3040 1040 3296 1110 γνώμαις
3349 1039 3805 1108 προστιθεμένους

2243 1129 2391 1200 αὐτῷ
2430 1131 2525 1183 καὶ
2556 1130 2731 1200 λάθρα
2784 1126 3321 1201 προσκαλουμένους,
3375 1131 3558 1200 ἐπειδὴ
3594 1130 3800 1198 πρόφα-

2244 1238 2329 1274 σιν
2361 1222 2460 1291 ἤδη
2485 1225 2585 1291 τὴν
2616 1221 2714 1290 τῆς
2742 1223 2964 1290 εΓρήνης
2988 1223 3147 1275 ἔλαϐε
3208 1221 3495 1290 σύγχυσιν,
3534 1221 3620 1272 ἐτιί
3643 1221 3800 1271 τοῦτο

2242 1311 2534 1379 πορεύεται
2562 1312 2698 1379 μετά
2723 1313 2922 1373 παντὸς
2944 1311 3036 1365 τοῦ
3067 1311 3344 1380 Θρᾳκικοῦ
3379 1310 3802 1379 στρατεύματος,

2241 1404 2336 1456 καὶ
2355 1403 2524 1456 ἐλθὼν
2569 1404 3064 1471 στρατοπεδεύεται
3107 1404 3234 1472 περί
3265 1421 3367 1454 που
3427 1403 3495 1454 τὰ
3539 1403 3808 1470 πρταὺλιι

2240 1496 2337 1563 τῆς
2362 1497 2453 1548 τοῦ
2499 1497 2791 1567 Κοσμιδίου
2820 1499 3022 1567 μονῆςο
3062 1495 3155 1564 ἀφ’
3186 1491 3245 1547 οὒ
3294 1497 3388 1546 καὶ
3433 1496 3500 1548 τὰ
3566 1495 3812 1564 βασξλεια

2241 1582 2498 1650 καθεώρα
2537 1583 2834 1650 τριάκοντά
2889 1601 2990 1637 που
3028 1583 3278 1644 σταδίους
3309 1585 3516 1634 τούτων
3569 1585 3816 1650 ἀφεστη-

2241 1672 2511 1744 κιὶις(97).
2545 1676 2714 1737 Αὐτὸς
2765 1675 2868 1745 μὲν
2923 1671 3018 1728 οὖν
3071 1675 3238 1729 αὑτοῦ
3291 1675 3385 1727 δύο
3440 1674 3692 1740 διήνυσεν
3719 1674 3816 1725 ὅλα

2243 1763 2579 1832 νυχθήμερα,
2612 1763 2951 1833 ψυχροτάτου
2975 1766 3095 1817 κατ’
3123 1764 3302 1816 αὐτῶν
3326 1764 3703 1825 ἀντιπνέοντος
3720 1763 3815 1816 τοῦ

2241 1845 2432 1918 pappet,
2465 1849 2585 1901 κατ’
2615 1849 2782 1918 αὐτὴν
2817 1850 2916 1921 τὴν
2969 1851 3154 1920 ἀκμὴν
3180 1850 3273 1902 τοῦ
3325 1850 3596 1919 χειμῶνος
3653 1851 3814 1912 ὄντος

2239 1935 2333 1988 τοῦ
2395 1937 2608 2005 χρόνου.
2645 1938 2710 1989 Οί
2741 1938 2798 1994 δὲ
2833 1937 3076 2006 φύλακες
3132 1938 3473 2006 πανταχόθεν
3527 1939 3820 2006 διανειμά-

2242 2043 2394 2096 μενοι
2425 2029 2521 2091 τὰς
2551 2029 2702 2088 ὁδοὺς
2731 2031 2986 2099 ἐτήρουν,
3048 2031 3124 2101 μὴ
3163 2029 3302 2100 λάθῃ
3344 2033 3821 2101 καταστρατηγῆ-

2241 2137 2338 2183 σας
2371 2122 2570 2183 αὐτοὺς
2593 2123 2620 2174 ὁ
2650 2123 2992 2193 Συργιάννης
3043 2123 3147 2188 ἐξω
3189 2122 3491 2193 τηνικαῦτα
3523 2125 3656 2192 περὶ
3717 2124 3821 2193 τὴν

2240 2211 2527 2281 Πείρινθον
2583 2213 2874 2296 διατρίὸων
2924 2215 3019 2268 καὶ
3073 2215 3415 2283 πειρώμενος
3485 2214 3822 2283 ὑποσχέσεσι

2241 2303 2640 2373 χρηστοτέραις
2711 2305 2779 2357 τὰ
2837 2305 2999 2373 πέριξ
3071 2304 3470 2372 ἐφελκύσασθαι
3552 2303 3816 2374 φρούρια.

2239 2391 2318 2461 Τῇ
2344 2391 2400 2443 δὲ
2427 2394 2587 2465 τρίτῃ
2615 2393 2774 2444 νυκτὶ
2809 2393 3164 2459 τριακοσίους
3191 2393 3598 2462 ἀπολεξάμενος
3657 2393 3822 2446 ὁπλί-

2239 2483 2756 2552 ταςόΣυργιάννης
2822 2485 2915 2536 καὶ
2957 2485 3014 2549 ἐξ
3069 2484 3308 2555 ἑσπέρας
3364 2483 3822 2551 ἐξιππασάμενος

2238 2560 2341 2644 ἧκε
2363 2575 2500 2645 πρὸς
2522 2576 2579 2627 τὸ
2614 2575 2926 2638 Βυζάντιον,
2961 2575 3090 2643 πρὶν
3159 2575 3440 2627 ἀνατεῖλαι
3486 2574 3577 2628 τὸν
3634 2575 3820 2643 ἥλιον,

2240 2669 2448 2728 πάντας
2481 2666 2722 2726 ἐκείνους
2752 2667 2874 2727 τοὺς
2901 2666 3208 2734 βασιλικοὺς
3266 2665 3568 2727 ,ὁδοστάτας
3596 2666 3692 2716 καὶ
3711 2664 3821 2729 φύ-

2237 2759 2408 2820 λακας
2441 2755 2628 2825 ὥσπερ
2679 2756 2981 2819 ὑπνοῦντας
3045 2757 3215 2826 ἄρδην
3283 2755 3616 2826 συνειληφώς
3673 2756 3818 2826 (98).

2237 2853 2347 2906 Καὶ
2373 2852 2420 2903 εί
2439 2851 2513 2921 μὴ
2529 2851 2816 2904 διεκώλυεν
2846 2851 2873 2902 ὁ
2910 2851 3142 2918 γηραιὸς
3171 2851 3444 2919 βασιλεὺς,
3480 2853 3573 2903 καὶ
3601 2853 3803 2902 ἐπεισ-

2236 2945 2423 2995 πεσεῖν
2463 2944 2646 3005 αὐτοῖς
2693 2944 2805 3012 (99)
2855 2943 3106 3014 ἐᾷούλετο
3137 2944 3212 2996 ἔτ’
3235 2943 3492 3010 ἀγνοοῦσι
3521 2944 3580 2996 τὸ
3599 2943 3816 3012 δρᾶμα.

2252 3037 2403 3089 Ἐπεὶ
2436 3036 2481 3088 δ’
2509 3037 2690 3106 ἡμέρα
2737 3037 2959 3103 ἐγένετο
2990 3037 3083 3089 καὶ
3110 3037 3207 3107 τὴν
3241 3037 3335 3088 τοῦ
3365 3035 3675 3106 Συργιάννη
3705 3051 3820 3088 πα-

565 3121 693 3176 faCti
726 3122 1058 3186 pmnitcntes
1098 3131 1425 3191 recepturus
1454 3138 1576 3178 esse
1608 3122 1912 3189 videretur,
1955 3125 2133 3194 fugam

2246 3121 2462 3193 ράδοξον
2503 3100 2595 3175 καὶ
2624 3100 2888 3192 αἰφνίδιον
2941 3100 3278 3193 ἠκηκόεισαν
3337 3100 3548 3192 ἔφοδον,
3575 3100 3818 3176 ἔϐλεπον

566 3216 946 3286 arripuerunt.

2253 3216 2309 3268 δὲ
2341 3215 2434 3268 καὶ
2460 3215 2635 3278 ἄλλως
2659 3215 2782 3268 οὗτε
2809 3217 2934 3278 τοὺς
2968 3213 3295 3278 Βυζαντίους
3319 3215 3579 3278 ἀνύοντας
3635 3215 3819 3284 λάθρα

567 3326 622 3362 τι
658 3309 797 3380 ὑπὲρ
827 3309 1010 3391 αὐτού,
1044 3310 1292 3382 μήτετὺν
1359 3307 1584 3379 βασιλέα
1645 3307 2044 3377 προσδέξασθαι
2114 3307 2374 3379 μέλλοντα
2424 3307 2850 3377 ἐπιστρέφοντας
2904 3307 3040 3376 πρὸς
3109 3307 3402 3376 μετάνοιαν
3455 3309 3554 3378 (1),
3607 3308 3819 3378 ᾤχοντο

567 3403 885 3472 φεύγοντες.

637 3495 802 3567 35ἀΙ
854 3495 941 3550 IV.
983 3495 1177 3550 Postea
1224 3497 1448 3566 despota
1498 3495 1894 3550 Constantinus
1949 3494 2134 3547 statim

567 3602 666 3657 per
696 3603 844 3642 mare
875 3587 1320 3642 Thessalonicam
1362 3589 1618 3648 mittitur,
1657 3596 1710 3640 ut
1745 3600 1928 3640 rerum
1958 3585 2137 3638 Mace-

567 3680 896 3748 donicarum
964 3679 1500 3734 administrationem
1569 3677 2138 3746 gubernationcmque

567 3773 833 3840 suscipiat
862 3780 917 3824 et
955 3769 1169 3834 Xenen,
1203 3771 1440 3841 junioris
1492 3768 1838 3838 imperatoris
1885 3776 2136 3832 matrem,

571 3863 885 3934 Byzantium
928 3862 1141 3926 mittat;
1175 3870 1553 3931 praetereaque
1588 3859 1824 3913 militem‘
1863 3859 1937 3913 ibi
1973 3859 2134 3928 legat,

571 3965 632 4010 ut
677 3953 798 4024 ipso
843 3953 970 4008 inde
1023 3969 1146 4006 cum
1193 3951 1560 4007 Macedonicis
1608 3951 1778 4018 cOpiis
1823 3951 2134 4016 invadente,

573 4047 703 4102 hinc
728 4061 861 4101 vero
890 4045 1189 4116 Syrgianne
1219 4061 1342 4100 cum
1375 4045 1608 4099 Turcico
1654 4043 1898 4099 exercitu
1945 4055 2000 4096 et
2045 4042 2138 4096 Bi-

572 4140 755 4209 thynis
803 4139 1062 4192 Romanis
1117 4145 1463 4197 occurrente,
1500 4136 1690 4204 junior
1737 4135 2032 4203 imperator
2082 4135 2134 4188 in

571 4229 752 4284 medio
787 4231 1201 4283 circumventus
1241 4243 1364 4281 cum
1397 4227 1511 4281 suis
1545 4227 1814 4295 capiatur.
1863 4225 1967 4280 Sed
2011 4241 2135 4279 cum

565 4321 675 4391 ja'n
725 4320 980 4389 despotes
1011 4334 1040 4373 e
1075 4319 1376 4386 Byzantino
1433 4327 1594 4386 portu
1647 4316 1927 4370 soluturus
1965 4326 2136 4379 esset,

568 4412 751 4466 statim
783 4427 814 4466 e
848 4410 1035 4464 famuli
1065 4409 1317 4476 manibus
1349 4409 1533 4463 omnia
1563 4422 1626 4462 ea
1667 4408 1883 4477 delapsa
1914 4407 2050 4462 vidit
2082 4415 2138 4461 et

570 4505 625 4559 in
661 4503 890 4558 fundum
928 4504 1092 4558 maris
1121 4502 1394 4563 demersa,
1435 4516 1556 4570 quae
1586 4499 1653 4555 ad
1686 4499 1987 4554 ornandam
2017 4500 2138 4570 ejus

2311 3493 2392 3563 [Ρ.
2417 3491 2544 3564 218]
2569 3491 2638 3544 Δ’.
2664 3493 2942 3562 Πέμπεται
2963 3493 3059 3562 μέν
3082 3491 3344 3561 δῆλοιπὸν
3371 3492 3532 3553 εὐθὺς
3550 3493 3577 3544 ὁ
3613 3491 3812 3546 δεσπό-

2239 3603 2335 3655 της
2373 3588 2776 3650 Κωνσταντῖνος
2817 3588 2894 3655 (2)
2917 3587 3006 3639 διὰ
3028 3565 3291 3655 θαλάττης
3318 3588 3374 3648 ἐς
3408 3585 3809 3653 Θεσσαλονίκην

2240 3679 2538 3748 ἐπίτροπος
2581 3679 2674 3732 καὶ
2704 3678 2980 3748 διοικητὴς
3001 3680 3109 3731 τῶν
3137 3679 3238 3746 τῆς
3272 3679 3611 3740 Μακεδονίας
3630 3694 3811 3746 πραγ-

2243 3770 2431 3837 μάτων
2477 3770 2574 3838 τήν
2603 3787 2660 3822 τε
2701 3771 2990 3824 δέσποιναν
3042 3771 3213 3840 Ξένην
3243 3772 3342 3839 τὴν
3379 3771 3474 3824 τοῦ
3505 3773 3626 3824 νέου
3651 3771 3809 3840 βασι-

2238 3861 2375 3924 λέως
2421 3863 2636 3933 μητέρα
2671 3861 2750 3931 (5)
2811 3863 3040 3932 πέμψων
3074 3865 3131 3926 ἐς
3185 3864 3481 3926 Βυζάντιον
3547 3866 3636 3915 καὶ
3670 3863 3805 3932 πρᾶς

2240 3969 2302 4020 γε
2340 3953 2792 4023 στρατολογήσων
2833 3955 3064 4014 ἐκεῖθεν.
3104 3955 3171 4007 ἵν’
3211 3957 3423 4008 ἐκείνου
3455 3956 3554 4024 μέν
3595 3955 3809 4008 ἐκεῖθεν

2240 4044 2491 4105 ἐπιόντος
2522 4045 2660 4112 μετὰ
2687 4043 2780 4096 τοῦ
2820 4045 3192 4098 Μακεδονικοῦ
3227 4047 3660 4115 στρατεύματος,
3714 4048 3809 4097 ἐν-

2240 4135 2431 4188 τεῦθεν
2461 4135 2516 4188 δὲ
2542 4135 2634 4188 τοῦ
2664 4137 2993 4205 Συργιάννου
3023 4138 3118 4190 σύν
3155 4155 3217 4205 γε
3251 4139 3542 4208 Τουρκικῷ
3593 4139 3809 4210 στρατῷ

2242 4227 2338 4279 καὶ
2363 4227 2478 4280 ὅσοι
2513 4229 2575 4279 ἐκ
2606 4227 2861 4290 Βιθυνίας
2921 4227 3208 4298 Ῥωμαίων
3258 4231 3499 4296 ὁπλῖται,
3565 4233 3723 4300 μέσος
3780 4234 3811 4284 ὁ

2243 4319 2367 4380 νέος
2423 4319 2802 4386 συγκλεισθεὶς
2855 4319 3106 4388 βασιλεὺς
3181 4321 3280 4390 τὴν
3336 4323 3604 4392 ταχίστην
3653 4323 3813 4392 ἁλοίη

2245 4408 2338 4473 ξύν
2369 4426 2432 4476 γε
2468 4412 2578 4472 τοῖς
2607 4411 2744 4478 ἀμφ’
2776 4411 2956 4464 αὐτόν.
2993 4411 3219 4464 Μέλλων
3239 4411 3282 4464 δ’
3317 4413 3416 4482 ἤδη
3458 4413 3570 4465 τῶν
3606 4414 3816 4476 Βυζαν-

2241 4500 2373 4552 τίων
2402 4499 2635 4569 λιμένων
2657 4501 2922 4552 ἀποπλεῖν
2953 4501 2980 4552 δ
3011 4501 3280 4573 δεσπότης
3336 4499 3476 4555 εἶδεν
3518 4503 3673 4562 εὐθὺς
3696 4505 3815 4555 τῶν

571 4609 814 4648 mensam
849 4609 1012 4647 aurea
1043 4601 1098 4646 et
1132 4605 1387 4662 argentea
1435 4605 1564 4646 vasa
1617 4589 1841 4643 collecta
1895 4589 2132 4660 fuerant.

2246 4589 2336 4642 τοῦ
2394 4589 2583 4642 δούλου
2630 4590 2829 4659 χειρῶν
2884 4590 3243 4661 ὀλισθὴσαντα
3282 4592 3462 4646 πάντα
3524 4593 3816 4664 συνηθροι-

569 4687 701 4756 Quae
735 4703 822 4743 res
865 4701 1118 4758 maguum
1153 4685 1228 4740 illi
1269 4683 1514 4738 dolorem
1545 4682 1748 4749 attulit,
1779 4697 1883 4737 nou
1922 4693 2031 4737 tam
2063 4683 2133 4736 ob

2244 4683 2624 4749 σμένα,δπὸσα
2653 4685 2752 4752 τὴν
2784 4683 2992 4736 ἐκείνου
3023 4683 3301 4753 τράπεζαν
3330 4685 3569 4754 ἐπλήρου
3604 4686 3813 4756 χρύσεα

1901 4808 2238 4870 Variorum
2279 4817 2468 4870 noue.

644 4918 755 4987 (96)
794 4914 1233 4987 Pliranzcs,_|ib.
1281 4928 1483 4987 t,__cap.
1537 4909 1902 4987 lO;__Laonic.
1949 4909 2138 4987 lib_._-t,

613 5025 630 5042 .
652 4980 710 5045 Β.
741 4980 872 5042 edit.
908 4988 1065 5055 lieg.;
1096 4985 1291 5040 Joann.
1322 4980 1617 5047 Villaneus,
1642 4980 1738 5034 lib.
1772 4995 1846 5043 ix,
1871 4995 1992 5049 cap.
2016 4980 2136 5035 152.

622 5073 807 5112 UCANG.

647 5128 756 5193 t9?)
794 5130 858 5180 A.
886 5126 947 5182 C.
990 5125 1144 5186 1522,
1178 5123 1379 5177 hieme.
1473 5113 1489 5135 Χ

2241 4911 2388 4982 fidia,
2409 4913 2682 4980 iuniorem
2710 4911 3082 4982 Andronicum
3114 4913 3359 4982 recipere
3385 4911 3658 4966 noluerint
3688 4930 3702 4964 :
3739 4929 3808 4967 an

2233 4977 2474 5051 junioris
2497 4982 2716 5039 milites.
2737 4977 3022 5049 desperata
3041 4977 3275 5036 senioris
3291 4984 3602 5042 clementia,
3623 4985 3811 5049 fugam

2239 5052 2500 5119 ceperint.
2523 5052 2624 5105 Sed
2651 5053 2798 5120 prior
2821 5053 3087 5106 sententia
3116 5053 3285 5120 magis
3313 5055 3504 5122 placet.
3529 5053 3812 5107 Womcs.

2236 5150 2306 5190 {—-
2345 5122 2507 5185 Μήτε
2555 5123 2657 5174 τὸν
2703 5122 2966 5185 ,βασιλέα
3016 5123 3458 5188 προσδέξασθαι
3504 5123 3818 5190 μέλλοντα

651 5189 764 5267 ί98)
804 5199 908 5252 Aul
973 5197 1198 5249 verbum
1225 5263 1236 5267 Δ
1263 5191 1624 5267 συλλαμϐάνω
1686 5191 1831 5267 aliud
1875 5190 2139 5267 Δ(ἤθεσι-ξιξ

2246 5189 2730 5267 ἐπιστρέφρντας,
2750 5201 2854 5245 etc.
2889 5191 3114 5245 Wolfius
3145 5192 3272 5262 legit
3303 5189 3817 5267 péi.lovjra;_._alque

580 5261 872 5335 significat,
914 5274 1010 5319 aut
1047 5263 1334 5335 legendum
1366 5261 1628 5335 λεληθὼς,
1671 5263 1755 5314 vel
1791 5261 2137 5335 διεληλυθὼς,

578 5333 660 5392 vel
718 5337 923 5408 aliquid
969 5333 1168 5390 simile.
1220 5333 1406 5408 Neque
1455 5334 1598 5385 enim
1651 5333 2144 5408 comprehenderat

577 5425 691 5468 eos.
725 5410 777 5462 in
809 5402 945 5476 quius
977 5408 1236 5475 impetum
1272 5403 1670 5476 facturus‘ernt.
1697 5402 1970 5476 Wocrtus.

655 5482 766 5549 (99)
809 5471 1028 5532 Scilicet
1050 5471 1164 5549 τοῖς
1192 5473 1440 5549 περὶῄτὸν
1472 5472 1610 5535 νέον,
1639 5471 1693 5523 in
1723 5472 1892 5549 ipsum
1915 5471 2143 5549 jtmt'oris

578 5543 859 5604 exercitum
889 5556 1004 5601 erat
1042 5547 1293 5613 impetum
1325 5543 1582 5613 facturus,
1619 5556 1724 5613 non
1754 5544 1823 5608 _in
1863 5545 1999 5613 ipsos
2031 5543 2141 5593 via.

579 5639 692 5672 rum
725 5619 981 5677 rttstodes,
1004 5618 1094 5685 qui
1119 5611 1230 5683 jam
1259 5611 1650 5685 comprehensi
1673 5612 1905 5685 fuerant.
1931 5612 2136 5665 Bomx.

649 5691 723 5755 ti)
761 5690 964 5742 Dubius
1001 5682 1170 5749 lucus,
1200 5693 1380 5737 utrum
1416 5683 1677 5752 Byzantii,
1708 5682 1986 5750 repudiante
2015 5698 2140 5751 νοτε

2237 5275 2299 5314 ea
2332 5262 2564 5315 lectione
2590 5261 2850 5328 deceptus
2876 5277 2902 5312 a
2927 5277 3058 5314 vero
3077 5261 3239 5316 sensu
3269 5263 3564 5316 aberravit.
3593 5261 3812 5314 Boius.

2313 5332 2390 5398 (2)
2425 5331 2721 5402 Andronici
2775 5330 2905 5398 imp.
2936 5330 3081 5385 filius
3124 5333 3364 5402 secundo
3400 5334 3629 5402 genitus.
3665 5330 3816 5385 Vide

2241 5400 2605 5473 Cantacyzen.
2641 5401 2737 5454 lib.
2777 5416 2814 5465 l,
2845 5415 2965 5473 cap.
3001 5403 3088 5454 3|.
3125 5399 3356 5473 Ducasc.

2313 5471 2389 5539 (3)
2445 5470 2746 5539 Antequam
2806 5471 2966 5522 vidua
3019 5481 3192 5534 esset,
3255 5472 3419 5525 Maria
3487 5470 3818 5524 vocabatur.

2240 5539 2360 5594 Lib.
2389 5556 2464 5604 vi,
2513 5556 2632 5607 cap.
2665 5541 2718 5603 8,
2753 5548 2888 5592 sect.
2925 5541 2987 5610 ες
3028 5541 3122 5594 lib.
3163 5558 3256 5605 vn,
3298 5558 3419 5610 cap.
3463 5543 3514 5602 6,
3549 5551 3680 5593 seet.
3739 5541 3820 5603 2;

2240 5619 2295 5664 ct
2337 5626 2459 5677 cap.
2509 5610 2596 5671 15,
2630 5618 2763 5663 sect.
2806 5609 2868 5671 l;
2904 5609 2998 5664 lib.
3031 5627 3147 5673 vm,
3199 5628 3318 5679 cap.
3368 5615 3416 5674 1,
3467 5621 3596 5665 sect.
3635 5611 3688 5662 1.
3727 5613 3821 5663 An

2244 5689 2459 5734 mortuo
2492 5681 2685 5734 marito
2714 5680 2958 5732 halsitum
2988 5684 3324 5736 motaverat?
3352 5683 3554 5738 [ἔοις-ιχ.
