3980 6204
349 299 445 361 ἰδΊ

583 291 660 365 [λι
697 292 930 363 εκιὲεξ
969 308 1035 348 λι)
1088 294 1247 368 i328]
1321 301 1768 364 BYZ.-\NTIN/E
1806 306 1910 365 ut:

2015 304 2194 366 )RLE
2236 308 2382 366 LIB.
2427 278 2590 367 νιιι.

2693 303 2826 377 [iam
2868 321 3156 363 ANDRONIC.
3195 298 3336 381 sem

3484 313 3589 377 538

346 417 435 468 καὶ
463 414 715 483 ἀργύρεα
734 413 901 483 σκεύη
938 414 1032 466 καὶ
1058 415 1187 485 ἄχρι
1247 415 1539 486 πυθμένων
1594 436 1903 473 καταουντα

2015 420 2125 491 ejus
2152 421 2509 490 supellectilis
2533 423 2823 492 jacturam,
2847 440 3009 494 quam
3037 425 3108 479 ob
3136 427 3337 499 malum
3359 428 3412 480 in
3441 420 3595 496 ipso,

345 508 607 577 θαλάττης
631 523 647 538 ο
675 507 703 559 δ
748 508 845 561 καὶ
873 508 961 560 διά
993 509 1242 580 μεγάλης
1284 512 1463 582 ήγαγε
1500 512 1678 583 λύπης
1723 514 1907 577 αὐτὸν,

344 601 397 653 οὐ
422 598 673 652 τοσοῦτον
693 600 785 653 διὰ
817 602 917 668 τὴν
950 602 1210 672 στέρησιν
1236 606 1344 656 τῶν
1400 606 1629 669 σκευῶν,
1666 606 1789 660 ὅσον
1823 607 1912 660 διὰ

342 689 399 742 τὸ
423 690 486 742 ἐκ
522 689 749 759 πρώτης
770 690 940 759 φάναι
978 695 1250 761 γραμμῆς
1278 694 1666 750 δυσοιώνιστον
1713 699 1909 751 συνάν-

343 798 487 849 τημα
520 781 615 833 καὶ¹
668 782 730 834 τὸ
787 783 888 850 τῆς
942 784 1173 854 μελέτης
1219 786 1470 839 ἐντεῦθεν
1528 789 1903 846 δυσέλπιστον.

351 873 505 927 Ἀλλά
529 873 636 944 γὰρ
676 872 930 928 ἀπελθὼν
974 877 1032 928 ὲν
1086 876 1457 950 Θεσσαλονίκῃ
1501 882 1707 943 πάντας
1746 882 1909 946 εὐθὺς

342 964 738 1034 συλλαϐόμενος
775 966 904 1029 τοὺς
940 968 1068 1036 περὶ
1113 967 1212 1038 τὴν
1241 970 1531 1023 δέσποιναν
1583 970 1752 1043 Ξένην
1791 974 1906 1041 ἅμα

342 1057 476 1127 αὗτῇ
516 1057 611 1109 καὶ
651 1058 797 1127 μάλα
829 1059 1087 1128 ἀκόσμως
1124 1062 1435 1131 ἐμϐιϐάσας
1465 1064 1522 1127 ὲς
1550 1066 1752 1136 τριήρη
1788 1066 1907 1130 ἑξέ-

341 1149 554 1217 πιμψεν
587 1151 645 1211 ἐς
678 1150 1005 1213 Βυζάντιον·
1042 1154 1075 1222 ἢ
1104 1152 1169 1220 δὴ
1200 1155 1293 1227 καὶ
1344 1154 1553 1207 ἄκουσα
1610 1156 1907 1226 ὲληλυθυῖα

338 1240 659 1311 ἐφρουρεῖτο
687 1242 819 1312 περὶ
845 1243 906 1295 τὸ
946 1243 1082 1310 έῷον
1115 1245 1282 1313 μέρος
1309 1245 1418 1298 τῶν
1454 1245 1772 1315 βασιλείων.
1809 1249 1905 1300 Ἐν

341 1334 437 1402 μὲν
464 1335 529 1400 δὴ
555 1334 714 1389 τοῦτο
746 1337 840 1388 καὶ
884 1337 1312 1391 σπουδαιότατον
1357 1339 1522 1409 ἔργον
1568 1339 1909 1394 Κωνσταντί-

338 1443 429 1479 νου
481 1426 577 1479 τοῦ
632 1428 897 1482 δεσπότου
949 1431 1244 1499 γενομένου
1300 1431 1429 1500 περὶ
1481 1432 1903 1503 Θεσσαλονίκην.

337 1517 601 1588 Δεύτερον
633 1518 712 1581 δὲ,
743 1522 924 1574 πάντα
954 1521 1043 1573 τὸν
1094 1522 1158 1575 ὲκ
1188 1522 1530 1586 Μακεδονίας
1577 1525 1905 1594 συναγείρας

337 1608 573 1678 στρατὸν
601 1610 819 1681 ἔρχεται
878 1612 1017 1665 κατά
1069 1611 1163 1666 τοῦ
1222 1613 1444 1683 ἀνεψιοῦ
1494 1613 1760 1683 βασιλέως
1803 1616 1901 1686 (4).

345 1700 553 1754 Ἐλθὼν
621 1704 720 1771 μὲν
771 1702 835 1774 δὴ
881 1704 1034 1774 παρά
1087 1707 1186 1775 τὴν
1236 1705 1632 1776 Χριστούπολιν
1683 1708 1904 1779 πέμψας

2013 514 2158 582 quod
2186 513 2359 577 aiunt,
2377 512 2566 569 limine
2590 529 2773 579 omen,
2802 531 2911 585 quo
2941 517 3158 572 animus
3183 520 3269 573 rei.
3288 519 3587 574 conﬁcien-

2012 604 2096 659 da:
2123 620 2344 675 parvam
2386 620 2537 675 spem
2569 605 2937 676 concipiebat.
2980 609 3251 663 Cancrum
3286 610 3585 665 Thessalo-

2010 699 2192 751 nicam
2250 697 2529 767 prolectus
2577 697 2766 753 cheu
2823 716 2948 755 cum
3003 704 3265 757 omnibus
3316 704 3584 758 ministris

2010 780 2484 857 comprehensam,
2513 790 2660 843 nulla
2702 791 2965 846 modestia
3013 793 3220 847 triremi
3248 794 3579 864 impositam,

2009 880 2331 951 Byzantium
2368 882 2538 935 misit.
2571 882 2690 946 Quo
2724 897 2848 936 cum
2892 884 2980 938 illa
3015 885 3185 939 invita
3216 888 3582 954 pervenisset,

2009 971 2064 1026 in
2091 972 2345 1027 orientali
2377 973 2562 1042 palatii
2589 983 2742 1042 parte
2778 975 3215 1030 custodiebatur.
3255 978 3319 1031 Et
3346 978 3581 1046 primum

2009 1065 2115 1119 hoc
2148 1074 2313 1135 atque
2357 1066 2741 1134 gravissimum
2776 1082 2915 1136 opus
2959 1067 3061 1121 fuit
3108 1069 3452 1123 Constantini
3487 1073 3583 1123 ile-

2008 1166 2198 1225 Spotze,
2249 1158 2343 1212 tibi
2402 1159 2448 1213 is
2497 1159 2945 1239 Thessalonicam
3006 1160 3248 1216 advenit.
3306 1163 3574 1226 Alterum,

2008 1251 2153 1320 quod
2201 1250 2430 1305 collecto
2476 1253 2626 1306 omni
2684 1251 3035 1308 Macedonico
3088 1254 3332 1307 exercitu
3384 1264 3576 1308 contra

2008 1341 2399 1411 imperatorem
2436 1342 2621 1419 fratris
2650 1343 2820 1397 illium
2855 1345 3161 1400 contendit.
3211 1344 3379 1399 Porro
3419 1344 3580 1400 Chri-

2009 1435 2246 1519 st0polin
2279 1451 2600 1505 progressus
2643 1451 2671 1490 a
2714 1437 2965 1505 prmsidio
2996 1438 3281 1492 transitum
3336 1438 3579 1505 postula-

2006 1533 2107 1594 vit,
2145 1529 2423 1595 minitans,
2465 1530 2520 1583 ni
2557 1531 2701 1583 ultro
2728 1530 2940 1589 darent.
2976 1530 3043 1583 iis
3078 1530 3265 1583 invitis
3295 1545 3353 1584 se
3383 1530 3578 1584 transi-

2010 1628 2216 1675 turum.
2267 1621 2421 1687 Quod
2460 1637 2585 1675 cum
2627 1622 2702 1675 illi
2743 1631 3081 1684 recusarent,
3119 1630 3379 1690 perrupta
3428 1630 3583 1690 parte

2009 1712 2152 1781 longi
2184 1713 2325 1766 muri
2356 1713 2497 1766 viam
2527 1712 2688 1785 355
2714 1713 3150 1778 intercludentis,
3179 1728 3395 1766 onmem
3427 1728 3585 1767 exer-

338 1792 507 1863 ᾔτησε
533 1794 703 1847 δίοδον
734 1796 866 1867 παρ’
891 1797 1133 1851 ἑκόντων
1166 1797 1273 1851 τῶν
1304 1800 1577 1869 φρουρῶν,
1614 1801 1743 1871 πρὶν
1778 1803 1906 1873 παρ’

2015 1806 2176 1859 citum
2210 1784 2788 1874 prohibentenemine
2821 1804 3083 1859 traduxit.

334 1888 578 1941 ἀκόντων
606 1887 797 1941 λαϐεῖν
854 1889 1120 1944 ἀπειλῶν.
1166 1891 1288 1946 Τῶν
1341 1893 1398 1946 δὲ
1461 1894 1532 1964 μὴ
1582 1893 1930 1965 δεξαμένων,
1976 1897 2306 1968 βιασάμενος
2345 1898 2509 1961 αὐτὸς
2552 1897 2768 1968 διέκοψε
2799 1899 2962 1970 μέρος
2996 1896 3091 1951 τοῦ
3152 1898 3249 1969 τὴν
3278 1897 3582 1969 δίοδονέπι-

328 1982 661 2054 τειχίζοντος
696 1984 908 2055 μακροῦ
938 1986 1288 2055 τείχους,καὶ
1316 1987 1461 2042 οὕτω
1484 1991 1591 2052 πᾶς
1610 1990 1903 2049 ἀκωλύτως
1937 1991 2205 2046 διέϐαινεν
2234 1996 2262 2046 ό
2293 1995 2546 2064 στρατός.
2758 1989 2775 2005 ’

400 2079 486 2134 E'.
517 2079 789 2147 Στραφεὶς
812 2078 868 2130 δὲ
897 2080 1033 2150 πρδς
1059 2080 1253 2132 ἑαυτὸν
1275 2082 1303 2133 ό
1352 2081 1609 2151 βασιλεὺς
1649 2085 1744 2135 καὶ
1785 2100 1911 2135 συν-

333 2173 460 2227 ιδὼν
490 2173 565 2229 ὡς
595 2175 653 2226 ἐν
685 2173 855 2242 στενῷ
888 2173 1279 2226 συνελαύνεται
1307 2174 1357 2226 οί
1383 2176 1451 2226 τὰ
1483 2176 1787 2245 πράγματα
1815 2175 1909 2229 τὸν

334 2269 434 2340 μὲν
493 2268 967 2339 πρωτοστράτορα
1020 2270 1112 2322 τὸν
1150 2270 1465 2339 ’Συναδηνδν
1530 2270 1599 2323 τά
1655 2271 1910 2341 Θρᾳκικὰ

332 2362 615 2432 παραδοὺς
674 2361 1063 2431 στρατεύματα
1135 2363 1345 2430 πέμπει
1396 2363 1635 2433 φρουρὸν
1696 2364 1804 2417 τῶν
1848 2382 1908 2417 τε

327 2452 468 2520 πρὸς
500 2452 796 2513 Βυζάντιον
832 2451 1138 2521 βλεπόντων
1179 2452 1341 2521 όρίων
1370 2453 1469 2523 τῆς
1509 2453 1660 2523 αὐτῷ
1687 2452 1907 2524 κληρω-

332 2543 528 2611 θείσης
575 2542 753 2612 ἀρχῆς
782 2545 877 2595 καὶ
922 2546 1043 2605 ταῖς
1091 2541 1185 2595 τοῦ
1242 2543 1576 2613 Συργιάννου
1617 2544 1909 2615 «ἐκδρομαῖς⁸

328 2633 652 2689 ἀντίπαλον.
692 2634 864 2697 Αὐτὸς
893 2635 939 2688 δ’
977 2633 1191 2689 ἐκεῖθεν
1221 2635 1530 2703 δαιμονίαις
1580 2637 1693 2690 τισὶ
1727 2656 1908 2707 μηχα-

329 2730 457 2789 ναῖς
511 2727 606 2780 καὶ
666 2726 842 2787 δόλοις
896 2726 1038 2794 ἔγνω
1084 2727 1346 2796 πολεμεῖν
1395 2728 1474 2797 τῷ
1527 2726 1657 2798 θείῳ
1689 2730 1783 2781 καὶ
1827 2729 1912 2781 δε-

331 2818 641 2890 6ﬁ61n(5).
697 2819 810 2871 Καὶ
848 2819 1042 2890 πρῶτα
1117 2821 1217 2887 μὲν
1265 2819 1616 2887 διατάγματα
1674 2821 1907 2875 πλεῖστα

331 2911 546 2980 σπουδῇ
579 2911 857 2980 γραφῆναι
888 2910 1350 2980 παρεκελεύσατο,
1386 2912 1443 2964 έν
1472 2906 1553 2974 οἷς
1582 2912 1908 2981 ὑποσχέσεις

327 3004 638 3070 ἐγράφοντο
674 3002 892 3072 ἔνορκοι
948 3004 1255 3073 χρημάτων
1311 3003 1405 3055 καὶ
1457 3004 1760 3073 κτημάτων
1814 3004 1909 3057 καὶ

327 3095 513 3164 τιμῶν
576 3100 961 3165 προσηκόντων
1017 3095 1270 3164 διανομαὶ
1314 3098 1424 3158 τοῖς
1484 3096 1909 3166 συλληψομένοις

330 3188 418 3239 τὸν
446 3186 716 3255 δεσπότην
751 3187 851 3240 καὶ
882 3187 1047 3240 θεῖον.
1088 3187 1155 3239 Ἀ
1182 3187 1244 3256 δὴ
1272 3188 1451 3240 πάντα
1485 3188 1776 3258 βαναύσοις
1796 3189 1908 3240 τισὶ

328 3278 616 3349 παροδίοις
645 3278 873 3347 ἀνδράσι
928 3278 1180 3343 δεδωκὼς
1241 3281 1454 3351 ῥίπτειν
1511 3282 1765 3335 ἐκέλευσε
1814 3281 1907 3333 καὶ

2083 2085 2148 2140 V.
2208 2085 2512 2156 Imperator
2558 2095 2739 2141 autem
2787 2085 3116 2155 rogitatimie
3171 2086 3258 2141 bis
3302 2085 3370 2141 de
3418 2087 3586 2140 rebus

2011 2185 2287 2245 suscepta,
2312 2192 2437 2231 cum
2474 2192 2533 2231 se
2582 2178 2637 2231 in
2690 2185 2902 2232 arctum
2948 2177 3067 2247 cogi
3100 2188 3370 2240 cerneret,
3399 2187 3589 2246 proto-

2011 2277 2305 2323 Stralorem
2337 2268 2711 2340 Synadentrm.
2747 2269 2997 2323 Thraciis
3044 2268 3382 2323 exercitibus
3420 2266 3585 2336 datis,

2009 2361 2076 2415 ad
2122 2361 2512 2416 custodiendos
2557 2361 2770 2430 imperii
2809 2359 2891 2414 sui
2931 2360 3087 2423 lines,
3127 2361 3219 2429 qui
3254 2377 3445 2416 versus
3484 2361 3587 2432 By-

2011 2452 2250 2505 zantium
2282 2460 2620 2519 spectarent,
2674 2461 2729 2505 et
2781 2450 2846 2504 ad
2887 2450 3205 2522 Syrgiannis
3244 2451 3589 2506 incursiones

2010 2539 2388 2611 prohibendas
2442 2540 2612 2595 misit.
2672 2540 2795 2608 lpse
2860 2555 2993 2593 vero
3049 2541 3202 2595 miris
3259 2540 3588 2609 quibusdam

2010 2630 2514 2685 machinationibus
2557 2641 2613 2684 et
2668 2630 2805 2684 dolis
2839 2641 3093 2700 patruum
3141 2633 3421 2702 despotam
3458 2632 3588 2687 inde

2011 2735 2330 2791 oppugnare
2381 2721 2639 2776 instituit.
2702 2723 2779 2775 Ac
2833 2723 3071 2790 primum
3121 2723 3299 2777 edicta
3352 2723 3587 2792 plurima

2010 2814 2339 2869 festinanter
2396 2813 2672 2867 conscribi
2729 2814 2913 2883 jussit,
2969 2814 3171 2882 quibus
3228 2815 3588 2883 jurejurando

2010 2904 2233 2958 sancitae
2269 2904 2629 2974 pecuniarum
2664 2903 3093 2973 pollicitationes
3123 2905 3585 2960 continebantur:

2009 2999 2139 3053 item
2177 2998 2659 3067 possessionumet
2691 2997 2962 3049 honorum
2993 2998 3442 3051 convenientium
3475 2997 3588 3052 dis-

2010 3089 2343 3145 tributiones
2384 3088 2836 3157 proponebantur
2877 3088 2965 3152 iis,
2998 3089 3090 3157 qni
3124 3089 3407 3157 despotam
3440 3103 3589 3142 eom-

2009 3179 2333 3251 prebensuri
2372 3187 2561 3234 essent
2599 3195 2614 3231 :
2661 3193 2835 3247 eaque
2868 3179 3329 3247 pra-tcreuntibus
3364 3179 3590 3247 plebeiis

2010 3272 2327 3327 beininibus
2351 3271 2520 3336 dedit,
2550 3282 2607 3325 ut
2637 3272 2940 3341 abjicerent
2967 3283 3022 3327 et
3049 3274 3114 3327 de
3139 3273 3411 3328 industria
3437 3289 3565 3342 spar

326 3366 677 3435 διασπείρειν
705 3365 1019 3436 ἐξεπίτηδες
1050 3368 1203 3437 παρά
1224 3349 1283 3421 τε
1340 3368 1401 3421 τὺ
1436 3370 1796 3437 στρατόπεδον
1820 3369 1910 3422 τοῦ

2015 3375 2228 3435 secent,
2266 3378 2393 3417 cum
2423 3365 2577 3433 juxta
2611 3363 2853 3432 despotic
2887 3374 3088 3427 castra,
3133 3374 3247 3418 tum
3288 3367 3488 3434 passim
3533 3365 3588 3417 in

329 3465 600 3526 δεσπότου
650 3465 743 3517 καὶ
793 3464 1043 3534 πανταχῆ
1088 3463 1201 3516 τῶν
1263 3462 1419 3517 όδῶν.
1475 3462 1714 3515 Ἔπειτα
1767 3461 1907 3529 πρὸς

336 3557 548 3620 τούτοις
579 3557 809 3611 θάνατον
859 3558 1156 3629 κηρύττειν
1210 3556 1462 3610 ἐκέλευσε
1511 3553 1609 3608 τοῦ
1644 3553 1912 3622 βασιλέως

333 3651 429 3703 καὶ
464 3650 720 3711 πάππου,
743 3648 1151 3701 στασιασάντων
1177 3647 1334 3715 δῆθεν
1353 3646 1457 3698 τῶν
1479 3643 1790 3708 Βυζαντίων
1817 3643 1912 3695 καὶ

338 3744 780 3795 ἀποκτεινάντων
807 3740 986 3793 αὐτόν.
1014 3736 1232 3811 μί319]
1261 3739 1324 3791 Ὃ
1345 3738 1408 3806 δὴ
1433 3737 1525 3789 καὶ
1546 3734 1912 3804 διετράνωσαν

339 3832 659 3899 περιϊόντες
688 3828 974 3897 ἅπανταχῆ
1014 3830 1062 3880 oi
1101 3828 1169 3878 τὰ
1223 3824 1449 3878 τοιαῦτα
1504 3823 1760 3875 πλάττειν
1801 3820 1912 3873 δεισ-

328 3925 432 3987 νοὶ,
472 3915 551 3976 ὧν
587 3923 639 3974 οί
698 3922 917 3983 πλείους
972 3921 1066 3973 καὶ
1121 3919 1318 3989 ὅρκους
1372 3915 1784 3988 προσετίθεσαν,
1835 3913 1913 3976 ὡς

330 4014 594 4084 παρῆσαν
639 4013 735 4065 καὶ
781 4013 1047 4065 αὐτόπται
1086 4012 1185 4080 τῆς
1226 4011 1430 4078 πικρᾶς
1478 4010 1689 4061 ἐκείνου
1713 4006 1911 4059 τελευ-

333 4105 437 4168 τῆς
472 4104 725 4170 ἐγένοντο
750 4118 765 4132 '
794 4102 890 4154 καὶ
924 4101 1268 4173 παράστασιν
1299 4100 1571 4153 ποιεῖσθαι
1599 4097 1692 4153 τοῦ
1732 4099 1911 4181 πράγτ

334 4213 509 4264 ματος
544 4194 794 4255 θέλοντες
845 4192 1041 4263 τρίχας
1087 4192 1401 4245 ἐδείκνυσαν
1430 4191 1652 4256 λευκάς,
1690 4190 1747 4243 αἳ
1770 4175 1925 4271 ᾖξαν·

335 4287 439 4357 μὲν
468 4289 533 4337 ὲκ
563 4285 855 4356 προϐάτων
880 4286 1111 4347 λευκῶν,
1142 4283 1451 4335 ἐδείκνυντο
1502 4283 1548 4335 δ’
1590 4282 1664 4344 ὡς
1723 4283 1785 4335 ἐκ
1816 4283 1912 4349 τῆς

333 4373 579 4444 κεφαλῆς
641 4375 736 4427 καὶ
782 4373 882 4440 τῇς
924 4372 1136 4441 ὑπήνης
1184 4372 1277 4424 τοῦ
1333 4370 1565 4441 γηραιοῦ
1598 4370 1909 4440 βασιλέως,

328 4468 430 4520 an
460 4484 491 4519 τ
531 4470 581 4530 ῖς
618 4466 712 4518 τοῦ
764 4466 936 4535 δήμου
986 4462 1460 4517 διασκεδασθεῖσαι
1518 4462 1697 4532 χερσί.
1747 4462 1915 4516 Ταῦτ’

333 4560 649 4628 ἀκουόμενα
674 4560 787 4621 τοῖς
810 4560 867 4612 έν
899 4558 1115 4625 κώμαις
1156 4558 1248 4627 καὶ
1297 4555 1487 4608 πόλεσι
1545 4556 1640 4607 καὶ
1679 4553 1914 4624 μάλιστα

2015 3458 2138 3510 viis.
2189 3456 2398 3510 Deinde
2453 3455 2665 3508 obitum
2714 3456 2799 3508 avi
2852 3456 3203 3523 imperatoris
3264 3456 3589 3525 proclamari

2008 3548 2195 3619 jussit.
2228 3547 2322 3616 qui
2367 3562 2396 3601 a
2429 3546 2707 3616 Byzantiis
2741 3561 2838 3615 per
2887 3546 3212 3601 seditionem
3251 3549 3466 3602 occisus
3495 3562 3585 3601 es-

2013 3648 2138 3695 set:
2170 3639 2336 3709 idque
2370 3639 2685 3709 hujusmodi
2714 3650 3152 3694 commentorum
3192 3641 3431 3694 artitices
3465 3641 3590 3695 nbi-

2013 3748 2122 3803 que
2151 3733 2450 3802 vulgarunt
2478 3753 2491 3787 :
2518 3734 2768 3802 plerique
2797 3733 2961 3787 etiarn
2989 3734 3351 3804 jurejurando
3378 3724 3584 3798 addito,

2014 3842 2073 3881 se
2106 3826 2422 3881 interfuisse
2455 3834 2510 3880 et
2544 3826 2660 3881 suis
2699 3826 2878 3880 oculis
2919 3825 3178 3879 acerbum
3221 3826 3368 3879 illius
3399 3826 3589 3879 interi-

2015 3929 2130 3973 tum
2160 3919 2384 3973 vidisse.
2434 3918 2501 3972 Et
2551 3928 2612 3974 ut
2647 3934 2760 3972 rem
2801 3917 3213 3982 conﬁrmarent,
3248 3919 3402 3972 albos
3451 3919 3590 3988 pilos

2014 4010 2385 4065 ostendebant
2415 4011 2661 4064 albarum
2687 4011 2898 4072 ovium,
2921 4010 3077 4079 quasi
3105 4026 3134 4063 e
3167 4010 3344 4079 capite
3370 4018 3425 4063 et
3446 4026 3590 4064 men-

2017 4112 2071 4157 to
2112 4103 2352 4157 senioris
2389 4104 2741 4173 imperatoris
2772 4104 2919 4173 vulgi
2978 4103 3233 4157 manibus
3283 4103 3453 4156 avulsi
3500 4117 3591 4156 es-

2016 4203 2139 4248 sent
2170 4203 2226 4249 et
2257 4193 2529 4263 dissipati.
2561 4193 2691 4261 Quae
2722 4209 2849 4248 cum
2886 4195 2939 4247 in
2976 4195 3129 4264 pagis
3160 4202 3217 4249 et
3248 4193 3476 4249 urbibus
3509 4204 3592 4247 at-

2014 4302 2122 4356 que
2178 4286 2234 4340 in
2293 4287 2488 4356 primis
2542 4288 2598 4342 in
2652 4287 2895 4357 despotic
2947 4287 3191 4341 exercitu
3244 4287 3592 4355 audirentur,

2014 4380 2228 4434 animos
2244 4379 2526 4433 hominum
2549 4380 2717 4435 variis
2739 4380 3162 4449 cogitationibus
3183 4380 3585 4435 distrahebant.

2017 4471 2180 4543 356
2210 4472 2347 4525 Tum
2376 4472 2615 4538 disnersa
2650 4473 2740 4527 illa
2775 4474 2953 4527 edicta
3001 4488 3124 4526 cum
3162 4483 3218 4527 et
3266 4473 3485 4526 inventa
3536 4483 3591 4528 et

2018 4563 2259 4630 despou:
2289 4563 2486 4617 tradita
2517 4573 2723 4629 essent,
2757 4573 2959 4618 metum
2990 4580 3054 4617 ac
3080 4574 3343 4618 terrorem
3378 4564 3452 4617 illi
3484 4579 3590 4619 non

329 4652 411 4723 τῷ
450 4653 547 4704 τοῦ
577 4652 838 4704 δεσπότου
877 4650 1093 4719 στρατῷ
1150 4650 1250 4701 οὐκ
1300 4649 1387 4701 εία
1435 4648 1620 4718 μένειν
1686 4651 1777 4700 ἐπὶ
1825 4648 1910 4717 βε-

2021 4652 2186 4707 nimis
2219 4653 2543 4723 degenerem
2585 4655 2987 4709 incusserunt:
3027 4664 3086 4708 ut
3136 4655 3451 4707 intimorum
3496 4669 3590 4708 co-

338 4746 523 4807 ϐαίοις
561 4747 673 4807 τοῖς
700 4743 1001 4813 λογισμοῖς.
1044 4740 1185 4811 Ἤδη
1231 4740 1288 4793 δὲ
1316 4742 1408 4793 καὶ
1455 4741 1523 4793 τά
1546 4739 1917 4811 διασπαρέντα

342 4841 534 4892 ἐκεῖνα
559 4837 815 4908 βασιλικά
848 4836 1195 4903 διατάγματα
1234 4833 1602 4904 εὑρισκόμενα
1642 4835 1737 4885 καὶ
1782 4833 1919 4886 διδό-

343 4950 485 4999 μενα
516 4932 593 5002 τῷ
624 4932 861 5002 δεσπότῃ
901 4932 954 4992 ές
1006 4929 1207 4981 δειλίαν
1261 4927 1355 4980 καὶ
1427 4927 1592 4995 φόϐον
1633 4926 1918 4981 ἐνέϐαλλον

332 5024 399 5077 οὐ
462 5024 609 5094 μάλα
661 5024 863 5091 ἀγεννῆ
892 5038 906 5053 ⁸
951 5019 1089 5073 ὥστε
1169 5020 1260 5071 καὶ
1306 5019 1529 5086 φεύγειν
1570 5017 1917 5095 ἀναπεισθεὶς

2025 4744 2432 4799 hortationibus
2482 4746 2755 4800 adductus
2799 4746 3165 4816 proditionem
3208 4745 3286 4797 illi
3317 4750 3593 4798 exercitus

2019 4836 2242 4906 jamjam
2294 4835 2581 4892 imminere
2626 4836 3015 4892 aﬂirm‘antium
3044 4834 3486 4890 Thessalonicam
3535 4851 3593 4890 se

2025 4927 2149 4997 fuga
2182 4929 2473 4996 reciperet.
2504 4928 2681 4999 Atque
2705 4929 2821 4983 haec
2852 4929 2954 4983 sub
2979 4929 3177 4983 hiemis
3200 4929 3408 4982 exitum
3441 4935 3591 4997 gesta

2023 5031 2173 5073 ευιιι.

338 5117 450 5170 ὑπὸ
476 5117 585 5169 τῶν
609 5116 986 5177 οἰκειοτάτων,
1006 5116 1275 5180 λεγόντων
1302 5114 1377 5176 ὡς
1410 5114 1525 5166 Οὐκ
1594 5112 1661 5166 ἂν
1726 5112 1954 5180 φθάνοις
1992 5111 2382 5182 προδεδομένος
2439 5112 2545 5165 ὑπὸ
2580 5113 2672 5167 τοῦ
2714 5115 3099 5184 στρατοπέδου,
3137 5113 3309 5187 ᾤχετο
3352 5114 3409 5176 ὲς
3460 5111 3589 5164 Θεσι

338 5210 655 5278 σαλονίκην.
687 5210 791 5261 Καὶ
815 5208 988 5261 ταῦτα
1026 5208 1126 5275 μὲν
1185 5207 1328 5259 οὕτω
1377 5205 1743 5267 τελευτῶντος
1804 5204 2071 5275 χειμῶνος
2101 5204 2398 5271 ἐγίγνοντο.

413 5301 506 5366 ς’.
542 5294 717 5365 Ἦρῖς
742 5297 786 5348 δ’
826 5300 1133 5367 ἀρχομένου
1160 5298 1444 5366 πέμπεται
1486 5297 1724 5367 τριήρης
1781 5296 1920 5363 πρὸς

332 5390 437 5443 τοῦ
466 5389 701 5461 γηραιοῦ
746 5390 1012 5459 βασιλέως
1043 5392 1100 5454 ἐς
1121 5389 1521 5459 θεσσαλονίκην
1550 5392 1645 5440 καὶ
1683 5386 1919 5458 λαθραῖα

418 5657 493 5724 (1)
524 5656 820 5711 Andronici
873 5655 1018 5709 ﬁlius
1077 5654 1180 5710 fuit
1233 5654 1324 5708 hic
1380 5638 1787 5715 Constantinus,
1842 5670 1906 5707 ex

335 5726 500 5782 [rene
523 5727 765 5783 secunda
790 5742 981 5782 uxore.
1007 5725 1353 5781 Andronicus
1375 5725 1909 5795 imperator/juniur,

2094 5294 2182 5350 Vl.
2222 5295 2377 5350 Veris
2412 5293 2571 5347 initio
2621 5309 2652 5348 a
2705 5295 2923 5372 seniore
2974 5297 3302 5366 imperatore
3350 5297 3594 5351 triremis

2027 5386 2467 5440 Thessalonicam
2503 5386 2738 5440 mittitur
2761 5402 2884 5441 cum
2910 5391 3123 5443 arcanis
3153 5390 3365 5455 litteris,
3390 5380 3595 5459 quibus

1695 5518 2034 5579 Variorum
2071 5530 2259 5580 nota).

2016 5652 2258 5723 ejusdem
2289 5668 2476 5721 nepos.
2505 5672 2534 5708 e
2561 5654 2822 5708 Miehacle
2852 5622 2983 5706 lilio.
3012 5655 3283 5713 Wou‘ws.

2093 5727 2168 5795 (ἐι)
2207 5724 2397 5779 Eidem
2435 5724 2816 5779 Constantino.
2858 5730 3088 5780 Ducam.
