4010 6208
329 389 425 451 545

575 382 653 457 [Α.
692 400 741 440 c.
786 383 926 477 1282
963 401 1027 440 ιι)
1067 380 1227 456 1528]
1301 388 1748 453 BYZANTlN/E
1788 392 2177 455 HISTOBUE
2215 396 2368 459 LIB.
2407 395 2575 459 VIII.

2678 396 2817 465 [tum
2859 407 3144 449 ANDRONIC.
3188 407 3302 450 szu.
3314 394 3334 468 j

3478 401 3581 470 $46

326 519 406 554 ναι
433 501 543 564 τοῖς
571 499 839 567 Τούρκοις
868 502 1003 571 αὐτῇ
1033 499 1186 554 πόλει
1221 502 1317 555 καὶ
1351 502 1535 567 αὐτοῖς
1564 504 1758 567 οἴκοις.
1786 505 1890 558 Καὶ

2001 513 2145 562 tasse
2170 508 2290 563 dies
2321 508 2637 574 accidisset,
2687 510 2792 565 nisi
2833 510 3057 565 Alexius
3088 511 3583 583 Philanthropenus

218 608 232 626 ο
324 591 434 662 τάχ’
454 591 519 644 ἂν
545 593 603 643 ἐν
626 591 835 657 ὀλίγαις
863 593 1099 661 ἡμέραις
1130 593 1432 664 ἐπράττετο
1460 595 1638 657 τοῦτο,
1668 598 1716 649 εἰ
1751 596 1828 666 μὴ
1858 597 1886 649 6

324 684 771 753 Φιλανθρωπηνδς
804 684 1040 751 Ἀλέξιος
1075 684 1212 756 ἔφθη
1244 684 1339 739 τοῦ
1376 686 1539 755 βυθοῦ
1573 688 1683 741 τῶν
1714 689 1895 741 τοιού-

324 794 425 828 των
454 776 775 841 ἀπαλλάξας
809 776 1091 831 κινδύνων.
1130 778 1219 831 Ἐν
1252 779 1425 848 στενῷ
1457 778 1566 848 γὰρ
1600 780 1896 847 γενόμενος

322 869 349 921 6
385 868 636 937 βασιλεὺς
677 869 771 921 καὶ
818 852 890 939 μη
931 868 1071 939 ἔχων
1103 870 1130 922 ὃ
1161 886 1219 922 τι
1254 869 1473 940 δράσειε
1509 870 1618 923 τῶν
1679 871 1897 925 πάντων

320 959 461 1012 οὐδὲν
492 956 641 1033 (οὔτε
671 961 780 1029 γὰρ
807 959 988 1012 ὃπλων
1015 959 1303 1028 ἐπισκευὴ,
1330 961 1451 1014 οὔτε
1484 960 1717 1029 στρατὸς
1748 962 1897 1015 ἀντί-

323 1048 481 1113 παλος
514 1045 583 1120 ἦν
615 1050 698 1114 εἰς
732 1050 889 1104 πόλιν
920 1050 1066 1104 οὕτω
1101 1051 1370 1122 Θαλάττης
1407 1053 1623 1117 πολλοῖς
1659 1055 1897 1119 σταδίοις

320 1141 707 1210 ἀπῳκισμένην
740 1142 833 1194 καὶ
866 1142 1082 1205 πολλοῖς
1114 1142 1541 1214 κεκυκλωμένην
1569 1148 1680 1208 τοῖς
1711 1145 1895 1198 ἔθνεσι

321 1229 551 1301 βοηθεῖν)
588 1233 799 1301 πέμπει
831 1232 1020 1285 τοῦτον
1056 1233 1219 1287 αὑτὸν
1256 1234 1426 1304 μηδὲν
1461 1237 1892 1306 ἐπιφερόμενον,

318 1320 435 1374 οὔτε
464 1323 723 1393 στρατὸν,
747 1323 863 1376 οὔθ’
884 1325 1064 1377 ὅπλων
1087 1324 1410 1395 ἐπισκευὴν,
1439 1325 1560 1378 οὔτε
1591 1328 1896 1397 χρημάτων

318 1412 536 1482 πλῆθος,
563 1413 700 1466 ἀλλὰ
715 1414 902 1484 -μόνην
931 1415 1030 1485 τὴν
1056 1415 1158 1484 τῆς
1186 1414 1402 1484 φύσεως
1431 1415 1651 1469 σύνεσιν
1677 1420 1768 1471 καὶ
1798 1419 1898 1487 ἐμ-

318 1506 552 1576 πειρίαν.
590 1498 668 1559 Οὒ
703 1506 769 1575 δὴ
804 1506 901 1559 καὶ
937 1506 1067 1575 πρὶν
1102 1507 1390 1576 ἐπιστῆναι
1426 1510 1492 1578 τῇ
1536 1508 1689 1561 πόλει
1734 1509 1896 1562 Φιλα-

315 1595 551 1666 δελφείᾳ,
583 1596 665 1649 ἔτι
694 1596 741 1650 δ’
764 1599 823 1649 ἐν
854 1596 997 1670 μέσῃ
1026 1598 1222 1668 πορείᾳ
1252 1586 1632 1668 τυγχάνοντος,
1662 1600 1761 1659 τὴν
1792 1600 1896 1670 φή-

316 1704 420 1758 μην
452 1689 757 1759 ἀκηκοότες
792 1691 841 1743 οί
875 1690 983 1742 τῶν
1016 1689 1451 1758 πολιορκούντων
1485 1691 1763 1762 σατράπαι
1797 1693 1892 1746 καὶ

317 1779 546 1848 ἀρχηγοὶ
577 1778 646 1832 τά
678 1797 736 1832 τε
771 1779 911 1832 ὅπλα
946 1779 1107 1843 εὐθὺς
1142 1780 1371 1851 ἐρριψαν
1409 1781 1501 1834 καί⁵
1536 1761 1636 1849 την
1670 1761 1890 1851 πολιορ-

312 1871 431 1924 κίαν
462 1872 774 1925 ἀπείπαντο
808 1870 1147 1935 αἰδεσθέντες
1178 1874 1275 1943 τὴν
1303 1872 1398 1925 τοῦ
1431 1872 1622 1943 ἀνδρὸς
1656 1874 1883 1946 ἀρετήν.

2002 599 2057 653 in
2086 609 2239 654 tanto
2277 601 2527 670 periculo
2557 602 2893 657 constitutos
2928 603 2996 656 ab
3030 604 3355 659 imminente
3412 607 3583 661 exitio

2000 691 2307 744 liberasset.
2360 691 2505 748 Nam.
2537 691 2592 745 in
2657 694 2932 762 angustias
2973 693 3229 749 redactus
3282 694 3585 764 imperator

1998 793 2052 837 et
2078 783 2292 837 consilii
2320 784 2479 852 plane
2509 784 2667 853 inops
2693 785 2893 854 (neque
2926 787 3074 840 enim
3108 794 3387 841 armorum
3412 803 3584 857 appa-

2002 890 2179 940 ratus,
2208 890 2386 945 neque
2416 876 2695 931 exercitus
2727 879 3051 946 suppetebat
3075 880 3195 932 urbi
3225 878 3584 934 defendenda:

2002 981 2124 1034 par,
2193 981 2315 1035 quae
2352 974 2431 1019 tot
2470 966 2661 1020 stadiis
2697 982 2725 1020 a
2760 968 2895 1020 mari
2946 966 3139 1021 dissita
3162 1006 3177 1029 ,
3213 967 3584 1037 tot'gentibus

2000 1055 2184 1109 cincta
2218 1057 2385 1124 esset)
2418 1056 2566 1110 hunc
2599 1056 2775 1124 ipsum
2810 1056 3048 1127 delegat,
3092 1056 3231 1112 nihil
3274 1072 3459 1112 secum
3507 1056 3587 1111 δι’·
3630 1088 3643 1093 ~

1997 1140 2287 1208 ferentem,
2318 1157 2425 1197 non
2469 1145 2801 1207 exercitum,
2839 1158 2946 1197 non
2978 1157 3151 1210 arma,
3184 1158 3293 1197 non
3324 1143 3574 1213 pecuniae

1998 1232 2259 1301 copiam,
2319 1232 2416 1287 sed
2480 1242 2690 1287 tantum
2753 1233 3058 1287 naturalem
3113 1235 3476 1305 prudentiam
3529 1244 3587 1291 et

1999 1339 2160 1378 nsum
2194 1339 2400 1378 rerum.
2432 1323 2535 1390 Qui
2567 1326 2885 1394 priusquam
2919 1325 2984 1377 ad
3012 1325 3201 1378 urbem
3234 1326 3581 1389 accessisset,

1997 1432 2121 1472 cum
2165 1418 2217 1470 in
2244 1417 2422 1471 medio
2449 1418 2629 1473 adhuc
2684 1418 2878 1473 itinere
2907 1428 3074 1483 esset,
3131 1420 3370 1474 hostium
3404 1430 3583 1475 satra-

2000 1523 2078 1577 pae
2126 1517 2184 1563 et
2214 1508 2375 1578 362
2409 1509 2576 1562 duces
2612 1508 2752 1564 tanta
2782 1510 2966 1563 audita
2999 1509 3183 1578 statim
3220 1509 3454 1580 abjectis
3490 1525 3581 1562 ar-

1999 1601 2101 1655 mis
2124 1600 2193 1654 ab
2210 1601 2500 1655 obsidione
2526 1611 2897 1666 recesserunt,
2923 1601 3025 1655 viri
3052 1601 3314 1657 virtutem
3337 1600 3581 1655 reveriti:

1999 1701 2056 1746 et
2090 1692 2303 1762 supinis
2334 1693 2498 1747 simul
2527 1694 2784 1748 manibus
2814 1702 2870 1749 et
2907 1694 3116 1763 pacatis
3139 1694 3340 1747 animis
3360 1692 3578 1746 obviam

1996 1784 2270 1854 progressi
2309 1799 2436 1838 eum
2498 1794 2872 1855 exceperunt,
2910 1795 2965 1838 et
3011 1783 3403 1839 beneﬁciorum
3458 1799 3581 1854 qum

1919 1853 1960 1911 Β
1989 1875 2119 1930 olim
2160 1875 2228 1930 ab
2272 1876 2367 1930 illo
2416 1876 2764 1946 accepissent
2798 1891 3089 1943 memores,
3120 1877 3323 1946 gratias
3354 1876 3405 1931 ei
3447 1891 3580 1945 ege-

232 1996 245 2005 κ
313 1963 417 2015 Καὶ
450 1961 679 2026 ὑπτίαις
712 1962 832 2033 ἅμα
864 1964 1021 2032 χερσὶ
1056 1964 1155 2019 καὶ
1186 1964 1437 2033 γνώμαις
1470 1966 1887 2035 είρηνευούσαις

1996 1976 2139 2031 runt,
2165 1983 2223 2023 se
2253 1969 2520 2038 quidquid
2546 1970 2794 2038 petiisset
2819 1969 3056 2024 facturos
3084 1970 3430 2040 pollicentes.
3451 1969 3584 2037 Qui-

314 2052 589 2134 ὑπαντῶσι
637 2054 732 2106 καὶ
777 2054 1174 2123 ὑποδέχονταιι’
1222 2057 1316 2107 καὶ
1365 2049 1438 2108 ὧν
1487 2056 1655 2110 πάλαι
1707 2058 1889 2112 καλῶν

1996 2044 2117 2116 dam
2154 2061 2301 2116 enim
2327 2077 2393 2115 ex
2429 2063 2538 2116 illis
2572 2069 2736 2116 vitam
2772 2062 2904 2116 olim
2941 2062 3061 2132 ejus
3089 2078 3257 2130 opera
3284 2077 3580 2117 conserva-

311 2145 626 2198 ἀπέλαυσαν
659 2145 720 2209 ἐξ
761 2145 928 2199 αὐτοῦ
964 2145 1055 2197 νῦν
1090 2147 1149 2197 ἐν
1185 2148 1375 2218 μνήμῃ
1413 2150 1696 2218 γενόμενοι
1732 2152 1890 2223 χάρι-

1996 2163 2114 2209 rant
2164 2165 2219 2209 et
2282 2165 2516 2209 mortem
2580 2164 2785 2210 certam
2826 2173 2889 2210 ae
2926 2168 3172 2223 paratam
3219 2156 3575 2225 effugerant;

310 2251 398 2296 τας
424 2236 758 2305 ὁμολογοῦσι
793 2238 887 2290 καὶ
919 2239 1025 2290 πᾶν
1050 2237 1112 2291 τὸ
1143 2239 1286 2292 κατά
1313 2240 1539 2310 γνώμην
1567 2242 1742 2295 τελεῖν
1769 2244 1890 2297 ὑπι-

1996 2247 2084 2301 alii
2117 2262 2183 2300 eo
2214 2249 2474 2317 magistro
2499 2246 2716 2301 educati
2748 2259 2802 2301 et
2829 2247 2896 2301 ad
2937 2263 3085 2301 arma
3127 2256 3183 2302 et
3212 2246 3465 2301 militiam
3499 2247 3582 2300 ia-

310 2327 619 2395 σχνοῦνται.
659 2329 721 2381 Οἱ
770 2330 869 2399 μὲν
904 2329 1011 2398 γὰρ
1054 2331 1232 2384 αὐτῶν
1264 2332 1436 2385 πάλαι
1469 2333 1527 2385 τὸ
1699 2336 1885 2405 ἐπορί-

1996 2337 2193 2390 structi
2234 2336 2471 2390 fuerant.
2514 2336 2583 2389 Et
2617 2335 2747 2405 quid
2772 2336 2957 2390 multis
2990 2349 3128 2404 opus
3162 2344 3245 2388 cst
3269 2334 3291 2386 ί
3313 2332 3582 2387 Philadel-

309 2434 466 2471 σαντο
501 2419 575 2472 δι’
602 2420 767 2472 αὐτοῦ
803 2422 1115 2490 προφανοῦς
1152 2411 1562 2492 ἀπαλλαγέντες
1598 2426 1831 2480 θανάτου
1868 2444 1883 2459 ο

1996 2426 2138 2495 ριιὶξε
2162 2425 2345 2481 subito
2374 2441 2439 2479 ea
2468 2425 2705 2480 felicitas
2757 2433 2813 2478 et
2857 2425 3077 2479 ubertas
3098 2423 3329 2486 exstitit,
3363 2430 3421 2475 ut
3464 2438 3581 2476 ma-

305 2509 350 2559 οί
402 2508 458 2560 δὲ
508 2509 623 2564 τῶν
673 2511 766 2564 ὑπ’
797 2508 947 2580 αὐτῷ
978 2512 1071 2584 [Ρ.
1112 2513 1242 2587 225]
1270 2516 1528 2586 παιδευτῇ
1575 2517 1890 2586 τεθραμμέ-

1998 2518 2208 2571 ximum
2272 2514 2532 2571 frumenti
2589 2514 2930 2570 medimnum
2989 2516 3247 2570 drachma
3294 2530 3394 2569 con
3422 2530 3580 2582 para-

307 2613 408 2652 νων
458 2601 604 2669 πρὸς
641 2601 782 2655 ὅπλα
816 2604 911 2656 καὶ
946 2603 1198 2672 πολέμων
1230 2607 1460 2676 ἄσκησιν
1508 2603 1669 2675 ἦσαν.
1704 2608 1812 2661 Καὶ
1840 2608 1892 2660 τί
1999 2618 2142 2662 rent.

305 2690 379 2744 δεῖ
409 2692 752 2763 διατρίϐεινς
811 2697 868 2757 ἐς
920 2697 1171 2751 τοσοῦτον
1226 2688 1519 2762 εὐπαθείας
1576 2701 1671 2753 καὶ
1736 2700 1986 2770 εὐτυχίας
2052 2693 2188 2771 ἧκεν
2251 2698 2512 2768 ἐξαπίνης
2557 2701 2589 2770 ἡ
2630 2697 3003 2766 Φιλαδέλφεια,
3042 2697 3116 2760 ὡς
3161 2699 3291 2767 μιᾶς
3332 2697 3581 2770 δραχμῆς

305 2784 455 2840 ὢνιον
494 2790 593 2841 τὸν
635 2791 890 2861 μέγιστον
918 2792 1211 2863 λαμϐάνειν
1245 2795 1499 2864 μέδιμνον
1527 2793 1620 2848 τοῦ
1655 2795 1826 2848 σίτου.

372 2882 446 2937 Δ’,
490 2884 587 2954 Τῷ
639 2886 818 2955 μέντοι
867 2888 1171 2960 Συργιάννῃ
1221 2890 1335 2960 (12)
1382 2891 1491 2943 τῶν
1541 2891 1805 2959 βασιλέων
1858 2893 1891 2959 ἠ

304 2973 495 3037 ἓνωσις
531 2975 610 3044 μὴ
639 2977 782 3030 κατὰ
811 2977 1034 3047 γνώμην
1062 2981 1304 3032 συστᾶσα
1333 2981 1563 3050 ἀθυμεῖν
1590 2981 1762 3037 ἐποίει
1793 2980 1888 3034 καὶ

303 3067 776 3137 ἐσκυθρωπακότα
804 3069 1075 3138 περιῐέναι
1094 3084 1109 3098 ⁶
1136 3071 1230 3123 καὶ
1259 3070 1475 3141 μάλισθ’
1498 3072 1581 3124 ὅτι
1606 3072 1712 3123 τῶν
1741 3087 1879 3141 πρα-

2072 2888 2166 2945 ιν.
2195 2889 2524 2960 Syrgiaunes
2555 2870 2708 2954 vero,
2736 2889 3130 2958 imperatorum
3153 2885 3448 2942 concordia
3477 2889 3580 2941 mi-

1997 2981 2144 3035 nime
2175 2981 2351 3047 laetus,
2378 2981 2563 3034 animo
2592 2996 2736 3051 azger
2787 2988 2841 3034 et
2875 2978 3020 3034 tristi
3067 2978 3220 3032 vultu
3252 2977 3578 3032 obambulao

1994 3071 2089 3125 bat
2130 3090 2142 3125 :
2179 3073 2415 3127 maxime
2450 3071 2597 3141 quod
2661 3071 2974 3140 tranquillis
3018 3069 3186 3124 rebus
3226 3069 3410 3123 nullus
3458 3070 3581 3138 ejus

304 3161 535 3227 γμάῖων
572 3159 924 3229 ἠρεμούντων
956 3161 1250 3233 agmen}.-
1283 3163 1443 3226 αὐτὸς
1482 3165 1537 3216 ὲν
1569 3165 1680 3225 τοῖς
1713 3163 1881 3232 δημο-

1996 3177 2118 3215 usus
2144 3160 2196 3214 in
2239 3162 2514 3230 republica
2550 3176 2669 3215 esse
2701 3159 3176 3225 videbatur.Quos
3209 3159 3377 3229 igitur
3397 3158 3579 3228 publi-

305 3248 435 3312 σίοις
480 3250 665 3302 ἐδόκει
708 3251 802 3302 καὶ
839 3249 1131 3320 ἄχρηστος.
1157 3251 1319 3305 Ὅθεν
1359 3254 1418 3304 ἐν
1461 3252 1751 3321 καθέδραις
1792 3255 1886 3306 καὶ

306 3339 529 3391 στάσεσι
580 3342 675 3393 καὶ
723 3340 860 3400 ὁδοῖς
908 3341 1167 3403 τοιούτοις
1210 3343 1354 3395 τισὶν
1400 3344 1745 3413 ἐντυγχάνων
1800 3343 1896 3396 καὶ

307 3430 547 3500 προσιὼν
580 3432 832 3500 ἀσμένως
853 3473 864 3493 ,
898 3434 1041 3495 ὅσοις
1074 3434 1249 3504 λύπην
1275 3434 1397 3487 τινὰ
1431 3435 1498 3486 τά
1526 3434 1684 3488 κοινά
1715 3434 1891 3502 προὺ-

310 3524 537 3594 ξένησαν
568 3528 896 3594 πράγματα,
930 3526 1251 3597 ἐλοιδορεῖτο
1277 3530 1389 3589 τοῖς
1420 3526 1757 3597 βασιλεῦσιν,
1790 3527 1888 3581 ἅτε

307 3615 664 3676 ἀδικωτάτοις
696 3619 821 3684 περὶ
853 3617 1013 3669 αὐτὸν
1041 3618 1352 3686 γενομένοις
1382 3619 1799 3689 χρησιμώτατον
1826 3622 1884 3672 ἐν

304 3710 415 3770 τοῖς
461 3709 880 3768 ἐναντιωτάτοις
929 3710 1142 3776 καιροῖς
1193 3708 1288 3759 νῦν
1341 3709 1441 3778 μὲν
1486 3708 1661 3777 τούτῳ
1713 3707 1808 3762 νῦν
1849 3709 1895 3761 δ’

306 3796 499 3868 ἐκείνῳ
527 3797 839 3864 γενόμενον.
872 3796 1014 3849 Ἰδὼν
1039 3796 1094 3849 δὲ
1126 3797 1217 3848 καί¹
1246 3795 1582 3866 Ἀνδρόνικον
1608 3796 1697 3848 τὸν
1728 3796 1892 3849 Ἀσὰν

304 3886 482 3956 λύπης
514 3888 799 3956 περιϊόντα
832 3889 1051 3958 μεστὸν,
1081 3889 1161 3940 ὅτι
1189 3886 1285 3957 τὴν
1314 3888 1612 3958 ἐπιτροπὴν
1639 3887 1735 3940 καὶ
1761 3887 1894 3941 διοί-

307 3997 462 4046 κησιν
478 3978 625 4049 ἔχων
639 3981 846 4042 ἐκεῖνος
858 3979 965 4031 τῶν
981 3980 1427 4050 Πελοποννησίων
1444 3977 1730 4048 Ῥωμαίων
1745 3980 1801 4031 ἐν
1813 3978 1891 4050 τῷ

307 4072 484 4143 καιρῷ
507 4072 610 4140 τῆς
629 4071 736 4124 τῶν
763 4070 1027 4141 βασιλέων
1046 4072 1401 4135 διαστάσεως,
1425 4066 1541 4124 εἶτα
1567 4071 1885 4142 ἐξῳκισθεὶς

307 4163 520 4216 ἐκεῖθεν
534 4163 753 4232 ἀτίμως
771 4163 921 4233 παρὰ
933 4162 1024 4215 τοῦ
1041 4163 1160 4215 νέου
1179 4162 1441 4232 βασιλέως
1460 4162 1555 4215 καὶ
1572 4162 1739 4214 ἐλθὼν
1756 4162 1893 4232 πρδς

302 4253 392 4307 τὸν
430 4252 675 4323 γηραιὸν
717 4252 816 4321 οὐχ
850 4246 1008 4322 εὗρεν
1038 4253 1190 4304 οὐδὲν
1229 4252 1288 4316 ἐξ
1339 4252 1507 4305 αὑτοῦ
1558 4252 1657 4321 τῆς
1695 4250 1876 4320 λύπης

305 4344 562 4411 ,ἐντάξιον
621 4345 704 4407 είς
761 4343 1057 4414 θεραπείαν
1090 4359 1104 4372 ·
1177 4332 1357 4397 mito:
1439 4343 1691 4413 μεγάλων
1741 4343 1891 4411 ἄξιος

306 4438 579 4509 ὑπάρχων
633 4438 1004 4507 ἀξιωμάτων,
1050 4435 1640 4507 σεδαστοκρατορικῶν
1687 4436 1888 4506 δηλαδὴ

2000 3270 2097 3309 cus
2130 3269 2314 3307 rerum
2346 3264 2519 3307 status
2551 3268 2883 3323 quocunque
2924 3252 3087 3306 modo
3117 3252 3456 3313 oﬂ'endisset,
3483 3264 3578 3304 ens

1998 3359 2092 3398 seu
2122 3344 2377 3397 εθόριιιος
2400 3358 2494 3396 seu
2532 3352 2740 3396 stantes
2772 3358 2867 3396 seu
2891 3341 3189 3397 secundum
3211 3342 3355 3396 viam
3382 3353 3578 3398 euntes

1996 3444 2195 3488 nactus
2218 3434 2586 3488 conveniebat
2610 3443 2664 3487 et
2700 3433 2898 3503 cupide
2939 3433 3122 3487 adibat
3154 3448 3169 3487 :
3205 3441 3371 3503 atque
3401 3436 3576 3503 impe-

1997 3525 2273 3580 ratoribus
2306 3526 2745 3590 conviciabatur,
2803 3534 2863 3580 ut
2915 3540 2945 3579 a
3002 3524 3203 3594 quibus
3233 3524 3463 3579 summis
3496 3525 3576 3579 af-
3676 3518 3685 3537 '

2000 3616 2177 3673 fectus
2211 3628 2359 3672 esset
2384 3617 2626 3687 injuriis,
2659 3633 2783 3671 cum
2811 3616 3210 3672 adversissimis
3237 3616 3579 3685 temporibus

1995 3723 2141 3762 nunc
2179 3707 2305 3762 huic
2342 3724 2488 3761 nunc
2525 3708 2602 3761 illi
2632 3710 2867 3762 maximo
2898 3707 3022 3762 usui
3053 3702 3271 3762 fuisset.
3298 3705 3433 3761 Cum
3477 3721 3576 3760 au-

1996 3801 2104 3856 tem
2153 3803 2389 3857 Asanem
2444 3798 2819 3854 Andronicum
2851 3813 3085 3855 maerore
3125 3798 3350 3867 plenum
3382 3797 3577 3852 obam-

1995 3891 2276 3946 bulanlem
2328 3889 2745 3959 conspexisset,
2779 3887 2874 3958 qui
2923 3889 3200 3942 Romanos
3232 3887 3575 3957 Peloponne-

1994 3980 2125 4045 sios,
2159 3980 2287 4033 dum
2326 3979 2687 4047 imperatores
2722 3978 2945 4031 interse
2972 3974 3335 4043 dissiderent,
3359 3984 3575 4031 rexerat

1994 4081 2159 4141 atque
2187 4066 2635 4140 gubernant-at;
2669 4068 2871 4124 deinde
2914 4082 3047 4123 vero
3093 4083 3190 4136 per
3219 4066 3573 4137 ignominiam

1994 4176 2025 4215 a
2060 4161 2279 4232 juniore
2310 4161 2641 4230 imperatore
2671 4159 2898 4230 pulsus,
2926 4169 2982 4213 et
3009 4157 3076 4212 ad
3102 4153 3263 4228 363
3298 4156 3575 4212 seniorem

1993 4253 2295 4324 profectus,
2342 4253 2555 4307 nullum
2591 4250 2863 4323 ejusmodi
2895 4251 3181 4320 praemium
3212 4249 3533 4317 impetrarat
3555 4281 3571 4306 ,

1995 4361 2104 4416 quo
2131 4346 2289 4399 dolor
2335 4345 2453 4414 ejus
2484 4345 2776 4409 levaretur;
2814 4343 3065 4413 quamvis
3092 4340 3303 4410 magnis
3352 4337 3574 4394 honori-

1995 4437 2099 4491 bus
2133 4436 2333 4507 dignus
2375 4444 2543 4501 esset,
2570 4433 3080 4490 scbastoeratoricis
3105 4432 3363 4489 videlicet
3382 4440 3437 4485 et
3461 4444 3573 4484 rna-

306 4530 398 4583 καὶ
456 4527 756 4599 μειζόνων,
798 4527 891 4580 διά
930 4544 991 4580 τε
1042 4527 1140 4598 τὴν
1171 4528 1545 4597 στρατηγικὴν
1575 4527 1889 4597 ἐμπειρίαν,

1996 4527 2206 4598 joribus
2234 4527 2425 4592 etiam,
2458 4542 2582 4581 cum
2601 4526 2671 4580 ob
2701 4526 2779 4581 rei
2810 4524 3066 4580 militaris
3090 4539 3273 4588 usum,
3308 4537 3418 4591 quo
3442 4530 3574 4574 tunc

304 4621 366 4689 ἦν
395 4622 546 4690 ὑπὲρ
592 4620 720 4682 τοὺς
750 4619 948 4682 ἄλλους
1001 4620 1140 4680 τέως
1194 4620 1470 4682 ἐπλούτει,
1515 4621 1607 4671 καὶ
1645 4617 1764 4687 ἅμα
1791 4618 1889 4689 τὴν

305 4713 396 4765 τοῦ
439 4714 644 4780 γένους
688 4712 1074 4782 λαμπρότητα·
1122 4710 1209 4763 διὰ
1243 4710 1416 4764 ταῦτα
1445 4710 1626 4765 τοίνυν
1674 4713 1700 4764 6
1748 4711 1891 4779 Συρ-

306 4804 538 4874 γιάννης
576 4802 827 4872 πρόσεισι
860 4802 955 4853 καὶ
998 4801 1146 4870 αὐτῷ
1179 4801 1275 4854 καὶ
1311 4803 1462 4868 φίλος
1485 4799 1634 4870 αὐτῷ
1662 4802 1893 4869 γίνεται,

308 4896 402 4958 τὴν
453 4896 563 4963 τῆς
621 4893 800 4963 λύπης
846 4892 1144 4962 ὁμοιότητα
1179 4890 1407 4963 γνώμης
1447 4892 1895 4962 προϐαλλόμενος

309 4985 634 5055 σύνδεσμον.
687 4983 747 5036 '0
796 4984 897 5052 μὲν
950 4983 1044 5036 οὖν
1102 4982 1442 5052 Συργιάννης
1503 4981 1579 5044 ὡς
1628 4982 1888 5053 όμοψύχῳ

310 5080 602 5148 θαρρήσας
637 5076 834 5145 ἐκείνῳ
853 5075 1031 5128 πάντα
1070 5075 1209 5146 διῄει
1236 5074 1422 5127 λοιπὸν
1456 5074 1888 5146 ἀναπεπταμένῃ
1922 5110 1927 5115 -

308 5172 371 5239 τῇ
411 5167 666 5237 γλώττῃ,
719 5167 890 5220 ὁπόσα
954 5168 1066 5228 τοῖς
1103 5165 1465 5233 λυπουμένοις
1510 5164 1679 5227 εἰκός.
1720 5165 1780 5216 '0
1832 5164 1890 5216 δὲ

320 5262 487 5315 ’Δσὰν
522 5259 639 5330 (15)
666 5258 860 5329 βαθείᾳ
906 5258 1119 5309 συνέσει
1172 5253 1416 5326 προσιὼν
1461 5255 1609 5326 αὑτῷ
1636 5254 1892 5325 γλῶσσαν

312 5355 410 5422 μὲν
438 5352 641 5422 ὁμοίαν
678 5350 793 5411 πῶς
840 5349 1035 5417 ἐκείνῳ
1062 5346 1408 5417 προυτείνετο
1450 5346 1544 5399 καὶ
1598 5347 1893 5421 συνδιελοι-

309 5447 527 5517 ὄορεῖτο
578 5449 691 5509 τοῖς
741 5443 1024 5517 βασιλεῦσι
1075 5440 1238 5512 δῆθεν
1275 5441 1457 5504 αὐτός’
1512 5441 1579 5493 τὰ
1635 5441 1691 5494 δὲ
1742 5442 1893 5512 παρὰ

1993 4619 2128 4673 alios
2161 4618 2481 4687 superabat,
2519 4627 2632 4670 tum
2676 4617 2745 4670 ob
2767 4615 2980 4671 illustre
3006 4629 3199 4685 genus,
3247 4612 3319 4666 ob
3345 4626 3459 4671 eas,
3486 4611 3573 4663 in-

1990 4725 2152 4780 q-uam
2179 4747 2194 4774 ,
2229 4722 2429 4762 causas
2477 4706 2809 4778 Syrgiannes
2837 4704 2904 4759 ad
2936 4707 3081 4759 hunc
3109 4718 3327 4772 quoque
3361 4700 3574 4756 accedit

1991 4808 2047 4867 et
2100 4801 2254 4871 quasi
2309 4800 2566 4856 maeroris
2614 4797 2977 4853 similitudine
3032 4796 3319 4851 devinctus
3365 4795 3575 4849 amicus

1993 4891 2098 4961 ipsi
2152 4891 2388 4948 exsistit.
2442 4891 2632 4961 Itaque
2660 4930 2674 4955 ,
2709 4900 2768 4944 ut
2816 4891 2993 4943 amico
3023 4886 3270 4941 unanimi
3304 4884 3568 4947 cnnlisus,

1994 4980 2178 5037 omnia
2207 4997 2328 5051 qua:
2365 4981 2523 5036 dolor
2558 4982 2664 5036 fert
2697 4983 2817 5037 sine
2847 4980 2955 5034 ulla
2988 4979 3425 5035 dissimulatione
3460 4977 3573 5030 elo-
3614 5002 3622 5021 ι

1997 5074 2211 5144 quitur.
2260 5074 2407 5127 Asan
2457 5089 2588 5128 vero
2634 5074 2900 5152 siqgulari
2947 5071 3242 5142 prudentia
3294 5086 3418 5126 cum
3453 5070 3572 5121 viro

1990 5180 2159 5235 agens
2206 5163 2391 5220 verbis
2424 5164 2567 5219 haud
2607 5165 2977 5220 dissimilibus
3029 5166 3317 5223 utebatur,
3363 5173 3415 5215 et
3456 5160 3573 5229 ipse

1991 5258 2212 5326 quidem
2268 5256 2696 5325 imperatoribus
2755 5256 3146 5322 maledicehat;
3189 5254 3369 5310 omnia
3398 5269 3527 5306 vero
3554 5290 3568 5317 ,

1992 5365 2114 5419 qua:
2139 5365 2169 5402 a
2193 5348 2492 5419 Syrgianne
2521 5349 2871 5416 dicebantur,
2911 5349 3110 5421 .animo
3157 5346 3352 5400 intimo
3381 5359 3575 5396 recon-

1995 5441 2183 5497 debat.
2209 5441 2346 5495 Nam
2388 5448 2443 5497 et
2478 5442 2633 5511 prius
2663 5441 3021 5496 ambitionem
3055 5438 3175 5509 ejus
3197 5436 3427 5489 oderat:
3455 5444 3570 5487 tum

2718 5540 2745 5561 κ

1666 5578 2002 5638 Variorum
2038 5586 2227 5639 notae.

384 5710 502 5779 (Ii)
542 5710 978 5770 Cautacnzenus,
1010 5706 1107 5761 lib.
1146 5721 1182 5771 ι,
1214 5720 1334 5779 cap.
1371 5703 1458 5758 55.
1493 5700 1724 5756 Ducum.

386 5776 504 5849 (15)
550 5780 623 5835 De
671 5795 782 5849 quo
812 5780 867 5834 in
908 5786 1189 5833 stemmate
1219 5776 1748 5839 Canta‘cuzenorum,
1775 5786 1898 5841 pag.

1929 5768 2055 5824 200.
2092 5745 2317 5823 Dccasc’
