4010 6208
375 323 467 389 551
568 261 581 271 .
615 317 692 384 (it.
733 335 789 372 Il.
830 318 958 374 6791
1006 334 1069 373 an
1108 316 1269 390 6836]

1556 323 1983 384 NICEPHORI
2023 322 2408 384 GREGORA!

2629 344 2641 363 ι
2722 312 2857 385 [nam
2900 328 3184 371 maneam.
3226 313 3371 386 sem]

3514 319 3623 383 5'2

371 446 562 493 curate
590 438 885 515 agendum.
911 437 996 492 Fit
1020 438 1186 509 igitur
1202 440 1537 510 exquisitum
1562 441 1954 512 aequinoctium

2059 459 2119 510 γε
2153 441 2261 512 μὴν
2304 438 2405 512 τῆς
2435 438 2628 509 ἡρινῆς
2653 438 2749 493 καὶ
2780 437 2923 509 μάλα
2966 437 3029 502 γέ
3057 454 3138 491 τοι
3171 437 3438 500 πλεῖστος.
3470 438 3621 490 Γίνε-

371 544 528 591 vere,
570 544 695 583 cum
731 530 810 583 sol
848 529 1077 598 primam
1114 530 1304 586 arietis
1360 540 1571 602 partem
1613 533 1945 603 ingreditur,

2046 550 2139 587 ται
2167 534 2350 587 τοίνυν
2384 531 2621 602 ἀκριόὴς
2672 532 2933 601 ίσημερία
2985 532 3044 585 ἐν
3097 529 3258 601 ἔαρος
3286 530 3429 600 ὥρᾳ,
3456 530 3620 583 ὁπότε

374 619 430 672 in
470 634 576 687 qua
634 618 800 671 etiam
836 619 1240 687 aiquinoctialis
1272 622 1515 677 circulus
1549 624 1617 678 ab
1656 623 1949 693 astrologis

2059 629 2178 693 περὶ
2241 624 2433 694 μοῖραν
2487 621 2711 691 πρώτην
2767 619 2796 670 ὁ
2844 618 2996 688 ἥλιος
3047 620 3254 685 γένοιτο
3298 615 3392 670 τοῦ
3439 617 3619 686 κριοῦ’

373 710 727 765 describitur.
767 709 955 773 Neque
990 727 1120 765 vero
1153 714 1207 766 in
1243 714 1576 781 quibuslibet
1607 716 1768 770 annis
1798 716 1952 770 simi-

2049 716 2156 785 ὅπη
2190 715 2283 766 καὶ
2320 717 2348 767 ὁ
2382 712 2698 782 ίσημερινδς
2740 713 2851 774 τοῖς
2885 709 3290 779 ἀστροιθεάμοσι
3327 709 3626 779 διαγράφει-

376 804 507 859 liter
540 804 795 868 exsistit,
829 804 923 860 sed
960 804 1012 858 in
1049 805 1207 859 annis
1236 805 1605 861 Nabonassari
1653 808 1757 863 sub
1786 806 1949 861 ﬁnem

2059 821 2139 857 ται
2178 803 2397 865 κύκλος.
2425 802 2637 855 Γίνεται
2677 800 2733 854 δὲ
2759 801 2857 871 οὐχ
2885 800 3083 868 ὁμοίως
3109 797 3392 869 ἐνιᾶπασιν
3422 798 3622 861 ἐτεσιν,

375 911 625 965 vesperae
659 896 909 950 vicesimi
946 897 1124 966 quarti
1165 896 1274 952 diei
1306 898 1507 962 Martii,
1545 900 1600 953 in
1635 900 1795 954 annis
1823 899 1954 954 Plii-

376 986 508 1055 lippi
570 986 770 1041 Aridaei
834 986 937 1040 sub
987 988 1271 1042 meridiem
1329 989 1577 1044 vicesimi
1618 991 1801 1059 quarti
1840 990 1952 1045 diei

373 1073 618 1143 ejusdem
647 1075 888 1141 mensis;
920 1075 1122 1144 quibus
1155 1087 1337 1131 autem
1361 1078 1554 1133 diebus
1576 1078 1828 1135 Christus
1853 1096 1953 1151 pro

382 1164 541 1219 nobis
574 1175 805 1219 mortem
830 1167 1083 1235 oppetiit,
1107 1167 1194 1221 die
1226 1168 1486 1223 vicesimo
1516 1170 1699 1235 tertio,
1723 1172 1953 1226 multum

294 1301 300 1314 ,
383 1266 510 1309 ante
544 1256 680 1311 solis
714 1267 893 1311 ortum
936 1272 998 1312 ac
1040 1258 1226 1327 potius
1259 1260 1439 1314 media
1473 1262 1559 1315 illa
1590 1273 1771 1328 nocte,
1807 1279 1956 1318 nunc

384 1362 514 1401 vero
549 1356 732 1401 nostra
759 1357 918 1403 astate
942 1348 1031 1403 die
1073 1350 1289 1405 decimo
1318 1352 1574 1421 septimo.
1611 1353 1810 1408 Horam
1845 1354 1955 1409 diei

384 1447 481 1490 aut
540 1446 745 1505 partem
790 1437 936 1491 liora:
987 1438 1207 1492 curiose
1243 1454 1351 1493 non
1401 1442 1657 1506 excutio,
1714 1457 1781 1495 ne
1812 1442 1866 1495 in
1898 1456 1958 1496 re

384 1527 529 1581 haud
565 1529 903 1593 necessaria,
946 1531 1058 1583 imo
1119 1531 1301 1600 quoad
1354 1548 1596 1601 praesens
1643 1534 1955 1588 institutum

383 1635 822 1689 supervacanea,
876 1632 1093 1691 tempus
1142 1632 1338 1677 teram.
1371 1623 1548 1690 Quare
1579 1640 1848 1679 annorum
1890 1626 1959 1681 ab

377 1730 444 1766 eo
469 1727 716 1781 tempore
763 1716 1076 1791 elapsorum
1119 1714 1419 1771 discrimen
1457 1717 1584 1771 hinc
1632 1716 1811 1786 colligi
1860 1729 1958 1785 po-

2052 896 2165 949 ἀλλ’
2184 898 2242 948 ὲν
2265 897 2380 957 τοϊς
2403 894 2501 964 μὲν
2520 891 2614 945 τοῦ
2643 891 3026 962 Ναεονασάρου
3054 893 3178 961 περὶ
3196 889 3347 959 λῆξιν
3365 890 3626 959 ἑσπερίαν

2054 989 2154 1058 τῆς
2186 986 2281 1040 τοῦ
2324 986 2554 1055 μαρτίου
2585 985 2845 1053 πέμπτης
2874 983 2969 1036 καὶ
2997 982 3282 1050 εἰκοστῆς·
3321 984 3378 1034 ὲν
3415 980 3472 1034 δὲ
3511 983 3625 1042 τοῖς

2053 1080 2320 1134 Φιλίππου
2357 1077 2453 1131 τοῦ
2507 1076 2781 1148 Ἀριδαίου
2823 1077 2952 1144 περὶ
2986 1073 3340 1144 μεσημϐρίαν
3389 1073 3490 1140 τῆς
3544 1073 3617 1124 εξ-

2057 1175 2256 1240 κοστῆς
2305 1170 2571 1239 τετάρτης
2605 1168 2772 1221 αὐτοῦ
2833 1158 2970 1235 (21¹)’
3032 1167 3091 1218 ὲν
3125 1159 3214 1226 οἷς
3248 1163 3294 1216 δ’
3339 1163 3620 1233 ἡμέραιςὸ

2055 1263 2292 1335 Χριστὸς
2348 1261 2491 1330 ὑπὲρ
2545 1258 2706 1330 ἡμῶν
2756 1257 3080 1313 ὲθανατοΰτο
3140 1255 3253 1323 (22)
3298 1255 3488 1324 τρίτην
3530 1254 3622 1307 ml.

2057 1354 2311 1424 εἰκοστὴν
2343 1353 2649 1414 διανύοντος
2686 1349 2874 1415 αὐτοῦ,
2914 1347 3095 1418 πολλῷ
3142 1346 3407 1416 πρότερον
3435 1347 3562 1415 πρὶν
3588 1344 3623 1414 ἢ

2057 1446 2336 1501 ἀνατεῖλαι
2366 1446 2459 1498 τὸν
2494 1445 2647 1514 ἥλιον
2675 1483 2691 1508 ,
2729 1443 2761 1512 ἢ
2803 1442 3003 1512 μᾶλλον
3052 1442 3226 1493 εἰπεῖν
3267 1439 3396 1508 περὶ
3452 1436 3625 1505 μέσην

2059 1540 2277 1606 ἐκείνην
2319 1536 2421 1608 τὴν
2461 1535 2665 1591 νύκτα’
2699 1533 2795 1589 νῦν
2826 1533 2872 1586 δ’
2906 1533 2992 1600 ἐφ’
3022 1531 3183 1602 ἡμῶν
3232 1527 3628 1583 ἑπτακαιδεκά-

2058 1647 2159 1700 την
2193 1630 2304 1698 (25)
2357 1627 2612 1691 ἀνύοντος
2666 1625 2854 1679 αὐτοῦ.
2909 1625 3024 1676 Ούκ
3078 1619 3542 1709 ἀκριϐολογοῦμαι
3579 1617 3625 1670 δ’
3675 1684 3733 1709 Γ

2060 1723 2184 1778 οὔτε
2226 1724 2332 1795 μὴν
2374 1724 2473 1794 τὴν
2513 1724 2610 1791 τῆς
2652 1724 2868 1790 ἡμέρας
2909 1716 3078 1788 ὥραν,
3109 1714 3234 1768 οὔτε
3279 1713 3384 1785 μὴν
3412 1702 3532 1764 οὐδέ
3563 1727 3628 1778 γε

382 1814 521 1869 test;
557 1820 621 1859 ac
668 1806 826 1860 facile
852 1816 935 1861 est
968 1814 1285 1876 supputare,
1321 1814 1456 1877 quot
1501 1806 1764 1861 revolutis
1793 1807 1952 1862 annis

2064 1819 2135 1870 τε
2156 1792 2252 1886 τῆς
2289 1792 2440 1886 ὧρας
2486 1813 2673 1884 μέρος.
2705 1813 2781 1864 Οὐ
2819 1811 2928 1879 γὰρ
2957 1809 3248 1885 ἀναγκαῖον
3285 1805 3402 1866 νῦν,
3437 1806 3520 1856 ὅτι
3550 1800 3626 1871 μὴ

383 1896 546 1950 unius
577 1896 687 1950 diei
735 1900 912 1966 spatio
967 1906 1184 1967 tempus
1238 1898 1555 1965 aequinoctii
1615 1907 1768 1968 retro
1822 1914 1950 1968 aga-

385 1999 515 2053 tur;
581 1990 708 2043 item
759 1965 881 2060 post
919 2000 1055 2060 quot
1083 1965 1282 2046 annos
1310 2028 1327 2053 ,
1396 1990 1594 2054 biduo;
1641 1965 1821 2059 .atque
1860 1965 1951 2043 vita

380 2080 665 2151 deinceps.
708 2080 825 2137 Iloc
872 2098 1004 2136 vero
1083 2097 1192 2136 non
1251 2083 1464 2136 ratione
1514 2091 1696 2136 motus
1756 2081 1952 2136 solaris

382 2172 624 2241 accidit,
661 2175 751 2243 qui
791 2174 1028 2249 aequalis
1057 2182 1140 2228 est
1166 2212 1181 2237 ,
1234 2188 1336 2229 nec
1383 2188 1614 2241 usquam
1672 2171 1950 2238 deﬂectit;

380 2264 476 2318 sed
533 2264 603 2318 ob
663 2266 1137 2320 enumerationem
1194 2265 1407 2319 dierum
1495 2264 1625 2319 anni
1658 2304 1673 2327 .
1735 2265 1788 2317 in
1845 2280 1952 2333 qua

383 2348 499 2411 nos‘
540 2357 813 2422 labimur,
867 2359 1200 2413 trecentenis
1249 2356 1533 2426 sexagenis
1584 2356 1768 2424 quinis
1790 2355 1951 2425 367

385 2449 582 2504 diebus
664 2436 937 2519 integrum
1015 2448 1179 2503 unius
1249 2448 1355 2531 diei
1429 2446 1787 2517 quadrantem
1858 2446 1955 2499 ad-

376 2540 641 2611 jicienda,
674 2551 865 2595 contra
907 2527 1072 2618 quam
1119 2527 1429 2610 oportebat.
1450 2538 1522 2593 Ut
1562 2538 1708 2593 enim
1725 2552 1953 2608 magnus

386 2632 716 2687 Ptolemazus
745 2640 940 2684 auctor
985 2639 1091 2697 est,
1136 2646 1243 2685 non
1283 2630 1561 2699 quadrans
1594 2628 1806 2697 integer
1858 2626 1956 2680 ad-

382 2720 619 2783 dendus,
647 2720 739 2775 sed
765 2735 831 2774 ex
863 2735 930 2775 eo
960 2720 1345 2775 trecentesinta
1378 2718 1485 2772 diei
1527 2732 1651 2786 pars
1676 2718 1954 2772 deducen-

381 2814 482 2881 da;
530 2824 590 2869 ut
629 2828 809 2871 autem
840 2831 940 2885 ego
983 2815 1229 2885 diligenti
1280 2813 1640 2883 inquisitione
1686 2813 1951 2883 comperi,

393 2908 575 2960 minus
599 2922 775 2975 neque
802 2908 1026 2976 praecise
1055 2906 1438 2961 trecentesitna
1464 2920 1608 2974 pars.
1628 2904 1800 2971 Quam
1820 2919 1954 2959 meae

386 2998 616 3052 rationis
648 2998 1040 3053 certitndinetn
1095 3013 1240 3053 nunc
1289 2998 1594 3066 explicandi
1642 2998 1799 3053 locus
1841 3013 1950 3052 non

384 3105 503 3159 est;
532 3092 770 3146 viderint
804 3091 909 3144 hoc
939 3089 1033 3159 qui
1082 3097 1382 3160 sequentur
1413 3091 1696 3161 astrologi.
1736 3090 1839 3146 Sed
1874 3101 1955 3145 ta-

389 3203 511 3243 men
545 3187 617 3242 sit
651 3186 745 3252 ita,
795 3195 856 3239 ut
892 3185 982 3239 ille
1006 3186 1181 3240 -dicit.
1222 3186 1299 3240 Ea
1328 3186 1474 3240 enim
1508 3187 1647 3240 ratio
1695 3187 1752 3241 in
1800 3188 1958 3241 annis

391 3293 503 3333 non
550 3276 809 3347 plurimis
859 3291 1049 3345 parum
1103 3285 1348 3330 nostram
1382 3276 1804 3346 disputationem
1858 3278 1959 3331 im-

391 3369 598 3439 pediet.
654 3368 768 3421 Hoc
799 3362 983 3437 itaque
1019 3366 1418 3421 observandum
1448 3378 1553 3430 est,
1601 3368 1956 3424 Ptolemaeum

388 3462 573 3515 virum
622 3459 921 3513 maximum
970 3459 1274 3527 censuisse,
1331 3460 1489 3514 annis
1536 3461 1663 3514 totis
1697 3448 1960 3515 trecentis

393 3555 667 3624 integrum
702 3553 846 3607 diem
882 3552 1185 3605 naturalem
1223 3550 1472 3606 conﬂari.
1530 3553 1702 3606 Porro
1748 3552 1959 3607 minuta

387 3646 477 3699 illa
510 3645 618 3698 diei
670 3659 796 3713 pars
841 3652 916 3696 tot
948 3643 1169 3711 quidem
1205 3644 1365 3697 annis
1414 3643 1830 3698 evidentissima
1866 3659 1962 3698 ex-

387 3736 558 3792 sistit.
588 3735 787 3789 Teruis
820 3749 973 3797 vero,
1002 3735 1306 3803 quaternis,
1337 3734 1523 3803 quinis
1565 3742 1621 3787 et
1651 3734 1828 3798 denis,
1865 3742 1960 3789 aut

389 3835 473 3880 ter
502 3826 667 3879 etiam
706 3824 952 3886 totidem.
988 3824 1182 3895 exigua
1233 3825 1324 3877 illa
1368 3825 1610 3880 accessio
1652 3840 1761 3878 non
1794 3825 1962 3879 senti-

389 3922 497 3967 tur.
536 3912 652 3979 Qua
691 3922 818 3966 ante
867 3926 965 3965 nos
1012 3923 1138 3982 post
1186 3912 1409 3966 totidem
1460 3927 1634 3966 annos
1681 3912 1959 3967 subtracta

296 4076 299 4079 η
392 4020 578 4059 rerum
601 4004 905 4059 omlestium
934 4015 989 4059 et
1023 4014 1295 4059 astrorum
1335 4004 1495 4073 periti
1526 4004 1668 4059 diem
1714 4005 1961 4072 aequino-

389 4098 484 4151 ctii
514 4098 786 4165 exquisite
817 4106 1174 4167 repererunt;
1207 4106 1371 4165 atque
1401 4096 1525 4150 inde
1544 4097 1708 4149 etiam
1728 4096 1962 4151 Pascha-

393 4188 462 4243 tis
496 4197 710 4258 tempus
736 4205 863 4244 vera
888 4205 954 4243 ac
980 4199 1130 4245 certa
1154 4188 1496 4244 correctione
1520 4190 1956 4244 constituerunt:

2059 1906 2311 1975 διατριϐὴ
2341 1905 2416 1975 μὴ
2467 1906 2611 1957 πάνυ
2653 1919 2737 1955 τοι
2769 1902 3127 1971 προσήκουσα
3156 1900 3224 1967 τῇ
3263 1895 3443 1967 χρείᾳ.
3474 1893 3629 1946 Ὠστ’

2057 1996 2234 2061 ἔξεστι
2264 1994 2675 2062 συλλογίζεσθαι
2723 1992 2823 2062 τὴν
2880 1991 2992 2043 τῶν
3035 1988 3240 2059 μεταξὺ
3274 1987 3481 2057 χρόνων
3512 1983 3631 2037 δια-

2059 2089 2232 2158 φορὰν
2265 2086 2563 2141 κάντεῦθεν
2594 2086 2692 2140 καὶ
2720 2083 2787 2136 δι’
2816 2084 2957 2136 ὅσων
2983 2081 3094 2153 (24)
3128 2080 3265 2133 ὲτῶν
3296 2076 3629 2136 ὀπισθόπους

2056 2181 2086 2232 ὀ
2131 2180 2320 2250 χρόνος
2371 2178 2558 2248 ἡμέρᾳ
2624 2178 2722 2248 μιᾷ
2778 2176 2991 2245 γίνεται
3050 2173 3144 2226 καὶ
3199 2173 3269 2225 δι’
3303 2172 3443 2223 ὅσων
3470 2166 3627 2227 αὖθις

2058 2271 2143 2322 ἑτέ
2155 2285 2221 2339 ρᾳ
2250 2268 2470 2358 μιᾷθκαὶ
2491 2267 2693 2337 ὁμοίως
2727 2266 2835 2319 ἀεί.
2873 2262 3043 2316 Τοῦτο
3067 2262 3114 2315 δ’
3137 2262 3197 2315 ού
3220 2260 3377 2358 παρέξ
3401 2258 3499 2327 τὴν
3528 2254 3624 2308 τοῦ

2020 2402 2025 2413 .
2058 2365 2212 2436 ἡλίου
2233 2342 2440 2431 γίνεται
2470 2363 2706 2430 κίνησιν.
2750 2358 2834 2430 [Ρ.
2866 2356 2993 2429 226]
3021 2354 3262 2427 Ὀμαλὴν
3292 2342 3401 2421 γάρ
3419 2351 3627 2410 ἐκεῖνος

2058 2458 2143 2511 ἀεὶ
2181 2457 2385 2525 ταύτην
2436 2456 2547 2523 (25)
2577 2455 2810 2506 ποιεῖσαι
2856 2452 2949 2504 καὶ
3000 2445 3435 2520 ἀπαρέγκλιτον·
3488 2441 3624 2495 ἀλλά

2061 2550 2209 2618 παρᾶ
2265 2552 2365 2619 τὴν
2427 2547 2537 2599 τῶν
2583 2547 2868 2598 ἐνιαυσίων
2933 2541 3153 2613 ἡμερῶν
3204 2535 3623 2608 ἀπαρίθμησιν,

2060 2648 2125 2717 ἣν
2156 2642 2440 2714 σφαλερῶς
2475 2641 2629 2693 αὐτοὶ
2676 2636 2995 2707 ποιούμεθα.
3026 2635 3167 2704 Πρὸς
3199 2632 3306 2716 γὰρ
3339 2632 3452 2691 τοῖς
3474 2642 3627 2697 τρια-

2061 2716 2265 2799 κοσίοις
2311 2716 2578 2804 ὲξῆκοντα
2626 2732 2787 2784 πέντε
2840 2728 3203 2799 νυχθημέροις
3261 2723 3485 2793 τίθεμεν
3530 2719 3627 2773 καὶ

2060 2830 2353 2899 ὀλόκληρον
2417 2827 2675 2893 τέταρτον
2738 2821 3082 2891 νυχθημέρου
3139 2817 3279 2884 ἑνὸς,
3333 2817 3433 2870 οὐκ
3479 2813 3632 2883 ὀφεί-

2061 2923 2240 2983 λοντες
2295 2917 2455 2972 οὓτω.
2519 2913 2608 2978 Ὠς
2659 2914 2767 2984 γὰρ
2798 2915 2826 2965 ὁ
2875 2914 3047 2983 μέγας
3105 2911 3239 2980 φησὶ
3278 2909 3626 2979 Πτολεμαῖος,

2059 3006 2477 3084 τριακοσιοστοῢ
2533 3007 2745 3069 δέοντος
2803 3005 3019 3075 ἡμέρας
3084 3002 3283 3071 μέρους
3334 3001 3413 3052 δεῖ
3469 2997 3629 3051 τοῦτο

2063 3099 2455 3168 προστίθεσθαι
2487 3100 2583 3153 καὶ
2612 3099 2711 3169 οὐχ
2741 3097 3057 3166 ὁλόκληρον·
3088 3094 3164 3156 ὡς
3192 3092 3236 3146 δ’
3261 3093 3434 3160 ἔγωγε
3465 3090 3628 3152 αὐτὸς

2063 3195 2440 3266 ἐξακριϐὠσας
2471 3187 2654 3261 εὗρον,
2694 3190 2937 3260 μείζονος
2973 3186 3083 3257 (26)
3126 3189 3223 3238 καὶ
3253 3184 3455 3254 ἥκιστα
3476 3197 3632 3259 τρια-

2062 3287 2344 3343 κοσιοστοῦ
2392 3284 2609 3347 τελέως,
2643 3284 2693 3335 εἰ
2749 3281 2847 3351 μὲν
2886 3280 3161 3349 ’ἀσφαλῶς
3207 3277 3629 3349 ήκριόωσάμην·

2062 3384 2113 3435 εί
2143 3381 2200 3434 δὲ
2242 3380 2338 3450 μὴ,
2373 3377 2599 3447 σκέμμα
2633 3373 2793 3427 τοῦτο
2836 3372 3033 3442 τίθημι
3073 3373 3185 3434 τοῖς
3214 3370 3388 3423 ἔπειτ’
3434 3372 3631 3436 ἀστροο

2062 3475 2261 3542 λόγοις.
2316 3468 2460 3538 Ἐγὼ
2498 3469 2607 3536 γὰρ
2637 3467 2697 3519 οὐ
2733 3465 2979 3535 σχολάζω
3011 3463 3167 3517 τοῦτο
3202 3461 3297 3516 νῦν
3325 3462 3631 3531 διασαφεῖν.

2065 3566 2255 3633 Ὅμως
2315 3562 2457 3615 ἔστω
2510 3558 2631 3613 κατ’
2663 3546 3136 3611 ὲκεῖνονζἯττον
3177 3555 3285 3623 γὰρ
3314 3554 3630 3624 λυμανεῖται

2060 3654 2137 3726 τῷ
2178 3654 2322 3722 λόγῳ
2362 3651 2500 3721 πρὸς
2550 3649 2609 3702 οὐ
2643 3647 2786 3701 πάνυ
2839 3662 2922 3698 τοι
2953 3644 3182 3706 πολλοὺς
3238 3644 3360 3706 τοὺς
3407 3642 3630 3712 χρόνους

2060 3745 2406 3815 διατρίὸοντι.
2438 3739 2860 3811 Παρατηρητέον
2897 3736 3011 3798 οὖν,
3042 3737 3119 3800 ὡς
3150 3734 3271 3793 κατ’
3301 3736 3507 3788 ἐκεῖνον
3538 3735 3630 3787 τὸν

2064 3837 2351 3908 μέγιστοφ
2373 3832 2574 3903 δηλαδὴ
2626 3830 2963 3899 Πτολεμαῖον
3005 3827 3076 3879 δι’
3125 3826 3260 3879 ὅλων
3302 3825 3632 3896 τριακοσίων

2061 3927 2329 3983 ἐνιαυτῶν
2356 3927 2706 4012 νυχθήμερον
2737 3921 2858 3975 ὅλον
2887 3922 3204 3988 συνάγεται.
3233 3919 3308 3972 Τὸ
3335 3918 3378 3972 δ’
3405 3917 3634 3988 εἰρημέ-

2063 4039 2153 4074 νον
2218 4017 2687 4087 πολλοστημόριον
2723 4015 2823 4084 τῆς
2861 4014 3071 4083 ἡμέρας
3119 4014 3182 4066 ὲν
3220 4013 3318 4081 μὲν
3360 4012 3634 4071 τοσούτοις

2063 4114 2212 4166 ἔτεσι
2272 4113 2365 4165 καὶ
2409 4109 2556 4180 μάλα
2606 4105 2861 4175 ἐπίδηλον
2912 4105 3014 4175 ἤδη
3069 4103 3442 4158 καθίσταταιο
3479 4104 3632 4185 ὲνὶδὲ

2063 4208 2212 4277 τρισὶ
2259 4206 2354 4257 καὶ
2382 4205 2606 4272 τέτρασι
2656 4200 2753 4253 καὶ
2788 4198 2953 4250 πέντε
2983 4199 3078 4251 καὶ
3104 4197 3236 4253 δέκα
3272 4200 3365 4251 καὶ
3396 4197 3517 4269 τρὶς
3543 4214 3634 4251 το-

389 4298 564 4352 eaque
597 4284 870 4339 conrectio
893 4284 1135 4338 obtinuit
1165 4284 1230 4338 ad
1267 4298 1470 4338 annum
1505 4283 1619 4338 fere
1650 4285 1718 4338 ab
1749 4284 1955 4340 Adamo

2069 4295 2302 4357 σούτοις,
2327 4294 2430 4346 οὐκ
2456 4292 2523 4346 ἂν
2548 4291 2745 4359 δήπου,
2778 4289 2864 4342 διὰ
2894 4292 2955 4342 τὸ
2984 4288 3126 4343 πάνυ
3154 4288 3493 4359 βραχύτατον
3519 4288 3632 4359 (27)

391 4377 574 4431 sexies
607 4376 952 4431 millesimum
1001 4392 1066 4431 ac
1116 4381 1585 4431 trecentesimum.
1619 4377 1695 4432 Ex
1728 4392 1795 4433 eo
1831 4394 1955 4433 vero

2067 4383 2165 4452 τῆς
2192 4380 2535 4451 προσθήκης.
2571 4378 2756 4446 Ὅπερ
2789 4376 2856 4444 δὴ
2885 4376 2979 4428 καὶ
3011 4378 3133 4430 κατ’
3163 4377 3423 4430 ἐνιαυτῶν
3453 4393 3633 4447 παρα-

394 4474 642 4536 tempore
690 4467 757 4521 ad
813 4478 1052 4523 nostram
1107 4472 1279 4539 usque
1325 4478 1539 4523 aatatent
1588 4484 1675 4524 res
1716 4472 1955 4541 neglecta

2068 4472 2275 4542 δρομὴν
2307 4467 2578 4523 τοσούτων
2607 4466 2656 4517 οἱ
2704 4463 2812 4535 πρὸ
2844 4465 3003 4535 ἡμῶν
3033 4463 3103 4515 τὰ
3137 4464 3386 4534 μετέωρα
3416 4481 3639 4536 φροντι-

397 4560 585 4612 nescio
623 4559 902 4627 quomodo
948 4560 1256 4614 iucorrecta
1294 4562 1531 4621 mansit:
1567 4569 1621 4615 ct
1647 4562 1739 4630 qui
1774 4548 1955 4617 nostra

2068 4564 2193 4614 σταὶ
2239 4562 2334 4613 καὶ
2379 4558 2816 4629 ἀστροθεάμονες
2847 4554 3241 4624 ὑφαιρούμενοι
3279 4558 3538 4624 ἀσφαλῶς
3576 4558 3637 4611 τὸ

395 4662 648 4720 tempore
681 4651 736 4704 in
769 4652 1009 4706 Ecclesia
1047 4651 1327 4706 Pascliatis
1356 4653 1801 4706 observationem
1834 4669 1955 4721 pro-

2063 4653 2164 4716 τῆς
2211 4652 2508 4722 ἰσημερίας
2553 4648 2897 4719 νυχθήμερον
2928 4646 3207 4718 εὖρισκοψ
3241 4647 3534 4701 κάντεῦοέν
3570 4666 3635 4716 γε

394 4742 538 4797 xime
590 4753 715 4797 ante
759 4742 1078 4797 vicesimum
1127 4742 1303 4797 Martii
1354 4744 1496 4798 diem
1539 4745 1808 4814 auspicari
1874 4745 1955 4800 de.

2072 4745 2179 4815 μὴν
2214 4743 2430 4813 ἀσφαλῆ
2464 4743 2558 4795 καὶ
2584 4740 2685 4810 τὴν
2717 4738 2810 4790 τοῦ
2848 4739 3040 4807 Πάσχα
3072 4739 3360 4808 διόρθωσιν
3387 4739 3640 4794 ἐποιοῦν-

396 4833 619 4896 hebant,
651 4848 772 4887 eam
817 4850 847 4887 a
882 4833 1144 4887 vicesimo
1173 4835 1415 4888 secundo
1443 4836 1815 4904 auspicantur,
1863 4850 1955 4889 nor

2071 4851 2150 4889 τιν
2187 4835 2288 4887 καὶ
2343 4833 2403 4885 τὸ
2453 4833 2553 4901 τῆς
2591 4831 2934 4900 διορθώσεως
2974 4830 3181 4898 ταύτης
3221 4832 3431 4899 ἐγίνετο
3472 4833 3638 4904 μέχρι

391 4923 556 4994 368
604 4934 752 4978 recte
796 4940 947 4979 sane.
1002 4925 1134 4979 Nam
1169 4940 1295 4978 eum
1347 4928 1739 4993 tequinoctium
1772 4926 1842 4983 ab
1873 4925 1955 4980 in-

2071 4926 2167 4977 τοῦ
2203 4925 2263 4991 ἐξ
2304 4922 2479 4993 Ἀδὰμ
2524 4919 2992 4989 ὲξακισχιλιοστοῦ
3039 4923 3449 4991 τριακοσιοστοῦ
3477 4923 3636 4987 ἔτους

391 5030 578 5083 gressu
612 5015 744 5069 solis
767 5016 820 5068 in
853 5018 1103 5075 arietem.
1134 5016 1506 5085 plenilunium
1537 5032 1565 5070 a
1592 5012 1850 5072 distantia
1880 5032 1955 5071 so-

2070 5018 2321 5086 ἔγγιστα.
2372 5016 2447 5069 Τὸ
2492 5016 2536 5068 δ’
2590 5014 2651 5079 ἐξ
2697 5014 2907 5067 ἐκείνου
2957 5015 3146 5084 μέχρις
3188 5016 3346 5086 ἡμῶν
3400 5017 3499 5069 οὐκ
3535 5015 3635 5069 οἷδ’

393 5108 461 5162 iis
491 5107 828 5172 diametrica,
860 5108 1067 5163 Pascha
1092 5122 1275 5163 autem
1324 5108 1491 5180 legale
1525 5110 1594 5163 ab
1633 5111 1752 5178 ipso
1786 5109 1955 5178 pleni-

2072 5110 2219 5171 ὅπως
2273 5106 2734 5178 ὲρῤᾳθυμημένον
2777 5106 2839 5156 τὸ
2888 5106 3119 5175 πρᾶγμα
3174 5108 3269 5159 καὶ
3305 5105 3635 5177 ἀδιόρθωτον

1972 5186 2001 5199 ,ν

1744 5246 2087 5309 Variorum
2123 5253 2310 5309 nota).

468 5367 587 5448 (2|)
621 5367 726 5448 sub
765 5370 1067 5448 meridiem“
1091 5374 1318 5448 vicesimi
1352 5374 1530 5443 quarti
1555 5374 1679 5441 diei,
1715 5390 1845 5443 non,
1889 5382 1965 5432 ri-
2137 5378 2253 5448 (25)

396 5440 573 5491 cesimi
603 5443 795 5508 quinti,
830 5449 888 5492 ut
912 5441 1161 5495 Wolﬁus.
1197 5440 1410 5499 Bowta.

467 5510 579 5575 (22)
612 5511 885 5579 Ἔπασχε,
921 5511 1045 5565 cod.
1090 5510 1263 5567 Vatic.
1299 5514 1509 5569 BOIVIN.

468 5579 580 5651 (ξιξ)
611 5580 1158 5651 ςρκτωκαιδεκριτην,
1186 5583 1313 5637 eod.
1345 5585 1517 5643 Vatic.
1556 5590 1766 5645 Roma.

466 5642 582 5730 (ἑῇ
610 5648 719 5730 Τὴν
748 5652 854 5702 τῶν
884 5642 1100 5730 μεῖξιξᾷ
1127 5642 1333 5730 χρογων
1351 5642 1646 5730 διαφοράνῖ
1668 5642 1964 5714 κάντεῦθεν

396 5732 488 5768 καί
513 5714 582 5769 δι’
611 5714 772 5784 ὅσων,
804 5714 929 5776 cod.
963 5714 1388 5781 VaticIulibtt'tx.

2308 5378 2650 5439 Ἑκεῖνοςάεὶ
2679 5376 2905 5444 ταύτην,
2941 5377 3065 5431 cod.
3097 5377 3270 5433 Vatia.
3309 5377 3523 5432 Bomu.

2137 5450 2248 5519 (26)
2308 5447 2625 5516 Lege-udum
2692 5450 2945 5519 μείονος,
2993 5448 3079 5501 vel
3152 5450 3426 5519 ἥττονος,
3469 5463 3636 5515 quam

2062 5517 2401 5643 goétretnam
2467 5517 2762 5573 lectionem
2822 5518 3048 5572 exhibet
3099 5522 3271 5574 codex
3314 5517 3635 5572 Vaticanus.

2106 5605 2274 5643 omn.

2106 5605 2274 5643 0|VIN.

2136 5661 2249 5731 (27)
2288 5659 2387 5714 Διὰ
2416 5660 2475 5714 τδ
2505 5660 2643 5715 πάνυ
2677 5658 3033 5731 βραχύτατον,
3061 5658 3184 5714 cod.
3216 5658 3386 5715 Vatic.
3421 5657 3655 5712 Bomu.‘
