4010 6208
424 930 429 935 -
494 888 507 965 l

486 936 506 1001 ι’
557 960 771 1015 sperant
801 945 1117 1000 habiturum
1144 946 1253 998 ιιυή
1285 936 1379 1005 sit,
1420 945 1527 998 alio
1553 944 1715 998 modo
1739 945 1857 998 sine
1890 961 2116 1013 vespera

480 1004 487 1011 ο

490 832 503 869 ι

546 377 652 444 555
796 370 871 444 [Α.
902 386 958 425 ιι.
990 365 1121 425 6791
1154 385 1220 424 AD
1257 366 1420 443 6856]

1746 376 2167 440 NICEPHORI
2198 372 2582 445 "essemus
2680 351 2685 357 ’

2919 377 3053 450 [ηιμ.
3083 393 3364 436 Αιωιιοιιιο.
3398 381 3544 456 sum]

3688 389 3794 454 δῖε

555 494 667 547 Hac
691 490 759 546 de
788 504 952 546 causa
988 501 1043 546 et
1076 491 1133 545 in
1156 490 1477 546 memoriam
1511 488 1660 545 illius
1691 489 1803 546 diei
1826 492 2121 562 quotannis

2231 496 2324 549 καὶ
2346 496 2520 549 ἄλλοτ’
2554 495 2721 567 ἄλλην
2753 496 2860 550 ἀεί’
2894 498 2989 551 καὶ
3018 469 3226 570 Πέρσαι
3260 499 3321 553 δὲ
3374 503 3465 554 καὶ
3491 502 3669 571 Μῆδοι
3699 508 3797 559 καὶ

550 581 749 638 festum
803 582 1089 637 Paschalis
1137 580 1440 637 celebrant.
1485 581 1597 637 Nec
1642 582 1711 637 ob
1749 598 1868 636 eam
1903 591 2114 637 tantum

546 688 808 739 causam;
840 689 1029 727 verum
1058 674 1225 727 etiam
1252 681 1311 725 ut
1338 673 1410 727 sit
1445 680 1605 743 typus
1644 688 1743 751 seu
1777 673 1947 742 figura
1972 683 2119 726 tran-

546 761 689 817 situs
714 777 782 817 ex
833 762 937 817 hoc
970 762 1173 817 saeculo
1207 762 1261 815 in
1299 766 1567 828 futurum,
1600 763 1743 817 sicut
1777 764 1892 832 ipse
1922 763 2119 816 transi-

549 864 640 910 tus
667 869 732 908 ex
764 853 1021 925 Egypto.
1064 856 1202 909 Cum
1231 856 1414 924 itaque
1443 855 1709 908 futurum'
1732 856 1989 908 saeculum
2023 870 2119 909 ve-

548 1041 715 1092 etiam
746 1039 865 1107 ejus
906 1037 1273 1091 solemnitatis
1305 1037 1449 1090 diem
1483 1051 1602 1091 esse
1640 1045 1892 1105 Oporterc
1921 1037 2114 1091 aiunt:

547 1130 603 1185 id
630 1131 776 1201 quod
809 1130 887 1197 fit,
919 1145 1043 1185 cum
1075 1131 1219 1185 luna:
1247 1131 1713 1200 hemisphaerium,
1743 1131 1896 1185 nobis
1924 1131 2121 1185 obver-

548 1240 692 1288 sum,
727 1225 947 1292 plenum
973 1225 1180 1277 lumine
1213 1238 1308 1277 seu
1346 1232 1518 1276 totum
1552 1223 1793 1276 lucidum
1826 1234 1928 1278 est.
1974 1221 2119 1278 Solis

545 1320 692 1372 enim
725 1330 980 1372 occasum
1015 1317 1200 1371 statim
1235 1325 1349 1370 tum
1380 1326 1608 1370 exortus
1655 1317 1799 1371 lunae
1843 1319 2115 1387 sequitur,

548 1424 649 1463 nec
678 1410 841 1463 ullam
872 1411 1061 1461 horam
1086 1408 1283 1462 ccelum
1312 1408 1472 1461 nobis
1496 1409 1792 1462 obscurum
1817 1424 1939 1462 esse
1963 1409 2116 1462 sinit.

545 1500 669 1554 Fuit
702 1501 866 1570 igitur
903 1511 1017 1554 tum
1066 1515 1305 1569 quoque,
1365 1510 1425 1553 ut
1470 1500 1752 1568 probabile
1787 1512 1892 1567 est,
1944 1501 2120 1554 hemi-

546 1594 842 1663 sphaerium
875 1592 1039 1657 lunae,
1088 1593 1232 1662 quod
1270 1608 1464 1648 versus
1500 1609 1602 1648 nos
1632 1604 1863 1664 spectat,
1893 1596 2115 1664 plenum

548 1686 853 1739 luminibus
874 1697 1025 1739 sexta
1051 1685 1189 1739 sexti
1220 1685 1366 1740 illius
1385 1686 1491 1740 diei
1520 1687 1650 1756 (quo
1670 1688 1928 1741 nimirum
1956 1688 2116 1743 Chri-

547 1785 664 1831 stus
701 1791 891 1846 passus
919 1776 1025 1847 est)
1073 1776 1227 1843 hora,
1268 1792 1392 1830 cum
1441 1779 1570 1833 luna
1612 1790 1833 1847 centum
1882 1790 1938 1835 et
1963 1793 2117 1835 octo-

546 1870 694 1938 ginta
733 1869 982 1937 partibus
1027 1884 1058 1921 a
1089 1869 1203 1923 sole
1239 1869 1486 1923 distaret.
1541 1857 1910 1936 Quamobrem
1968 1890 2120 1928 mon-

547 1972 725 2016 strosa
755 1963 869 2017 visa
895 1971 978 2016 est
1002 1962 1298 2032 astrologis
1325 1973 1380 2017 et
1407 1977 1573 2033 supra
1605 1965 1873 2019 rationein
1908 1982 1970 2020 ea
1997 1983 2119 2036 quae

552 2060 666 2107 tum
701 2054 900 2108 accidit
942 2054 1073 2110 solis
1102 2053 1359 2108 defectio.
1394 2053 1583 2124 Neque
1614 2058 1761 2111 enim
1807 2072 2027 2112 causam
2061 2060 2116 2113 in

500 2196 509 2201 .
548 2156 740 2200 natura
773 2146 1011 2215 aliquam
1038 2145 1295 2200 habebat.
1324 2146 1459 2203 Nam
1484 2162 1607 2200 cum
1632 2148 1881 2203 eamdem
1908 2159 2121 2204 utrum-

548 2256 655 2309 que
688 2242 871 2295 lumen
911 2251 1124 2310 partem
1160 2241 1368 2297 zodiaci
1399 2254 1654 2311 occupat,
1683 2244 1959 2298 naturales
1986 2244 2119 2299 solis

549 2333 856 2386 ilefctinnes
893 2334 1239 2403 contingunt,
1272 2322 1605 2388 luna’solcm
1653 2336 1947 2390 subeunte.
1985 2336 2119 2389 Eam

552 2440 681 2477 \‘em
731 2425 975 2490 partibus
1002 2433 1225 2478 centum
1275 2433 1332 2479 et
1360 2429 1638 2495 octoginta
1690 2426 1936 2497 dissitam
1970 2438 2119 2481 retro

549 2530 819 2569 converso
858 2530 1026 2570 cursu
1058 2515 1233 2569 solem
1267 2516 1531 2580 subiisse,
1582 2516 1634 2570 id
1670 2533 1801 2571 vero
1831 2533 1995 2587 supra
2021 2534 2120 2572 na-

554 2608 784 2661 turalem
810 2622 1028 2662 omnem
1053 2606 1325 2662 rationem
1354 2607 1558 2663 factum
1586 2617 1693 2666 est.
1723 2608 1902 2677 Quare
1938 2611 1989 2664 id
2019 2612 2120 2664 mi-

554 2702 796 2756 raculum
828 2700 1131 2756 astronomi
1175 2710 1304 2757 ante
1336 2702 1473 2757 alios
1508 2718 1702 2757 omnes
1751 2713 1878 2757 sunt
1912 2704 2117 2769 mirati,

549 2806 606 2847 et
634 2793 799 2848 Deum
835 2807 955 2849 esse
978 2795 1073 2864 qui
1102 2803 1383 2865 pateretur
1408 2796 1688 2851 dixerunt.
1716 2796 1853 2850 Nam
1884 2797 2121 2851 indoctis

554 2890 778 2943 minime
814 2889 1036 2958 quidem
1074 2890 1127 2943 id
1160 2902 1564 2959 portentosum,
1608 2892 1705 2945 sed
1740 2892 2123 2960 superioribus

551 2982 881 3051 371etram
906 2982 1066 3036 annis
1086 2981 1346 3037 usitatum
1372 2984 1546 3036 visum
1565 2985 1754 3037 εει.Εο
1772 2983 1938 3050 igitur
1960 2985 2125 3063 pleni:

552 3073 707 3127 lnnio
748 3072 952 3127 Pascha
990 3072 1164 3129 Judaei
1204 3074 1590 3139 immolarunt;
1635 3090 1703 3129 eo
1733 3076 2121 3145 mquinoctium

2149 1834 2198 1894 B

2238 585 2388 638 Ἰνδοὶ
2431 585 2640 648 τούτοις
2678 604 2739 640 τε
2782 588 2916 640 πᾶσι
2967 588 3061 641 καί
3110 606 3293 655 σφισιν
3323 590 3503 655 αὐτοῖς
3537 593 3796 664 ἀλλήλοις

2222 675 2547 744 ἀσύμφωνα.
2615 679 2721 731 Καὶ
2761 679 3007 732 Ἰουδαῖοι
3067 678 3125 731 δὲ
3175 683 3303 734 ποτὲ
3353 682 3454 751 μὲν
3507 685 3667 748 τήνδε
3699 686 3793 738 τοῦ

2222 766 2345 819 καθ’
2385 771 2533 836 ἡμᾶς
2589 771 2874 841 Μαρτίου,
2930 772 3059 824 ποτὲ
3101 773 3148 826 δ’
3200 774 3391 844 ἑτέραν
3425 775 3665 844 ἡμέραν,
3704 780 3799 831 καὶ

2220 860 2399 914 ἄλλοτ’
2431 862 2599 931 ἄλλην
2624 864 2732 927 ἀεὶ,
2776 865 2948 937 ἀρχὴν
2981 865 3075 918 τοῦ
3106 867 3255 937 ξπαρ’
3284 867 3470 931 αὐτοῖς
3498 869 3792 924 ποιοῦνται

2224 952 2459 1007 Νισσάν.
2508 954 2641 1006 ’Δπδ
2696 956 2807 1025 γάρ
2856 958 3082 1010 συνόδου
3127 959 3265 1026 πρὸς
3301 959 3521 1012 σύνοδον
3551 961 3662 1014 τῶν
3699 962 3793 1015 δύο

2222 1043 2535 1111 φωστήρων
2570 1044 2672 1106 τὰς
2720 1044 2830 1096 τῶν
2873 1045 3059 1115 μηνῶν
3099 1045 3460 1114 ἀριθμοῦντες
3505 1048 3781 1117 περιόδους

2221 1131 2310 1215 τρν
2347 1129 2547 1181 ἑαυτοῦ
2584 1131 2785 1200 μεταξὺ
2819 1133 2920 1201 τὴν
2968 1134 3164 1203 ὴρινὴν
3199 1135 3491 1203 ἰσημερίαν
3521 1137 3781 1205 περιλαμ-

2221 1222 2454 1275 6ἁνοντα
2486 1224 2701 1293 πρῶτον
2745 1228 2842 1279 καὶ
2889 1226 3065 1296 ἀρχὴν
3112 1228 3225 1280 τῶν
3277 1228 3455 1280 ἄλλων
3512 1229 3781 1282 ποιοῦνται

2224 1312 2412 1382 μηνῶν
2450 1316 2546 1367 καὶ
2592 1314 2803 1367 Νισσὰν
2852 1314 3241 1384 ὀνομάζουσιν,
3294 1317 3552 1384 ἀόριστον
3586 1318 3684 1386 τὴν
3710 1321 3788 1370 οἱ-

2220 1403 2377 1456 κείαν
2417 1390 2609 1473 ἔχοντα
2642 1406 2848 1475 ἀρχήν.,
2869 1406 3039 1475 Φησὶν
3077 1401 3172 1459 οὖν
3222 1407 3361 1475 πρὸς
3389 1409 3593 1462 Minas!
3625 1411 3791 1463 πάλαι

2218 1497 2246 1548 δ
2277 1496 2503 1565 Κύριοςο
2546 1514 2565 1547 ι
2610 1496 2670 1548 '0
2704 1496 2810 1567 μὴν
2836 1491 2990 1560 οὗτος
3026 1499 3153 1568 ὑμῖν
3177 1501 3319 1571 ἀρχὴ
3355 1503 3540 1571 μηνῶν
3574 1504 3794 1572 πρῶτος

2225 1588 2352 1674 ὑμῖν
2401 1590 2553 1640 ἐστιν
2590 1588 2648 1640 ὲν
2691 1592 2803 1653 τοῖς
2847 1591 2982 1660 μησὶ
3028 1592 3122 1645 τοῦ
3154 1594 3428 1648 ἐνιαυτοῦ.
3468 1596 3545 1664 Τῇ
3589 1595 3794 1667 δεκάτῃ

2219 1676 2314 1728 τοῦ
2374 1680 2543 1747 μηνὸς
2617 1678 2809 1732 τούτου
2891 1680 3103 1734 λαϐέτω
3173 1682 3403 1746 ἕκαστος
3470 1684 3583 1735 τῶν
3656 1686 3794 1736 υἱῶν

2237 1771 2453 1842 Ἰσραὴλ
2486 1772 2760 1843 πρόϐατον
2799 1774 2918 1827 κατ’
2953 1776 3152 1855 οίκίαγ.
3187 1775 3300 1829 Καὶ
3343 1776 3496 1830 ἔσται
3523 1778 3654 1845 ὑμῖν
3679 1778 3799 1830 δια-

2225 1864 2598 1935 τετηρημένον
2623 1865 2730 1929 ἕως
2755 1866 2853 1937 τῆς
2879 1868 3483 1939 τεσσαρεσκαιδεκάτης
3509 1869 3602 1922 τοῦ
3625 1870 3800 1939 μηνδς

2224 1959 2437 2011 τούτου·
2474 1960 2566 2011 καὶ
2597 1948 2867 2027 σφάξουσῖ
2911 1961 3046 2031 πρὸς
3084 1961 3322 2031 ἑσπέραν
3368 1964 3460 2017 καὶ
3500 1963 3799 2031 φάγονται.

2222 2050 2332 2103 Καὶ
2387 2051 2645 2121 ποιήσετε
2683 2052 2781 2122 τὴν
2832 2053 3048 2123 ἡμέραν
3083 2052 3287 2124 ταύτην
3322 2054 3550 2123 νόμιμον
3577 2054 3801 2106 αἰώνιον

2223 2144 2301 2203 εἰς
2332 2143 2527 2209 γενεὰς
2559 2144 2737 2213 ὑμῶν.
2796 2165 2815 2195 ι
2854 2144 3020 2197 Ταῦτ’
3052 2147 3158 2216 ἄρα
3217 2147 3312 2200 καὶ
3360 2150 3438 2210 εξς
3488 2148 3802 2215 ἀνάμνησιν
3872 2142 3875 2149 ’

2222 2234 2325 2303 τῆς
2366 2237 2576 2303 ἡμέρας
2621 2235 2839 2303 ἐκείνης
2876 2238 3093 2305 ἐτήσιον
3132 2238 3222 2289 ἀεὶ
3269 2237 3678 2308 ποιοῦνταιτὴν
3705 2237 3803 2291 τοῦ

2225 2326 2416 2395 Πάσχα
2456 2329 2789 2401 παν-ήγυρινο
2828 2327 2888 2380 οὐ
2919 2329 3079 2398 μόνον
3114 2329 3194 2393 δὲ,
3226 2330 3359 2382 ἀλλὰ
3397 2330 3491 2382 καὶ
3520 2330 3598 2392 είς
3623 2329 3804 2382 τύπον

2223 2418 2321 2487 τῆς
2364 2420 2427 2470 ὲκ
2452 2418 2545 2470 τοῦ
2578 2423 2843 2489 παρόντος
2885 2423 3020 2490 πρὸς
3044 2422 3135 2473 τδν
3177 2422 3439 2492 μέλλοντα
3468 2422 3638 2474 αίῶνα
3675 2421 3805 2476 δια-

2226 2507 2438 2572 ϐάσεως
2482 2513 2623 2564 κατά
2657 2513 2754 2582 τὴν
2786 2512 2844 2576 ἐξ
2877 2514 3153 2579 Αἰγύπτου
3203 2512 3470 2566 διάϐασιν.
3502 2512 3665 2565 Ὀοεν
3710 2513 3808 2564 καὶ

2220 2601 2526 2671 ἀνεσπὲρου
2576 2601 2669 2655 τοῦ
2725 2603 3011 2671 μέλλοντος
3057 2606 3209 2667 δντος
3246 2604 3442 2667 αίῶνος
3489 2604 3810 2673 ἀνέσπερον

2223 2693 2410 2762 ἕτερον
2434 2698 2633 2764 τρόπον
2656 2692 2797 2750 εἶναι
2826 2696 2939 2749 δεῖν
2974 2713 3105 2764 φασι
3134 2698 3229 2749 καὶ
3262 2696 3322 2749 τὸ
3360 2696 3484 2767 τῇδε
3522 2700 3587 2767 τῇ
3620 2712 3811 2765 mw;-

2224 2780 2385 2849 γύρει
2417 2782 2698 2836 διακονοῦν
2726 2786 3088 2854 νυχθήμερον.
3125 2784 3295 2838 Τοῦτο
3322 2785 3377 2838 δὲ
3417 2784 3628 2853 γίνεται
3656 2786 3811 2853 πλη-

2229 2874 2421 2943 σιφαές
2453 2893 2508 2927 τε
2546 2877 2638 2928 καὶ
2688 2877 3024 2945 πανσέληνον
3075 2875 3136 2927 τὸ
3178 2876 3316 2946 πρὸς
3364 2878 3511 2946 ἡμᾶς
3538 2878 3816 2945 ἡμισφαί-

2231 2983 2345 3036 ριον
2384 2966 2487 3036 τῆς
2521 2967 2754 3039 σελήνης
2796 2968 3048 3037 ἐχούσης.
3084 2968 3194 3039 Τὴν
3236 2970 3345 3045 γᾴρ
3390 2970 3485 3023 τοῦ
3522 2969 3675 3039 ήλίου
3715 2984 3816 3040 τη-

2229 3054 2461 3111 νικαῦτα
2508 3059 2659 3111 δύσιν
2687 3062 2719 3130 ή
2766 3061 2867 3124 τῆς
2905 3062 3133 3131 σελήνης
3167 3062 3327 3124 εὐθὺς
3357 3062 3593 3131 ἀνατολὴ
3626 3062 3815 3116 διαδέ-

550 3164 677 3231 fuit;
692 3180 757 3219 eo
772 3178 827 3220 et
840 3165 1097 3222 Servatur
1115 3173 1303 3221 noster
1322 3178 1667 3251 mortetn’pro
1685 3168 1847 3223 nobis
1863 3170 2118 3239 oppetiit.

2226 3166 2377 3219 χεται
2418 3152 2513 3205 καὶ
2539 3152 2800 3219 οὐδεμίαν
2839 3152 2987 3223 ὥραν
3021 3155 3154 3222 ήμῖν
3200 3154 3311 3223 (3i)
3348 3154 3412 3224 ἑᾷ
3448 3154 3812 3223 σκοτισθῆναι

552 3257 820 3312 Omnibus
854 3271 1020 3327 porro
1053 3266 1246 3311 notum
1290 3267 1396 3325 est,
1430 3259 1644 3313 tertiam
1696 3262 1865 3314 fuisse
1896 3271 2020 3330 post
2045 3262 2123 3316 le-

552 3350 670 3419 gale
699 3351 829 3404 illud
862 3350 1064 3406 festum
1094 3365 1215 3407 eam
1243 3350 1410 3415 diem,
1442 3366 1552 3421 qua
1582 3352 1847 3408 Dominus
1874 3364 2063 3407 noster
2089 3369 2121 3409 a

553 3453 732 3497 morte
759 3442 1081 3508 resurrexit,
1106 3456 1338 3512 eamque
1359 3442 1529 3498 fuisse
1551 3444 1756 3499 mensis
1778 3444 1953 3499 Martii
1978 3446 2120 3503 diem

551 3534 869 3589 vicesimam
901 3536 1173 3604 quintam.
1207 3534 1338 3602 Quae
1370 3537 1480 3590 duo
1527 3536 1737 3607 utique,
1776 3537 2033 3591 nimirum
2069 3547 2125 3592 et

554 3626 761 3681 lin-usis
782 3626 926 3680 diem
953 3633 1011 3680 et
1039 3624 1461 3682 resurrectionis
1483 3628 1828 3694 mysterium,
1850 3644 1974 3684 cum
1994 3643 2126 3683 con-

550 3715 738 3784 juncta
768 3723 974 3780 essent,
1008 3714 1259 3769 bifariam
1290 3725 1347 3771 et
1381 3716 1646 3771 trifariam
1678 3727 1735 3770 et
1767 3717 2121 3771 multifariam

555 3805 729 3859 divisa
774 3807 988 3875 piorum
1028 3814 1204 3860 cretus
1250 3805 1581 3861 observavit.
1616 3805 1751 3861 Nam
1798 3807 1888 3861 alii
1923 3808 2126 3863 mensis

556 3897 703 3950 diem
736 3900 999 3965 perpetuo
1034 3895 1285 3950 instituto
1316 3905 1520 3951 nostra
1571 3895 1857 3953 lestivitati
1902 3895 2125 3951 dicave-

555 3996 720 4059 runt;
747 3986 840 4040 alii
863 3985 1143 4041 Paschalis
1170 3986 1314 4041 diem
1334 4003 1400 4041 ex
1419 3986 1803 4041 observatione
1817 3987 1951 4056 legis
1970 3986 2125 4056 prius

556 4079 923 4144 indagaliant;
963 4076 1163 4132 deinde
1194 4078 1354 4133 tertio
1387 4086 1511 4149 post
1547 4078 1635 4132 die
1670 4078 1988 4149 mysterium
2020 4092 2125 4132 no-

558 4183 735 4222 strum
785 4170 1158 4225 celebrabant.
1213 4169 1367 4226 Unde
1416 4170 1629 4235 infesta,
1686 4181 1746 4224 ut
1796 4170 1870 4223 ita
1922 4169 2123 4238 dicam,

563 4263 829 4316 lcslivilas
868 4264 1172 4328 exstiterat,
1215 4273 1271 4317 et
1323 4277 1432 4323 non
1483 4276 1650 4331 parva
1686 4260 1883 4315 seditio
1917 4272 1972 4314 et
2004 4276 2128 4331 per-

562 4355 806 4406 ltlrbalia
854 4355 906 4407 in
955 4353 1159 4409 Christi
1204 4355 1500 4409 Ecclesiam
1553 4353 1845 4407 invaserat.
1896 4352 2031 4406 Nam
2082 4353 2127 4407 si

561 4460 778 4515 semper
824 4448 1019 4503 tertius
1068 4463 1097 4502 a
1148 4447 1305 4517 legali
1337 4447 1600 4501 Paschate
1624 4446 1741 4501 dies
1769 4444 2031 4500 incideret
2069 4446 2125 4500 in

2219 3238 2313 3291 τὸν
2367 3238 2509 3307 ὑπὲρ
2562 3239 2801 3307 κεφαλῆς
2834 3240 2991 3309 ἀέρα.
3027 3235 3134 3291 Ἦν
3188 3240 3285 3308 μὲν
3317 3240 3497 3295 τοίνυν
3536 3242 3628 3292 καὶ
3653 3241 3811 3304 τότε,

2226 3332 2301 3395 ὡς
2332 3334 2504 3398 εἰκὸς,
2533 3334 2837 3402 πλησιφαὲς
2865 3334 2926 3386 τὸ
2952 3334 3088 3403 πρὸς
3124 3335 3272 3404 ἡμᾶς
3318 3333 3491 3401 αὐτῆς
3523 3335 3810 3405 ἡμισφαί-

2231 3438 2343 3492 ριον
2365 3422 2562 3492 ἔχουσα
2599 3425 2633 3493 ή
2678 3424 2877 3494 σελήνη
2928 3426 2993 3496 τῇ
3046 3424 3182 3495 ἕκτῃ
3231 3425 3335 3493 τῆς
3384 3424 3547 3495 ἕκτης
3585 3425 3810 3494 ἐκείνης

2226 3515 2438 3584 ἡμέρας
2495 3514 2615 3587 ὥρᾳ
2642 3517 2971 3586 ὀγδοήκοντα
3017 3518 3111 3570 καὶ⁵
3147 3517 3341 3571 ἑκατὸν
3368 3516 3670 3585 τηνικαῦτα
3703 3518 3804 3570 τοῦ

2226 3604 2378 3676 ήλὶου
2437 3607 2784 3678 ἀφισταμένη
2848 3607 3064 3676 μοίρας.
3111 3592 3209 3660 Διά
3258 3623 3341 3660 τοι
3378 3608 3539 3660 τοῦτο
3580 3607 3677 3660 καὶ
3717 3624 3809 3660 τε·

2229 3693 2452 3762 ράστιον
2492 3695 2638 3760 εδοξε
2692 3698 2804 3759 τοῖς
2856 3694 3203 3764 ἀστρολόγοις
3255 3700 3350 3748 καὶ
3398 3695 3539 3761 ὑπὲρ
3585 3694 3807 3762 λόγονὸ

2225 3784 2382 3852 λόγος
2433 3787 2532 3856 τῆς
2567 3788 2689 3838 τότε
2736 3786 3035 3857 γενομένης
3083 3786 3317 3869 ἡλιακῆς
3373 3785 3689 3859 ἐκλείψεως.
3720 3786 3804 3840 Οὐ

2226 3879 2334 3949 γὰρ
2387 3880 2617 3945 φυσικός
2658 3896 2738 3940 τις
2787 3879 2972 3931 εἵπετο
3002 3875 3177 3949 ταύτῃ
3223 3875 3400 3946 λόγος.
3446 3877 3531 3930 Ἐν
3556 3876 3665 3946 γὰρ
3698 3879 3810 3949 μιᾷ

2224 3972 2318 4045 τοῦ
2341 3969 2607 4033 ζωδιακοῦ
2640 3970 2944 4040 γενομένων
2970 3968 3132 4039 μοίρᾳ
3166 3971 3274 4022 τῶν
3291 3970 3383 4021 δύο
3408 3971 3716 4037 φωστήρων
3746 3969 3811 4022 αι

2227 4046 2457 4132 φυσικαὶ
2479 4062 2572 4116 τοῦ
2601 4055 2753 4135 ήλίου
2777 4062 3358 4141 τελοῦνταιὲκλείψεις,
3393 4062 3810 4132 ὑποτρεχούσης

2226 4156 2328 4224 τῆς
2374 4157 2603 4225 σελήνης
2637 4156 2913 4224 τδνηήλιον
2939 4154 3025 4228 [Ρ.
3049 4155 3201 4228 228].
3232 4154 3588 4226 Ὀγδοήκοντα
3620 4155 3678 4208 δὲ
3709 4157 3813 4209 καὶ

2229 4249 2424 4301 ὲκατδν
2462 4247 2815 4316 διισταμένην
2864 4250 3055 4317 μοίρας
3082 4248 3196 4315 ,τὴν
3237 4246 3456 4317 σελένην
3485 4246 3815 4314 ὀπισθοδρφ

2232 4340 2402 4409 μῆσαι
2447 4340 2540 4391 καὶ⁵
2597 4338 2934 4407 ὑποδραμεῖν
2987 4339 3077 4390 τὸν
3131 4339 3303 4409 ἥλιον,
3358 4336 3514 4390 τοῦτο
3565 4335 3611 4389 δ’
3658 4336 3814 4406 ὑπὲρ

2232 4433 2409 4486 πάντα
2462 4432 2689 4500 φυσικὸν
2731 4430 3193 4501 ἐτελεσιουργήθη
3252 4430 3429 4498 λόγον.
3492 4429 3657 4482 Ὅθεν
3708 4432 3812 4483 καὶ

563 4542 816 4605 quintum
850 4552 915 4592 ac
955 4539 1269 4593 vicesimum
1309 4529 1495 4592 Martii
1529 4537 1697 4600 diem,
1735 4536 1930 4590 melius
1957 4536 2007 4589 id
2039 4551 2121 4592 es-

2237 4525 2342 4594 πρό
2369 4540 2430 4591 γε
2470 4524 2683 4575 πάντων
2717 4524 3043 4594 ἀστρονόμοι
3077 4522 3135 4574 τὸ
3173 4521 3357 4591 θαῦμα
3387 4520 3478 4574 διὰ
3509 4520 3804 4591 Θαύματος

561 4643 648 4686 set
682 4634 994 4699 lestnmqne
1038 4618 1416 4685 consentiret.
1450 4630 1556 4685 Sed
1589 4628 1716 4698 quia
1770 4643 1997 4698 perraro
2045 4627 2126 4693 ﬁt,

562 4730 622 4775 ut
652 4721 812 4774 simul
844 4718 1091 4772 incidant
1112 4725 1166 4772 et
1194 4718 1285 4771 vix
1319 4718 1460 4770 intra
1485 4730 1661 4769 annos
1682 4715 1986 4785 plurimos;
2010 4731 2130 4784 per-

560 4818 728 4877 petuo
756 4816 936 4861 autem
967 4815 1024 4861 et
1051 4806 1347 4876 quotannis
1386 4805 1501 4859 fere
1534 4805 1753 4869 accidit,
1805 4813 1863 4858 ut
1891 4806 2123 4860 alterum

560 4905 629 4953 ab
658 4900 832 4954 altero
859 4882 1061 4962 distet
1086 4897 1178 4952 alii
1214 4895 1602 4965 plenilunium,
1632 4895 1777 4964 quod
1812 4903 1933 4961 post
1958 4898 2127 4963 aequi-

561 4990 806 5044 izoctium
839 4990 1076 5049 exsistit,
1124 4994 1562 5049 ante-Venerunt,
1612 4983 1702 5037 alii
1747 4984 1918 5038 secuti
1955 4993 2123 5047 sunt;

562 5082 652 5136 alti
691 5083 894 5150 spretis
918 5078 1267 5148 arquinoctiis
1295 5087 1351 5131 et
1375 5077 1531 5146 agnis
1562 5086 1618 5129 et
1637 5076 2128 5129 sacriliciisetmn-

561 5174 728 5227 nibus
754 5171 1018 5241 legitimis
1068 5173 1266 5224 ritibus
1311 5168 1727 5238 quadragesima
1774 5175 1985 5219 tantum
2021 5183 2127 5219 nu-

565 5272 771 5319 merata
791 5264 1060 5334 jejunium
1074 5261 1450 5323 absolverunt,
1476 5260 1657 5312 ubivis
1673 5267 1727 5311 et
1746 5267 2022 5327 utcunque
2037 5274 2097 5311 ce
2110 5286 2133 5313 -,

561 5357 811 5412 ciilisset.
843 5355 979 5410 llinc
996 5355 1165 5410 multa
1182 5354 1432 5410 confusio
1454 5360 1505 5405 et
1524 5351 1684 5420 372
1708 5350 2047 5420 perturbatio
2073 5358 2130 5404 et

563 5447 983 5518 quaedamveluti
998 5447 1305 5517 linguarum
1323 5443 1545 5515 partitio
1559 5444 1770 5496 exstitit
1786 5457 1851 5496 ex
1874 5442 2031 5495 unica
2048 5456 2127 5494 re.

562 5538 722 5597 Certe
750 5542 897 5596 enim
926 5538 1213 5610 probabile
1239 5546 1349 5604 est,
1384 5537 1521 5591 alios
1549 5534 1690 5589 cibis
1720 5533 2051 5589 absumnsse
2074 5539 2131 5585 et

2231 4618 2438 4685 ἤγαγον
2486 4617 2580 4667 καὶ
2620 4615 2754 4677 Θεὸν
2797 4611 2937 4666 εἶναι
2973 4616 3064 4665 τὸν
3093 4612 3374 4682 πάσχοντα
3406 4610 3643 4680 ἔφασαν.
3675 4611 3811 4673 Τοῖς

2232 4706 2341 4776 γὰρ
2375 4706 2643 4774 ἀμαθέσιν
2683 4705 2805 4757 οὐδὲ
2847 4707 3135 4775 τεράστιον
3187 4704 3402 4768 ἔδοξεν,
3454 4701 3568 4754 ἀλλ’
3602 4703 3816 4762 εἰωθὸς

2232 4800 2340 4858 τοῖ⁷
2383 4797 2655 4859 πλείστοις
2696 4797 2891 4849 ἔτεσιν.
2946 4796 3032 4849 Ἐν
3065 4794 3251 4866 ἐκείνῃ
3283 4792 3464 4845 τοίνυν
3494 4794 3559 4860 τῇ
3594 4809 3819 4846 πανσε-

2227 4869 2383 4959 λήνῳ
2418 4891 2511 4943 καὶ
2537 4889 2597 4941 τὸ
2621 4889 2813 4960 Πάσχα
2830 4891 2941 4952 τοῖς
2979 4888 3253 4950 Ἰουδαίοις
3284 4885 3490 4939 ἐθύετο’
3526 4888 3583 4939 ἐν
3615 4887 3821 4957 ἐκείνῃ

2228 4984 2286 5034 δέ
2334 4999 2395 5049 γε
2426 4983 2521 5034 atati.
2564 4983 2630 5034 τὰ
2659 4983 2756 5051 τῆς
2794 4982 3083 5052 ἰσημερίας
3112 4976 3200 5051 ἦν’
3232 4985 3289 5031 εν
3335 4979 3523 5049 ἐκείνῃ
3547 4977 3604 5031 δὲ
3643 4983 3751 5031 καὶ
3790 4982 3819 5031 ό

2237 5075 2452 5143 Σωτὴρ,
2481 5076 2553 5137 ὡς
2590 5078 2822 5145 ἔφημεν,
2859 5074 2997 5141 ὑπὲρ
3029 5074 3187 5142 ἡμῶν
3217 5070 3564 5123 ὲθανατοῦτο.
3595 5070 3821 5138 Γνώρι-

2235 5183 2335 5235 μον
2368 5166 2423 5219 δὲ
2452 5167 2623 5237 δήπου
2671 5170 2783 5228 τοῖς
2838 5167 3062 5229 ἅπασιν,
3105 5165 3180 5227 ὡς
3203 5162 3362 5235 τρίτη
3414 5165 3512 5233 μὲν
3553 5157 3623 5230 ἦν
3667 5162 3824 5230 μετὰ

2230 5257 2329 5325 τὴν
2352 5256 2585 5326 νομικὴν
2611 5254 2827 5323 εκείνην
2852 5254 3064 5326 ἑορτὴν,
3095 5259 3151 5305 ὲν
3244 5252 3305 5305 τδ
3333 5252 3431 5319 τῆς
3453 5250 3644 5319 Θεῖκῆς
3674 5254 3823 5320 ημῖν

2234 5348 2586 5411 ἀναστάσεως
2620 5348 2924 5416 μυστήριον
2952 5345 3269 5413 ἑγεγένητοο
3309 5345 3405 5396 καὶ
3434 5341 3509 5404 ὡς
3541 5344 3821 5411 πέμπτην

2232 5441 2327 5492 καὶ
2348 5470 2355 5477 -
2376 5438 2625 5507 εἰκοστὴν
2661 5436 2961 5504 τηνικαῦτα
2989 5438 3016 5489 ὀ
3040 5436 3281 5504 Μάρτιος
3314 5435 3442 5504 ήνυε
3474 5435 3601 5503 μήν.
3633 5433 3709 5484 ’Ἄ
3751 5432 3834 5501 δη

2229 5528 2324 5582 δύο
2360 5529 2489 5580 δντα
2516 5529 2579 5589 ἐν
2611 5525 2817 5597 ταυτῷ,
2852 5530 2950 5595 τήν
2995 5542 3053 5578 τε
3100 5522 3195 5578 τοῦ
3226 5527 3400 5595 μηνὸς
3443 5526 3662 5594 ἡμέραν
3721 5523 3824 5591 δτι-

1911 5663 2239 5725 Υειτὶοινιιω
2291 5669 2479 5722 nota.

638 5794 757 5862 (51)
798 5794 960 5861 Ἡμῖν
991 5792 1143 5846 addit
1177 5791 1302 5846 cod.
1341 5789 1461 5845 Val.
1508 5785 1712 5869 Butvm.
