4000 6206
246 326 325 391 561

453 320 521 393 [ιο
560 335 613 374 c-
658 318 798 375 1282
834 334 903 373 ιι)
946 317 1103 390 13281
1211 323 1660 384 BYZANTINA;
1700 292 2085 382 HISTORIA:
2124 320 2267 382 LIB.
2312 320 2478 380 vui.

2592 305 2725 387 pm».
2770 327 3048 370 ANDBONIC.
3081 313 3230 378 εεικῖ
3331 308 3459 381 562‘

303 442 365 496 Γ.
386 438 502 492 Τότε
526 438 706 490 τοίνυν
731 435 1043 504 ἀπεστάλην
1067 435 1222 503 κάγὼ
1251 435 1493 505 πρέσϐυς
1528 438 1585 499 ὲς
1607 434 1760 505 Κρᾶιο

1913 431 2032 488 -111.
2076 433 2255 503 Atque
2301 433 2419 503 ipse
2452 448 2673 503 quoque
2706 440 2838 487 tunc
2866 431 3081 501 legatus
3122 430 3189 485 ad
3225 430 3440 485 Cralem

246 533 326 604 λην
351 533 434 585 σύν
456 547 513 583 τε
541 528 721 592 ἀλλοις
751 529 846 582 καὶ
868 528 946 597 τῷ
972 527 1188 596 ἀδελφῷ
1212 526 1385 595 αὐτῆς
1414 526 1483 580 δι’
1514 527 1580 590 ἃς
1606 525 1773 595 ἔφθη-

248 643 328 691 μεν
367 619 636 691 εἰρηκότες
678 621 859 681 αίτίας
910 618 1046 689 (40).
1110 617 1518 688 Ἐπειράθημεν
1570 618 1625 670 δὲ
1670 617 1772 669 οὐκ

244 717 408 781 ὀλίγων
437 716 490 765 ὲν
519 716 585 782 τῇ
621 712 724 781 ὁδῷ
749 712 861 765 τῶν
893 711 1081 765 δεινῶν
1127 711 1265 779 (ιι),
1317 713 1510 784 φήμης
1549 727 1606 763 τε
1645 711 1776 779 μελ-

243 812 408 875 λούσης
436 808 702 875 Σκυθικῆς
737 806 929 872 ἐφόδου
959 805 1352 876 διατρεχούσης
1384 804 1478 859 καὶ
1510 794 1776 875 θορυϐού-

245 920 326 970 an;
349 902 437 967 τὴν
460 900 678 969 Θρᾴκην
712 899 805 951 καὶ
840 898 1145 968 διωκούσης
1185 900 1248 951 ὲκ
1272 898 1372 967 τῆς
1399 896 1583 968 χώρας
1618 899 1673 959 ἐς
1708 898 1777 950 τά

242 993 441 1063 φρούρια
481 991 607 1051 τοὺς
638 990 964 1058 ἀνθρώπους
998 991 1093 1043 καὶ
1139 990 1268 1054 τοὺς
1310 990 1493 1051 οίκους
1535 990 1777 1060 ἐρήμους

242 1085 499 1150 ποιούσης,
558 1082 645 1149 ἐφ’
695 1077 773 1135 ὧν
803 1083 951 1153 ἡνίκ’
994 1082 1092 1151 ὀψὲ
1147 1083 1231 1153 εἴη
1286 1081 1579 1135 καταλύειν
1630 1083 1777 1151 ἡμᾶς

242 1177 380 1243 ἐχρῆν
406 1175 493 1226 καὶ
542 1175 635 1225 τὸν
686 1176 751 1227 ὲκ
789 1173 891 1239 τῆς
923 1173 1046 1228 ὀδοῦ
1098 1174 1297 1243 μόχθον
1353 1172 1778 1243 ἀποτρίϐεσθαι.

241 1268 328 1345 Kal
361 1267 422 1318 τὰ
470 1266 569 1333 μὲν
618 1267 747 1335 ἄχρι
790 1265 1099 1334 Στρυμόνος
1146 1267 1589 1335 συμπεπτωκότα
1645 1268 1780 1335 ἡμῖν

238 1359 313 1411 ὲῶ.
353 1357 549 1410 Ἐκεῖσε
580 1359 685 1425 μὴν
709 1357 1028 1425 γενομένοις
1057 1356 1355 1427 ξυνηνέχθη
1384 1376 1436 1410 τι
1462 1362 1555 1411 καὶ
1583 1358 1781 1411 παθεῖν

240 1449 360 1515 ἡμᾶς
411 1448 569 1501 πλέον
621 1446 795 1516 ἀκοῆς
835 1447 1071 1518 μάλιστα
1121 1450 1342 1501 πάντων
1395 1445 1569 1512 ἀξιον,
1607 1448 1780 1503 ὁπόσα

238 1540 387 1609 λύπης
436 1542 529 1593 καὶ
583 1540 822 1605 γέλωτος
878 1539 1035 1609 φέρει
1081 1541 1311 1604 σπονδὰς
1373 1544 1430 1593 ὲν
1486 1540 1778 1609 ἀνθρώπου

237 1630 378 1700 ψυχῇ.
418 1631 664 1702 Ἀϐουλίᾳ
689 1632 800 1702 γάρ
824 1650 908 1685 τοι
940 1632 1167 1703 τοιαύτῃ
1195 1634 1587 1703 χρησαμένοις,
1617 1634 1780 1688 ὁποία

1877 525 1952 581 ivi
1998 543 2125 582 cum
2172 528 2311 583 alios
2356 528 2741 594 eomitaturus,
2780 536 2894 584 tum
2923 527 3232 597 Cmsarissze
3275 529 3449 597 ipsius

1876 618 2125 684 fratrem,
2176 620 2247 675 ob
2290 635 2389 674 eas
2436 620 2646 676 scilicet
2679 636 2872 676 causas
2895 661 2909 685 ,
2947 635 3086 690 quas
3115 635 3278 688 supra
3307 619 3450 674 dixi-
3552 674 3563 687 ,

1876 725 2019 765 mus.
2041 711 2099 765 lu
2128 725 2194 765 eo
2217 719 2400 765 autem
2427 711 2621 766 itinere
2651 726 2760 765 non
2794 725 2995 779 paucas
3021 711 3230 780 experti
3256 725 3467 765 sumus

1876 802 2246 867 diﬂicultates,
2277 818 2399 858 cum
2433 802 2702 874 Scythicae
2733 803 3063 859 incursionis
3092 803 3234 857 farina
3264 802 3450 856 Thra-

1876 894 2016 950 ciam
2046 903 2440 963 pervagaretur
2465 909 2528 948 ac
2559 904 2893 964 perterreret
2924 903 2979 950 et
3005 894 3165 966 375
3193 895 3451 949 homines

1877 1000 1945 1038 ex
1976 984 2120 1053 agris
2148 984 2201 1039 in
2235 985 2455 1041 castella
2490 1000 2548 1040 se
2580 978 2911 1056 reciperent,
2948 987 3183 1041 desertis
3214 986 3446 1051 aedibus,

1879 1076 1934 1130 in
1976 1076 2176 1145 quibus
2214 1094 2317 1133 nos
2355 1079 2571 1147 vesperi
2613 1078 2880 1135 diversari
2925 1088 2981 1135 et
3026 1095 3257 1149 corpora
3305 1080 3447 1134 fessa

1880 1166 1948 1221 de
1981 1168 2068 1221 via
2104 1183 2354 1223 recreare
2383 1172 2693 1239 oportebat.
2721 1171 2799 1226 Ac
2828 1186 2890 1225 ea
2939 1185 3060 1241 quae
3092 1171 3158 1225 ad
3203 1170 3449 1240 Strymo-

1878 1274 2003 1314 nem
2034 1275 2207 1329 usque
2236 1261 2399 1316 nobis
2430 1262 2774 1329 acciderunt,
2801 1264 2980 1318 mitto.
3009 1263 3089 1319 lbi
3116 1272 3297 1317 autem
3331 1278 3453 1332 gra.

1881 1351 2001 1405 vius
2030 1351 2236 1420 aliquid
2268 1353 2426 1407 nobis
2463 1353 2695 1419 accidit;
2737 1370 2932 1409 eorum
2962 1369 3155 1423 nempe
3179 1353 3449 1414 omnium,

1880 1458 2002 1511 quae
2032 1442 2276 1497 dolorem
2312 1453 2369 1497 et
2405 1443 2576 1498 risum
2617 1444 2673 1498 in
2703 1444 2989 1499 hominum
3021 1443 3220 1499 animis
3251 1458 3449 1500 conso-

1880 1538 2058 1601 cia‘nt,
2107 1538 2340 1593 maxime
2405 1537 2628 1607 dignum
2674 1537 2887 1593 auditu.
2925 1536 3261 1592 Temeritate
3301 1537 3448 1591 enim

1882 1639 2092 1693 nostra,
2121 1645 2242 1699 quze
2269 1629 2566 1684 Democriti
2601 1629 2847 1700 splenem
2884 1628 3141 1695 postulet.
3173 1628 3225 1681 in
3259 1627 3312 1681 id
3354 1644 3451 1697 pe-

239 1724 316 1772 καὶ
365 1721 706 1788 Δημοκρίτου
761 1721 907 1789 μάλα
956 1739 1040 1775 τοι
1094 1723 1362 1790 γελῶντος
1409 1722 1553 1794 ὲρῴη
1596 1720 1682 1784 ἂν,
1720 1726 1780 1794 ές

1887 1720 2116 1775 rieulum
2177 1721 2519 1785 devenimus,
2572 1738 2682 1790 quo
2732 1722 2815 1775 vel
2880 1719 3142 1777 Heracliti
3194 1719 3448 1788 lacrymze

235 1811 442 1864 τοιοῦτον
468 1812 744 1887 συνηλάοη
778 1814 1023 1868 κίνδυνον
1049 1816 1181 1885 ἡμῖν
1202 1815 1272 1868 τὰ
1302 1816 1568 1885 ἡμέτερα.
1595 1818 1778 1880 ὁποῖος

237 1901 316 1954 καὶ
360 1901 710 1973 Ἡρακλείτου
747 1905 893 1974 μάλα
926 1906 989 1974 γέ
1019 1923 1102 1959 τοι
1147 1907 1472 1978 δακρύοντος
1505 1906 1651 1978 ἐρῴη
1689 1908 1777 1963 ἀν.

241 1992 388 2046 Ἵσασι
400 1993 502 2064 γὰρ
520 1993 764 2058 ἅπαντες
792 1997 1076 2060 πεζοῐςκαὶ
1100 1996 1353 2059 ἱππόταις
1372 1997 1626 2067 ἀνδράσιν
1644 1998 1781 2051 ἀπο-

238 2101 315 2154 ρον
327 2085 442 2139 ὄντα
459 2088 747 2157 Στρυμόνα
766 2088 858 2141 τδν
877 2089 1117 2158 ποταμόν
1138 2090 1242 2142 ’ὅτι
1266 2087 1350 2160 [Ρ.
1369 2086 1602 2159 2⁸51]καὶ
1625 2090 1781 2159 μέγι-

240 2191 340 2238 στος
366 2179 627 2247 ἑπεφύκει
663 2180 851 2234 ὁπόσοι
889 2181 1112 2252 Θρᾴκην
1148 2182 1241 2235 καὶ
1274 2182 1619 2236 Μακεδονίαν
1643 2182 1780 2251 τέμ-

240 2286 394 2333 νοντες
439 2272 495 2334 ἐς
543 2288 609 2325 τε
652 2271 1050 2343 Ἑλλήσποντον
1093 2273 1189 2327 καὶ
1234 2273 1458 2341 Αἰγαῖον
1497 2273 1779 2326 ποιοῦνται

236 2362 604 2431 τὰςοὲκϐολάς.
652 2363 911 2418 τίκτουσι
949 2364 1061 2435 γάρ
1105 2364 1270 2418 αὑτὸν
1298 2365 1369 2418 τὰ
1403 2364 1779 2433 ὑπερκείμενα

238 2451 442 2519 μέγιστα
466 2454 595 2525 ὅρη,
643 2454 682 2510 ἃ
724 2456 867 2510 κατά
895 2457 958 2509 τὸ
1003 2460 1225 2527 συνεχὲς
1255 2457 1575 2527 παρατείνει
1620 2457 1778 2528 μέχρι

235 2540 310 2593 τσῦ
345 2541 520 2598 Ἰονίου
571 2545 847 2614 πελάγους
881 2548 946 2602 ὲκ
987 2549 1080 2601 add
1131 2538 1326 2601 πόντου
1357 2550 1642 2619 ἀρξάμενα
1687 2550 1779 2603 τοῦ

240 2632 488 2700 Εὐξείνου,
522 2637 783 2707 ὁρίζοντα
819 2639 918 2707 μὲν
950 2640 1087 2708 πρὸς
1118 2641 1469 2713 μεσημϐρίαν
1504 2642 1782 2711 καὶινότον

235 2722 402 2793 ἀνεμον
429 2727 655 2798 Θράκην
685 2730 780 2782 καὶ
801 2728 1168 2792 Μακεδονίαν,
1192 2730 1330 2800 πρὸς
1358 2730 1405 2784 δ’
1430 2731 1664 2802 ἄρκτους
1685 2733 1784 2795 τάς

162 2880 165 2889 Ι
234 2832 281 2869 τε
314 2818 507 2873 Μυσῶν
550 2819 739 2891 χώρας
771 2822 864 2875 καὶ
897 2823 1141 2892 ποταμὸν
1179 2824 1274 2876 τὸν
1304 2826 1519 2894 Ἴστρον
1540 2841 1553 2856 ·
1601 2824 1660 2888 ὃς
1690 2827 1784 2878 καὶ

234 2909 368 2973 αὐτὸς
402 2913 663 2980 μέγιστος
700 2912 843 2982 ὣνῆ
900 2914 1131 2976 πάντες,
1189 2915 1303 2968 ὅσοι
1352 2916 1450 2984 τὴν
1509 2916 1783 2986 Σκυθικὴν

1878 1812 2293 1866 exhauriantur.
2331 1813 2545 1868 Norunt
2572 1828 2791 1879 omnes,
2824 1810 3173 1883 Strymonem
3222 1809 3448 1863 ﬂuvium

1879 1914 1935 1959 et
1982 1904 2258 1974 peditibus
2286 1914 2341 1959 et
2382 1906 2665 1975 equitibus
2700 1920 2829 1960 esse
2880 1903 3251 1973 impervium:
3290 1919 3453 1975 prop-

1880 2005 2026 2049 terea
2079 1995 2225 2065 quod
2271 1997 2540 2051 maximus
2581 2004 2667 2079 'est
2722 1994 2967 2050 omnium
3014 1997 3325 2054 ﬂuviorum.
3359 1997 3451 2065 qui

1880 2087 2253 2142 Macedoniam
2279 2103 2344 2141 ac
2373 2087 2663 2144 Thraciam
2695 2090 2926 2142 mediam
2963 2098 3211 2143 secantes
3244 2091 3297 2141 in
3325 2088 3455 2142 ιιι-ι-

1878 2182 2187 2251 lespontum
2217 2192 2273 2236 et
2294 2179 2534 2251 [Egzeum
2565 2196 2712 2236 mare
2739 2191 3065 2236 exonerant.
3091 2180 3279 2237 Oritur
3305 2182 3451 2235 enim

1879 2288 1911 2327 e
1957 2271 2575 2342 superimpendentibus
2626 2273 2882 2327 maximis
2928 2274 3229 2337 montibus,
3288 2273 3378 2341 qui
3425 2288 3457 2327 a

1879 2363 2054 2418 Ponto
2087 2362 2299 2418 Euxino
2332 2365 2514 2419 exorsi
2545 2364 2959 2419 continentibus
2995 2364 3142 2435 jung
3181 2381 3355 2433 usque
3386 2364 3455 2419 ad

1884 2453 2095 2508 lenium
2128 2468 2281 2510 mare
2309 2454 2687 2524 porriguntur,
2707 2469 2770 2509 ac
2797 2454 3079 2509 meridiem
3113 2463 3169 2509 et
3198 2457 3457 2508 Austrum

1884 2562 2078 2601 versus
2124 2547 2413 2602 Thraciam
2450 2558 2507 2603 et
2535 2529 2952 2618 Macedoniam,
2986 2562 3179 2601 versus
3229 2556 3456 2617 septen-

1885 2651 2119 2705 trionem
2149 2650 2425 2721 Mysorum
2452 2646 2636 2706 terras
2682 2661 2738 2705 et
2770 2652 2971 2706 lstrum
3009 2650 3236 2705 ﬂuvium
3271 2651 3461 2704 termi-

1884 2752 2018 2797 nant
2051 2760 2064 2796 :
2098 2743 2191 2813 qui
2225 2751 2280 2796 et
2308 2742 2425 2813 ipse
2452 2743 2726 2797 maximus
2765 2743 2908 2797 inter
2930 2758 3023 2797 eos
3050 2742 3140 2811 qui
3177 2738 3456 2813 St-ythiam

1886 2832 2168 2901 perﬂuunt
2204 2832 2451 2902 quinque
2486 2832 2644 2887 ostiis
2676 2834 2730 2886 in
2780 2833 3053 2886 Euxinum
3100 2842 3328 2901 pontum
3381 2833 3460 2885 ir-

1887 2925 2114 2995 rumpit.
2157 2923 2315 2979 Hunc
2342 2925 2510 2996 igitur
2552 2925 2926 2996 Strymonem,
2968 2911 3170 2979 talibus
3218 2923 3462 2978 fontibus

234 3003 412 3067 ἐπίασι,
466 3006 632 3060 πέντε
669 3006 936 3075 στόμασιν
982 3009 1039 3070 ές
1086 3008 1181 3061 τὸν
1229 2995 1481 3073 Εὔξεινον
1514 3010 1782 3065 ἐκδίδοται

1887 3028 2071 3074 ortum
2125 3028 2182 3075 et
2229 3020 2366 3074 adeo
2419 3020 2782 3082 verticosum,
2828 3018 2989 3071 unica
3043 3032 3218 3085 eaque
3263 3016 3460 3084 exigua

235 3095 421 3148 πόντον.
464 3098 669 3151 Τοῦτον
698 3097 792 3151 οὖν
843 3099 934 3152 τὸν
981 3100 1267 3171 Στρυμόνα
1301 3104 1364 3155 ὲκ
1393 3104 1652 3156 τοιούτων
1683 3122 1782 3174 πη-

1888 3112 2139 3167 navicula
2174 3110 2500 3181 trajiciendo
2534 3127 2681 3164 nunc
2726 3111 2954 3186 singuli,
2984 3120 3149 3178 atque
3185 3109 3460 3163 interdum

233 3185 323 3250 γῶν
379 3189 674 3259 ἀνίσχοντα
745 3190 841 3243 καὶ
896 3190 1039 3245 οὕτω
1099 3192 1390 3264 βαθυδίνην
1458 3195 1780 3265 γιγνόμενον

1889 3204 2056 3259 etiam
2092 3204 2234 3258 terni
2264 3218 2388 3257 cum
2418 3202 2859 3279 ipsisjumentis,
2904 3218 3155 3277 magnam
3187 3201 3297 3256 diei
3334 3218 3459 3271 par-

233 3276 412 3347 ἀκατίῳ
442 3281 525 3332 ἑνί
554 3297 668 3334 τινι
700 3281 842 3335 πάνυ
881 3283 1101 3354 σμικρῷ
1131 3285 1615 3356 διαπεραιούμενοι
1657 3286 1782 3340 καθ’

231 3366 309 3420 ενα
349 3386 449 3424 που
498 3372 531 3441 ἢ
593 3373 690 3424 καὶ
721 3372 970 3444 σύντρεις
1014 3375 1186 3429 ὲνίοτε
1218 3372 1316 3440 ξύν
1365 3392 1427 3429 τε
1466 3376 1784 3442 ὑποζυγίοις

230 3457 388 3522 αὐτοῖς
440 3461 652 3531 πολλήν
702 3480 824 3517 τινα
884 3465 982 3533 τὴν
1030 3467 1243 3535 ἡμέραν
1281 3466 1783 3537 κατηναλώκειμεν.

238 3550 290 3603 Ὀ
318 3556 418 3623 γάρ
440 3556 551 3609 τῶν
583 3556 899 3624 ὑποζυγίων
934 3559 1028 3612 καὶ
1051 3559 1209 3629 ἡμῶν
1237 3560 1415 3613 αὐτῶν
1444 3560 1674 3631 ἀριθμὸς
1708 3562 1789 3623 είς

230 3646 278 3695 τὸ
303 3647 581 3702 διπλάσιον
629 3650 661 3716 ἢ
713 3650 836 3703 καθ’
866 3651 1234 3707 ἐπταπλάσιον
1286 3652 1483 3705 δεκάδά
1529 3648 1597 3723 ἦν
1625 3654 1792 3721 ἀνηγ-

236 3737 397 3799 tivo;
431 3739 489 3793 Ὀ
521 3739 568 3792 δ’
594 3739 751 3810 ἥλιος
781 3740 873 3792 τὸν
901 3741 1172 3810 ἡμέτερον
1194 3741 1543 3810 παραλλάξας
1575 3759 1791 3811 μεσημ-

233 3824 396 3894 ϐρινὸν
428 3828 487 3891 ἐς
531 3846 593 3881 τε
631 3830 783 3882 δύσιν
820 3831 915 3882 καὶ
956 3829 1210 3900 ὁρίζοντα
1257 3819 1349 3883 τὸν
1391 3831 1648 3901 ἑσπέριον
1677 3830 1787 3902 ⁴ᾔει.

233 3916 325 3969 Καὶ
350 3920 467 3973 δέον
514 3920 581 3973 δν
630 3921 858 3991 σταθμῷ
891 3921 1203 3992 χρήσασθαι
1250 3924 1343 3974 καὶ
1378 3921 1671 3976 καταλύειν
1697 3924 1793 3977 ao.

231 4010 310 4064 τοῦ
344 4032 463 4073 που,
498 4016 667 4085 ἡμεῖς
720 4015 767 4067 δ’
802 4016 1140 4085 ἁμαρτόντες
1189 4016 1292 4085 ὁδῷ
1343 4015 1423 4081 in
1477 4016 1789 4087 ἐχρώμεθα,

234 4104 533 4170 ἐλπίσαντες
568 4108 792 4169 πάντως
822 4108 1193 4175 καταγωγίοις
1234 4107 1552 4179 ἀποχρῶσιν
1595 4110 1794 4162 αὐτίκα

233 4199 609 4265 ἐντεύξεσθαι,
660 4203 792 4270 πρὶν
839 4201 872 4270 ἢ
925 4201 1315 4254 πεντεκαίδεκα
1366 4202 1598 4255 σταδίων
1649 4201 1796 4271 ἔχειν

1893 3306 2002 3351 tem
2030 3297 2494 3364 consumpsimus.
2532 3293 2790 3348 Nostrum
2825 3295 2973 3348 enim
3003 3305 3059 3349 et
3083 3296 3459 3364 jumentornm

1893 3405 2161 3444 attinerus
2210 3387 2294 3441 bis
2340 3385 2685 3456 septuaginta
2741 3385 3065 3439 excedebat.
3118 3385 3182 3457 Et
3220 3387 3329 3453 jam
3381 3387 3462 3440 sol

1893 3482 2058 3552 376
2102 3478 2387 3533 meridiem
2433 3485 2856 3547 praetergressus
2901 3477 2965 3531 ad
3014 3491 3270 3532 occasum
3305 3486 3359 3531 et
3394 3478 3485 3530 ad.

1892 3571 2266 3639 veSpertinum
2346 3567 2688 3622 horizontem
2747 3568 3023 3636 vergebat.
3079 3568 3329 3639 Cumque
3388 3567 3467 3626 iu

1893 3660 2194 3714 subsismre
2227 3669 2281 3711 et
2315 3656 2584 3712 diversari
2623 3655 2981 3723 deberemus,
3042 3634 3181 3711 ultra
3226 3673 3321 3726 per
3364 3656 3467 3712 im-

1892 3749 2245 3819 prudentiam
2276 3748 2648 3815 perreximus,
2681 3739 2987 3816 sperautes.
3022 3763 3122 3803 nos
3153 3756 3463 3817 Opportuna

1893 3838 2195 3893 diversoria
2220 3838 2401 3892 statim
2435 3838 2780 3900 inventuros,
2813 3838 3131 3909 priusquam
3158 3839 3463 3893 stadiorum

1894 3928 2208 3999 quindecim
2240 3927 2344 3983 iter
2371 3920 2791 3982 conﬁceremus.
2820 3927 2923 3982 Sed
2951 3945 3016 3983 ea
3041 3945 3166 3998 spes
3200 3928 3465 3983 frustrata

1895 4035 1997 4075 nos
2028 4028 2130 4073 est.
2162 4018 2296 4072 Nam
2352 4017 2679 4086 praedonum
2728 4019 3074 4074 continentes
3120 4020 3468 4074 incursiones

1896 4112 2075 4166 locum
2106 4110 2255 4163 illum
2288 4108 2451 4179 paulo
2481 4123 2609 4165 ante
2640 4119 2851 4164 vastum
2881 4119 2937 4164 et
2975 4094 3252 4166 desertum
3289 4113 3467 4166 celer-

1897 4202 2036 4256 rime
2067 4201 2385 4256 eﬂeccrant.
2418 4199 2656 4255 Proinde
2685 4202 2837 4256 velut
2865 4217 3091 4256 errones
3127 4201 3349 4271 quidam
3380 4216 3470 4255 re-

208 4291 435 4353 ,ἀνύτειν
477 4296 537 4357 ἐς
573 4295 637 4346 τὸ
669 4295 858 4363 πρόσω
886 4295 1025 4349 ὁδόν.
1061 4289 1169 4347 Ἦν
1192 4294 1247 4347 δὲ
1275 4296 1380 4365 ἄρα
1414 4294 1483 4347 τὰ
1512 4294 1784 4348 τῶνὲλπί-

1898 4294 2000 4348 bus
2035 4291 2239 4346 nostris
2269 4291 2379 4346 Deo
2425 4292 2759 4362 incertaeque
2803 4296 2919 4363 spei
2964 4293 3275 4349 commissis
3307 4307 3469 4362 vaga—

230 4378 322 4433 δων
353 4384 412 4436 οὐ
450 4387 601 4454 μάλα
642 4385 898 4456 ἐπιτυχῆ.
939 4386 1155 4455 Ἔφοδοι
1181 4387 1290 4455 γάρ
1335 4404 1479 4451 τινες
1509 4387 1798 4460 λῃστρικαὶ
1832 4380 1875 4434 D
1902 4387 2116 4439 bamur.
3048 4394 3051 4399 '

234 4477 465 4546 συνεχείᾳ
496 4480 846 4548 χρησάμεναι
874 4480 980 4549 πρὸ
1011 4479 1208 4549 μικροῦ
1239 4483 1472 4551 τάχιστα
1506 4482 1597 4534 τὸν
1661 4483 1824 4532 τόπον
1867 4477 2073 4548 ἔρημον
2104 4479 2308 4530 ἐκεῖνον
2338 4479 2432 4531 καὶ
2495 4478 2694 4549 ἀτριϐῆ
2727 4479 3120 4547 πεποιήκεσαν.
3154 4479 3261 4532 Καὶ
3287 4480 3468 4548 μέντοι

235 4566 310 4618 xxi
344 4570 663 4639 ἐφερόμεθα
692 4571 944 4641 καθάπερ
975 4571 1116 4635 τινὲς
1142 4573 1410 4643 πλάνητες
1440 4573 1562 4643 Θεῷ
1597 4591 1653 4627 τε
1690 4575 1783 4626 καὶ
1821 4571 2035 4643 ἀδήλοις
2069 4572 2248 4625 ἐλπίσι
2277 4573 2343 4625 τὰ
2376 4572 2619 4642 ἡμέτερα
2652 4573 3075 4641 ἁναρτήσαντες.

288 4661 354 4713 A'.
386 4661 506 4727 Νὺξ
531 4663 579 4715 δ’
611 4664 706 4716 ἐπὶ
753 4663 963 4726 τούτοις
993 4664 1106 4735 (42)
1156 4668 1359 4737 παρῆν.
1409 4666 1646 4720 Δύσσετο
1683 4666 1791 4735 γὰρ

234 4748 393 4816 ἠέλιος
449 4754 717 4807 σκιόωντό
765 4771 824 4806 τε
877 4757 1050 4810 πᾶσαι
1105 4758 1316 4825 ἀγυιαί.
1389 4757 1452 4811 Ἥ
1508 4758 1562 4810 δὲ
1596 4757 1791 4828 σελήνη

235 4841 384 4912 ἀπῆν.
433 4846 527 4909 Ἐς
561 4847 673 4916 γὰρ
730 4845 790 4899 τὸ
837 4849 1118 4919 περίγειον
1167 4849 1279 4915 (45)
1337 4848 1432 4901 τοῦ
1485 4849 1683 4918 ἑαυτῆς
1737 4849 1797 4901 τὸ

236 4927 471 5006 δεύτερον
503 4934 633 5008 ἄρτι
669 4935 961 5007 ἐληλυθυία
985 4939 1280 5010 ὲκκέντρου
1308 4939 1401 4992 καὶ
1428 4938 1567 4990 κατά
1597 4937 1798 5007 τετρά-

1973 4663 2060 4720 ιν.
2105 4665 2313 4719 Deinde
2357 4681 2465 4719 nox
2513 4667 2851 4737 supervenit.
2897 4666 3033 4721 Nam
3085 4667 3165 4720 sui
3193 4667 3469 4721 occiderat

1902 4765 1956 4810 et
1986 4757 2085 4809 via!
2115 4771 2312 4809 omnes
2343 4756 2537 4810 umbra
2584 4758 3031 4812 involvebantur.
3078 4756 3218 4824 Quin
3252 4740 3308 4812 et
3339 4757 3468 4812 luna

1903 4847 2113 4901 aberat.
2171 4846 2331 4902 Modo
2387 4848 2532 4901 enim
2576 4850 2805 4903 alterum
2848 4864 3007 4903 suum
3062 4852 3208 4904 circa
3262 4858 3467 4904 terram

1904 4938 2270 4995 eccentricum
2301 4950 2682 5010 prmtergressa
2709 4942 3087 5011 quadratoque
3109 4942 3266 4997 radio
3296 4944 3468 4998 solem

1164 5124 1202 5152 ι
1576 5075 1916 5138 Variorum
1945 5084 2112 5138 nota

298 5203 402 5272 (ιο)
436 5202 651 5256 Fuerat
702 5200 969 5273 Gregoras
1017 5203 1325 5273 Ctesarissae
1384 5212 1687 5272 prmceptor
1741 5186 1798 5257 et

238 5272 405 5397 ignis
462 5273 610 5343 ejus.
678 5272 827 5328 Vide,
868 5289 993 5343 Cap.
1039 5274 1090 5337 5,
1142 5284 1281 5328 sect.
1318 5272 1372 5337 '7,
1432 5274 1594 5344 hujus
1644 5273 1793 5327 libri.

303 5358 430 5397 Iris.

303 5358 430 5398 IVIS.

296 5415 404 5478 (ιι)
443 5415 641 5471 Exstat
692 5414 750 5468 in
798 5413 989 5467 codice
1044 5410 1300 5466 Vaticano
1334 5411 1490 5475 1086,
1549 5412 1640 5464 l‘ol.
1672 5411 1794 5474 1M,

241 5483 454 5550 epistola
492 5488 564 5539 ad
593 5483 965 5539 Andronicum
1000 5478 1277 5546 Zaridam,
1310 5482 1363 5535 in
1401 5497 1505 5549 qua
1526 5481 1797 5550 Gregoras

245 5568 350 5617 qua:
380 5554 487 5608 sibi
541 5556 596 5609 in
625 5556 708 5607 via
769 5553 1071 5607 acciderint
1124 5562 1330 5605 narrat.
1386 5552 1517 5605 Vide
1556 5551 1794 5604 Iudicem

250 5622 604 5687 Lpistolarum
626 5624 879 5689 Gregom
919 5622 1078 5675 initio
1128 5620 1293 5688 hujus
1323 5621 1528 5675 volum.
1576 5620 1795 5674 Initium

242 5704 336 5761 rat.
366 5690 540 5746 Οἶμαι
580 5694 649 5761 μὴ
683 5692 1050 5759 ἀνεγκλήτους
1080 5690 1353 5761 καθάπαξ.
1383 5690 1461 5745 lla
1492 5690 1675 5758 accepi
1728 5705 1796 5761 ex

250 5759 282 5811 li
335 5764 386 5816 l’.
425 5765 485 5816 ί).
526 5759 803 5818 Ben-nardo
836 5760 1275 5817 .lluntel'alconio.
1304 5761 1435 5814 Eant
1474 5760 1645 5829 ipsam
1683 5760 1798 5830 cpi-

898 5846 929 5883 Ι

1896 5200 2091 5255 stolam
2125 5211 2260 5269 puto
2283 5202 2391 5257 huc
2428 5203 2746 5257 translatam
2780 5220 2901 5258 esse
2943 5205 3010 5257 ab
3063 5213 3313 5267 auctore,
3377 5209 3466 5260 cui

1894 5272 2198 5344 sua_ipsi_us
2230 5272 2756 5344 scrinia‘compilare
2786 5276 3073 5344 pulchrum
3097 5276 3220 5328 fuit.
3254 5275 3467 5329 Bomu.

1974 5341 2086 5412 (42)
2123 5341 2394 5395 Homerus
2428 5341 2611 5412 Odyss.
2652 5344 2717 5410 β’,
2744 5341 2801 5398 νζ
2832 5345 2953 5399 388.
2994 5344 3227 5399 Ducam.

1977 5410 2089 5479 (45)
2114 5410 2859 5469 Astronomiezeeruditionis
2878 5414 3257 5480 intempestiva
3285 5424 3471 5467 osten-

1905 5481 2060 5552 tatio.
2124 5480 2215 5535 Sic
2245 5482 2382 5535 infra
2425 5482 2519 5535 lib.
2552 5499 2647 5545 xu,
2679 5499 2798 5552 cap.
2833 5484 2918 5545 15,
2959 5491 3094 5536 seet.
3133 5484 3186 5543 6,
3249 5483 3327 5535 Τὸ
3357 5485 3468 5552 γὰρ

1904 5549 2185 5619 περίγειον
2211 5553 2273 5603 ὲκ
2304 5555 2678 5620 περιστροφῆς
2703 5549 2797 5605 τοῦ
2829 5554 3031 5606 οίκείου
3074 5549 3465 5620 ἐπαναλαμϐά-

1904 5635 2066 5693 νουσι
2097 5622 2347 5693 ’κύκλου,
2376 5622 2486 5693 καὶ
2520 5625 2578 5693 ές
2612 5623 2953 5691 τετράγωνον
3007 5622 3162 5685 αὖθις
3208 5623 3287 5693 τῷ
3333 5623 3470 5693 ἡλίῳ

1903 5688 2281 5811 ἒαθισταμένη
2342 5692 2401 5745 τὸ
2452 5688 2720 5758 δεύτερον
2764 5688 2866 5762 ἤδη
2913 5688 3320 5764 σχηματίσμδν,
3352 5688 3463 5749 cui.

1944 5774 2109 5811 omn.

1944 5774 2109 5813 OlVlN.
