3966 6210
467 286 573 349 563
717 278 794 353 [Α.
837 297 893 343 ιι,
929 280 1061 336 6791
1103 297 1169 335 an
1203 281 1367 354 6856]

1647 264 2078 357 Ntcspnom
2117 294 2509 356 eumcena;

2819 288 2955 358 [ων.
2995 301 3260 362 Αξοιιοκιο.
3295 297 3422 367 sm]

3547 303 3634 367 bﬁl

470 398 697 453 intuens
737 412 929 467 parum
981 411 1084 452 nos
1116 411 1219 453 suo
1254 397 1468 455 lumine
1495 398 1751 471 iuvabat.
1775 402 1957 470 Quare
1991 402 2046 457 in

2174 420 2324 465 ρωνον
2377 405 2454 474 τῷ
2513 404 2652 474 ἡλίῳ
2707 400 2977 475 γενομένη
3031 409 3387 477 σχηματισμὸν
3424 416 3477 466 ού
3524 417 3643 484 μάλα

471 489 819 547 densissimis
856 489 1135 555 tenebris,
1181 499 1245 546 ut
1293 491 1332 546 ii
1386 490 1480 561 qui
1517 507 1614 562 per
1655 493 1942 550 Taenarum
1977 493 2043 548 ad

470 579 683 637 inferos
712 579 1048 635 descendere
1087 588 1185 634 aut
1214 579 1556 651 Throphonii
1602 592 1822 637 antrum
1862 583 2048 639 fatidi-

473 688 601 728 cum
648 671 838 727 subire
889 672 1276 742 perhibentur,
1313 673 1753 730 ambulabamus.
1788 675 1925 731 Nam
1980 676 2049 732 ad

471 763 700 818 illuuem
729 771 944 817 noctem
970 765 1135 818 etiam
1180 766 1449 820 montium
1496 766 1550 820 in
1577 766 1812 822 circuitu
1843 767 2050 837 posito-

474 869 597 907 rum
652 853 862 908 umbrat
917 853 1274 920 accedebant,
1341 870 1578 925 quorum
1640 858 1877 912 vertices
1925 855 2050 911 caeli

477 953 836 1013 conspectum
867 945 941 998 ita
974 945 1151 1003 nobis,
1168 946 1500 1016 eripiebant,
1533 957 1592 1004 ut
1629 947 1816 1003 infelix
1850 948 1954 1003 iter
1983 963 2052 1002 ne

478 1037 765 1090 stellarum
811 1035 1059 1105 quidem,
1105 1046 1169 1090 ut
1216 1037 1392 1104 aiunt,
1426 1037 1811 1093 observatione
1860 1053 2053 1109 regere

478 1132 791 1196 possemus.
824 1126 964 1183 Tum
1005 1143 1136 1183 vero
1185 1129 1403 1183 animus
1442 1143 1601 1183 meus
1645 1127 1823 1198 frangi
1863 1128 2052 1197 cmpit,

483 1233 611 1272 cum
666 1234 754 1273 me
798 1216 1019 1287 ingredi
1071 1227 1350 1288 oporteret
1397 1218 1612 1288 longam
1668 1232 1732 1272 ac
1773 1217 2051 1272 diﬂicilem

482 1307 650 1361 viam.
687 1306 746 1360 In
779 1306 973 1361 silvam
1006 1308 1152 1362 enim
1202 1307 1425 1362 densam
1456 1315 1511 1361 et
1553 1306 1878 1377 inaequalem
1919 1306 2057 1362 inci-

482 1399 688 1460 d‘imus,
722 1397 1063 1455 latebrarum
1110 1399 1329 1470 plenam
1360 1408 1417 1454 et
1455 1398 1746 1469 profundis
1775 1399 2057 1469 voragini-

478 1487 586 1542 bus
611 1489 813 1557 passim
840 1489 1129 1559 abruptam
1158 1506 1174 1547 :
1206 1490 1261 1544 in
1288 1507 1397 1560 qua
1432 1491 1636 1562 caligas
1659 1499 1715 1546 et
1742 1491 2061 1561 chlamydes

478 1589 700 1634 nostras
727 1580 1008 1647 spinarum
1056 1579 1334 1635 morsibus
1373 1579 1517 1635 lbede
1546 1580 1816 1635 laceratus
1851 1580 1925 1633 ita
1959 1594 2058 1634 ne-

481 1669 850 1740 gligebamus,
882 1682 942 1726 ut
976 1672 1154 1763 377
1200 1687 1324 1727 cum
1357 1676 1566 1726 crebrae
1599 1680 1654 1725 et
1690 1686 1757 1726 ex
1787 1670 2061 1727 aliisalize

480 1779 766 1820 ramorum
811 1742 1079 1820 comatpin
1111 1764 1295 1819 vultus
1336 1771 1555 1818 nostros
1585 1762 1794 1817 infesta:
1825 1763 2054 1817 invade-
2092 1740 2132 1794 Β

484 1856 826 1921 rent,oculis
860 1858 997 1926 ipsis
1025 1865 1424 1922 metueremus;
1456 1856 1794 1924 babenisque
1820 1865 1877 1910 et
1902 1855 2056 1921 loris,

462 1948 693 2018 ’quibus
720 1965 894 2020 equos
927 1949 1272 2020 regebamus,
1305 1948 1526 2004 omissis
1551 1940 1812 2003 manuum
1843 1948 2058 2018 objectu

484 2039 684 2096 faciem
724 2045 1168 2111 protegere’mus.
1216 2037 1287 2094 At
1316 2040 1369 2094 in
1408 2038 1701 2103 famulitio,
1734 2038 1882 2110 quod
1912 2053 2056 2108 pone

488 2129 846 2198 sequebatur,
870 2128 1120 2183 nonnulli
1140 2129 1436 2199 praesentia
1461 2128 1704 2198 pericula
1728 2142 1919 2197 parum
1947 2141 2063 2180 me-

491 2229 713 2276 tuentes
740 2220 1190 2276 vociferabantur
1210 2229 1265 2275 et
1296 2219 1515 2289 tragicis
1542 2218 1797 2274 cantibus
1822 2217 2066 2274 celebra—

491 2311 852 2369 bantlaudes
882 2320 1134 2367 veterum
1166 2314 1422 2375 heroum,
1452 2325 1688 2379 quorum
1732 2309 1931 2363 famam
1978 2322 2068 2363 so-

490 2403 603 2460 lam
657 2404 991 2469 audivimus,
1033 2418 1125 2459 res
1176 2410 1359 2457 autem
1410 2413 1591 2472 gestas
1646 2416 1757 2457 non
1804 2401 2071 2455 vidimus.

492 2495 743 2564 Abrupta
798 2503 981 2549 autem
1033 2503 1090 2550 et
1140 2508 1419 2561 concava,
1450 2494 1650 2549 vicinis
1700 2492 2068 2560 undecunque

495 2586 783 2641 montibus
814 2586 1126 2657 interiecta,
1157 2585 1451 2640 clamorem
1491 2585 1703 2640 editum
1752 2583 2068 2652 intercipie-

496 2680 653 2743 bant,
685 2686 741 2732 et
767 2679 922 2747 quasi
958 2678 1197 2732 animata
1237 2692 1467 2745 corpora
1497 2676 1771 2746 integrum
1800 2684 1855 2730 et
1890 2675 2069 2729 illiba-

497 2779 619 2823 tum
647 2780 699 2822 et
729 2770 979 2822 articulis
1009 2767 1125 2823 suis
1156 2766 1479 2821 distinctum
1512 2750 1828 2826 servabant,
1874 2780 2071 2821 accen—

495 2871 695 2931 tusque
722 2872 775 2914 ct
809 2878 970 2913 vocvs
1003 2861 1231 2914 alternis
1263 2859 1617 2922 ref-rebant;
1651 2874 1715 2911 ac
1754 2867 1812 2911 ut
1842 2857 1895 2911 in
1932 2857 2070 2910 cho-

499 2953 612 3006 reis
648 2952 762 3004 fieri
805 2952 968 3011 solet,
998 2951 1132 3020 ipsa
1180 2952 1347 3004 etiam
1392 2949 1633 3005 vicissim
1683 2949 2071 3014 audiebantur,

2150 492 2522 565 ἀκρονύκτους
2548 493 2682 562 ήμῖν
2735 492 2986 545 έϐούλετο
3018 493 3328 562 χαρίζεσθαι
3355 498 3444 561 τὰς
3483 503 3643 572 αὐγάς,

2152 584 2339 653 Ταύτῃ
2371 601 2455 636 τοι
2490 583 2587 635 καλ⁸
2615 581 2809 652 ᾔειμεν
2859 581 2949 634 διὰ
2992 581 3292 651 παχυτάτου
3328 585 3413 639 τοῦ
3444 589 3648 655 σκότους,

2153 676 2409 742 καθάπερ
2432 673 2524 736 οὓς
2556 673 2767 726 διὰητοῦ
2799 665 3068 743 Ταινάρου
3089 673 3187 735 τὰς
3215 676 3269 736 ἐς
3294 675 3408 745 ᾅδου
3436 678 3652 743 καθόδους

2156 764 2426 819 ποιεῖσθαί
2452 764 2676 834 φασινῆ
2725 764 2795 817 τὰ
2848 763 3078 829 ὑπόγεια
3133 764 3421 835 Τροφωνίου
3466 772 3655 837 μαντεύ-

2158 873 2324 927 ματα.
2361 852 2724 923 Προσετίθετο
2777 854 2885 922 γὰρ
2914 854 2981 922 τῇ
3031 851 3272 921 ἀσελήνῳ
3318 852 3485 925 ἐκείνη
3527 860 3655 911 νυκτὶ

2154 949 2250 1003 καὶ
2277 950 2310 1017 ή
2346 947 2455 1000 τῶν
2507 945 2849 1000 κυκλούντων
2899 944 3079 1014 λόφων
3109 943 3255 998 σκιά.
3303 946 3363 998 Δί
3397 945 3495 1017 γὰρ
3536 949 3653 1015 σφῶν

2157 1041 2457 1105 ὑπερϐολαὶ
2487 1040 2641 1111 παρά
2666 1040 2890 1093 τοσοῦτο
2915 1041 3010 1093 καὶ
3033 1037 3261 1109 ούρανοῦ
3289 1039 3383 1108 τὴν
3409 1039 3521 1093 θέαν
3536 1043 3648 1111 ἡμᾶς

2156 1132 2485 1202 ἀφῃροῦντο,
2518 1130 2648 1202 παρ’
2682 1132 2805 1184 ὅσον
2836 1130 3194 1200 ούὸἴάστροις
3232 1129 3292 1183 τὸ
3315 1129 3645 1200 θρυλλούμινον

2155 1225 2554 1294 τεκμαίρεσθαι
2586 1221 2775 1291 σαφῶς
2824 1222 2925 1293 τήν
2971 1222 3206 1292 δυστυχῆ
3238 1223 3450 1295 πορείαν
3484 1223 3651 1293 είχομεν

2156 1316 2393 1385 εκείνην.
2425 1314 2611 1385 Αύτάρ
2643 1314 2831 1381 ἔμοιγε
2861 1314 2974 1381 (44)
3006 1313 3343 1384 κατεκλάσθη
3368 1313 3506 1382 φίλον
3524 1310 3656 1383 ήτορο

2157 1408 2360 1463 οὕνεκά
2392 1426 2483 1478 μοι
2521 1409 2660 1462 ἰέναι
2691 1407 2851 1478 ἐπῄει
2899 1405 3118 1476 δολιχήν
3172 1404 3287 1460 ὁδὸν
3315 1403 3560 1474 ἀργαλέην
3596 1419 3662 1456 τε.

2160 1497 2353 1567 Λόχμῃ
2373 1496 2482 1567 γὰρ
2509 1495 2910 1564 ἐντυγχάνομεν
2935 1494 3076 1548 πάνυ
3098 1493 3286 1564 δασείᾳ
3307 1494 3400 1547 καὶ
3424 1491 3664 1562 ἀνωμάλῳ.

2161 1588 2388 1657 συχνοὺς
2425 1585 2545 1639 κατ’
2577 1586 2758 1653 ὀλίγον
2801 1585 3001 1656 ἐχούσῃ
3046 1584 3238 1654 λόχους
3266 1586 3356 1636 καὶ
3394 1582 3666 1649 φάραγγαςο

2161 1680 2244 1733 ὅθι
2273 1679 2337 1748 δὴ
2364 1679 2458 1731 καὶ
2480 1680 2537 1741 ές
2563 1677 2814 1731 τοσοῦτον
2847 1670 3066 1746 ἀμελῶς
3091 1675 3320 1745 ἔσχομεν
3348 1677 3402 1738 ές
3419 1672 3473 1726 τὸ
3493 1671 3673 1738 δαψιλὲς

2160 1771 2646 1843 διαρρηγνυμένων
2682 1768 2795 1823 τῶν
2821 1768 3110 1840 ἡμετέρων
3139 1768 3246 1822 τῶν
3276 1783 3335 1821 τε
3362 1765 3570 1819 πεδίλων
3591 1763 3678 1817 τῶν

2161 1879 2220 1916 τε
2267 1862 2557 1933 χλαμύδων
2610 1863 2736 1923 ταῖς
2786 1861 2898 1915 τῶν
2945 1860 3201 1915 ἀκανθῶν
3245 1857 3531 1920 ἀνθολκαῖς,
3565 1856 3681 1910 ὥστε

2163 1952 2294 2023 περὶ
2319 1951 2428 2005 τῶν
2456 1951 2633 2020 δψεων
2662 1950 2842 2004 αὐτῶν
2864 1949 3184 2020 ἐδεδίειμεν,
3220 1950 3424 2020 συχνοῖς
3451 1948 3536 2002 καὶ
3557 1946 3685 1999 ἀλλε-

2163 2042 2457 2110 παλλήλοις
2491 2043 2605 2104 τοῖς
2631 2041 2741 2095 τῶν
2771 2040 3087 2112 ἀκροδρύων
3116 2040 3426 2111 βοστρύχοις
3453 2036 3685 2107 χρώμενοι

2165 2136 2449 2205 πολεμίοις
2478 2137 2589 2189 τῶν
2620 2133 2905 2205 ἡμετέρων
2940 2132 3273 2205 προσώπων.
3299 2132 3406 2186 Καὶ
3434 2130 3597 2200 μέντοι
3616 2127 3691 2178 καὶ

2166 2229 2540 2301 ἀμελήσαντες
2574 2228 2743 2299 ήνιῶν
2754 2227 2852 2281 καὶ
2874 2227 3148 2299 ῥυτήρων,
3166 2221 3247 2289 οἷς
3270 2225 3392 2288 τοὺς
3405 2218 3691 2282 ῖππουςίθύ-

2166 2339 2351 2393 νομεν,
2367 2322 2574 2391 σκέπην
2592 2320 2923 2391 ἐποιούμεθα
2937 2320 3036 2383 τὰς
3054 2322 3244 2389 χεῖρας
3272 2316 3377 2370 τῶν
3406 2314 3582 2384 δψεων.
3603 2312 3694 2377 Τῆς

2170 2412 2252 2486 [Ρ.
2269 2410 2397 2485 252]
2416 2431 2479 2482 γε
2501 2413 2599 2482 μὲν
2625 2414 2895 2482 ἑπομένης
2915 2411 3238 2482 θεραπείας,
3255 2404 3336 2473 οἷς
3356 2407 3467 2461 οὐδὲ
3483 2404 3607 2458 πάνυ
3627 2419 3694 2455 τοι

2168 2507 2277 2560 τῶν
2307 2505 2587 2575 παρόντων
2610 2505 2769 2574 ἔμελε
2798 2504 2999 2574 φόϐων,
3032 2499 3180 2575 ἦσαν
3205 2503 3254 2557 οἳ
3281 2502 3474 2569 φωναῖς
3494 2496 3696 2568 ἐχρῶντο

2171 2601 2265 2653 καὶ
2315 2597 2502 2668 μέλεσι
2533 2600 2820 2670 τραγικοῖς
2840 2613 2856 2629 ο
2908 2592 3078 2668 ’ᾙδον
3116 2596 3168 2649 δ’
3215 2594 3326 2665 ἄρα
3352 2592 3476 2646 κλέα
3498 2587 3695 2658 ἀνδρῶν,

2170 2685 2244 2745 ὧν
2272 2686 2382 2745 οἷον
2417 2691 2573 2751 κλέος
2615 2689 2909 2758 ἀκούομεν,
2938 2687 3060 2742 οὐδέ
3103 2702 3194 2740 τοι
3238 2686 3404 2748 ίδμεν.
3435 2682 3499 2736 Δῖ
3522 2697 3573 2733 τε
3596 2675 3701 2761 περὶ

2170 2786 2320 2856 ἡμᾶς
2350 2782 2657 2854 φάραγγες,
2709 2787 2804 2835 καὶ
2836 2782 2938 2835 ὅσα
2989 2780 3201 2848 μεταξὺ
3233 2778 3384 2833 κοῖλα
3423 2774 3524 2860 τῶν
3555 2765 3703 2860 *πέριξ

2173 2874 2336 2944 ὀρῶν,
2389 2871 2897 2943 περιλαμϐάνουσαι
2949 2869 3050 2940 τήν
3097 2866 3357 2938 κραυγήν
3412 2857 3500 2917 καὶ
3545 2857 3705 2924 ὥσπερ

2176 2965 2411 3035 ἔμψυχοί
2451 2980 2597 3026 τινες
2649 2964 2929 3033 ἀκήρατον
2986 2960 3363 3029 φυλάττουσαι
3400 2953 3587 3021 ταύτην
3628 2946 3706 3002 καὶ

498 3052 555 3097 et
603 3044 670 3096 ad
717 3043 1067 3111 prtescriptos
1113 3041 1364 3095 modulos
1398 3040 1738 3094 accincbaut.
1792 3040 1901 3109 Ego
1939 3055 2070 3092 vero

2174 3058 2359 3128 ἀπαθῆ
2388 3058 2482 3109 καὶ
2517 3058 2624 3109 τῶν
2667 3055 2887 3126 ἄρθρων
2939 3054 3149 3121 ὁμοίως
3194 3054 3420 3123 ἔχουσαν
3466 3042 3591 3101 κατὰ
3611 3040 3707 3093 διαο

500 3138 712 3190 inlerea
736 3138 980 3187 animum
1011 3149 1191 3187 meum
1216 3133 1474 3207 jubebam
1510 3148 1760 3187 recreare
1782 3143 1838 3186 et
1858 3132 2070 3201 erigere

500 3243 583 3286 se.
618 3242 721 3281 nec
754 3227 1059 3280 terroribus
1086 3226 1322 3280 subinde
1352 3222 1730 3294 ingruentibus
1753 3226 1939 3297 jacere
1977 3240 2075 3294 0p-

501 3335 777 3388 pressum.
822 3322 889 3373 At
930 3320 1021 3372 ille
1057 3334 1165 3373 non
1200 3318 1456 3387 parebat:
1496 3317 1589 3372 sed
1620 3328 1675 3372 et
1715 3319 1859 3371 viam
1893 3317 2073 3372 alieno

503 3418 756 3479 tempore
803 3416 1115 3478 susceptam
1152 3423 1324 3478 usque
1375 3409 1709 3478 exprobrare
1741 3409 1881 3463 velle
1920 3408 2075 3463 vide-

503 3496 693 3562 batur,
718 3508 771 3552 et
803 3499 868 3551 ad
902 3498 1144 3577 seipsum
1180 3496 1486 3551 identidem
1520 3512 1824 3551 conversus
1849 3496 2075 3550 insidias

503 3582 859 3645 aflatrones
895 3590 1055 3643 tacite
1110 3588 1515 3653 ruminabatur,
1567 3604 1631 3643 ac
1666 3589 1817 3643 viros
1849 3587 2077 3656 sangui-

506 3701 637 3738 nqu
675 3684 778 3738 sibi
821 3682 1080 3751 fingebat,
1109 3680 1204 3751 qui
1241 3698 1306 3735 ex
1333 3680 1571 3737 obscuro
1611 3699 1711 3735 nos
1737 3681 1985 3735 adorturi
2024 3688 2079 3733 et

506 3776 742 3831 occisuri
775 3783 982 3829 essent.

742 3854 763 3879 Ι

581 4065 643 4117 V.
695 4065 830 4117 bum
860 4070 1043 4117 autem
1075 4062 1129 4115 in
1163 4060 1249 4116 his
1281 4075 1493 4125 sumus,
1516 4060 1702 4114 subito
1727 4058 1831 4112 viri
1855 4057 2080 4127 quidam

509 4171 576 4209 ex
608 4154 719 4208 illis
747 4154 980 4222 rupibus
1003 4161 1059 4206 et
1084 4153 1339 4207 cavernis
1364 4158 1688 4220 exsurgunt,
1709 4148 1879 4218 nigris
1903 4147 2082 4201 induti

512 4247 761 4305 vestibus
792 4262 822 4301 e
870 4246 1011 4301 lanis
1044 4253 1100 4299 et
1133 4244 1455 4309 velleribus,
1487 4258 1608 4312 qua:
1639 4240 1944 4311 pecudibus
1991 4241 2086 4293 de—

517 4348 803 4396 traxerant
836 4340 904 4391 iis
938 4338 1142 4407 quibus
1176 4352 1316 4407 opus
1362 4336 1577 4399 fuerat,
1609 4333 1879 4413 diabplica
1931 4333 2089 4401 plane

2177 3146 2338 3217 δοχὴν
2361 3143 2472 3199 οἷον
2498 3146 2763 3215 ἁντήχουν
2797 3144 2890 3196 καὶ
2917 3143 3288 3210 ἀντεφώνουν,
3318 3139 3499 3206 ὥσπερ
3530 3135 3581 3186 έν
3609 3130 3709 3189 ταῖς

2177 3242 2422 3312 χορείαις
2453 3241 2717 3309 ἑπόμεναι
2746 3240 2844 3293 καλ⁸
2867 3230 3031 3290 αὗται
3062 3238 3164 3290 καλ⁵
3191 3234 3504 3305 ἀντᾴδουσαι
3529 3227 3646 3297 πρὸς
3662 3225 3713 3276 ab
3738 3252 3745 3269 ι

2177 3332 2272 3387 τοῦ
2313 3332 2510 3403 μέλους
2539 3327 3007 3399 ὲνδόσιμον.Ἐγὼ
3034 3327 3081 3381 δ’
3115 3330 3177 3381 έν
3213 3325 3427 3386 τούτοις
3461 3319 3713 3389 ἀναφέρειν

2180 3420 2460 3491 παρῄνουν
2490 3418 2580 3472 τὸν
2625 3417 2885 3485 λογισμὸν
2927 3419 3018 3468 καλ.
3048 3415 3127 3487 μὴ
3160 3417 3380 3485 συχνοῖς
3420 3405 3718 3491 περιαντλεῖ-

2181 3490 2312 3564 σθαι
2333 3512 2442 3570 τοῖς
2472 3510 2683 3574 φόϐοις.
2720 3509 2779 3561 '0
2815 3509 2861 3561 δ’
2888 3508 2986 3561 ούκ
3020 3509 3279 3560 ἐπείθετο
3298 3522 3313 3538 ·
3351 3504 3481 3558 ἀλλὰ
3506 3500 3643 3565 δῆλος
3662 3490 3714 3562 ἦν

2179 3597 2304 3653 οὔτε
2334 3601 2434 3670 τὴν
2472 3600 2591 3652 ὁδὸν
2635 3600 2733 3665 τῆς
2767 3598 3026 3669 ἀκαιρίας
3055 3599 3431 3667 ἀφιστάμενος
3458 3588 3713 3659 λοιδορεῖν

2182 3687 2343 3754 αὑτός
2390 3710 2450 3744 τε
2487 3693 2574 3761 ἐφ’
2616 3692 2776 3744 αὑτὸν
2818 3689 2986 3761 συχνὰ
3030 3689 3397 3760 ἀναστρέφων
3433 3684 3604 3753 λόχους
3639 3675 3717 3728 καὶ

2182 3782 2499 3844 λωποδύτας
2530 3781 2821 3835 ἀνεκύκλει
2866 3780 2962 3834 καὶ
2999 3778 3521 3851 ἀνδρας-αίμάτων,
3559 3772 3719 3840 μήπως

2184 3874 2242 3939 ἐξ
2300 3873 2545 3940 ἀφανοῦς
2607 3872 2951 3935 εἰσπεσόντες
3015 3871 3180 3940 ἔργον
3244 3872 3393 3942 ἡμᾶς
3445 3862 3722 3931 ἀποφήνωσι

2187 3964 2398 4032 ξίφους.

2262 4058 2336 4111 Ε’.
2381 4054 2589 4108 Οὐκοῦν
2619 4053 2734 4107 ἀλλ’
2767 4055 2825 4103 έν
2860 4052 3072 4114 τούτοις
3113 4052 3289 4105 ὄντων
3326 4047 3481 4120 ήμῶν
3509 4040 3725 4107 ἐξαίφνης

2186 4148 2505 4203 ἀνίστανται
2562 4164 2706 4209 τινες
2757 4146 2946 4212 ἄνδρες
2994 4144 3101 4197 τῶν
3165 4146 3352 4197 ἐκεῖσε
3409 4135 3610 4207 πετρῶν
3651 4126 3730 4182 καὶ

2189 4241 2494 4310 φαράγγων
2540 4236 2796 4307 μελαίνας
2828 4235 3061 4303 ἐσθῆτάς
3086 4251 3245 4295 τινας
3276 4228 3656 4301 περικείμενοι,
3684 4214 3734 4310 (lt

2190 4306 2335 4383 εἰσιν
2362 4330 2421 4393 ἐξ
2454 4329 2618 4395 ἐρίων
2654 4328 2748 4381 καὶ
2777 4326 3013 4389 κωδίων,
3045 4325 3187 4378 ἀττα
3224 4323 3358 4376 ποτὲ
3397 4319 3544 4385 ζώων
3569 4306 3735 4367 amciti-

514 4439 756 4503 spectra.
796 4429 901 4484 Sed
941 4429 1106 4483 iidem
1139 4444 1247 4483 non
1280 4426 1431 4497 gravi
1478 4399 1763 4479 armatura
1810 4422 2061 4477 instrueti

2196 4440 2356 4476 <3sz
2405 4415 2483 4481 οἷς
2527 4420 2698 4489 δήπου
2733 4419 2786 4486 γ’
2828 4419 2993 4487 ἐχρῆν
3016 4436 3047 4475 ·,
3065 4418 3332 4485 ἄντικρυς
3379 4409 3619 4480 δαιμόνια
3650 4399 3737 4502 (pi:

513 4524 628 4579 imo
659 4524 884 4577 omnino
931 4522 1081 4576 leves
1107 4529 1164 4575 et
1209 4518 1450 4588 expediti
1488 4526 1667 4571 erant.
1720 4519 1795 4570 Ac
1837 4515 2085 4584 plerique

512 4634 669 4673 arma
701 4616 766 4672 ad
807 4616 975 4687 378
1013 4614 1266 4669 cominus
1289 4610 1640 4682 pugnandum
1678 4617 1797 4677 apta
1826 4609 1879 4661 iu
1916 4606 2089 4659 mani-

513 4708 621 4763 bus
672 4707 968 4768 habebant,
998 4719 1199 4774 nempe
1235 4703 1420 4757 hastas
1474 4712 1530 4755 et
1568 4713 1813 4754 secures.
1855 4696 2085 4763 Quidam

515 4809 574 4854 et
604 4801 706 4853 tela
733 4798 962 4852 missilia
987 4796 1296 4868 gestabant.
1318 4795 1397 4848 Ac
1419 4791 1689 4862 principio
1711 4789 1932 4860 quidem
1967 4788 2089 4842 fieri

462 4938 467 4941 ,
518 4909 627 4945 non
674 4902 924 4961 poterat,
960 4890 1093 4960 quin
1150 4888 1310 4943 nobis
1359 4895 1414 4940 et
1460 4884 1787 4952 intempesta
1834 4890 1992 4935 nocte
2036 4889 2092 4934 et

523 4984 725 5048 ignitis
774 4985 824 5032 in
874 4981 1010 5035 locis
1046 4991 1314 5033 terrorem
1375 4978 1728 5029 incuterent:
1787 4973 2090 5042 prmsertim

526 5093 650 5128 cum
683 5083 868 5129 nostra
888 5073 1073 5143 lingua
1104 5070 1249 5125 haud
1284 5080 1592 5123 uterentur.
1628 5067 1779 5121 Illius
1808 5066 1956 5119 enim
1988 5063 2091 5118 loci

526 5166 717 5221 incolae
747 5166 992 5236 plerique
1024 5163 1295 5233 Mysorum
1330 5160 1510 5215 coloni
1541 5168 1691 5221 sunt,
1725 5156 1969 5209 ﬁnitima:
2003 5168 2092 5206 na-

525 5262 714 5323 tionis,
751 5267 807 5313 et
836 5256 1118 5312 communi
1151 5270 1276 5310 cum
1326 5251 1529 5305 nostris
1558 5247 1916 5319 popularibus
1944 5246 2093 5300 victu

524 5364 781 5407 utuntur.
801 5350 1009 5403 Deinde
1038 5348 1348 5416 recepimus
1374 5344 1585 5399 animos
1614 5350 1669 5395 et
1693 5341 1759 5394 ad
1793 5354 1893 5391 nos
1922 5337 2094 5392 redii-

532 5462 673 5501 mus.
703 5444 839 5501 Nam
871 5457 968 5497 sua
1004 5441 1189 5510 lingua
1221 5454 1322 5494 nos
1352 5438 1584 5493 comiter
1611 5444 1668 5487 ct
1720 5431 1972 5486 hilariter
2004 5446 2092 5485 sa-

2195 4527 2402 4582 apta'ta‘
2437 4512 2576 4581 πλὴν
2619 4512 2678 4563 ού
2709 4508 3085 4579 κατάφρακτοι
3122 4525 3275 4570 τινες
3317 4504 3553 4584 όπλῖται,
3584 4498 3657 4551 ὅτι
3680 4491 3742 4562 μὴ

2194 4607 2449 4671 καθάπαξ
2509 4604 2689 4674 ψιλοί·
2740 4605 2835 4656 καὶ
2890 4601 3186 4671 ἀγχέμαχά
3239 4617 3366 4652 τινα
3413 4597 3610 4665 δργανα
3641 4586 3743 4637 ταῖν

2193 4702 2374 4770 χεροῖν
2405 4701 2454 4753 οἱ
2506 4698 2719 4760 πλείους
2769 4680 3007 4765 ἔχοντες,
3037 4695 3136 4747 ὅσα
3167 4695 3231 4748 ἐν
3265 4691 3493 4773 λόγχαις
3535 4683 3634 4738 εἰσὶ
3668 4678 3747 4773 καὶ

2197 4792 2504 4844 πελέκεσιν.
2538 4786 2718 4842 ’Ἦσαν
2751 4788 2795 4841 δ’
2832 4788 2881 4840 οἳ
2925 4786 3020 4840 καὶ
3049 4787 3149 4839 ὅσα
3186 4787 3247 4837 έν
3295 4780 3618 4855 τηλεϐόλοις.
3656 4772 3747 4824 Καὶ

2199 4882 2261 4936 τὸ
2296 4883 2395 4953 μὲν
2435 4882 2649 4951 πρῶτον
2683 4879 2939 4948 ἐκπλήξει
2974 4880 3068 4931 καὶ
3119 4877 3231 4930 δέει
3284 4867 3662 4928 καθυπέϐαλον
3695 4859 3750 4913 τὰ

2199 4980 2466 5045 ἡμέτερα.
2499 4975 2624 5036 Πῶς
2651 4974 2759 5041 γὰρ
2801 4970 2898 5036 ob;
2944 4973 3003 5024 ὲν
3037 4969 3227 5031 τόποις
3266 4964 3569 5033 ἀλλοτρίοις
3605 4957 3750 5045 δντφν

2200 5038 2293 5117 καὶ
2346 5038 2522 5133 ἀωρίᾳ
2570 5038 2744 5130 τοιᾷδε
2798 5055 2897 5112 καὶ
2947 5055 3169 5125 γλώσσῃ
3231 5053 3375 5121 πρὸς
3423 5048 3625 5105 τούτοις
3670 5038 3751 5103 οὐχ

2200 5156 2449 5228 ἡμετέρᾳ
2486 5155 2793 5225 χρώμενοι;
2829 5150 3032 5205 Μυσῶν
3067 5149 3176 5215 γὰρ
3207 5145 3436 5198 ἄποικοι
3460 5139 3566 5192 τῶν
3598 5134 3749 5228 excise

2207 5241 2639 5315 προσοικούντων
2690 5238 2829 5291 εἰσὶν
2873 5236 3113 5308 ἀρχῆθεν
3161 5233 3214 5285 οἱ
3258 5231 3484 5292 πλείους
3531 5224 3621 5281 καὶ
3659 5218 3751 5277 τοῖς

2201 5339 2332 5406 ἡμῖν
2362 5333 2656 5404 ὁμοφύλοις
2682 5330 2886 5398 ἀναμὶξ
2906 5330 3004 5396 τὴν
3032 5326 3245 5379 δίαιταν
3280 5323 3520 5392 ἔχοντες.
3552 5317 3751 5406 Ἔπειτα

2201 5403 2542 5497 ἀνεφέρομεν
2592 5425 2686 5479 καὶ
2730 5424 2940 5478 ἑαυτῶν
2974 5417 3308 5491 ἐγιγνόμεθα
3355 5412 3534 5479 αὖθις.
3572 5403 3748 5463 Ἠσπάο

1258 5609 1286 5628 .
1865 5568 2202 5629 Variorum
2245 5577 2427 5627 ncnc.

605 5709 719 5777 (44)
762 5704 1030 5765 Homerus
1054 5707 1237 5777 Odyss.
1270 5707 1318 5770 δ,
1346 5722 1398 5758 ν.
1428 5703 1552 5756 481.
1598 5700 1807 5754 Druse
1843 5742 1848 5747 .
