4000 6206
446 243 545 305 5⁶ἷ7
694 238 856 349 [μὲι.
877 196 1020 292 ’ϐτθι
1057 254 1121 291 λυ
1149 234 1312 308 esse]

1586 250 1589 251 ⁷
1635 244 1680 301 Ν
1696 246 1810 303 [UE
1823 246 2049 304 i’lllllll
2092 242 2137 303 ϐ
2151 248 2475 311 ιιΕεςΟιιεΕ

3567 266 3668 330 568

2792 251 2929 323 [eum
2966 269 3246 311 monente.
3279 256 3424 332 sem]

441 373 739 427 puerorum
770 359 1177 427 spectabamus.
1208 360 1288 413 Ac
1311 359 1472 414 nobis
1507 360 1655 415 illius
1693 360 2008 417 festivitatis

2114 370 2207 422 καὶ
2240 372 2456 440 χορείας
2486 377 2835 439 παντοδαπὰς
2858 379 3065 446 ἀνδρῶν
3090 379 3310 448 ἐφήϐων
3345 398 3406 436 τε
3443 382 3539 438 καὶ
3564 387 3677 441 ὅσοι

358 460 363 465 ·
440 444 681 517 praesens
732 447 917 502 laetitia
950 463 1064 517 pra:
1093 450 1198 503 alia
1246 450 1441 519 quavis
1467 451 1634 505 animi
1684 452 2008 507 remissione

436 547 493 592 et
522 538 891 594 oblectatione
944 539 1024 594 sic
1053 538 1282 609 placuit,
1329 550 1388 595 ut
1439 542 1812 610 spectaculum
1861 541 2007 596 istud

438 633 600 687 nobis
631 634 806 687 multo
836 644 987 689 esset
1011 634 1333 703 jucundius,
1372 651 1535 703 quam
1577 635 2009 690 Atheniensibus

435 737 492 782 et
542 727 827 796 Spartanis
869 735 1082 794 gratum
1136 726 1259 789 fuit,
1292 729 1510 796 quoties
1564 729 1670 784 sub
1713 729 1847 783 urbe
1899 728 2009 783 illis

435 820 659 889 quidem
693 836 791 876 sua
830 821 1011 876 Diasia
1054 822 1170 876 sive
1212 821 1464 885 .lovialia,
1502 822 1589 876 his
1614 838 1746 878 vero
1789 837 1853 877 ea
1887 837 2008 890 quae

434 912 761 984 Hyacinthia
811 896 1073 968 dicuntur
1120 913 1402 968 celebrare
1451 915 1629 968 visutn
1681 914 1883 970 fuerat.
1937 914 2009 971 Ut

434 1006 581 1057 enim
633 1005 700 1058 iis
762 1005 932 1074 magis
984 1004 1392 1059 delectaremur
1433 1005 1486 1059 iu
1540 1020 1705 1061 causa
1762 1014 1882 1061 erat
1916 1023 2007 1062 re-

432 1095 585 1163 ligio,
618 1104 675 1151 et
702 1096 847 1165 quod
892 1098 1183 1166 peregrino
1220 1096 1274 1151 in
1323 1097 1441 1153 solo
1489 1113 1518 1150 a
1566 1100 1770 1151 nostris
1807 1098 2006 1155 remoti

436 1185 587 1239 velut
632 1201 699 1240 ex
744 1195 900 1239 vasto
941 1188 1129 1258 pelago
1176 1187 1242 1241 ad
1279 1188 1511 1243 insulam
1564 1189 2003 1259 appelleremus:

435 1291 547 1347 quo
578 1292 706 1332 casu
737 1280 921 1332 omnia
958 1280 1289 1349 jucundiora
1326 1280 1586 1335 videntur
1616 1296 1778 1350 quam
1814 1296 2006 1336 revera

436 1378 587 1423 sunt.
718 1378 725 1385 '
1356 1378 1369 1391 '
1864 1374 1874 1383 ’

507 1462 597 1515 Vll
657 1463 845 1527 Tertio
897 1463 1025 1517 inde
1062 1463 1149 1518 die
1205 1465 1270 1518 ad
1322 1465 1641 1534 oppidulum
1678 1465 2003 1537 Seopiorum

435 1553 783 1619 divertimns.
818 1557 967 1627 ipsos
998 1558 1107 1627 jam
1139 1556 1509 1613 Triballorum
1545 1556 1682 1614 lines
1720 1559 1955 1630 ingressi
1986 1579 2000 1615 :

2109 460 2249 532 ἥϐης
2278 462 2537 527 ἐλλιπεῖς.
2575 468 2861 522 Καλητοῦτο
2903 460 3180 541 παρέσχεν
3207 474 3397 544 ἡμίνή
3430 476 3682 546 παροῦσα

2110 555 2417 626 πανήγυρις
2449 559 2564 611 ἀντ’
2603 558 2770 629 ἄλλης
2820 562 3056 626 ἀνέσεως
3100 565 3196 618 καὶ
3236 566 3448 635 τρυφῆς
3499 568 3683 637 πολλῷ

2109 664 2173 714 γε
2208 648 2356 717 ἥδιον
2407 650 2438 719 ἧ
2508 652 2811 722 Ἀθηναίοις
2846 655 2940 708 καὶ
2981 656 3374 723 Σπαρτιάταις,
3411 659 3578 713 ὁπότε
3616 662 3682 727 γέ

2111 756 2294 807 σφισιν
2333 740 2490 812 ἐπῄει
2518 743 2690 796 τελεῖν
2714 746 2819 816 πρδ
2841 746 2934 800 τοῦ
2959 748 3150 809 ἄστεος
3174 752 3286 810 τοῖς
3325 750 3425 818 μὲν
3456 752 3522 803 τά
3556 752 3687 813 Διά-

2110 847 2221 896 σια,
2244 835 2352 895 τοῖς
2369 834 2423 885 δὲ
2451 835 2487 889 ἃ
2508 853 2670 903 φασιν
2703 837 3003 892 Ὑακίνθια.
3029 840 3113 910 [Ρ.
3135 837 3390 911 2541'Hv
3412 842 3520 913 γὰρ
3546 844 3684 912 ἡμῖν

2110 925 2307 995 κομιδῆ
2340 928 2768 997 συμμαχόμενον
2799 931 2857 991 ἐς
2882 932 2949 991 τὸ,
2971 932 3174 1001 μᾶλλον
3201 935 3426 988 ἐκείνων
3455 934 3678 1003 ἥδεσθαι

2107 1017 2170 1069 τό
2226 1017 2273 1069 τ’
2303 1018 2523 1083 εὐσεϐὲς
2551 1021 2615 1074 τό
2653 1019 2701 1073 τ’
2751 1023 2807 1076 ὲν
2830 1024 2977 1093 ὅροις
3060 1026 3373 1095 ὑπερορίοις
3431 1029 3675 1097 ἀπηρτη-

2115 1110 2311 1180 μένους
2362 1113 2455 1165 καὶ
2500 1114 2610 1167 τῶν
2654 1116 2870 1170 οίκείων
2914 1118 3075 1180 ὄντας
3106 1119 3389 1190 -ικδήμους
3433 1120 3670 1187 ἐντυχεῖν

2107 1203 2360 1276 καθάπερ
2394 1207 2485 1265 ἐπὶ
2517 1208 2759 1276 μεγάλου
2807 1209 3080 1278 πελάγους
3132 1210 3287 1280 οίαδή
3334 1227 3444 1264 τινι
3490 1212 3669 1280 νήσῳηο

2105 1296 2268 1349 όπότε
2303 1297 2399 1350 καὶ
2437 1298 2506 1351 τὰ
2542 1302 2642 1371 τῆς
2672 1300 3035 1372 εὐφροσύνης,
3064 1301 3223 1363 ὀποίά
3248 1316 3315 1369 γε
3342 1301 3452 1371 εἴη,
3496 1301 3677 1370 πολλῷ

2109 1387 2483 1443 πολλαπλάσια
2514 1392 2785 1461 φαίνεται,
2810 1393 2953 1462 ἥπερ
2985 1393 3132 1446 ἐστὶν
3161 1392 3220 1455 ἐς
3254 1410 3318 1462 γε
3357 1394 3419 1447 τὸ
3451 1393 3532 1449 ϐν.

2178 1483 2254 1537 Ζ’.
2307 1483 2546 1537 Ἐκεῖθεν
2583 1486 2816 1553 τριταῖοι
2868 1487 2926 1547 ἐς
2973 1484 3034 1538 τδ
3071 1485 3178 1538 τῶν
3225 1485 3476 1539 Σκοπίων
3523 1486 3682 1539 πολίο

2107 1591 2253 1642 χνιον
2284 1573 2394 1642 (47)
2428 1573 2772 1643 καταλύομεν
2804 1575 3031 1645 ὲνρροις
3056 1574 3156 1645 ήδη
3185 1575 3293 1628 τῶν
3313 1574 3632 1647 Τριϐαλλῶν
3658 1593 3676 1609 ο

434 1661 499 1699 ac
537 1648 1013 1716 prwterlabentcm
1058 1648 1300 1704 vidimus
1350 1650 1547 1703 Axium
1585 1649 1854 1716 ﬂuvium;
1904 1650 2001 1720 qui

2113 1658 2171 1717 οὗ
2228 1665 2621 1734 παραψαύοντα
2659 1666 2753 1719 καὶ
2801 1666 2890 1719 τὸν
2934 1666 3110 1732 ’Δξιδν
3154 1666 3463 1737 τεθεάμεθα
3510 1660 3684 1720 ποτα-

434 1750 557 1807 post
598 1737 945 1809 Strymonem
978 1740 1252 1794 maximus
1300 1740 1458 1795 nobis
1488 1739 1799 1807 videbatur,
1823 1750 1880 1797 et
1912 1742 2004 1798 iis-

433 1828 558 1883 dem
589 1829 795 1898 quibus
837 1829 927 1885 ille
960 1830 1241 1884 montibus
1284 1845 1582 1901 erumpens
1619 1832 1689 1885 ab
1741 1832 1855 1901 ipsa
1886 1832 2003 1903 qui-

435 1917 558 1972 dem
600 1918 815 1989 origine
857 1934 967 1974 non
1004 1927 1207 1984 tantus,
1239 1919 1336 1974 sed
1368 1918 1423 1974 in
1461 1920 1696 1975 decursu
1734 1923 2005 1976 montium

434 2011 623 2067 multis
678 2011 1016 2068 torrentibus
1077 2021 1273 2068 auctus
1301 2014 1525 2068 nomine
1576 2015 1632 2067 in
1682 2014 2007 2070 Bardarium

434 2113 645 2159 mutato
676 2104 825 2174 aliqu
846 2104 977 2160 mdo
1003 2114 1057 2160 et
1087 2105 1418 2177 quibusdam
1462 2106 1517 2159 in
1558 2105 1695 2159 locis
1726 2106 2008 2178 navigabi-

432 2199 502 2253 lis
529 2206 637 2253 est.
669 2198 770 2254 Ubi
805 2199 970 2269 regis,
1008 2199 1098 2254 cui
1139 2199 1366 2255 Triballi
1401 2213 1594 2254 omnes
1634 2216 1845 2255 summa
1877 2217 2002 2255 cum

431 2291 788 2347 observantia
841 2301 1058 2362 parent,
1092 2308 1307 2348 socrum
1343 2294 1726 2358 convenimus,
1775 2309 2008 2364 genero-

432 2398 549 2437 sam
599 2382 975 2446 Cmsarissam,
1020 2384 1243 2454 lugubri
1295 2384 1490 2445 habitu
1540 2368 1795 2438 dolorem~
1842 2384 2002 2456 381

432 2474 603 2529 animi
659 2474 1065 2530 testiﬁcantem.
1098 2475 1227 2530 Erat
1260 2476 1410 2529 enim
1471 2476 1543 2530 ob
1605 2485 1880 2531 recentem
1951 2485 2008 2531 et

432 2566 696 2622 acerbum
738 2583 927 2622 casum
984 2566 1328 2638 pe'rturbdta.
1383 2568 1483 2624 Cui
1545 2569 1721 2641 dolori
1780 2585 1905 2625 eum
1938 2585 2006 2625 ex

432 2670 729 2730 conspectu
760 2670 951 2716 nostro
999 2674 1190 2732 magna
1219 2662 1567 2716 vehementia
1602 2665 1781 2716 statim
1817 2678 2006 2719 acces-

436 2752 623 2820 sisset,
653 2760 766 2809 tota
816 2754 872 2808 in
909 2753 1178 2825 lacrymas
1222 2747 1729 2809 et'lamentationes
1751 2756 2003 2818 solvitur.

433 2845 633 2901 crebro
660 2849 915 2901 maritum
946 2845 1236 2911 Cmsarem,
1279 2847 1573 2901 multorum
1608 2847 2004 2916 imperatorum

435 2947 729 3009 cognatum
765 2938 1091 3005 inclamans,
1123 2939 1445 3002 formosum,
1483 2954 1734 3004 aureum,
1761 2938 2003 3004 dulcem,

2115 1758 2213 1827 μὸν
2246 1758 2379 1828 (48),
2409 1758 2467 1822 ὃς
2498 1758 2636 1826 μετά
2679 1758 2962 1827 Στρυμόνα
3008 1759 3264 1828 μέγιστος
3309 1760 3444 1829 ἡμῖν
3472 1757 3679 1824 ἔδοξεν,

2108 1849 2167 1915 ιξ
2189 1849 2332 1920 ὁρῶν
2351 1850 2457 1904 τῶν
2484 1848 2664 1901 αὐτῶν
2694 1848 2887 1919 ἐκείνῳ
2918 1847 3256 1919 ῥηγνύμενος
3276 1864 3290 1879 °
3323 1849 3387 1902 ού
3413 1848 3685 1911 τοσοῦτος

2106 1940 2152 1993 δ’
2183 1938 2258 1994 ὣν
2287 1941 2350 1993 ἐκ
2379 1939 2572 2009 πηγῶν
2601 1939 2784 2001 εὐθὺς.
2815 1940 2930 1993 ἀλλ’
2969 1934 3063 1994 οὖν
3098 1941 3156 2004 ὲς
3190 1940 3251 1993 τὺ
3289 1932 3554 2001 κάταντες
3582 1939 3687 1992 ἰῶν
3786 1931 3791 1935 ’

2108 2035 2203 2087 καὶ
2234 2034 2417 2097 ἄλλοις
2457 2034 2778 2103 χειμάρροις
2814 2033 2873 2085 τὸ
2904 2034 3084 2104 ῥεῦμα
3117 2032 3465 2103 κοινούμενος
3499 2033 3593 2086 καὶ
3620 2035 3689 2094 ἐς

2109 2124 2407 2195 Βαρδάριον
2450 2122 2871 2192 μετατιθέμενος
2903 2121 3143 2192 τοῦνομα
3193 2124 3290 2194 ἢδη
3346 2124 3438 2175 καὶ
3493 2122 3689 2178 ναυσί-

2110 2232 2273 2283 πορος
2302 2215 2472 2269 ἐνίοτε
2506 2216 2602 2269 καὶ
2642 2214 2855 2286 ἐνιαχοῦ
2891 2216 3234 2269 καθίσταται.
3284 2214 3546 2270 Ἐνταῦθα
3584 2217 3691 2269 καὶ

2109 2307 2201 2362 τοῦ
2232 2309 2418 2377 ρηγδς,
2447 2299 2490 2375 ᾧ
2523 2305 2815 2378 Τριϐαλλοὶ
2846 2308 3047 2369 πάντες
3078 2307 3304 2361 ἕπονται
3330 2306 3422 2359 καί
3449 2308 3500 2359 oi
3535 2306 3690 2376 μάλα

2110 2399 2421 2465 ὑπείκουσι,
2462 2402 2527 2472 τῇ
2581 2400 2822 2470 πενθερᾷ
2866 2400 3293 2469 ἐντυγχάνομεν,
3348 2402 3414 2469 τῇ
3466 2399 3691 2466 εύγενεῐ

2111 2491 2479 2562 Καισαρίσσῃ,
2500 2524 2509 2529 -
2531 2489 2775 2554 σύμϐολα
2804 2492 2904 2563 τῆς
2945 2491 3097 2544 ἔνδον
3126 2490 3471 2559 όδυνωμένης
3498 2490 3690 2559 ψυχῆς

2110 2585 2234 2648 τοὺς
2285 2583 2582 2653 πενθίμους
2611 2584 2972 2656 περικειμένῃ
3005 2584 3256 2654 χιτῶνας.
3302 2578 3413 2636 Ἦν
3446 2581 3554 2652 γὰρ
3584 2582 3688 2633 ἐπὶ

2110 2676 2290 2742 νεαρῷ
2315 2673 2406 2726 καὶ
2436 2671 2740 2738 ἀκμάζοντι
2766 2675 3148 2746 συγκεχυμένη
3169 2673 3247 2743 τῷ
3278 2673 3442 2726 πάθει
3466 2688 3482 2705 ’
3512 2666 3556 2740 ᾧ
3582 2672 3689 2724 καὶ

2112 2768 2251 2820 πάνυ
2292 2784 2371 2819 τοι
2413 2766 2674 2835 πλείστην
2729 2766 2830 2836 ἠδη
2883 2769 2990 2821 κάκ
3042 2768 3139 2837 τῆς
3192 2765 3350 2838 ἡμῶν
3403 2765 3528 2827 θέας
3579 2762 3688 2833 τὴν

2113 2858 2289 2930 ῥοπὴν
2317 2857 2580 2911 δεδωκυῖα
2611 2857 2708 2925 ὃλη
2743 2857 2960 2926 θρήνων
2988 2857 3083 2911 καὶ
3111 2855 3220 2909 τῶν
3246 2855 3494 2925 δακρύων
3523 2852 3689 2916 αὖθις

2110 2949 2381 3017 ἐγίγνετο.
2414 2948 2585 3016 συχνὰ
2628 2948 2975 3017 ὲπιϐοωμένη
3005 2948 3096 3001 τὸν
3121 2947 3356 3016 σύζυγον
3400 2947 3680 3015 Καίσαρα,

436 3030 694 3085 omnibus
732 3029 897 3085 bonis
933 3031 1286 3100 undiquaque
1322 3030 1609 3085 refertum.
1656 3031 1850 3109 Pectus
1882 3031 2004 3100 ejus

2113 3042 2197 3094 τὶν
2236 3039 2444 3094 πολλῶν
2473 3038 2737 3109 βασιλέων
2769 3040 3031 3108 συγγενῆ.
3075 3039 3168 3092 τὸν
3194 3038 3380 3100 καλὸν,
3423 3042 3512 3090 τὸν
3542 3053 3684 3106 χρυ·
3708 3084 3721 3089 -

440 3134 590 3175 mare
614 3120 989 3176 calamitatum
1032 3130 1173 3185 erat,
1209 3122 1355 3175 oculi
1402 3121 1583 3176 fontes
1616 3122 2006 3193 lacrymarum,

437 3222 663 3283 totaque
708 3213 962 3268 moiroris
1011 3212 1272 3268 ﬂuetibus
1324 3214 1702 3284 mergebatur,
1757 3215 1809 3269 in
1866 3223 2007 3270 terra

437 3306 653 3361 deserta
685 3315 741 3361 et
769 3305 943 3361 aliena
990 3315 1069 3371 et,
1107 3317 1166 3359 ut
1205 3306 1277 3359 ita
1317 3306 1519 3370 dicam,
1552 3306 1619 3361 ad
1652 3307 1875 3362 ﬂumina
1907 3308 2010 3362 Ba-

449 3398 687 3470 bylonis,
722 3398 987 3453 destituta
1014 3398 1081 3452 ab
1110 3398 1325 3461 amicis,
1355 3398 1698 3467 parentibus,
1738 3400 2009 3470 cognatis,

441 3490 818 3560 popularibus,
852 3490 1106 3545 omnibus
1134 3489 1372 3560 denique
1403 3490 1588 3557 rebus,
1620 3507 1740 3561 qua-
1766 3492 2008 3546 animum

438 3583 589 3654 gravi
637 3583 863 3639 tristitia
909 3598 1231 3653 oppressum
1271 3582 1649 3637 consolantur.
1690 3602 1709 3635 ι
1761 3583 1892 3648 Cur,
1931 3585 2013 3638 in-

440 3676 686 3746 quiebat,
716 3676 770 3730 in
806 3675 1107 3731 acerbitate
1136 3675 1321 3729 lumen
1357 3677 1537 3741 datur,
1570 3684 1625 3730 et
1653 3676 1868 3731 afﬂictis
1889 3670 2009 3730 σ’ἱιί-

442 3769 546 3823 mis
572 3769 682 3847 vita
711 3769 728 3798 ί
757 3768 781 3820 ?
819 3787 836 3818 ι
878 3765 1002 3820 Haec
1033 3778 1085 3819 et
1116 3764 1169 3819 id
1201 3781 1377 3836 genus
1408 3767 1515 3821 alia
1546 3766 1738 3821 (licens
1773 3767 2013 3821 laniabat
2076 3772 2083 3777 '

439 3875 607 3932 genas
630 3869 685 3913 et
708 3857 991 3926 sanguinis
1018 3857 1163 3911 rivos
1192 3856 1468 3926 unguibus
1492 3858 1770 3924 eliciebat,
1800 3868 2009 3913 tantum

440 3967 550 4007 non
598 3966 686 4004 res
726 3949 1054 4002 inanimatas
1084 3945 1149 4002 ad
1200 3948 1445 4003 dolorem
1479 3958 1533 4003 et
1567 3950 1835 4021 luerymas
1860 3968 2012 4006 com-

444 4058 691 4098 movens.
718 4039 829 4095 Nos
860 4048 1040 4093 autem
1070 4039 1408 4093 consolando
1437 4050 1492 4093 et
1523 4040 1796 4095 monendo
1819 4043 2013 4097 sedare

442 4135 690 4191 dolorem
724 4134 845 4204 ejus
875 4147 941 4187 ac
971 4132 1123 4186 velut
1169 4132 1444 4186 ﬂammam
1483 4149 1621 4201 aqua
1656 4133 2010 4203 exstinguere

2116 3132 2264 3199 σοῦν,
2300 3132 2391 3185 τὸν
2412 3131 2638 3200 γλυκὺν,
2671 3131 2765 3186 τὸν
2803 3132 2970 3184 πᾶσιν
3001 3131 3227 3197 ἀγαθοῖς
3256 3127 3682 3200 περιϐρίθονταο

2113 3224 2392 3279 θάλασσαν
2438 3220 2549 3296 εἶχε
2598 3224 2896 3295 συμφορῶν
2944 3224 3042 3293 τὴν
3097 3223 3323 3293 καρδίαν
3375 3222 3467 3275 καὶ
3499 3220 3687 3287 πηγὰς

2111 3319 2363 3391 δακρύων
2411 3319 2537 3382 τοὺς
2568 3315 2911 3386 ὀφθαλμούς·
2964 3316 3058 3370 καὶ
3105 3315 3237 3384 ὅλην
3284 3311 3689 3367 κατεϐάπτισεν

2114 3412 2311 3483 ἑαυτὴν
2340 3413 2451 3473 τοῖς
2484 3410 2592 3463 τῶν
2624 3409 2857 3480 θλίψεων
2889 3408 3151 3478 κύμασιν,
3178 3408 3236 3460 ὲν
3260 3410 3332 3478 γῇ
3365 3406 3557 3476 ἰρήμφ
3588 3404 3690 3456 καί⁵

2113 3504 2375 3575 ἀλλοτρία
2411 3502 2507 3556 καὶ
2539 3500 2633 3554 ὲπὶ
2662 3501 2960 3572 ποταμοὺς,
2993 3500 3069 3565 ῶς
3100 3502 3298 3566 εἰπεῖν,
3338 3497 3685 3561 Βαϐυλῶνος,

2113 3593 2317 3664 ἔρημος
2336 3591 2529 3660 φίλων,
2554 3590 2784 3657 γονέων,
2811 3588 3111 3658 συγγενῶν,
3141 3587 3367 3658 ἔσχατον
3395 3585 3687 3655 ὁμοφύλων

2114 3681 2441 3753 ἀνθρώπων,
2488 3682 2707 3735 πάντων
2741 3679 2876 3750 ὁμοῦ
2920 3679 3032 3732 τῶν
3066 3680 3168 3732 ὅσα
3210 3676 3478 3745 δεξιοῦται
3506 3673 3685 3745 ψυχὴν

2115 3774 2592 3845 κατενηνειγμένην
2628 3758 2733 3827 ὑπὸ
2762 3773 3001 3841 σφοδρᾶς
3037 3771 3277 3835 ἀθυμίας
3296 3786 3312 3801 ’
3357 3788 3377 3820 ι
3405 3770 3524 3823 Ἵνα
3550 3769 3629 3831 τί,
3657 3785 3677 3819 ι

2114 3871 2371 3938 λέγουσα,
2425 3887 2443 3920 ι
2475 3868 2685 3921 δέδοται
2714 3869 2829 3928 τοῖς
2853 3866 2912 3918 ὲν
2944 3866 3139 3936 πικρίᾳ⁵
3167 3863 3304 3933 φῶς,
3338 3862 3453 3933 ζωὴ
3484 3860 3540 3914 δι
3562 3862 3688 3923 ταῖς

2113 3961 2171 4012 ὲν
2196 3949 2659 4024 όδύναιςὶῐιυχαίςς
2706 3972 2724 4005 ι
2763 3951 2947 4007 Ταῦτα
2976 3952 3068 4005 καὶ
3096 3952 3166 4006 τά
3207 3951 3416 4014 τούτοις
3446 3949 3687 4017 ἑπόμενα

2114 4050 2350 4115 λέγουσα
2379 4046 2690 4115 ἐσπάραττε
2722 4045 2818 4105 τὰς
2864 4044 3101 4114 παρειὰς
3129 4046 3225 4099 καὶ⁸
3264 4042 3476 4112 ῥύακας
3504 4039 3689 4093 ἐντεῦ-

2116 4145 2205 4195 θεν
2237 4140 2482 4207 αἱμάτων
2510 4136 2717 4206 ὲτρύγα
2744 4136 2928 4201 ὄνυξι·
2967 4137 3253 4204 μονονουχὶ
3292 4133 3387 4188 καὶ
3415 4132 3514 4195 τάς
3545 4131 3690 4200 ἀψύ-

442 4227 801 4290 couabamur,
834 4225 963 4280 hinc
991 4225 1234 4295 optimus
1266 4226 1415 4279 illius
1447 4223 1635 4286 frater,
1673 4226 1827 4279 illine
1868 4227 2008 4297 lega-

2116 4248 2243 4301 χους
2282 4232 2451 4283 ἐκίνει
2484 4229 2674 4298 φύσεις
2702 4230 2783 4292 είς
2812 4230 3045 4300 Ορήνους
3079 4229 3173 4282 καὶ
3198 4227 3430 4297 δάκρυα.
3472 4224 3689 4278 Ἐντεῦ-

446 4319 613 4376 tionis
647 4319 887 4389 collegae,
919 4334 1066 4371 nunc
1098 4333 1223 4386 ego,
1261 4333 1409 4371 nunc
1444 4318 1665 4388 singuli,
1703 4335 1850 4373 nunc
1892 4322 2008 4374 uui-

2119 4304 2224 4372 θεν’
2280 4319 2459 4386 λόγοις
2518 4319 2679 4387 ἡμεῖς
2749 4316 3103 4387 ἐπειρώμεθα
3185 4312 3687 4385 παραμυθητικοῖς,

452 4412 588 4467 γει·θί
620 4428 634 4464 :
666 4415 843 4465 donec
869 4410 1088 4464 tandem
1118 4409 1427 4472 eﬂecimus,
1456 4420 1515 4462 ut
1551 4411 1869 4476 respiraret,
1906 4428 2008 4465 non

2121 4408 2374 4483 καθάπερ
2416 4411 2588 4472 ὕδατι,
2623 4410 2721 4479 τῆς
2773 4409 2963 4478 ὀδύνης
3012 4409 3291 4461 σϐεννύειν
3333 4407 3433 4474 τὴν
3476 4405 3689 4473 φλόγα,

442 4500 666 4572 quid-nt
701 4500 941 4567 penitus,
965 4506 1020 4553 et
1050 4505 1109 4551 ut
1139 4513 1240 4550 nos
1270 4499 1502 4552 maxime
1538 4498 1885 4568 optabamus.
1918 4501 2008 4554 sed

2116 4503 2268 4556 ἐνθεν
2322 4504 2420 4572 μὲν
2450 4505 2476 4555 ὁ
2510 4501 2667 4554 πάντ’
2712 4500 2935 4570 ἄριστος
2981 4500 3151 4566 αὐτῆς
3196 4498 3444 4566 ἀδελφὸς,
3479 4498 3694 4549 ἐκεῖθεν

442 4596 630 4659 aliquo
682 4594 845 4647 modo
907 4601 1109 4647 tamen.
1173 4588 1304 4643 Erat
1351 4590 1498 4643 enim
1549 4589 1751 4658 alioqui
1814 4591 2008 4644 mulier

2115 4597 2159 4649 δ’
2204 4597 2254 4648 οί
2292 4594 2689 4665 συμπρέσϐεις,
2737 4594 2830 4646 καὶ
2863 4591 2958 4644 νῦν
2996 4593 3093 4660 μὲν
3124 4589 3258 4658 ἐγὼ,
3293 4589 3388 4642 νῦν
3417 4590 3463 4642 δ’
3505 4588 3694 4642 αὐτῶν

442 4688 712 4749 omnium,
748 4672 1106 4755 quascunque
1143 4695 1275 4737 aetas
1327 4692 1513 4737 nostra
1561 4683 1719 4745 vidit,
1767 4684 2008 4751 pruden-

2120 4687 2375 4751 ἕκαστοί,
2417 4686 2510 4739 νῦν
2541 4686 2585 4738 δ’
2620 4683 2755 4755 ὁμοῦ
2805 4683 3037 4746 πάντεςο
3075 4682 3215 4736 ὥστε
3262 4684 3356 4735 καὶ
3389 4682 3695 4749 ἀναφέρειν

444 4781 678 4849 tissima,
706 4790 759 4835 et
791 4779 854 4832 ad
904 4779 1193 4833 celerrime
1224 4776 1581 4846 intelligenda
1624 4776 2008 4847 concipienda-

2121 4781 2217 4843 ὀψὲ
2259 4756 2603 4842 πεπείκαμεν
2648 4778 2875 4846 ταύτην,
2929 4776 2990 4830 οὐ
3037 4776 3235 4838 τελέως
3287 4775 3406 4845 μὲν,
3457 4774 3567 4828 οὐδ’
3616 4773 3698 4837 ὡς

442 4889 549 4942 que
577 4874 760 4925 animo
793 4886 853 4923 ea
883 4884 1006 4938 quae
1036 4868 1161 4937 quis
1191 4868 1245 4920 in
1286 4878 1529 4937 tempore
1560 4877 1705 4921 recte
1734 4867 2008 4931 suaderet,

2128 4872 2271 4942 μάλα
2311 4874 2442 4942 ἡμῖν
2481 4871 2547 4923 δι’
2577 4871 2817 4938 ἐφέσεως
2852 4864 2943 4939 ἦν,
2980 4868 3324 4921 πεπείκαδεν
3349 4866 3396 4920 δ’
3436 4865 3550 4920 οὖν.
3579 4860 3697 4917 Ἶιν

442 4965 608 5034 382
675 4961 959 5033 ingenium
1018 4958 1258 5013 habebat
1315 4958 1810 5028 promptissimum.
1873 4959 2008 5013 Tum

2124 4965 2232 5032 γάρ
2264 4980 2381 5024 πως
2425 4963 2517 5014 καὶ
2567 4961 2740 5023 ἄλλως
2789 4962 2822 5031 ἠ
2876 4959 3014 5028 γυνὴ
3056 4959 3323 5021 συνέσεως
3353 4958 3566 5029 ἥκουσα
3596 4960 3701 5010 ἐπὶ

443 5056 634 5122 igitur,
689 5054 846 5107 nobis
901 5065 1121 5122 quoque
1171 5050 1442 5122 quidquid
1493 5051 1560 5106 ad
1621 5052 2008 5107 consolandum

2128 5053 2422 5123 μέγιστον,
2468 5052 2669 5114 ὁπόσας
2726 5052 2753 5103 ὁ
2814 5050 2932 5104 καθ’
2989 5049 3133 5120 ἡμᾶς
3174 5047 3385 5117 βόσκων
3441 5048 3697 5102 τεθέαται

520 5191 535 5220 ¹
570 5188 672 5245 Joh
701 5204 783 5254 ιιι,
814 5189 904 5243 ‘20.

1780 5284 2117 5345 \‘ariorum
2154 5290 2342 5344 notas.

2118 5417 2173 5463 et
2200 5405 2419 5474 Scupos,
2456 5406 2707 5459 eamdem
2739 5406 2927 5458 urbem
2958 5419 3102 5468 esse,
3156 5404 3304 5458 inter
3337 5417 3688 5474 omnesigeo-

445 5472 687 5536 vitim'iu
722 5481 979 5535 Pandecte
1010 5482 1246 5543 Tunica,
1281 5472 1477 5533 H.169.
1512 5480 1743 5533 liL'CANG.
2117 5472 2352 5545 graphus
2407 5485 2638 5528 constat.
2679 5476 2811 5528 Vide
2865 5474 3077 5533 Ortclii,
3135 5473 3473 5545 Mei-caloris,
3532 5472 3693 5545 Sani-

524 5551 634 5619 (48)
671 5550 783 5605 Non
815 5554 1066 5620 rougruit
1107 5542 1579 5620 liacc’geographia
1616 5564 1740 5602 eum
1780 5548 2013 5620 rbodtcr-
2116 5542 2294 5620 sonis,
2347 5546 2533 5599 Brittii
2591 5556 2643 5599 ct
2697 5545 2928 5598 aliorum
3005 5543 3220 5618 tabulas
3272 5542 3689 5613 geograpiiicas.

452 5617 542 5692 [iis
578 5622 799 5692 tabulis,
830 5617 949 5692 que
992 5623 1194 5690 Srupos
1227 5617 1419 5692 urbem
1453 5621 1611 5692 longe
1659 5619 1889 5692 ali_Aa_:io
1916 5635 2012 5692 seu
2120 5617 2333 5670 Bonas.

450 5690 713 5743 Bardario
740 5689 959 5745 ﬂumine
988 5689 1218 5763 positam
1243 5689 1523 5745 exhibent.
1584 5690 1744 5757 Atqui
1798 5689 2011 5757 Sropia,

1364 5785 1405 5813 δ

522 5412 632 5479 (47)
670 5409 805 5465 Vide
854 5411 1074 5465 easdem
1128 5411 1295 5464 Notas
1344 5426 1465 5479 pag.
1498 5409 1623 5462 297.
1657 5418 1706 5461 (ιι
1747 5409 2013 5462 Leuuc'la-
