3966 6210
241 295 330 360 559
493 293 566 364 [Α.
603 309 659 390 ⁵ο.
707 295 842 350 I232
873 313 936 350 AD
976 295 1132 366 l3'28]
1212 299 1662 359 nt'zItNTtNxE
1699 297 2083 356 HISTORIE
2130 298 2269 357 LIII,
2319 298 2481 357 Vlll.
2561 291 2700 364 tum
2749 307 3026 346 nouom.
3070 291 3215 362 sm]
3364 293 3466 355 5‘0

239 423 441 480 χρονοςο
492 412 628 464 ἀλλὰ
679 414 744 481 δὴ
793 416 883 467 καὶ
920 415 1158 478 ξυνιέναι
1215 415 1451 480 ὀξύτατα
1515 414 1612 466 καὶ
1665 412 1790 464 νοῦν

1904 415 2200 481 pertineret
2249 414 2630 473 afferentibus.
2689 417 2962 484 planctum
3005 413 3226 482 quidem
3280 423 3337 468 et
3392 413 3470 466 la-

240 504 482 564 ἐνθέσθαι,
516 506 570 558 cf
593 523 675 567 τις
720 507 779 556 ἐν
829 508 1004 578 καιρῷ
1053 507 1412 576 συμϐουλεύοι
1461 505 1527 558 τὰ
1567 507 1778 573 καίρια,

1901 521 2111 575 erymas
2137 506 2474 574 compcscuit
2504 523 2517 558 :
2551 507 2771 558 animus
2813 521 2942 558 vero
2981 507 3100 574 ejus
3126 505 3197 559 ob
3241 507 3467 560 calami-

239 594 365 660 δεινὴ
405 595 622 647 πάντων
659 597 882 663 μᾶλλον.
919 597 1028 650 Καὶ
1080 597 1142 666 δὴ
1177 600 1270 649 καὶ
1313 597 1426 649 τόθ’
1452 595 1606 666 ἡμῶν
1641 612 1784 664 χρω-

1897 597 2016 650 tatis
2065 596 2498 664 magnitudinem
2537 597 2742 650 nullam
2798 597 3228 650 consolationem
3265 596 3463 648 admit-

238 685 396 752 μένων
427 688 600 740 ὁπόσα
633 689 802 757 ἐχρῆν
849 692 927 751 είς
959 689 1311 759 παραμυθίας
1341 690 1517 756 λόγον,
1559 687 1652 740 τοῦ
1688 687 1786 756 μέν

1893 690 2063 741 tebat.
2093 687 2197 741 Sed
2235 688 2416 756 capite
2444 689 2630 740 manui
2663 689 2920 756 imposito
2943 704 3135 741 omnes
3160 703 3356 741 sensus
3394 688 3459 740 ad

214 779 617 846 ,σπαράττεσθαι
648 778 732 852 [Ρ.
763 779 892 850 255]
921 783 1012 833 καὶ
1065 781 1322 852 δακρύειν
1371 782 1622 848 ἐπεῖχενυ
1656 780 1686 848 ἡ
1727 777 1780 830 δέ

1887 761 2054 831 animi
2085 778 2411 846 penetralia
2458 779 2750 832 revocabat
2783 795 2800 841 ;
2831 795 2894 832 ac
2947 780 3125 852 mariti
3164 781 3453 843 imaginem

231 869 356 939 ψυχὴ
399 871 564 937 αὐτῆς
600 851 912 939 ἀτέηνήνατο
945 873 1032 926 διὰ
1078 873 1137 925 τὸ
1174 851 1274 941 τῆς
1296 875 1580 942 συμφορᾶς
1613 872 1781 939 ὑπερ-

1894 869 1990 922 sibi
2027 869 2127 936 ipsi
2166 869 2401 923 subinde
2436 869 2699 936 efﬁngens
2736 880 2790 923 et
2827 870 2894 922 it?
2916 851 3159 922 animum
3198 886 3460 922 revocans

232 961 404 1011 ϐάλλον
436 962 895 1031 παρακληθῆναι·
922 963 1040 1017 ἀλλ’
1074 968 1167 1018 ἐπὶ
1189 965 1288 1033 τῆς
1323 965 1502 1028 δεξιᾶς
1526 966 1782 1033 ἐρείσασα

1894 978 1949 1015 ac
1999 963 2238 1016 fortuna;
2285 964 2574 1032 praesentis
2607 973 2810 1016 statum
2847 971 3129 1029 reputans,
3163 972 3274 1016 tota
3309 963 3460 1030 cogi-

229 1053 312 1119 τὴν
344 1053 582 1120 κεφαλὴν
622 1055 752 1116 ὅλας
777 1057 1017 1123 συνῆγεν
1042 1058 1192 1116 ἐντὸς
1216 1059 1313 1119 τὰς
1333 1058 1615 1124 αἰσθήσεις
1637 1058 1692 1118 ἐς
1714 1057 1780 1109 τὰ

1891 1054 2192 1108 Iationibus
2229 1055 2379 1109 hisce
2411 1055 2788 1124 occupabatur
2818 1063 2874 1108 ct
2911 1071 3096 1107 secum
3149 1054 3310 1106 tacite
3345 1063 3457 1106 tum

225 1147 308 1210 τῆς
337 1143 575 1206 διανοίας
627 1151 930 1216 μυστήριον
981 1150 1076 1202 καὶ
1129 1151 1302 1219 συχνὰ
1337 1151 1396 1202 τὸ
1435 1149 1655 1202 εἴδωλον
1689 1147 1779 1215 ἐφ’

1889 1146 1985 1199 alia
2015 1149 2289 1210 versabat,
2325 1158 2436 1201 tttm
2471 1156 2529 1200 ut
2553 1163 2715 1215 supra
2749 1147 2946 1201 cedros
2973 1145 3166 1198 Libani
3200 1145 3455 1206 exaltata,

224 1234 400 1300 ἑαυτῆς
429 1237 852 1292 ἁναπλάττουσα
885 1242 977 1292 τοῦ
1023 1241 1256 1306 συζύγου
1307 1242 1399 1294 καὶ
1436 1241 1534 1302 τὰς
1567 1239 1779 1309 ιιταρού⁸

1893 1245 1938 1290 et
1983 1237 2112 1290 liliis
2146 1237 2258 1305 agri
2297 1237 2508 1304 pridem
2550 1237 2822 1297 floridior,
2856 1247 2909 1290 et
2951 1236 3213 1290 felicitate
3266 1250 3459 1286 omnes

224 1340 307 1386 σας
332 1328 496 1395 τύχας
523 1329 904 1383 ἀειακυκλοῦσα
933 1331 1028 1400 ὅλη
1061 1332 1170 1384 τῶν
1190 1332 1464 1399 λογισμῶν
1492 1327 1582 1402 ἦν,
1613 1329 1777 1400 στρέ-

1895 1331 2118 1400 equales
2149 1346 2277 1384 suas
2307 1340 2716 1399 prtetergressa,
2749 1330 2930 1383 subito
2981 1328 3314 1382 concidisset
3362 1327 3461 1379 flo-

220 1432 376 1483 φουσα
405 1419 474 1471 τά
504 1437 562 1471 τε
604 1419 742 1474 ἄλλα
773 1421 866 1474 καὶ
917 1423 1087 1484 ὅπως,
1135 1423 1210 1484 ὡς
1244 1425 1438 1483 εἰπεῖν,
1486 1422 1632 1492 ὑπὲρ
1678 1421 1777 1484 τὰς

1892 1437 2111 1491 remque
2165 1438 2326 1476 suum
2380 1405 2772 1475 miserabiliter
2803 1421 2952 1489 carpi
3003 1431 3060 1473 et
3117 1433 3458 1472 marcescere

219 1505 418 1572 κέδρους
453 1509 733 1576 ὑψωθεῖσα
784 1511 874 1563 τοῦ
915 1513 1150 1566 Λιϐάνου
1187 1515 1280 1566 καὶ
1332 1514 1472 1582 ὑπὲρ
1505 1513 1568 1564 τὰ
1608 1514 1774 1580 κρίνα

1889 1511 2114 1565 videret.
2171 1509 2252 1565 Ob
2301 1511 2416 1566 haec
2468 1510 2637 1581 igitur
2685 1526 2808 1564 cum
2861 1509 3151 1575 profundis
3198 1509 3455 1576 suspiriis

214 1598 479 1666 ἁνθήσασα
538 1601 631 1652 τοῦ
698 1601 871 1670 ἀγροῦ
921 1605 1015 1655 καὶ
1068 1605 1480 1673 ἐνευτυχήσασα
1538 1603 1615 1671 τῷ
1663 1603 1772 1672 βίῳ

1884 1602 2146 1668 gemebat,
2172 1603 2322 1655 velut
2348 1615 2377 1654 e
2413 1616 2608 1670 magno
2634 1602 2854 1655 camino
2875 1602 3193 1655 acerbitatis
3219 1602 3450 1655 interna:

215 1689 396 1757 μᾶλλον
429 1691 688 1753 ἁπασῶν,
724 1695 882 1747 ὅσσαι
916 1695 965 1747 οἱ
997 1697 1135 1766 ὁμοῦ
1180 1697 1386 1766 τράφεν
1437 1695 1519 1764 ἡδ’
1554 1695 1768 1761 ἐγένον-

1884 1694 2055 1747 fumos
2089 1693 2345 1746 evolvens
2377 1690 2654 1746 ferventes
2682 1701 2738 1744 et
2786 1691 3093 1744 flammeos.
3127 1691 3368 1744 Tandem
3395 1699 3450 1744 et

209 1796 262 1831 το
286 1779 410 1848 (49),
451 1775 556 1832 εἶτ’
602 1782 854 1854 ἀπερρύη
903 1763 1044 1853 ταχὺ*
1075 1785 1170 1836 καὶ
1207 1763 1270 1837 τὸ
1315 1763 1774 1846 ἄνθοςέλεεινῶς

1886 1793 2069 1837 nostro
2095 1792 2371 1836 conventu
2404 1782 2550 1836 inter
2576 1781 2695 1837 hazc
2730 1781 3000 1836 dissolqu
3031 1797 3190 1835 suum
3219 1783 3452 1851 quisque

210 1869 299 1924 εἶδε
338 1877 656 1945 κειρόμενον
698 1877 896 1944 ἐαυτῆς
945 1877 1041 1929 καὶ
1088 1877 1285 1946 κομιδῆ
1337 1877 1761 1946 μαραινόμενον.

889 1894 896 1935 :
945 1877 1041 1929 καὶ
1088 1877 1285 1946 κομιδῆ
1337 1877 1761 1946 μαραινόμενον.
1875 1874 2244 1929 diversorium
2275 1872 2455 1942 petiit.

208 1962 484 2030 Ταῦτ’·ἇρα
520 1970 612 2019 καὶ
652 1969 833 2036 βύθιον
880 1969 1160 2033 ἐστέναξε,
1190 1967 1444 2037 καθάπερ
1510 1969 1576 2020 ἐκ
1657 1965 1902 2037 μεγάλης
1963 1964 2199 2032 καμίνου
2273 1963 2374 2032 τῆς
2428 1961 2576 2017 ἔνδον
2625 1961 2858 2032 πικρίας
2909 1963 3151 2025 καπνοὺς
3205 1963 3452 2032 ἀναπέμ-

206 2068 362 2106 πουσα
400 2057 625 2119 ζέοντας
665 2060 761 2112 καὶ
792 2061 1109 2126 φλογώδεις.
1145 2060 1218 2113 Τὸ
1258 2060 1302 2112 δ’
1337 2059 1429 2112 οὖν
1487 2058 1798 2112 τελευταῖον
1832 2057 1890 2110 ἐν
1953 2057 2164 2120 τούτοις
2205 2057 2300 2108 καὶ
2338 2060 2365 2110 ὁ
2399 2056 2666 2126 ἡμέτερος
2721 2054 2997 2111 διελέλυτο
3045 2053 3296 2122 σύλλογος
3351 2057 3445 2106 καὶ

207 2149 280 2216 ἐφ’
313 2144 369 2203 οὗ
408 2154 677 2206 κατέλυεν
709 2155 941 2218 ἕκαστος
973 2156 1420 2232 ἀπηλλαζττομεν.

263 2272 336 2325 H'.
387 2271 629 2341 Ἡμέραι
660 2275 862 2341 μεταξὺ
891 2278 1285 2362 παρερῤύησριν
1314 2276 1446 2330 δέκα
1475 2277 1568 2329 καὶ
1608 2277 1760 2328 ἐπει-

1931 2285 2069 2341 Vill.
2110 2284 2315 2339 Diebus
2345 2283 2562 2336 interim
2597 2279 2784 2336 decem
2827 2281 3033 2344 elapsis
3072 2279 3441 2334 Triballorum

203 2362 356 2432 δήπερ
394 2367 627 2431 ἔγγιστα
661 2367 952 2437 διατρίϐων
991 2365 1058 2440 ἦν
1100 2373 1126 2421 ὁ
1168 2370 1279 2421 τῶν
1312 2370 1632 2440 Τριεαλλῶν
1662 2369 1758 2438 ἄρ·-

1876 2381 2136 2447 irinceps,
2156 2379 2246 2446 qui
2272 2378 2324 2430 in
2341 2374 2587 2443 proximo
2607 2375 3081 2433 versahatur.cum
3101 2380 3296 2425 caetera
3317 2386 3442 2439 per-

204 2468 314 2518 χων,
352 2455 524 2507 τᾶλλα
573 2457 675 2524 τῆς
725 2459 1023 2528 πρεσϐείας
1068 2461 1432 2530 τετελεσμένα
1480 2463 1758 2531 παραδοὺς

1875 2472 2082 2540 :gisset,
2112 2469 2179 2521 de
2202 2468 2403 2536 quibus
2439 2467 2628 2520 eadem
2663 2466 2930 2535 legatione
2962 2463 3211 2532 proximo
3245 2462 3441 2529 ageba-

202 2544 292 2594 τῶν
316 2547 603 2614 πρέσϐεων
643 2552 723 2601 ἐνὶ
769 2553 860 2602 καὶ
906 2551 1126 2606 ἀπιέναι
1161 2552 1420 2614 κελεύσας
1469 2550 1604 2623 ἧκεν
1639 2555 1755 2622 ἅμα

1873 2577 1970 2623 Lur,
1988 2576 2250 2629 responso
2274 2560 2363 2612 uni
2385 2575 2414 2613 e
2440 2559 2630 2624 legatis
2645 2557 2772 2611 dato
2791 2571 2967 2626 eoque
2983 2556 3317 2626 abirejusso,
3332 2571 3439 2607 una

200 2640 396 2698 γυναικὶ
427 2642 973 2710 παραμυθησόμενος
1004 2645 1104 2713 τὴν
1136 2645 1300 2706 αὐτὸς
1339 2645 1534 2696 ἑαυτοῦ
1564 2645 1757 2695 πενθε-

1874 2669 1981 2708 :um
2006 2669 2174 2706 uxore
2194 2652 2258 2706 ad
2279 2667 2497 2706 socrum
2517 2649 2904 2705 consolandam
2922 2649 3162 2703 advenit.
3184 2646 3440 2717 legationi

199 2728 282 2792 ρὰν
327 2732 418 2781 καὶ
479 2733 539 2782 τὸ
592 2734 778 2785 λεῖπον
831 2738 896 2804 τῇ
953 2719 1218 2807 π’ρεσόεία
1276 2736 1750 2806 προσαποδώσων.

1872 2745 2026 2816 Iuoad
2067 2746 2276 2807 reliqua
2318 2744 2720 2798 satisfacturus.
2747 2742 2804 2796 Id
2836 2757 2968 2796 vero
3002 2750 3139 2806 erat,
3175 2751 3234 2794 ut
3257 2741 3438 2794 (Stesa-

196 2819 335 2872 Τουτὶ
365 2823 419 2874 δὲ
462 2819 554 2892 ἦν,
586 2825 912 2894 προπέμψαι
945 2827 1038 2890 ξύν
1067 2844 1130 2896 γε
1157 2830 1346 2898 κόσμῳ
1373 2831 1466 2880 καί
1489 2830 1586 2894 ὅση
1617 2829 1752 2897 ἀνή-

1913 2853 2040 2892 ssam
2075 2835 2376 2890 honoriﬁce
2425 2835 2718 2904 debitaque
2753 2849 2877 2886 cum
2923 2833 3248 2893 reverentia.
3300 2848 3422 2900 par-
3465 2887 3479 2898 ε

195 2927 342 2962 κουσα
369 2915 454 2982 εἴη
502 2915 685 2976 αἰδὼς,
712 2917 871 2969 τοῦτο
899 2910 998 2985 μέν
1029 2920 1124 2971 καὶ
1153 2919 1227 2983 ὡς
1255 2921 1427 2987 αὐτῆς
1458 2921 1586 2988 κηδε
1599 2919 1748 2988 πτὴς.

1874 2929 1944 2983 im
2014 2938 2073 2982 ut
2133 2944 2350 2984 socrum
2393 2943 2572 2991 suam,
2637 2927 2834 2995 partim
2898 2935 2958 2980 ut
3021 2927 3198 2994 magni
3263 2925 3435 2992 ihtpe-

194 3002 328 3055 τοῦτο
355 3005 410 3058 δὲ
444 3010 539 3058 καὶ
569 3007 644 3070 ὡς
680 3009 918 3076 μεγάλου
947 3009 1206 3078 βασιλέως
1239 3014 1456 3080 νύμφην
1491 3012 1626 3083 (50),
1657 3012 1749 3063 καὶ

1861 3023 2048 3076 ratoris
2081 3038 2300 3087 nurum,
2336 3023 2575 3091 denique
2624 3031 2683 3074 ut
2729 3020 2929 3090 insigni
2958 3019 3263 3073 calamitate
3294 3017 3427 3071 ειπε-

193 3097 354 3160 τρέτον
386 3097 466 3160 ὡς
503 3101 631 3166 περὶ
664 3102 729 3150 τὰ
765 3102 954 3168 καίρια
981 3102 1348 3170 δυστυχοῦσαν
1374 3119 1386 3132 ·
1420 3104 1456 3157 ἃ
1479 3105 1636 3158 πάντ’
1690 3105 1748 3156 ἐν

1869 3124 1990 3165 :tam
2019 3112 2394 3166 comitaretur.
2425 3111 2556 3173 Quae
2587 3111 2768 3164 omnia
2794 3110 2989 3179 exiguo
3025 3118 3268 3178 tempore
3300 3125 3435 3162 eon-

196 3181 366 3252 βραχεί
394 3189 781 3257 ἱιεπεπρὰχει,
814 3190 886 3250 ὡς
925 3191 1024 3258 μὲν
1055 3189 1248 3261 ἐκείνῳ
1294 3193 1490 3257 ἐδόκει,
1523 3195 1704 3254 καλῶς
1729 3210 1745 3226 ο

1863 3203 2014 3266 fecit;
2047 3213 2104 3256 ttt
2154 3204 2267 3272 ipse
2315 3202 2478 3273 383
2520 3203 2769 3272 putabat.
2803 3203 3064 3272 pulchre;
3111 3201 3206 3255 sed
3240 3217 3429 3255 revera

192 3279 243 3343 τῇ
268 3276 555 3348 δἀληθείᾳ
585 3280 765 3350 πολλῷ
795 3281 888 3360 τοῦ
920 3283 1130 3346 δέοντος
1149 3285 1365 3345 ἐνδεῶς.
1397 3285 1541 3338 Ἀλλ’
1570 3287 1619 3338 οί
1654 3286 1746 3338 πί-

1870 3296 2081 3357 ιιιιΙυιιιι
2147 3294 2289 3347 infra
2351 3295 2694 3363 dignitatem.
2753 3295 2976 3355 Verum,
3025 3303 3085 3347 ut
3144 3292 3436 3362 proverbio

194 3367 351 3436 θηκοι,
387 3375 548 3438 φησι,
583 3373 962 3440 πιθηκίζοντες
995 3378 1088 3429 καί
1118 3378 1167 3430 oi
1204 3377 1492 3447 μύρμηκες
1523 3396 1746 3448 μυρμη-

1868 3385 2073 3448 licitur,
2104 3385 2276 3438 simiae
2298 3385 2606 3449 simiarum,
2637 3384 2880 3438 formica:
2907 3384 3258 3436 formicarum
3285 3399 3434 3438 more

191 3460 411 3526 κίζοντες
437 3465 510 3516 τὰ
537 3466 688 3531 σφῶν
717 3468 962 3520 ποιοῦσιν
997 3471 1175 3524 αὐτῶν
1199 3487 1211 3501 °
1247 3473 1294 3523 εί
1325 3473 1381 3524 δέ
1412 3473 1486 3542 μὴ
1536 3475 1632 3525 καὶ
1679 3474 1748 3525 τὰ

1870 3493 1978 3530 :uas
2023 3493 2112 3530 res
2161 3476 2570 3530 administrant.
2609 3476 2761 3542 Quod
2815 3475 2858 3529 si
2894 3474 3202 3541 aquilarum
3235 3483 3291 3526 et
3325 3474 3436 3526 leo-

191 3556 352 3606 ἀετῶν
379 3560 470 3609 καλ
501 3559 604 3610 ὅσα
637 3561 851 3612 λέουσιν
885 3561 1050 3630 ἔθιμα
1082 3563 1356 3625 δύνανται,
1395 3565 1468 3635 μὴ
1513 3568 1573 3617 οὐ
1609 3567 1746 3635 πρὸς

1870 3581 1978 3619 tum
2032 3568 2138 3620 ritu
2187 3566 2333 3619 haud
2379 3575 2630 3634 possunt,
2664 3566 2714 3618 id
2761 3567 2812 3617 in
2848 3580 3034 3618 earum
3071 3572 3336 3631 potestate
3366 3563 3436 3616 si-

192 3647 356 3698 αὑτῶν
386 3650 449 3700 ἂν
483 3649 707 3722 ὑπάρχῃ
739 3654 886 3704 τουτὶ
936 3654 1232 3725 φαυλότητι
1263 3657 1476 3725 φύσεως
1509 3659 1746 3728 ἀρχῆθεν

1867 3674 1962 3710 υιη
2000 3673 2107 3709 non
2139 3667 2242 3720 est,
2270 3673 2393 3726 quae
2428 3667 2678 3710 naturam
2709 3656 2977 3722 alijectam
3002 3654 3070 3708 ab
3107 3654 3264 3707 initio
3311 3670 3433 3708 sor-

194 3741 672 3812 συντεθραμμένων
707 3747 799 3801 καὶ
844 3747 1086 3817 ἀπουσία
1117 3749 1210 3800 τοῦ
1246 3746 1306 3802 εὖ
1337 3768 1394 3802 τε
1427 3753 1518 3802 καὶ
1552 3768 1746 3818 τεταγ-

1874 3750 1960 3800 itze
1987 3760 2042 3801 et
2075 3747 2297 3816 ingenio
2340 3747 2481 3800 bene
2508 3762 2572 3800 ac
2610 3747 2711 3799 rite
2745 3762 2837 3799 eas
2883 3747 3236 3798 ntotleraturo
3265 3743 3435 3797 desti-

193 3831 350 3897 μέ·.ως
379 3837 762 3905 ἠνιοχήσοντος
783 3839 1068 3908 λογισμοῦ.
1100 3837 1177 3893 Ἦ
1205 3843 1366 3910 σοφὸς
1397 3838 1466 3912 ἦν
1488 3844 1576 3912 ἄρ’
1607 3846 1746 3896 ἐκεῖ·

1861 3849 1976 3893 utre
2000 3839 2382 3893 adoleverunt.
2411 3837 2589 3903 Quare
2624 3839 2843 3906 sapiens
2886 3837 2975 3890 ille
3009 3837 3132 3898 fuit,
3180 3836 3272 3904 qui
3316 3833 3427 3903 pri-

188 3937 281 3986 νος,
313 3925 368 3986 ὃς
397 3928 616 3994 πρῶτον
643 3931 700 3981 ἐν
727 3930 916 4000 γνώμῃ
955 3933 1060 3984 τόδ’
1095 3935 1365 3986 ἐϐάστασε
1402 3937 1497 3988 καὶ
1523 3936 1742 4008 γλώσσῃ

1864 3947 1968 3985 nus
2023 3932 2202 3984 animo
2252 3929 2504 3998 concepit
2537 3938 2592 3982 et
2634 3929 2816 3998 lingua
2867 3927 3163 3996 expressit,
3215 3926 3330 3980 sive
3385 3927 3430 3979 is

187 4009 666 4084 διεμυθολόγησεν,
720 4019 831 4072 εἴτε
882 4021 1061 4091 Θαλῆς
1109 4025 1136 4074 ὁ
1187 4025 1452 4093 Μιλήσιος
1486 4023 1590 4098 ἦν,
1631 4028 1742 4081 εἴτε

1859 4024 2044 4078 l'hales
2089 4021 2330 4076 Milesius
2378 4020 2564 4083 fuerit,
2604 4021 2719 4075 sive
2757 4021 2928 4085 Plato,
2963 4018 3232 4073 Aristonis
3264 4019 3425 4083 filius,

188 4102 392 4156 Πλάτων
419 4108 450 4160 δ
490 4108 834 4174 Ἀρίστωνος,
867 4113 978 4164 εἴτε
1003 4117 1094 4165 καὶ
1119 4115 1306 4184 ἄμφω.
1340 4119 1490 4187 παρὰ
1515 4120 1742 4189 θατέρου

1863 4132 1957 4178 Ieu
1989 4116 2172 4184 potius
2203 4126 2458 4184 uterque,
2493 4116 2565 4168 ita
2603 4125 2663 4168 ut
2701 4114 2839 4168 alter
2882 4113 2950 4166 ab
2990 4113 3164 4167 altero
3203 4125 3429 4180 accepe-

186 4193 358 4263 ἅτεως
389 4200 772 4268 ἐκδεξάμενος,
810 4206 868 4255 τό
902 4205 954 4272 γ’
985 4208 1178 4260 ἑαυτὸν
1221 4211 1550 4280 μακαρίζειν
1584 4214 1743 4267 ἐκθύ-

1857 4210 1956 4263 rit:
1991 4209 2216 4262 Beatum
2243 4222 2364 4261 esse
2391 4222 2534 4268 sese,
2570 4206 2662 4274 qui
2694 4223 2801 4259 non
2829 4205 3126 4266 Barbarus,
3159 4203 3252 4257 sed
3275 4202 3423 4257 Grae-

190 4304 308 4353 μιιις.
362 4291 443 4342 ὃτι
499 4294 574 4360 μὴ
615 4293 893 4366 βάρϐαρος
921 4337 934 4359 ,
983 4300 1101 4351 ἀλλ’
1149 4302 1348 4372 Ἕλλην
1393 4305 1689 4373 γεγένηται
1725 4345 1738 4358 .

1854 4317 1942 4355 cus
1969 4310 2128 4354 natus
2162 4310 2330 4355 esset.
2369 4300 2502 4353 Nam
2544 4312 2598 4353 et
2646 4300 2777 4352 mihi
2825 4299 3031 4367 aliquid
3077 4299 3218 4351 haud
3251 4297 3420 4351 dissi-

196 4377 309 4431 Ἰδοὺ
337 4383 440 4448 γὰρ
473 4387 709 4448 ἐκείνοις
741 4388 1036 4460 ὁμόστοιχα
1085 4391 1265 4458 λέγειν
1297 4395 1455 4464 ἐπῄει
1485 4399 1627 4464 κάμὲ
1657 4399 1741 4466 βέ-

1853 4394 1975 4447 [ιιὶιο
1999 4393 2115 4461 ipsa
2149 4392 2494 4461 experientia
2524 4391 2722 4445 edocto
2757 4392 2810 4445 in
2850 4402 3092 4445 mentem
3116 4391 3286 4444 venit.
3316 4389 3419 4444 Sed

185 4468 434 4558 Carnifex:
467 4475 595 4526 νοῦν
628 4477 690 4528 ἐκ
719 4478 818 4546 τῆς
849 4481 1044 4548 πείρας
1070 4483 1437 4553 ξυνειλοχότα.
1488 4487 1624 4540 Ἀλλ’
1656 4489 1742 4540 ἵνα

1855 4500 1911 4538 ae
1946 4485 2169 4552 longum
2206 4484 2491 4548 faciamus,
2538 4484 2666 4536 illuc
2718 4482 2878 4536 nobis
2928 4482 3269 4537 redeundum
3319 4490 3421 4534 est.

185 4562 246 4630 μὴ
261 4565 338 4615 δια
351 4567 650 4634 τρίὸωμεν,
671 4571 952 4624 ἐπανιτέον
973 4576 1103 4642 ἡμῖν
1126 4577 1303 4628 ἐκείσέ
1323 4578 1494 4631 ἐστιν.
1526 4579 1741 4648 Ἐπειδὴ

1856 4575 1974 4630 lum
2029 4577 2178 4628 enim
2233 4575 2458 4629 domum
2516 4575 2698 4628 redire
2749 4574 3206 4636 instituissemus,
3260 4573 3422 4626 unius

182 4658 274 4720 γὰρ
319 4659 589 4711 ἐπανόδου
642 4658 784 4731 ἦμεν
841 4667 1107 4733 ἡμμένοι,
1159 4671 1374 4738 ἡμέρας
1425 4671 1742 4740 διηνυκότες

1854 4666 1945 4719 1ίυὶ
1986 4667 2088 4720 iter
2123 4669 2396 4736 progressi
2445 4659 2824 4721 discessimus.
2869 4665 3220 4721 Caesarissaa:
3273 4666 3420 4717 enim

184 4746 282 4797 ὁδὸν
303 4747 417 4802 εἶτα
446 4753 925 4830 ἀπαλλαττόμεθα.
944 4761 1020 4830 Τῇ
1058 4762 1154 4829 μὲν
1180 4764 1284 4832 γὰρ
1305 4767 1368 4834 τῇ
1391 4766 1739 4836 Καισαρίετσῃ

1856 4760 2069 4828 Irgcbat
2104 4759 2401 4814 necessitas
2431 4774 2538 4812 una
2578 4775 2701 4812 cum
2735 4760 2948 4812 ceteris
2978 4759 3147 4812 eundi
3186 4757 3422 4810 Thessa-

187 4839 350 4908 σφόξᾷ
382 4845 687 4910 ἀναγκαῖον
715 4843 781 4918 ἦν
811 4849 907 4918 τὴ)
938 4853 992 4914 ἐς
1023 4853 1426 4920 Θεσσαλονίκην
1460 4856 1595 4925 όμοῦ
1626 4861 1740 4918 τοῖς

1861 4852 2118 4915 onicam,
2198 4861 2258 4904 ut
2317 4860 2562 4904 extrema
2634 4851 2881 4921 conjugis
2947 4848 3198 4902 mandata
3265 4863 3423 4902 exse-

181 4926 341 4993 ἇιλοις
369 4934 529 4998 ἰέναι,
565 4936 638 4997 ὡς
670 4939 737 4989 ἂν
783 4941 880 5003 τὰς
915 4942 1225 5003 τελευταίας
1273 4948 1604 5001 ἐπιτελέσειε
1641 4951 1735 5002 τοῦ

1855 4950 2120 5009 lueretur.
2175 4942 2233 4995 In
2287 4951 2534 4997 extremo
2585 4944 2732 4998 enim
2797 4944 2886 4996 ille
2943 4942 3142 5011 spiritu
3195 4942 3421 4995 manda-

178 5021 348 5090 ἀνδρὸς
395 5027 641 5089 ἐντολάς.
691 5032 884 5085 Φθὰκει
935 5037 1042 5105 γὰρ
1084 5040 1289 5100 ἐκεῖνος
1338 5039 1426 5091 ἐπ’
1480 5041 1736 5111 ἐσχάταις

1858 5041 1959 5096 κη,
2033 5041 2090 5084 ut
2141 5049 2298 5086 suum
2340 5035 2571 5088 cadaver
2625 5035 2678 5088 in
2730 5051 2848 5088 eam
2906 5035 3091 5088 urbem
3146 5034 3424 5103 perferre—

177 5130 256 5164 του
281 5116 395 5182 si»;
453 5124 649 5184 πνοαῖς
682 5125 1058 5192 ἐπισκήπτων,
1098 5129 1246 5190 ἐντός
1300 5147 1404 5181 που
1443 5131 1540 5200 τῆς
1583 5135 1737 5200 εἰρη-

1855 5139 1950 5175 .ur.
2005 5122 2132 5176 Mihi
2163 5141 2314 5186 vero,
2377 5141 2500 5178 cum
2531 5126 2796 5194 quidquid
2835 5126 2993 5179 libuit
3039 5126 3421 5179 commendas~

177 5206 326 5276 μένης
363 5213 841 5283 μετακομισθῆναι
877 5219 925 5269 οί
967 5220 1171 5280 πόλεως
1205 5223 1294 5272 τ’.ν
1341 5222 1555 5291 νεκρόν.
1604 5225 1734 5292 Ἐμὲ

1851 5221 1942 5275 set,
1988 5228 2149 5278 quam
2209 5215 2446 5282 primum
2481 5216 2798 5283 Byzantium
2835 5217 2910 5270 ire
2955 5217 3237 5285 permisit,
3296 5215 3417 5266 'l'ri-

174 5294 213 5345 ὁ’
242 5300 372 5369 αὑτὴ
405 5303 518 5354 τῶν
559 5307 698 5356 κατὰ
733 5308 988 5379 βούλησιν
1017 5312 1114 5363 ὅσα
1144 5313 1192 5363 οἱ
1239 5314 1374 5382 πρὸς
1427 5315 1737 5386 βουλήσεως

1850 5303 1983 5356 ballo
2035 5305 2220 5358 nescio
2274 5321 2385 5375 quo
2437 5309 2717 5378 adjuncto,
2761 5312 2853 5379 qui
2888 5311 3044 5364 nobis
3108 5325 3204 5378 per
3259 5324 3416 5377 aspe-

1511 5483 1846 5546 Variorum
1891 5496 2080 5548 notae.

372 5611 655 5686 llotu.0d.
696 5636 766 5674 Iv.
816 5621 1018 5677 BOIVIN.

233 5680 340 5747 (⁵0)
371 5683 505 5738 Erat
550 5699 703 5758 quasi
743 5710 934 5746 nurus.
987 5697 1118 5749 Nam
1156 5698 1503 5758 Andronicus
1549 5705 1734 5762 senior
1775 5722 1894 5763 eam
1937 5725 2160 5765 uxorem
2193 5710 2469 5783 delegerat
2492 5713 2602 5769 ﬁlio
2631 5713 2814 5768 fratris
2844 5713 2950 5770 sui.
2988 5714 3195 5770 Betvut.
