4000 6206
533 340 637 403 57)
817 332 895 406 [Α.
938 346 998 385 ιι.
1032 329 1165 385 679ι
1212 344 1278 382 AD
1322 324 1485 397 6856]

1741 328 1789 387 N
1804 324 2164 386 ICEPHORI
2207 321 2591 385 ϐΗΕΟΟΒίΕ

2841 312 2975 385 (mp.
3012 324 3291 367 axonomc.
3333 305 3480 379 sum]

3676 309 3782 376 580

527 450 713 507 adhuc
748 458 997 518 agentem
1029 445 1223 507 mittit,
1258 442 1349 512 qui
1383 442 1432 494 ei
1463 439 1613 496 urbis
1642 439 1894 509 ingressu
1943 436 2117 491 inter-

2236 434 2348 489 ὅντα
2377 434 2480 505 τὴν
2511 433 2740 503 πορείαν
2775 430 3001 501 πέμπειν
3028 427 3153 490 τοὺς
3187 422 3665 495 ἀπαγορεύσοντας
3690 423 3787 490 τὴν

528 541 733 599 dicant.
756 559 772 590 ι
802 539 1038 599 Etenim,
1059 536 1256 605 inquit,
1278 548 1474 588 novum
1494 531 1545 587 id
1563 530 1784 596 csset,si
1807 538 1912 584 tam
1930 535 2117 598 aperte

536 631 880 700 fmdiliagus,
930 644 1102 697 eaque
1144 627 1344 696 quibus
1380 624 1681 692 respublica
1725 620 1888 691 394
1937 621 2119 688 pereat

535 740 704 794 agens
750 732 805 777 et
843 722 1095 783 moliens,
1123 720 1291 772 latere
1322 723 1551 771 conatus
1585 728 1713 768 suos
1742 713 2062 782 postularet.
2094 728 2111 762 ι

538 818 673 871 Erat
703 825 885 870 autem
920 813 1009 876 iis,
1034 814 1124 882 qui
1157 811 1222 865 ad
1258 811 1409 863 illum
1442 806 1597 862 missi
1629 806 1862 865 iverant,
1894 806 2119 855 manda-

534 917 673 971 tum,
706 916 767 960 ut
796 885 1131 973 coarguendi
1184 898 1303 971 ejus
1338 899 1502 953 animi
1551 912 1714 951 causa
1766 896 2117 949 rcccnserent

536 998 679 1067 apud
711 1011 859 1055 eum,
901 1004 1035 1063 quot
1062 994 1379 1046 occasiones
1408 989 1555 1059 pacis
1585 989 1767 1042 denuo
1794 982 2115 1053 rumpenda

536 1087 881 1157 przebuisset,
914 1094 975 1138 ut
1005 1096 1060 1138 et
1093 1083 1248 1136 irrita
1278 1081 1474 1135 ﬂerent
1525 1096 1610 1141 ca,
1643 1078 1709 1131 de
1743 1076 1944 1145 quibus
1987 1089 2118 1127 con~

537 1187 783 1240 venerat,
813 1185 867 1229 et
897 1174 1298 1229 offensionibus
1326 1173 1479 1229 locus
1506 1179 1674 1223 esset.
1702 1167 1899 1219 Eorum
1933 1174 2116 1218 autem

545 1284 665 1337 quae
692 1266 1120 1321 recensebantur
1138 1278 1348 1316 summa
1384 1262 1653 1315 hacerat.
1684 1259 1948 1320 Primum,
1971 1255 2117 1325 quod

539 1358 909 1427 imperatoriis
943 1355 1311 1424 quaestoribus
1355 1352 1613 1404 omnibus
1672 1348 1957 1418 pecuniam
2012 1346 2116 1401 eri-

540 1447 769 1516 puiSset,
826 1445 983 1513 cujus
1038 1456 1317 1509 nunquam
1371 1441 1543 1509 major
1598 1436 1829 1507 penuria
1896 1436 2114 1494 fuisset,

541 1553 665 1592 cum
691 1553 753 1590 ea
784 1545 975 1589 essent
1000 1544 1268 1601 tempora,
1303 1547 1422 1600 quae
1440 1531 1510 1585 ob
1540 1529 1865 1583 divisionem
1902 1525 2117 1594 imperii

542 1637 792 1696 sumptus
842 1624 1110 1678 maximos
1138 1623 1498 1693 postularent.
1536 1620 1803 1679 Alterum,
1839 1617 1986 1687 quod
2025 1632 2118 1669 ur-

544 1719 709 1773 bibus
737 1717 1057 1787 pracpositos
1086 1718 1153 1769 ab
1196 1730 1299 1768 avo
1346 1713 1605 1783 praesides
1639 1728 1702 1766 ac
1734 1718 2118 1781 procuratores

2219 528 2356 598 πρὸς
2409 528 2470 581 τὸ
2526 525 2816 591 Βυζάντιον
2855 523 3079 577 εἴσοδον.
3137 520 3515 594 «Καινότερον
3572 513 3684 584 γὰρ
3726 511 3790 566 ἂν

2219 618 2329 687 εἴη,
2360 636 2379 670 ι
2422 618 2576 685 φησὶ,
2611 633 2631 667 ι
2660 615 2750 668 τὸν
2801 609 3342 680 άνακεκαλυμμένως
3375 604 3581 658 οὑτωσὶ
3614 619 3793 670 παρα·-

2221 709 2549 763 σπονδοῦντα
2606 708 2702 761 καὶ
2748 702 2831 769 οἷς
2886 704 2951 758 ἂν
3013 703 3083 755 τὰ
3143 701 3298 754 κοινὰ
3351 695 3586 767 φθαρείη
3618 693 3794 747 ταῦτα

2220 798 2532 870 πράττοντά
2598 814 2657 850 τε
2732 795 2828 848 καὶ
2879 787 3429 857 κατασκευαζόμενον
3502 780 3795 834 λανθάνειν

2219 889 2471 954 ἀξιοῦν.»
2512 882 2620 940 Ἦν
2676 886 2733 939 δὲ
2781 886 2893 946 τοῖς
2939 879 3236 951 πεμφθεῖσι
3293 874 3793 942 προστεταγμένον,

2217 978 2509 1045 διεξελθεῖν
2535 977 2621 1030 ἐπ’
2652 974 2819 1031 αὑτοῦ
2876 973 3010 1042 πρὸς
3056 971 3281 1038 ἔλεγχον
3310 968 3407 1035 τῆς
3440 962 3670 1033 γνώμης
3694 962 3795 1017 ναύ-

2217 1067 2333 1132 τοῦ,
2372 1066 2469 1118 καὶ
2509 1066 2633 1117 ὅσαι
2684 1060 2987 1131 προφάσεις
3042 1059 3289 1125 ἐγένοντο
3316 1052 3450 1122 παρ’
3480 1049 3665 1113 αὑτοῦ,
3695 1047 3789 1102 τοῦ

2219 1172 2278 1207 τε
2335 1155 2435 1221 τὴν
2485 1153 2711 1223 εἰρήνην
2742 1150 2897 1211 αὖθις
2931 1149 3027 1200 καὶ
3064 1147 3165 1208 τὰς
3206 1142 3479 1212 συνθήκας
3526 1138 3786 1211 ’λελύσθαι

2222 1246 2314 1298 καὶ
2345 1244 2531 1314 χώραν
2558 1242 2625 1294 τὰ
2677 1239 2951 1293 σκάνδαλα
3012 1239 3182 1305 σχεῖν.
3205 1230 3389 1293 Ἶίσαν
3428 1231 3483 1289 δ’,
3502 1229 3575 1292 ὡς
3606 1230 3662 1280 ὲν
3690 1243 3783 1279 κε-

2222 1336 2440 1406 φαλαίῳ
2472 1335 2647 1388 εἰπεῖν
2691 1332 2805 1386 αἵδε
2827 1346 2843 1363 ο
2874 1330 2974 1400 μία
3007 1331 3127 1398 μὲν,
3164 1327 3246 1379 ὅτι
3273 1326 3391 1378 ὅσοι
3422 1322 3544 1384 τοὺς
3576 1319 3788 1389 βασιλιο

2220 1428 2353 1489 κους
2389 1426 2589 1496 φόρους
2619 1421 3086 1493 δασμολογοῦντες
3113 1413 3254 1488 ἦσαν
3291 1415 3541 1475 ἅπαντας
3594 1408 3789 1463 συλλα-
3854 1464 3859 1467 ,

2219 1517 2329 1571 ὅὼν
2348 1519 2534 1586 ἀφεῖλε
2559 1517 2752 1587 τάχρή
2762 1533 2926 1586 ματα,
2951 1514 3338 1579 σπανιωτέρων
3364 1510 3461 1579 μὲν
3482 1508 3600 1560 εἶπε
3609 1523 3640 1576 ρ
3665 1501 3798 1558 ποτὲ

2218 1606 2314 1660 νῦν
2329 1608 2437 1660 τῶν
2457 1623 2562 1679 χρη
2571 1607 2775 1673 μάτων,
2795 1601 3330 1670 πολυδαπανωτέρων
3342 1599 3397 1650 δὲ
3412 1598 3517 1649 τῶν
3539 1594 3802 1663 πραγμά-

2221 1714 2329 1751 των
2346 1697 2514 1749 ὅντων
2555 1694 2643 1747 διά
2674 1694 2765 1745 τὸν
2791 1692 2890 1760 τῆς
2920 1690 3192 1765 βασιλείας
3246 1685 3529 1757 μερισμόν.
3554 1682 3804 1751 Δευτέρα

543 1810 635 1864 ille
692 1808 987 1878 ignominia
1034 1807 1263 1861 aﬂ'ectos
1312 1807 1557 1873 ejiceret,
1607 1815 1770 1873 atque
1814 1802 1869 1856 in
1925 1813 2119 1856 eorum

2236 1789 2305 1853 δὲ,
2336 1790 2418 1842 ὅτι
2450 1788 2579 1850 τοὺς
2624 1784 3018 1854 πεμπομένους
3049 1780 3283 1849 ἐφόρους
3316 1777 3420 1830 τῶν
3462 1776 3678 1828 πόλεων
3707 1776 3805 1828 καὶ

544 1898 722 1951 locum
760 1910 1122 1965 quoscunque
1179 1896 1226 1948 ci
1284 1895 1497 1949 libitum
1533 1903 1679 1948 esset
1732 1891 2117 1946 substitueret.

524 1988 815 2049 Tertium,
844 1986 990 2055 quod
1023 1985 1344 2045 Cralzenam,
1394 1984 1614 2038 amitam
1647 1998 1800 2038 suam
1836 1992 1894 2037 et
1937 1996 2125 2035 mona-

546 2080 684 2134 stico
717 2078 963 2131 indutam
1000 2078 1216 2141 habitu,
1252 2077 1626 2145 indignantem
1669 2082 1725 2128 et
1756 2073 2120 2127 reluctantem

545 2171 613 2224 ad
669 2172 938 2224 incestum
985 2170 1189 2223 coitum
1243 2167 1621 2237 compulisset.
1677 2164 2030 2220 Accedebant
2072 2169 2125 2216 et

546 2259 668 2312 alia:
694 2274 892 2321 causae.
921 2266 1147 2329 propter
1174 2272 1311 2326 quas
1340 2258 1388 2311 ei
1425 2255 1580 2310 urbis
1609 2256 1859 2326 ingressu
1893 2251 2123 2308 interdi-

547 2354 770 2401 ceretur
829 2367 842 2402 :
910 2347 1156 2416 plurima:
1228 2346 1333 2400 illm
1405 2346 1644 2417 quidem,
1707 2344 1803 2400 sed
1888 2359 1997 2397 non
2049 2343 2126 2400 ita

550 2438 739 2492 lirmat.

1844 2518 1873 2541 Ι

625 2704 741 2761 VII.
782 2703 987 2760 Deinde
1013 2702 1371 2758 clandestinis
1401 2702 1603 2757 litteris
1632 2703 1698 2757 ad
1742 2702 1958 2758 Cralem
2003 2702 2132 2760 Ser-

555 2801 654 2853 xize
685 2797 870 2852 missis
907 2795 1172 2859 auxilium
1211 2795 1281 2849 ab
1306 2811 1374 2850 eo
1408 2795 1563 2865 petit.
1594 2792 1800 2849 Scribit
1832 2805 1887 2849 et
1917 2796 1986 2850 ad
2032 2795 2133 2850 De-

556 2892 813 2946 metrium
852 2888 1136 2957 despotam
1169 2888 1338 2940 tilium
1388 2903 1573 2952 suum,
1612 2886 1706 2956 qui
1748 2895 1863 2940 tum
1895 2887 2134 2941 Thessa-

556 2982 751 3037 lonicae
789 2991 846 3034 et
900 2981 1267 3046 adiacentium
1329 2980 1574 3032 locorum
1626 2994 1815 3031 curam
1873 2977 2069 3048 agebat
2117 2995 2130 3032 :

555 3073 717 3141 eique
750 3071 990 3133 mandat,
1022 3079 1081 3124 ut
1107 3069 1247 3123 duos
1301 3068 1489 3122 fratris
1524 3069 1687 3133 ﬁlios,
1718 3070 1813 3139 qui
1857 3068 2127 3139 Bellegrao
2154 3100 2201 3159 ε

557 3165 644 3218 dis
686 3174 742 3216 et
786 3162 1008 3230 reliqua:
1044 3162 1375 3217 Macedonia:
1419 3172 1709 3231 pra-erant,
1755 3161 2130 3216 Andronicum

558 3252 1040 3323 protovestiarium
1089 3260 1147 3308 et
1197 3253 1513 3308 Micbaelem
1567 3256 1802 3308 Asanem
1861 3253 2133 3323 simulque

559 3344 939 3399 Macedonicas
991 3344 1233 3415 legiones
1294 3360 1480 3400 secum
1538 3346 1699 3417 395
1750 3346 2019 3414 adducat;
2071 3336 2163 3401 ac'

561 3436 795 3505 primum
823 3432 1045 3503 quidem
1089 3434 1463 3491 Macedonicas
1495 3439 1658 3491 urbes
1692 3436 1907 3491 idoneis
1943 3439 2136 3507 prmsi-

561 3527 665 3581 diis
693 3524 923 3588 muniat,
956 3534 1010 3579 et
1047 3540 1142 3578 eos
1179 3540 1393 3588 omnes,
1429 3527 1523 3595 qui
1565 3542 1787 3597 quoquo
1832 3528 1998 3582 modo
2037 3544 2131 3582 su-

561 3616 733 3688 specti
788 3618 921 3679 sint,
959 3628 1244 3671 removeat
1292 3634 1305 3669 :
1359 3617 1560 3672 deinde
1596 3635 1720 3672 cum
1776 3620 2136 3674 auxiliaribus

561 3708 757 3777 copiis,
800 3722 937 3776 quas
991 3705 1180 3761 Crales
1242 3708 1449 3763 Serviat
1506 3710 1776 3764 missurus
1827 3711 1919 3775 sit,
1959 3711 2135 3780 primo

564 3799 788 3869 quoque
853 3808 1100 3866 tempore
1160 3811 1349 3855 contra
1411 3801 1688 3870 juniorem
1747 3802 2133 3872 imperatorem

562 3886 936 3941 Andronicum
1000 3898 1240 3942 moveat.
1286 3889 1563 3944 Caeterum
1613 3891 1837 3956 litterae,
1891 3908 2026 3962 quas
2066 3892 2135 3946 ad

560 3978 777 4034 Cralem
837 3973 1062 4042 Servize,
1116 3980 1185 4033 ad
1222 3979 1528 4050 despotam,
1559 3981 1626 4036 ad
1671 3991 1898 4037 caeteros
1922 3998 2134 4051 omnes,

561 4078 834 4141 quotquot
888 4070 1239 4140 imperatoris
1294 4072 1515 4143 negotia
1565 4075 1620 4127 in
1657 4074 1959 4143 provinciis
2009 4089 2137 4145 pro-

564 4164 855 4229 curabant,
902 4152 1138 4232 scriptas
1171 4180 1293 4220 esse
1328 4165 1587 4229 diximus,
1621 4167 1818 4234 partim
1853 4168 1922 4220 ab
1954 4167 2142 4237 junio-

565 4255 644 4311 ris
668 4256 1014 4328 imperatoris
1063 4256 1334 4311 militibus
1376 4254 1494 4309 vias
1543 4254 1987 4329 custodientibus
2039 4272 2137 4310 ex-

566 4357 740 4417 cepta:
788 4348 964 4414 suntt'
1002 4364 1081 4402 ea:
1135 4348 1420 4414 nimirum,
1457 4362 1579 4417 quae
1611 4346 1818 4402 chartis
1860 4347 2138 4417 inscripta:

2222 1878 2502 1948 διοικητὰς
2521 1876 2747 1945 ἀτίμους
2765 1875 2972 1926 ἐκεῖθεν
2993 1869 3269 1923 ὲκὸάλλων
3289 1866 3595 1931 ἐκπέμπει·
3617 1862 3806 1929 τίθησι

2223 1967 2269 2020 δ’
2294 1968 2409 2019 ἀντ’
2442 1967 2667 2016 ἐκείνων
2695 1962 2856 2023 αὐτὸς
2892 1959 3134 2029 ἐτέρους,
3161 1955 3253 2017 οὒς
3280 1954 3345 2007 ἂν
3390 1952 3587 2005 ἐθέλοι.
3623 1950 3807 2018 Τρίτη

2225 2060 2293 2123 δ’,
2330 2059 2411 2113 ὅτι
2444 2057 2541 2110 καὶ
2570 2058 2670 2125 τὴν
2708 2055 3028 2124 Κράλαιναν
3053 2047 3166 2119 (60)
3208 2049 3417 2117 πατρός
3458 2062 3517 2097 τε
3564 2042 3809 2111 ἀδελφὴν

2230 2146 2397 2204 οὖσαν
2421 2149 2514 2201 καὶ
2550 2146 2843 2217 μοναχικδν
2874 2142 3267 2215 περικειμένην
3296 2142 3481 2208 σχῆμα
3504 2136 3639 2205 πρὸς
3672 2133 3811 2187 ἄθι-

2233 2259 2373 2312 σμον
2428 2239 2679 2302 ὲὸιάζετο
2729 2236 2899 2307 μίξιν,
2948 2231 3444 2302 δυνανασχετοῦσάν
3472 2245 3530 2280 τε
3566 2228 3662 2280 καὶ
3706 2226 3813 2279 οὐκ

2229 2335 2521 2388 ἐθέλουσαν
2569 2330 2762 2398 αὑτήν.
2786 2322 2970 2380 Ἦσαν
3005 2325 3062 2378 δὲ
3097 2324 3231 2396 πρὸς
3252 2321 3478 2381 ταύταις
3500 2321 3593 2373 καί
3617 2319 3813 2388 ἕτεραι

2230 2420 2557 2492 προφάσεις,
2585 2416 2651 2469 δι’
2678 2417 2743 2476 ἃς
2774 2412 3153 2483 ἀπηγορεύετο
3181 2412 3214 2481 ἡ
3257 2412 3391 2479 πρὸς
3419 2410 3477 2462 τὸ
3509 2407 3816 2471 Βυζάντιον

2231 2510 2380 2580 αὺτῷ
2414 2508 2640 2572 εἴσοδος,
2695 2504 2946 2557 πλεῖσται
3009 2501 3108 2571 μὲν
3142 2497 3229 2571 [Ρ.
3263 2495 3415 2568 ειη,
3445 2496 3503 2548 ού
3551 2492 3817 2546 τοσοῦτον

2228 2603 2288 2656 δὲ
2313 2603 2374 2654 τὸ
2408 2600 2623 2671 ίσχυρδν
2654 2598 2895 2667 ἔχουσαι.

2307 2696 2383 2752 Ζ’.
2430 2696 2556 2748 Ἐπὶ
2588 2692 2801 2753 τούτοις
2836 2684 3056 2758 γραφὰς
3099 2682 3473 2744 λανθανούσας
3527 2676 3815 2749 ἐξέπεμψε
3881 2679 3887 2682 ⁴

2235 2790 2372 2858 πρός
2402 2803 2464 2855 γε
2506 2784 2597 2838 τὸν
2642 2780 2871 2852 Κράλην
2915 2776 3149 2847 Σερὸίας
3181 2775 3312 2845 περὶ
3365 2771 3686 2843 συμμαχίας
3719 2771 3820 2825 καὶ

2235 2882 2370 2952 πρὸς
2422 2879 2512 2931 τδν
2561 2874 2758 2945 ἑαυτοῦ
2807 2873 2922 2926 υἱὸν
2974 2871 3294 2941 Δημήτριον
3352 2868 3444 2920 τὸν
3509 2865 3817 2933 δεσπότην,

2237 2969 2668 3037 ἐπιτροπεύοντα
2722 2961 3027 3034 τηνικαῦτα
3073 2957 3488 3026 ’Θεσσαλονίκης
3552 2958 3648 3008 καὶ
3699 2955 3819 3007 τῶν

2237 3063 2397 3131 πέριξ
2429 3099 2444 3122 ,
2513 3054 3072 3129 παρακελευομένας,
3132 3047 3631 3121 συμπαραλαὸόντα
3689 3044 3818 3116 μεθ’
3908 3042 3914 3046 ’

2234 3151 2432 3205 ἑαυτοῦ
2459 3151 2553 3202 καὶ
2595 3150 2719 3211 τοὺς
2756 3147 2848 3199 δύο
2873 3144 3131 3214 ἀνεψιοὺς
3175 3144 3355 3195 ἐκεῖσε
3396 3141 3525 3208 περὶ
3552 3138 3651 3208 τὴν
3690 3140 3819 3191 ὲπιο

2232 3244 2442 3313 τροπὴν
2469 3242 2576 3293 τῶν
2602 3238 2985 3308 Βελλεγράδων
3020 3234 3239 3304 καὶτῆς
3273 3233 3441 3301 ἄλλης
3467 3233 3817 3293 Μακεδονίας

2236 3334 2541 3405 τηνικαῦτα
2580 3330 2958 3399 διατρίόοντας
2995 3326 3330 3396 Ἀνδρόνικόν
3358 3339 3416 3377 τε
3444 3323 3537 3377 τόν
3588 3341 3820 3393 πρωιο⁴

2236 3427 2544 3497 ὅεστιάριον
2566 3427 2659 3477 καὶ
2683 3424 2903 3492 Μιχαὴλ
2923 3421 3016 3474 τὸν
3058 3417 3220 3470 ’Δσάν
3251 3418 3345 3471 καὶ
3374 3417 3491 3487 ἅμα
3521 3418 3590 3470 τά
3615 3418 3780 3471 Μακε
3810 3447 3817 3453 -

2237 3520 2424 3573 δονικὰ
2458 3515 2797 3587 στρατόπεδα
2845 3511 3253 3579 ἀσφαλίσασθαι
3314 3509 3414 3578 μὲν
3460 3508 3678 3577 πρῶτον
3712 3509 3815 3570 τὰς

2236 3610 2620 3671 Μακεδονικὰς
2650 3608 2836 3669 πόλεις
2883 3604 2958 3667 ὡς
3009 3602 3176 3669 είκδς,
3208 3605 3272 3655 ἐκ
3299 3603 3465 3672 μέσου
3504 3602 3817 3670 ποιησάμε-

2234 3720 2325 3756 νον
2362 3705 2477 3756 ὅσοι
2523 3701 2622 3754 οὑκ
2675 3698 2780 3763 ἐξω
2830 3697 2925 3750 τοῦ
2979 3695 3385 3750 ὑποπτεύεσθαι
3456 3692 3812 3761 πεφύκασινο

2237 3795 2409 3848 ἔπειτ’
2443 3792 2652 3847 ἐκεῖθεν
2685 3792 2933 3859 ἄραντας
2956 3788 3050 3852 ξύν
3083 3804 3147 3854 γε
3169 3786 3246 3857 τῷ
3281 3786 3611 3856 συμμαχικῷ
3639 3802 3819 3854 στρα-

2234 3887 2313 3958 τῷ
2336 3884 2413 3957 τῷ
2445 3887 2510 3938 ὲκ
2530 3883 2622 3938 τοῦ
2639 3882 2829 3953 Κράλη
2853 3866 3082 3951 Σερὸίας
3109 3880 3222 3949 (61)
3251 3879 3503 3949 ἔρχεσθαι
3523 3878 3620 3947 τὴν
3651 3878 3820 3948 ταχί-

2238 3997 2374 4051 στην
2414 3976 2557 4031 κατὰ
2583 3975 2678 4028 τοῦ
2713 3973 2978 4045 βασιλέως
3021 3972 3365 4043 Ἀνδρονίκου
3383 3970 3478 4024 τοῦ
3508 3970 3651 4024 νέου.
3683 3972 3818 4023 Τῶν

2237 4074 2293 4126 δὲ
2324 4068 2641 4136 σταλεισῶν,
2676 4066 2750 4130 ὡς
2792 4067 3025 4148 ἔφημεν,ι
3046 4065 3274 4136 γραφῶν
3295 4064 3432 4135 πρός
3460 4079 3519 4117 τε
3544 4065 3633 4117 τὸν
3658 4065 3824 4134 Κρά-

2239 4165 2340 4230 ληθ
2365 4158 2599 4230 Σερὸίας
2621 4160 2715 4211 καὶ
2741 4158 2880 4225 πρὸς
2913 4157 3002 4210 τὸν
3040 4154 3310 4225 δεσπότην
3339 4157 3435 4208 καὶ
3465 4157 3598 4226 πρὸς
3616 4153 3824 4217 ἄλλους

2237 4256 2352 4308 ὅσοι
2386 4251 2688 4322 Δβασιλικὰς
2722 4249 2953 4318 διῴκουν
2986 4250 3289 4318 ἐπιτροπὰς
3344 4249 3401 4299 αἱ
3436 4248 3534 4316 μὲν
3567 4246 3823 4301 ἑάλωσαν

2240 4344 2390 4415 παρὰ
2443 4341 2552 4393 τῶν
2599 4341 2699 4402 τὰς
2735 4339 2887 4401 ὀδοὺς
2926 4324 3314 4408 φρουρούντων
3371 4338 3675 4407 ἀνθρώπων
3711 4336 3823 4389 τοῦ

506 4444 515 4455 “
568 4448 728 4493 erant
771 4456 787 4493 :
825 4440 1021 4509 partim
1066 4439 1133 4494 iis
1157 4438 1402 4509 deceptis
1425 4448 1741 4502 evaserunt,
1771 4447 1826 4491 et
1861 4451 1970 4506 quo
2010 4438 2130 4491 mit-

2240 4439 2358 4491 νέου
2423 4435 2708 4505 βασιλέως,
2772 4432 2897 4486 ὅσαι
2945 4433 3039 4485 ἐπὶ
3097 4432 3299 4501 χάρτου
3347 4432 3640 4500 γραφεῖσαι
3694 4428 3822 4497 (62)

562 4529 826 4583 tebantur
852 4539 1264 4599 pervenerunt:
1301 4530 1406 4583 illa:
1439 4529 1712 4591 videlicet,
1739 4542 1860 4597 qua:
1892 4529 2041 4583 tenui
2078 4537 2135 4583 et

568 4620 694 4675 albo
720 4621 888 4675 linteo
920 4622 1196 4690 inscriptae
1232 4621 1646 4676 tabellariorum
1692 4620 1941 4674 vestibus
1970 4620 2139 4675 soler-

570 4722 657 4767 ter
690 4714 889 4768 insutae
917 4714 1159 4770 fuerant.
1193 4713 1329 4769 Nam
1359 4713 1665 4783 imperator
1709 4712 1896 4783 junior
1923 4727 2047 4765 cum
2081 4711 2134 4764 in

564 4805 687 4859 aliis
744 4806 953 4860 viarum
999 4804 1290 4876 angustiis,
1338 4815 1453 4860 tum
1494 4805 1551 4860 in
1585 4805 1653 4859 iis
1684 4819 1804 4874 qua-
1834 4812 1963 4859 sunt
1991 4796 2138 4875 apud

2241 4528 2574 4596 ἐτύγχανον·
2616 4522 2755 4576 αἰδὲ
2780 4519 3370 4607 λαθοῦσαιχπαρῆλθόν
3424 4535 3484 4571 τε
3537 4534 3630 4572 και
3675 4519 3828 4585 πρὶς

2244 4621 2339 4684 οὓς
2373 4618 2739 4690 ἐπέμφθησαν
2792 4617 3072 4684 ἀφίκοντο,
3108 4617 3231 4668 ὅσαι
3264 4615 3359 4667 ἐπὶ
3402 4613 3552 4666 λίνου
3586 4613 3829 4664 λεπτοῦ-

2245 4713 2377 4784 φοῡς
2433 4689 2530 4766 καὶ
2581 4707 2777 4763 λευκοῦ
2793 4689 3118 4796 Ἴγρεφεῖσαι
3143 4711 3252 4771 τοῖς
3282 4706 3390 4758 τῶν
3415 4721 3828 4776 γραμματοκο·

2251 4804 2459 4876 μιστῶν
2519 4795 2815 4872 ἐνδύμασιν
2870 4800 3088 4871 εὐφυῶς
3145 4800 3589 4873 συνερῤάφησαν.
3664 4795 3828 4849 Κατὰ

1916 4952 2257 5014 Variorum
2293 4959 2479 5013 notua.

630 5091 741 5165 (60)
764 5090 1124 5165 Simonidem,
1152 5092 1454 5150 Andronici
1482 5094 1615 5165 imp.
1668 5109 1735 5148 ex
1769 5094 1924 5149 lrene
1973 5095 2142 5150 altera

563 5164 798 5234 conjuge
849 5163 1039 5224 ﬁliam,
1093 5180 1214 5234 qua:
1247 5182 1371 5219 cum
1412 5167 1478 5220 ad
1529 5163 1710 5219 lrcnes
1760 5166 1951 5219 matris
1986 5180 2142 5234 exse-

564 5232 726 5302 quias
752 5232 1293 5304 Constantinopolim
1319 5237 1588 5296 venisset.
1631 5235 1711 5288 uti
1764 5245 1956 5287 narrat
2000 5233 2142 5289 Gre~

565 5320 750 5372 ποι-ηε,
776 5304 872 5358 lib.
906 5320 1004 5369 vtt,
1064 5320 1184 5374 cap.
1223 5306 1311 5370 50,
1374 5306 1441 5358 ad
1494 5305 1779 5374 coniugem
1823 5306 2003 5360 redire
2047 5314 2136 5357 re-

566 5386 781 5445 ttueret,
810 5392 838 5429 a
880 5390 989 5443 quo
1018 5391 1142 5428 cum
1168 5392 1263 5445 per
1297 5376 1507 5445 legatos
1532 5392 1561 5429 a
1590 5386 1741 5443 patre
1771 5382 2134 5442 repeteretur,

566 5443 770 5514 illaque
795 5461 863 5499 ne
891 5448 957 5499 ad
1005 5443 1240 5500 reditum
1282 5443 1575 5514 cogeretur
1625 5444 2133 5514 monaclticunrlta-

566 5511 742 5568 bitu'm
778 5515 1069 5579 induiSsct,
1107 5515 1257 5569 illius
1288 5511 1459 5568 frater
1493 5515 1935 5583 consanguineus
1980 5512 2128 5567 Con-

565 5587 844 5665 stantinus
881 5585 1387 5665 despuat-lacerato
1416 5585 1537 5665 ejus
1564 5584 1784 5665 cucullo
1816 5584 2043 5665 invitam
2077 5591 2133 5636 et

566 5651 873 5770 Florattlem
910 5651 996 5708 ad
1014 5656 1301 5723 cunjttgetn
1324 5651 1629 5710 remiserat.
1664 5653 1810 5707 ltlcm
1836 5653 2129 5722 Grcgoras,

587 5719 664 5770 Lb.
688 5737 807 5770 vm-
843 5737 964 5770 can-
1000 5724 1051 5770 L
1088 5724 1322 5770 Ducum-
2125 5748 2129 5754 ι

587 5719 664 5775 ib.
688 5737 807 5788 vm,
843 5737 965 5795 cap.
1000 5724 1051 5779 1.
1088 5719 1323 5779 Uticam.
1953 5719 1971 5722 ’
2125 5748 2137 5759 κ

2324 5094 2438 5164 ((51)
2471 5091 2552 5147 Ad
2580 5107 2748 5161 quem
2775 5092 2976 5164 missus
2999 5092 3299 5147 Callinicus
3344 5091 3557 5164 legatus
3586 5089 3673 5164 ab
3702 5091 3833 5145 Ana

2249 5162 2480 5218 dronico
2506 5164 2744 5231 iuniore.
2768 5163 3135 5216 Cantacuzen.
3165 5164 3262 5216 lib.
3292 5177 3470 5229 t,cap.
3495 5162 3548 5215 8.
3578 5162 3832 5231 Ducam.

2323 5234 2433 5301 (δὲ)
2470 5229 2616 5302 Duas
2639 5233 2952 5286 chartarum
2982 5233 3194 5302 species
3251 5233 3341 5286 hic
3390 5241 3642 5285 recenset
3675 5229 3835 5284 Gre-

2247 5318 2429 5371 goras,
2462 5301 2691 5355 alteram
2723 5318 2885 5371 quam
2907 5301 3146 5355 chartam
3181 5312 3366 5356 vocat.
3391 5303 3615 5355 alteram
3645 5315 3834 5367 quam

2241 5388 2307 5426 ex
2350 5371 2500 5426 tenui
2539 5372 2707 5425 linteo
2734 5371 3034 5425 confectam
3069 5372 3283 5426 scribit.
3321 5372 3509 5424 l’riore
3546 5383 3678 5438 voce
3715 5384 3831 5438 pa-

2244 5457 2445 5513 pyrum
2471 5441 2844 5512 IEgyptiacam
2889 5440 3106 5495 videtur
3138 5444 3392 5504 innuere,
3423 5452 3606 5513 quam_
3626 5437 3829 5493 (ἔτὼοὶ

2243 5508 2591 5579 recentiores
2614 5508 2968 5581 ξυλοχάρτιον
2998 5513 3306 5565 vocabant:
3338 5513 3513 5565 altera
3557 5508 3833 5581 chartam

2241 5595 2309 5635 ex
2336 5581 2507 5659 linteo
2532 5579 2894 5659 conceptis'et
2920 5581 3179 5659 contusis
3198 5587 3464 5659 paratam,
3488 5579 3843 5659 quanttxépo

2241 5667 2390 5720 τινον
2418 5651 2627 5720 χάρτην
2655 5648 2867 5704 dicunt.
2920 5650 3055 5707 Vide
3110 5651 3285 5708 Gloss.
3319 5651 3457 5706 med.
3490 5648 3714 5705 Gmcit.
3769 5648 3838 5703 in

2241 5719 2330 5775 bis
2364 5719 2611 5777 vocibus.
2652 5721 2881 5776 ουτως.
3140 5726 3145 5731 ’
