4000 6206
369 358 477 422 581
630 356 705 430 [ι.
750 373 801 413 c.
846 357 985 414 isse
1020 373 1086 413 AD
1132 358 1290 431 i528]

1404 362 2281 431 BYZANTlN/EQHISI‘ORl/E
2319 374 2470 434 LIB.
2515 374 2625 434 IX.

2736 371 2868 444 [μιν.
2910 385 3191 428 monomc.
3235 371 3376 445 scrc]

3522 378 3628 445 E82

363 476 483 546 γὰρ
537 477 637 537 τὰς
679 476 874 539 στενὰς
920 477 1029 529 τῶν
1080 478 1215 532 ὁδῶν
1258 483 1354 534 καὶ
1407 483 1644 551 μάλιστα
1682 484 1823 538 κατὰ
1855 484 1933 535 ea.

2058 485 2472 558 Christopolin,
2546 489 2804 544 custodes
2857 492 3191 553 collocarat,
3259 492 3353 561 qui
3434 509 3626 552 omnes

350 568 491 637 τεερὶ
527 570 928 638 Χριστούπολιν
959 570 1073 638 (65)
1104 572 1279 635 πύλας
1311 576 1581 644 φρουροὺς
1608 577 1655 630 οἱ
1688 577 1816 647 περὶ
1861 576 1933 629 tbi

2042 570 2457 647 praetereuntes
2489 582 2864 647 excutiebant,
2900 584 2943 636 si
2979 583 3120 638 forte
3165 585 3378 640 litteras
3420 586 3627 658 Byzan-

349 662 479 714 νέον
519 661 713 714 ἔθεσαν
753 662 999 731 βασιλέα,
1028 663 1076 715 οἳ
1118 665 1323 727 πάντας
1342 667 1471 729 τοὺς
1495 669 1793 739 παριόντας
1830 668 1954 739 ἐξή-

357 750 554 813 ταζον,
582 754 629 802 ει
658 751 876 819 γραφὰς
909 755 972 805 ὲκ
1025 754 1321 817 Βυζαντίου
1364 756 1642 824 κομίζοιεν
1668 774 1682 790 ·
1723 759 1821 811 καὶ
1866 754 1936 830 ἦν

345 842 622 910 δυσχερὲς
655 842 855 894 οὕτωσί
901 843 1134 897 λαθόντα
1157 848 1278 897 τινὰ
1304 848 1619 919 παρελθεῖν.

322 976 342 1011 ,_
426 933 508 985 H’.
538 934 844 997 Κάκείνους
873 936 971 1003 μὲν
1006 935 1104 989 οὖν
1154 938 1314 991 οὐδὲν
1350 939 1592 1011 ἐλελήθει
1618 940 1723 994 τῶν
1749 943 1806 993 ὲν
1835 942 1944 994 Βυ-

331 1004 559 1094 ’ξαντίῳ
588 1025 775 1093 κρύφα
801 1029 1198 1096 μελετωμένων
1222 1048 1279 1082 τε
1309 1032 1398 1082 καὶ
1444 1031 1739 1101 δρωμένων
1758 1051 1771 1064 ·
1818 1036 1943 1088 τού-

344 1133 481 1178 τους
536 1118 592 1169 δὲ
644 1119 825 1171 πάντα
894 1120 1137 1190 ἐλελήθει
1179 1123 1279 1173 ὅσα
1318 1124 1458 1176 κατὰ
1513 1126 1720 1179 τούτων
1746 1126 1942 1192 ἔξωθεν

338 1212 557 1263 ἐκεῖνοι
611 1210 785 1281 ἔδρων
828 1230 888 1264 τε
948 1215 1041 1265 καὶ
1093 1217 1387 1282 ἐμελέτων.
1417 1218 1626 1279 Πάντες
1651 1219 1765 1295 γάρ
1790 1237 1942 1286 σφισι

346 1301 741 1373 προσεχώρουν
795 1303 1093 1371 ἒθελονταὶ,
1149 1307 1198 1358 οί
1244 1308 1343 1377 μὲν
1399 1311 1455 1371 ἐς
1495 1310 1805 1379 τούμφανὲς
1841 1313 1941 1364 αὑο

347 1397 476 1456 ταῖς
533 1395 784 1463 γνώμαις
845 1398 939 1449 καὶ
992 1399 1177 1462 αὐτοῖς
1233 1402 1519 1469 σώμασιν·
1578 1403 1692 1455 ὅσοι
1753 1403 1812 1455 δὲ
1864 1405 1939 1474 μὴ

347 1487 634 1549 ἐδύναντο,
689 1489 738 1541 oi
783 1490 839 1542 δὲ
899 1492 1033 1545 ἀλλὰ
1070 1494 1188 1555 ταῖς
1215 1492 1685 1563 γνώμαις-’σφίσιν
1717 1496 1939 1567 ὁλοσχε-

350 1578 463 1645 ρῶς
517 1581 875 1648 προσέκειντο
896 1599 909 1611 ·
943 1584 1003 1635 οὐ
1045 1585 1205 1653 μόνον
1236 1586 1435 1653 μικροῦ
1470 1590 1672 1651 πάντες
1698 1589 1814 1641 ὅσοι
1842 1587 1937 1641 τοῦ

342 1671 525 1739 δήμου
583 1672 694 1724 τῶν
735 1674 1073 1739 Βυζαντίων,
1113 1676 1247 1729 ἀλλὰ
1283 1679 1378 1729 καὶ
1417 1677 1531 1730 ὅσοι
1560 1678 1669 1732 τῶν
1704 1680 1941 1750 συγκλη-

345 1768 521 1818 τικῶν
572 1766 667 1818 κα).
718 1760 1015 1819 οξκειακῶν
1051 1770 1144 1820 καὶ
1174 1769 1290 1821 ὅσοι
1318 1768 1426 1821 τῶν
1456 1770 1604 1838 μάλα
1638 1770 1761 1824 καθ’
1798 1765 1941 1840 αἶ’μα

268 1868 287 1887 '
343 1860 424 1927 τῷ
466 1860 684 1930 γηραιῷ
714 1859 927 1931 βασιλεῖ
959 1863 1347 1932 προσηκόντων
1372 1859 1514 1934 ἦσαν
1535 1878 1548 1893 ·
1587 1863 1638 1917 οἳ
1669 1864 1732 1933 δὴ
1758 1865 1940 1919 πάντα

339 1951 470 2005 καθ’
496 1950 556 2004 ἓν
585 1952 652 2004 τὰ
681 1951 931 2006 ἐντεῦθεν
962 1953 1339 2024 ἀνιχνεύοντες
1392 1955 1627 2017 ἐκείνοις
1681 1957 1934 2026 ἐμήνυον.

340 2036 443 2095 Ὧν
466 2038 544 2106 εἷς
568 2038 636 2114 ἦν
673 2045 769 2099 καὶ
803 2048 830 2097 ό
863 2045 958 2098 τοῦ
999 2045 1265 2115 βασιλέως
1298 2046 1413 2111 υἱὸς
1446 2047 1722 2116 Θεόδωρος
1762 2047 1873 2119 (64)
1912 2048 1941 2101 δ

342 2138 664 2205 μαρκέσιος.
697 2139 795 2199 ’ος
826 2137 932 2207 πρὸ
949 2138 1088 2215 ἐτῶν
1120 2139 1331 2207 συχνῶν
1364 2142 1445 2203 εὶς
1474 2138 1569 2209 τὴν
1599 2140 1697 2207 τῆς
1733 2139 1940 2211 μητρὸς

338 2226 579 2297 πατρίδα
596 2230 867 2299 πεμφθεὶς
914 2229 1019 2298 ὑπὸ
1074 2230 1170 2301 τῆς
1204 2231 1434 2301 μητρὸς,
1463 2230 1538 2296 ὼς
1581 2232 1926 2303 εἰρήκειμεν,

338 2319 539 2389 γάμων
562 2321 724 2375 ἕνεκα
747 2323 841 2373 καὶ
858 2322 927 2374 δι’
944 2321 1202 2375 ἀδουλίαν
1234 2323 1329 2375 καὶ
1368 2322 1641 2394 ρᾳθυμίαν
1665 2323 1745 2393 τῷ
1765 2327 1941 2395 χρόνῳ

335 2410 660 2479 κατάχρεως
717 2412 951 2479 γενονὼς
987 2413 1124 2481 μετᾶ
1159 2413 1249 2464 τὸν
1302 2413 1397 2482 τῆς
1452 2413 1657 2485 μητρὸς
1711 2415 1939 2468 θάνατον

334 2497 581 2570 ἆπανῆκε
603 2503 740 2572 πρὸς
766 2502 857 2555 τὸν
884 2505 1095 2572 πατέρα
1122 2504 1213 2556 καὶ
1244 2503 1467 2573 βασιλέα
1490 2507 1685 2570 παῖδας
1720 2506 1814 2558 καὶ
1844 2522 1942 2573 γυ-

333 2597 507 2647 ναῖκα
535 2596 714 2647 ἐκεῖσε
755 2594 1076 2648 καταλιπών
1097 2611 1111 2624 ·
1137 2598 1233 2649 καὶ
1264 2591 1333 2666 ἦν
1354 2595 1463 2648 -τοῦ
1501 2596 1692 2649 λοιποῦ
1721 2597 1938 2666 διατρί-

334 2683 451 2738 ϐων
481 2686 538 2737 ὲν
572 2685 850 2752 Βυζαντίῳ
874 2701 887 2717 ·
920 2686 1007 2738 ὅτε
1040 2685 1104 2753 δὴ
1140 2686 1236 2739 καὶ
1271 2685 1435 2758 ἄλλης
1484 2704 1544 2739 τε
1587 2682 1767 2758 πάσης
1796 2688 1941 2757 ἀπή-

330 2776 471 2830 λαυι
501 2778 638 2846 πρὸς
692 2776 786 2829 τοῦ
824 2775 1092 2846 βασιλέως
1148 2778 1476 2848 κηδεμονίας
1511 2779 1604 2831 καὶ
1638 2779 1931 2849 εὐμενείας

330 2871 429 2922 καὶ
458 2868 725 2938 χορηγίας
756 2872 819 2920 ἐκ
850 2869 944 2921 τοῦ
979 2868 1261 2938 βασιλικοῦ
1312 2870 1663 2940 πρυτανείου,
1694 2868 1781 2941 [Ρ.
1806 2867 1935 2941 242]

332 2962 431 3012 καὶ
463 2960 530 3027 δὴ
564 2960 658 3011 καὶ
694 2960 914 3013 πάντων
949 2959 1124 3029 χρεῶν
1148 2960 1496 3031 ἀπήλλακται
1535 2960 1623 3014 διὰ
1648 2962 1755 3014 τῶν
1789 2959 1940 3030 βασι-

330 3050 505 3103 λικῶν
535 3050 855 3120 χρημάτων.
887 3044 989 3102 Ὧν
1029 3050 1286 3104 ἁπάντων
1338 3045 1695 3121 ἐκλαθόμενος
1736 3052 1940 3113 ἐκεῖνος

2058 671 2131 727 tio
2165 672 2448 740 alTerrent,
2487 690 2625 744 quos
2652 673 2841 729 fallere
2870 674 3355 744 pcrdiﬂicileerat.

2127 960 2258 1014 Vlll.
2299 961 2373 1015 Ac
2400 961 2523 1015 illos'
2550 962 2773 1031 quidem
2816 979 3008 1019 eorum
3040 981 3161 1033 qua:
3210 965 3450 1035 Byzantii
3486 968 3627 1021 clam

2047 1056 2352 1126 agebantur
2386 1066 2439 1111 et
2493 1058 2842 1127 agitabantur
2876 1058 3011 1111 nihil
3051 1057 3290 1129 latebat:
3322 1061 3467 1113 istos
3498 1075 3628 1114 vero

2046 1148 2292 1202 latebant
2323 1151 2531 1211 omnia.
2562 1166 2683 1219 qua:
2718 1149 2795 1203 illi
2851 1148 2989 1203 l‘oris
3044 1160 3097 1203 et
3118 1151 3353 1219 agebant
3380 1160 3435 1205 et
3458 1152 3628 1218 agita-

2045 1240 2198 1294 bant.
2254 1239 2389 1295 Nam
2453 1258 2643 1297 omnes
2679 1250 2873 1312 sponte
2923 1241 2988 1293 ad
3022 1256 3117 1295 eos
3154 1242 3505 1305 inclinabant,
3534 1243 3628 1318 alii

2042 1341 2234 1401 aperte
2264 1341 2320 1386 et
2344 1329 2544 1387 animis
2572 1343 2627 1387 et
2650 1331 2974 1401 corporibus
3006 1348 3019 1396 ;
3062 1331 3155 1401 qui
3214 1346 3344 1385 vero
3379 1332 3630 1401 corpori-

2040 1424 2145 1478 bus
2174 1440 2283 1478 non
2320 1434 2594 1493 poterant,
2624 1425 2824 1479 animis
2851 1434 2999 1478 certe
3029 1433 3085 1478 et
3112 1433 3225 1476 toto
3254 1435 3473 1493 pectore
3500 1440 3625 1479 cum

2042 1514 2149 1568 illis
2177 1516 2456 1585 conjuncti
2486 1524 2670 1572 erant:
2706 1532 2813 1568 non
2851 1516 3013 1570 modo
3060 1516 3242 1569 omnis
3272 1516 3385 1568 fere
3422 1514 3630 1585 Byzan-

2042 1605 2154 1659 tina
2189 1606 2367 1675 plebs.
2403 1606 2497 1659 sed
2520 1614 2575 1658 et
2600 1606 2862 1659 senatorii
2915 1616 2970 1660 et
3020 1607 3183 1659 aulici
3220 1620 3480 1674 proceres
3512 1615 3564 1659 et
3589 1605 3626 1659 ii

2044 1695 2447 1765 qui‘seniorcm
2483 1696 2874 1763 imperatorem
2925 1696 3253 1764 cognatione
3292 1697 3521 1748 maxime
3547 1705 3628 1748 at-

2048 1787 2352 1857 tingebant.
2380 1790 2459 1843 Ac
2521 1787 2554 1841 ii
2601 1802 2943 1856 qumcunque
2967 1786 3130 1857 396
3164 1788 3275 1841 illic
3296 1787 3627 1856 gerebantur

2044 1879 2262 1933 curiose
2298 1878 2625 1949 indagantes
2656 1878 2871 1944 singula
2907 1877 3017 1931 illis
3050 1877 3457 1948 signiﬁcabant.
3481 1876 3629 1941 Quu-

2044 1986 2165 2024 rum
2202 1986 2344 2025 unus
2390 1970 2493 2026 fuit
2527 1970 2691 2025 etiam
2726 1969 3078 2036 imperatoris
3123 1968 3265 2023 ﬁlius
3300 1968 3639 2037 Theodorus

2045 2058 2311 2112 marchio.
2346 2058 2448 2124 Qui
2486 2060 2537 2112 in
2577 2056 2770 2111 matris
2808 2057 3046 2125 patriam
3077 2065 3203 2109 ante
3225 2056 3427 2110 multos
3452 2071 3627 2110 annos

2045 2144 2230 2199 uxoris
2261 2144 2524 2199 ducenda:
2556 2159 2721 2199 causa
2768 2146 2837 2197 ab
2863 2146 2977 2212 ipsa
3006 2151 3207 2207 matre.
3240 2152 3298 2196 ut
3328 2142 3462 2207 dixi,
3498 2143 3629 2197 mis-

2042 2248 2136 2288 sus
2189 2248 2252 2287 ac
2302 2233 2630 2302 procedente
2682 2216 2930 2299 tempore
2997 2246 3094 2298 per
3156 2230 3518 2286 temeritatem
3571 2239 3628 2285 et

2043 2323 2352 2377 socordiam
2384 2337 2538 2375 suam
2574 2337 2680 2375 aere
2708 2321 2891 2375 alieno
2925 2335 3225 2390 oppressus
3268 2331 3390 2389 post
3436 2321 3628 2374 matris

2043 2415 2253 2468 obitum
2288 2411 2354 2465 ad
2391 2421 2599 2481 patrem
2657 2413 3076 2481 imperatorem,
3110 2425 3280 2464 uxore
3340 2420 3395 2464 et
3435 2408 3628 2463 liberis

2043 2505 2153 2559 illic
2205 2505 2432 2566 relictis,
2471 2518 2730 2557 reversus
2783 2502 3000 2567 fuerat;
3034 2510 3199 2570 atque
3225 2517 3293 2555 ex
3320 2515 3387 2554 eo
3418 2499 3628 2571 Byzan-

2046 2601 2106 2656 tii
2140 2598 2607 2654 commorabatur.
2639 2597 2738 2653 Ubi
2805 2604 3033 2666 paterna
3098 2593 3449 2662 imperatoris
3492 2607 3625 2647 cura

2040 2707 2105 2746 ac
2136 2689 2518 2745 benevolentia
2573 2705 2640 2744 ex
2674 2688 2825 2742 omni
2869 2694 3023 2757 parte
3055 2685 3377 2739 sublevatus
3406 2693 3463 2739 et
3492 2699 3627 2753 sup-

2041 2782 2299 2853 pedizatis
2365 2797 2432 2834 ex
2488 2780 2622 2835 ﬁsco
2681 2778 2997 2847 sumptibus
3059 2782 3401 2830 sustentatus
3461 2789 3625 2829 omne

2040 2876 2206 2928 etiam
2241 2891 2316 2928 ωε
2345 2874 2585 2927 alienum
2627 2873 2858 2942 pecunia
2893 2868 3247 2940 imperatoria
3280 2866 3621 2922 dissolverat.

2041 2970 2173 3034 Quae
2198 2967 2285 3020 ille
2315 2980 2411 3036 per
2444 2966 2741 3019 amentiam
2780 2956 2976 3018 cuncta
3018 2960 3227 3015 oblitus
3264 2959 3450 3015 debita
3481 2960 3625 3030 patti

2043 3057 2397 3112 observantia
2451 3071 2679 3125 prorsus
2707 3054 2954 3123 neglecta
2987 3053 3186 3109 Judam
3218 3052 3421 3106 imitari
3448 3061 3505 3106 et
3533 3067 3628 3121 pa-

331 3143 426 3196 διὰ
461 3145 675 3213 φρενῶν
704 3143 913 3196 ἔνδειαν
942 3147 1039 3196 καὶ
1069 3146 1250 3198 πᾶσαν
1285 3144 1420 3197 αἰδῶ
1462 3146 1736 3215 πατρικὴν
1762 3144 1933 3197 ὀπίσω

2042 3151 2147 3206 tris
2185 3148 2532 3219 imperatoris
2560 3146 2809 3218 proditor
2855 3161 2977 3203 esse
3008 3145 3227 3201 maluit.
3257 3145 3395 3199 Nam
3426 3145 3627 3197 Roma-

329 3234 513 3287 λιπὼν
567 3236 833 3303 προδότης
880 3236 1053 3288 εἵλετο
1090 3236 1349 3303 γενέσθαι
1386 3236 1480 3289 τοῦ
1517 3237 1781 3306 βασιλέως
1837 3239 1934 3292 καὶ

328 3325 548 3395 τατρδς
587 3325 808 3395 καὶτῆς
853 3324 1024 3380 Ἰούδα
1059 3327 1269 3379 ἐκείνου
1327 3329 1635 3398 μιμήσεως.
1692 3329 1936 3399 Ὢνειρο-

329 3417 623 3487 πόλει-(ἀρ
654 3419 755 3487 τὴν
799 3418 1117 3488 Ῥωμαϊκὴν
1156 3420 1252 3472 καὶ⁵
1296 3419 1459 3481 αὐτὸς
1490 3421 1814 3489 ἡγεμονίαν,
1838 3422 1933 3475 ὲκ-

333 3510 526 3564 ποδὼν
560 3510 858 3580 ἱσταμένου
886 3510 998 3563 κτοῦ
1036 3512 1315 3581 διαδόχου*
1358 3514 1451 3564 καὶ
1481 3511 1815 3566 κατανεῦσαι
1860 3512 1937 3583 μὴ

330 3603 665 3675 βουλόμενον
697 3604 789 3657 τὸν
820 3605 1036 3674 πατέρα
1055 3604 1263 3657 πολλῶν
1295 3605 1483 3667 ἕνεκα,
1516 3606 1597 3658 ὅτι
1623 3607 1717 3658 καὶ
1741 3605 1934 3678 γνώμῃ

328 3699 433 3750 καὶ
464 3698 645 3750 πίστει
679 3700 772 3751 καὶ
811 3701 1056 3769 σχήματι
1091 3702 1185 3753 καὶ
1222 3702 1450 3768 γενείων
1497 3704 1670 3773 κουρᾷ
1705 3701 1817 3771 (θὸ)
1845 3704 1940 3756 καὶ

331 3795 482 3845 πᾶσι
518 3791 702 3844 ἔθεσιν
749 3794 980 3856 Λατῖνος
1008 3788 1077 3863 ἦν
1106 3795 1442 3861 ἀκραιφνὴς,
1495 3793 1637 3861 ἔγνω
1674 3794 1939 3864 λυπήσειν

327 3888 503 3965 αίρττδν
557 3887 634 3956 τῷ
682 3887 785 3952 νέῳ
840 3885 1168 3953 προστεθεὶς
1209 3884 1446 3954 βασιλεῖ.
1472 3885 1633 3940 Ὅθεν
1680 3889 1777 3940 καὶ
1827 3888 1939 3956 ὅσῳ

2042 3258 2176 3296 num
2230 3241 2522 3310 imperium
2582 3238 2896 3293 somniabat
2957 3239 3070 3308 ipse
3128 3252 3370 3308 quoque,
3402 3239 3626 3292 excluso

2042 3332 2299 3386 videlicet
2323 3346 2409 3395 eo,
2430 3330 2497 3384 ad
2529 3343 2689 3399 quem
2720 3328 2999 3382 successio
3031 3328 3367 3397 pertinebat.
3400 3327 3468 3382 Et
3497 3342 3624 3381 cum

2042 3433 2199 3494 pater
2229 3422 2418 3479 multis
2440 3424 2507 3476 de
2537 3419 2739 3480 causis.
2765 3418 2913 3489 quod
2949 3429 3005 3472 et
3050 3418 3235 3473 animo
3276 3429 3333 3474 et
3363 3419 3625 3488 religioie

2041 3524 2099 3571 et
2133 3513 2322 3567 habitu
2352 3521 2423 3567 eL
2468 3528 2587 3566 rasa
2644 3511 2813 3565 barba
2862 3519 2920 3563 et
2950 3509 3057 3562 alio
3088 3510 3238 3563 omni
3271 3512 3397 3565 vitae
3420 3526 3623 3580 genere

2043 3622 2192 3662 mere
2216 3605 2445 3659 Latinus
2471 3611 2635 3667 esset,
2667 3600 2959 3671 postulatis
2984 3601 3103 3672 ejus
3120 3616 3365 3656 annuere
3399 3602 3571 3657 nollet
3602 3619 3620 3657 :

2044 3702 2185 3770 ipse,
2221 3712 2330 3767 quo
2373 3697 2524 3750 illum
2563 3693 2941 3759 contristaret,
2975 3693 3040 3747 ad
3072 3694 3621 3763 junioretn.impera-

2045 3802 2218 3846 torem
2250 3789 2469 3862 defecit.
2505 3788 2584 3842 Ita
2618 3802 2728 3857 quo
2770 3795 2890 3841 erat
2938 3787 3206 3858 sanguine
3250 3788 3619 3856 conjunctior,

2043 3901 2110 3941 eo
2137 3882 2389 3939 acerbior
2438 3879 2610 3950 patris
2641 3877 2989 3949 imperatoris
3020 3877 3281 3933 inimicus
3314 3879 3545 3933 exstitit.

326 3984 558 4036 πάντων
594 3982 795 4054 μᾶλλον
827 3981 951 4037 καθ’
974 3980 1114 4050 αἷμα
1147 3980 1225 4053 τῷ
1260 3980 1470 4049 βασιλεῖ
1502 3983 1911 4053 προσῳκείωτο,
1959 3980 2202 4050 τοσούτῳ
2235 3979 2330 4032 καὶ
2384 3976 2711 4049 (θερμότερος
2777 3975 2997 4027 πάντων
3052 3970 3245 4043 ἐχθρὸς
3305 3970 3401 4024 τοῦ
3465 3971 3620 4038 βασι-

323 4078 475 4143 λέως
520 4079 618 4132 κει)⁵
664 4080 875 4149 πατρὸς
927 4077 1182 4148 γενέσθαι
1230 4076 1654 4147 πεφιλονείκηκε
1717 4076 1919 4149 μᾶλλον
1956 4076 2142 4139 αὑτός.

402 4171 485 4224 8'.
509 4171 603 4243 Τῷ
620 4170 666 4223 δ’
698 4173 1081 4240 ὲπιγενομένῳ
1109 4159 1241 4240 μηνὶ
1273 4170 1567 4241 Νοεμιῐρίῳ
1601 4170 1711 4242 (66)
1746 4170 1812 4223 τὰ
1837 4169 1935 4240 βα-

328 4266 521 4320 σιλικὰ
558 4263 851 4334 δεξάμενος
882 4263 1204 4334 ,γράμματα
1245 4264 1561 4331 Δημήτριος
1604 4262 1932 4331 ἁδεσπότης

328 4364 394 4415 ὲν
429 4358 806 4430 Θεσσαλονίκῃ
836 4356 1206 4424 διεμηνύσατο
1251 4355 1414 4418 εὐθὺς
1444 4356 1533 4407 τόν
1561 4373 1620 4407 τε
1654 4353 1933 4425 πρωτοόε-

331 4450 589 4519 στιάριον
626 4449 725 4501 καὶ
752 4449 843 4501 τὸν
879 4446 1065 4503 Ἀσάν.
1101 4447 1205 4500 Καὶ
1234 4447 1425 4516 ἐπειδὴ
1454 4445 1722 4515 συνῆλθον
1766 4463 1932 4517 στρα-

326 4543 585 4612 τεύματὰ
642 4558 699 4595 τε
753 4542 1129 4611 συνεκροτεῖτο
1188 4542 1281 4592 καὶ
1332 4538 1449 4609 ἅμα
1494 4539 1687 4591 αἰτῶν
1715 4539 1792 4608 τῷ
1822 4541 1928 4609 νέῳ

330 4634 553 4704 βασιλεῖ
604 4634 873 4686 συνόντων
920 4633 1100 4684 οὐσίαι
1145 4631 1241 4684 καὶ
1300 4633 1369 4683 τα
1440 4634 1720 4700 κτήματα,
1751 4632 1924 4685 ὁπόσα

335 4729 467 4797 περὶ
506 4728 605 4788 τὰς
639 4728 697 4778 ὲν
751 4724 1065 4796 Μακεδονίᾳ
1110 4725 1294 4786 πόλεις
1340 4727 1436 4778 καὶ
1490 4724 1675 4795 χώρας
1723 4724 1920 4795 ἔτυχον

329 4820 489 4881 ὂντα,
518 4819 698 4871 πάντα
725 4819 839 4879 τοῖς
872 4814 1234 4886 στρατιώταις
1257 4815 1659 4888 διεμερίζοντο·
1688 4815 1833 4868 οῖιου
1862 4833 1921 4869 τε

334 4915 435 4969 καὶ
463 4914 612 4964 σίτου
647 4909 801 4978 σφῶν
829 4909 1110 4978 ὴνοίγοντο
1132 4907 1410 4975 ἁποθῆκαι
1432 4924 1446 4937 ·
1478 4907 1574 4959 καὶ
1599 4909 1710 4969 τοῖς
1743 4909 1925 4974 ἁρπα-

332 5009 453 5069 ζειν
479 5003 758 5056 ἐθέλουσιν
787 4998 996 5067 ἄφθονα
1043 4998 1368 5068 προῠκειντο
1402 4998 1600 5065 πάντα,
1625 4997 1832 5066 ὲξορίαι
1859 5014 1919 5051 τε

333 5099 431 5151 καὶ
470 5095 770 5166 δημεύσεις
807 5091 920 5143 τῶν
966 5090 1172 5159 ἥκιστα
1212 5092 1547 5160 συμφρονεῖν
1592 5089 1914 5161 ἐθελόντων.

331 5191 518 5245 Κάκεῖ
568 5187 670 5257 μὲν
714 5183 893 5236 ταῦτα
940 5182 1208 5237 ἐτελεῖτοο
1253 5183 1449 5253 ἔμελλε
1480 5183 1527 5237 δ’
1552 5184 1678 5237 ὅσον
1707 5184 1920 5237 οὐδέπω

333 5283 433 5335 καὶ
471 5279 531 5333 τὸ
559 5277 657 5332 τοῦ
691 5276 887 5347 Κράλη
935 5275 1287 5345 συμμαχικὸν
1335 5276 1395 5338 ἐς
1447 5274 1647 5338 αὐτοὺς
1682 5276 1926 5344 ἀφικνεῖ-

335 5374 483 5427 σθαι.

2108 4166 2200 4222 IX.
2237 4162 2503 4235 Sequenti
2532 4175 2721 4236 mense
2751 4158 3049 4215 Novembri
3076 4157 3387 4212 Demetrius
3418 4157 3617 4228 despo-

2037 4270 2110 4326 ta,
2143 4255 2500 4329 imperatoris
2533 4254 2736 4309 litteris
2769 4248 3176 4307 Thessalonica:
3217 4251 3480 4319 acceptis,
3510 4262 3621 4305 sta-

2038 4354 2133 4408 tim
2160 4350 2649 4423 prOtovestiarium
2685 4355 2741 4400 et
2788 4345 3025 4398 Asauem
3051 4347 3298 4397 arcessit.
3329 4342 3433 4409 Qui
3488 4357 3615 4397 cum

2033 4446 2445 4510 convenissent,
2472 4442 2621 4497 illico
2660 4437 2824 4510 397
2882 4445 2939 4493 et
2966 4436 3243 4491 exercitus
3271 4437 3392 4507 cogi
3422 4444 3479 4492 et
3522 4450 3619 4492 eo-

2034 4539 2296 4609 rum,qui
2352 4537 2421 4592 ad
2466 4536 2745 4607 juniorem
2798 4546 2856 4588 se
2908 4529 3310 4601 adiunxissent,
3366 4530 3509 4584 bona
3558 4536 3617 4585 et

2030 4633 2435 4702 possesiones,
2498 4642 2843 4700 quaecunque
2889 4624 2946 4679 in
2986 4623 3353 4679 Macedonicis
3384 4623 3631 4687 urbibus

2023 4736 2080 4780 et
2109 4742 2170 4791 ag
2184 4726 2258 4778 ris
2285 4731 2471 4785 erant,
2499 4718 2773 4775 militibus
2824 4717 3087 4773 distribui
3132 4722 3440 4799 creperum.
3469 4715 3620 4785 Ape-

2023 4816 2310 4870 riebantur
2364 4828 2559 4867 eorum
2623 4807 2877 4881 granaria
2924 4820 2982 4865 et
3042 4808 3196 4864 cella:
3251 4806 3511 4872 vinariae;
3558 4815 3615 4861 et

2022 4910 2251 4964 cuiiihet
2280 4922 2470 4977 rapere
2492 4904 2698 4961 volenti
2723 4904 2905 4958 omnia
2931 4903 3133 4972 passim
3160 4898 3407 4969 exposita
3431 4907 3612 4962 erant,

2020 5004 2293 5058 Prtetcrea
2348 5000 2442 5070 qui
2507 5000 2735 5053 minime
2794 4994 3052 5050 assentiri
3111 4993 3352 5056 vellent,
3418 5006 3609 5047 eorum

2029 5095 2171 5152 bona
2209 5093 2641 5164 publicabantur
2690 5100 2749 5144 ct
2802 5089 2907 5157 ipsi
2959 5086 3156 5141 exsilio
3212 5085 3611 5139 multabantur.

2031 5189 2107 5243 Ac
2158 5187 2232 5241 ibi
2295 5184 2515 5255 quidem
2567 5186 2682 5237 haec
2730 5182 2951 5255 ﬂebant.
2989 5181 3160 5235 Erant
3221 5178 3383 5234 etiam
3436 5173 3613 5231 Cralis

2032 5281 2235 5333 auxilia
2265 5278 2486 5349 jamjam
2520 5275 2584 5329 ad
2607 5291 2703 5329 eos
2738 5253 2992 5327 ventura.

1692 5482 2029 5554 Variorum
2066 5491 2254 5542 nota).

411 5587 524 5659 (63)
565 5587 699 5653 Quae
730 5587 865 5659 urbs
900 5583 967 5639 ad
1012 5584 1196 5655 fugam
1225 5584 1649 5659 ab‘Andronico
1674 5584 1917 5659 iuniore

334 5655 514 5713 electa
565 5662 758 5713 fuerat.
813 5655 1184 5723 ()autacuzeu.
1257 5655 1358 5712 lib.
1395 5674 1435 5723 ι,
1497 5670 1622 5727 cap.
1655 5655 1708 5721 ὂς
1753 5657 1809 5724 7,
1855 5660 1908 5711 8.

333 5730 606 5872 DU{affinis
633 5797 802 5870 paulo
832 5807 960 5854 ante
999 5795 1068 5861 ad
1103 5805 1315 5867 patrem
1363 5795 1907 5868 Constantinopolim

2030 5592 2259 5638 venerat
2311 5600 2324 5636 :
2382 5583 2463 5637 uti
2503 5591 2697 5637 narrat
2755 5581 3129 5636 Cantacuzen.
3174 5577 3275 5633 lib.
3299 5592 3337 5643 ι,
3366 5591 3486 5645 cap.
3514 5574 3603 5632 5|.

2027 5656 2264 5711 Ducasc.

2099 5725 2211 5791 (65)
2239 5723 2415 5793 Supra
2447 5722 2543 5779 lib.
2577 5738 2670 5783 vn.
2705 5736 2824 5790 cap.
2858 5720 2946 5775 12.
2988 5718 3220 5793 Dacus.

2100 5796 2211 5865 (θὸ)
2235 5791 2335 5848 An.
2379 5793 2513 5849 Chr.
2552 5794 2686 5847 l527
2718 5801 2975 5847 exeunte.
3012 5791 3214 5846 Ιιοινικ.
