4000 6206
485 316 598 378 587
743 310 815 382 [λ.
860 326 913 364 λιι
952 310 1085 366 679l
1130 326 1196 365 An
1237 308 1397 381 6856]
1686 316 2086 377 Ntcspuoni

2189 317 2539 379 illEGOﬁA;
2851 312 2988 384 (lup.
3028 325 3311 367 monomc.
3348 308 3492 384 sue]
3639 320 3746 384 533

498 427 878 498 Spicabuntur,
921 426 1014 496 qui
1066 428 1134 481 ab
1165 441 1268 481 avo
1298 427 1624 496 imperatore
1667 427 2067 493 deﬁciam,nee

2189 430 2396 500 ἡλικίαν
2424 429 2698 502 νεώτεροι.
2733 426 3074 498 Τεθνὴξομαι
3100 426 3147 481 δ’
3175 426 3303 489 ἴσως
3326 426 3502 496 κάγὼ,
3532 427 3660 500 πρίν
3688 446 3746 484 τι

494 521 548 575 ei
596 535 786 589 parere
837 519 1015 572 velim.
1058 518 1112 571 ιιι
1141 534 1271 571 vero
1301 532 1400 589 ego
1431 533 1607 587 neque
1654 519 1814 587 plane
1861 518 2072 574 inﬁcias

2189 522 2275 592 τῆς
2306 520 2586 601 βασιλείας
2617 521 2863 575 ὄνασθαι.
2894 521 2961 573 Τί
3000 521 3108 589 γὰρ
3140 518 3235 572 τοῦ
3271 518 3567 573 ἀποθανεῖν
3590 522 3745 590 ρᾷον,

2851 312 2988 385 [ινιτ.
3028 325 3311 367 monomc.
3348 308 3492 385 sue]

498 611 719 673 iverim,
754 625 855 664 nec
905 625 1094 662 verum
1128 624 1249 664 esse
1302 609 1460 678 plane
1507 610 1898 665 concesserim.
1936 610 2072 664 Nam

434 748 443 758 .
494 704 542 758 si
595 704 898 758 Romanum
949 702 1237 772 imperium
1301 716 1550 757 crescere
1579 718 1645 756 ac
1675 702 1891 757 dilatari
1939 703 2076 756 lines

497 806 721 850 nostros
780 810 1086 860 cernerem,
1147 794 1386 847 libenter
1446 792 1695 849 sederem
1757 804 1814 849 et
1862 793 2075 848 otiosus

498 904 665 957 quam
708 887 1019 942 diutissime
1055 900 1355 947 manerem,
1386 893 1440 937 et
1471 899 1531 937 ea
1578 899 1673 954 spe
1706 900 1793 938 me
1823 883 2075 938 consola-

499 981 743 1048 rcr,’qua
774 978 829 1041 ii,
852 977 943 1047 qui
972 977 1302 1047 prolixiores
1328 977 1520 1047 epulas
1549 984 1605 1029 et
1632 975 1891 1045 majorem
1912 973 2071 1045 40],

500 1068 747 1123 ciborum
780 1068 1097 1122 varietatem
1127 1068 1195 1123 ab
1217 1068 1331 1124 suis
1355 1069 1551 1138 coquis
1574 1068 1763 1123 vident
1796 1067 2074 1139 apparari.

504 1160 613 1214 Sed
646 1175 771 1213 cum
804 1175 918 1213 rem
956 1159 1257 1213 Romanam
1289 1159 1344 1214 in
1371 1159 1490 1217 dies
1535 1175 1696 1215 ruere
1728 1160 1781 1214 in
1812 1160 2077 1225 deterius,

502 1262 555 1304 et
609 1266 750 1319 Dene
788 1258 914 1304 ante
966 1250 1117 1304 urbis
1186 1250 1552 1320 imperatricis
1608 1262 1794 1321 portas
1843 1251 2079 1307 miseros

498 1342 783 1397 Romanos
841 1339 1074 1393 subinde
1105 1340 1280 1409 abripi
1331 1342 1398 1394 ab
1439 1340 1687 1395 hostibus
1712 1352 1879 1410 atque
1911 1342 2081 1396 inter-

498 1431 593 1484 iixi
631 1432 866 1495 videam,
898 1446 1007 1501 quo
1043 1446 1129 1484 me
1176 1446 1298 1485 esse
1343 1432 1527 1486 animo
1561 1432 1805 1501 putatis?
1828 1432 1905 1487 Ac
1934 1448 2079 1487 mor-

506 1521 696 1575 taliufn
726 1522 948 1591 quidem
980 1522 1230 1592 plerique
1270 1521 1438 1576 futuri
1489 1522 1897 1593 exspectatione
1937 1539 2081 1594 pree-

504 1624 717 1668 sentem
762 1605 1058 1668 maerorem
1086 1615 1289 1692 levant,
1322 1615 1677 1685 quantumvis
1702 1632 1765 1671 ea
1794 1626 2080 1687 exspecta-

502 1709 583 1759 tio
619 1694 755 1759 vana
805 1706 896 1759 sit.
947 1706 1075 1759 Mihi
1118 1723 1249 1761 vero
1299 1723 1368 1761 ne
1416 1706 1552 1761 falsa
1594 1709 1816 1777 quidem
1853 1725 1979 1779 spes
2013 1710 2079 1764 ad

504 1798 695 1851 falsam
748 1797 1178 1852 cetisolationem
1258 1796 1608 1867 relinquitur.
1649 1800 1719 1853 Et
1784 1800 2080 1862 miramini,

503 1887 877 1941 Alexandrum
929 1886 1284 1943 Macedonem
1352 1904 1465 1958 pra:
1521 1892 1691 1945 animi
1757 1891 2084 1961 impotentia

483 1993 646 2048 πει-ο
686 1979 949 2032 ferentem
970 1995 1032 2034 ac
1063 1981 1201 2049 patri
1234 1981 1635 2052 indignantem,
1656 1985 1806 2053 quod
1834 1985 1880 2039 is
1911 1983 2086 2039 victo-

504 2071 618 2125 rias
641 2071 883 2125 victoriis
911 2082 1204 2139 perpetuas
1261 2074 1591 2140 cumularet,
1615 2082 1672 2130 et
1713 2090 1933 2131 omnem
1975 2075 2086 2131 lilio

503 2163 693 2241 gloria:
742 2163 1024 2231 captanda:
1078 2164 1217 2218 viam
1272 2167 1680 2234 quodammodo
1741 2170 2082 2237 prmcideret,

504 2255 697 2323 paucis
728 2253 995 2309 bellorum
1043 2270 1106 2308 ac
1137 2256 1545 2326 triumphorum
1588 2259 1976 2315 occasionibus
2005 2275 2088 2314 re-

504 2343 825 2411 lictis:ego
882 2358 1034 2406 vero,
1085 2344 1173 2397 cui
1230 2344 1390 2413 plane
1441 2348 1785 2402 contrarium
1836 2349 2085 2404 accidere

510 2432 713 2486 videtis
739 2434 884 2494 (nam
939 2434 1069 2486 mihi
1110 2448 1217 2487 non
1256 2444 1469 2490 tantum
1522 2428 1648 2508 spes
1674 2438 1912 2508 imperii,
1941 2440 2084 2509 quod

516 2523 763 2578 funditus
794 2524 958 2592 perit,
1010 2525 1103 2579 sed
1158 2535 1215 2581 et
1273 2526 1502 2584 facultas
1546 2533 1663 2599 ipsa
1710 2531 1996 2588 commode
2026 2548 2089 2588 ac

514 2616 758 2671 suaviter
787 2616 1004 2672 vivendi
1058 2619 1336 2690 eripitur),
1364 2621 1523 2677 vobis
1558 2622 1751 2679 videor
1783 2639 1891 2679 non
1940 2624 2087 2694 juste

472 2705 745 2777 ,dolere?
799 2705 1004 2760 Tamen
1070 2723 1194 2763 cum
1249 2710 1424 2765 otium
1486 2726 1647 2779 agere
1685 2729 1796 2768 non
1846 2730 2086 2784 possem,

513 2798 727 2852 surrexi
770 2807 825 2853 et
871 2799 940 2854 ab
976 2801 1309 2870 imperatore
1356 2818 1461 2858 avo
1496 2805 1645 2859 mille
1671 2815 1881 2860 tantum
1913 2822 2088 2862 arma-

510 2901 600 2945 tos
652 2889 805 2959 petii,
838 2891 1137 2976 pollicitus,
1166 2909 1251 2948 me
1314 2893 1468 2949 ﬁrma
1523 2911 1619 2967 spe
1680 2898 1849 2952 divini
1900 2899 2086 2954 auxilii

506 2980 712 3033 l‘retum
742 2980 909 3035 urbes
965 2980 1231 3047 Bithynia:
1267 2998 1390 3036 cum
1450 2983 1517 3039 iis
1571 2985 1744 3055 copiis
1773 2989 2088 3044 circumitu-

2178 616 2273 667 καὶ
2303 614 2475 668 ταῦτα
2511 614 2785 684 ἀνθρώπῳ
2832 612 3100 675 κινδύνοις
3142 612 3231 665 ἀεὶ
3264 612 3746 685 παραϐαλλομένη»

2179 703 2272 754 καὶ
2299 701 2475 766 οὕτως
2502 702 2810 771 ἀφειδοῦντι
2839 701 2932 756 τοῦ
2967 703 3102 773 ζῇνς
3129 701 3291 764 Ἴσως
3318 701 3363 754 δ’
3383 701 3448 754 ἄν
3477 718 3623 765 τινες
3652 705 3748 756 καὶ

2180 793 2475 866 φιλαρχίαν
2518 796 2702 861 νοσεῖν
2757 811 2825 864 με
2877 794 3279 850 ὐποτοπάσαιεν
3335 794 3747 848 ἀποστατοῦντα

2180 885 2473 955 βλέποντες
2507 885 2600 939 τοῦ
2631 886 2859 940 πάππου
2876 887 2969 938 καὶ
2987 885 3252 957 βασιλέως
3275 886 3369 939 καὶ
3381 886 3481 957 οὐχ
3500 886 3752 941 ὑπείκειν

2176 976 2449 1031 ἐθέλοντα.
2473 976 2563 1049 [Ρ.
2582 975 2716 1049 ειδ]
2736 976 2905 1030 Τοῦτο
2923 978 2968 1030 δ’
2988 975 3114 1030 οὔτε
3131 978 3273 1031 πάνυ
3306 976 3504 1039 τελέως
3527 977 3749 1048 ἀποφή-

2184 1068 2338 1137 σαιμ’
2370 1066 2438 1122 ἂν
2488 1068 2688 1137 ἔγωγε,
2735 1067 2859 1121 οὔτε
2897 1068 3037 1121 πάνυ
3094 1066 3363 1136 συνθείην.
3404 1067 3467 1120 Εἰ
3514 1066 3613 1135 μὲν
3640 1068 3751 1137 γὰρ

2188 1156 2377 1229 ἑώρων
2409 1158 2786 1229 αὐξανομένην
2823 1158 2921 1229 τὴν
2952 1159 3060 1211 τῶν
3117 1158 3406 1227 Ῥωμαίων
3452 1157 3746 1227 ἠγεμονίαν

2184 1251 2280 1303 καὶ
2311 1248 2691 1320 πλατυνΰμενα
2714 1250 2785 1304 τὰ
2814 1250 3063 1321 ἡμέτερα
3089 1250 3235 1323 ὅρια,
3263 1247 3436 1320 ἡδέως
3458 1248 3523 1301 ἂν
3548 1247 3748 1318 ἐκαθῄ-

2187 1357 2296 1409 μτ,ν
2332 1342 2550 1417 μακράν
2574 1358 2698 1394 τινα
2729 1341 2829 1411 τὴν
2862 1340 3095 1411 ἡσυχίαν
3125 1339 3311 1393 ἀσκῶν
3358 1340 3455 1392 καὶ
3494 1338 3750 1400 τοιαύτας

2185 1434 2337 1495 τινας
2388 1430 2599 1500 βόσκων
2644 1431 2892 1499 ἐλπίδας,
2938 1432 3129 1495 όποίας
3170 1432 3268 1484 καὶ
3297 1432 3348 1483 οί
3380 1434 3507 1493 τοὺς
3538 1430 3753 1483 ἑαυτῶν

2183 1524 2484 1595 ὀψονόμους
2521 1524 2760 1594 ὁρῶντες
2805 1522 3153 1594 μακροτέραν
3193 1522 3330 1591 ὁμοῦ
3366 1523 3464 1575 καὶ
3500 1521 3759 1575 ποικιλω-

2177 1615 2479 1686 ,τέραντὴν
2512 1612 3442 1685 πανδαισίαν’παρασκευάζοντας.
3499 1614 3651 1665 Ἐπεὶ
3696 1610 3757 1665 δὲ

2184 1709 2308 1764 καθ’
2338 1711 2556 1780 ἡμέραν
2587 1709 2698 1780 δρῶ
2749 1709 2887 1780 πρὸς
2927 1709 2987 1762 τὸ
3020 1708 3442 1779 δυστυχέστερον
3472 1704 3753 1761 συνωθού-

2189 1819 2325 1873 μενα
2359 1802 2429 1854 τὰ
2469 1801 2760 1870 Ῥωμαίων
2803 1801 3109 1871 πράγματα
3155 1801 3249 1853 καὶ
3293 1799 3399 1870 πρὸ
3427 1799 3535 1852 τῶν
3565 1796 3758 1851 πυλῶν

2190 1895 2414 1965 μονονοὺ
2462 1892 2563 1963 τῆς
2615 1892 3006 1963 βασιλευούσης
3048 1889 3464 1961 ἁρπαζομένους
3504 1891 3628 1952 τοὺς
3660 1904 3762 1940 τα-

2186 1987 2501 2057 λαιπώρους
2554 1986 2859 2055 Ῥωμαίους
2910 1986 3006 2039 καὶ
3047 1984 3451 2054 σφαττομένους
3500 1983 3605 2034 ὑπὸ
3641 1980 3761 2033 τῶν

2188 2076 2461 2145 πολεμίων
2493 2075 2603 2141 ἀεὶ,
2626 2075 2749 2129 τίνα
2777 2076 2841 2128 ἂν
2870 2076 3047 2129 οἴεσθέ
3082 2094 3149 2146 με
3182 2076 3410 2147 καρδίαν
3441 2075 3610 2145 ἔχεως
3642 2074 3763 2127 Καὶ

2185 2169 2235 2219 οί
2269 2166 2369 2236 μὲν
2418 2166 2640 2229 πλείους
2688 2166 2798 2220 τῶν
2844 2166 3148 2235 ἀνθρώπων
3176 2166 3277 2230 τὰς
3310 2165 3534 2229 ἐλπίδας
3569 2163 3764 2234 ἔχουσι

2187 2257 2285 2324 τῆς
2315 2240 2619 2325 ἐνεστώσης
2651 2255 2828 2327 λύπης
2857 2237 3175 2325 φάρμακον,
3199 2254 3293 2308 καὶ
3319 2258 3366 2308 εί
3387 2254 3600 2325 ψευδεῖς
3619 2249 3761 2308 εἴη’

2187 2350 2310 2417 ἐμοὶ
2338 2347 2395 2402 δὲ
2424 2347 2547 2401 οὐδὲ
2577 2347 2795 2417 ψευδεῖς
2827 2347 3039 2411 ἐλπίδες
3078 2348 3360 2402 λείπονται
3390 2346 3527 2417 πρὸς
3555 2345 3764 2416 ψευδό-

2190 2456 2350 2507 μενον
2385 2440 2752 2509 παραμύθιον.
2782 2435 2915 2492 Εἶτα
2942 2440 3033 2491 τὸν
3058 2440 3119 2491 ἐκ
3139 2437 3478 2500 Μακεδονίας
3509 2435 3766 2500 Ἀλέξαν-

2186 2528 2308 2597 δρον
2347 2529 2434 2582 διὰ
2462 2529 2741 2599 θαύματος
2778 2530 2963 2597 ἄγετε,
2992 2529 3411 2599 δυσχεραίνοντα
3442 2526 3532 2580 διὰ
3559 2543 3766 2597 μικρο-

2187 2620 2390 2690 ψυχίαν
2426 2622 2522 2674 κοιλ¹
2562 2621 2862 2691 ἀχθόμενον
2894 2622 2971 2691 τῷ
3001 2623 3191 2690 πατρὶ,
3236 2621 3320 2674 ὃτι
3366 2620 3520 2682 νίκας
3552 2621 3647 2672 ἐπὶ
3677 2620 3764 2671 νίς

2191 2727 2316 2775 καις
2347 2710 2662 2783 προσετίθει
2701 2712 2969 2784 διηνεκῶς
3008 2712 3105 2766 καὶ
3149 2712 3481 2781 ὑπετέμνετο
3508 2708 3600 2763 τοῦ
3632 2727 3767 2762 παι-

2187 2802 2277 2864 δὸς
2307 2801 2382 2864 ὡς
2416 2801 2483 2864 ἂν
2514 2798 2659 2851 εἴποι
2689 2816 2774 2862 τις
2811 2800 2872 2852 τὸ
2902 2800 3204 2870 φιλότιμον,
3248 2800 3621 2870 μετριωτέρας
3659 2814 3765 2851 κα-

2187 2888 2547 2964 ταλιμπάνων
2578 2891 2727 2960 αύτῷ
2763 2891 3067 2959 προφάσεις
3111 2891 3424 2960 πολεμικῶν
3450 2891 3762 2961 τροπαίων

2190 2989 2288 3059 ἐμὲ
2320 2988 2374 3041 δὲ
2401 2983 2815 3039 τάναντιώῖατα
2849 2988 3125 3055 πάσχοντα
3172 2985 3461 3052 βλέποντες
3515 2986 3612 3037 καὶ
3656 2984 3763 3054 ζη-

502 3087 661 3137 Itttn,
710 3083 875 3141 atque
909 3086 973 3124 ex
1008 3074 1157 3125 omni
1194 3083 1348 3142 parte
1400 3084 1546 3131 tutas
1605 3079 1998 3146 praestiturum,
2032 3093 2086 3135 et

2193 3084 2489 3152 μιούμενον
2526 3079 2602 3149 μὴ
2633 3077 2796 3149 μόνον
2828 3078 2925 3140 τὰς
2955 3078 3050 3145 τῆς
3082 3078 3251 3147 ἀρχῆς
3287 3076 3507 3140 ἐλπίδας
3536 3077 3625 3130 διά
3659 3079 3764 3147 τὴν

510 3175 678 3229 quam
704 3159 1026 3231 longissime
1059 3158 1244 3214 hostes
1265 3161 1738 3231 propulsaturum,
1762 3166 2082 3238 priusquam

518 3252 681 3305 iidem
721 3251 830 3305 illis
881 3251 1015 3320 ipsis
1044 3250 1274 3306 urbibus
1325 3252 1501 3323 captis
1538 3256 1776 3312 claustra
1833 3260 2083 3328 opposita

516 3344 813 3415 trangressi
843 3342 1161 3415 Byzantium
1195 3343 1536 3401 obsiderent.
1567 3346 1778 3415 Quibus
1800 3349 1891 3405 ille
1919 3365 2084 3423 nega-

514 3441 590 3493 tis
649 3451 736 3491 me
792 3437 1004 3491 hostem
1046 3437 1261 3507 judieat
1300 3446 1354 3492 et
1401 3439 1721 3509 gravissima
1764 3440 1926 3513 402
1952 3446 2084 3502 mihi

519 3533 875 3598 imprecetur.
905 3524 1048 3591 Quin
1107 3534 1163 3579 et
1208 3526 1439 3581 erimina
1478 3529 1689 3600 objicit,
1720 3545 1784 3585 ea
1810 3532 2084 3599 videlicet,

506 3637 638 3691 quae
665 3620 785 3689 ejus
812 3633 941 3690 erga
974 3632 1059 3672 me
1099 3618 1284 3672 odium
1325 3633 1587 3674 excusare
1616 3622 1847 3691 possint.
1887 3622 2086 3690 Unum,

507 3712 664 3780 quod
711 3709 985 3780 publicam
1026 3709 1341 3778 pecuniam,
1381 3719 1649 3779 potestate
1689 3727 1902 3767 summa
1934 3730 2085 3782 usus,

501 3803 821 3856 .ademerim
851 3801 944 3853 uni
972 3814 1038 3855 ex
1063 3799 1392 3869 publicanis.
1420 3800 1549 3856 Mihi
1584 3818 1717 3857 vero
1746 3818 2088 3876 nequaquam

514 3895 819 3951 absurdum
849 3907 968 3948 esse
995 3892 1171 3947 visum
1204 3903 1308 3957 est,
1332 3907 1457 3947 cum
1482 3902 1539 3949 et
1567 3894 1864 3964 imperator
1891 3897 2086 3968 forem,

517 3998 576 4042 et
607 4001 800 4056 magna
841 3984 1024 4054 inopia
1071 3999 1372 4054 premerer,
1398 3985 1442 4040 si
1478 4000 1642 4055 quam
1668 4002 1805 4043 avus
1851 3988 2090 4059 impera-

520 4090 610 4133 tor
633 4079 926 4148 denegaret
954 4090 1061 4129 non
1098 4090 1347 4147 magnam
1379 4078 1623 4146 pecunia:
1662 4090 2089 4148 summam,eam

504 4169 789 4223 .tnilitibus
812 4167 928 4237 ipse
948 4165 1306 4220 concederem
1336 4165 1405 4221 ad
1435 4166 1708 4236 parandas
1735 4169 1840 4224 sibi
1874 4186 1961 4227 res
1993 4187 2091 4228 ne—

523 4260 807 4314 cessarias.
833 4258 1079 4312 Alterum
1133 4256 1344 4311 crimen
1398 4257 1679 4327 objicitur,
1725 4262 1872 4330 quod
1918 4262 2094 4320 Thra-

523 4352 623 4406 cia:
645 4348 943 4421 provinciis
971 4357 1026 4403 et
1052 4347 1280 4402 urbibus
1301 4348 1565 4417 quosdam
1597 4349 1668 4403 ab
1706 4366 1774 4405 eo
1825 4356 2089 4424 praeposi-

2190 3172 2430 3243 παντελῆ
2463 3169 2669 3241 φθορὰν
2703 3169 2895 3237 αὐτῆς,
2922 3167 3058 3221 ἀλλὰ
3090 3173 3186 3222 καὶ
3219 3167 3382 3222 αὐτὸν
3416 3167 3481 3238 δὴ
3519 3168 3609 3221 τὸν
3634 3167 3768 3237 δρό-

2192 3280 2291 3333 μον
2334 3261 2427 3315 τοῦ
2466 3260 2525 3313 εὖ
2568 3258 2669 3330 ζῇν
2697 3258 2756 3310 ού
2801 3257 3027 3321 δικαίως
3064 3256 3311 3325 νομίζετε
3341 3257 3763 3326 δυσχεραὲνεινς

2189 3354 2377 3423 Ὅμως
2395 3351 2506 3418 ἐγὼ
2527 3351 2602 3422 μὴ
2624 3350 2921 3420 δυνάμενος
2942 3349 3167 3419 ἡσυχίαν
3182 3350 3336 3417 ἄγειν
3360 3347 3646 3418 διανέστην
3670 3351 3768 3403 καὶ

2188 3444 2445 3515 ἀπῄτησα
2492 3443 2644 3514 παρὰ
2692 3442 2787 3496 τοῦ
2829 3441 3101 3512 βασιλέως
3140 3443 3234 3495 καὶ
3276 3442 3505 3495 πάππου
3534 3439 3766 3509 δοθῆναί

2194 3555 2283 3609 μοι
2335 3540 2533 3608 μόνους
2572 3536 2776 3606 χιλίους
2811 3534 3057 3598 ὁπλίτας,
3093 3534 3468 3604 ὑποσχόμενος
3519 3533 3613 3587 διὰ
3658 3533 3764 3604 τῆς

2193 3631 2331 3701 πρὸς
2360 3629 2494 3683 Θεὸν
2530 3630 2812 3701 ἀρῤαγοῦς
2833 3628 3050 3690 ἐλπίδος
3081 3624 3475 3698 περιέρχεσθαι
3510 3627 3629 3695 μετ’
3657 3628 3766 3679 αὖ·

2189 3724 2298 3776 τῶν
2336 3723 2433 3775 καὶ
2490 3723 2888 3792 περιφρουρείν
2939 3721 3037 3784 τὰς
3078 3722 3137 3773 ἐν
3179 3720 3403 3790 Βιθυνίᾳ
3451 3717 3632 3781 πόλεις
3663 3719 3767 3772 καὶ

2190 3815 2481 3869 ἀποσοϐεῖν
2504 3815 2581 3878 ὠς
2609 3815 2831 3883 ἐφικτὸν
2856 3814 2980 3877 τοὺς
3003 3813 3230 3884 ἐχθροὺς
3260 3814 3450 3885 πόρρω
3471 3829 3592 3877 που,
3627 3813 3767 3883 πρὶν

2191 3906 2409 3969 ὲκείνας
2438 3904 2882 3976 χειρωσαμένους
2912 3905 3008 3959 καὶ
3031 3906 3320 3975 φραγμοὺς
3339 3888 3631 3967 διαϐάντας
3656 3922 3765 3958 πο-

2191 4000 2432 4069 λιορκεῖν
2469 3999 2531 4051 τὸ
2574 3997 2887 4063 Βυζάντιον.
2935 3998 2994 4051 ’0
3055 3999 3112 4051 δὲ
3150 3996 3227 4067 μὴ
3261 3996 3438 4061 διδοὺς
3474 4000 3566 4052 καὶ
3601 4000 3769 4053 πολέ-

2196 4109 2320 4162 μιον
2352 4092 2555 4162 ἥγηται
2596 4093 2692 4145 καὶ
2740 4090 3017 4161 ἐπαρᾶται
3050 4107 3141 4161 μοι
3171 4091 3240 4144 τὰ
3267 4090 3567 4145 δεινότατα.
3617 4092 3771 4164 Προ-

2194 4183 2351 4251 φέρει
2388 4200 2482 4252 μοι
2536 4180 2594 4234 δὲ
2652 4182 2746 4235 καὶ
2799 4176 3139 4252 ἐγκλήματα,
3195 4183 3367 4237 ὁπόσα
3425 4183 3488 4237 τὸ
3538 4182 3771 4252 εὔλογον

2193 4274 2354 4345 δῆθεν
2386 4273 2535 4344 αὐτῷ
2563 4272 2698 4344 πρὸς
2728 4273 2789 4327 τὸ
2821 4276 3002 4342 μισεῖν
3049 4291 3116 4343 με
3157 4274 3371 4331 δίδωσιν
3391 4291 3404 4305 ⁶
3434 4276 3495 4330 ἒν
3526 4276 3647 4347 μὲν,
3679 4278 3773 4331 ὅτι

2196 4366 2348 4419 κοινά
2375 4366 2637 4435 χρήματα
2665 4365 2956 4435 δυναστείᾳ
2988 4364 3336 4434 χρησάμενος
3361 4367 3479 4430 ἑνὸς
3513 4369 3621 4421 τῶν
3653 4369 3776 4436 ἕξι-

529 4454 611 4495 tos
664 4442 780 4511 ipse
833 4441 1027 4509 inOpcs
1063 4453 1127 4493 ac
1169 4438 1349 4493 nudos
1371 4438 1609 4510 ejiciam.
1635 4440 1788 4508 Quod
1822 4456 1879 4499 et
1907 4444 2086 4513 ipsum

2197 4458 2387 4512 σωτῶν
2425 4455 2751 4525 ἀφειλόμην.
2780 4455 2951 4509 Τοῦτο
2992 4456 3037 4509 δ’
3070 4455 3223 4509 οὐδὲν
3253 4458 3375 4526 ἐμοὶ
3401 4459 3511 4511 τῶν
3542 4461 3778 4519 ἀτόπων

522 4532 671 4587 haud
729 4532 949 4602 injuria,
996 4538 1056 4584 ut
1104 4529 1322 4600 opinor,
1361 4531 1461 4586 sed
1515 4534 1831 4603 aequissima
1879 4538 2093 4594 ratione

524 4626 689 4678 facio.
726 4624 860 4679 Nam
902 4623 1002 4688 illi,
1028 4638 1151 4675 cum
1185 4622 1414 4678 miseros
1447 4622 1687 4682 Thraces
1718 4628 1901 4684 multis
1930 4645 2094 4685 num-

524 4718 631 4771 inis
660 4716 975 4785 redemptos
1024 4713 1126 4769 sibi
1172 4714 1435 4785 obtigisse
1468 4720 1821 4785 contendant,
1856 4721 1923 4776 iis
1940 4724 2098 4793 pejus

522 4826 689 4880 quam
720 4807 1006 4877 mancipiis
1041 4816 1290 4861 utuntur.
1334 4806 1525 4878 Itaque
1554 4810 1611 4864 hi
1652 4823 1881 4882 cogente
1908 4830 2098 4871 neces-

525 4904 707 4965 sitate,
739 4916 862 4954 cum
893 4900 1054 4954 saluti
1087 4914 1197 4953 suae
1227 4902 1513 4955 consulere
1545 4902 1705 4959 aliter
1727 4922 1834 4960 non
1861 4910 2094 4977 possint,

512 4993 719 5047 iﬂentes
740 5006 803 5045 ac
832 4991 1195 5044 lamentantes
1228 4990 1293 5044 ad
1318 5006 1402 5046 me
1439 5004 1768 5059 accurrunt;
1799 5007 1961 5067 atque
1998 5015 2100 5066 ego

527 5095 636 5136 tam
682 5083 922 5151 iniquam
962 5097 1156 5136 eorum
1200 5092 1403 5137 sortem
1452 5086 1745 5143 miseratus
1788 5106 1885 5144 eos
1929 5108 2099 5146 conor

525 5177 783 5231 liberare.
824 5174 987 5243 Atqui
1040 5174 1315 5244 plerisque
1355 5176 1574 5233 omissis
1625 5179 1788 5235 hodie
1833 5180 1899 5236 ad
1931 5185 2094 5239 aliam

512 5268 954 5339 postulationem
1009 5266 1150 5322 hanc
1194 5268 1489 5331 descendo,
1520 5282 1579 5324 ut
1635 5272 1771 5326 mihi
1811 5274 2098 5343 solvantur

526 5370 653 5413 octo
684 5358 850 5411 mihia
902 5373 1215 5440 aureorum,
1259 5346 1689 5428 quaa'miiitibus
1737 5363 1873 5418 meis
1901 5365 2096 5429 debeo,

526 5454 621 5522 qui
655 5452 813 5521 longo
839 5452 950 5521 jam
979 5460 1224 5511 tempore
1256 5466 1468 5505 mecum
1523 5453 1727 5506 incerta
1762 5456 1979 5511 fortuna
2012 5476 2099 5512 va-

518 5553 744 5614 gantur.
775 5546 893 5609 Quo
923 5550 1065 5597 tacto
1098 5543 1235 5596 nihil
1266 5546 1503 5613 amplius
1530 5562 1631 5601 avo
1665 5548 1983 5617 imperatori
2014 5568 2097 5606 re-

517 5635 801 5705 .tragabor.
827 5654 847 5686 ι

2191 4549 2335 4616 ἔδοξε
2367 4545 2582 4618 βασιλεῖ
2610 4563 2670 4599 τε
2719 4547 2834 4600 δντι
2867 4547 2958 4600 καὶ
2989 4548 3182 4599 σπάνει
3214 4548 3381 4620 πολλῇ
3430 4548 3781 4625 πιεζομένῳ,

2198 4642 2272 4713 μὴ
2325 4641 2527 4695 διδόναι
2581 4638 2827 4703 θέλοντος
2872 4638 2967 4691 τοῦ
3006 4638 3273 4709 βασιλέως
3298 4643 3394 4695 καὶ
3436 4645 3692 4711 πάππου,
3730 4651 3784 4702 εί

2193 4736 2307 4797 τοῖς
2334 4731 2697 4800 στρατιώταις
2720 4729 3069 4784 ἐνδεδωκέναι
3103 4730 3380 4799 ἐξεγένετο
3412 4737 3614 4804 μερικά
3644 4755 3785 4792 τινα

2199 4827 2457 4894 χρήματα
2487 4823 2771 4893 εἰληφέναι
2823 4822 3105 4891 πορισμοῦ
3132 4841 3275 4886 τινος
3308 4826 3417 4878 τῶν
3448 4830 3787 4895 ἀναγκαίων

2196 4919 2405 4970 εἵνεκα.
2446 4916 2709 4984 Δεύτερον
2737 4914 2916 4978 eum
2948 4915 3056 4967 τῶν
3075 4916 3168 4969 ὑπ’
3197 4917 3360 4970 αὑτοῦ
3392 4921 3785 4989 πεμπομένων

2196 5008 2508 5077 ἐπιτρόπων
2536 5008 2615 5069 είς
2636 5008 2736 5068 τὰς
2762 5006 3043 5077 Θρᾳκικάς
3073 5009 3254 5077 χώρας
3288 5010 3379 5063 καὶ
3408 5010 3590 5074 πόλεις
3614 5012 3786 5067 ἔστιν

2194 5100 2287 5163 οὓς
2316 5100 2686 5169 ἔξοστρακίζω
2708 5102 2915 5163 κενούς.
2942 5103 3053 5156 Καὶ
3072 5104 3229 5157 τοῦτο
3258 5104 3304 5158 δ’
3334 5104 3508 5174 ἔγωγε
3541 5108 3786 5178 πράττω

2195 5194 2296 5246 οὐκ
2314 5191 2535 5257 ἀδικῶν,
2554 5192 2628 5255 ὡς
2665 5194 2849 5263 ἔμοιγε
2881 5194 3153 5262 φαίνεται,
3174 5197 3308 5252 ἀλλὰ
3338 5202 3432 5254 καὶ
3461 5203 3603 5270 μάλα
3625 5207 3787 5258 κατὰ

2197 5285 2260 5336 τὸ
2276 5283 2515 5350 εὔλογον.
2542 5285 2817 5337 Πλείστων
2837 5289 2944 5357 γὰρ
2960 5288 3240 5359 είληφέναι
3258 5294 3560 5361 χρημάτων
3576 5293 3792 5359 ὠνίους

2198 5370 2591 5440 διατεινάμενοι
2634 5372 2762 5433 τοὺς
2798 5374 3181 5444 ταλαιπώρους
3215 5376 3437 5447 Θρᾷκας
3468 5379 3792 5446 ἀπηνέστε-

2200 5478 2293 5531 ρον
2326 5461 2356 5530 ἧ
2387 5462 2741 5530 ἀνδραπόδοις
2771 5464 3010 5530 χρῶνται
3061 5468 3269 5529 αὐτοῖς.
3304 5466 3391 5538 [Ρ.
3422 5467 3549 5541 ἓιίυ]
3590 5471 3655 5523 Οῖ
3714 5472 3790 5542 δὴ

2204 5556 2299 5607 καὶ
2347 5554 2438 5605 ὑπ’
2474 5555 2509 5605 ἀ
2543 5555 2717 5622 ἁγκης
2756 5555 3153 5625 συνωθούμενοι
3203 5560 3297 5611 καὶ
3341 5560 3440 5631 τὴν
3484 5562 3792 5625 σώζουσαν

2199 5646 2368 5714 τύχην
2394 5647 2493 5698 οὐκ
2521 5649 2732 5716 ἔχοντες
2757 5648 2880 5702 ὅθεν
2916 5650 3235 5718 πορίσαιντο
3270 5651 3404 5723 πρὸς
3438 5655 3536 5724 ἐμὲ
3572 5657 3794 5710 κλᾶον-

515 5742 620 5787 ξτες
678 5728 772 5781 καὶ
819 5729 1211 5801 ὀλοφυρόμενοι
1250 5730 1523 5803 τρέχουσι.
1580 5735 1719 5806 Πρὸς
1759 5732 1854 5792 οὖν
1916 5737 2015 5809 τὴν
2084 5741 2340 5810 τοιαύτην
2390 5740 2755 5815 ἀπάνθρωπον
2824 5745 3110 5815 συμφορὰν
3159 5747 3543 5818 καμπτόμενος
3592 5749 3792 5805 dna}.-
