4000 6206
450 336 459 351 Α,
491 301 595 368 595
774 301 851 375 [μ
892 318 949 356 u.
988 303 1118 359 679i
1167 320 1237 360 AD
1274 304 1437 375 68561

1695 309 1739 367 Ν
1750 309 2116 369 ICEPIIOBI
2155 299 2544 371 GREGOR/E

2791 307 2925 381 [ιιιρ.
2969 320 3254 367 Αηοιιοιιια.
3297 309 3439 384 sem]

3617 317 3721 383 596

492 419 710 474 latenus
751 422 1207 481 admittebantur.
1250 425 1359 482 Sed
1403 434 1457 481 et
1504 426 1772 481 acerrime
1820 423 2050 494 repelle-

2156 425 2254 480 οὑκ
2283 425 2429 497 εἶχεν
2447 428 2580 491 ὅλως
2607 427 2718 483 οὔτ’
2748 433 2933 496 αὐτὸς,
2967 432 3092 486 οὕτε
3126 430 3196 486 τὰ
3241 433 3379 502 πρδς
3426 433 3590 487 αὐτοῦ
3638 436 3731 487 λα-

487 510 673 593 batur,
699 512 973 583 lapidibus
1003 531 1238 586 superne
1264 518 1540 587 appetitus
1569 519 1638 573 ab
1671 518 1737 574 iis
1756 559 1770 582 ,
1801 517 1892 601 qui
1922 530 2050 585 pro-

487 604 796 673 pugnacula
851 608 1118 662 moenium
1177 610 1513 675 tuebantur;
1577 609 1671 681 qui
1735 604 2049 666 ne'vocem

483 693 708 761 quidem
731 697 852 767 ejus
883 697 1154 766 ferebant,
1179 716 1414 771 eumque
1442 700 1860 757 contumeliosis
1886 699 2050 754 dictis

486 783 713 853 impune
761 788 1113 845 incessebant
1151 801 1207 847 et
1247 793 1613 862 ignominiosa
1657 793 2045 857 dimittebant,

484 877 764 947 ingenium
787 892 841 936 et
872 884 1035 938 verba
1066 885 1186 953 ejus
1213 886 1341 941 dolo
1375 887 1532 956 plena
1563 901 1683 942 esse
1710 885 2046 940 dictitantes.

481 966 674 1040 Itaque
700 972 791 1028 ille
815 974 897 1029 sic
920 975 1183 1035 dimissus
1202 979 1487 1048 paululum
1503 996 1530 1034 a
1552 993 1711 1035 muro
1728 977 2057 1043 declinavit,

549 1146 614 1203 ll.
655 1149 774 1205 Nox
803 1167 934 1207 vero
959 1154 1069 1223 jam
1099 1155 1292 1210 aderat
1318 1196 1331 1218 ,
1365 1172 1492 1212 cum
1528 1158 1751 1228 quidam
1776 1174 1805 1213 e
1833 1157 2044 1228 plebeia

479 1241 637 1297 turba
675 1242 927 1312 factiosi,
979 1248 1128 1317 iique
1180 1264 1291 1303 non
1338 1251 1539 1319 pauci,
1586 1251 1726 1305 clam
1771 1251 1827 1306 in
1873 1268 2041 1306 unum

477 1332 660 1388 locum
694 1338 1008 1407 congregati
1057 1341 1273 1395 oceulte
1319 1341 1398 1395 illi
1444 1341 1787 1411 signiﬁcant,
1838 1352 1900 1397 ut
1941 1343 2044 1398 sub

477 1425 713 1480 mediam
743 1440 959 1484 noctem
988 1474 1000 1496 ,
1033 1446 1145 1500 quo
1184 1442 1432 1504 tempore
1472 1443 1528 1489 et
1568 1434 1810 1505 Byzantii
1852 1449 2043 1490 omnes

477 1520 755 1576 dormiant
800 1530 856 1577 et
907 1524 1172 1580 moenium
1231 1526 1495 1583 custodes
1535 1510 2041 1598 ad‘negligentiam

473 1613 586 1669 labi
622 1613 927 1685 incipiant,
962 1618 1213 1687 proxime
1265 1620 1466 1674 moenia
1513 1622 1720 1676 veniat.
1771 1620 1841 1676 Se
1892 1621 2039 1674 enim

473 1714 698 1771 paratos
731 1720 852 1761 esse
886 1707 955 1762 ad
985 1723 1110 1762 eum
1146 1708 1274 1764 fune
1311 1709 1365 1764 in
1411 1711 1824 1788 propugnacula
1869 1719 2042 1764 attra-

479 1794 752 1850 hendum.
802 1796 958 1862 Quod
1009 1798 1055 1853 si
1108 1798 1302 1864 ﬁeret,
1355 1809 1531 1855 totum
1590 1801 1869 1871 negotium
1924 1800 2043 1856 fore

472 1884 809 1940 conlectum.
861 1888 1188 1943 Persuasum
1245 1889 1450 1959 quippe
1499 1890 1704 1945 habere
1760 1905 1850 1954 se,
1888 1888 1933 1944 si
1986 1890 2039 1944 in

475 1977 659 2033 media
691 1982 828 2035 urbe
858 1981 1294 2051 conspiceretur,
1324 1982 1612 2054 Byzantios
1637 1997 1831 2039 omnes
1858 1981 2044 2037 statim

476 2070 545 2125 ad
575 2086 701 2125 eum
732 2071 1071 2130 defecturos.
1105 2074 1283 2129 Media
1305 2076 1415 2146 jam
1447 2085 1640 2140 nocte,
1675 2089 1799 2130 cum
1831 2073 2047 2129 videret

477 2162 777 2232 imperator
820 2166 1168 2222 excubitores
1202 2176 1527 2237 perpetuam
1562 2176 1781 2222 noctem
1815 2164 2045 2221 alternis

479 2260 849 2315 custodiendo
904 2262 1245 2332 transigere,
1299 2269 1356 2316 et
1410 2261 1651 2317 assiduis
1705 2259 2045 2316 clamoribus

474 2349 714 2404 invicem
748 2350 819 2405 ad
850 2350 1187 2419 vigilandum
1237 2351 1519 2406 exhortari
1573 2367 1681 2407 nou
1736 2349 2041 2416 desistere;

477 2441 811 2498 necessitate
863 2444 1091 2510 adactus
1144 2458 1203 2498 se
1249 2445 1429 2514 ipsum
1479 2459 1604 2499 cum
1653 2443 2044 2498 Cantacuzeno

477 2548 675 2604 magno
704 2534 1008 2590 domestico
1041 2544 1095 2592 et
1128 2534 1416 2607 Synadcno
1451 2536 1859 2607 protostratore
1888 2533 2044 2589 navi—

477 2625 615 2680 culae
650 2627 966 2690 committit,
998 2629 1384 2699 dcclinalaque
1415 2628 1642 2685 australi
1684 2626 1846 2684 Urbis
1876 2626 2043 2698 λωθ

475 2726 634 2787 parte
670 2720 871 2774 sensim
910 2718 978 2775 ad
1015 2723 1243 2776 alteram
1277 2722 1454 2790 ripam
1491 2721 1837 2791 provehitur,
1871 2719 2045 2773 mari-

482 2811 676 2866 timum
711 2828 929 2868 murum
963 2815 1126 2870 tacite
1176 2816 1543 2879 circumiens,
1593 2814 1775 2869 sicubi
1827 2812 2041 2867 facilem

478 2903 788 2972 ingressum
829 2904 1076 2973 reperire
1121 2916 1329 2974 posset.
1377 2904 1534 2970 Quod
1581 2904 1616 2958 ii
1663 2904 1754 2974 qui
1807 2903 1861 2957 in
1910 2918 2045 2959 mu:-

476 2993 642 3048 nibus
671 2995 1015 3049 excubabant
1045 3010 1170 3049 cum
1200 2994 1538 3060 sensissent,
1576 2997 1827 3065 asperius
1856 3004 1912 3048 et
1945 2992 2049 3048 vo-'

2154 521 2410 593 λούμενοι.
2466 522 2835 578 Ἐδιώκετο-δὲ
2871 525 3017 596 μάλα
3048 525 3293 593 σφοδρῶς
3323 524 3493 589 λίθοις
3516 525 3734 595 βαλλόν-

2150 630 2259 667 των
2285 614 2448 668 αὐτὸν
2486 615 2598 668 τῶν
2623 616 2734 671 ἀνω
2758 617 2910 687 παρά
2947 616 3045 679 τὰς
3093 615 3341 681 ἐπάλξεις
3394 615 3488 669 τοῦ
3518 618 3734 687 τείχους

2150 705 2495 776 καθημένων,
2534 707 2585 761 οἶ
2604 709 2720 762 οὐδὲ
2753 709 2936 778 φωνῆς
2962 707 3126 762 αὐτοῦ
3167 707 3729 779 ἀκούεινηὴνείχοντο·

2149 797 2284 852 ἀλλά
2312 799 2402 851 καλ⁸
2429 798 2652 868 ὕϐρεσιν
2684 799 2914 854 ἔπλυνον
2947 799 3118 859 ἀδεῶς
3150 800 3245 853 καὶ
3296 799 3553 869 ἀσέμνως
3597 801 3731 854 ἀπέ-

2150 886 2389 959 πεμπον,
2441 888 2823 960 δεδολιευμένα
2853 889 3151 956 φάσκοντες
3197 884 3337 943 εἶναι
3395 889 3463 943 τά
3503 905 3565 943 τε
3621 891 3728 962 ἢθη

2148 982 2244 1036 καὶ
2300 981 2431 1045 τοὺς
2483 982 2675 1050 λόγους
2722 981 2914 1036 αὑτοῦ.
2958 984 3196 1045 Ἐκεῖνος
3249 983 3350 1051 μὲν
3404 978 3499 1036 οὖν
3552 981 3727 1047 οὕτως

2147 1071 2527 1140 ἀποπεμφθεὶς
2558 1072 2830 1137 ἐξέκλινεν
2860 1071 2968 1125 ἀπὸ
3007 1072 3100 1126 τοῦ
3126 1073 3340 1142 τείχους
3368 1073 3580 1142 μικρόν.

2219 1164 2293 1218 B'.
2335 1164 2451 1229 Νὺξ
2474 1163 2527 1218 Et
2553 1164 2652 1235 ἤδη
2687 1168 2867 1235 παρῆν
2893 1164 2988 1218 καί
3015 1182 3159 1227 τινες
3178 1164 3288 1216 τῶν
3311 1164 3405 1217 τοῦ
3445 1163 3713 1218 πολιτικοῦ

2146 1253 2321 1323 δήμου
2393 1253 2708 1307 στασιωτῶν
2762 1254 2862 1307 οὐκ
2911 1253 3105 1323 όλίγοι,
3141 1252 3610 1324 συναθροισθέντες
3639 1255 3717 1316 εἰς

2146 1344 2204 1397 ἓν
2243 1345 2416 1415 λάθρα
2442 1344 2617 1417 τούτῳ
2668 1345 3085 1420 διεμηνύσαντο,
3133 1344 3359 1414 ἔγγιστα
3405 1344 3723 1414 ἐληλυθέναι

2146 1437 2239 1490 τοῦ
2271 1437 2485 1507 τείχους
2519 1437 2647 1509 περὶ
2681 1437 2850 1506 μέσας
2882 1436 3106 1502 νύκτας,
3132 1438 3290 1490 ὁπότε
3313 1436 3406 1491 καὶ
3436 1435 3725 1500 Βυζάντιοι

2146 1529 2345 1592 πάντες
2374 1526 2712 1592 ύπνώττουσι
2750 1528 2845 1582 καὶ
2877 1529 2927 1582 οἱ
2969 1530 3062 1581 ὲπι
3106 1528 3202 1582 τοῦ
3248 1528 3460 1597 τείχους
3491 1528 3727 1597 φρουροὶ

2147 1620 2280 1688 πρὸς
2308 1619 2366 1671 τὸ
2418 1620 2786 1692 ῥᾳθυμότερον
2838 1619 3254 1676 ἀναπίπτουσιν.
3294 1619 3577 1689 Ἑτοίμους
3612 1618 3728 1688 γὰρ

2147 1711 2283 1767 εἶναι
2306 1714 2445 1783 σφᾶς
2476 1713 2842 1782 ἀνιμήσασθαι
2861 1713 3022 1768 αὑτὸν
3041 1715 3129 1767 διὰ
3159 1713 3421 1784 μηρίνθου
3442 1713 3588 1775 τινδς
3611 1711 3730 1765 ἀπὸ

2145 1806 2252 1858 τῶν
2271 1804 2565 1870 ἐπάλξεων.
2590 1805 2674 1877 [Ρ.
2696 1805 2999 1876 ἓὸοιτοῦτο
3018 1804 3063 1858 δ’
3078 1807 3126 1858 εί
3147 1804 3375 1874 γένοιτο,
3397 1804 3567 1874 πέρας
3585 1799 3732 1856 εἶναι

2144 1898 2245 1967 τῆς
2267 1897 2394 1966 ὅλης
2417 1897 2651 1966 σπουδῆς
2682 1895 2777 1950 καὶ
2798 1896 2890 1950 τοῦ
2922 1895 3134 1966 μακροῦ
3161 1896 3384 1966 δρόμου.
3418 1895 3733 1962 Πεπεισμέο

2146 2006 2269 2051 νους
2290 1988 2397 2058 γάρ
2421 1983 2580 2053 εἶναι,
2608 1987 2813 2050 πάντας
2835 1987 3162 2051 Βυζαντίους
3181 1986 3343 2050 εὐθὺς
3362 1984 3734 2066 ἀκολουθῆσαι

2147 2080 2369 2150 φανέντι
2425 2079 2555 2151 περὶ⁸
2598 2079 2771 2151 μέσην
2823 2079 2924 2150 τὴν
2977 2078 3392 2149 βασιλεύουσαν.
3451 2076 3633 2147 Μέσης
3671 2075 3733 2129 δὲ

2145 2173 2249 2244 ἤδη
2272 2171 2466 2234 νυκτὸς
2497 2170 2798 2241 γενομένης
2858 2172 2955 2226 καὶ
3007 2170 3221 2240 βλέπων
3273 2171 3301 2222 ό
3335 2168 3607 2241 βασιλεὺς,
3649 2168 3732 2230 ὡς

2145 2265 2443 2334 ἀμοιϐαδὸν
2473 2264 2522 2316 οἱ
2550 2263 2783 2333 φρουροὶ
2812 2263 2911 2335 τὴν
2941 2263 3110 2317 νύκτα
3166 2265 3346 2316 πᾶσαν
3404 2260 3731 2330 παραλλάτει

2145 2373 2328 2418 τοντες
2363 2356 2424 2408 οὐ
2461 2355 2731 2408 παύονται
2765 2355 2968 2423 φωναῖς
2990 2352 3412 2423 ἀλλεπαλλήλοις
3459 2350 3731 2419 ἀλλήλους

2144 2447 2283 2519 πρὸς
2309 2449 2369 2503 τὸ
2391 2447 2689 2518 ἐγρηγορὸς
2712 2447 3091 2518 διεγείροντες,
3113 2444 3323 2515 ἀκατίῳ
3344 2444 3451 2496 τινὶ
3474 2441 3732 2495 πιστεύει

2147 2541 2338 2596 ἑαυτὸν
2366 2540 2426 2607 ἐξ
2460 2538 2701 2609 ἀνάγκης
2727 2538 2821 2605 ξύν
2838 2555 2900 2606 γε
2928 2536 3364 2605 Καντακουζηνῷ
3398 2535 3476 2605 τῷ
3500 2534 3735 2605 μεγάλῳ

2143 2629 2445 2702 δομεστίκῳ
2472 2628 2564 2683 καὶ
2590 2628 2875 2697 Συναδηνῷ
2899 2627 2976 2698 τῷ
2999 2627 3439 2698 πρωτοστράτορι
3458 2642 3472 2656 ’
3494 2626 3559 2678 δι’
3582 2618 3643 2677 οὗ
3668 2624 3734 2677 τὸ

2145 2724 2320 2778 νότιον
2352 2724 2518 2793 μέρος
2572 2720 2672 2789 τῆς
2725 2718 3350 2782 Κωνσταντινουπόλεως
3402 2716 3730 2786 κάμψαντες

2143 2812 2357 2883 ὁμαλῶς
2375 2809 2779 2880 διεπεραιοῦντο
2803 2810 3111 2880 περιιόντες
3136 2808 3350 2878 ἡσύχως
3373 2809 3430 2860 τὸ
3456 2806 3739 2876 παράλιον

2144 2908 2342 2974 τεῖχος,
2380 2903 2559 2956 εἵπου
2593 2902 2870 2973 δυνηθεῖεν
2900 2902 3103 2955 είσοδόν
3132 2918 3249 2953 τινα
3298 2900 3487 2973 ῥᾳδίαν
3517 2898 3729 2968 εὑρεῖν.

2157 2993 2299 3050 Ἀλλ’
2323 2994 2372 3045 οἱ
2406 2995 2498 3048 ἐπὶ
2542 2994 2603 3046 τὸ
2667 2996 2843 3063 τεῖχος
2878 2993 3106 3062 φρουροὶ⁸
3156 2990 3561 3060 συναισθόμενοι
3591 3007 3734 3058 τρα-

475 3083 691 3138 ciferati
743 3093 800 3138 et
848 3085 1163 3138 tumultuati
1207 3094 1377 3148 sunt,
1424 3095 1481 3140 et
1534 3085 1587 3139 in
1621 3086 1741 3140 illos
1773 3086 1908 3140 nihil
1959 3101 2043 3140 re-

2149 3090 2351 3159 χυτέρᾳ
2400 3090 2465 3158 τῇ
2513 3086 2609 3158 βοῇ
2661 3088 2755 3139 καὶ
2787 3085 2865 3156 τῷ
2920 3084 3133 3155 θορύϐῳ
3166 3084 3499 3154 ἐχρήσαντο*
3524 3082 3619 3136 xui.
3648 3082 3731 3152 μὴ

479 3173 819 3243 spondentes
857 3191 987 3230 saxa
1023 3177 1186 3231 etiam
1217 3178 1494 3248 coniicere
1521 3187 1836 3247 coeperunt,
1869 3178 2044 3233 donec

2149 3178 2593 3250 ἀποκρινομένων
2645 3182 2737 3231 καὶ
2781 3176 2961 3239 λίθους
2993 3177 3091 3248 ἤδη
3125 3177 3246 3228 κατ’
3277 3174 3456 3228 αὐτῶν
3490 3174 3732 3245 ἤρξαντο

473 3264 642 3320 iidem
675 3266 853 3321 territi
897 3277 1195 3323 recessere.
1252 3269 1330 3325 Ac
1363 3279 1480 3325 tum
1516 3270 1739 3339 quidem
1773 3269 1889 3325 haec
1923 3280 2043 3324 acta

474 3369 625 3414 sunt.
1024 3358 1029 3363 ’
1923 3360 1927 3365 “

545 3451 637 3506 ill.
681 3452 934 3509 lnsecnto
959 3463 1142 3508 autem
1175 3470 1359 3510 mense
1388 3455 1678 3511 Decembri
1703 3455 1913 3526 juniori
1946 3455 2047 3508 im-

457 3546 717 3613 'pcrato:i
769 3547 963 3601 littera:
1013 3546 1596 3603 Tliessalunicensium
1634 3547 1770 3602 clam
1803 3547 2047 3602 afferun-

478 3647 588 3698 tur.
623 3635 825 3707 quibus
860 3651 1025 3707 quam
1078 3637 1319 3706 primum
1365 3638 1773 3693 arcessebatur.
1828 3637 2045 3692 Etenim

474 3731 726 3798 plebeios
779 3744 971 3784 omnes
1024 3740 1079 3784 et
1126 3746 1385 3800 proceres
1438 3732 1728 3802 plerosque
1757 3742 1813 3787 et
1865 3735 2044 3803 ipsum

476 3821 798 3891 pontiﬁcem
833 3822 1141 3889 composito
1172 3821 1487 3877 decrevisse
1513 3864 1526 3886 ,
1564 3824 1751 3879 statim
1789 3833 1954 3895 atque
2003 3826 2049 3881 is

477 3913 650 3983 prepe
688 3913 889 3968 mmnia
922 3912 1215 3968 adfuturus
1244 3921 1413 3979 esset,
1445 3915 1511 3969 ad
1548 3914 1725 3985 ipsum
1758 3932 2049 3973 accurrere

479 4012 534 4059 et
571 4011 758 4075 portas
807 4004 861 4058 ei
908 4004 1146 4073 aperire.
1201 4003 1412 4070 Quibus
1458 4007 1699 4077 cognitis
1747 4008 2049 4077 imperator

480 4109 737 4167 magnam
773 4094 1012 4150 militum
1047 4111 1273 4152 manum
1311 4099 1699 4166 protostratori
1735 4098 1923 4163 dedit,
1961 4102 2048 4154 ci-

483 4202 591 4255 que
622 4186 917 4256 praecepit,
956 4195 1015 4242 ut
1050 4187 1463 4257 imperatricem
1501 4188 1692 4244 urbem
1731 4190 2052 4245 circumiret

477 4290 538 4335 ct
589 4277 805 4333 eminus
851 4279 1005 4333 velut
1053 4280 1253 4334 castris
1298 4280 1582 4350 cingeret,
1616 4296 1723 4337 nec
1757 4280 2051 4354 Byzantios

481 4386 655 4442 usque
688 4370 755 4425 ad
795 4369 1064 4441 Rhegium
1106 4371 1293 4442 egredi
1337 4371 1539 4427 forisve
1581 4378 1917 4430 commorari
1952 4389 2051 4445 pa-

2148 3269 2410 3339 πέμπειν,
2443 3268 2517 3331 ὡς
2545 3268 2740 3320 ἐκεῖνοι
2770 3268 3097 3338 φοϐηθέντες
3139 3267 3576 3338 ἀναστρέψαντες
3617 3267 3734 3321 ἀπ-

2146 3361 2332 3432 ῄεσαν.
2372 3360 2504 3412 Τότε
2542 3360 2640 3429 μὲν
2666 3356 2759 3412 οὖν
2794 3358 2963 3412 ταῦτα
2993 3358 3261 3429 ἐπράχθη’

2220 3454 2294 3506 Γ’.
2323 3453 2428 3505 Τοῦ
2455 3453 2500 3505 δ’
2537 3453 2779 3514 ἐπιόντος
2831 3452 2999 3521 μηνὸς
3034 3450 3371 3521 Δεκεμϐρίου
3399 3448 3508 3520 (74)
3540 3451 3731 3520 γράμ-

2153 3564 2299 3618 ματα
2356 3546 2490 3617 πρὸς
2563 3546 2671 3598 τῶν
2729 3533 3166 3599 Θεσσαλονικέων
3230 3543 3403 3613 λάθρα
3474 3543 3551 3614 τῷ
3618 3544 3731 3613 νέῳ

2150 3638 2468 3709 κομίζονται
2524 3636 2753 3707 βασιλεῖ,
2812 3635 3273 3716 προσκαλούμεναΙ
3309 3636 3408 3706 τὴν
3458 3634 3726 3703 ταχίστην

2150 3730 2333 3784 αὐτόν,
2360 3726 2512 3782 Εἶναι
2544 3729 2653 3798 γάρ
2675 3728 3025 3798 ξυγκείμενον
3044 3730 3156 3791 τοῖς
3176 3746 3233 3780 τε
3268 3728 3524 3797 δημόταις
3547 3718 3728 3780 ἅπασι

2151 3822 2243 3876 καὶ
2277 3824 2389 3885 τοῖς
2438 3822 2644 3875 πλείοσι
2719 3821 2826 3875 τῶν
2852 3821 3194 3890 προύχόντων
3233 3820 3329 3873 καὶ
3370 3820 3518 3891 αύτῷ
3563 3835 3623 3885 γε
3655 3819 3725 3889 δὴ

2151 3913 2229 3983 τῷ
2254 3914 2519 3982 ἀρχιερεῖ,
2555 3912 2672 3981 ἆμα
2717 3911 2793 3981 τῷ
2823 3911 3048 3982 πλησίον
3092 3912 3328 3980 φανῆναι
3380 3911 3475 3964 τοῦ
3509 3912 3727 3981 τείχους

2150 4004 2311 4060 αὐτὸν
2335 4004 2642 4074 δραμόντας
2673 4003 2881 4067 ἀνοῖξαι
2899 4003 2949 4055 οἱ
2982 4002 3081 4066 τὰς
3131 4002 3326 4064 πύλας.
3371 4003 3522 4055 Ἐπεὶ
3548 4001 3727 4056 ταῦτα

2152 4098 2501 4167 ἐμεμαθήκει
2523 4098 2548 4148 ό
2586 4095 2858 4165 βασιλεὺς,
2898 4097 3121 4167 συχνοὺς
3156 4098 3428 4168 παραδοὺς
3460 4096 3537 4166 τῷ
3570 4112 3728 4164 πρω-

2151 4191 2473 4263 τοστράτορι
2501 4190 2836 4261 στρατιώτας
2859 4189 3127 4259 περιιέναι
3157 4188 3594 4260 παρεκελεύσατο
3630 4189 3730 4242 καὶ

2151 4282 2264 4340 οἷον
2288 4268 2870 4356 ⁵πιεριστρατοττεδεύειν
2932 4281 3030 4353 τὴν
3086 4281 3478 4352 βασιλεύουσαν
3528 4281 3730 4351 μικρὸν

2154 4380 2373 4435 ἄπωθεν
2413 4379 2504 4432 καὶ
2548 4377 2621 4447 μὴ
2646 4377 2740 4447 ὲᾷν
2784 4375 2912 4446 ἄχρι
2956 4373 3175 4445 Ῥηγίου
3227 4375 3349 4437 τοὺς
3398 4373 3729 4436 Βυζαντίους

478 4471 720 4545 teretur,
762 4463 1103 4533 eosdemque
1133 4464 1355 4519 arcanis
1376 4464 1578 4519 litteris
1604 4474 1660 4521 et
1693 4466 2045 4535 pollicitatio-

2158 4462 2397 4540 ἐξιόντας
2446 4468 2777 4541 διατρίϐειν·
2809 4468 2903 4519 καὶ
2931 4468 3066 4536 πρός
3118 4482 3181 4529 γε
3235 4464 3511 4535 λαθραίοις
3542 4463 3732 4531 γράμ-

485 4557 669 4620 nibus,
694 4570 815 4625 qua:
853 4556 1053 4624 cuique
1099 4556 1484 4622 convenirent,
1521 4558 1759 4613 ambiret
1789 4569 1844 4614 et
1873 4570 2004 4630 pote
2028 4591 2054 4602 -

482 4650 608 4704 stati
639 4663 752 4704 sua:
784 4648 1246 4719 subjiceret.lpse
1278 4664 1407 4703 vero
1441 4664 1563 4704 cum
1602 4652 1792 4719 paucis
1825 4653 2054 4709 delectis

485 4741 932 4797 Thessalonicam
982 4728 1141 4795 abiit.
1174 4740 1312 4794 Tum
1341 4757 1491 4804 vero,
1528 4753 1754 4812 pmpter
1783 4745 2055 4814 suspieio-

485 4851 582 4891 nes
623 4836 986 4896 tumultuum,
1039 4834 1353 4888 Demetrius
1404 4833 1633 4902 despota
1686 4845 1745 4889 et
1797 4850 2053 4906 protovc-

382 4932 389 4943 ‘
481 4928 710 4983 stiarius
738 4925 1088 4981 Andronicus
1126 4933 1181 4980 et
1214 4924 1442 4980 Michael
1479 4927 1625 4981 Asan
1657 4942 1780 4981 cum
1809 4929 2050 4982 auxilia-i

479 5020 640 5074 ribus
691 5019 1064 5072 Triballorum
1114 5018 1289 5086 copiis
1341 5026 1494 5071 extra
1547 5019 1750 5074 moenia
1804 5019 2050 5075 diversa-

480 5114 708 5177 bantur,
739 5120 795 5164 et
846 5109 1226 5164 Macedonicas
1261 5109 1426 5163 etiam
1463 5110 1835 5164 Romanorum
1881 5112 2050 5182 legio-

487 5218 588 5259 nes
635 5216 819 5257 secum
872 5198 1169 5256 habebant.
1201 5201 1303 5268 Qui
1353 5201 1487 5261 rixis
1517 5210 1572 5255 et
1603 5202 2050 5258 contentionibus

487 5295 716 5365 privatis
743 5307 868 5347 cum
900 5301 1327 5362 occuparentur,
1363 5308 1500 5362 quas
1529 5291 1759 5346 ambitio
1793 5301 1846 5345 et
1876 5307 2052 5348 caecus

483 5400 640 5440 amor
663 5384 747 5439 sui
787 5383 868 5438 vel
898 5385 1080 5452 potius
1110 5383 1189 5437 ira
1215 5381 1466 5437 Numinis
1498 5381 1663 5452 410
1693 5382 2050 5448 accendebat,

487 5486 547 5528 ut
608 5478 772 5531 rebus
812 5474 1060 5545 ipsorum
1106 5474 1355 5530 confusis
1407 5473 1510 5542 ipsi
1574 5473 1678 5527 sibi
1744 5474 2049 5544 perniciem

2159 4583 2290 4638 μασι
2323 4564 2415 4619 καὶ
2449 4561 2804 4630 ὑποσχέσεσιν
2835 4558 3166 4628 ὑπέρχεσθαι
3198 4557 3291 4609 καὶ
3324 4555 3731 4610 ὑποποιεῖσθαι

2152 4656 2278 4717 τοὺς
2315 4653 2640 4718 Βυζαντίους
2674 4648 2813 4702 κατά
2863 4647 2924 4700 τὸ
2974 4648 3246 4718 προσῆκον
3303 4647 3533 4715 ἑκάστῳ.
3591 4643 3651 4697 Ὀ
3685 4644 3736 4697 δ’

2151 4747 2364 4814 ὀλίγους
2391 4744 2543 4806 τινάς
2568 4742 2967 4810 ἀπολεξάμενος
3002 4739 3175 4810 ᾤχετο
3209 4737 3387 4791 ἀπιὼν
3438 4738 3492 4797 ἐς
3515 4735 3738 4788 Θεσσα-

2153 4840 2395 4907 λονίκην.
2455 4837 2683 4904 Ἔτυχον
2743 4834 2798 4887 δὲ
2859 4831 3169 4896 τηνικαῦτα
3209 4828 3578 4899 διατρίϐοντες
3621 4826 3742 4894 ἔξω

2154 4930 2348 5001 τειχῶν
2379 4928 2464 4981 διὰ
2491 4929 2587 4989 τὰς
2621 4924 2855 4996 ὑποψίας
2882 4925 2986 4977 τῶν
3014 4921 3258 4994 θορύϐων
3312 4919 3451 4990 μετὰ
3489 4918 3584 4972 τοῦ
3616 4920 3740 4972 ἀπὸ

2156 5024 2267 5075 τῶν
2300 5011 2617 5089 Τριϐαλλῶν
2646 5016 2997 5089 συμμαχικοῦ
3029 5014 3261 5084 στρατοῦ
3296 5016 3325 5069 ὃ
3345 5030 3401 5067 τε
3459 5012 3740 5081 δεσπότης

2149 5092 2455 5185 Δημήτριος
2503 5116 2593 5166 καῖ
2631 5114 2660 5166 ό
2717 5111 3210 5181 πρωτοϐεστιάριος
3260 5108 3597 5178 ’Λνδρόνικος
3635 5108 3740 5160 καὶ

2146 5209 2174 5260 ὁ
2216 5205 2377 5259 Ἀσὰν
2405 5203 2623 5276 Μιχαὴλ
2663 5204 2776 5274 (75)
2802 5240 2819 5269 ,
2855 5202 3187 5272 ἐπαγόμενοι
3215 5203 3310 5254 καὶ
3333 5200 3400 5252 τὰ
3423 5200 3741 5253 Μακεδονι-

2155 5298 2226 5350 κά
2255 5296 2364 5349 τῶν
2406 5297 2695 5366 Ῥωμαίων
2722 5293 3127 5365 στρατεύματα.
3156 5287 3254 5346 Ὧν
3275 5292 3340 5355 δὴ
3365 5292 3462 5345 καὶ
3483 5292 3739 5361 ἀσχόλων

2151 5388 2320 5441 ὄντων
2353 5387 2482 5456 περὶ
2509 5388 2606 5450 τὰς
2651 5388 2773 5440 κατ’
2823 5387 3020 5448 αὐτοὺς
3054 5385 3255 5454 ἐριδας,
3296 5383 3364 5446 ἃς
3422 5382 3737 5451 ἀνέφλεξαν

2108 5510 2114 5517 ~
2153 5479 2452 5545 κενοδοξίας
2506 5480 2598 5531 καὶ
2635 5477 2918 5546 φιλαυτίας
2970 5478 3209 5548 τελχί.ές
3262 5493 3428 5545 τινες,
3458 5477 3492 5547 ἦ
3526 5475 3741 5548 μᾶλλον

1832 5571 2166 5637 Variorum
2202 5586 2390 5639 ποια».

556 5670 670 5736 ιη)
710 5671 1082 5727 Cantacuzen.
1121 5671 1217 5725 lib.
1245 5685 1433 5741 I,cap.
1493 5672 1584 5736 5|,
1643 5672 1732 5735 55,
1795 5672 1880 5727 5i.
1918 5671 2150 5729 Druso.
2204 5700 2213 5709 ι

566 5742 675 5811 (75)
699 5740 925 5797 Joannis
955 5742 1150 5798 Asanis
1186 5736 1450 5812 Bulgaria:
1479 5744 1625 5813 regis
1657 5743 1800 5799 (ilius
1844 5744 2267 5811 priinogcnitus.
2296 5736 2432 5795 Vide
2461 5737 2660 5795 Famil.
2699 5739 2927 5814 Byzanl.
2961 5741 3232 5811 pag.3‘25.
3271 5741 3508 5797 Dromo.

443 5860 471 5906 1
