4000 6206
246 290 358 360 605

526 290 606 364 [Α.
645 308 696 349 c.
750 293 889 350 1282
923 311 991 350 an
1034 295 1194 371 I328]
1270 302 1721 371 BYZANTINE
1760 311 1830 374 Η]

1935 311 2155 374 ὈΒΙΕ
2194 315 2341 378 LIB.
2370 319 2477 380 1X.

2585 314 2715 388 [ιιιιι.
2755 331 3032 374 maneam.
3069 317 3213 391 sam}

3381 322 3487 385 606

249 412 438 502 δα-ινεν
460 409 602 502 obsto
624 412 732 502 τῆς
750 417 1129 502 σιτοπομπίας
1177 400 1631 493 ἀποκλεισθείσης
1663 424 1821 495 λιμὸν

1935 430 2251 498 postulatam
2302 433 2591 502 pecuniam
2627 434 2860 489 reddere
2906 435 3225 490 Genuenses
3267 449 3490 489 recusa-

245 500 366 560 τοῖς
399 497 719 561 Βυζαντίοις
745 500 1057 567 ἐγγίνεσθαι
1085 506 1147 559 ού
1171 507 1389 578 μικρόν.
1425 512 1691 583 Διήρκεσε
1713 516 1820 584 γὰρ

246 588 309 639 τὸ
339 589 443 657 τῆς
473 589 731 676 τοιαύτης
763 592 1080 663 πολιορκίας
1109 597 1239 667 άχρι
1268 603 1661 656 πεντεκαίδεκα
1685 606 1823 676 ἡμε-

249 679 386 746 ρῶν,
422 681 479 731 ὲν
509 673 596 741 αἷς
630 681 865 753 πόλεμος
885 685 986 754 μὲν
1012 688 1113 741 οὐκ
1142 690 1409 757 ἐγίγνετο.
1445 691 1520 747 Οὒ
1552 696 1661 766 γὰρ
1686 673 1823 750 ἀπε·

245 769 470 839 λέγοντο
504 772 601 841 τὴν
627 773 735 825 τῶν
770 775 1121 845 ζητουμένων
1150 782 1451 852 χρημάτων
1486 788 1534 840 οἱ
1571 788 1819 842 Γεννουϊο

247 879 343 913 ται
380 863 674 928 ἀπόδοσινῆ·
705 864 817 918 ἀλλ’
854 867 1216 937 ὑπισχνοῦντο
1268 874 1392 945 μὲν,
1440 876 1824 951 ὕπερετίθεντο

245 952 302 1003 δέ
330 969 347 985 ο
386 957 494 1015 τοῖς
517 955 573 1005 δὲ
607 956 911 1020 Βενετικοῖς
936 959 1141 1027 ἥκιστα
1178 963 1286 1017 τῶν
1314 964 1559 1020 δυνατῶν
1586 964 1653 1038 ἦν
1687 969 1823 1034 ὅλως

247 1044 527 1096 ἐπανιένκι
542 1046 754 1109 κενούς.
776 1042 953 1100 Ἦσαν
980 1068 1041 1119 γε
1076 1054 1181 1122 μὴν
1208 1055 1443 1123 οὐδένες,
1472 1058 1568 1122 οὓς
1591 1060 1651 1112 οὐ
1679 1061 1823 1131 μάλα

248 1135 545 1204 ἐξέπληξεν
574 1139 607 1207 ἡ
639 1139 747 1193 τῶν
786 1138 1090 1196 Βενετικῶν
1114 1145 1339 1213 εὐταξία
1373 1150 1467 1202 καὶ
1495 1151 1528 1219 ἡ
1584 1153 1719 1221 μετά
1748 1154 1827 1207 δι-

248 1226 546 1298 καιοσύνης
596 1229 1087 1301 μεγαλοπρέπεια..
1120 1235 1253 1288 Οὐδὲ
1298 1236 1407 1308 γάρ
1469 1240 1671 1310 ἠξίωσε
1720 1243 1827 1297 τῶν

250 1320 473 1373 πάντων
519 1321 741 1397 ἐκείνων
786 1325 965 1389 οὐδεὶς
1013 1326 1247 1393 ἐξελθὼν
1290 1330 1585 1400 ἀφελέσθαι
1634 1352 1686 1388 τι
1714 1336 1824 1390 τῶν

248 1409 509 1466 ἁπάντων
535 1413 663 1467 ἀνευ
696 1416 859 1487 τιμῆς
889 1420 1161 1489 ἀργυρίου
1185 1460 1200 1485 ,
1230 1424 1322 1476 καὶ
1353 1424 1524 1481 ταῦτα
1567 1427 1823 1483 τοσούτου

245 1501 618 1571 παμπληθοῦς
690 1522 750 1558 τε
810 1508 904 1559 καὶ
981 1507 1264 1579 σύρφακος
1312 1512 1475 1583 δχλου
1552 1518 1826 1583 συνόντος.

258 1591 408 1643 Ἀλλ’
458 1587 600 1661 ἦσαν
630 1594 867 1658 ἅπαντες
908 1598 1044 1669 πρὸς
1084 1600 1183 1671 τὴν
1214 1601 1326 1656 τῶν
1373 1606 1652 1676 ἀρχόντων
1674 1609 1829 1675 ἐξου-

247 1684 376 1770 σίαν
418 1686 695 1755 ἑπόμενοι,
742 1688 992 1760 καθάπερ
1025 1693 1253 1762 ποιμέσι
1302 1696 1372 1750 τά
1420 1700 1672 1770 ποίμνια.
1715 1700 1828 1756 Καὶ

1923 519 2088 588 bant;
2134 522 2229 578 sed
2272 539 2396 578 cum
2440 526 2857 595 pollicerentur,
2908 526 3257 582 dill'erehant.
3295 527 3489 583 Veneti

1922 623 2106 668 autem
2142 615 2295 669 nullo
2327 616 2491 671 modo
2535 617 2692 671 vacui
2725 617 2875 673 abire
2912 625 3188 688 poterant.
3216 618 3489 673 Cmterum

1924 721 2087 761 nemo
2120 718 2258 773 erat,
2294 708 2385 763 cui
2432 724 2541 764 non
2584 709 2933 764 admirationi
2972 718 3119 765 esset
3157 709 3490 765 Venetorum

1924 800 2211 871 disciplina
2244 802 2498 857 militaris
2534 810 2587 856 et
2621 818 2747 857 cum
2779 804 3033 873 aequitate
3065 801 3490 873 magnificentia.

1922 893 2094 948 Nemo
2143 893 2289 949 enim
2337 896 2583 949 omnium
2633 896 2851 950 illorum
2886 894 3185 964 quidquam
3237 894 3493 962 cuiquam

1926 983 2171 1038 adimere
2207 986 2310 1039 nisi
2365 987 2594 1055 pecunia
2646 986 2772 1042 data
2821 988 3105 1051 sustinuit,
3152 985 3315 1055 idque
3370 999 3495 1038 eum

1927 1079 2078 1127 tanta
2109 1080 2165 1128 et
2201 1075 2513 1143 promiscua
2546 1077 2704 1132 turba
2736 1092 2859 1131 cum
2894 1082 2975 1131 es
3005 1085 3172 1133 esset.
3203 1075 3497 1130 Enimvero

1925 1164 2192 1234 parebant
2233 1181 2425 1222 omnes
2471 1169 2877 1240 magistratibus
2921 1169 3054 1234 suis,
3092 1177 3148 1223 ut
3189 1166 3499 1237 pastoribus

1926 1272 2078 1323 oves,
2111 1265 2167 1313 et
2204 1273 2394 1313 omnes
2423 1259 2541 1314 dies
2573 1260 2695 1315 illos
2726 1260 2781 1314 in
2820 1260 3054 1314 navibus
3090 1259 3335 1320 stabant,
3369 1257 3501 1312 solis

1928 1348 2134 1412 ardori,
2172 1349 2265 1418 qui
2324 1357 2457 1405 tunc
2508 1350 3031 1405 vehementissimus
3084 1359 3222 1414 erat,
3272 1349 3500 1403 minime

1929 1439 2209 1494 cedentes.
2259 1440 2629 1495 Romanarum
2684 1457 2811 1496 vero
2868 1441 3243 1496 navicularum
3302 1456 3497 1509 magna

1930 1529 2225 1584 multitudo
2276 1530 2608 1585 circumiens
2659 1531 2877 1585 abunde
2925 1532 3005 1586 eis
3058 1529 3325 1601 quidquid
3380 1538 3499 1583 erat

1932 1636 2072 1691 opus
2104 1620 2427 1687 aﬂ'erebant,
2473 1632 2529 1688 et
2577 1623 2645 1676 ab
2697 1622 2765 1676 iis
2804 1622 3043 1676 vicissim
3099 1621 3298 1691 majus,
3334 1634 3498 1688 quam

1932 1713 2079 1784 quod
2131 1713 2457 1787 debebatur,
2491 1717 2727 1784 pretium
2778 1713 3138 1783 accipiebant.
3172 1712 3278 1767 Sed
3322 1727 3500 1782 neque

246 1768 398 1875 ἦσαν
427 1775 533 1875 ἀνά
560 1777 740 1841 πάσας
788 1779 1004 1843 ἐκείνας
1036 1781 1136 1844 τὰς
1164 1784 1380 1854 ἡμέρας
1418 1768 1824 1858 ἱστάμενοιλπὶ

1935 1803 2002 1858 iis
2032 1804 2221 1871 rebus,
2276 1804 2477 1875 quibus
2524 1814 2695 1875 captaa
2729 1804 2833 1859 illa:
2885 1819 3050 1858 naves
3099 1803 3273 1873 plenae
3322 1810 3498 1867 erant,

246 1864 362 1918 τῶν
398 1865 555 1932 νεῶν,
583 1868 842 1936 μηδαμῶς
867 1869 1157 1934 ἐνδιδόντες
1186 1873 1324 1941 πρὸς
1344 1874 1445 1943 τὴν
1473 1876 1659 1948 ἀκμὴν
1682 1878 1827 1933 ἐκεί-

247 1977 349 2030 νην
403 1962 503 2031 τῆς
533 1962 628 2016 τοῦ
680 1964 830 2033 ηλίου
882 1964 1101 2033 φλογός.
1154 1965 1235 2020 Τά
1276 1967 1334 2021 δὲ
1381 1968 1490 2021 τῶν
1544 1971 1830 2039 Ῥωμαίων

246 2054 453 2106 ἀκάτια
482 2053 626 2108 κατά
656 2054 858 2124 πλῆθος
888 2054 1287 2126 περιεκύκλουν
1325 2058 1544 2125 αὐτοὺς,
1578 2059 1667 2132 [Ρ.
1697 2060 1828 2133 256]

247 2148 361 2198 πᾶν
400 2146 427 2198 ὅ
479 2163 533 2199 τι
564 2148 817 2218 χρειῶδες
839 2146 1104 2220 ἐτύγχανέ
1161 2166 1344 2219 σφισιν
1387 2151 1636 2220 ἀφθόνως
1663 2153 1822 2223 κομί-

251 2236 423 2300 ζοντα
476 2240 570 2291 καὶ
611 2239 1081 2309 ἀναλαμϐάνοντα
1140 2241 1363 2297 πλείονα
1417 2243 1450 2314 ἢ
1510 2244 1680 2315 ἐχρῆν
1735 2246 1829 2298 τὸν

253 2330 479 2399 μισθόν.
526 2330 666 2384 Ἀλλ’
695 2332 815 2384 οὐδὲ
853 2332 963 2384 τῶν
1014 2332 1391 2399 ἁλισκομένων
1432 2334 1655 2388 ἐκείνοιν
1693 2336 1830 2390 νεῶν

246 2422 490 2476 ἀπασῶν
529 2424 622 2476 τοῦ
667 2422 1036 2495 πληρώματος
1096 2425 1437 2495 ἐλυμήναντο
1468 2426 1530 2480 τὸ
1568 2426 1829 2499 παράπαν

248 2512 431 2565 οὖδέν.
466 2506 575 2565 Ἦν
604 2513 713 2584 γάρ
737 2513 847 2565 τῶν
878 2513 978 2583 μὲν
1040 2513 1313 2584 πλήρωμα
1352 2517 1497 2579 σῖτος
1524 2518 1616 2570 καὶ
1644 2517 1828 2590 κριθὴ,

246 2604 361 2656 τῶν
404 2603 462 2656 δέ
489 2603 636 2671 ὄψων
661 2603 881 2675 ταρίχη,
918 2604 1096 2671 ὁπόσα
1119 2607 1441 2676 ,γεωργοῦσι
1473 2606 1662 2678 λίμναι
1704 2610 1829 2663 Κω-

248 2697 453 2760 παίδες
486 2713 549 2750 τε
574 2697 669 2749 καὶ
697 2696 1003 2760 Μαιώτιδες
1030 2698 1124 2751 καὶ
1149 2700 1383 2768 ποταμοὶ
1404 2699 1667 2763 Τανάῖδες
1692 2699 1744 2769 (8
1758 2700 1827 2769 ί)⁶

247 2787 394 2840 ἀλλά
433 2787 761 2859 διετήρησαν
788 2789 843 2851 ἐς
872 2788 1131 2857 τάκριϐὲς
1167 2787 1446 2857 ἀλώϐητα,
1494 2790 1600 2853 ἓως
1626 2790 1831 2846 ἀπολα-

249 2880 447 2943 ﬁne;
477 2880 537 2932 τὸ
568 2882 726 2950 χρέος
751 2880 1024 2934 ἀπέδοσαν
1048 2879 1292 2935 ἅπαντα.
1330 2882 1427 2935 Ἐν
1447 2883 1547 2951 μὲν
1580 2882 1644 2952 δὴ
1670 2880 1831 2957 τοῦτο

246 2971 431 3025 δεινὸν
463 2970 669 3047 ἐήστη
703 2971 825 3025 τότε
875 2974 942 3042 τῇ
985 2972 1159 3025 πόλει.
1197 2971 1510 3043 Δεινότερον
1555 2972 1603 3024 δ’
1636 2974 1704 3027 ἀν
1734 2969 1824 3043 ἦν,

250 3067 297 3117 εί
323 3065 429 3118 καὶ
455 3064 537 3126 είς
557 3066 730 3128 πέρας
754 3064 1087 3136 προῦδαινον
1111 3066 1177 3119 τὰ
1201 3064 1435 3134 λαθραῖα
1460 3064 1826 3147 βουλεύματα.

1930 1894 2100 1949 ullum
2136 1896 2363 1950 omnino
2395 1896 2785 1952 detrimentum
2822 1896 3145 1951 attulerunt.
3194 1893 3363 1947 Erant
3406 1907 3504 1945 au-

1932 1995 2040 2038 tem
2072 1985 2242 2054 plenae
2266 1986 2384 2040 alia:
2416 1985 2694 2040 frumento
2716 1994 2770 2040 et
2791 1985 3033 2051 hordeo,
3063 1984 3180 2037 alia:
3202 1984 3501 2037 salsamen-

1932 2072 2022 2139 tis,
2056 2083 2187 2143 quot
2214 2086 2271 2129 et
2304 2075 2484 2145 qualia
2531 2074 2801 2145 Copaides
2846 2085 2901 2129 et
2945 2073 3222 2129 Met-otides
3253 2073 3502 2143 paludes,

1929 2174 1985 2220 et
2032 2165 2234 2221 Tanais
2282 2165 2519 2231 ﬂuvius,
2572 2165 2947 2236 suppeditant.
3002 2164 3110 2220 Sed
3162 2179 3225 2219 ea
3276 2179 3505 2235 prorsus

1930 2256 2099 2313 illaesa
2128 2257 2384 2327 religiose
2412 2268 2832 2325 conservarunt,
2856 2259 3033 2313 donec
3062 2267 3285 2327 recepto
3313 2257 3503 2313 debito

1930 2345 2114 2400 omnia
2151 2347 2535 2401 restituerunt.
2572 2347 2648 2402 Ac
2692 2364 2860 2401 unum
2906 2348 3126 2417 quidem
3159 2348 3265 2402 hoc
3289 2348 3504 2417 pericu-

1928 2435 2043 2489 lum
2076 2436 2199 2491 urbi
2234 2447 2363 2492 tunc
2410 2439 2754 2508 supervenit.
2786 2437 3020 2493 Gravius
3054 2447 3236 2492 autem
3290 2438 3503 2502 luisset,

1930 2524 1977 2578 si
2031 2539 2229 2580 arcana
2284 2526 2518 2583 consilia
2567 2542 2888 2599 successum
2945 2527 3292 2582 habuissent.
3351 2526 3510 2581 Foris

1930 2614 2133 2684 quippe
2158 2615 2459 2685 imperator
2491 2617 2653 2672 missa
2685 2617 2754 2671 ad
2782 2633 2876 2673 eos
2910 2616 3183 2688 legatione
3220 2616 3506 2686 pecuniam

1929 2703 2065 2774 ipsis
2108 2706 2460 2774 promiserat,
2490 2707 2536 2761 si
2572 2707 2773 2763 occulti
2824 2707 2928 2763 sibi
2961 2707 3026 2760 ad
3060 2707 3253 2760 urbem
3289 2707 3512 2775 capien-

1930 2795 2055 2850 dam
2108 2798 2389 2869 adjutores
2445 2811 2648 2854 essent.
2704 2799 2761 2853 ld
2812 2814 2944 2853 vero
3002 2799 3205 2852 factum
3255 2812 3364 2850 non
3404 2807 3509 2862 est,

1928 2885 2097 2958 518
2122 2886 2238 2942 sive
2273 2886 2561 2959 repudiata
2593 2903 2624 2943 a
2654 2887 2879 2944 Venetis
2919 2888 3190 2957 legatione
3237 2886 3352 2950 tali,
3393 2886 3509 2940 sive

1931 2983 2079 3051 quod
2126 2995 2248 3037 eam
2292 2997 2406 3037 rem
2450 2982 2594 3037 haud
2643 2981 2861 3037 facilem
2888 2995 3011 3035 esse
3042 2985 3353 3042 cernerent,
3385 2966 3509 3030 cum

1931 3072 2347 3129 continentibus
2377 3072 2653 3145 praesidiis
2690 3072 2893 3129 mmnia
2926 3080 2982 3127 et
3015 3080 3184 3142 porta:
3223 3068 3505 3142 Byzantio-

260 3157 322 3211 Ὀ
361 3156 479 3227 γὰρ
534 3133 810 3226 βασιλεὺς
842 3157 1044 3223 ἔξωθεν
1105 3133 1404 3227 πρεσϐείαν
1453 3133 1588 3227 πρὸς
1631 3133 1830 3222 αὐτοὺς

1935 3175 2056 3214 rum
2089 3162 2299 3217 munita
2354 3172 2561 3217 essent.

249 3252 447 3322 κρύφα
477 3252 810 3307 ἀπεστάλκει
851 3254 1111 3324 χρήματα
1143 3250 1596 3322 ὑπισχνούμενος,
1623 3253 1671 3306 εί
1726 3254 1983 3323 συνεργοὶ⁸
2008 3256 2463 3327 συνεσκιασμένοι
2516 3258 2764 3327 γένοιντό
2830 3257 2880 3312 οἱ
2910 3257 3045 3329 πρὸς
3118 3255 3218 3328 τὴν
3255 3253 3357 3322 τῆς
3420 3250 3514 3303 11:6-

248 3348 394 3407 λεως
418 3347 643 3402 ἀλωσιν.
678 3348 850 3403 Τοῦτο
890 3349 988 3419 μὲν
1020 3345 1115 3403 οὖν
1150 3348 1254 3402 οὐκ
1301 3347 1566 3416 ἐγεγόνει,
1604 3348 1827 3420 εῐτεςμὴ
1864 3349 2178 3421 δεξαμένων
2209 3352 2318 3404 τῶν
2381 3353 2688 3405 Βενετιιιῶν
2723 3353 2822 3421 τὴν
2886 3351 3147 3419 τοιαύτην
3178 3346 3511 3420 πρεσόείαν,

248 3442 366 3495 εἴτε
403 3441 466 3494 οὐ
507 3441 688 3511 ῥᾴδιον
754 3437 895 3498 εἶναι
952 3441 1113 3521 τοῦτο
1169 3440 1603 3507 συννενοηκότων
1670 3441 1759 3496 διὰ
1806 3442 1867 3496 τὸ
1943 3442 2191 3513 συνεχέσι
2243 3445 2499 3515 φρουροῖς
2554 3441 2993 3514 πεπυργωμένον
3059 3436 3202 3492 εἶναι
3253 3438 3313 3490 τὸ
3336 3438 3534 3505 τεῖχος.

254 3535 415 3587 ἁπαν
446 3532 580 3602 ὁμοῦ
615 3532 834 3596 καὶτὰς
864 3533 1037 3593 πύλας
1072 3532 1180 3586 τῶν
1213 3531 1551 3595 Βυζαντίων.

323 3630 409 3683 Ζ’.
435 3626 701 3697 Δεύτερον
752 3626 810 3679 δέ
839 3627 948 3679 τῶν
1000 3626 1377 3697 περιστάντων
1422 3628 1542 3681 τότε
1580 3629 1649 3699 τῇ
1682 3628 1835 3681 πόλει

251 3718 473 3782 δεινῶν,
502 3718 831 3788 τρισχιλίους
868 3719 1071 3781 ἱππέας
1124 3718 1268 3772 κατά
1320 3719 1389 3772 τὰ
1445 3719 1781 3789 ξυγκείμενα
1809 3722 1838 3773 δ

253 3811 364 3864 τῶν
423 3810 750 3877 Βουλγάρων
798 3810 1209 3878 ἀπολεξάμενος
1249 3809 1493 3881 ἀρχηγὸς
1547 3810 1837 3881 συμμαχή-

255 3915 456 3962 σοντας
507 3898 828 3952 ἀποστέλλει
852 3898 933 3969 τῷ
968 3899 1179 3968 βασιλεῖ
1225 3900 1367 3954 κατά
1396 3900 1489 3953 τοῦ
1522 3900 1644 3954 νέου
1681 3899 1839 3969 βασι-

253 3992 427 4055 λέως·
478 3987 558 4052 οἷς
610 3990 676 4062 δὴ
729 3992 1209 4062 προστεταγμένον
1241 3987 1331 4063 ἦν,
1397 3993 1473 4053 ὡς
1528 3991 1836 4063 ἐθρυλληθη

253 4082 392 4154 παρ’
422 4081 843 4149 ὡντινωνοῦν,εί
874 4083 1058 4147 ἀδείας
1088 4083 1396 4153 ἐπιτύχοιεν
1434 4083 1837 4153 προσηκούσης,

253 4181 626 4243 νεωτερισμόν
653 4191 778 4229 τινα
817 4175 1224 4245 διαπράξασθαι
1266 4177 1396 4246 περὶ
1420 4174 1481 4228 τὸ
1520 4175 1838 4239 Βυζάντιον.

263 4265 414 4318 Ἀλλ’
434 4265 745 4335 ἐληλυθόσιν
779 4266 840 4319 οὒ
874 4266 1290 4337 συγκεχώρηταί
1328 4282 1513 4334 σφισιν
1558 4269 1707 4330 ἐντὸς
1741 4283 1837 4334 γε·

2009 3623 2123 3680 Vll.
2170 3622 2419 3678 Alterum
2456 3623 2609 3677 urbis
2644 3619 2950 3692 periculum
2990 3617 3112 3683 fuit,
3148 3633 3275 3673 cum
3319 3617 3514 3688 Bulga-

1938 3731 2124 3772 rorum
2156 3716 2416 3787 princeps
2445 3714 2651 3770 seniori
2686 3723 2879 3769 contra
2904 3711 3179 3782 jnniorem
3210 3710 3311 3764 tria
3346 3712 3515 3765 mitia

1937 3808 2278 3864 delectorum
2328 3808 2574 3877 equitum
2624 3806 2870 3861 subsidio
2922 3821 2988 3860 ex
3040 3815 3199 3874 pacto
3249 3804 3514 3869 misisset,

1939 3900 2143 3970 quibus
2178 3901 2518 3965 mandatum,
2558 3898 2746 3953 nescio
2770 3897 2971 3967 quibus
2999 3896 3346 3959 auctoribus,
3376 3897 3519 3950 ferc-

1941 3996 2124 4059 batur,
2176 4002 2235 4047 ut
2290 3992 2412 4046 data
2464 3991 2876 4060 Opportunitate
2924 4005 3011 4045 res
3057 4005 3224 4044 novas
3266 3989 3320 4043 in
3383 3988 3518 4041 urbe

1941 4083 2292 4139 molirentur.
2331 4083 2436 4137 Sed
2493 4084 2528 4137 ii
2574 4099 2699 4138 cum
2747 4082 3122 4146 advenissent,
3174 4081 3315 4135 intra
3367 4080 3519 4134 urbis

1940 4186 2129 4246 portas
2163 4192 2270 4230 non
2308 4175 2533 4230 admissi
2567 4184 2717 4241 sunt,
2752 4190 2889 4245 quas
2922 4174 3134 4244 ingredi
3172 4173 3375 4228 nemini
3413 4171 3518 4226 nisi

1944 4283 2138 4324 eorum
2168 4267 2292 4322 duci
2327 4269 2654 4337 permissum
2681 4276 2787 4321 est.
2820 4265 3181 4332 Quamobrem
3209 4265 3335 4319 inde
3353 4254 3520 4318 decli—

250 4354 459 4419 νέσθαι,
499 4356 707 4417 πυλῶν,
739 4354 878 4425 πλὴν
920 4356 952 4425 ἢ
1018 4359 1166 4425 μόνῳ
1217 4354 1295 4427 τῷ
1331 4356 1486 4425 σφῶν
1518 4357 1830 4428 στρατηγῷ.

1942 4371 2166 4423 narunt,
2196 4374 2262 4414 ac
2290 4359 2437 4413 circa
2469 4359 2650 4412 locum
2704 4356 2897 4412 stadiis
2946 4356 3193 4426 quinque
3244 4364 3301 4409 et
3348 4369 3521 4408 nona-

249 4448 347 4502 Διὸ
380 4448 476 4500 καὶ
504 4447 969 4517 παρεκκλίναντες
1014 4447 1548 4515 ἐστρατοπεδεύκασι
1584 4451 1712 4518 περὶ¹
1741 4450 1834 4502 τό·

254 4556 356 4592 πον
385 4537 636 4602 σταδίους
661 4538 937 4609 ἀπέχοντα
965 4537 1066 4608 τῆς
1117 4537 1509 4609 βασιλευούσης
1542 4539 1706 4595 πέντε
1741 4540 1838 4593 καὶ

251 4630 638 4699 ἐννενήκοντα.
962 4676 965 4677 ν

324 4720 411 4776 η’.
457 4706 624 4776 Ἀλλά
668 4724 767 4794 μιᾷ
800 4722 982 4794 ἡμέρᾳ
1015 4722 1283 4792 πρότερον
1332 4721 1780 4792 ἐξιππασάμενος
1810 4725 1840 4778 ό

256 4815 372 4875 νέος
407 4813 660 4890 βασιλεὺς
686 4813 803 4883 μετ’
837 4812 1034 4879 ὀλίγων
1077 4811 1220 4863 πάνυ
1259 4809 1422 4862 τινῶν
1457 4803 1587 4882 ἧκεν
1614 4809 1672 4876 ἐξ
1700 4810 1839 4878 ἀφα-

257 4904 383 4967 νοῦς
410 4904 624 4973 ἀθρόως
645 4903 993 4972 είσπηδήσων
1028 4902 1085 4965 ἐς
1110 4901 1170 4953 τὸ
1202 4899 1516 4966 Βυζάντιον.
1563 4900 1831 4971 Αίσθομέ-

257 5011 367 5046 νων
433 4995 488 5047 δέ
546 4994 656 5047 τῶν
703 4994 972 5063 πυλωρῖνι
1033 4991 1394 5059 ἀπεκλείσθη,
1453 4992 1528 5057 ὡς
1581 4992 1834 5047 ἐντεῦθεν

256 5084 676 5149 ἀναγκασθέντα
729 5083 939 5151 δεῖσθαι
995 5081 1088 5132 τοῦ
1140 5078 1401 5149 βασιλέως
1445 5079 1540 5132 καὶ
1610 5080 1833 5133 πάππου

259 5173 499 5244 θερμῶς,
539 5174 638 5226 καὶ
676 5171 1053 5242 ὑπισχνεῖσθαι
1078 5171 1214 5241 πρὸς
1274 5170 1420 5224 ἀπαν
1480 5168 1724 5233 ὑπείξειν
1773 5172 1835 5223 τ’)

259 5268 753 5341 προσταττόμενον,
781 5266 855 5328 ὡς
896 5260 977 5327 εἷς
1009 5263 1115 5317 τῶν
1149 5262 1583 5333 ἀργυρωνήτων,
1621 5262 1754 5332 πρίν
1781 5280 1834 5315 τι

258 5355 511 5423 γενέσθαι
544 5355 654 5409 τῶν
680 5355 974 5409 ἀπευκτῶν
1002 5352 1214 5424 θατέρῳ
1248 5351 1394 5404 δυοῖν
1421 5388 1438 5417 ,
1484 5349 1628 5404 οὕτω
1666 5369 1831 5421 κορυ⁸

1941 4452 2091 4523 ginta
2122 4453 2191 4507 ab
2233 4451 2372 4507 urbe
2402 4451 2697 4507 distantem
2730 4458 2912 4506 castra
2943 4456 3268 4520 posuerunt.

2016 4717 2153 4773 Vlll.
2212 4715 2398 4771 Pridie
2459 4729 2591 4769 vero
2642 4713 2762 4783 ejus
2813 4712 2924 4766 diei
2971 4710 3160 4783 junior
3221 4708 3520 4780 imperator

1943 4807 2247 4878 equitando
2276 4822 2599 4878 progressus
2632 4820 2756 4860 cum
2807 4802 3156 4874 paucissimis
3200 4801 3521 4856 hominibus

1933 4915 2000 4956 ex
2052 4898 2268 4953 occulto
2330 4897 2649 4960 advenerat,
2708 4895 2895 4950 subito
2951 4894 3157 4964 impetu
3214 4893 3268 4947 in
3321 4893 3516 4947 urbem

1933 4992 2276 5060 irrupturus.
2314 4988 2419 5043 Sed
2459 4987 2846 5043 animadverso
2883 4989 3002 5058 ejus
3032 4994 3232 5042 conatu
3272 5001 3300 5039 a
3332 4997 3520 5041 custo-

1933 5082 2100 5138 dibus
2126 5082 2382 5138 exclusus
2414 5081 2610 5136 fuerat.
2652 5080 2785 5147 Quae
2825 5097 2912 5137 res
2942 5096 3068 5136 eum
3114 5080 3425 5151 subegerat,
3461 5088 3520 5134 ut

1937 5176 2296 5229 vehementer
2346 5188 2505 5226 avum
2570 5174 2958 5242 imperatorem
3016 5185 3231 5235 oraret,
3286 5188 3350 5227 ac
3413 5171 3515 5240 ipsi

1934 5263 2313 5332 polliceretur,
2345 5277 2403 5316 se
2439 5261 2708 5331 quidquid
2742 5262 2788 5317 is
2826 5263 3083 5333 jussisset
3115 5262 3262 5317 dicto
3289 5260 3522 5315 audien-

1933 5364 2043 5414 tem
2082 5356 2199 5410 l'ore
2248 5354 2477 5425 perinde
2526 5369 2591 5410 ac
2639 5355 2997 5426 mancipium,
3033 5355 3217 5424 potius
3254 5368 3418 5422 quam
3455 5362 3517 5409 ut

1595 5479 1939 5545 Variorum
1976 5492 2161 5547 notae.

336 5583 445 5653 (τι)
474 5582 604 5638 ιιωε
643 5583 826 5639 omnia
866 5581 1135 5651 Gregoras
1169 5577 1365 5650 plurali
1400 5592 1651 5643 numero,
1686 5580 1832 5653 inso-

258 5651 437 5723 leMcr
490 5661 544 5707 et
571 5654 783 5723 poetica
815 5654 1083 5723 audaciai:
1120 5662 1431 5723 quanquam
1459 5657 1515 5723 et
1544 5664 1643 5723 nos
1669 5652 1833 5719 vulgo

266 5721 521 5791 dicimus,
558 5718 629 5778 {es
672 5718 1381 5788 Palus-Meetidcs.’Cupitis,
1421 5719 1576 5788 palus
1612 5718 1831 5777 Bu‘otite

1942 5593 2045 5639 est.
2075 5584 2283 5640 Nomen
2316 5584 2468 5640 dedit
2501 5583 2637 5638 urbs
2671 5584 2893 5645 Κῶπαι,
2936 5580 3093 5651 cujus
3149 5577 3522 5636 meminerunt

1942 5654 2230 5722 "OlllCl‘US,
2252 5654 2470 5723 Strabo,
2505 5654 2815 5726 Stephanus
2843 5663 2896 5708 ct
2926 5650 3035 5707 alii.
3070 5650 3277 5707 Bonus.
