4000 6206
1238 126 1265 135 ε

434 262 535 327 611
686 258 759 331 [Α.
792 275 845 313 Ι.
884 257 1015 315 6791
1048 274 1115 313 ΑΙ)
1146 256 1306 331 6856]

1626 260 2045 323 NICEPHORI
2081 261 2283 323 GREG
2292 261 2463 322 0R5!
2564 256 2568 260 Δ

2784 258 2920 332 [ειν.
2951 273 3250 318 .utoaotuc.
3280 259 3423 332 sem]

3562 261 3670 330 612

435 388 663 444 magnus
688 373 830 429 circa
859 372 1119 443 palatium
1149 380 1205 427 et
1239 372 1305 428 ad
1344 370 1527 442 palatii
1558 370 1702 428 fores
1738 372 2001 427 tumultus

2107 372 2385 444 κρατῆρας
2416 366 2530 442 εἶχε
2565 371 2738 443 πυρὸς
2778 372 3127 441 ὁφάπτοντας
3157 373 3402 426 κάτωθεν
3431 374 3529 445 τὴν
3559 376 3677 429 κλε-

431 464 675 526 auditur.
704 463 941 533 iunioris
974 463 1322 532 imperatoris
1356 464 1661 534 ingressum
1698 463 1994 528 nuntians,

431 563 489 610 et
536 558 757 625 plausus
792 568 1067 617 armorum
1106 569 1355 625 magnus.
1405 555 1575 609 Erant
1617 553 1763 608 enim
1800 554 2001 608 milites

432 647 669 716 amplius
696 646 1024 716 octingentis
1040 660 1164 699 cum
1198 645 1525 714 imperatore
1552 644 1802 714 ingressi.
1825 643 1999 699 Simul

433 735 602 789 etiam
639 735 880 804 undique
927 733 1123 790 faustis
1152 734 1641 789 acclamationibus
1677 733 1865 801 iunior
1894 731 1998 786 im-

431 835 653 894 perator
684 824 1043 879 salutabatur.
1084 821 1282 878 Senior
1314 836 1444 876 vero
1467 863 1481 887 ,
1520 820 1755 874 tumultu
1798 827 1853 874 et
1889 818 2002 874 cla-

433 929 583 969 more
609 915 817 978 audito,
847 915 914 968 de
937 915 1078 966 lecto
1104 913 1343 967 surrexit
1370 909 1916 981 perturbatissimus;
1945 915 2018 973 οι,

431 1021 556 1060 cum
600 1007 874 1061 neminem
919 1004 1168 1069 haberet,
1201 1018 1230 1057 a
1261 1018 1370 1071 quo
1418 1001 1791 1071 adiuvaretur,
1822 1013 2000 1069 neque

432 1096 650 1159 ducem,
704 1112 882 1166 neque
936 1096 1162 1150 militem
1224 1094 1509 1165 (palatium
1558 1093 1706 1146 enim
1760 1091 1999 1147 cubiculi

431 1185 702 1239 ministris
734 1186 1174 1248 adolescentibus
1197 1183 1439 1252 exceptis
1468 1182 1745 1237 desertum
1778 1197 2001 1251 prorsus

430 1280 593 1346 erat),
630 1279 695 1331 ad
726 1291 935 1332 sacram
968 1276 1257 1345 imaginem
1284 1276 1378 1329 Dei
1411 1274 1706 1330 Genitricis
1755 1273 1998 1342 llodege-

432 1369 551 1423 triae
580 1366 844 1438 conlugit,
869 1357 994 1421 ante
1023 1367 1222 1421 multos
1255 1366 1375 1420 dies
1403 1365 1456 1418 in
1486 1365 1746 1433 palatium
1771 1365 2003 1419 transla-

435 1468 568 1521 tam,
599 1474 720 1527 quae
758 1459 809 1512 ei
844 1458 1000 1511 llrmo
1040 1457 1231 1512 solatio
1268 1465 1409 1512 erat.
1441 1457 1519 1509 Ad
1562 1457 1724 1519 hanc,
1755 1456 1999 1525 inquam,

430 1547 695 1618 confugit,
721 1556 776 1602 et
800 1548 950 1601 humi
978 1555 1285 1616 prostratus
1309 1561 1434 1600 cum
1459 1546 1648 1601 dolore
1670 1554 1726 1600 et
1744 1538 1998 1616 lacrymis

430 1640 688 1695 ardenter
714 1640 1042 1706 obtestatur,
1070 1654 1136 1694 ne
1167 1638 1565 1707 periclitantem
1596 1646 1652 1692 et
1672 1637 2015 1701 sicariorum,

430 1731 656 1786 ensibus
697 1731 1002 1801 expositum
1048 1731 1287 1785 deserat.
1326 1729 1616 1783 Exaudivit
1654 1743 1845 1797 preces
1878 1730 1998 1799 eius

431 1835 488 1877 et
517 1822 773 1876 festinam
811 1822 931 1876 tulit
964 1822 1228 1875 auxilium
1265 1835 1387 1889 qua:
1416 1820 1632 1890 quidvis
1667 1828 1848 1890 potest
1902 1834 1998 1874 ea-

431 1912 671 1975 stissima
703 1911 793 1966 Dei
822 1911 1087 1965 Genitrix.

2100 480 2220 534 νην.
2254 463 2472 517 Τούτων
2512 462 2684 527 οὕτως
2707 464 2943 535 ἐχόντων
2974 463 3141 527 πολὺς
3166 464 3301 531 hami
3314 465 3412 535 σθη
3446 465 3677 536 θόρυϐος

2100 554 2204 619 ἔξω
2234 553 2363 624 περὶ
2386 554 2455 607 τὰ
2488 554 2739 625 βασίλεια
2766 556 2863 610 καὶ
2903 555 2998 618 τὰς
3021 555 3326 625 βασιλείους
3355 557 3552 625 πύλας,
3570 559 3676 628 τὴν

2099 647 2193 701 τοῦ
2213 647 2333 699 νέου
2358 646 2620 715 βασιλέως
2636 664 2703 700 πε
2710 646 2916 718 ριηχῶν
2933 646 3159 711 εἴσοδον,
3180 648 3275 701 καὶ
3286 649 3675 719 κρότοςὸπλων

2103 736 2246 808 μάλα
2266 736 2432 800 πολύς
2452 753 2465 767 ο
2486 736 2568 808 [Ρ.
2590 720 2720 810 259]
2739 734 2879 806 ἦσαν
2912 738 3021 808 γὰρ
3048 738 3097 792 οἱ
3137 739 3566 804 συνεισελθόντες
3595 741 3677 811 τῷ

2101 827 2313 899 βασιλεῖ
2342 828 2675 898 στρατιῶται
2734 828 2955 893 πλείους
2998 816 3370 883 ὀκτακοσίωνο
3420 830 3516 885 καὶ
3554 831 3676 902 ἄμα

2101 905 2441 988 πανταχόθεν
2468 920 2736 989 εὐφημίαι
2768 920 2863 973 καὶ
2900 920 3140 987 γλῶσσαι
3179 919 3273 972 τὸν
3302 920 3421 974 νέον
3459 920 3674 991 ἀνακηο

2100 1009 2392 1082 ρύττουσαι
2442 1010 2690 1080 βασιλέα.
2735 1010 3067 1080 Αίσθόμενος
3113 1010 3159 1063 δ’
3189 1010 3217 1062 ὁ
3244 1010 3478 1080 γηραιὸς
3513 1010 3670 1081 βασ-

2098 1100 2224 1164 λεὺς
2241 1100 2334 1154 τοῦ
2358 1100 2587 1171 θορύϐου
2612 1102 2706 1155 καὶ
2729 1101 2830 1171 τῆς
2860 1102 3011 1171 βοῆς,
3048 1101 3308 1170 ἐξανέστη
3331 1097 3432 1172 τῆς
3458 1102 3661 1173 κλίνης,

2100 1194 2360 1264 ἐκπλήξει
2386 1193 2557 1263 πολλῇ
2602 1192 2996 1263 συνεχόμενος⁶
3032 1192 3129 1245 καὶ
3165 1190 3242 1262 μὴ
3288 1191 3427 1262 ἔχων
3475 1193 3663 1247 οὐδένα

2099 1287 2192 1340 τὸν
2221 1285 2578 1355 βοηθήσοντα,
2606 1287 2743 1356 μήτε
2778 1284 3139 1353 στρατιώτην,
3175 1285 3310 1354 μήτε
3338 1285 3663 1353 στρατηγόειο

2100 1379 2241 1446 πλὴν
2274 1378 2382 1445 γὰρ
2430 1375 2537 1428 τῶν
2590 1375 2991 1446 θαλαμηπόλων
3027 1374 3407 1444 μειρακίσκων
3457 1376 3667 1444 ἐρημξα

2100 1470 2267 1537 πολλὴ
2295 1471 2362 1521 τὰ
2392 1467 2641 1539 βασίλεια
2664 1466 2775 1538 εἶχε
2802 1482 2819 1498 ⁸
2852 1465 3188 1536 καταφεύγει
3217 1466 3354 1538 πρὸς
3387 1466 3484 1536 τὴν
3513 1465 3670 1517 θείαν

2101 1559 2283 1612 εἰκόνα
2310 1559 2422 1628 (87)
2457 1562 2555 1626 τῆς
2579 1560 2889 1629 ύπεράγνου
2914 1558 3256 1629 Θεομήτορος
3297 1559 3395 1627 τῆς
3431 1557 3668 1626 Ὀδηγη-

2102 1650 2276 1720 τρίας.
2308 1650 2527 1718 Συχνῶν
2557 1650 2664 1719 γὰρ
2698 1649 2922 1719 ἡμερῶν
2960 1649 3229 1719 ἐκομίσθη
3262 1647 3398 1718 πρὸς
3425 1646 3494 1701 τὰ
3515 1645 3673 1716 βασί-

2099 1745 2221 1824 λὲα
2268 1734 2531 1813 προτερον
2583 1744 2677 1797 καὶ
2714 1737 2781 1812 ἦν
2827 1741 2974 1810 αὐτῷ
3009 1741 3354 1811 παραμύθιον
3403 1739 3671 1807 ἁσςραλές.

2103 1835 2243 1905 Πρὸς
2268 1833 2472 1904 ταύτην
2505 1826 3042 1901 τοίνυνὸιαταφυγὼν
3080 1832 3177 1886 καὶ
3207 1830 3519 1901 περιχυθεὶς
3548 1828 3673 1881 τοῦ-

2102 1925 2266 1993 δαφος
2296 1924 2407 1995 (88)
2437 1925 2583 1995 μάλα
2628 1924 2935 1994 περιαλγής
2972 1940 3031 1977 τε
3072 1924 3165 1977 καὶ
3213 1924 3473 1994 ἔνδακρυς
3500 1922 3675 1974 ἐδεῖτο

434 2020 672 2090 θερμῶς,
717 2019 792 2091 μὴ
832 2018 1097 2089 περιιδεῖν
1156 2016 1537 2071 κινδυνεύοντα
1586 2015 1898 2087 μια;φονίας
1934 2015 2111 2085 ξίφεσι
2155 2015 2254 2085 τὴν
2278 2010 2456 2087 ψύχὴν
2488 2016 2877 2086 παραπέμψαι.
2948 2017 3055 2069 Ναὶ
3125 2015 3232 2086 μὴν
3282 2016 3374 2068 καὶ
3434 2014 3673 2082 ἐπήκοος

432 2112 648 2179 ἐγένετο
668 2113 765 2182 τῆς
792 2110 1028 2180 δεήσεως
1074 2108 1242 2164 αὐτοῦ
1291 2110 1385 2163 καὶ⁸
1406 2109 1668 2180 ταχίστην
1700 2108 1994 2179 ἐχαρίσατο
2031 2110 2131 2176 τὴν
2167 2109 2488 2179 ἐπικουρίαν
2517 2110 2549 2179 η
2583 2109 2738 2163 πάνθ’
2803 2110 2906 2162 ὅσα
2946 2108 3196 2178 βούλεται
3225 2107 3499 2178 δυναμένη
3530 2107 3674 2160 πάν-

448 2221 612 2272 αγνος
638 2203 922 2268 θεοτόκος.

504 2295 568 2350 ν.
613 2295 748 2349 Nam
779 2295 906 2349 dum
947 2294 1038 2349 ille
1082 2294 1138 2348 in
1174 2295 1378 2364 palatio
1411 2294 1700 2365 Deiparam
1746 2295 1810 2349 ad
1854 2294 2002 2348 hunc

433 2386 655 2439 modum
672 2385 1018 2453 deprecatur,
1037 2384 1224 2453 iunior
1251 2386 1552 2455 imperator
1577 2387 1710 2440 loris
1744 2384 2003 2438 omnibus

432 2476 666 2530 ducibus
694 2484 748 2530 et
783 2475 1019 2530 tribunis
1047 2475 1164 2530 suis
1195 2477 1512 2533 convocatis
1544 2477 1782 2547 graviter
1807 2475 2002 2540 edicit,

436 2582 506 2620 ne
523 2581 680 2619 avum
720 2565 1100 2634 imperatorem
1119 2567 1201 2621 vel
1217 2582 1378 2621 manu
1399 2568 1633 2623 violenta
1653 2568 2000 2631 interﬁciant,

432 2656 519 2711 vel
545 2657 654 2710 ullo
672 2656 1067 2712 contumelioso
1085 2657 1230 2713 dicto
1250 2659 1544 2724 incessant,
1563 2674 1663 2715 nec
1679 2676 2003 2731 quemquam

431 2760 657 2815 prorsus
688 2746 933 2800 omnium
971 2765 984 2799 :
1022 2765 1040 2797 ι
1078 2745 1227 2802 Hanc
1258 2748 1444 2811 enim,-
1467 2748 1665 2817 inquit,
1700 2749 1988 2804 victoriam

433 2837 577 2891 Deus
626 2835 786 2891 nobis
820 2834 981 2907 423
1014 2837 1184 2903 dedit,
1227 2853 1333 2892 non
1374 2837 1475 2906 ipsi
1530 2838 1861 2905 paravimus.
1905 2828 2000 2891 Dei

431 2926 686 2980 voluntas
736 2933 917 2980 movet
961 2926 1177 2988 omnia,
1220 2936 1276 2981 et
1317 2927 1498 2979 omnia
1549 2926 1597 2980 ei
1650 2925 1999 2988 famulantur,

434 3018 623 3084 stella-,
669 3033 785 3080 aer,
823 3033 997 3083 mare,
1048 3028 1212 3084 terra,
1249 3017 1520 3082 homines,
1562 3018 1812 3081 fulmina,
1855 3018 1998 3089 ignei

2175 2291 2247 2347 E’.
2295 2291 2558 2355 Τοιαύτας
2586 2291 2693 2363 γὰρ
2722 2292 2869 2346 ἔνδον
2882 2261 3020 2347 θτῶν
3047 2294 3331 2365 βασιλείων
3360 2294 3524 2349 αὐτοῦ
3570 2297 3674 2358 τὰς

2104 2386 2314 2455 δεήσεις
2350 2388 2417 2456 τῇ
2448 2384 2695 2455 Θεοτόκῳ
2742 2383 3167 2454 προσφέροντος,
3217 2385 3244 2437 δ
3297 2385 3413 2449 νέος
3462 2386 3663 2457 ἔξωθεν

2100 2476 2355 2546 βασιλεὺς
2400 2477 2743 2545 συγκαλέσας
2778 2478 2984 2541 πάντας
3011 2479 3136 2540 τοὺς
3161 2479 3287 2548 περὶ
3315 2478 3381 2531 αὐ
3393 2478 3477 2532 τὸν
3509 2496 3677 2552 στρα-

2099 2568 2300 2636 τηγοὺς
2329 2568 2424 2621 καὶ
2438 2567 2766 2637 ταξιάρχους
2795 2568 3195 2641 παρεκελεύετο
3229 2570 3373 2637 μάλα
3405 2570 3673 2640 σφοδρῶς,

2109 2663 2245 2730 μήτε
2276 2663 2434 2731 χεῖρα
2486 2661 2832 2731 φονεύτριαν,
2891 2663 3026 2731 μήτε
3059 2661 3315 2728 γλῶσσαν
3356 2662 3672 2731 ὑϐρίστριοιν

2102 2757 2422 2822 ἐπενεγκεῖν
2453 2756 2591 2826 μήτε
2631 2756 2709 2824 τῷ
2740 2756 2950 2826 πάππῳ
2982 2760 3073 2809 καὶ
3107 2756 3336 2826 βασιλεῖ,
3380 2759 3515 2825 μήτε
3560 2775 3673 2826 μη-

2100 2845 2209 2898 δενὶ
2240 2844 2349 2895 τῶν
2379 2844 2634 2897 ἁπάντων
2668 2832 2873 2913 ὲτέρῳξ
2898 2861 2916 2894 ι
2961 2843 3034 2895 Οὐ
3067 2844 3175 2913 γὰρ
3204 2846 3386 2913 ἡμεῖς,
3421 2864 3441 2896 ι
3483 2849 3671 2914 ιςησὶν,

2106 2953 2125 2985 ι
2159 2935 2277 2987 ἀλλ’
2306 2937 2334 2988 ὁ
2366 2935 2497 2996 Θεὸς
2528 2936 2660 3005 ⁴ἡμῖν
2690 2934 2759 2987 τὰ
2798 2934 3022 2987 τοιαῦτα
3070 2935 3379 3005 παρέσχετο
3408 2934 3668 3004 τρόπαια.

2105 3033 2214 3085 Καὶ
2266 3018 2401 3085 Θεοῦ
2434 3030 2534 3099 μὲν
2572 3030 2825 3102 βούλησις
2872 3020 3047 3085 πάντα
3084 3034 3258 3083 κινείο
3311 3032 3575 3101 ὑπηρετεί
3616 3032 3674 3084 δὲ
3721 3037 3725 3039 “

436 3107 700 3174 turbines,
733 3108 1075 3177 pestilentiae,
1102 3116 1260 3163 term:
1289 3118 1503 3176 motus,
1536 3109 1738 3165 imbres
1761 3150 1775 3173 ,
1804 3080 2001 3165 ste'rili~

2107 3080 2597 3189 sagi-saga:
2609 3080 3219 3192 alii,'oéié«§.,"ﬁ,
3258 3080 3678 3190 etiam;

435 3207 592 3266 tates,
613 3207 663 3255 et
689 3199 791 3253 alia
816 3200 1146 3264 consimilia,
1179 3200 1379 3270 partim
1411 3202 1480 3256 ad
1520 3201 1857 3264 felicitatem,
1885 3217 2007 3271 par-

437 3291 530 3344 tim
564 3289 629 3343 ad
660 3287 1036 3343 infelicitatem
1072 3305 1137 3344 ac
1166 3290 1350 3359 potius
1373 3289 1809 3359 castigationem.
1837 3287 2006 3343 Nobis

435 3381 600 3450 igitur
649 3380 924 3436 hodierna:
954 3381 1327 3453 castigationis
1363 3381 1629 3437 ministris
1667 3392 1723 3435 et
1772 3388 2004 3435 exsecu-

434 3470 644 3524 toribus
673 3471 930 3525 victorias
958 3479 1013 3526 et
1053 3480 1253 3541 tropaaa
1287 3471 1541 3540 largitur.
1592 3470 1862 3524 Fortassis
1905 3484 2004 3522 au-

435 3571 542 3616 tem
573 3577 693 3617 cras
730 3563 850 3618 aliis
883 3571 1073 3619 contra
1104 3579 1205 3619 nos
1239 3571 1422 3619 utetur
1451 3580 1464 3617 :
1504 3573 1560 3639 et
1589 3562 1781 3631 quales
1818 3574 1920 3615 nos
1950 3559 2002 3612 in

431 3666 528 3706 eos
561 3654 845 3719 luerimus,
878 3654 971 3723 qui
1013 3653 1067 3707 in
1114 3641 1311 3709 manus
1350 3642 1519 3709 nobis
1546 3652 1848 3723 castigandi
1891 3662 2005 3706 tra-

433 3743 658 3808 duntur,
690 3743 825 3798 tales
848 3744 1037 3812 utique
1065 3745 1237 3809 etilli,
1262 3745 1461 3814 quibus
1491 3744 1793 3809 trademur,
1823 3745 1875 3798 in
1902 3760 2003 3799 nos

431 3832 604 3889 futuri
641 3844 789 3887 sunt.
841 3832 1023 3899 Quare
1068 3834 1113 3889 si
1165 3851 1264 3891 nos
1303 3850 1481 3905 neque
1521 3835 1775 3906 cognatio
1825 3848 2003 3903 neque

433 3925 672 3994 eiusdem
698 3924 879 3994 gentis
907 3925 1257 3980 necessitudo
1280 3925 1347 3980 ad
1378 3926 1723 3979 clementiam
1756 3934 1811 3980 et
1840 3926 2003 3980 mise-

436 4014 726 4068 ricordiam
758 4013 1004 4081 adducit,
1038 4017 1209 4070 nostri
1238 4019 1482 4085 ipsorum
1519 4016 1711 4071 saltem
1752 4025 1999 4087 respectu

436 4107 775 4160 humanitate
805 4105 880 4160 uti
916 4123 1063 4161 nunc
1099 4110 1274 4163 satius
1306 4118 1409 4173 est,
1455 4122 1522 4163 ne
1561 4106 1663 4178 ipsi
1699 4107 2002 4178 graviorem

435 4197 530 4252 Dei
563 4198 989 4270 indignationem
1014 4200 1384 4272 experiamur.
1424 4219 1443 4253 ι

508 4477 599 4534 Vl.
654 4479 866 4534 Interea
903 4480 1125 4551 quidam
1174 4496 1205 4534 e
1250 4480 1452 4551 palatio
1499 4496 1754 4551 egressus
1797 4462 2004 4553 iuniori

438 4569 755 4639 imperatori
794 4581 1003 4639 portam
1039 4574 1290 4642 aperitet
1340 4574 1409 4627 ab
1445 4589 1547 4627 avo
1575 4574 1720 4630 hunc
1739 4579 1999 4631 nuntium

432 4660 590 4715 all‘ert
629 4679 643 4715 :
687 4679 707 4712 ι
754 4661 1021 4727 Quoniam
1067 4662 1231 4716 hodie
1278 4663 1440 4727 Dens,
1473 4665 1545 4717 uti
1580 4663 1690 4726 ﬁli.
1723 4675 2004 4735 sceptrum

434 4753 848 4823 istoperatorium
884 4754 1016 4808 mihi
1069 4754 1385 4824 ademptum
1419 4756 1516 4810 tibi
1540 4756 1795 4818 ,donavit.
1839 4772 2005 4811 unum

436 4842 541 4899 hoc
577 4843 896 4903 beneﬁcium
941 4860 970 4897 a
1015 4853 1067 4898 te
1100 4852 1226 4912 peto
1256 4857 1357 4912 pro
1400 4844 1585 4898 multis
1622 4846 1851 4914 quae'ab
1889 4848 2009 4917 ipso

432 4947 554 4988 ortu
576 4944 667 4988 tuo
693 4935 746 4987 in
779 4943 829 4988 te
857 4934 1062 4989 contuli
1095 4933 1312 5002 (omitto
1340 4935 1487 4995 enim
1516 4934 1620 4990 boc
1643 4951 1824 4990 rerum
1838 4950 2004 4992 "mea-

2109 3214 2316 3285 pzuvol,
2356 3215 2693 3284 πρηστῆρες,
2728 3212 2928 3282 λοιμοὶ,
2956 3215 3189 3282 σεισμοὶ,
3229 3214 3376 3266 ὑετοὶ
3404 3215 3674 3283 ῥαγδαῖοι,

2105 3304 2335 3375 καρπῶν
2366 3305 2612 3374 ἁφορίαι,
2653 3303 2750 3358 καὶ
2781 3304 2880 3356 ὅσα
2929 3303 3142 3367 τούτοις
3168 3304 3434 3372 ἑπόμενα,
3470 3303 3539 3355 τὰ
3575 3305 3677 3373 μὲν

2106 3397 2239 3466 πρὸς
2270 3394 2718 3465 εὐδαιμονίαν,τὰ
2744 3393 2801 3447 δὲ
2830 3393 2964 3463 πρὸς
2997 3392 3441 3463 κακοδαιμονίαν,
3471 3393 3503 3461 ἦ
3534 3393 3681 3463 μᾶλα

2106 3487 2195 3540 λον
2228 3486 2361 3556 πρὸς
2418 3485 2701 3539 παίδευσιν
2759 3486 2851 3538 καὶ
2891 3486 3291 3555 σωφρονισμόν.
3335 3485 3678 3554 ’Υπηρέταις

2105 3578 2169 3647 δὴ
2196 3572 2289 3631 οὖν
2321 3578 2451 3646 ἡμῖν
2484 3576 2578 3629 καὶ
2608 3575 2901 3639 κολασταῖς
2937 3575 3036 3642 τῆς
3078 3574 3363 3645 παρούσης
3391 3573 3677 3643 χρώμενος

2110 3667 2447 3729 παιδεύσεως
2477 3666 2661 3719 δίδωσι
2694 3667 2848 3730 νίκας
2871 3668 2964 3719 καὶ
2986 3665 3227 3735 τρόπαια
3251 3667 3374 3729 ταῖς
3398 3664 3555 3735 ήμῶν
3586 3666 3678 3717 δε-

2109 3758 2281 3823 ξιαῖς-
2303 3758 2580 3828 Χρήσεται
2612 3757 2658 3810 δ’
2712 3756 2842 3820 ἴσως
2870 3756 3051 3818 ἄλλοις
3091 3754 3278 3824 αὔριον
3314 3756 3434 3808 καθ’
3477 3756 3635 3825 ἡμῶν
3660 3771 3676 3784 ·

2106 3845 2200 3899 καὶ
2227 3846 2401 3907 ὁποῖοι
2436 3834 2533 3897 καῖ
2558 3844 2722 3913 ἡμεῖς
2754 3843 2988 3911 ἐσόμεθα
3020 3844 3130 3905 τοῖς
3160 3843 3217 3904 ἐς
3254 3842 3351 3904 τὰς
3377 3843 3534 3911 ἡμῶν
3560 3843 3680 3909 χεῖ-

2108 3955 2205 4010 ρας
2259 3935 2642 4009 παραδοθεῖσιν
2701 3937 2783 3998 είς
2840 3935 3147 3997 παίδευσιν,
3184 3933 3416 3986 τοιοῦτοι
3457 3934 3680 3997 πάντως

2107 4032 2318 4084 ἔσονται
2350 4030 2443 4081 καὶ
2467 4029 2622 4096 ἡμῖν,
2653 4021 2733 4088 οἷς
2757 4028 2917 4095 ἡμεῖς
2966 4023 3475 4095 παραδοθησόμεθα.
3508 4024 3677 4078 Ὥστε

2106 4125 2154 4176 εί
2190 4123 2265 4192 μὴ
2292 4121 2358 4174 δι’
2400 4120 2548 4173 ἔλεον
2579 4118 2672 4171 καὶ
2700 4114 2881 4171 οἶκτον
2921 4117 3259 4185 συγγενικῶν
3297 4133 3357 4169 τε
3406 4117 3498 4169 καὶ
3544 4119 3682 4184 ὀμο-

2109 4214 2290 4283 ιρύλων
2315 4213 2585 4282 αἱμάτων,
2624 4209 2711 4262 διὰ
2736 4208 2866 4277 γοῦν
2909 4208 3163 4279 πρόνοιαν
3188 4207 3346 4278 ἡμῶν
3374 4207 3553 4260 αὑτῶν
3583 4223 3677 4274 ιρι·

2108 4299 2431 4372 λανθρωπίᾳ
2458 4297 2577 4351 νυνὶ
2610 4293 2918 4366 χρήσασθαι
2977 4293 3210 4364 βέλτιον,
3250 4294 3325 4364 μὴ
3365 4293 3681 4363 βαρυτέρας
3771 4341 3784 4352 ,

2020 4402 2073 4461 ι)
2109 4392 2264 4445 αὐτοὶ
2302 4387 2657 4460 πειραθῶμεν
2688 4384 3017 4454 θεομηνίας.
3056 4403 3073 4435 ι

2178 4479 2270 4549 ς’.
2313 4481 2402 4534 Ἐν
2462 4477 2669 4541 τούτοις
2733 4476 2904 4531 ἐλθών
2959 4494 3047 4540 τις
3098 4477 3163 4529 ἐκ
3218 4475 3325 4529 τῶν
3385 4476 3682 4548 βασιλείων

2106 4573 2311 4644 ἀνέῳξε
2342 4587 2401 4624 τε
2434 4569 2530 4632 τὰς
2556 4569 2729 4630 πύλας
2776 4569 2854 4638 τῷ
2884 4568 2986 4636 νέῳ
3015 4568 3250 4638 βασιλεῖ,
3291 4568 3386 4622 καὶ
3412 4570 3683 4636 ἀγγελίας

2108 4663 2258 4733 σὺτῷ
2284 4661 2484 4723 ταύτας
2537 4658 2749 4726 κομίζει
2775 4659 2925 4730 παρὰ
2976 4659 3067 4712 τοῦ
3107 4660 3368 4713 πάππου’
3405 4677 3425 4712 ι
3455 4659 3685 4730 Ἐπειδὴ

2108 4757 2348 4825 τήμερον
2388 4754 2416 4805 ὁ
2444 4751 2576 4813 Θεὸς
2612 4748 2828 4818 ἀφελῶν
2858 4749 2990 4819 ἐμοῦ
3018 4751 3079 4802 τὸ
3104 4750 3397 4820 βασίλειον,
3430 4752 3512 4803 υίέ
3547 4768 3683 4820 μου,

2083 4844 2392 4915 ,σκῆπτρόν
2427 4858 2509 4895 σοι
2554 4840 2695 4893 τοῦτ’
2742 4841 3037 4910 ἐχαρίσατο
3064 4879 3079 4903 ,
3142 4841 3271 4909 μίαν
3304 4840 3508 4909 ταύτην
3541 4841 3686 4893 αἰτῶ

2107 4940 2256 5008 παρὰ
2291 4934 2383 4988 σού
2408 4934 2570 5003 χάριν
2602 4933 2723 4984 ἀντὶ
2772 4931 3006 5007 πολλῶν,
3055 4924 3129 4984 ὧν
3158 4932 3218 4998 ἐξ
3245 4932 3415 5002 αὐτῆς
3472 4948 3555 4983 σοι
3585 4946 3689 4997 γει

434 5040 555 5077 rum
590 5034 755 5089 statu,
786 5038 871 5078 me
901 5024 995 5077 tibi
1023 5024 1195 5092 ipsius
1216 5024 1516 5079 nativitatis
1531 5034 1587 5080 et
1610 5028 2001 5093 progressionis

2104 5031 2300 5091 νέσεως
2327 5026 2601 5079 ὲδεδώκειν
2624 5024 2787 5087 αὐτός
2816 5024 2910 5093 (ὲῶ
2941 5027 3050 5093 γὰρ
3079 5024 3259 5090 λέγειν
3294 5026 3351 5077 ὲν
3381 5026 3499 5084 ταῖς
3535 5040 3687 5093 παρ-

435 5114 491 5167 in
526 5117 717 5179 vitam,
748 5123 873 5182 post
910 5114 1103 5179 Deum,
1133 5122 1411 5170 auctorem
1447 5115 1660 5182 fuisse),
1697 5114 1838 5170 dona
1870 5117 2001 5171 mihi

2104 5125 2288 5180 036m;
2340 5118 2529 5187 τύχαις
2558 5115 2656 5180 ὢν,
2717 5115 2799 5168 ὅτι
2831 5114 2922 5168 καὶ
2957 5114 3053 5183 τῆς
3096 5116 3357 5181 γενέσεως
3389 5115 3557 5183 αὐτῆς
3582 5121 3685 5169 καὶ

437 5207 599 5260 vitam
650 5220 859 5272 meam;
903 5220 1065 5274 parce
1107 5215 1333 5274 paterno
1374 5205 1537 5276 capiti
1567 5211 1591 5271 ;‘
1626 5222 1727 5260 nec
1767 5207 2001 5266 violento

2104 5208 2200 5275 τῆς
2222 5207 2281 5268 ἐς
2317 5203 2429 5274 βίον
2464 5203 2689 5272 προόδου
2712 5206 2849 5271 μετά
2876 5219 2936 5269 γε
2962 5201 3094 5255 Θεὸν
3112 5205 3271 5266 αὐτὸς
3293 5221 3374 5256 σοι
3407 5205 3686 5270 κατέστην

430 5298 577 5353 [οη-υ
605 5311 728 5352 eum
765 5296 1078 5367 sanguinem
1112 5296 1290 5359 hauri,
1332 5313 1362 5353 a
1408 5313 1517 5368 quo
1545 5306 1602 5352 tu
1641 5297 1763 5352 vita:
1800 5298 2001 5353 fontem

2104 5301 2293 5367 αἴτιος)
2312 5310 2325 5324 ⁸
2350 5295 2434 5368 [Ρ.
2455 5293 2582 5367 260]
2609 5295 2829 5366 χάρισαί
2859 5312 2950 5365 μοι
2968 5295 3066 5367 τὴν
3089 5297 3326 5366 ἐμαυτοῦ
3346 5297 3492 5367 ζωήν
3513 5314 3526 5329 ·
3562 5301 3686 5365 φεῖ-

1785 5410 2125 5471 V‘ariorum
2162 5418 2350 5476 notae.

505 5510 615 5577 (87)
672 5509 804 5574 Quae
861 5511 1079 5580 tumin
1145 5512 1345 5580 palatio
1406 5510 1808 5565 asservalratur.
1871 5510 2004 5565 Vide
2113 5509 2367 5564 adorasse
2403 5508 2694 5579 imaginem
2731 5508 2897 5573 dicat,
2949 5523 3016 5562 an
3053 5509 3273 5577 pulvere
3309 5509 3686 5578 conspersisse

436 5578 945 5652 Constantinopolim
988 5578 1182 5652 Christ.
1238 5582 1334 5635 lib.
1372 5598 1445 5642 tv,
1489 5581 1736 5652 pag.9l.
1773 5581 2003 5635 hocne.
2115 5591 2277 5647 caput
2334 5598 2346 5633 :
2388 5596 2453 5633 an
2491 5578 2932 5652 intatnimagiuis
2972 5589 3179 5649 partem
3216 5580 3366 5636 buuti
3407 5580 3684 5652 iacentem

510 5649 622 5717 (38)
666 5649 795 5706 Non
831 5654 961 5705 satis
1006 5651 1142 5719 scio,
1186 5668 1255 5706 an
1300 5666 1426 5707 eum
1480 5649 1630 5706 humi
1674 5659 2005 5719 prostratum
2115 5666 2233 5705 esse
2265 5652 2596 5721 amplexum.
2632 5650 2908 5705 \Vomcs.
