4000 6206
234 316 325 382 613
457 302 527 376 [ιο
566 318 618 356 ο·
666 300 798 356 ηεξ
835 317 897 355 ιω
946 298 1104 373 159-8]
1214 304 1660 366 ΒΥΖΑΝΤΙΝᾹΞ
1691 302 1776 364 HI

1879 299 2075 360 ΟΠῐέ
2100 300 2244 359 LIB,
2272 299 2374 359 1x,
2483 291 2617 364 [tum
2660 304 2943 347 ANDRONIC.
3003 290 3150 364 sem]
3324 295 3430 359 (3,1.

235 448 310 486 σαι
338 426 591 497 πατρικῆς
629 425 874 494 κεφαλῆς
897 441 913 458 ο
942 424 1018 495 μὴ
1045 424 1221 493 βίαιον
1252 426 1556 499 ὲπενέγκης
1576 424 1769 492 αἵματι

1879 420 2156 489 accepisti.
2179 418 2351 473 Homo
2376 391 2597 487 quidem
2626 417 2824 472 coelum
2844 426 2899 471 et
2924 424 3124 471 terram
3151 417 3430 475 intuetur:

230 520 441 587 σίδηρον,
478 517 565 584 ἀφ’
595 510 658 568 οὗ
690 517 756 569 σὺ
792 515 891 579 τὰς
923 515 1106 584 πηγὰς
1135 514 1302 579 ἐδέξω
1343 515 1440 569 τοῦ
1472 517 1596 586 ζῇν.
1634 516 1765 569 Ἀν-

231 612 418 682 θρωπος
448 608 541 677 μὲν
569 608 813 675 ἐπόπτης
841 609 990 661 ἐστὶν
1016 607 1252 678 ούρανοῦ
1278 624 1338 660 τε
1367 614 1459 661 καὶ
1489 610 1593 676 γῆς
1613 623 1628 640 ο
1657 608 1766 661 τῶν

229 702 267 756 δ’
285 698 621 771 ἀνθρωπίνων
649 699 901 768 πράξεων
928 700 1164 751 ἐπόπται
1199 699 1270 767 γῆ
1303 715 1363 751 τε
1392 697 1487 752 καὶ
1515 699 1764 768 οὐρανός.

230 796 306 863 Mi;
324 792 383 863 δὴ
406 787 493 846 οὖν
518 791 782 860 ἐθελήσῃς
804 789 1079 859 ἀθεμίτων
1098 790 1277 860 ἔργων
1301 789 1394 843 καὶ
1435 790 1563 843 οἴων
1591 791 1767 853 οὐδείς

232 902 304 937 πω
344 883 673 953 τετόλμηκεν
710 882 768 948 ἐξ
818 881 1016 945 αίῶνος
1061 883 1305 945 ἐπόπτας
1348 881 1533 936 λαϐεῖν
1573 863 1679 951 γῆν
1708 899 1767 935 τε

231 975 310 1027 καὶ
345 973 580 1042 οὐρανόν.
618 973 680 1025 El
717 973 761 1026 δ’
793 972 1085 1042 ἀδελφικὸν
1126 968 1438 1041 αἷμανκατά
1491 974 1588 1027 τοῦ
1630 974 1768 1029 Κάῖν

232 1064 341 1117 ἐϐόα
388 1063 549 1117 πάλαι
604 1064 740 1131 πρὸς
778 1062 1003 1134 Κύριον,
1053 1064 1173 1126 πῶς
1205 1064 1265 1117 οὐ
1313 1047 1597 1132 πατρικδνκ
1627 1062 1769 1134 αἷμα

232 1155 394 1224 βοήσει
421 1156 556 1220 πρὸς
590 1153 796 1225 Κύριον
825 1155 919 1207 καὶ
958 1158 1024 1224 γῇ
1049 1172 1109 1207 τε
1138 1154 1231 1207 καλ⁵
1253 1155 1387 1225 ήλίῳ
1417 1155 1512 1209 καὶ
1537 1156 1770 1226 ἀστράσι

230 1247 281 1298 τὸ
304 1244 545 1299 τοσοῦτον
594 1244 893 1313 ἀναγγελεῖ
921 1244 1181 1315 τόλμημα
1213 1245 1309 1300 καὶ
1341 1247 1770 1318 διατραγῳδήσει

230 1337 345 1407 πρὸς
380 1337 623 1399 ἅπαντας
679 1337 931 1407 βασιλέας
986 1337 1198 1404 ὲθνῶνς
1262 1338 1550 1408 Αἱδέσθητι
1593 1340 1770 1410 γῆρας

229 1426 434 1478 ἐλεεινὸν
487 1427 612 1492 ἔμοι
668 1427 768 1495 μὲν
830 1426 947 1497 βίου
1004 1428 1267 1499 τελευτὴν
1295 1430 1397 1482 οὐκ
1442 1430 1521 1491 εἰς
1553 1431 1771 1500 μακρὰν

1864 600 2118 672 524m
2138 600 2458 669 velisgigitur
2480 597 2699 653 nefandi
2722 597 3000 662 facinoris,
3021 598 3180 675 quale
3199 599 3268 653 ab
3285 600 3433 652 omni

1865 706 1982 744 aevo
2011 704 2172 745 nemo
2219 702 2459 758 unquam
2492 703 2663 743 ausus
2702 698 2808 751 est,
2847 689 3191 757 inspectores
3232 687 3435 743 habere

1867 780 2035 835 caelos
2057 788 2111 834 ct
2138 787 2358 855 terram.
2387 778 2541 844 Quod
2558 781 2605 833 si
2637 779 2916 833 fraternus
2952 779 3172 848 sanguis
3206 779 3333 832 olim
3365 782 3432 832 ad

1870 869 2158 924 Dominum
2194 876 2381 922 contra
2418 866 2647 921 Cainum
2695 866 2979 931 clamabat,
3031 874 3235 934 quanto
3267 867 3437 934 magis

1867 970 2127 1031 paternus
2156 958 2376 1031 sanguis
2398 957 2466 1029 ad
2494 958 2785 1011 Dominum
2813 956 3095 1021 clamabit,
3117 964 3174 1010 et
3201 968 3360 1012 terrae
3379 964 3439 1009 et

1868 1050 1973 1105 soli
2013 1058 2070 1104 et
2107 1049 2272 1103 astris
2308 1058 2520 1102 tantum
2570 1046 2787 1103 facinus
2822 1046 3174 1101 annuntiabit
3201 1055 3257 1100 et
3293 1049 3436 1115 apud

1869 1156 2062 1196 omnes
2078 1142 2321 1209 gentium
2357 1153 2513 1207 reges
2552 1136 2950 1193 detestabitur?
2975 1136 3241 1191 Reverere
3278 1150 3440 1189 senc-

1876 1240 2018 1287 ctam
2048 1230 2429 1284 misericordia
2459 1229 2698 1299 plenam,
2729 1243 2847 1297 qua
2891 1227 3021 1281 mihi
3055 1225 3272 1294 quidem
3318 1224 3444 1278 vita:

1871 1321 2031 1376 linem
2054 1324 2302 1392 proximo
2324 1329 2593 1390 tempore,
2620 1320 2714 1373 tibi
2738 1326 2917 1372 autem
2943 1332 3262 1387 magnarum
3290 1315 3443 1369 solli-

1870 1414 2170 1469 citudinem
2198 1414 2565 1480 cessationem
2593 1411 2906 1480 pollicetur.
2932 1411 3205 1465 Reverere
3222 1422 3442 1470 manus,

228 1513 657 1583 ὑπισχνούμενον,
715 1517 802 1569 σοὶ
850 1515 907 1568 δὲ
940 1515 1238 1586 φροντίδων
1270 1518 1500 1587 μακρῶν
1528 1499 1773 1571 ἀνάπαυ-

1879 1520 1991 1576 qum
2023 1515 2077 1561 te
2117 1518 2259 1572 stepe
2290 1504 2346 1557 in
2383 1503 2539 1558 cunis
2568 1511 2623 1557 et
2657 1502 2712 1555 in
2743 1502 2867 1556 sinu
2910 1500 3140 1554 nutricis
3183 1499 3445 1568 amplexae

229 1621 319 1659 σιν.
347 1605 627 1673 Αίδὲσθητι
656 1608 868 1675 χεῖρας,
895 1607 953 1660 αἴ
977 1614 1042 1659 σε’
1060 1608 1321 1670 πολλάκις
1352 1609 1411 1661 ὲν
1435 1610 1771 1677 σπαργάνοις

1879 1605 2024 1652 sunt.
2056 1597 2329 1651 Reverere
2357 1595 2522 1654 labia,
2544 1608 2664 1662 quae
2694 1600 2746 1645 te
2763 1604 2906 1659 saepe
2933 1604 3143 1644 summa
3173 1588 3444 1644 elaaritate

227 1695 333 1747 ὄντα
361 1696 449 1748 καὶ
471 1693 702 1762 γάλαξιν
740 1693 1129 1763 ηγκαλίσαντο.
1156 1694 1442 1764 Αίδέσθητι
1473 1695 1625 1763 χείλη
1647 1696 1774 1748 πολ-

1879 1687 2185 1743 deosculata
2226 1695 2356 1741 sunt
2400 1694 2455 1739 et
2513 1684 2738 1736 alteram
2788 1680 3023 1733 animam
3076 1677 3441 1748 appellarunt.

228 1781 361 1842 λάκις
398 1756 532 1848 μετὰ
583 1756 802 1849 θερμού⁷
830 1796 890 1832 σε
919 1779 1011 1832 τοῦ
1070 1781 1293 1850 φίλτρου
1341 1756 1649 1851 φιλήσαντα
1678 1783 1773 1835 καὶ

1879 1778 2072 1834 Calaml
2102 1792 2132 1831 a
2166 1776 2383 1832 lortuna
2410 1773 2641 1844 proiecti
2666 1773 2947 1835 miserere,
2980 1784 3081 1824 uec
3103 1779 3159 1822 tu
3192 1767 3448 1823 eumde-

227 1870 460 1941 δευτέραν
492 1872 861 1942 προσειπόντα
910 1873 1104 1944 ψυχήν.
1148 1872 1412 1942 Κάλαμον
1442 1874 1774 1945 ἐρριμμένον

1879 1884 1984 1925 ιιυο
2020 1877 2308 1925 conterere
2352 1867 2506 1921 velis.
2546 1864 2630 1920 Ne
2680 1873 2755 1929 tu,
2794 1877 2917 1919 cum
2962 1861 3126 1914 homo
3172 1860 3268 1923 sis,
3309 1872 3450 1924 prm-

229 1962 317 2014 ὑπὸ
348 1962 441 2031 τῆς
470 1961 644 2032 τύχης
671 1962 943 2033 οῐκτειρον
974 1964 1070 2015 καὶ
1102 1962 1177 2034 μὴ
1206 1964 1302 2017 καὶ
1328 1963 1491 2025 αὐτὸς
1512 1963 1774 2034 ἐθελήσῃς

1879 1960 2018 2015 senti
2064 1959 2299 2013 fortuna:
2343 1955 2624 2019 conﬁdas;
2657 1955 2752 2009 sed
2795 1969 2979 2008 rerum
3022 1948 3444 2006 inconstantiam

226 2048 455 2122 δευτέραν
491 2053 816 2120 ἐπενεγκεῖν
846 2052 1160 2124 συντριϐήν.
1186 2053 1280 2124 Μὴ
1311 2055 1434 2116 ταῖς
1471 2052 1775 2124 παρούσαις

226 2140 477 2210 ἄνθρωπος
504 2141 587 2196 ὢν
616 2144 839 2197 πίστευε
861 2143 1052 2215 τύχαις
1071 2144 1216 2197 ’ἀλλ’
1244 2144 1347 2215 ὅρα
1376 2144 1435 2198 τὸ
1450 2144 1559 2199 τῶν
1590 2160 1775 2214 πραγ-

231 2231 389 2300 pitur
433 2234 697 2288 ἀϐέϐαιον
720 2235 815 2288 καὶ
842 2235 1192 2306 ἀστάθμητον
1213 2234 1517 2306 ἀρξάμενος
1538 2235 1599 2300 ἐξ
1615 2237 1770 2305 ἐμοῦ.

228 2327 347 2397 ’θρα
377 2327 592 2399 μακροῦ
628 2326 746 2397 βίου
776 2328 1276 2397 τέλος.βαύμασον,
1311 2329 1427 2392 πῶς
1460 2329 1555 2399 μία
1584 2330 1649 2401 δὴ
1674 2330 1769 2398 νὺξ

228 2415 344 2485 αὕτη
376 2434 438 2484 με
469 2416 701 2486 βασιλέα
746 2418 1119 2488 παρειληφυῖα
1151 2418 1389 2486 πολυετῆ
1423 2417 1777 2490 pansum-

227 2521 300 2557 νον
343 2505 547 2574 οἴχεται
592 2507 1098 2578 καταλιμπάνουσα.
1128 2526 1147 2559 ι
1188 2508 1412 2573 Τούτοις
1445 2512 1560 2574 τοῖς
1596 2511 1775 2579 λόγοις

230 2592 564 2660 μαλακισθεὶς
624 2596 653 2648 ό
701 2595 820 2660 νέος
887 2597 1225 2666 Ἀνδρόνικος
1287 2599 1490 2669 μικροῦ
1544 2599 1639 2653 καὶ
1677 2600 1773 2650 δα.

227 2687 385 2758 κρύων
409 2689 593 2759 ἥττων
620 2690 913 2757 γενόμενος
944 2690 1141 2745 εἴσεισι
1162 2690 1229 2744 τὰ
1271 2689 1539 2759 βασίλεια,
1574 2687 1773 2759 πολλὴν

228 2778 347 2846 ὑπὲρ
393 2781 670 2852 σωτηρίας
717 2778 812 2833 τοῦ
846 2782 1070 2836 πάππου
1118 2784 1444 2851 ποιούμενος
1488 2783 1769 2851 πρόνοιαν.

228 2869 319 2922 Καὶ
377 2871 578 2941 πρῶτα
612 2872 714 2941 μὲν
763 2874 832 2943 τῇ
866 2872 1138 2943 σεϐασμίᾳ
1171 2872 1269 2940 τῆς
1318 2873 1660 2942 Θεομήτορος
1696 2873 1772 2925 εί·-

229 2959 331 3012 κόνι
362 2962 474 3032 (89)
502 2961 607 3031 τὴν
636 2964 1022 3033 προσήκουσαν
1061 2962 1295 3027 ἀποδοὺς
1324 2964 1718 3033 προσκύνησιν,
1760 2962 1946 3015 ἔπειτα
1965 2960 2057 3013 τὸν
2079 2961 2304 3014 πάππον
2331 2956 2533 3024 ταύτης
2552 2955 2817 3026 ὲχόμενον
2846 2952 3132 3007 ἀπολαϐὼν
3166 2952 3453 3022 ἠσπάσατό

228 3072 275 3108 τε
299 3055 771 3125 περιπτυξὰμενος
803 3057 896 3112 καὶ
930 3056 1107 3126 λόγοις
1147 3059 1486 3126 ἀνεκτήσατο
1526 3057 1830 3129 μειλιχίοις.

1870 2062 1929 2108 et
1957 2050 2277 2106 varietatem
2314 2065 2343 2103 a
2379 2063 2465 2103 me
2498 2048 2619 2118 ipso
2674 2061 2904 2101 exorsus
2942 2043 3307 2099 considerato.
3340 2038 3449 2093 Re-

1873 2141 2023 2212 spice
2057 2143 2231 2210 longa:
2258 2140 2381 2195 vitae
2412 2138 2597 2193 linem.
2621 2136 2929 2197 Admirare.
2951 2142 3011 2188 ut
3035 2147 3140 2186 una
3173 2145 3296 2191 nox,
3324 2144 3448 2199 quae

1871 2250 1959 2288 me
1977 2234 2275 2289 multorum
2299 2244 2569 2286 annorum
2590 2228 2974 2297 imperatorem
3005 2223 3236 2294 accepit,
3264 2221 3446 2275 alieno

1873 2325 2106 2395 imperio
2149 2325 2455 2395 subjectum
2498 2322 2796 2390 relinquat.
2850 2338 2869 2372 ι
2907 2319 3001 2373 llis
3028 2316 3225 2372 ‘verbis
3260 2312 3447 2384 junior

1874 2415 2222 2472 Andronicus
2262 2414 2527 2470 delinitus
2555 2413 2641 2466 vix
2683 2412 2847 2466 etiam
2885 2426 2914 2463 a
2947 2407 3203 2479 lacrymis
3236 2414 3448 2473 tempe-

1878 2520 2008 2561 rans
2032 2506 2296 2576 palatium
2329 2503 2635 2574 ingreditur
2668 2512 2725 2558 et
2758 2501 2827 2556 de
2857 2500 3030 2554 salute
3048 2497 3135 2553 avi
3161 2510 3346 2551 curam
3369 2494 3453 2548 di-

1878 2599 2135 2677 ligentem
2161 2596 2407 2666 sustzipit.
2439 2593 2519 2649 Ac
2551 2593 2784 2664 primum
2818 2588 3184 2656 venerabilem
3218 2586 3311 2641 Dei
3346 2584 3452 2639 Ge-

1880 2689 2093 2743 nitricis
2121 2688 2411 2758 imaginem
2439 2701 2502 2740 ea
2536 2701 2640 2754 qua
2666 2699 2763 2754 par
2792 2694 2878 2738 est
2905 2681 3223 2737 adoratione
3254 2680 3455 2747 imper-

1881 2780 1980 2843 tit;
2010 2779 2211 2834 deinde
2229 2792 2389 2832 avum
2412 2776 2490 2831 illi
2518 2776 2878 2830 inhaerentem
2908 2772 3203 2828 abductum
3228 2769 3450 2835 salutat,

1878 2869 2227 2940 amplectitur
2256 2876 2313 2923 et
2348 2864 2564 2921 blandis
2594 2863 2779 2918 verbis
2812 2870 3046 2917 recreat.

285 3146 350 3199 Z’.
396 3147 640 3201 Ἐκεῖθεν
670 3148 887 3202 ἄπεισιν
938 3150 1019 3211 είς
1067 3148 1165 3219 τὴν
1206 3149 1311 3202 τῶν
1339 3126 1778 3219 Μαγγάνωνίμο-

1909 3186 1921 3202 ,
1950 3140 2062 3197 VII.
2096 3139 2228 3195 lude
2261 3138 2313 3193 in
2348 3136 2736 3206 Manganorum
2765 3131 3157 3187 monasterium
3190 3129 3325 3196 abit,
3358 3126 3451 3185 ubi

230 3232 325 3304 νὴν,
354 3235 478 3289 ἔνθα
516 3237 734 3305 φθάσας
775 3238 804 3290 ό
831 3237 988 3304 λόγος
1017 3237 1289 3308 ἐδήλωσεν
1340 3241 1397 3293 ὲν
1427 3239 1646 3308 ἀδέσμῳ
1678 3254 1779 3306 (pu-

230 3326 347 3397 λαιῇ
368 3328 456 3381 τὸν
487 3328 837 3399 πατριάρχην
876 3329 1098 3382 Ἡσαΐαν
1132 3327 1424 3399 καθῆσθαι.
1456 3327 1657 3381 Τοῦτον
1684 3326 1776 3381 οὖν

229 3415 344 3486 ἄρας
378 3418 593 3472 ἰκεῖθεν
641 3419 736 3471 καὶ⁹
791 3419 875 3488 ἐφ’
902 3417 962 3472 ἓν
996 3419 1107 3473 τῶν
1159 3419 1453 3489 βασιλικῶν
1483 3418 1777 3491 ὀχημάτων

229 3505 569 3572 ἀναϐιϐάσας,
594 3508 668 3570 ὠς
694 3503 804 3580 εἶχε
827 3508 934 3561 τῶν
959 3508 1347 3578 ὲρυθροϐαφῶν
1380 3511 1773 3577 κοσμημάτων,

231 3596 297 3665 τῷ
328 3598 709 3669 πατριαρχικῷ
733 3600 914 3670 φέρων
947 3599 1238 3653 ἀποδίδωσι
1269 3597 1444 3669 θρόνῳ
1465 3614 1477 3628 ·
1515 3598 1615 3652 οὐκ
1655 3599 1773 3650 ὲπι-

231 3690 426 3742 σκόπων
460 3691 628 3769 τινῶν
658 3691 780 3744 οὐδὲ
823 3691 1210 3763 πρεσϐυτέρων
1244 3691 1647 3756 προοδευόντων
1682 3693 1778 3745 καὶ

232 3775 513 3846 ἑπομένων,
560 3779 678 3832 ἀλλ’
726 3781 974 3851 αὐλητῶν
1003 3783 1095 3835 καὶ
1126 3780 1459 3851 αὐλητρίδων
1489 3781 1585 3833 καὶ
1613 3780 1782 3850 ὀρχη·

233 3870 355 3922 στῶν
380 3876 474 3926 καὶ
500 3874 878 3945 ὀρχηστρίδων
909 3876 1006 3929 σὺν
1027 3903 1035 3911 -
1058 3875 1222 3945 ᾠδαῖς
1276 3872 1637 3945 χαρμοσύνοις
1685 3874 1784 3942 τὴν

232 3963 435 4031 πομπὴν
460 3966 807 4036 ποιουμένων
836 3968 1071 4038 εκείνην.
1105 3964 1206 4022 Ὧν
1231 3968 1332 4038 μία
1353 3984 1456 4031 τις,
1488 3968 1520 4037 ἡ
1549 3965 1785 4036 μάλιστα

232 4051 323 4147 τῶν
336 4053 507 4147 ἄλλων
525 4056 867 4126 αὐλητρίδων
889 4058 1256 4129 δοκιμωτάτη,
1275 4059 1443 4111 ἵππου
1461 4059 1517 4110 ἐν
1541 4058 1783 4127 ἀνδρικῷ

230 4142 297 4205 τῷ
326 4142 565 4211 σχήματι
590 4144 946 4197 ὲπιϐαίνουσα
970 4149 1080 4208 τοῖς
1115 4145 1566 4215 στρατευομένοις
1598 4144 1783 4197 εἵπετο

235 4230 323 4297 μὲν
350 4233 443 4285 καὶ
467 4235 757 4304 πρότερον,
785 4236 971 4289 εἵπετο
997 4235 1053 4289 δὲ
1072 4253 1104 4290 κ
1120 4238 1165 4288 z‘t
1189 4236 1286 4288 νῦν
1318 4226 1786 4306 προπομπεύουσά

233 4335 282 4372 τε
317 4324 390 4393 τῷ
433 4327 748 4399 πατριάρχῃ
783 4328 877 4381 καὶ
919 4330 1036 4391 τατς
1064 4328 1324 4399 συνήθεσι
1361 4329 1457 4383 καὶ
1501 4331 1788 4399 πορνικαῖς

1881 3231 2244 3304 patriarcham
2280 3228 2476 3284 Isaiam
2510 3227 2564 3280 in
2613 3222 2862 3278 custodia
2899 3221 3136 3276 vinculis
3169 3220 3340 3275 libera
3371 3236 3454 3275 sc-

1883 3325 2016 3381 dere
2044 3320 2303 3375 diximus.
2328 3318 2500 3382 Quem
2535 3315 2662 3369 inde
2688 3313 2987 3367 abductum
3035 3320 3090 3366 et
3124 3310 3218 3363 uni
3248 3324 3316 3365 ex
3347 3309 3455 3363 im-

1877 3411 2166 3486 peratoriis
2183 3409 2439 3465 curribus
2460 3402 2975 3476 impositumﬂs
3005 3409 3339 3464 ornamenta,
3371 3401 3447 3455 ita

1880 3515 1939 3560 ut
1972 3511 2150 3569 erant,
2180 3501 2345 3556 rubra
2368 3497 2696 3569 praeferenti,
2728 3495 2781 3549 in
2807 3492 3226 3564 patriarchicum
3247 3491 3447 3546 solium

1879 3593 2142 3659 restituit,
2167 3590 2332 3646 nullis
2363 3588 2635 3659 episcopis
2663 3596 2759 3640 aut
2793 3582 3128 3659 presbyteris
3164 3582 3449 3651 sequenti-

1877 3688 1981 3743 bus
2009 3658 2603 3744 alitanteccdentibus;
2629 3677 2722 3732 sed
2753 3658 3070 3732 tibicinibus
3102 3682 3155 3729 et
3180 3672 3446 3730 tibicinis.

1879 3774 2230 3834 saltatoribtw
2260 3780 2315 3828 et
2346 3770 2717 3827 saltatricibus
2748 3767 3140 3824 comitantibus
3162 3805 3177 3832 ,
3205 3780 3268 3819 ac
3311 3764 3452 3818 laetis

1878 3868 2107 3925 canticis
2134 3882 2258 3923 eum
2292 3863 2776 3936 prosequentibus.
2801 3861 3039 3926 Quarum
3069 3844 3290 3929 quidem
3325 3857 3453 3912 tibi-

1881 3963 2127 4018 einarum
2152 3973 2259 4012 una
2283 3954 2666 4028 probatissima
2693 3953 2882 4007 habitu
2904 3951 3043 4006 virili
3062 3949 3366 4021 equitabat;
3395 3958 3453 4003 et

1890 4052 2111 4116 milites,
2136 4064 2196 4105 ut
2229 4059 2414 4104 secuta
2438 4056 2596 4102 antea
2631 4045 2828 4106 fuerat,
2859 4045 2932 4099 ita
2964 4056 3091 4098 tunc
3120 4057 3338 4113 quoque
3365 4055 3453 4095 se-

1891 4146 2195 4217 quebatur;
2238 4143 2602 4214 patriarcliam
2650 4154 2779 4195 vero
2824 4140 2998 4208 ipsmn
3043 4134 3448 4195 antecedebat,

1893 4254 2054 4310 quem
2087 4235 2263 4293 solitis
2288 4244 2344 4291 et
2378 4232 2703 4288 meretriciis
2728 4232 2907 4302 nugis,
2941 4241 3074 4284 utet
3101 4239 3327 4283 caeteros
3359 4225 3452 4296 qui

1895 4330 2144 4393 aderant,
2184 4327 2250 4383 ad
2284 4326 2603 4381 illiberalem
2641 4324 2810 4378 risum
2844 4322 2998 4377 facile
3030 4318 3380 4390 provocabat.

234 4418 507 4490 φλυαρίαις
550 4422 645 4475 τόν
679 4439 737 4475 τε
785 4422 1152 4495 πατριάρχην,
1198 4423 1293 4477 καὶ
1332 4426 1445 4477 ὅσοι
1472 4423 1595 4477 τότε
1628 4424 1900 4494 παρῆσαν,
1935 4425 2014 4487 εἰς
2077 4423 2317 4492 γέλωτας
2383 4421 2629 4489 ἀσήμους
2660 4423 2835 4489 ῥᾷστα
2864 4413 3275 4485 παρασύρουσα.

297 4511 374 4564 η’.
407 4508 516 4566 Ἦν
546 4512 593 4567 δ’
636 4514 806 4567 ἕωθεν
861 4518 916 4577 ἐς
969 4517 1206 4586 ἑσπέραν
1245 4518 1371 4571 ἰδεῖν
1420 4518 1518 4587 τὴν
1570 4517 1778 4588 ἡμέραν

1962 4515 2098 4571 Vill.
2127 4515 2205 4569 Eo
2235 4514 2326 4569 die
2351 4528 2379 4567 a
2413 4527 2569 4567 mane
2596 4509 2663 4564 ad
2689 4522 2968 4577 vesperam
2990 4520 3179 4560 omnes
3202 4518 3332 4573 epes
3355 4503 3454 4557 do-

236 4604 434 4676 ἐκείνην
463 4604 776 4658 κενωθέντα
809 4605 903 4658 τὸν
928 4606 1081 4659 ὄλϐον
1111 4607 1325 4661 ἅπαντα
1354 4609 1463 4662 τῶν
1494 4609 1656 4661 οἴκων
1682 4607 1790 4659 τῶν

236 4694 625 4767 λαμπροτάτων
657 4699 752 4752 καὶ
795 4698 1021 4768 λείψανα
1063 4700 1161 4769 τὴν
1192 4700 1454 4771 ταχίστην
1483 4699 1789 4753 καταστάν-

236 4803 317 4851 τις
353 4791 553 4854 αὐτοὺς
601 4790 859 4860 ἐρειπίων
902 4792 996 4845 καὶ
1041 4792 1336 4862 δημοτικὸν
1386 4791 1643 4861 ἄθυρμαο
1696 4790 1791 4844 καὶ

238 4877 313 4946 ίΡ.
333 4881 460 4951 261]
498 4880 738 4950 μάλιστα
766 4880 982 4934 πάντων
1006 4881 1104 4950 τὴν
1132 4881 1226 4935 τοῦ
1248 4881 1481 4951 μεγάλου
1507 4879 1789 4948 λογοοέτου

238 4969 616 5043 λαμπροτάτην
649 4973 848 5037 οἰκίαν,
878 4972 973 5026 καὶ
1023 4973 1125 5026 ὅσα
1167 4973 1277 5025 τῶν
1302 4974 1598 5043 χρημάτων
1627 4972 1685 5024 ἐν
1721 4989 1783 5024 τε

236 5064 291 5130 τῇ
317 5064 459 5134 eiul;
494 5068 869 5134 ὲταμιεύοντο,
906 5064 1000 5117 καὶ
1032 5064 1129 5116 ὅσα
1175 5063 1389 5131 φθάσας
1428 5067 1535 5116 τισὶ
1558 5063 1668 5116 τῶν
1695 5064 1787 5134 φί-

238 5151 330 5205 λων
356 5156 648 5226 παρέθετο.
704 5147 827 5208 Τῶν
855 5154 1250 5225 γραμματείων
1279 5155 1385 5224 γὰρ
1434 5156 1788 5225 εὑρεθέντων,

240 5243 269 5293 ὃ.
301 5247 422 5308 τοὺς
476 5248 767 5318 εἰληφότας
815 5247 999 5315 φίλους
1055 5244 1271 5317 ἐδήλου,
1328 5247 1585 5316 λαφύρων
1631 5249 1792 5319 μερὶς

238 5334 550 5412 ἐγεγένηντο
573 5343 752 5395 πάντα
783 5343 875 5395 καὶ
896 5340 1047 5394 οὐδὲν
1077 5340 1187 5393 τῶν
1202 5341 1458 5394 ἁπάντων
1487 5340 1633 5411 αύτῴ
1654 5358 1795 5411 παρ-

238 5428 439 5504 ελείφθη
469 5450 483 5463 °
532 5434 667 5488 ἀλλά
696 5434 763 5488 τὰ
795 5433 894 5504 μὲν
912 5433 991 5495 είς
1016 5433 1077 5486 τὸ
1122 5432 1401 5503 βασιλικὸν
1424 5434 1795 5505 εἰσενήνεκται

1892 4621 2105 4661 morum
2122 4604 2688 4674 Splendidissimarum
2711 4596 2989 4653 exhauriri
3023 4605 3079 4649 et
3094 4595 3238 4662 ipsas
3259 4594 3453 4648 domos

1892 4698 1969 4752 ita
2004 4695 2183 4751 statim
2220 4695 2367 4749 dirui
2398 4709 2463 4748 ac
2486 4692 2642 4761 vulgi
2675 4689 2969 4744 ludibrium
3005 4700 3123 4740 csse
3160 4700 3452 4745 cerneres,

1892 4800 1951 4847 ut
1991 4791 2081 4846 vix
2116 4789 2314 4843 rudera
2349 4795 2701 4857 superessent
2737 4801 2751 4836 :
2793 4784 2845 4835 in
2876 4778 3068 4849 primis
3102 4776 3277 4846 magni
3306 4776 3456 4845 logo—

1894 4884 2056 4938 tbetze
2079 4880 2224 4936 aedes
2253 4875 2839 4949 magniticcntissimas,
2873 4873 2925 4924 in
2957 4869 3158 4939 quibus
3186 4866 3453 4936 quidquid

1890 4989 2055 5043 ovum
2082 4955 2386 5043 repositum
2406 4977 2545 5031 erat,
2574 4966 2846 5034 direptum
2876 4971 2991 5025 est;
3026 4959 3154 5013 item
3182 4955 3454 5027 quidquid

1887 5070 1979 5124 ille
2001 5069 2142 5139 apud
2173 5067 2438 5137 quosdam
2468 5065 2668 5118 amicos
2691 5061 2918 5130 deposur
2935 5071 3039 5114 rat.
3068 5057 3285 5111 Litteris
3308 5060 3455 5111 enim

1889 5161 2141 5229 repertis,
2198 5160 2398 5230 quibus
2460 5155 2819 5226 perscriptum
2875 5164 2991 5208 erat
3038 5153 3168 5222 quid
3224 5153 3457 5221 quisque

1891 5252 2097 5306 amicus
2129 5252 2455 5321 accepisset.
2485 5249 2666 5302 omnia
2700 5247 2894 5316 μηνύεις
2925 5247 3181 5311 fuerunt;
3217 5259 3315 5297 nec
3346 5259 3458 5293 οιιι-

1893 5344 2040 5397 nium
2071 5358 2250 5396 rerum
2282 5341 2577 5412 quidquam
2606 5341 2655 5395 ei
2687 5348 2770 5394 est
2803 5339 3050 5391 relictum
3081 5354 3092 5387 :
3127 5335 3220 5389 sed
3259 5334 3361 5387 alia
3395 5334 3449 5386 in

1892 5437 2078 5491 (iscum
2113 5436 2302 5500 relata,
2334 5435 2436 5489 alia
2469 5434 2720 5488 manibus
2751 5430 2894 5500 vulgi
2929 5430 3207 5483 distracta.
3243 5425 3321 5479 Ita
3355 5438 3451 5478 su-

1567 5561 1901 5621 Variorum
1932 5571 2114 5622 noue.

295 5659 404 5732 (89)
461 5665 703 5736 Dciparae
749 5664 1107 5740 Hodegetriac,
1154 5677 1210 5722 ut
1275 5682 1439 5738 supra
1477 5667 1600 5737 (c’ol.
1660 5668 1804 5738 431).
1850 5668 2076 5722 Decus.

1866 509 2133 562 humanas
2169 522 2298 562 vero
2335 508 2578 561 actiones
2624 506 2820 560 ccelum
2864 514 2921 559 et
2954 515 3098 560 terra
3128 506 3431 563 intuentur.
3542 539 3547 544 ε
