4000 6206
475 337 580 398 627
726 331 798 403 [Α.
843 346 900 384 ιι.
942 330 1082 386 6856
1115 347 1182 386 Αι)
1222 331 1384 403 6849]

1637 337 2055 399 NICEPHORI
2093 339 2483 401 GREGORAE

2753 332 2885 398 [ων.
2927 346 3210 388 mamma.
3273 331 3416 402 tum]

3607 336 3708 400 628

474 446 642 499 etiam
690 444 988 514 imperator
1032 444 1138 500 levi
1188 444 1424 515 quodam
1477 453 1533 500 et
1580 446 1808 502 minime
1861 446 2049 503 letbali

2160 467 2265 512 τοις
2297 449 2392 502 καὶ
2421 450 2448 502 6
2483 444 2963 518 βασιλεὺςιὸπερον
2999 449 3112 501 τοῖν
3143 445 3326 499 ποδοῖν
3355 443 3577 516 ἐλαφρῷ
3607 460 3713 500 τινι

473 536 686 606 sagitta
726 537 836 591 ictu
870 537 1099 592 alterum
1135 536 1324 606 pedem
1359 538 1678 593 vulneratus
1707 546 1811 593 est.

546 625 632 682 III.
675 627 751 682 Ea
781 639 944 682 nocte
974 629 1349 698 spectaculum
1385 629 1696 684 miserabile
1729 637 1782 683 e‘t
1821 628 2048 684 evidens

477 720 571 775 iraa
621 721 822 775 divina
862 721 1078 791 signum
1127 722 1356 776 exstitit.
1415 721 1550 776 Nam
1602 723 1898 787 Barbarus,
1952 721 2045 791 qui

477 813 848 867 Romanorum
900 823 1239 866 armaturam
1279 825 1334 868 et
1383 813 1598 868 virilem
1647 815 1702 868 in
1753 814 2047 886 pugnando

476 901 838 958 constantiam
866 902 1080 956 viderat
1125 913 1178 956 et
1226 903 1529 958 admiratus
1572 903 1770 966 fuerat,
1813 918 1908 958 eos
1939 920 2043 958 non

475 995 784 1065 quieturos,
810 993 904 1048 sed
928 993 1192 1064 postridie
1216 993 1435 1064 longius
1459 1009 1847 1064 progressuros
1873 995 2050 1064 ratus,

477 1084 740 1139 trecentis
787 1083 1068 1153 equitibus
1105 1083 1424 1154 speculandi
1473 1084 1644 1154 gratia
1698 1085 1772 1138 ibi
1818 1083 2044 1148 relictis,

476 1175 595 1245 ipse
651 1190 774 1229 cum
825 1176 973 1228 omni
1025 1174 1272 1229 exercitu
1321 1175 1564 1244 perrexit
1597 1175 1826 1230 ulterius
1852 1175 1918 1229 ad
1951 1192 2046 1244 op~

475 1276 740 1334 portunas
773 1267 891 1321 vias
933 1265 1302 1334 occupandas.
1337 1265 1517 1336 Atque
1578 1268 1648 1320 ita
1689 1268 1905 1334 quidem
1956 1267 2045 1320 ille

477 1357 749 1411 discessit.
785 1356 1087 1427 Imperator
1130 1370 1266 1412 vero
1312 1359 1634 1427 oppidulum
1685 1359 2044 1414 Pbilocrenen

478 1444 761 1514 ingressus
813 1455 897 1499 est
941 1445 1172 1500 curandi
1210 1445 1455 1500 vulneris
1498 1441 1692 1516 gratia.
1744 1446 1898 1512 Quod
1940 1447 2048 1500 Ro-

479 1537 624 1590 mani
672 1536 876 1591 milites
929 1551 1053 1591 cum
1101 1538 1644 1604 animadvertissent,
1693 1553 1794 1593 nec
1827 1554 2044 1593 causam

479 1627 616 1682 satis
645 1637 794 1683 certo
817 1627 1049 1693 scirent,
1075 1644 1200 1683 eum
1231 1646 1341 1700 prce
1365 1632 1511 1684 metu
1547 1630 1734 1700 fugere
1763 1640 2044 1699 putarunt.

477 1714 651 1773 Noctu
682 1718 830 1773 enim
875 1718 1184 1776 Orebanem
1207 1738 1331 1776 cum
1359 1737 1554 1793 magno
1583 1721 1824 1776 exercitu
1854 1722 2042 1785 all‘ore,

2151 541 2300 612 βέλει
2340 540 2436 594 καὶ
2465 541 2524 594 οὐ
2556 540 2700 611 μάλα
2728 541 2948 612 καιρίῳ.

2220 635 2296 689 Γ’.
2336 633 2425 686 Ἐν
2465 633 2637 705 ταύτῃ
2665 632 2724 685 δέ
2755 634 2821 703 τῇ
2847 630 3005 685 νυκτὶ
3026 630 3235 700 γίνεταί
3261 646 3318 682 τι
3340 628 3524 699 θέαμα
3549 629 3722 683 ἐλεει-

2149 725 2240 779 νὸν
2276 726 2370 779 καὶ
2401 724 2686 793 προφανής
2715 739 2799 786 τις
2836 720 3118 790 θεομηνία.
3156 718 3315 774 Ἐπεὶ
3363 719 3474 786 γὰρ
3523 721 3551 770 ὁ
3583 718 3719 785 βαρ·

2151 817 2316 886 ϐαρος
2350 814 2718 883 ἐτεθαυμάκει
2770 813 3106 881 θεασάμενος
3149 810 3258 864 τῶν
3299 809 3586 880 Ῥωμαίων
3616 809 3720 878 τήν

2149 925 2208 960 τε
2257 908 2470 961 ὅπλισιν
2503 908 2596 960 καὶ
2643 906 2742 974 τὴν
2797 903 3058 973 ἀνδρικὴν
3133 901 3404 966 ἔνστασιν,
3475 901 3724 969 ἐνόμισεν

2149 999 2209 1051 οὐ
2249 999 2409 1068 μέχρι
2437 997 2630 1051 τούτου
2684 996 2877 1065 στῆναι
2906 994 3158 1064 θελήσειν
3192 992 3410 1056 αὐτοὺς,
3446 991 3584 1045 ἀλλὰ
3621 992 3716 1044 καὶ

2150 1092 2209 1154 ἐς
2269 1091 2339 1142 τὰ
2393 1089 2581 1160 πρόσω
2639 1088 2839 1158 χωρεῖν
2895 1085 2953 1148 ἐς
3039 1084 3135 1149 τὴν
3183 1081 3497 1152 ὑστεραίαν.
3562 1081 3716 1133 Ὅθεν

2148 1179 2492 1249 τριακοσίους
2529 1179 2646 1230 ἐκεῖ
2676 1173 3078 1236 καταλελοιπὼς
3109 1173 3310 1236 ἱππέας
3360 1169 3588 1240 θεωρίας
3632 1170 3713 1222 εῖ-

2150 1289 2303 1334 νεκα,
2327 1271 2486 1332 αὐτὸς
2519 1270 2620 1339 τὴν
2649 1268 2776 1338 ὅλην
2831 1265 3116 1321 ἀναλαϐὼν
3186 1261 3446 1333 στρατιὰν
3491 1261 3714 1330 ήλαυνεν

2159 1359 2215 1417 ἐς
2245 1357 2312 1410 τὰ
2365 1357 2577 1426 πρόσω,
2607 1355 2856 1408 σπεύδων
2888 1352 3328 1424 προκαταλαϐεῖν
3353 1351 3422 1402 τὰ
3448 1349 3557 1402 τῶν
3587 1348 3722 1400 ὁδῶν

2149 1447 2500 1519 καιριώτερα.
2543 1449 2777 1510 Ἐκεῖνος
2813 1447 2913 1518 μέν
2944 1437 3036 1500 οὖν
3065 1446 3236 1508 οὕτως
3263 1443 3433 1514 ῷχετο
3454 1441 3666 1495 ἀπιών·
3696 1444 3724 1494 ὁ

2148 1538 2203 1589 δὲ
2239 1537 2487 1606 βασιλεὺς
2519 1538 2577 1598 ἐς
2607 1536 2668 1589 τὸ
2706 1537 2803 1605 τῆς
2848 1536 3190 1605 Φιλοκρήνης
3233 1532 3403 1602 εἰσῄει
3450 1531 3727 1600 πολίχνιον

2151 1629 2444 1699 θεραπείας
2474 1629 2661 1682 εἵνεκα
2711 1627 2805 1680 τοῦ
2853 1627 3030 1689 ποδός.
3063 1627 3242 1697 Ὅπερ
3271 1628 3298 1678 δ
3335 1624 3562 1694 στρατὸς
3598 1623 3730 1675 θεας

2152 1721 2374 1786 σάμενοι
2413 1719 2521 1771 τῶν
2567 1718 2860 1786 Ῥωμαίων
2906 1718 3004 1770 καὶ
3061 1717 3261 1786 ἥκιστα
3321 1715 3578 1782 καθαρῶς
3621 1713 3730 1782 τὴν

478 1825 659 1879 neque
711 1826 1041 1881 quemquam
1097 1812 1468 1868 Romanorum
1514 1815 1722 1869 salvum
1751 1830 2040 1870 evasurum

2160 1811 2323 1864 ιίτίαν
2354 1797 2732 1881 μεμαθηκότεξ
2773 1808 2996 1876 φεύγειν
3035 1809 3291 1876 ἐνόμισαν
3361 1806 3466 1859 ὑπὸ
3519 1805 3730 1866 δειλίας

479 1897 644 1969 5.36
690 1914 752 1953 ac
790 1900 959 1954 solem
1013 1903 1277 1971 postridie
1323 1902 1670 1958 intuiturum.
1721 1907 1909 1974 Itaque
1951 1907 2043 1975 qui

480 1988 764 2044 naviculas
811 2007 996 2046 secum
1046 1994 1369 2059 attulerant,
1420 1995 1658 2060 nudiiin
1696 1995 1829 2064 ipsis
1877 1995 2047 2065 fugie-

482 2078 637 2134 bant.
694 2082 800 2136 Alii
857 2082 1188 2139 festinantes
1239 2095 1364 2139 ante
1413 2097 1599 2155 portas
1635 2085 1880 2156 Oppiduli
1929 2103 2047 2141 sese

478 2181 672 2225 mutuo
710 2172 958 2243 plerique
995 2175 1393 2229 conculcabant
1442 2187 1497 2230 et
1549 2176 1910 2231 suﬂ‘ocabant.
1946 2177 2046 2229 Alii

479 2271 687 2316 catenae
714 2263 888 2318 insuar
926 2281 990 2320 ex
1027 2280 1086 2320 se
1131 2266 1369 2322 invicem
1403 2267 1528 2322 nexi
1561 2283 1624 2322 ac
1650 2265 1900 2337 suspensi
1928 2284 2049 2336 par-

480 2352 580 2406 tim
625 2355 679 2406 in
713 2357 1121 2425 prepugnacula
1167 2358 1494 2422 evadebant,
1535 2360 1729 2428 partim
1758 2375 1786 2412 a
1818 2373 2050 2428 sequen-

479 2443 632 2498 tibus
677 2443 912 2499 detracti
960 2455 1017 2502 et
1047 2449 1225 2502 eversi
1259 2463 1386 2502 casu
1441 2449 1838 2504 moriebantur.
1880 2451 2049 2504 Erant

479 2533 643 2588 etiam
699 2537 792 2604 qui
815 2535 937 2590 solo
993 2537 1186 2592 timore
1233 2540 1532 2593 exanimati
1574 2548 1784 2594 stantes
1811 2539 2051 2609 exspira-

371 2643 382 2659 ι
480 2636 625 2680 rent.
663 2625 816 2681 Mane
847 2641 979 2682 vero
1009 2628 1192 2684 statim
1235 2630 1349 2684 sole
1387 2641 1510 2686 orto
1547 2632 1778 2686 trecenti
1824 2631 1898 2686 illi
1930 2632 2053 2685 Bar-

479 2717 603 2773 bari
647 2718 1028 2782 incredibilem
1074 2736 1195 2775 eam
1237 2722 1612 2797 Romanorum
1657 2725 1865 2780 cladem
1917 2740 2052 2779 con-

481 2810 676 2878 spicati
709 2813 1159 2883 progrediuntur,
1188 2822 1386 2869 etcum
1424 2816 1478 2870 in
1513 2815 1710 2871 castris
1740 2832 1935 2887 equos,
1967 2834 2054 2872 ar-

481 2917 592 2970 ma,
639 2919 809 2959 vacua
851 2905 1167 2961 hominibus
1200 2908 1457 2972 tentoria,
1493 2910 1877 2978 impcratorios
1925 2911 2055 2966 item

483 3010 658 3064 equos
691 3011 815 3050 cum
848 2997 1032 3051 rubris
1061 2999 1210 3052 sellis
1245 3009 1303 3054 et;
1336 2999 1751 3068 imperatorium
1797 3001 2056 3056 taberna-

481 3089 667 3143 culum
706 3091 974 3154 viderent,
1007 3090 1230 3145 ducenti
1265 3107 1330 3144 ex
1363 3092 1429 3146 iis
1469 3091 1554 3146 his
1588 3093 1846 3148 omnibus
1891 3095 2052 3150 abre-

483 3180 591 3248 ptis
637 3181 860 3235 abcunt.
918 3181 1134 3251 Reliqui
1177 3189 1399 3238 centum
1462 3186 1690 3255 prepius
1741 3202 2048 3253 accessere,

481 3283 537 3326 et
563 3288 658 3327 eos
687 3274 781 3343 qui
817 3289 996 3342 neque
1023 3275 1078 3327 in
1110 3274 1392 3329 naviculas
1426 3291 1601 3345 neque
1640 3275 1692 3328 in
1727 3278 2049 3346 oppidulum
2090 3337 2094 3341 _

483 3363 842 3433 confugerant
879 3364 1258 3434 frequentibus
1290 3366 1409 3420 telis
1445 3365 1805 3422 conﬁxerunt.

2148 1903 2329 1955 αὐτόν.
2357 1902 2586 1954 Μέλλειν
2613 1900 2720 1970 γὰρ
2755 1899 3130 1952 ἐπικείσεσθαι
3177 1899 3394 1960 τούτοις,
3414 1897 3607 1958 νυκτὸς
3629 1897 3731 1948 τὸν

2151 1994 2580 2063 Ὀρχανονμετὰ
2611 1991 2754 2062 μάλα
2791 1989 2989 2044 πολλοῦ
3019 1989 3112 2044 τοῦ
3148 1988 3378 2059 στρατοῦ
3403 1987 3496 2041 καὶ
3521 1983 3731 2057 μηδένα

2149 2086 2326 2150 ζῶντα
2364 2085 2646 2154 Ῥωμαίων
2693 2083 2778 2157 [Ρ.
2819 2082 2948 2153 268]
3011 2080 3465 2146 κατα)ιπεῖν,τὸν
3521 2081 3576 2138 ἐς
3623 2076 3730 2147 τὴν

2150 2179 2439 2246 ὑστεραίαν
2476 2177 2774 2232 θεάσασθαι
2797 2177 2970 2246 ἥλιον.
3010 2176 3175 2227 Ὅθεν
3207 2175 3320 2226 ὅσοι
3360 2173 3458 2242 μὲν
3515 2170 3730 2222 ἀκάτια

2150 2267 2499 2335 ἐπεφέροντο,
2552 2265 2754 2334 ᾤχοντο
2806 2263 3097 2332 φεύγοντες
3148 2264 3346 2331 γυμνοὶ
3395 2260 3462 2313 δι’
3515 2258 3730 2313 αὐτῶν.

2151 2359 2213 2411 Ol
2248 2357 2302 2408 δὲ
2328 2356 2652 2419 σπεύδοντες
2682 2356 2790 2425 πρὸ
2827 2355 2934 2408 τῶν
2960 2353 3144 2406 πυλῶν
3171 2353 3265 2406 τοῦ
3313 2351 3588 2420 πολιχνίου
3617 2367 3729 2401 κα.

2149 2450 2530 2519 τεπατήθησαν
2560 2448 2652 2502 ὑπ’
2681 2447 2924 2518 ἀλλήλων
2953 2449 3002 2500 οἱ
3034 2445 3250 2504 πλείους
3290 2445 3386 2497 καὶ
3417 2442 3737 2508 ἀπεπνίγη.

2157 2557 2288 2593 σαν·
2323 2539 2474 2593 ἄλλοι
2506 2539 2544 2591 δ’
2587 2539 2834 2609 ἀλλήλων
2891 2537 3262 2609 ἐξαρτώμενοι
3310 2534 3469 2603 δίκην
3515 2533 3736 2597 σειρᾶς,

2152 2635 2201 2687 οἱ
2246 2633 2343 2703 μὲν
2375 2633 2464 2687 διὰ
2493 2633 2604 2686 τῶν
2628 2633 2910 2699 ἐπάλξεων
2953 2633 3278 2701 είσεπήδων,
3307 2630 3356 2681 οί
3379 2629 3434 2681 δὲ
3459 2627 3734 2680 ἀποσπώ-

2161 2741 2316 2794 μενοι
2347 2725 2486 2794 πρὸς
2513 2727 2622 2777 τῶν
2655 2725 2877 2778 ὄπισθεν
2917 2723 3301 2794 ἐφελκομένων
3359 2718 3737 2784 ἀνετρέποντό

2157 2833 2217 2869 τε
2245 2817 2340 2869 καὶ
2375 2815 2637 2887 ἔθνησκον
2671 2816 2984 2879 πίπτοντες,
3008 2811 3189 2868 *Ησαν
3214 2813 3260 2866 δ’
3293 2811 3344 2865 οἴ
3372 2810 3466 2864 καὶ
3498 2809 3600 2862 ὑπὸ
3631 2809 3738 2878 μο-

2160 2927 2259 2978 νης
2312 2908 2515 2972 δειλίας
2557 2909 2842 2978 ἀπὲψυξαν
2897 2909 3200 2977 ἱστάμενοι.
3238 2907 3399 2975 Ἀρτι
3434 2904 3489 2957 δὲ
3544 2902 3641 2955 καὶ
3708 2904 3738 2953 ὁ

2158 3001 2310 3072 ἥλιος
2342 3001 2585 3071 ὕπερόὰς
2617 3000 2709 3053 τὸν
2760 2998 3012 3069 ὁρίζοντα
3063 2997 3376 3068 ἡρμήνευσε
3411 2994 3524 3054 τοῖς
3573 3007 3735 3060 τρια·

2164 3092 2366 3156 κοσίοις
2389 3094 2619 3154 ἐκείνοις
2645 3091 2940 3162 βαρϐάροις
2969 3091 3067 3160 τὴν
3099 3090 3326 3143 ἄπιστον
3352 3085 3567 3154 ἐκείνην
3588 3101 3655 3135 συ
3666 3101 3735 3152 μ-

2162 3186 2336 3256 φορὰν
2366 3184 2458 3236 τοῦ
2523 3185 2832 3254 Ῥωμαϊκοῦ
2865 3183 3096 3254 στρατοῦ
3116 3197 3130 3212 ⁶
3164 3182 3257 3234 καὶ
3287 3176 3725 3245 προσελάσαντες

2164 3281 2258 3332 καὶ
2299 3279 2628 3348 θεασάμενοι
2688 3279 3024 3348 προκείμενα
3076 3274 3225 3345 παρὰ
3253 3273 3314 3325 τὸ
3365 3265 3738 3338 στρατόπεδον

2165 3373 2483 3432 ἵππουςκα)⁸
2516 3371 2656 3423 ὅπλα
2714 3371 2812 3422 καὶ
2847 3368 3054 3438 σκηνὰς
3084 3364 3294 3434 ἀνδρῶν
3349 3363 3534 3420 κενὰς,
3592 3357 3737 3428 πρὸς

482 3456 541 3507 δὲ
589 3456 802 3518 τούτοις
857 3457 1108 3518 καὶτοὺς
1169 3456 1326 3525 βασιλ
1353 3459 1480 3519 κοὺς
1523 3459 1722 3521 ἵππους
1794 3460 1932 3530 μετὰ
2007 3463 2116 3515 τῶν
2162 3463 2406 3533 ὲρυθρῶν
2455 3461 2785 3531 ἐφεστρίδων
2836 3461 2930 3513 καί
2986 3459 3084 3528 τὴν
3150 3455 3440 3527 βασιλικὴν
3495 3451 3734 3520 σκηνὴν,

483 3544 701 3599 ἅπαντα
737 3547 995 3610 λαϐόντες
1017 3548 1066 3599 οἱ
1095 3546 1361 3602 διακόσιοι
1381 3551 1653 3620 ἀπῄεσαν.
1689 3553 1749 3602 Ol
1777 3552 1819 3603 δ’
1892 3552 2086 3606 ἑκατὸν
2128 3557 2296 3623 ἐγγὺς
2312 3556 2600 3625 γενόμενοι
2630 3554 2844 3616 πολλοῖς
2906 3553 3228 3622 κατέπειρον
3252 3548 3486 3620 βέλεσιν,
3510 3547 3625 3599 ὅσοι
3657 3543 3736 3614 μὴ

485 3637 732 3707 ἔφθησαν
796 3639 923 3710 μήτ’
979 3641 1033 3702 ἐς
1088 3639 1314 3706 ἀκάτια,
1369 3643 1494 3712 μήτ’
1544 3645 1601 3707 ἐς
1663 3642 1723 3696 τὸ
1773 3644 2050 3713 πολίχνιο)
2090 3648 2315 3712 ἑαυτοὺς
2346 3645 2694 3717 ἐμϐαλόντες.
2749 3685 2756 3690 .

557 3731 643 3785 IV.
697 3731 999 3800 Imperator
1052 3747 1184 3786 vero
1220 3732 1307 3787 liis
1358 3733 1488 3788 visis
1521 3750 1647 3790 cum
1701 3735 1837 3789 nihil
1889 3749 2052 3808 agere

485 3833 664 3890 posset
700 3837 800 3876 nec
830 3821 994 3875 ullam
1027 3831 1241 3892 tempus
1267 3827 1733 3894 opportunitatem
1763 3828 2055 3897 pneberet,

486 3927 786 3968 conscensa
818 3925 873 3968 et
901 3914 1015 3983 ipse
1047 3916 1165 3970 navi
1200 3916 1520 3987 Byzantium
1563 3918 1748 3973 rediit.
1779 3918 2103 3975 Caeterunk

487 4005 577 4058 ille
625 4019 828 4074 anceps
873 4004 1159 4062 haesitabat
1186 4016 1242 4062 et
1275 4023 1462 4063 secum
1509 4008 1672 4064 tacite
1721 4009 2058 4082 ambigebat,

486 4111 649 4164 quam
703 4097 774 4151 ob
817 4113 1040 4152 causam
1077 4098 1189 4153 Deo
1238 4100 1377 4154 ira-to
1426 4100 1706 4156 Romanus
1760 4103 2059 4170 exercitus,

487 4202 612 4242 cum
646 4204 817 4244 nemo
857 4206 928 4244 ex
985 4191 1238 4245 bostibus
1293 4201 1744 4262 persequeretur,
1796 4194 2061 4264 temporis

491 4292 773 4336 momento
809 4283 888 4337 ita
917 4295 1061 4338 esset
1092 4285 1430 4354 prolligatus.
1473 4283 1714 4340 Tandem
1752 4294 1873 4354 post
1917 4286 2061 4339 mul-

492 4381 574 4424 tas
611 4371 987 4426 dubitationes
1030 4387 1154 4427 cum
1195 4375 1300 4427 alia
1336 4374 1594 4442 plurima,
1647 4385 1756 4428 tum
1809 4375 1859 4428 id
1912 4375 2058 4443 quod

490 4464 872 4532 gravissimum
918 4475 1034 4517 erat
1056 4464 1465 4527 animadvertit,
1501 4467 1729 4535 publica:
1755 4467 2062 4536 disciplina:

2227 3749 2302 3796 Ν.
2357 3741 2545 3796 Ταῦτα
2608 3737 2946 3808 θεασάμενος
3001 3738 3094 3788 καὶ
3151 3735 3179 3786 ὁ
3221 3731 3473 3802 βασιλεὺς
3525 3727 3734 3798 καὶμὴ

2156 3834 2295 3904 ἔχων
2349 3833 2377 3885 ὅ
2409 3848 2463 3884 τι
2499 3831 2597 3884 καὶ
2633 3829 2875 3899 δράσειε,
2905 3826 3000 3896 τῆς
3025 3824 3404 3894 περιστάσεως
3453 3818 3603 3872 οὐδὲν
3632 3818 3733 3871 οὐ·

2156 3927 2306 3996 δαμῆ
2339 3922 2687 3995 χορηγούσης
2727 3921 3059 3990 εὐμήχανον,
3119 3917 3178 3978 ἐς
3201 3915 3385 3966 πλοῖον
3429 3911 3600 3981 ἐμϐὰς
3630 3910 3735 3962 καὶ

2158 4015 2319 4077 αὐτὸς
2341 4001 2569 4084 ἐπανῄει
2601 4011 2735 4083 πρὸς
2767 4011 2828 4064 τὸ
2880 4008 3196 4073 Βυζάντιον.
3245 4005 3505 4073 Διηπόρει
3536 4001 3579 4054 δ’
3632 3996 3732 4052 οὗν

2159 4108 2308 4178 ὅμως
2360 4104 2482 4158 καθ’
2512 4103 2704 4158 ἐαυτὸν
2737 4101 3104 4171 γνωσιμαχῶν
3152 4099 3248 4152 καὶ
3285 4094 3463 4166 ζητῶν
3491 4094 3589 4162 τὴν
3625 4093 3734 4162 τῆς

2161 4197 2455 4268 θεομηνίας
2491 4193 2692 4258 αἰτίαν,
2731 4191 2800 4246 δι’
2834 4193 2901 4262 ἢν
2941 4191 3000 4244 τὸ
3025 4190 3133 4244 τῶν
3173 4186 3465 4256 Ῥωμαίων
3499 4183 3735 4254 στραειεό⁶

2160 4289 2322 4342 πεδον
2351 4287 2528 4350 οὓτως
2582 4288 2640 4340 ἐν
2690 4287 2890 4356 ἀκαρεῖ
2932 4283 3279 4352 διέφθαρται,
3332 4279 3561 4349 μηδενὸς
3616 4276 3734 4328 τῶν

2161 4380 2436 4450 πολεμίων
2460 4378 2767 4440 ἃώκοντος.
2796 4377 3004 4444 Σονῆκε
3043 4374 3087 4428 δ’
3121 4375 3218 4444 ὀψὲ
3238 4372 3334 4425 καὶ
3366 4372 3591 4423 πλεῖστα
3627 4369 3734 4438 μὲν

2159 4473 2344 4542 ἕτερα,
2374 4471 2729 4539 καιριώτερον
2766 4467 2814 4521 δ’
2852 4461 2993 4521 εἶναι
3017 4467 3078 4519 τὸ
3103 4467 3211 4518 τῶν
3238 4460 3530 4516 πολιτικῶν
3553 4476 3740 4528 πραγ-

493 4555 955 4624 perturbationem
1000 4556 1123 4610 dico
1148 4566 1202 4611 et
1247 4572 1561 4624 perversum
1589 4573 1795 4611 morem
1825 4557 2054 4628 judicio-

2167 4541 2353 4636 μάτων
2381 4563 2728 4633 ἀστάθμητον
2783 4561 2879 4615 καὶ
2912 4563 2971 4614 τὸ
3003 4561 3132 4628 περὶ
3178 4558 3276 4620 τὰς
3322 4557 3478 4630 δίκας
3514 4553 3740 4618 νόσημα

491 4662 611 4700 rum
680 4663 695 4700 :
742 4649 833 4716 qui
892 4647 1113 4718 quidem
1167 4649 1391 4703 morbus
1437 4650 1545 4704 late
1592 4649 1824 4704 dimisus
1853 4659 1907 4703 et
1945 4649 2062 4718 ipso

491 4739 760 4806 temporis
802 4738 956 4807 lapsu
1011 4739 1347 4793 inveteratus
1379 4756 1630 4811 magnam
1683 4741 2060 4811 confusionem

488 4845 551 4880 ac
583 4829 743 4900 437
783 4831 1015 4884 multum
1068 4831 1379 4884 detrimenti
1422 4831 1739 4900 reipublicae
1775 4833 2060 4888 aﬂ‘erebat.

488 4920 706 4973 Etenim
733 4923 930 4985 morbi,
961 4921 1057 4991 qui
1091 4937 1156 4973 ex
1184 4920 1336 4974 malo
1369 4922 1555 4990 aliquo
1583 4924 1832 4991 corporis
1871 4924 2059 4977 habitu

488 5013 764 5076 oriuntur,
812 5028 1020 5082 paucos
1053 5014 1337 5075 invadunt,
1382 5030 1485 5069 nec
1531 5016 1746 5084 publice
1772 5025 2062 5085 vagantur.

488 5105 630 5158 Aere
661 5115 841 5159 autem
897 5107 1100 5161 infecto
1146 5122 1360 5172 omnes,
1391 5109 1484 5177 qui
1516 5107 1770 5162 eumdem
1812 5117 1867 5161 et
1910 5123 2061 5162 corn-

493 5211 712 5250 muncm
759 5212 942 5251 aerem
999 5201 1366 5270 participant,
1429 5201 1603 5270 ipsius
1653 5200 1817 5254 etiam
1884 5199 2062 5254 morbi

489 5288 945 5358 participes'ﬁeri
999 5306 1224 5346 necesse
1275 5299 1379 5346 est.
1429 5281 1687 5346 Eamdem
1739 5297 1921 5345 autem
1973 5289 2064 5345 ille

2160 4655 2429 4724 πολύχουν
2458 4652 2519 4706 ὃν
2565 4655 2658 4706 καὶ
2709 4652 2960 4706 δυσίατον
3001 4650 3088 4703 διὰ
3117 4648 3215 4720 τὴν
3273 4649 3338 4700 ἐκ
3381 4643 3474 4698 τοῦ
3527 4642 3737 4712 χρόνου

2159 4746 2604 4818 προσγενομένην
2646 4745 2761 4809 ἕξιν
2817 4743 2968 4814 αὐτῷ
3015 4743 3108 4795 καὶ
3156 4740 3357 4805 πολλὴν
3403 4736 3609 4801 ἐπάγον
3648 4732 3738 4802 τῷ

2160 4839 2322 4910 κοινῷ
2345 4838 2454 4892 τῶν
2485 4837 2825 4909 πραγμάτων
2875 4838 2972 4906 τὴν
3037 4834 3300 4902 σύγχυσιν
3354 4828 3449 4882 καὶ
3493 4825 3736 4894 ζημίαν.

2161 4933 2369 5000 ’Ὠσπερ
2396 4929 2503 4999 γὰρ
2537 4931 2606 4983 τὰ
2632 4931 2695 4982 ἐκ
2745 4945 2886 4991 τινος
2915 4924 3173 4997 καχεξίας
3219 4919 3536 4991 σωματικῆς
3595 4917 3733 4968 ἐπι-

2161 5019 2524 5088 συμϐαίνοντα
2543 5019 2820 5088 νοσήματα
2848 5019 2958 5079 τοῖς
2993 5013 3294 5084 ἀνθρώποις
3330 5009 3572 5069 σπανίοις
3602 5007 3762 5098 ἐτι-ι

2163 5112 2452 5181 συμϐαίνει
2483 5111 2577 5164 καὶ
2609 5112 2710 5163 ούκ
2745 5111 2803 5173 ἐς
2835 5110 2896 5161 τὸ
2937 5109 3114 5160 κοινὸν
3155 5105 3256 5174 τὴν
3283 5102 3532 5156 διάϐασιν
3555 5098 3732 5168 ἴσχει,

2159 5201 2253 5255 τοῦ
2284 5201 2328 5254 δ’
2348 5201 2509 5270 ἀέρος
2539 5203 2866 5271 νοσήσαντος
2893 5199 3108 5266 ἀνάγκη
3143 5194 3417 5248 κοινωνεῖν
3449 5189 3544 5244 τοῦ
3564 5190 3736 5257 νοσή-

2165 5310 2336 5363 ματος
2376 5292 2644 5358 ἅπαντας,
2675 5295 2789 5347 ὅσοι
2819 5291 2914 5346 τοῦ
2950 5289 3117 5344 αὑτοῦ
3148 5290 3301 5357 κοινῇ
3335 5283 3741 5356 μετειλήφασιν

491 5378 763 5434 rationem
797 5395 918 5434 esse
964 5381 1147 5435 aiebat
1179 5381 1516 5450 privatorum
1542 5381 1788 5434 omnium
1835 5363 2054 5436 delicto‘

2163 5383 2353 5454 ἀέρος,
2405 5383 2579 5446 οὕτως
2608 5385 2752 5454 ἔχειν
2785 5385 2990 5453 ἔφασκε
3012 5383 3081 5436 τὰ
3113 5379 3316 5450 μερικὰ
3347 5374 3504 5428 πάντ’
3533 5371 3742 5440 ἀδική-

491 5482 632 5530 rum,
661 5467 707 5523 si
733 5484 867 5523 cum.
886 5470 1091 5540 iniquis
1115 5471 1338 5541 judiciis
1369 5471 1775 5526 conferrentur.

562 5555 627 5611 Υ.
671 5558 910 5615 Proinde
939 5576 1050 5616 non
1094 5563 1282 5618 multis
1319 5571 1444 5633 post
1474 5561 1671 5618 diebus
1727 5561 1920 5618 Isaiam
1963 5579 2065 5633 pa-

491 5645 792 5705 triarcbam
837 5653 1097 5708 convenit
1146 5671 1160 5708 :
1205 5669 1268 5708 ac
1298 5655 1537 5724 primum
1571 5654 1624 5711 ei
1667 5664 1900 5711 conatur
1932 5670 2062 5726 per-

493 5737 748 5811 suadere,
780 5753 841 5800 ut
889 5746 1028 5803 iram
1082 5747 1346 5807 adversus
1391 5747 1682 5824 episcopos
1731 5749 1971 5822 deponat
2006 5758 2065 5807 et

2164 5493 2310 5545 ματα
2344 5475 2479 5545 πρὸς
2501 5475 2561 5528 τὸ
2593 5478 2720 5546 περὶ
2739 5476 2835 5537 τὰς
2867 5477 3076 5545 κρίσεις
3097 5473 3400 5543 γινόμενον.

2233 5564 2310 5621 Ε’.
2343 5567 2508 5621 Ὅθεν
2573 5569 2690 5638 μετ’
2728 5569 2788 5622 οὐ
2832 5569 3030 5630 πολλὰς
3082 5569 3180 5630 τὰς
3230 5566 3446 5634 ἡμέρας
3507 5558 3740 5611 ἄπεισιν

2161 5659 2219 5722 ἐς
2263 5659 2354 5711 τὸν
2380 5659 2730 5732 πατριάρχην
2761 5659 2990 5714 Ἠσαίαν
3010 5674 3027 5691 -°
3045 5657 3139 5713 καὶ
3169 5659 3363 5728 πρῶτα
3393 5656 3488 5726 μὲν
3513 5649 3744 5706 πείθειν

2157 5747 2346 5805 τοῦτον
2381 5750 2680 5806 ἀποθέσθαι
2708 5753 2976 5824 ἐπιχειρεῖ
3007 5751 3097 5808 τὸν
3134 5752 3270 5823 πρὸς
3325 5752 3446 5814 τοῦς
3487 5744 3726 5802 ἐπισκό-
