3966 6210
255 344 369 407 615

510 340 584 412 [Α.
623 356 674 396 c.
714 341 851 398 1528
890 357 959 397 an
1002 342 1163 415 1541]
1272 292 1720 410 ΒΥΖΛΝΤῙΝᾹδ
1759 346 1838 406 Η]

1938 344 2147 405 ‘ORI/E
2187 343 2335 404 LIB,
2378 343 2483 403 1x,
2598 332 2733 410 [una
2774 345 3065 392 Attenuath
3115 334 3257 409 tum]

3414 105 3454 117 ‘-

3410 337 3527 404 6481

254 456 354 510 τὸν
382 455 523 526 ἀέρα
546 456 763 524 φύσεως
795 458 1010 529 ἔλαχεν,
1036 461 1068 529 ἢ
1108 460 1344 514 διαδόσει
1388 461 1697 529 ποιότητος,
1737 461 1838 514 ὅσα

1940 471 2051 519 res.
2085 455 2342 518 fulmina,
2378 452 2594 509 incensi
2649 452 2924 509 turbines.
2956 450 3113 517 Quod
3162 449 3207 505 si
3238 460 3296 506 et
3330 461 3531 506 ventus

253 546 464 617 δηλαδὴ
505 549 778 618 χεομένην
817 552 914 603 καὶ
961 550 1038 618 τῷ
1080 553 1203 621 ἀέρι
1237 552 1379 605 πάνυ
1430 569 1514 606 τοι
1542 553 1836 621 προσφυῶς

253 639 707 711 ἀνακιρναμένην
738 640 896 710 ἔσχεν
925 643 1117 714 αὐτὴν,
1152 643 1342 715 ὥσπερ
1374 645 1544 713 ὀσμαὶ
1574 645 1668 698 καὶ
1696 645 1838 716 χρώ-

259 745 415 795 ματα
440 732 534 782 καὶ
575 733 811 799 σκηπτοὶ
847 736 942 786 καὶ
983 722 1321 806 πρῇστῆρες.
1365 728 1487 789 Ka‘t'
1508 738 1693 806 μέντοι
1740 736 1835 793 καὶ

255 816 462 885 ἄνεμος
489 817 538 869 εἰ
567 818 692 870 καθ’
730 820 1012 874 ὁντιναοῦν
1038 826 1265 877 τουτωνὶ
1298 827 1503 896 τρόπον
1542 828 1575 897 ἢ
1608 827 1835 895 διαιρῶν

256 903 466 974 δηλαδὴ
488 904 583 958 τὸν
608 907 746 976 ἀέρα
781 911 879 961 καὶ
914 910 1006 965 τὸν
1031 914 1241 968 ἐκείνου
1274 916 1438 969 τόπον
1479 918 1825 988 μεταλαμὸάη

254 1012 368 1048 νων
415 996 577 1067 διῄει,
627 998 661 1068 ἢ
711 1001 890 1072 τούτῳ
940 1004 1176 1058 διαδόσει
1222 1009 1511 1078 ποιότητος
1559 992 1864 1080 σφαλερᾶςὶ

253 1087 607 1158 ἀνεκερνᾶτό,
633 1093 818 1145 πᾶσαν
841 1095 1054 1162 γένεσιν
1079 1098 1143 1151 ἐκ
1171 1100 1264 1152 τοῦ
1297 1102 1639 1173 παραχρῆμα
1660 1103 1839 1172 φθορὰ

257 1180 545 1249 προφανὴς
573 1181 845 1254 διεδέχετο
880 1187 967 1241 ἀν.
1007 1186 1122 1241 Νῦν
1172 1190 1228 1245 δδ
1263 1193 1578 1248 τούναντίον
1624 1195 1831 1257 εὐκρα-

253 1270 386 1334 σίας
428 1272 577 1355 ἡμᾶς
628 1274 852 1346 ἀπάσης
912 1278 1273 1348 ἐμπιπλῶντα
1321 1282 1594 1355 βλέπομεν
1643 1286 1835 1341 τοῦτον

248 1362 388 1416 αίεί.
418 1352 589 1419 οὐδὲν
634 1366 745 1438 γὰρ
781 1368 972 1438 ἕτερον
1004 1372 1204 1442 ἄνεμος
1249 1375 1282 1446 ἢ
1323 1352 1658 1450 στερροτέρα
1693 1381 1836 1448 φορὰ

248 1455 355 1540 καὶ
388 1454 545 1523 χύσις
581 1457 770 1528 ἀέρος,
812 1460 872 1526 ὃς
916 1464 1006 1516 ἀεὶ
1052 1464 1308 1532 πλούσιος
1358 1469 1458 1539 μὲν
1501 1472 1634 1540 ἡμῖν
1681 1489 1837 1540 περι-

249 1533 508 1611 κέχυται,
537 1547 703 1601 αὑτοῦ
728 1548 776 1601 δ’
805 1552 1154 1623 ἀπολαύομεν
1192 1533 1436 1611 καθόσον*
1455 1533 1678 1626 ἐφικτὸν
1709 1533 1839 1612 ἑκά-

252 1645 397 1700 στῳ,
428 1631 535 1686 κᾶν
562 1635 705 1688 πάνυ
737 1654 821 1691 τοι
852 1639 1103 1705 πλεῖστος
1130 1643 1354 1714 ἕπηται.
1400 1644 1606 1699 Ἐκεῑνό
1636 1663 1697 1715 γε
1728 1646 1836 1720 μὴν

249 1724 356 1777 καὶ
412 1728 673 1794 μαντείας
714 1729 848 1795 ῐσως
898 1733 1095 1801 δεῖται,
1142 1739 1238 1790 καὶ
1270 1737 1373 1792 οὐκ
1402 1739 1513 1809 εχω
1559 1740 1587 1793 δ
1627 1756 1677 1795 τι
1725 1741 1832 1810 φῶ.

251 1818 480 1874 nsum
509 1823 621 1893 γὰρ
653 1826 750 1880 καὶ
776 1826 1013 1897 δένδρων
1039 1831 1132 1884 καὶ
1161 1831 1308 1902 ὁρῶν
1338 1849 1505 1903 φασιν
1531 1833 1593 1898 ἐξ
1616 1833 1835 1900 ἀνέμων

253 1913 482 1968 πάντων
516 1916 654 1986 ὁμοῦ
703 1920 1036 1990 κινηθέντων
1083 1926 1473 1996 καταστροφάς
1517 1928 1610 1980 καὶ
1663 1943 1845 1996 μετα--

252 2001 628 2070 δόσειςρΠῶς
657 2009 766 2079 γὰρ
794 2012 890 2064 καὶ
916 2012 992 2080 πῆ
1029 2016 1404 2085 περιχωρήσει
1433 2017 1528 2070 καὶ
1546 2018 1832 2093 ιμεταστή-
1885 2076 1892 2085 .

252 2098 419 2149 σεταί
439 2113 493 2150 τι
519 2098 748 2164 τούτων,
781 2104 1278 2173 περικυκλούντων,
1304 2105 1380 2169 ὥς
1411 2123 1595 2177 φασιν,
1631 2109 1834 2163 οὑτωσὶ

249 2188 368 2239 τῶν
399 2190 619 2259 ἀνέμων
643 2194 709 2245 ἐκ
736 2192 1034 2265 διαμέτρου
1060 2213 1078 2264 ;
1124 2199 1277 2262 Ἐνδς
1307 2201 1406 2269 μὲν
1438 2202 1548 2271 γὰρ
1593 2202 1835 2273 ξυνωθή-

255 2295 455 2343 σαντος
504 2281 710 2352 ἀνέμου
741 2286 834 2338 καὶ
863 2283 958 2351 ξὺν
1001 2287 1093 2359 βία
1126 2288 1491 2358 κλονήσαντος
1535 2293 1836 2365 ἀνατετρά-

250 2370 393 2439 φθαι
423 2373 606 2429 οὶκίαν
666 2375 779 2430 ἔσθ’
823 2379 973 2449 ὃτεῆ
1020 2381 1237 2452 δένδρον
1284 2385 1377 2437 ἐπὶ
1432 2385 1636 2455 θάτερα
1670 2388 1833 2459 μέρη,

248 2463 451 2517 καινὸν
484 2464 587 2520 οὐκ
618 2467 688 2522 ἀν
730 2471 836 2538 εἴη,
868 2471 982 2524 ἀλλ’
1005 2471 1082 2535 ὡς
1122 2475 1190 2528 τὰ
1224 2475 1395 2530 πολλὰ
1424 2477 1532 2532 τῶν
1568 2479 1711 2549 ὅρων
1735 2479 1835 2549 τῆς

248 2554 553 2624 συνηθείας
602 2558 775 2624 ἐντός.
804 2558 888 2632 [Ρ.
919 2562 1047 2636 278]
1081 2565 1300 2621 Πολλῶν
1349 2564 1395 2621 δ’
1437 2570 1836 2623 ἀντιπνεόντων

244 2645 416 2712 ὁμοῦ,
447 2648 611 2719 σχολῇ
629 2649 764 2718 γ’ἄν
784 2658 1197 2729 καταστραφείη
1217 2674 1268 2711 τι
1290 2659 1400 2712 τῶν
1423 2660 1702 2714 ἁπάντων.
1723 2660 1837 2734 Τὴν

244 2736 369 2808 γὰρ
383 2736 479 2790 τοῦ
493 2738 612 2804 ἑνὸς
635 2742 937 2814 ἀντὼθησιν
955 2746 987 2815 ἡ
1011 2745 1239 2818 θατέρου
1256 2749 1563 2814 ἐξεναντίας
1576 2753 1835 2805 ἀντίστα-

250 2843 343 2890 αις
380 2828 667 2898 θραύουσα
713 2835 808 2888 καὶ
841 2840 1270 2909 ἀναχαιτίζουσα
1298 2840 1597 2915 ἀκλόνητον
1634 2843 1696 2897 τὸ
1730 2859 1837 2897 πα-

254 2915 455 3003 ράπαν
481 2918 543 2982 ἐξ
591 2922 1094 2995 ἀντιπεριστάσεως
1130 2930 1386 2983 ἵστασθαι
1422 2934 1837 3003 παρασκευάσει

252 3003 319 3053 τὸ
354 3002 705 3075 βιαζόμενον.
741 3010 951 3076 Ἄλλως
976 3029 1034 3066 τε
1081 3014 1177 3067 καὶ
1207 3016 1345 3087 ὁμοῦ
1378 3002 1511 3082 τοὺς
1534 3020 1677 3074 κατά
1725 3019 1839 3074 διά-

1941 546 2131 613 aliquo
2181 545 2381 599 borum
2435 544 2723 623 modorum
2777 543 2863 597 vel
2916 557 3105 597 aerem
3155 540 3450 596 dividendo
3474 550 3538 598 et

1937 639 2064 708 ejus
2093 630 2289 693 locum“
2328 637 2655 706 occupando
2703 635 2985 699 transiret,
3012 635 3099 690 vel
3127 634 3306 689 eidem
3342 634 3532 690 distri-

1944 727 2175 782 butione
2221 728 2506 795 qualitatis
2566 726 2795 780 lubricae
2843 725 3323 790 eommiseeretur,
3346 726 3531 780 statim

1940 835 2161 874 omnem
2211 819 2625 889 generationem
2656 817 2985 872 manifestus
3017 816 3277 872 interitus
3304 816 3529 886 excipe-

1938 921 2041 966 ret.
2071 911 2231 966 Nunc
2281 914 2473 967 contra
2509 911 2658 964 omni
2707 926 2810 965 nos
2850 911 3116 981 temperie
3149 910 3414 979 compleri
3449 908 3546 961 vi"

1939 1003 2136 1058 demus
2167 1002 2235 1058 ab
2265 1016 2335 1057 eo
2390 1014 2637 1072 semper:
2682 1001 2872 1071 Neque
2905 1004 3051 1056 enim
3076 1002 3234 1056 aliud
3271 1010 3360 1057 est
3395 982 3538 1054 ven.

1941 1105 2059 1160 tus,
2102 1111 2267 1166 quam
2299 1095 2494 1150 fortior
2547 1094 2787 1164 impetus
2831 1103 2886 1148 et
2910 1095 3064 1165 quasi
3111 1093 3335 1149 diﬂ‘usio
3363 1093 3530 1157 aeris,

1947 1188 2041 1258 qui
2073 1202 2176 1241 nos
2205 1201 2427 1256 semper
2471 1187 2695 1255 copiose
2753 1184 3193 1249 circumfundit;
3216 1198 3398 1254 eoque
3428 1198 3532 1238 nos

1938 1279 2199 1344 fruimur,
2226 1285 2503 1347 quatenus
2528 1284 2615 1331 est
2645 1277 2946 1346 unicuique
2971 1290 3322 1339 concessum,
3343 1288 3534 1344 quam-

1939 1371 2025 1426 vis
2053 1370 2441 1442 copiosissime
2485 1384 2588 1424 nos
2635 1378 2920 1438 sequatur.
2953 1366 3092 1422 Illud
3120 1382 3255 1423 vero
3280 1364 3533 1421 fortassis

1906 1463 2104 1517 etiam
2153 1461 2607 1516 vaticinationem
2665 1459 2964 1522 desiderat,
2991 1472 3172 1537 neque
3222 1472 3325 1527 ego
3351 1457 3532 1511 habeo

1938 1554 2071 1624 quid
2127 1561 2385 1607 statuam.
2424 1552 2627 1606 Dicunt
2679 1550 2848 1605 iidem
2903 1552 3073 1605 urbes
3109 1557 3167 1603 et
3196 1548 3430 1604 arbores
3474 1558 3531 1604 et

1940 1655 2184 1710 montes,
2221 1644 2399 1699 ventis
2430 1644 2597 1699 simul
2626 1644 2891 1699 omnibus
2920 1642 3237 1706 concitatis,
3264 1656 3524 1697 eversum

1928 1744 2105 1805 atque
2140 1736 2470 1789 translatum
2500 1734 2589 1789 iri.
2615 1734 2908 1801 Quomodo
2932 1748 2996 1787 ea
3029 1733 3286 1788 videlicet
3308 1742 3365 1789 et
3394 1748 3532 1802 quo-

1940 1841 2063 1881 nam
2102 1824 2363 1882 translata
2398 1821 2739 1893 transibunt,
2763 1843 2890 1882 cum
2940 1825 3089 1882 venti
3121 1840 3335 1890 omnes,
3365 1828 3439 1881 ita
3471 1834 3532 1879 ut

1936 1917 1991 1973 hi
2023 1918 2253 1982 dicunt,
2294 1933 2361 1974 ex
2408 1919 2666 1990 opposito
2720 1920 2995 1989 spiranttes
3031 1933 3095 1973 ea
3130 1917 3529 1973 cireumdaturi

1938 2011 2108 2064 sunt?
2132 2010 2267 2065 Nam
2295 2011 2441 2065 venti
2467 2010 2690 2079 quidem
2719 2011 2884 2065 unius
2927 2011 3167 2079 impulsu
3201 2019 3259 2064 et
3288 2008 3531 2063 violento

1938 2100 2149 2170 impetu
2204 2100 2378 2155 everti
2442 2099 2694 2164 domum,
2724 2106 2819 2154 ant
2867 2101 3122 2155 arborem
3174 2115 3360 2164 ruere,
3394 2100 3527 2153 novi

1938 2190 2078 2245 nihil
2113 2191 2301 2255 fuerit,
2353 2206 2457 2247 nec
2497 2207 2528 2245 a
2591 2193 2994 2247 consuetudine
3048 2190 3369 2245 abhorreat.
3419 2188 3531 2244 Sed

1938 2283 2030 2337 ubi
2063 2282 2227 2355 452
2273 2283 2499 2353 plurimi
2537 2283 2703 2337 simul
2732 2299 2798 2337 ex
2835 2284 3069 2338 adverso
3103 2283 3388 2352 spirarint,
3414 2296 3531 2336 non

1941 2377 2137 2446 utique
2171 2371 2473 2445 quidquam
2514 2376 2765 2431 omnium
2824 2384 3202 2445 prosternent.
3233 2374 3370 2430 Nam
3401 2389 3528 2429 cum

1937 2472 2103 2523 unius
2137 2468 2552 2538 impressionem
2593 2467 2823 2523 alterius
2866 2468 3145 2521 contraria
3236 2467 3533 2536 impressio

1938 2561 2152 2630 frangat
2181 2569 2235 2616 et
2262 2560 2551 2630 reprimat,
2574 2574 2640 2614 ex
2668 2560 2773 2615 ista
2804 2559 2921 2629 pari
2952 2558 3217 2627 utrinque
3266 2558 3537 2615 violentia

1939 2649 1994 2703 in
2047 2649 2233 2703 medio
2275 2648 2665 2704 inconcussum
2703 2659 2759 2703 et
2803 2647 3003 2703 stabile
3061 2647 3405 2718 permanebit
3449 2646 3536 2712 id,

1939 2740 2029 2794 cui
2054 2741 2142 2795 vis
2176 2740 2434 2795 infertur.
2476 2739 2748 2794 Praeterea
2778 2750 2978 2794 ventos
3005 2755 3075 2793 ex
3103 2739 3340 2793 adverso
3363 2739 3537 2795 simul.

1943 2832 2177 2895 moveri,
2234 2846 2338 2886 nec
2380 2831 2714 2885 Aristoteles
2759 2830 3068 2885 secundum
3118 2841 3375 2884 naturam
3406 2844 3539 2886 esse

1941 2926 2239 2989 concedit,
2296 2939 2399 2980 nec
2449 2926 2718 2995 temporis
2770 2924 3110 2978 diuturnitas
3163 2937 3352 2978 verum
3404 2936 3532 2978 esse

1941 3016 2207 3072 ostendit.
2232 3014 2505 3095 (ia-terum
2565 3014 2701 3069 illud
2747 3029 2892 3086 pene
2940 3028 3026 3068 me
3066 3013 3358 3082 prateriit,
3381 3014 3531 3084 quod

258 3097 745 3195 μετρονμάνέμους
778 3104 1069 3170 κινεῖσθαι,
1112 3105 1226 3161 οὔτ’
1270 3109 1645 3183 Ἀριστοτέλης
1675 3113 1838 3181 φύσιν

1945 3109 2134 3165 Martis
2165 3121 2221 3164 et
2254 3102 2482 3166 Saturni
2520 3110 2577 3165 in
2611 3124 2723 3164 uno
2757 3110 2916 3195 signo
2947 3123 3307 3179 congressum
3337 3124 3533 3179 pugna:

170 3201 176 3205 θ
251 3184 410 3255 ἔχειν
458 3186 698 3255 δίδωσιν,
751 3191 868 3245 οὔθ’
918 3196 946 3247 6
1003 3196 1174 3260 πολὺς
1224 3197 1393 3269 ἔφηνε
1440 3200 1648 3270 χρόνος.
1695 3202 1837 3255 Ἀλλ’

250 3279 438 3331 ἐκεῖνο
477 3281 676 3351 μικροῦ
715 3299 783 3353 με
832 3287 1175 3357 παρέδραμε.
1207 3290 1321 3360 Τὴν
1342 3292 1450 3362 γὰρ
1488 3292 1583 3346 τοῦ
1629 3294 1838 3365 Κρόνου

253 3370 355 3425 καὶ
385 3371 584 3451 ’ᾼρεος
630 3374 722 3443 ὑφ’
747 3376 828 3431 ἑνὶ
852 3377 1029 3448 ζωδίῳ
1054 3380 1368 3437 συνέλευσιν
1393 3383 1574 3438 αἰτίαν
1599 3384 1700 3453 τῆς
1730 3386 1838 3439 τῶν

250 3462 481 3532 ἀνέμων
510 3466 752 3520 τίθενται
794 3470 975 3540 μάχης
1012 3470 1109 3525 καὶ
1128 3475 1233 3544 πρό
1262 3491 1326 3542 γε
1356 3473 1568 3529 τούτων
1598 3477 1837 3548 ἡλιακὴν

248 3569 393 3606 τινα
424 3554 684 3625 ἔκλειψιν.
712 3558 774 3610 Εἰ
804 3558 898 3611 οὖν
921 3560 1097 3614 ταῦτα
1128 3564 1322 3635 φανείη
1363 3565 1560 3636 ψεῦδος
1599 3584 1838 3638 περιφα-

242 3644 378 3709 νὲς,
417 3645 687 3717 ἡγούμενα
710 3650 843 3704 ὄντα
867 3653 976 3706 τῶν
1004 3655 1228 3725 ἑφεξῆς,
1253 3656 1424 3728 ψευδῆ
1455 3659 1672 3723 πάντως
1700 3661 1840 3729 μετά

246 3737 361 3792 τοῦ
397 3738 640 3808 μείζονος
682 3743 1005 3815 προσθήκης
1034 3749 1252 3813 φανεῖεν
1285 3748 1353 3802 ἂν
1392 3751 1487 3803 καὶ
1517 3750 1585 3804 τὰ
1624 3752 1839 3815 τούτοις

243 3828 543 3898 ἑπόμενα·
571 3829 766 3899 ὥσπερ
819 3835 886 3887 ἂν
916 3834 969 3886 εί
994 3852 1079 3899 τις
1128 3836 1229 3906 τὴν
1270 3839 1427 3907 ῥίζαν
1479 3840 1574 3892 τοῦ
1621 3840 1837 3910 δένδρου

243 3922 448 3992 τεμὼν
499 3928 822 3993 σνναφεῐλεν
872 3927 1034 3992 εὐθὺς
1078 3930 1173 3983 καὶ
1214 3929 1316 4000 τὴν
1356 3930 1466 3985 τῶν
1519 3932 1839 4004 ἀκροδρύων

242 4016 465 4085 ψυχήν.
505 4018 583 4070 Οὐ
614 4019 725 4090 γὰρ
780 4020 943 4089 μόνον
965 4023 1024 4074 ἐν
1067 4024 1180 4086 τοῖς
1214 4022 1452 4094 παροῦσι
1490 4016 1839 4094 καιροῖςόὕκ

247 4109 409 4161 εἰσὶν
435 4109 539 4162 ὑπὸ
578 4109 772 4175 ζώδιον
801 4113 861 4165 ἓν
910 4114 1116 4185 Κρόνος
1171 4116 1267 4169 καὶ
1303 4117 1368 4169 Ἀ
1384 4100 1505 4188 ρης,
1556 4102 1674 4170 ἀλλ’
1718 4117 1840 4171 οὐδὲ

243 4202 411 4256 δυοῖν
442 4203 681 4273 συνεχῶς
733 4205 1157 4278 ἐξελιττομένων
1210 4208 1495 4262 ἐνιαυτῶν⁴
1522 4209 1621 4262 οὐκ
1656 4210 1720 4263 ἄν
1752 4226 1839 4261 πω

247 4294 577 4349 συνέλθοιεν
615 4296 703 4351 ἄν.
740 4298 914 4368 Ἀρης
954 4303 1063 4371 γὰρ
1095 4300 1161 4353 ἐκ
1192 4299 1389 4353 πολλοῦ
1442 4301 1570 4371 περὶ
1600 4298 1701 4372 τὴν
1746 4301 1839 4353 τοῦ

244 4391 497 4452 Λέοντος
527 4391 1016 4460 πεντεκαιδεκάτην
1050 4395 1246 4463 μοῖραν
1293 4392 1383 4446 τὸν
1428 4394 1634 4462 Κρύνον
1668 4412 1842 4446 κατα-

1943 3211 2240 3257 ventorum
2288 3218 2510 3257 causam
2564 3210 2834 3266 statuunt,
2870 3212 2926 3257 et
2970 3212 3099 3256 ante
3124 3202 3222 3256 has
3259 3200 3532 3257 defectio-

1940 3308 2066 3347 netn
2100 3293 2399 3363 quamdam
2442 3292 2597 3348 solis.
2643 3292 2776 3357 Quae
2823 3302 2949 3345 cum
2993 3291 3262 3361 principia
3308 3292 3531 3359 sint,ex

1937 3386 2145 3455 quibus
2201 3390 2396 3441 caetera
2432 3392 2872 3453 consequuntur,
2915 3384 2958 3438 si
3021 3382 3154 3436 falsa
3186 3397 3311 3437 esse
3339 3391 3541 3452 patue-

1938 3478 2031 3540 rit,
2058 3478 2233 3547 magis
2276 3477 2468 3546 utique
2519 3475 2652 3529 falsa
2702 3484 2867 3528 erunt
2911 3489 2975 3527 ea
3012 3472 3362 3543 omnia,quaa
3402 3475 3541 3528 inde

1938 3569 2279 3638 colliguntur
2325 3585 2340 3625 :
2394 3568 2539 3622 sicut
2584 3567 2799 3621 succisa
2847 3565 3029 3619 radice
3065 3564 3279 3619 arboris
3329 3566 3530 3619 summi

1938 3660 2106 3716 etiam
2145 3658 2451 3716 cacuminis
2499 3656 2682 3711 anima
2717 3655 2928 3713 interit.
2965 3654 3125 3724 Atqui
3150 3653 3256 3709 hoc
3285 3664 3541 3725 tempore

1943 3751 2220 3807 Saturnus
2274 3760 2329 3805 et
2371 3748 2517 3816 Mars
2560 3763 2672 3802 non
2719 3749 2896 3804 solum
2951 3748 3005 3801 iu
3067 3763 3179 3801 uno
3232 3747 3389 3817 signo
3421 3762 3529 3802 non

1939 3852 2091 3910 sunt,
2124 3843 2222 3901 sed
2252 3858 2355 3897 nec
2380 3842 2542 3896 annis
2569 3841 2795 3911 quidem
2840 3839 3124 3896 continuis
3153 3838 3374 3895 duobus
3400 3854 3545 3894 evo-
3596 3852 3605 3869 ί

1938 3936 2069 3991 lutis
2097 3934 2261 3990 simul
2300 3931 2564 4003 congredi
2609 3940 2862 4000 possunt.
2895 3931 3110 3985 Etenim
3147 3928 3308 3991 Mars,
3343 3928 3534 3984 Satur-

1939 4044 2013 4083 no
2038 4025 2373 4099 jampridem
2429 4006 2737 4079 in’decima
2792 4023 2983 4100 quinta
3021 4022 3223 4077 Leonis
3258 4031 3415 4092 parte
3442 4026 3565 4075 re-'

1940 4121 2093 4180 licto.
2121 4123 2175 4174 iu
2210 4118 2427 4189 Scorpii
2481 4117 2671 4173 chelas
2710 4117 2824 4188 jam
2861 4117 3077 4171 transit.
3106 4114 3251 4170 Solis
3279 4128 3408 4168 vero
3435 4113 3527 4168 dc-

1940 4214 2234 4269 fectionem
2266 4227 2368 4267 nec
2389 4220 2501 4267 tota
2526 4214 2639 4266 haec
2668 4219 2850 4272 testas.
2872 4224 2977 4266 nec
2999 4222 3295 4264 secuturus
3315 4216 3535 4262 autum-

1940 4321 2048 4377 nus
2084 4306 2287 4360 sentiet
2317 4322 2329 4358 :
2364 4303 2468 4359 etsi
2528 4317 2721 4358 omnes
2772 4301 3047 4370 homines,
3079 4316 3272 4356 omnes
3301 4315 3430 4356 aves
3475 4299 3530 4354 id

1942 4399 2283 4454 aflirmarint.
2312 4397 2485 4467 Cujus
2539 4396 2636 4452 tibi
2697 4397 2777 4452 rei
2843 4396 3103 4467 magister
3136 4405 3193 4451 et
3239 4405 3453 4466 tempus
3475 4404 3532 4449 et

243 4479 533 4545 λελοιπὼς
561 4483 664 4554 ἢδη
711 4484 807 4535 καὶ
840 4484 897 4547 ὲς
928 4484 1027 4547 τὰς
1067 4485 1162 4538 τοῦ
1209 4485 1484 4556 Σκορπίου
1529 4486 1698 4556 χηλὰς
1732 4487 1838 4539 δια-

1950 4504 2146 4544 sensus
2194 4487 2303 4542 crit
2350 4487 2416 4541 ad
2464 4486 2753 4542 veritatem
2814 4487 3035 4557 penitus
3091 4483 3528 4556 intelligendam.

245 4575 466 4631 δαίνει.
509 4574 776 4646 Ἠλιακήν
823 4592 887 4644 γε
949 4578 1059 4648 μὴν
1107 4578 1350 4647 ἔκλειψιν
1382 4577 1508 4631 οὔτε
1562 4580 1623 4631 τὸ
1664 4580 1838 4647 παρὸν

1938 4581 2083 4645 Nihil
2118 4581 2267 4636 enim
2314 4590 2421 4647 est,
2467 4581 2555 4635 cui
2595 4580 2664 4634 ad
2704 4579 2949 4634 scientia:
3001 4576 3531 4633 demonstrationem

248 4668 416 4722 ἅπαν
440 4666 615 4737 θέρος,
652 4667 777 4720 οὔτε
802 4669 865 4720 τὸ
898 4670 1094 4740 ἐφεξῆς
1127 4667 1241 4741 (25)
1279 4670 1418 4740 μετὰ
1467 4669 1628 4724 τοῦτο
1663 4671 1838 4740 φθινό-

1940 4675 2123 4729 minus
2171 4672 2437 4743 refragari
2495 4672 2682 4736 liceat.
2711 4686 2878 4742 quam
2933 4669 3122 4724 sensui
3156 4679 3211 4723 et
3242 4666 3530 4737 experien-

248 4774 451 4827 πωρον
495 4757 705 4829 (γίνεται,
765 4759 869 4814 κᾶν
901 4762 1105 4824 πάντες
1159 4760 1457 4833 ἄνθρωποι,
1490 4761 1591 4816 κᾶν
1642 4764 1838 4825 πάντες

1944 4767 2053 4825 tite.
2096 4786 2114 4821 ι
2169 4768 2385 4823 Sensus
2429 4767 2658 4837 quippe,
2710 4764 2895 4837 inquit
2939 4762 3329 4833 Philosophus,
3359 4748 3531 4831 expc-

250 4853 552 4921 φάσκωσιν
590 4852 826 4923 ὄρνιθες,
858 4854 1052 4908 Ἔσται
1082 4855 1140 4908 δέ
1175 4872 1259 4908 σοι
1280 4854 1488 4907 τούτων
1519 4854 1838 4919 διδάσκαλος

1944 4844 2199 4915 rientiam
2222 4858 2399 4931 gignit
2423 4874 2439 4925 ;
2474 4857 2819 4927 experientia
2864 4870 2999 4911 vero
3027 4855 3297 4926 principia
3326 4867 3531 4922 suppe-

246 4951 283 4999 ὅ
309 4962 380 4998 τε
406 4946 596 5016 χρόνος
637 4946 733 4999 καὶ
780 4947 813 5017 η
845 4948 1100 5016 αῐσθησις
1139 4947 1279 5018 πρὸς
1312 4947 1516 5019 ἀκριϐῆ
1568 4950 1668 5017 τὴν
1702 4948 1838 5018 ἀλήο

1946 4954 2086 5009 ditat
2115 4953 2384 5009 scientiae.
2417 4971 2435 5003 ι
2487 4950 2644 5006 Sicut
2689 4950 2859 5021 igitur
2901 4950 3181 5004 frumento
3216 4948 3275 5001 in
3325 4956 3528 5001 terram

248 5042 441 5092 θειαν.
487 5038 653 5092 Οὐδὲν
706 5039 816 5109 γὰρ
850 5038 1022 5103 οὕτως
1074 5041 1154 5101 εἰς
1204 5041 1517 5108 ἐπιστήμης
1567 5041 1838 5104 ἀπόδειξιν

1941 5056 2062 5102 sato
2116 5045 2271 5117 spica
2322 5044 2477 5105 nasci
2531 5050 2736 5114 potest,
2767 5041 2930 5115 553
2964 5042 3084 5099 sine
3124 5048 3372 5096 scatente
3397 5053 3533 5094 vero

244 5131 664 5202 ἀναντίρρητον
708 5132 918 5202 ἕτερον,
975 5135 1051 5194 ὼς
1105 5132 1373 5203 ἐμπειρία
1422 5133 1518 5184 καὶ
1564 5133 1838 5203 αἴσθησις.

1945 5155 2015 5195 ne
2046 5154 2267 5211 germen
2299 5136 2522 5208 quidem
2546 5139 2857 5206 exspectari
2884 5135 3055 5191 debet
3087 5152 3101 5189 :
3141 5134 3216 5189 ita
3258 5143 3314 5188 et
3344 5133 3398 5188 in
3427 5133 3537 5186 hac

255 5246 280 5278 ε
323 5223 594 5295 Αἴσθησις
631 5226 733 5296 μὲν
762 5226 897 5296 γὰρ,
930 5243 949 5275 ι
990 5232 1175 5295 φησιν,
1217 5242 1235 5276 ι
1274 5225 1570 5296 ἐμπειρίαν
1614 5227 1838 5296 ποιεί,ή

1947 5248 2006 5288 rc
2034 5251 2049 5299 ;
2074 5232 2121 5288 si
2153 5230 2260 5286 erit
2286 5231 2539 5285 defectus
2562 5229 2717 5294 solis,
2740 5228 2785 5283 si
2827 5226 3102 5283 Saturnus
3131 5236 3189 5299 et
3218 5225 3361 5279 Mars
3396 5239 3535 5278 con-

247 5323 317 5374 δὲ
344 5320 613 5391 ἐμπειρία
634 5322 735 5383 τὰς
759 5320 935 5390 ἀρχὰς
957 5320 1140 5373 δίδωσι
1163 5324 1227 5391 τῇ
1255 5323 1565 5393 ἐπιστήμῃ,
1589 5339 1607 5373 ι
1632 5322 1838 5390 Ὥσπερ

1945 5297 2359 5394 ςνεεευτίευηι,
2386 5321 2573 5376 dicere
2615 5321 2845 5375 fortasse
2879 5319 2955 5374 illi
2996 5297 3227 5390 queatit,
3252 5318 3371 5371 fore
3410 5323 3530 5368 tur-

251 5412 363 5470 03v
392 5417 541 5468 σίτου
586 5416 892 5483 σπαρέν-τος
931 5416 1010 5476 εἰς
1045 5414 1147 5484 γῆν
1182 5414 1458 5484 ἐνδέχεται
1491 5417 1693 5487 στάχυν
1728 5415 1838 5468 ἐσε-

1952 5417 2111 5472 biues
2142 5426 2199 5472 et
2250 5416 2570 5472 eversiones
2614 5414 2834 5470 urbium
2867 5423 2923 5470 et
2968 5413 3238 5468 montium
3266 5428 3297 5467 a
3323 5406 3531 5464 radici-

1639 5537 1977 5598 Variorum
2012 5543 2199 5599 notae.

339 5641 450 5710 (23)
485 5640 667 5696 Estas
705 5638 834 5694 anni
867 5638 1004 5693 1550
1053 5638 1190 5695 solis
1240 5637 1602 5710 defectionem
1645 5636 1841 5693 habuit
1948 5637 2161 5694 dicetur
2181 5653 2302 5706 cap.
2322 5637 2435 5710 fult.
2466 5637 2657 5709 Itaque
2685 5636 2801 5691 haec
2835 5634 3095 5692 videntur
3120 5632 3324 5706 scripta
3353 5632 3531 5690 fuisse

254 5706 360 5769 die
383 5706 531 5767 Junii
566 5710 659 5784 16,
682 5711 749 5784 de
776 5725 882 5784 qua
897 5710 1053 5784 infra
1081 5706 1477 5784 cap._l2,’sect_.
1584 5708 1717 5762 Item
1743 5724 1838 5763 au-

1946 5724 2091 5766 anno
2123 5710 2284 5766 1529.
2317 5709 2526 5765 Bowm.

262 5799 494 5843 Lemnus
534 5783 665 5839 anni
717 5777 1033 5847 1551,Νογ.
1076 5777 1163 5837 die
1204 5777 1410 5850 50.,'ut
1452 5781 1591 5835 infra
1619 5796 1838 5850 quoque
