3966 6210
221 384 320 453 669
456 384 535 459 [ι.
573 401 624 442 c.
667 388 808 443 1528
846 405 911 445 AD
952 388 1114 462 15M]

1226 396 1673 456 ΒῩΖᾸΝΤΙΝᾸΞ
1712 395 2099 457 ΗΙΞΤΟΒΙΕ
2140 399 2266 458 LIB
2329 401 2403 460 X.

2561 396 2695 466 Ιιιιρ.
2738 410 3021 454 asumma.
3060 398 3206 472 mu.)

3353 405 3458 471 670

221 508 393 578 μένειν
422 507 514 560 ἐπὶ
536 507 672 569 πολὺ
696 512 815 571 ταῖς
844 510 951 562 τῶν
990 511 1335 568 λειπομένων
1364 512 1651 567 ἀνθοῦσαν
1670 511 1772 580 ψυ-

1882 517 2350 579 restitutaJloreat
2384 519 2436 571 in
2464 518 2661 572 animis
2697 534 2886 575 eorum
2914 562 2927 585 ,
2984 521 3078 590 qui
3133 526 3459 593 superstites

217 602 351 673 χαῖς,
383 600 571 669 ὥσπερ
594 603 649 653 ὲν
675 601 841 671 ἠρινῇ
875 604 1227 667 καταστάσει,
1258 606 1360 674 τῆς
1399 604 1535 665 τέως
1578 603 1778 672 δυσμε-

217 692 333 756 νιῦς
386 692 600 763 κηλῖδος
647 693 810 762 φύσιν
866 695 1097 766 ἐχούσης
1131 695 1531 767 διαδιδράσκειν
1577 695 1652 759 ὡς
1708 695 1777 749 τὰ

216 784 396 839 πολλά.
720 838 727 845 ,

279 877 350 929 Δν.
386 875 658 945 Τέταρτον
697 876 796 945 μὲν
828 876 893 947 δὴ
917 878 1007 930 καὶ
1053 877 1454 946 ἑϐδομηκοστὸν
1511 878 1630 938 ἔτος
1661 873 1775 945 (51)

212 969 311 1023 ἀπὸ
338 967 604 1035 γενέσεως
633 970 782 1039 αύτῷ
812 969 1133 1024 τελευτῶντι
1157 968 1371 1038 ἠνύετο,
1416 968 1778 1038 πεντηκοστὸν

217 1052 454 1127 δ’ἁφόὗ
502 1060 574 1112 τὰ
600 1061 855 1131 σκῆπτρα
902 1061 1003 1129 τῆς
1055 1061 1483 1131 αὐτοκρατορίας
1537 1060 1774 1123 ἐδέξατο.

211 1141 313 1200 Ἦν
346 1146 403 1201 δὲ
440 1146 539 1217 τὴν
572 1148 787 1217 ἡλικίαν
812 1149 1091 1218 εὐμήκης,
1113 1149 1174 1202 τὸ
1200 1145 1341 1212 εἶδος
1368 1147 1648 1218 εὐπρεπὴς
1679 1148 1775 1199 καὶ

211 1236 324 1290 λίαν
349 1236 630 1307 αἰδέσιμος
658 1238 752 1292 καὶ
779 1237 967 1307 ὥσπερ
1000 1241 1062 1293 ἐκ
1103 1239 1318 1308 φύσεως
1351 1238 1496 1308 ἔχων
1540 1238 1600 1290 τὸ
1648 1239 1778 1305 ἠγε-

213 1328 425 1395 μονικὸν
453 1346 512 1381 τε
551 1330 647 1382 καὶ
682 1328 914 1399 φοϐερόν
939 1346 951 1362 ·
976 1329 1075 1383 οὐκ
1121 1330 1358 1401 ἄκρατόν
1383 1345 1445 1397 γε
1475 1329 1603 1400 μὴν,
1661 1327 1778 1381 ἀλλ’

209 1419 386 1491 ὥσπερ
420 1419 499 1487 τῷ
528 1421 654 1503 ἀέρι
685 1423 1015 1491 κιρνάμενον
1045 1421 1104 1473 τὸ
1136 1421 1235 1490 τῆς
1262 1422 1495 1492 ἡλιακῆς
1557 1422 1777 1482 ἀκτῖνος

209 1509 315 1576 φῶς
338 1509 537 1580 χρῶμα
569 1510 780 1577 γίνεται
812 1510 987 1581 τούτῳ
1017 1511 1111 1564 καὶ
1151 1510 1338 1582 ὥσπερ
1364 1511 1540 1580 μέλιτι
1574 1510 1774 1575 γλυκύ-

205 1612 296 1671 τηξ
322 1600 602 1670 αὐτοφυὴς
618 1602 827 1669 γίνεται.
859 1604 1081 1672 ποιότης
1107 1618 1123 1634 ο
1156 1600 1301 1655 οὕτω
1323 1601 1387 1672 δὴ
1416 1604 1510 1655 καὶ
1531 1602 1774 1672 πραότης

204 1692 459 1761 ἀποίητος
485 1693 623 1762 μετά
647 1710 794 1755 τινος
825 1693 1371 1763 θελγούσηςχάριτος
1411 1697 1523 1757 τοῖς
1581 1696 1770 1766 ἤθεσιν

203 1783 360 1837 αὐτοῦ
388 1785 706 1857 κιρνωμένη
733 1784 936 1856 χρῶμά
968 1803 1027 1839 τε
1064 1786 1180 1856 ἅμα
1213 1787 1308 1840 καὶ⁸
1341 1787 1775 1857 αὐτοχάλκευτος

203 1875 346 1946 αὐτῷ’
384 1878 617 1947 ποιότης
648 1877 924 1945 ἐφαίνετο.
966 1877 1175 1944 Πολλὴν
1209 1878 1308 1948 μὲν
1370 1879 1478 1948 γὰρ
1537 1881 1629 1931 ἐπὶ
1676 1880 1771 1933 τοῦ

203 1969 493 2040 προσώπου
524 1970 622 2039 τὴν
653 1969 996 2039 εὐφροσύνην
1024 1970 1056 2040 ὴ
1089 1968 1251 2032 φύσις
1281 1970 1539 2035 έκένωσε,
1573 1970 1774 2039 πολλὴν

203 2063 243 2115 δ’
269 2064 357 2116 ἐπὶ
379 2064 499 2127 τοῖς
535 2062 839 2132 ὀφθαλμοῖς
865 2061 963 2130 τὴν
990 2062 1256 2132 γαλήνην,
1308 2062 1567 2131 λαμπρὰν
1614 2059 1658 2115 δ’
1682 2060 1775 2113 ἐπὶ

202 2156 265 2226 τῇ
311 2155 532 2223 γλώττῃ
578 2156 678 2222 τὴν
711 2154 813 2223 τῆς
869 2153 1037 2223 ἠχοῦς
1079 2152 1369 2222 ἁρμονίαν.
1415 2152 1505 2223 Τῷ
1535 2152 1593 2205 δὲ
1652 2151 1772 2222 ήθει

202 2248 351 2299 παντὶ
381 2246 448 2298 τὸ
468 2244 651 2316 ἱλαρὸν
674 2248 767 2298 καὶ⁵
792 2245 989 2312 σεμνὸν
1041 2242 1416 2315 ἑφαπλώσασα
1465 2242 1696 2314 τερπνόν
1721 2261 1773 2297 τι

203 2340 285 2394 καὶ
335 2338 528 2392 ἔνθεον
587 2338 999 2408 παρεσκεύαζεν
1054 2337 1409 2407 ἐπιπρέπειν.
1468 2340 1537 2391 Ἀ
1585 2338 1767 2392 πάντα

207 2430 338 2499 μάλα
363 2432 565 2499 σαφεῖς
589 2431 701 2483 τῶν
736 2427 1067 2482 σιωπώντων
1100 2428 1250 2498 ἠθῶν
1284 2429 1382 2498 τῆς
1435 2429 1645 2482 ἐκείνου
1671 2427 1775 2497 ψυ-

201 2522 289 2591 ᾑς
310 2522 599 2589 ἐγίγνοντο
623 2520 869 2588 ἄγγελοι.

263 2613 335 2668 E'.
362 2613 489 2667 Ἷνα
518 2612 628 2682 γὰρ
686 2597 812 2675 τοῦς
868 2611 1103 2680 τρόπους
1152 2611 1254 2680 τῆς
1300 2610 1548 2679 γνώμης,
1589 2608 1775 2671 ’ὁποῖος

199 2707 425 2768 ἐκεῖνος,
458 2704 819 2774 παραστήσω,
844 2702 962 2765 ἑνὸς
999 2702 1032 2773 ἢ
1096 2702 1192 2755 καλ⁵
1222 2702 1370 2754 δυοῖν
1415 2700 1523 2752 τῶν
1562 2699 1772 2754 ἐκείνου

200 2799 604 2870 μνησθήσομαι,
634 2795 848 2865 Μικρὸν
899 2794 1006 2866 πρὸ
1062 2795 1163 2864 τῆς
1199 2793 1459 2862 τελευτῆς
1506 2795 1564 2845 ἐν
1612 2790 1773 2862 πενίᾳ

196 2892 283 2946 καὶ
305 2894 369 2962 τῇ
419 2890 529 2942 τῶν
560 2889 874 2956 ἀναγκαίων
915 2887 1094 2958 ἐνδείᾳ
1128 2887 1329 2955 διάγων
1385 2887 1508 2939 ἐπεὶ
1545 2886 1621 2957 μὴ
1650 2883 1772 2939 ὲδύ·

196 2997 314 3033 νατο
342 2980 610 3046 καθάπαξ
641 2981 739 3048 τὴν
768 2978 862 3031 τοῦ
906 2978 1119 3048 ψύχους
1168 2979 1358 3048 φέρειν
1406 2976 1595 3046 ἀκμὴν
1639 2975 1773 3045 (χει-

201 3072 366 3141 μῶνος
390 3074 504 3142 γὰρ
525 3071 826 3142 τηνικαῦτα
867 3070 928 3123 τδ
963 3070 1337 3139 ἀκμαιότατον
1387 3064 1500 3138 ἦν),
1557 3068 1770 3135 σκέπην

1854 608 2098 671 vivunt,
2157 618 2404 663 veterum
2448 610 2863 666 inimicitiarum
2907 613 3119 669 macula
3154 614 3310 670 facile
3337 616 3457 686 ple-

1879 714 2112 769 rumque
2141 701 2509 757 exolescente.

1950 875 2039 928 ιγ.
2070 874 2287 929 Annum
2322 876 2500 931 etatis
2551 878 2792 932 moriens
2821 878 3082 947 implebat
3114 887 3370 947 quartum
3401 886 3458 932 et

1880 964 2342 1033 septuagesimum
2366 984 2381 1029 ;
2410 980 2476 1019 ex
2498 981 2610 1036 quo
2640 982 2769 1022 vero
2793 967 3083 1036 imperium
3117 979 3456 1036 susceperat,

1881 1053 2417 1125 quinquagesimum.
2456 1057 2689 1112 Procera
2721 1067 2930 1113 statura
2958 1057 3079 1123 fuit,
3104 1058 3301 1112 decora
3324 1058 3459 1112 faeie

1878 1154 1934 1198 et
1961 1159 2224 1213 perquam
2263 1148 2593 1211 venerabili;
2626 1150 2696 1204 ab
2721 1149 2839 1217 ipso
2869 1158 2992 1204 ortu
3026 1149 3330 1218 principale
3360 1150 3459 1203 ali-

1878 1235 2009 1304 quid
2043 1244 2099 1289 et
2128 1235 2479 1293 formidabile
2510 1254 2621 1307 prae
2653 1254 2713 1294 se
2751 1239 2967 1305 ferens;
3000 1255 3110 1294 non
3143 1248 3322 1294 tamen
3351 1239 3460 1293 hoc

1878 1340 2089 1378 merum
2117 1334 2173 1379 et
2202 1325 2493 1395 integrum,
2523 1327 2616 1381 sed
2650 1337 2710 1381 ut
2754 1327 2869 1382 aeri
2899 1328 3119 1383 mistum
3154 1329 3349 1399 solaris
3374 1344 3461 1383 ra-

1876 1414 1950 1469 dii
1975 1416 2160 1470 lumen
2206 1416 2339 1470 fitei
2364 1416 2536 1479 color,
2570 1427 2625 1472 et
2660 1425 2717 1469 ut
2760 1418 2907 1471 melli
2940 1418 3176 1473 dulcedo
3220 1420 3457 1487 qualitas

1876 1506 2059 1560 nativa
2111 1506 2342 1572 accedit,
2376 1507 2453 1561 ita
2494 1506 2658 1561 etiam
2693 1508 2980 1562 clementia
3027 1523 3137 1563 non
3180 1508 3300 1563 [icta
3333 1524 3457 1563 cum

1876 1597 2083 1652 blando
2132 1597 2369 1667 quodam
2401 1597 2589 1668 gratia:
2636 1598 2824 1667 lepore
2861 1598 3112 1653 moribus
3148 1599 3269 1670 ejus
3300 1614 3459 1653 χροιι-

1878 1697 2181 1758 temperata
2213 1689 2365 1743 color
2392 1688 2565 1749 ipsius
2592 1696 2647 1743 et
2681 1687 2844 1760 473
2871 1687 3183 1742 inaffectata
3221 1688 3458 1757 qualitas

1876 1779 2189 1834 videbatur.
2242 1778 2473 1833 Multum
2524 1779 2671 1832 enim
2723 1778 3014 1834 hilaritatis
3047 1788 3241 1834 natura
3283 1779 3455 1833 vultui

1874 1871 1994 1940 ejus
2052 1869 2369 1934 indiderat,
2406 1870 2640 1924 multum
2676 1869 2850 1924 oculis
2878 1870 3228 1936 serenitatis;
3259 1868 3459 1937 lingua:

1876 1970 2059 2015 autem
2102 1960 2304 2014 claram
2330 1970 2387 2014 et
2411 1975 2668 2014 canoram
2698 1975 2886 2014 vocem
2923 1978 2937 2015 :
2965 1962 3016 2014 in
3040 1959 3186 2014 omni
3219 1961 3459 2029 denique

1874 2050 1995 2119 ejus
2029 2049 2220 2104 habitu
2254 2065 2319 2105 ac
2348 2061 2502 2120 gestu
2532 2050 2868 2105 hilaritatem
2923 2057 2978 2106 et
3016 2050 3338 2120 gravitatem
3379 2051 3459 2108 sic

1876 2141 2239 2210 explicuerat,
2265 2152 2326 2196 ut
2350 2157 2628 2197 amrenum
2659 2142 2918 2211 quiddam
2945 2158 3009 2197 ac
3034 2143 3280 2197 divinum
3312 2144 3365 2197 in
3392 2157 3460 2198 eo

1876 2224 2169 2289 emineret.
2197 2234 2328 2302 Quae
2369 2236 2626 2291 universa
2656 2236 2853 2293 tacitos
2891 2238 3011 2309 ejus
3045 2252 3231 2292 mores
3258 2249 3315 2292 et
3343 2238 3462 2292 aui-

1876 2338 2024 2378 mum
2060 2325 2415 2379 nuntiabant.

1944 2624 2010 2679 ν.
2050 2622 2119 2678 Ut
2161 2634 2343 2679 autem
2395 2623 2678 2693 ingenium
2736 2626 2858 2695 ejus
2911 2627 3078 2683 etiam
3146 2627 3458 2703 declarent,

1875 2716 2041 2771 unius
2066 2725 2229 2785 atque
2276 2717 2509 2773 alterius
2538 2718 2660 2787 ejus
2705 2716 2830 2772 facti
2876 2719 3211 2774 mentionem
3239 2718 3458 2775 faciam.

1872 2807 2042 2862 Paulo
2073 2817 2199 2862 ante
2232 2806 2468 2873 obitum,
2520 2824 2644 2864 cum
2677 2819 3002 2879 paupertate
3050 2820 3107 2864 et
3143 2826 3326 2866 rerum
3363 2828 3461 2868 ne-

1872 2900 2239 2954 cessariarum
2276 2898 2458 2969 inapia
2490 2908 2785 2972 urgeretur
2816 2908 2873 2954 et
2926 2901 3124 2957 hiemis
3164 2902 3273 2956 vim
3316 2903 3462 2979 ferre

1874 3008 1979 3047 non
2018 2998 2204 3061 posset
2238 2989 2385 3061 (nam
2426 2991 2605 3047 hiems
2655 3000 2775 3046 tum
2835 2992 3073 3048 maxime
3124 2993 3455 3063 saeviebat),

1873 3084 2153 3154 vulpinam
2187 3083 2290 3139 sibi
2326 3092 2652 3138 nocturnam
2685 3094 2896 3139 vestem
2924 3084 3042 3140 fieri
3076 3086 3263 3157 jussit.
3297 3087 3460 3143 Omni

201 3165 463 3231 ιπέταξεν
487 3164 637 3230 αὐτῷ
666 3162 922 3232 γενέσθαι.
972 3161 1299 3231 νυκτερινὴν
1348 3161 1407 3226 ἐξ
1456 3159 1768 3229 ἀλωπεκῆς.

1882 3184 2057 3231 autem
2093 3175 2213 3246 ejus
2249 3174 2528 3243 opulentia
2557 3176 2856 3245 perquisita
2881 3177 3059 3234 tribus
3080 3182 3321 3233 nummis
3350 3196 3457 3235 non

201 3257 377 3328 Πάσης
432 3253 534 3310 οὖν
584 3255 685 3324 τῆς
751 3252 921 3309 αὐτοῦ
989 3253 1311 3323 περιουσῖας
1369 3251 1771 3321 ἁριθμηθείσης

197 3351 354 3420 τριῶν
391 3348 751 3419 ωμισμᾶτων
794 3346 894 3415 ούχ
926 3344 1156 3415 εὓρηται
1191 3343 1355 3397 πλέον
1377 3343 1554 3396 οὐδέν.
1609 3340 1772 3395 Ὅθεν

199 3441 393 3495 τούτων
431 3440 627 3510 μόνων
643 3438 702 3502 ἐξ
743 3436 991 3507 ἀνάγκης
1029 3434 1188 3493 ὢνιον
1247 3434 1533 3501 γενέσθαι,
1584 3433 1613 3487 δ
1672 3433 1773 3502 τῆς

196 3532 534 3603 ψυχρότητος
569 3528 931 3600 μεμελέτηται
977 3526 1348 3596 παραμύθιον.
1389 3526 1685 3596 Μετεώρου
1708 3525 1771 3595 δὴ

197 3622 294 3690 τῆς
329 3620 560 3689 μελέτης
585 3617 776 3687 οὔσης,
808 3615 1127 3687 προσελθών
1152 3632 1238 3679 τις
1263 3614 1373 3667 τῶν
1413 3615 1580 3668 παλαι
1602 3617 1773 3667 οίκει-

197 3708 345 3761 ακῶν
378 3707 471 3761 τὸν
508 3707 602 3777 τῆς
633 3704 863 3774 ἐνούσης
898 3704 1095 3768 πενίας
1137 3703 1499 3775 ὲξετραγῴδει
1527 3706 1773 3759 κίνδυνον

199 3798 384 3870 βιαίως
443 3795 823 3866 ἐπιτιθέμενον
866 3796 963 3848 καὶ
1006 3794 1143 3863 πρὸς
1198 3794 1425 3847 θάνατον
1473 3794 1773 3865 ὁλοσχερῶς

200 3891 566 3946 συνωθοῦντα.
631 3888 822 3957 Τούτῳ
874 3870 1151 3958 καμξρθελς
1216 3888 1467 3942 ἐδεδώκει
1529 3890 1597 3941 τὰ
1646 3889 1772 3959 τρία

198 3985 374 4039 ἐκεῖνα
465 3981 774 4052 νομίσματα
805 4025 820 4049 ,
912 3980 1210 4052 συμφορῶν
1294 3982 1593 4052 ἀλλοτρίων
1681 3982 1774 4033 τὸν

197 4075 386 4130 ἑαυτοῦ
461 4074 822 4145 προελόμενος
895 4072 1150 4135 θάνατον,
1210 4072 1332 4125 ὅσον
1406 4073 1466 4125 τὸ
1521 4075 1607 4125 ἐπ’
1676 4074 1774 4124 at)»

197 4171 301 4222 τὸν.
336 4168 438 4221 Ἐν
474 4168 577 4237 μὲν
606 4166 673 4235 δὴ
706 4164 879 4227 τοῦτο
905 4164 1004 4232 τῆς
1046 4163 1215 4216 αὐτοῦ
1279 4163 1597 4233 συμπαθοῦς
1632 4164 1773 4233 γνώ-

197 4280 299 4331 μης
338 4261 645 4331 τεκμήριον
669 4259 803 4329 (5‘2).
834 4257 1099 4327 Δεύτερον
1125 4256 1182 4309 δέ
1213 4274 1226 4289 ·
1291 4258 1415 4308 ὲπει
1443 4257 1552 4327 γὰρ
1574 4258 1773 4327 ἰατρῶν

198 4356 291 4424 μὲν
319 4354 515 4413 παῖδες
548 4352 699 4419 αὐτῷ
722 4352 822 4420 τὴν
845 4349 1193 4419 πολυήμερον
1224 4348 1603 4418 ψυχροποσίαν
1632 4351 1774 4417 ἀπη-

192 4444 444 4514 γόρευον,
488 4444 517 4495 δ
572 4441 615 4494 δ’
671 4442 734 4494 οὗ
773 4441 1031 4510 προσίετο
1060 4440 1160 4512 τὴν
1212 4442 1545 4504 οίνοποσίαν,
1600 4444 1774 4511 μέσην

1881 3267 2005 3336 plus
2036 3274 2123 3322 est
2155 3274 2461 3336 repertum.
2514 3264 2674 3320 Tanti
2710 3266 2895 3337 itaque
2940 3283 3166 3324 necesse
3205 3268 3306 3323 fuit
3353 3268 3464 3325 emi

1879 3366 2110 3416 vestem.
2138 3374 2260 3425 quae
2286 3358 2335 3412 ei
2368 3358 2420 3410 in
2462 3356 2763 3427 frigoribus
2800 3358 3045 3413 solamen
3086 3369 3334 3429 paratum
3376 3376 3467 3415 es-

1879 3456 1983 3499 set.
2018 3445 2076 3500 ld
2103 3460 2236 3500 vero
2267 3445 2557 3499 consilium
2589 3461 2714 3501 cum
2753 3445 2936 3500 adhuc
2984 3447 3303 3517 agitaretur.
3343 3447 3464 3517 qui-

1881 3536 2005 3590 dam
2040 3552 2069 3589 e
2100 3537 2384 3591 veteribus
2423 3536 2543 3607 ejus
2568 3536 2936 3592 familiaribus
2970 3548 3296 3607 priesentem
3326 3554 3461 3608 pau-

1880 3634 2151 3695 pertatem
2191 3625 2509 3696 deplorabat
2538 3665 2553 3691 ,
2597 3640 2719 3695 quae
2751 3626 2825 3680 ita
2855 3635 3010 3681 atrox
3043 3625 3149 3682 sibi
3182 3627 3465 3682 incumbe.

1882 3726 1999 3780 ret,
2024 3726 2083 3769 ut
2102 3715 2213 3801 jam
2245 3715 2297 3770 in
2322 3728 2512 3786 aperto
2542 3716 2738 3772 mortis
2764 3717 3010 3787 periculo
3040 3729 3375 3772 versaretur.
3400 3719 3459 3773 Ei

1881 3807 2155 3861 adductus
2190 3805 2573 3864 misericordia
2632 3815 2743 3862 tres
2800 3807 2922 3862 illos
2960 3822 3214 3863 nummos
3272 3809 3458 3875 dedit;

1881 3898 2021 3952 mori
2054 3907 2383 3968 praeoptans,
2414 3899 2558 3967 quod
2595 3897 2648 3952 in
2678 3910 2736 3953 se
2768 3908 2936 3964 esset,
2959 3914 3122 3970 quam
3158 3901 3458 3956 alienarum

1882 3980 2264 4047 calamitatum
2301 4000 2581 4062 spectator
2615 4009 2757 4049 esse.
2797 3993 2974 4050 Unum
3016 3992 3178 4064 igitur
3204 3994 3309 4049 hoc
3341 3998 3461 4059 ejus

1882 4084 2238 4154 benignitatis
2286 4085 2501 4153 signum
2551 4095 2694 4140 esto.
2724 4085 2971 4138 Alterum
3018 4084 3171 4140 illud.
3225 4085 3357 4139 Cum
3406 4086 3455 4136 ci

1882 4178 2094 4248 frigidae
2128 4195 2283 4249 aqua:
2314 4186 2444 4248 potu
2477 4178 2742 4234 diuturno
2787 4179 2983 4234 medici
3024 4165 3454 4240 interdicere-ut,

1880 4280 2045 4339 atque
2085 4271 2350 4340 ipse‘vini
2406 4273 2745 4340 potationcm
2790 4271 3163 4341 repudiasset;
3224 4272 3456 4325 mediam

1883 4361 2173 4429 ingressus
2208 4360 2350 4414 viam
2389 4362 2480 4415 vix
2514 4378 2623 4415 uno
2654 4370 2847 4427 aurc‘o,
2885 4377 3060 4433 coque
3093 4363 3415 4417 mntuaticio
3439 4402 3453 4426 ,

1881 4447 2089 4517 aliquid
2121 4449 2223 4503 sibi
2252 4449 2494 4503 dulcium
2531 4451 2805 4520 liquorum
2826 4453 2977 4517 emit,
3008 4452 3099 4522 qui
3136 4468 3199 4505 ex
3227 4450 3455 4521 {Egyth

195 4534 420 4602 βαδίσας
448 4534 786 4603 νομίσματος
831 4534 946 4596 ένδς
981 4532 1155 4601 μόλις,
1197 4534 1261 4585 ὲκ
1314 4532 1529 4585 δανείου
1584 4535 1772 4586 κάκείο

1882 4547 1937 4593 et
1965 4539 2167 4594 Arabia
2192 4540 2563 4604 advehuntur,
2592 4551 2650 4595 ut
2683 4541 2849 4614 474
2900 4543 2985 4595 his
3027 4541 3232 4611 frigida:
3268 4551 3453 4609 polum

112 4622 119 4629 “
196 4645 281 4681 νου
308 4627 773 4697 παρευρεθέντος,
801 4624 959 4677 ὢνιον
985 4624 1110 4694 ἔσχε
1138 4624 1302 4696 μέρος
1340 4642 1392 4676 τι
1424 4625 1531 4678 τῶν
1592 4627 1649 4691 ἐξ
1685 4626 1778 4677 At-

195 4718 402 4781 τύπτου
432 4716 527 4769 καὶ
576 4714 834 4786 Ἀραϐίας
871 4713 954 4786 [Ρ.
980 4713 1108 4784 991]
1129 4708 1506 4783 κομιζομένων
1533 4714 1780 4784 γλυκέων

199 4809 403 4880 ὑγρῶν,
438 4811 524 4861 ἶνα
569 4824 633 4875 γε
686 4806 857 4877 τούτῳ
898 4807 1133 4878 κουφὶζη
1170 4808 1229 4860 τὸ
1272 4806 1371 4876 τῆς
1412 4807 1780 4875 ψυχροποσίας

196 4902 456 4974 ἄκρατον.
476 4900 779 4971 Ἀλλὰξπρὶν
802 4898 1614 4967 γεύσασθαιξτούτου,πρόσεισιν
1633 4897 1786 4964 αὖθις

197 4999 379 5070 ἕτερός
423 5016 506 5061 τις
542 4997 652 5049 τῶν
700 4994 868 5050 πάλαι
894 4993 1207 5061 οἱκειακῶν,
1236 4996 1449 5065 μακροῦ
1479 4998 1783 5067 νοσήματος

200 5091 371 5162 βραχύ
401 5109 453 5143 τι.
475 5089 658 5158 ζητῶν
692 5089 1061 5159 παραμύθιον.
1101 5089 1158 5142 '0
1210 5089 1268 5142 δὲ
1302 5090 1378 5159 μὴ
1423 5091 1565 5161 ἔχων
1601 5092 1774 5156 οὐδὲν,

1886 4634 2246 4685 meraciorem
2283 4643 2612 4702 temperaret
2664 4646 2828 4704 atque
2873 4634 3100 4687 levaret.
3135 4631 3239 4686 Sed
3275 4632 3457 4701 prius—

1884 4740 2047 4795 quam
2094 4739 2188 4779 eos
2214 4734 2506 4796 gustasset,
2545 4741 2739 4780 rursus
2773 4727 2914 4779 alius
2949 4733 3196 4777 veterum
3236 4722 3452 4783 domes-

1887 4817 2120 4871 ticorum
2149 4831 2273 4870 eum
2326 4817 2558 4878 accedit,
2606 4816 2750 4885 longi
2786 4814 2960 4868 morbi
3002 4814 3166 4867 breve
3203 4826 3456 4880 quaerens

1883 4906 2167 4963 solatium.
2206 4908 2273 4961 At
2309 4907 2418 4972 ille,
2442 4921 2565 4961 cum
2601 4905 2738 4960 nihil
2782 4906 3007 4959 haberet
3036 4918 3145 4973 quo
3173 4903 3453 4957 hominem

1882 5000 2279 5060 consolaretur,
2309 5009 2364 5053 et
2387 4998 2543 5066 {huic
2572 4997 2688 5052 dari
2714 4996 2878 5068 jussit
2901 4994 3206 5050 remedium
3235 5010 3347 5050 sure
3374 4996 3459 5048 in-

1884 5089 2163 5145 firmitatis
2187 5104 2349 5144 causa
2379 5097 2780 5158 comparatum.
2812 5087 2988 5142 Tanta
3017 5087 3137 5156 ejus
3193 5096 3313 5143 erat
3352 5087 3460 5140 hu-

1551 5229 1887 5307 Va'riorum
1922 5250 2109 5303 notae.

266 5392 383 5459 (5|)
428 5390 654 5446 Moriens
702 5404 904 5443 annum
940 5390 1112 5443 celatis
1154 5389 1393 5459 explebat
1435 5390 1765 5459 septuagesi-

199 5458 341 5514 mum
376 5470 649 5529 quartum.
672 5458 921 5513 Mortuus
950 5471 1030 5512 est
1064 5462 1149 5521 (ut
1173 5458 1312 5512 infra
1335 5458 1573 5521 dicetur,
1604 5458 1778 5529 hujus

194 5546 318 5599 cap.
372 5528 510 5584 εδει.
564 5529 690 5598 ult.)
738 5545 886 5583 anno
936 5530 1123 5583 mundi
1153 5529 1314 5589 6840.
1355 5529 1560 5599 Christi
1612 5528 1772 5599 i532.

196 5597 340 5665 Ergo
392 5608 555 5653 natus
584 5597 706 5653 erat
736 5613 882 5652 anno
920 5600 1108 5652 muniti
1161 5600 1320 5657 6766.
1363 5598 1571 5653 Christi
1610 5597 1770 5652 H58.

199 5669 334 5724 Vide
379 5669 639 5723 adnotata
674 5668 741 5722 ad
793 5684 914 5738 pag.
962 5668 1020 5719 :‘il
1057 5668 1118 5721 A.
1172 5668 1594 5722 flantacuzonus
1631 5668 1767 5722 Hist.

200 5738 291 5794 lib.
331 5756 396 5802 tt,
439 5753 556 5807 cap.
591 5739 681 5801 28,
714 5738 1086 5793 Andronicum
1125 5755 1287 5791 avum
1326 5738 1530 5793 obiisse
1564 5739 1637 5792 ait
1667 5754 1768 5791 au-

201 5824 298 5864 nos
326 5819 518 5863 natum
555 5810 641 5864 72.
683 5808 762 5864 lta
801 5810 869 5863 dc
912 5825 1182 5866 annorum
1220 5824 1450 5865 numero
1487 5808 1767 5865 biennium

1873 5387 2131 5461 detrahit.
2166 5389 2270 5444 Sed
2320 5389 2475 5452 mihi,
2510 5390 2699 5461 ut‘jam
2728 5387 2863 5461 disi,
2898 5384 3459 5461 CantacuzcniAeh‘rg‘

1873 5458 2087 5580 tlilologia
2119 5469 2376 5529 suspecta
2404 5469 2508 5514 est.
2539 5454 2672 5513 Vide
2707 5459 2974 5512 adnotata
3008 5456 3075 5508 ad
3109 5454 3369 5523 pag.'262
3395 5454 3454 5507 Β.

1917 5543 2083 5581 οινικ.

1943 5599 2056 5665 (52)
2088 5598 2170 5653 0b
2212 5601 2469 5669 pietatem
2512 5608 2567 5655 et
2601 5600 2738 5653 alias
2764 5600 2932 5654 animi
2958 5600 3117 5655 dotes
3140 5598 3307 5652 etiam
3334 5599 3452 5652 lau-

1868 5666 2032 5721 datur
2061 5684 2088 5720 a
2125 5666 2437 5738 Nicephoro
2465 5671 2853 5736 Xanthopulo:

2211 5741 2492 5810 εὐσεξείας
2520 5741 2860 5807 ’Δνδρόνικος
2889 5740 2916 5790 ὁ
2946 5738 3158 5805 στῦλος,

2064 5807 2608 5881 ’Ἄσύγιὶριὲοςνοῦὒ
2642 5810 2956 5881 ἐξῃρημένη
2979 5810 3159 5879 φύσις.
3198 5810 3439 5867 υιιελιιε.
