4000 6206
484 261 593 327 675
737 260 810 331 [Α.
851 276 907 314 ιι.
943 259 1081 315 6856
1122 274 1191 314 AD
1227 194 1390 330 σειν]

1642 252 2488 326 ΝΙΟΕΡῘΓΟἨΓΈΠΕΗὈΒΕ

2785 248 2918 322 [cum
2959 256 3242 300 monoazc.
3301 240 3444 309 wn]
3620 242 3730 303 676

479 377 754 432 liconem?
774 375 909 441 Quis
939 374 1221 444 sapientia:
1252 375 1521 429 destruxit
1547 372 1883 445 Olympum?
1923 374 2057 440 Quis

2162 374 2377 440 ἐκείνης
2429 365 2639 438 ἀθρόως
2686 366 2767 427 είς
2817 362 2920 431 γῆν
2967 353 3375 445 καταρῥεῦσαν.
3407 351 3733 445 Θρηνὴτατι

477 470 760 523 lucernam
817 467 1100 528 exstinxit,
1127 466 1325 521 mentis
1351 475 1551 520 nostrae
1573 466 1762 520 oculos
1782 465 2060 521 illustran-

480 568 589 615 tem
615 569 671 612 et
703 559 830 613 cilia
869 559 1044 614 nostri
1071 559 1241 613 animi
1270 558 1500 629 pulchre
1527 559 1863 629 aperientem
1882 559 1906 612 ?
1925 558 2059 624 Quis

476 662 651 705 artem
677 651 901 714 artium,
925 651 1218 706 scientiam
1254 652 1611 706 scientiarum
1638 650 2060 721 perdidit?Quis

477 742 755 796 tmlestem
790 742 1067 795 hominem
1101 742 1154 794 in
1184 741 1410 796 fundum
1428 742 1625 796 tumuli
1654 741 1891 809 dejeeit?
1915 741 2057 796 Olim

476 840 701 909 quidem
737 838 946 894 Graecia
978 838 1224 893 Athenas
1251 838 1582 906 eloquentiae
1607 837 1945 891 domicilium
1966 836 2061 889 de-

479 931 737 1000 ploravit,
774 945 899 984 cum
934 946 1029 984 eas
1064 945 1161 999 ιιι-ι·
1195 928 1423 983 insidias
1453 929 1660 982 celeres
1700 926 2059 981 destruxisset

476 1020 759 1091 Lysander
781 1019 1251 1075 Lacedmmonius.
1284 1018 1396 1073 Nos
1432 1032 1562 1071 vero
1589 1017 1752 1070 hodie
1783 1032 1889 1069 non
1926 1016 2060 1071 satis

477 1112 765 1181 deplorare
827 1127 1122 1181 possumus
1197 1117 1366 1165 totam
1423 1109 1686 1164 Graeciam
1743 1124 1866 1161 cum
1923 1107 2059 1177 ipsis

473 1203 705 1255 Athenis
736 1203 1068 1257 demersam.
1098 1202 1255 1258 Unus
1283 1201 1431 1254 enim
1485 1201 1577 1254 hic
1604 1201 1688 1253 vir
1718 1200 1821 1253 fuit
1850 1200 2054 1253 omnia.

477 1294 727 1358 Olllusae,
771 1309 804 1346 0
858 1293 1111 1359 facundia
1140 1333 1154 1351 .
1209 1292 1381 1364 478
1417 1308 1451 1346 o
1490 1294 1758 1357 .virtutes,
1800 1307 1831 1345 ο
1867 1308 2057 1348 omnes

477 1385 816 1454 disciplinas,
874 1383 1151 1452 quomodo
1184 1382 1418 1450 agrestia
1460 1381 1574 1435 lilia
1621 1382 2058 1443 adeoxeleriter

479 1474 611 1527 estis
646 1473 890 1536 imitatae,
922 1473 1034 1527 cito
1060 1472 1284 1541 quidem
1316 1472 1369 1526 in
1400 1473 1567 1526 altum
1593 1472 1764 1527 decus
1794 1483 2053 1538 arrectae,

481 1564 577 1620 sed
604 1564 772 1618 citius
819 1564 1071 1619 arefacta:
1098 1573 1157 1619 et
1185 1565 1411 1634 dejectze
1432 1564 1454 1617 ?
1477 1565 1668 1619 Divina
1698 1565 1849 1618 enim
1879 1578 2056 1619 vestra

476 1656 648 1718 cella,
695 1671 951 1723 magnum
999 1654 1132 1708 illud
1163 1664 1220 1709 et
1260 1655 1482 1710 celebre
1534 1666 1778 1710 vestrum
1809 1656 2056 1710 diverso-

2164 439 2340 530 στόμα
2380 460 2575 520 ἐκεῖνο,
2609 455 2636 509 ὃ
2681 454 2809 526 χθὲς
2865 451 2965 522 μὲν
3021 446 3117 502 καὶ
3168 444 3436 514 πρότερον
3465 439 3629 492 οἱονεί
3678 455 3737 493 τι

2163 553 2392 622 σίμϐλον
2420 547 2780 618 κατεφαίνετο
2817 544 3053 614 μέλιτος,
3088 538 3182 592 νῦν
3204 537 3261 590 δὲ
3290 533 3521 588 θανάτου
3556 530 3741 600 κηφῆ-

2162 663 2248 708 νες
2284 643 2623 713 διέφθειραν.
2658 639 2982 710 Θρηνήσατε
3014 632 3105 685 τὸν
3144 630 3206 683 τὸ
3255 625 3544 694 Ῥωμαίων
3581 624 3742 685 κλέος

2159 739 2226 807 τῇ
2261 735 2419 804 σοφία
2459 731 2797 803 σεμνύνοντα
2849 728 3035 785 πλέον,
3080 724 3114 793 ἢ
3167 724 3228 774 τδ
3274 720 3383 772 τῶν
3433 716 3741 787 Ἀθηναίων

2162 828 2332 882 πάλαι
2383 814 2697 896 Σωκράτεις
2752 822 2845 875 καὶ
2899 814 3204 878 Πλάτωνες.
3250 806 3573 882 Θρηνήσατε
3609 806 3741 869 τοὺς

2160 921 2261 987 τῆς
2291 918 2485 989 σοφίας
2515 917 2797 987 κρατῆρας
2829 912 3049 977 ἁπάσης
3078 909 3134 960 ὲν
3168 905 3363 976 βραχεῖ
3397 901 3737 961 κενωθέντας

2160 1013 2239 1072 είς
2272 1010 2398 1080 γῆν.
2440 1007 2579 1062 Ἀλλ’
2606 1006 2651 1059 ὣ
2698 1005 2779 1067 τίς
2818 1006 2879 1057 ὲκ
2922 1003 3094 1072 μέσης
3147 999 3250 1067 τῆς
3290 994 3614 1086 οίκουμενης
3640 991 3736 1043 τὸν

2159 1097 2268 1150 τῶν
2295 1095 2530 1164 Μουσῶν
2560 1094 2887 1164 ἀφήρπασεν
2931 1087 3245 1150 Ἐλικῶνα;
3283 1084 3367 1146 τίς
3393 1083 3486 1134 τὸν
3507 1081 3612 1148 ’τῆς
3640 1096 3736 1131 σο-

2164 1187 2296 1256 φίας
2349 1188 2662 1255 κατέχωσε-,ι
2698 1182 3019 1251 Ὄλυμπονς
3061 1178 3143 1241 τίς
3175 1176 3266 1229 τὸν
3312 1174 3502 1243 λύχνον
3542 1171 3733 1224 ἔσϐεσε

2159 1280 2253 1333 τὸν
2290 1279 2593 1347 φωτίζοντα
2624 1277 2751 1337 τοὺς
2787 1275 2944 1344 ήμῶν
2966 1271 3063 1341 τῆς
3093 1270 3274 1339 ψυχῆς
3302 1264 3611 1335 ὀφθαλμοὺς
3641 1264 3740 1316 καὶ

2160 1372 2343 1434 καλῶς
2383 1371 2540 1440 ἡμῶν
2579 1370 2639 1421 το
2668 1367 2762 1421 τοῦ
2792 1368 2883 1419 νοῦ
2927 1364 3268 1428 διανοίγοντα
3310 1359 3610 1429 βλέφαρονς
3655 1356 3743 1419 τίς

2157 1464 2257 1535 τὴν
2288 1464 2484 1535 τέχνην
2509 1461 2621 1514 τῶν
2648 1459 2857 1530 τεχνῶν
2881 1459 2976 1511 καὶ
3004 1456 3103 1525 τὴν
3131 1454 3241 1507 τῶν
3271 1450 3594 1519 ἐπιστημῶν
3617 1450 3745 1500 ὲπι-

2161 1556 2376 1622 στήμην
2423 1551 2735 1621 διέφθειρε;
2789 1548 2874 1611 τίς
2909 1546 3000 1599 τὸν
3045 1544 3295 1613 οὐράνιον
3343 1538 3631 1609 ἄνθρωπον
3660 1537 3746 1599 εἰς

2161 1645 2286 1715 ᾇδου
2318 1643 2600 1712 πυθμένας
2632 1644 2939 1709 κατήνεγκε
2972 1654 2987 1703 ;
3024 1637 3198 1689 Πάλαι
3241 1650 3305 1701 γε
3346 1632 3506 1704 μὴνή
3550 1627 3747 1690 Ἑλλὰς

472 1748 637 1810 rium,
664 1762 813 1800 nunc
839 1757 981 1801 terra
997 1757 1052 1800 et
1083 1745 1315 1800 interitu
1347 1761 1669 1815 oppressum
1697 1762 1803 1799 una
1823 1760 2057 1802 vestram

2164 1738 2266 1803 τὴν
2299 1736 2410 1789 τῶν
2442 1735 2621 1802 λόγων
2649 1732 2836 1786 ἑστίαν
2866 1731 3138 1800 ὲθρήνησε
3168 1726 3267 1788 τὰς
3309 1724 3562 1792 Ἀθήνας,
3589 1718 3744 1773 ὁπότ’

471 1849 691 1904 quoque
749 1835 978 1905 gloriam
1019 1835 1316 1903 depressit.
1381 1833 1481 1888 llic
1520 1833 1657 1900 fuit,
1717 1835 1812 1905 qui
1869 1851 2062 1889 omnes

471 1941 610 1980 voce
648 1925 945 1995 pbilosoph
959 1938 1022 1979 os
1059 1932 1353 1994 superaret
1382 1933 1438 1979 et
1466 1934 1734 1988 oratores,
1769 1939 1908 1994 quos
1940 1939 2062 1978 om-

472 2026 563 2081 nia
592 2030 794 2081 sazcula
815 2025 1103 2081 celebrant
1129 2042 1143 2080 :
1179 2025 1430 2104 sedhéu,
1453 2027 1599 2094 jacet
1624 2027 1735 2097 jam
1762 2028 1817 2080 in
1836 2025 2064 2093 pulvere

470 2127 528 2173 et
568 2119 781 2174 tumulo
823 2118 1166 2189 niutus.llic
1217 2115 1323 2173 fuit
1349 2158 1365 2184 ,
1421 2117 1516 2188 qui
1570 2129 1755 2173 mente
1789 2127 1847 2174 et
1877 2119 2062 2189 lingua

471 2210 645 2266 caelos
690 2220 748 2266 et
792 2219 968 2266 terras
998 2209 1370 2277 dimetiretur,
1407 2210 1604 2280 quovis
1639 2209 2060 2280 perpendiculo,

472 2305 669 2372 quavis
712 2303 921 2356 amussi
957 2301 1163 2356 rectius
1189 2340 1207 2369 ,
1265 2316 1414 2357 nunc
1481 2316 1613 2356 vero
1657 2292 1801 2370 lapis
1827 2301 2062 2371 exiguus

468 2409 599 2448 eum
653 2393 962 2448 dimetitur.
1010 2393 1114 2447 Hic
1147 2392 1253 2447 fuit
1295 2408 1618 2462 magnorum
1648 2392 1771 2448 (ιωίί
1815 2404 1874 2446 et
1904 2402 2061 2447 teme

471 2489 825 2545 horizontum
876 2498 933 2542 et
984 2487 1375 2558 parallelorum
1423 2485 1628 2555 optima
1683 2486 1920 2556 dioptra,
1969 2485 2060 2540 hic

384 2593 392 2601 '
471 2581 717 2650 Optimus
771 2590 826 2633 et
883 2587 1082 2648 sponte
1127 2586 1294 2632 natus
1339 2577 1719 2646 horoscopus;
1755 2576 1850 2631 sed
1911 2591 2058 2632 nunc

469 2689 598 2729 eum
626 2679 753 2727 ante
787 2680 1024 2739 tempus,
1054 2674 1088 2724 υ
1119 2671 1395 2726 miseriam
1424 2710 1439 2734 ,
1479 2670 1662 2725 brevis
1686 2670 1913 2725 horizon
1949 2680 2060 2725 ter-

469 2777 546 2817 rae
586 2760 1000 2830 complectitur.
1048 2759 1148 2814 llic
1180 2758 1327 2822 fuit,
1376 2757 1473 2829 qui
1507 2773 1761 2829 magnum
1792 2758 2058 2828 impendit

469 2858 738 2921 studium,
772 2873 840 2912 ne
872 2856 926 2910 in
959 2864 1239 2927 posterum
1279 2854 1454 2911 Graeci
1486 2857 1690 2910 eruditi
1741 2856 1795 2910 in
1831 2855 2056 2927 judiclis

466 2966 720 3013 veterum
757 2956 1070 3024 sapientum
1115 2952 1614 3007 hallucinarentnr.
1668 2952 1769 3007 Hic
1792 2952 1925 3016 fuit,
1960 2953 2054 3022 qui

470 3046 956 3118 contemplatricis
1000 3046 1245 3100 siderum
1295 3044 1577 3115 sapientia:
1610 3044 1899 3099 scientiam
1926 3044 2061 3100 faci-

472 3143 584 3196 lem
625 3138 954 3194 reddiderit.
991 3137 1092 3192 llic
1144 3136 1279 3201 fuit,
1333 3136 1428 3206 qui
1466 3136 1829 3191 Aristotelicaa
1861 3136 2062 3206 lingua:

467 3232 821 3305 labyrinthos
872 3230 1194 3292 extricarit,
1244 3241 1299 3284 at
1343 3245 1492 3284 nunc
1553 3229 1774 3284 obscuri
1803 3216 2060 3300 ‘sepulcri

468 3325 779 3399 labyrinthi
814 3324 1018 3379 acerbe
1037 3325 1181 3379 circa
1214 3339 1341 3378 eum
1377 3321 1729 3377 intricantur.
1779 3321 1879 3377 llic
1921 3323 2061 3392 opti-

469 3435 573 3476 ma!
613 3419 966 3475 verecundiae
988 3426 1045 3472 et
1063 3416 1349 3472 modestiae
1380 3415 1566 3485 regula
1591 3434 1605 3483 ;
1631 3414 1725 3470 sed
1758 3430 1904 3469 nunc
1931 3429 2059 3470 eum

469 3529 622 3569 mors
658 3513 1011 3583 impudenter
1047 3509 1379 3581 amputavit.
1426 3509 1568 3571 lleu,
1608 3523 1719 3578 quo
1741 3521 1897 3577 pacto
1926 3516 2061 3562 tem-

470 3623 578 3679 pus
608 3607 713 3662 hoc
745 3606 909 3677 paulo
940 3615 1226 3660 momento
1255 3612 1585 3659 vetustatem
1615 3617 1831 3657 omnem
1859 3602 2061 3656 lamen-

469 3697 771 3752 tati0nihus
806 3697 939 3750 vicit
974 3712 987 3749 ι
1022 3694 1169 3766 quod
1216 3685 1345 3765 post
1406 3694 1579 3747 multa
1610 3692 1743 3747 solis
1781 3692 2058 3747 curricula

471 3800 684 3845 tantum
739 3789 1063 3844 detrimenti
1126 3766 1401 3841 universae
1447 3795 1659 3840 natura:
1701 3787 1954 3840 humanae
2002 3785 2058 3838 in

471 3885 619 3938 hunc
651 3897 825 3952 usque
860 3881 1006 3935 diem
1041 3880 1250 3935 inferre
1281 3896 1389 3934 nou
1430 3879 1596 3951 479
1623 3882 1819 3948 potuit,
1871 3887 2059 3931 nostra

473 3987 604 4027 vero
645 3979 806 4026 aetate
843 3969 1101 4024 facillime
1134 3969 1335 4039 potuit.
1369 3967 1497 4022 Heri
1550 3968 1698 4023 enim
1739 3966 1971 4020 maxima
2003 3975 2058 4020 et

472 4063 845 4135 pulcherrima
904 4062 1049 4115 bona
1082 4060 1368 4130 abripuit;
1432 4076 1498 4115 ea
1553 4074 1687 4114 vero
1725 4075 1847 4129 quae
1882 4068 2057 4112 resta-

471 4155 604 4208 lzant
633 4152 797 4206 hodie
842 4166 1125 4206 reversum
1157 4150 1324 4204 etiam
1366 4149 1595 4203 ademit.
1615 4148 1743 4202 lleri
1786 4158 1944 4202 terra:
1965 4161 2056 4200 so-

471 4249 577 4303 lem
604 4257 764 4301 terra:
801 4244 1109 4298 visceribus
1143 4241 1465 4307 occultavit,
1498 4255 1647 4294 nunc
1679 4239 1843 4292 etiam
1889 4238 2056 4292 Luci-

471 4342 649 4396 ferum
678 4338 841 4393 simul
873 4336 1190 4392 occultavit.
1234 4335 1362 4388 lleri
1414 4334 1678 4388 musicam
1711 4331 2052 4386 harmoniam

473 4431 722 4491 abstulit.
759 4429 923 4484 hodie
955 4427 1239 4497 magadem
1276 4436 1331 4480 et
1362 4424 1649 4480 nervos.0
1678 4424 1955 4494 quomodo
1979 4424 2044 4487 is,
2086 4402 2133 4460 Ῑ)
2160 4401 2391 4497 ἀρίστης

471 4524 764 4595 quiell'ccit
787 4533 847 4578 ut
876 4523 1024 4588 caeli,
1048 4519 1443 4591 quilongojam
1479 4529 1722 4588 tempore
1740 4513 2045 4584 tacueraiit,

472 4616 567 4671 Dei
624 4615 852 4686 gloriam
888 4622 1250 4677 enarrarent,
1296 4628 1443 4667 nunc
1495 4611 1612 4681 ipse
1674 4611 1727 4664 in
1795 4608 2047 4679 sepulcro

473 4706 664 4762 tacet?
705 4706 844 4771 lleu,
898 4702 1178 4774 quomodo
1213 4703 1329 4773 ipse
1368 4708 1620 4757 mortuus
1650 4710 1814 4768 atque
1855 4699 2051 4752 immo-

471 4811 561 4853 tus
589 4800 868 4853 viventem
900 4811 952 4852 et
987 4795 1243 4850 mobilem
1284 4795 1487 4849 misero
1519 4793 1652 4847 mihi
1692 4793 1941 4846 dolorem
1975 4791 2052 4845 fa-

471 4892 577 4956 cit;
612 4890 706 4960 qui
766 4898 882 4943 toto
916 4889 1006 4944 die
1063 4903 1158 4942 cor
1202 4901 1384 4940 meum
1425 4885 1623 4955 quovis
1669 4900 1801 4938 ense
1836 4884 2052 4938 acutius

472 4966 727 5052 penetrat
759 4996 822 5035 ac
855 4980 1040 5049 potius
1073 4990 1217 5034 totas
1248 4986 1468 5042 noctes,
1505 4976 1547 5031 si
1587 4977 1731 5045 quod
1766 4976 1944 5045 majus
1968 4984 2052 5029 est

473 5072 582 5127 dici
615 5071 823 5125 debet?
857 5069 1105 5125 Interdiu
1133 5071 1281 5124 enim
1324 5082 1379 5122 et
1409 5067 1759 5121 familiarium
1791 5080 2053 5135 congres-

472 5178 568 5218 sus
597 5162 803 5225 crebri,
852 5170 908 5214 et
939 5161 1063 5214 coeli
1107 5176 1170 5214 ac
1204 5170 1362 5213 terra:
1389 5200 1402 5224 ,
1460 5171 1763 5225 eorumque
1818 5171 1935 5224 quae
1970 5155 2056 5209 his

476 5257 856 5319 continentur,
894 5254 1245 5322 pulchritudo
1297 5251 1525 5305 forsitan
1561 5265 1589 5303 a
1625 5249 1813 5303 dolore
1860 5248 2058 5302 nonni-

475 5344 555 5398 hil
601 5354 863 5398 avertuut
899 5354 1064 5412 atque
1128 5342 1408 5412 paulisper
1441 5340 1771 5394 abstrahunt
1815 5341 2057 5395 animum

479 5447 771 5502 nostrum;
808 5445 971 5490 noctu
1013 5451 1143 5489 vero
1201 5450 1326 5487 cum
1380 5433 1544 5486 datur
1577 5436 1773 5497 otium,
1830 5447 1932 5486 nec
1976 5442 2061 5485 est

478 5528 624 5598 quod
653 5528 977 5597 prohibeat,
1017 5540 1208 5579 omnes
1239 5525 1612 5577 calamitatum
1647 5521 1867 5575 dolores
1898 5521 2060 5575 simul

478 5621 738 5687 irruunt;
792 5631 846 5675 et
890 5628 1110 5689 pectore
1135 5634 1197 5671 ac
1226 5616 1489 5671 memoria
1529 5630 1647 5670 mea
1678 5625 1961 5685 occupata,
2004 5625 2063 5667 ut

487 5714 567 5767 eri
607 5730 772 5768 canes
817 5714 1073 5777 cadaver,
1112 5711 1224 5767 huc
1267 5721 1432 5779 atque
1480 5710 1610 5763 illuc
1665 5708 2064 5763 distrahuntac

2166 1826 2467 1888 ἐπιϐούλως
2498 1823 2723 1894 δραμὼν
2766 1822 3015 1875 καθεῖλεν
3043 1817 3210 1879 αὑτὰς
3248 1818 3275 1869 6
3315 1811 3746 1883 Λακεδαιμόνιος

2162 1919 2498 1988 Λύσανδρος.
2539 1915 2731 1987 Ἦμεῖς
2760 1915 2804 1968 δ’
2836 1912 2943 1967 οὐδ’
2984 1912 3152 1979 ἀξίως
3181 1908 3400 1978 θρηνεῖν
3425 1906 3622 1976 ἔχομεν
3646 1905 3750 1975 σή-

2166 2023 2335 2078 μερον
2381 2006 2511 2069 ὅλας
2565 2003 2824 2067 Ἐλλάδας
2870 2004 3064 2065 αὑταῖς
3111 2000 3366 2069 Ἀθήναις
3407 1994 3750 2064 συγκαταδύσι

2165 2116 2284 2161 σας.
2318 2099 2506 2151 Πάντα
2535 2097 2645 2169 γὰρ
2682 2090 2763 2159 εἷς
2801 2095 2942 2165 ἀνὴρ
2979 2090 3136 2157 οὗτος
3176 2090 3265 2163 ἦν.
3297 2087 3370 2143 Ὦ
3410 2088 3622 2144 Μοῦσαι
3646 2087 3748 2143 καὶ

2162 2192 2311 2261 λόγοι
2344 2191 2438 2246 καὶ
2466 2191 2660 2263 ἀρεταὶ
2712 2191 2808 2242 καὶ
2860 2189 3013 2241 πᾶσα
3064 2186 3305 2252 παιδεία,
3338 2183 3455 2247 πῶς
3480 2183 3550 2236 τά
3578 2181 3750 2253 κρίνα

2162 2286 2376 2355 ταχέως
2425 2282 2625 2338 οὑτωσί
2669 2299 2787 2345 πως
2823 2278 3172 2351 ὲμιμήσασθε
3219 2278 3313 2332 τοῦ
3348 2275 3541 2348 ἀγροῦ,
3574 2275 3746 2341 ὀξέως

2166 2378 2266 2446 μὲν
2305 2376 2442 2447 πρὸς
2478 2374 2613 2443 ὕψος
2641 2375 2736 2425 καὶ
2766 2371 2964 2434 κάλλος
3008 2369 3266 2440 ἀρθέντα,
3296 2367 3550 2437 ὀξύτερον
3595 2365 3642 2417 δ’
3673 2363 3745 2419 αὖ

2164 2468 2475 2522 καταδύντα
2491 2468 2632 2539 πρὸς
2666 2463 2957 2537 μαρασμδν
2986 2464 3083 2516 καὶ
3109 2461 3336 2531 φθοράνς
3368 2461 3441 2513 T6
3460 2459 3568 2529 γὰρ
3598 2459 3746 2513 θεῖον

2163 2559 2320 2629 ὑμῶν
2345 2560 2669 2628 ἀνάκτορον,
2701 2557 2765 2609 τὸ
2797 2556 2941 2626 μέγα
2970 2554 3068 2608 καὶ
3110 2553 3442 2624 περιϐόητον
3477 2550 3635 2620 ὑμῶν
3659 2552 3749 2603 ὲν-

2160 2653 2424 2722 διαίτημα
2455 2651 2560 2706 ὑπὸ
2584 2652 2688 2719 γῆν
2737 2651 2834 2703 καὶ
2869 2648 3079 2718 φθορὰν
3110 2646 3207 2701 νῦν
3257 2644 3534 2699 κατελθὼν
3562 2644 3657 2697 κοιλ⁸
3680 2644 3745 2697 τὸ

2162 2748 2428 2817 ὑμέτερον
2471 2743 2861 2813 συγκατᾶχωσε
2899 2741 3116 2803 κάλλος.
3151 2731 3325 2802 Οὗτος
3356 2733 3426 2809 ἦν
3456 2739 3484 2791 6
3530 2737 3744 2800 πάντας

2161 2838 2569 2909 ὑπερφωνήσας
2619 2835 2948 2904 φιλοσόφους
2983 2832 3079 2886 καὶ
3136 2832 3395 2902 ῥήτορας,
3439 2828 3677 2892 ὁπόσους
3716 2828 3745 2880 6

2165 2908 2375 3002 μακρὸς
2402 2928 2614 2999 ὕμνησε
2642 2927 2833 2998 χρόνος
2853 2942 2868 2957 ⁸
2901 2908 3017 2978 ἀλλ’
3055 2924 3202 2993 οἴμοι
3231 2924 3410 2977 κεῖται
3438 2920 3539 2974 νῦν
3569 2923 3628 2973 ἐν
3656 2921 3747 2974 κό-

2164 3036 2245 3071 νει
2278 3018 2372 3072 καὶ
2399 3016 2653 3088 χώμασιν
2689 3017 2927 3084 ἄφωνος.
2980 3006 3150 3076 Οὗτος
3194 3008 3264 3082 ἦν
3295 3014 3323 3064 6
3351 3009 3429 3080 τῷ
3458 3009 3535 3078 νῷ
3557 3009 3656 3062 καὶ
3676 3011 3745 3079 τῇ

2164 3100 2380 3184 γλώττῃ
2414 3108 2724 3179 διαμετρῶν
2779 3108 3011 3179 οὐρανὸν
3044 3109 3140 3160 καὶ
3178 3105 3418 3174 ἀστέρας
3469 3103 3678 3173 βέλτιον
3710 3102 3745 3172 ἢ

2164 3204 2306 3258 κατὰ
2356 3203 2534 3255 πάντα
2564 3199 2768 3254 κανόνα
2815 3201 2909 3252 καὶ
2945 3197 3195 3265 στάθμην
3221 3196 3570 3265 ἀνθρώπων·
3608 3193 3749 3246 ἀλλά

2162 3291 2259 3347 νῦν
2296 3292 2503 3363 βραχὺς
2539 3289 2703 3343 αὐτὸν
2733 3289 3062 3357 διεμέτρησε
3090 3286 3255 3347 λίθος.
3277 3278 3448 3347 Οὗτος
3474 3279 3547 3354 ἦν
3575 3285 3613 3355 ἠ
3639 3283 3749 3335 τῶν

2164 3386 2420 3457 μεγάλων
2440 3380 2673 3452 οὐρανοῦ
2701 3381 2794 3433 καὶ
2816 3382 2916 3449 γῆς
2940 3377 3234 3450 ὁριζόντων
3258 3376 3352 3431 καὶ
3375 3374 3749 3446 παραλλήλων

2164 3480 2365 3551 ἀρίστη
2410 3478 2663 3543 διόπτρα,
2710 3490 2867 3535 ουτος
2913 3474 2943 3525 6
2991 3471 3284 3541 κράτιστος
3327 3470 3422 3522 καὶ
3466 3466 3747 3535 αὐτοφυὴς

2161 3571 2481 3643 ὡροσκόπος
2507 3587 2520 3601 ’
2551 3567 2690 3623 ἀλλὰ
2720 3568 2814 3620 νῦν
2846 3566 3008 3618 αὑτὸν
3038 3564 3133 3617 καὶ
3174 3562 3279 3632 πρὸ
3311 3561 3409 3630 τῆς
3441 3559 3616 3630 ὥρας.
3642 3556 3745 3627 φεῦ

2161 3663 2256 3717 τοῦ
2290 3661 2486 3725 δεινοῦ,
2513 3661 2718 3732 βραχὺς
2754 3659 2955 3729 ὁρίζων
2982 3657 3081 3725 τῆς
3107 3657 3209 3724 γῆς
3243 3652 3612 3725 περιείληφεν.
3642 3652 3748 3703 Ου-

2160 3773 2248 3815 τος
2279 3751 2348 3826 ἦν
2382 3757 2411 3808 6
2441 3752 2642 3826 πολλὴν
2673 3749 3049 3819 ἐνδειξάμενος
3081 3748 3342 3816 πρόνοιαν
3372 3740 3487 3798 τῶν
3508 3743 3635 3811 ἑξῆς
3659 3741 3751 3793 ὲ).-

2159 3822 2404 3916 λογίμων
2436 3822 2732 3914 Ἑλλήνων,
2764 3843 2841 3904 ὡς
2892 3840 2966 3911 μὴ
2999 3837 3454 3892 διακινδυνεύοιεν
3488 3834 3617 3903 περὶ
3643 3832 3748 3894 τάς

2159 3942 2372 4009 κρίσεις
2417 3927 2526 3989 τῖὓν
2575 3936 2745 3988 πάλαι
2781 3934 2962 4001 σοφῶν
2987 3948 3001 3962 ·
3058 3924 3213 3990 οὗτος
3241 3931 3269 3983 6
3302 3928 3490 4000 ῥᾳδίαν
3519 3925 3617 3995 τὴν
3642 3925 3748 3993 τῆς

2160 4029 2598 4098 ὰστροθεάμονος
2631 4027 2944 4095 ἐπιστήμης
2973 4024 3168 4092 σοφίαν
3199 4017 3542 4089 πεποιηκώς
3586 4010 3747 4079 οὗτος

2157 4124 2186 4176 6
2207 4123 2303 4194 τῆς
2334 4118 2775 4192 Ἀριστοτελικῆς
2798 4117 3047 4187 γλώττης
3068 4117 3166 4178 τὰς
3190 4112 3546 4183 λαϐυρίνθους
3563 4110 3750 4164 ἀπλώ-

2161 4231 2287 4279 σας·
2335 4213 2471 4268 ἀλλὰ
2501 4213 2595 4265 νῦν
2640 4213 2696 4264 αἱ
2750 4209 3015 4278 ζοφώδεις
3065 4207 3157 4261 τοῦ
3215 4207 3389 4275 τάφου
3423 4201 3746 4274 λαϐύρινθοι

2159 4307 2374 4377 πικρῶς
2408 4304 2543 4377 περῖ
2591 4306 2755 4359 αὐτὸν
2805 4302 2909 4373 φεῦ
2955 4302 3346 4367 ὲξελίσσονται.
3369 4291 3537 4361 Οὗτος
3578 4300 3610 4351 6
3648 4297 3749 4366 τῆς

2443 4399 2625 4461 αίδοῦς
2662 4400 2758 4452 καὶ
2806 4399 2906 4467 τῆς
2960 4398 3320 4468 σωφροσύνης
3365 4393 3581 4447 κανών·
3609 4391 3747 4444 ἀλλὰ

2156 4492 2251 4544 νῦν
2297 4492 2462 4544 αὑτὸν
2492 4494 2519 4544 6
2548 4491 2778 4553 θάνατος
2824 4489 3060 4550 ἀναιδῶς
3110 4487 3336 4557 ἐξέτεμε
3388 4485 3642 4555 δραμών.
3677 4483 3748 4535 Ὠ

2158 4583 2278 4647 πῶς
2312 4586 2340 4636 6
2377 4582 2571 4652 παρὼν
2611 4577 2766 4645 οὗτος
2798 4582 2989 4653 χρόνος
3019 4583 3075 4633 ἐν
3103 4579 3294 4650 βραχεῖ
3314 4579 3523 4639 πάντας
3547 4575 3759 4652 ἀθρόον

2156 4678 2281 4738 τοὺς
2313 4676 2487 4728 πάλαι
2522 4675 2611 4747 [Ρ.
2647 4674 2775 4745 294]
2809 4674 3037 4744 χρόνους
3066 4676 3178 4734 τοῖς
3211 4672 3433 4741 θρήνοις
3462 4667 3749 4737 νενίκηκε;

2159 4770 2394 4834 Πολλοὺς
2422 4773 2529 4840 γὰρ
2562 4769 2804 4839 ἀμείψας
2850 4768 3032 4837 ἡλίους
3074 4767 3343 4835 τοσαύτην
3390 4763 3596 4833 ζημίαν
3624 4760 3756 4814 καθ’

2157 4865 2284 4935 ὅλης
2312 4864 2409 4934 τῆς
2444 4864 2794 4933 ἀνθρωπίνης
2836 4863 3154 4928 ἐπενεγκεῖν
3201 4860 3418 4928 φύσεως
3455 4859 3619 4929 μέχρι
3646 4858 3747 4910 νῦν

2157 4959 2217 5009 οὐ
2246 4957 2528 5026 δεδύνηται
2559 4971 2571 4983 ·
2602 4957 2697 5007 νῦν
2721 4955 2763 5005 δ’
2789 4954 2872 5022 ἐφ’
2897 4954 3050 5023 ἡμῶν
3078 4952 3251 5022 ῥᾷστα
3270 4950 3576 5019 δεδύνηται.
3606 4949 3754 5010 Χθὲς

2166 5052 2264 5121 μὲν
2294 5051 2402 5120 γὰρ
2440 5050 2508 5101 τὰ
2546 5047 2739 5116 πρῶτα
2792 5047 2886 5099 καὶ
2937 5046 3174 5114 μέγιστα
3222 5043 3331 5096 τῶν
3364 5043 3543 5096 καλῶν
3574 5041 3756 5094 ἐλθὼν

2163 5143 2435 5210 ἀφείλετο·
2472 5142 2538 5194 τὰ
2569 5141 2625 5193 δὲ
2653 5140 2951 5230 λεὶπὸμενα
2976 5139 3213 5208 σήμερον
3240 5133 3553 5189 επανελθὼν
3579 5146 3761 5203 προσ-

2166 5235 2440 5304 αφείλετο.
2475 5234 2616 5297 Χυες
2664 5223 2756 5284 τὸν
2806 5236 2905 5300 τῆς
2958 5231 3062 5299 γῆς
3112 5229 3267 5296 ἥλιον
3314 5227 3416 5296 γῆς
3470 5223 3759 5292 πυθμέσιν

2166 5329 2487 5399 ἀπέκρυψε·
2525 5327 2618 5379 νῦν
2665 5328 2720 5380 δὲ
2762 5325 2855 5378 καὶ
2894 5326 2983 5376 τὸν
3019 5322 3296 5392 ἑωσφόρον
3325 5318 3460 5388 ὁμοῦ
3511 5316 3755 5370 συναπέο

2168 5422 2365 5493 κρύψε.
2400 5421 2538 5483 Χθὲς
2567 5418 2664 5489 τὴν
2702 5406 2942 5488 μυσικὴν
2975 5418 3183 5468 ἀνεῖλεν
3228 5412 3498 5484 ἁρμοιίαν
3522 5428 3536 5441 ο
3568 5408 3757 5491 σήμεέ

2174 5531 2263 5583 ρον
2289 5516 2393 5584 ’τὴν
2423 5512 2640 5583 μαγάδι
2678 5512 2892 5572 καὶτὰς
2919 5510 3136 5576 νευράς.
3176 5507 3238 5558 Ὢ
3267 5507 3381 5566 πῶς
3408 5505 3436 5555 6
3476 5502 3757 5568 σιγῶντας

2170 5608 2295 5670 τοὺς
2344 5605 2607 5677 οὗρανοὺς
2647 5602 2896 5672 εὑρηκὼς
2930 5604 2993 5653 ἐκ
3025 5598 3246 5663 πολλοῦ,
3286 5598 3479 5649 ἔπειτα
3518 5594 3620 5662 τὴν
3655 5593 3759 5644 τοῦ

2172 5702 2307 5756 Θεοῦ
2338 5701 2644 5773 διηγεῖσθαι
2675 5700 2848 5783 δόξαν.
2881 5698 3043 5761 αὐτὸς
3083 5688 3540 5763 παρεσκευακὼς,
3569 5688 3667 5741 νῦν
3696 5693 3759 5741 ἐν
