3966 6210
233 214 347 277 685
491 208 566 279 [Δ.
598 223 654 261 c.
699 190 834 260 t3~28
871 220 934 259 AD
978 168 1136 276 tati]

1281 205 1725 267 ΒΥΖΑΝΤΙΝΕ
1766 203 2152 266 ΠΙΞΤΟΒΗΕ
2197 207 2344 267 LIB.
2391 205 2459 268 Χ.

2590 196 2721 267 [tnta
2766 212 3022 251 ASMMXIC
3074 195 3214 267 tum]

3381 200 3491 261 686

232 326 522 397 Σαλαμῖνα
558 326 763 387 στενοῖς
792 323 891 393 τὴν
920 322 1031 376 τῶν
1069 321 1299 390 Περσῶν
1328 320 1704 376 κατεϐάπτισε
1724 319 1815 373 δύ-

1936 321 2429 380 l.acca:monlnrunt
2468 320 3090 384 ροιιίοε,τι‹111;ι1ῐίιι·ιυιη
3137 324 3195 370 et
3242 314 3308 369 ad
3348 312 3487 368 ιερυ·

231 431 436 487 ναμιν·
479 414 575 468 καὶ
620 415 761 485 μετὰ
807 413 999 466 τοίτον
1035 414 1063 465 6
1099 412 1335 482 Θηϐαῖος
1371 407 1528 474 αὖθις
1564 409 1653 482 [Ρ.
1681 405 1813 477 299]

244 506 695 577 Ἐπαμεινώνδας
744 504 825 569 δὶς
848 504 947 575 τὴν
985 502 1250 572 μεγίστην
1300 500 1522 571 ἐκείνην
1555 498 1813 566 Σπάρτης

231 602 497 669 νενίκηκε
527 597 762 668 δύναμιν
822 594 962 667 μετὰ
995 593 1344 665 βραχυτέρας
1381 589 1563 662 πολλῷ
1594 588 1722 661 περί
1750 604 1811 640 τε

239 692 538 763 ’Δλίαρτον
567 689 659 743 καὶ
679 688 882 751 τόπους
910 687 1289 758 Δευκτρικούς
1309 700 1324 715 ·
1365 685 1454 738 ὅτε
1484 682 1548 754 δὴ
1578 686 1675 736 καὶ
1705 681 1814 735 Λύσ-

234 774 469 853 ανδρον
506 779 793 834 ἀπώλεσεν
814 780 847 848 ἡ
879 777 1111 849 Σπάρτη
1140 776 1237 830 καὶ
1284 775 1380 840 ξὺν
1416 772 1658 845 ἀκοσμίᾳ
1682 773 1816 841 φεύ-

231 893 406 944 γοντα
435 874 527 927 τὸν
552 873 722 926 πολὺν
749 871 969 936 ἐδέξατο
1005 869 1334 939 ’Δγησίλαον
1359 869 1454 921 καὶ
1472 866 1684 920 καπνὸν
1714 866 1815 936 ἤδη

232 968 327 1020 διὰ
365 965 581 1037 μακροῦ
610 954 863 1019 τεθέαται
902 967 1061 1034 παρὰ
1081 963 1176 1017 τὸν
1207 962 1471 1034 Εὐρώταν
1496 959 1810 1030 πολέμιον.»

310 1058 391 1111 E'.
428 1059 634 1122 Πάντες
670 1053 884 1127 μὲνοῦν
920 1056 1190 1127 γενναίως
1223 1056 1318 1109 καὶ
1356 1054 1665 1124 εὐρώστως,
1692 1053 1817 1106 ὅσον

233 1150 394 1217 ἐξῆν,
425 1150 520 1202 καὶ
547 1148 899 1218 παραϐόλους
924 1148 1146 1217 ἀγῶνας
1175 1145 1571 1215 ἀγωνιζόμενοι
1595 1143 1818 1216 βαρείας

234 1247 340 1296 καὶ
382 1241 627 1309 ἀφειδεῖς
673 1240 999 1310 φονευτρίας
1033 1241 1148 1302 τοῖς
1192 1236 1478 1309 πολεμίοις
1506 1236 1833 1306 ἐπήνεγκαν

234 1336 467 1404 χεῖρας·
501 1334 737 1402 μάλιστα
785 1331 845 1385 δὲ
898 1331 1118 1385 πάντων
1168 1333 1195 1384 ό
1224 1329 1397 1402 μέγας
1446 1327 1820 1399 δομὲστικοςό

240 1427 737 1496 Καντακουζηνόςο
791 1426 849 1488 ὃς
900 1424 1072 1479 πολλὰ
1101 1425 1201 1493 μὲν
1253 1422 1548 1493 δεξάμενος
1584 1420 1822 1492 πολέμια

236 1522 398 1592 ξίφη,
429 1522 629 1585 πολλὰς
654 1521 710 1574 δὲ
765 1521 1010 1591 δοράτων
1049 1520 1210 1590 βολὰς
1241 1518 1336 1573 καὶ
1366 1510 1624 1588 ὡθήσεις,
1656 1515 1822 1578 αὐτὸς

240 1617 352 1677 μὲν
385 1613 675 1676 πλείστους
702 1613 810 1667 τῶν
837 1612 1112 1682 πολεμίων
1143 1609 1485 1682 κατήνεγκεν
1506 1624 1522 1641 '
1546 1608 1575 1660 6
1602 1606 1660 1662 at
1693 1606 1820 1679 μήτ’

1923 418 2041 464 ctra
2073 412 2283 467 viribus
2310 413 2480 468 multo
2511 410 2866 468 inferioribus
2909 408 3128 477 adjutus
3177 405 3486 459 devicerit:

1922 515 2032 571 quo
2067 510 2311 573 tempore
2344 503 2687 575 Lysandrum
2720 502 2887 557 etiam
2941 499 3134 570 Sparta
3170 497 3308 551 amis
3336 506 3353 550 t
3377 534 3392 556 ,
3437 502 3494 548 et

1924 608 2053 647 cum
2115 594 2356 648 maximo
2416 595 2621 665 probro
2674 607 2930 663 magnum
2956 591 3118 667 illum
3176 587 3491 659 Agesilaum

1930 683 2236 755 fugientem
2266 686 2508 756 recepit:
2565 700 2629 741 ac
2657 684 2877 738 tandem
2904 720 2920 744 .
2952 685 3098 751 quod
3157 679 3344 733 multis
3386 694 3492 732 sa:-

1927 776 2068 831 culis
2101 777 2308 832 factum
2370 792 2480 832 non
2512 786 2653 844 erat,
2685 775 2940 831 hostilem
2968 773 3176 828 [unum
3211 772 3280 828 ad
3317 774 3494 827 Euro-

1924 875 2036 922 tam
2065 866 2223 922 Vidit.
2264 885 2286 918 ι

1999 1059 2066 1115 ν.
2123 1060 2235 1116 Hac
2293 1060 2542 1117 oratione
2586 1061 2900 1117 conﬁrmati
2938 1076 3131 1136 omnes
3171 1070 3394 1114 strenuo
3432 1075 3495 1113 ae

1936 1150 2174 1211 fortiter.
2237 1162 2501 1227 quantum
2562 1150 2618 1206 in
2662 1153 2795 1222 ipsis
2825 1160 2970 1217 erat,
3022 1165 3257 1220 pugnant
3300 1151 3494 1207 ineunt

1936 1244 2179 1315 projeeta
2242 1243 2473 1298 audacia
2543 1252 2601 1297 et
2658 1242 2915 1299 hostibus
2962 1257 3160 1298 manus
3218 1242 3496 1299 incutiunt

1933 1335 2361 1417 violentissimas
2390 1373 2407 1398 ,
2471 1335 2732 1405 parcendi
2797 1334 3058 1390 videlicet
3108 1335 3323 1390 nescias
3353 1332 3500 1387 etin

1934 1425 2139 1484 caedem
2166 1427 2374 1481 eﬂ‘usas
2404 1444 2418 1481 :
2451 1427 2504 1480 in
2547 1426 2743 1496 primis
2786 1441 2920 1481 vero
2966 1441 3198 1495 magnus
3229 1425 3499 1480 domesti-
3574 1424 3588 1447 ’

1931 1532 2032 1573 cus
2076 1518 2533 1585 Cantacuzenus,
2580 1518 2677 1589 qui
2737 1519 2925 1573 multis
2980 1518 3252 1583 ensibus,
3310 1518 3497 1574 multis

1935 1610 2062 1665 telis
2089 1610 2329 1665 hostium
2366 1612 2575 1682 petitus
2608 1620 2773 1680 atque
2807 1610 3081 1691 impulsus
3127 1612 3244 1680 ipse
3271 1610 3495 1680 quidem

234 1706 449 1758 ἀσπίδα
512 1705 652 1776 μήτε
704 1704 860 1773 ξῗφος
911 1677 1207 1758 ἀποϐαλῶν
1254 1677 1477 1770 άπαθὴς
1505 1699 1597 1753 τὸν
1636 1677 1824 1767 ἀγῶνα

1936 1702 2204 1773 plurimos
2275 1677 2464 1758 hostes
2515 1677 2992 1772 prostravitavsed
3049 1677 3230 1772 neque
3281 1677 3495 1773 clypeo,

233 1797 521 1865 διήνυσεν,
557 1795 750 1865 ὥσπερ
777 1793 1187 1864 κεκολλημένος
1211 1795 1309 1848 καὶ
1331 1792 1610 1863 ἀκλόνητα
1654 1791 1823 1861 ἡδρα-

237 1888 447 1958 σμένος
476 1891 542 1958 τῇ
574 1886 831 1939 ἐπιϐάσει
886 1885 982 1940 τοῦ
1036 1887 1230 1941 ἵππου.
1280 1886 1391 1939 Καὶ
1416 1883 1667 1954 δεύτερος
1705 1881 1826 1954 μετ’

1927 1808 2109 1864 neque
2148 1792 2332 1863 gladio
2398 1792 2601 1847 amisso
2644 1792 2940 1849 incolumis
2977 1808 3009 1849 e
3062 1793 3253 1863 praelio
3292 1792 3492 1856 evasit,

1928 1886 2085 1942 velut
2122 1884 2495 1957 agglutinatns
2536 1884 2665 1954 equi
2725 1885 2890 1939 dorso
2921 1894 2978 1940 et
3015 1885 3314 1941 immobilis
3366 1885 3502 1940 insi-

237 1980 413 2033 αύτδν
453 1979 729 2049 λαμπρῶς
778 1978 1091 2048 ἠγωνίσατο
1138 1976 1605 2049 Πρωτοσέϐαστος
1653 1977 1681 2030 6
1729 1975 1825 2028 τοῦ

1936 1978 2087 2034 dens.
2137 1976 2425 2033 Secundus
2465 1977 2540 2031 illi
2585 1986 2812 2032 strenue
2839 1977 3125 2032 dimicavit
3171 1979 3502 2033 l‘rotoseba-

236 2072 533 2141 Καίσαρος
571 2070 670 2140 μὲν
727 2071 842 2133 υίὸς
871 2070 1012 2142 (δαί),
1050 2071 1270 2139 ἔγγονος
1318 2070 1378 2124 δὲ
1407 2067 1502 2123 τοῦ
1543 2068 1828 2140 Πορφυρος-

240 2167 536 2239 γεννήτου.
567 2154 739 2226 Οὗτός
788 2180 847 2216 τε
893 2163 1002 2232 γὰρ
1029 2162 1244 2224 πολλοῖς
1274 2162 1611 2232 περιπαρεὶς
1648 2160 1829 2231 βέλεσι

238 2258 343 2314 καὶ
376 2258 472 2309 τον
502 2256 670 2310 ῐππον
702 2255 849 2326 ὁρῶν
882 2253 1234 2327 πανταχόθεν
1268 2257 1384 2320 τοῖς
1412 2254 1703 2324 πολεμίοις
1730 2270 1832 2307 κα-

238 2348 660 2418 τακοπτόμενον
686 2349 920 2415 ξίφεσιν,
948 2347 1025 2412 ὡς
1056 2347 1262 2401 καὶτὸν
1290 2347 1392 2418 τῆς
1419 2347 1664 2417 κεφαλῆς
1699 2363 1833 2418 μυε-

231 2443 339 2497 λὸν
370 2441 467 2513 (ὡς
488 2440 688 2512 εἰπεῖν)
718 2442 831 2503 τοῖς
861 2438 1064 2507 ἔξωθεν
1101 2438 1361 2509 βλέπουσι
1385 2438 1673 2508 φαίνεσθαι
1704 2438 1829 2509 ήδη,

237 2538 396 2591 νῶτα
422 2538 533 2599 τοῖς
553 2534 775 2607 ἐχθροῖς
793 2535 893 2587 οὐκ
918 2532 1184 2603 ἠνέσχετο
1223 2530 1432 2586 δοῦναι.
1460 2530 1571 2583 Καὶ
1595 2532 1624 2583 6
1659 2529 1829 2595 ἵππος

236 2630 295 2682 δ’
327 2623 421 2691 αὖ,
448 2626 637 2697 ὥσπερ
682 2623 1262 2696 ἀντιφιλοτιμούμενος
1305 2622 1385 2694 τῷ
1417 2622 1674 2693 δεσπότῃ,
1722 2611 1835 2675 οὐδ’

239 2722 416 2784 αὐτος
445 2721 633 2771 πεσεῖν
678 2719 940 2789 ἠνέσχετο
973 2714 1265 2788 πρότερον,
1318 2716 1448 2784 πρὶν
1476 2712 1641 2769 αὐτὸν
1668 2712 1834 2768 ἑκϐα-

238 2815 367 2867 λεῖν
400 2810 497 2863 τοῦ
531 2808 771 2879 πολέμου
807 2809 903 2861 καὶ
944 2805 1127 2861 οἴκαδε
1156 2804 1443 2870 διασῶσαι,
1492 2805 1654 2859 κάκεῖ
1684 2803 1835 2876 παρὰ

239 2906 354 2968 τὰς
375 2902 471 2955 τοῦ
502 2901 762 2955 δεσπότου
793 2898 965 2970 θύρας
988 2897 1327 2970 ἐκμετρῆσαι
1348 2897 1408 2950 τὸ
1435 2896 1554 2969 ζῇν.

1934 2081 2074 2135 stus,
2106 2069 2338 2125 Cmsaris
2355 2068 2522 2133 ﬁlius,
2562 2068 3019 2139 Porphyrogeniti
3040 2082 3235 2138 nepos.
3274 2069 3407 2123 Nam
3446 2078 3504 2122 et

1932 2162 2025 2217 hic
2070 2161 2258 2215 multis
2290 2159 2538 2232 undique
2574 2160 2697 2214 telis
2735 2162 3003 2221 conlisus,
3044 2174 3188 2228 equo
3235 2159 3404 2213 etiam
3436 2175 3501 2213 ex

1931 2253 2083 2310 omni
2134 2260 2292 2322 parte
2349 2251 2645 2311 hostilibus
2694 2250 2921 2306 ensibus
2964 2252 3288 2315 vulnerato,
3340 2260 3398 2304 ut
3449 2261 3507 2303 et

1931 2345 2221 2401 cerebrum
2270 2344 2392 2414 ejus
2421 2351 2657 2414 pateret,
2695 2343 2947 2401 hostibus
2971 2354 3191 2412 tergum
3223 2342 3356 2398 dare
3405 2357 3507 2397 no—

1932 2436 2059 2492 luit.
2103 2435 2268 2508 “7
2317 2434 2510 2505 Equus
2548 2435 2678 2490 item
2718 2435 2862 2509 eius,
2889 2434 3058 2493 veluti
3109 2448 3235 2489 cum
3286 2448 3505 2488 sessuro

1934 2528 2004 2585 de
2058 2526 2234 2597 gloria
2283 2534 2547 2601 certans,
2592 2540 2706 2581 non
2761 2526 2914 2594 prius
2964 2523 3164 2581 cadere
3219 2524 3509 2587 sustinuit,

1937 2637 2101 2690 quam
2135 2634 2265 2675 eum
2299 2634 2330 2673 e
2365 2633 2545 2688 pugna
2593 2617 2884 2672 extulisset
2921 2626 2982 2674 et
3028 2618 3250 2673 domum
3292 2616 3509 2672 incolun-

1937 2728 2080 2767 ntem
2138 2720 2496 2781 reportasset.
2553 2710 2635 2765 lbi
2685 2708 2906 2767 demum
2955 2717 3083 2770 ante
3114 2709 3319 2764 domini
3365 2710 3512 2769 fores

1936 2804 2260 2877 exspiravit.
2988 2814 2993 2817 '

323 2998 421 3065 ς’.
466 2992 715 3072 Ἐπείφγέ
758 2992 864 3064 μὴν
886 2992 1025 3056 τέως
1053 2992 1180 3055 τοὺς
1208 2991 1506 3061 πολεμίους
1538 2988 1831 3044 ἐθεάσαντο

1979 3001 2097 3057 -γιῖ
2141 3001 2246 3057 Sed
2275 3014 2399 3057 cum
2440 3003 2654 3058 hostem
2701 3012 2995 3058 cernerent
3029 3004 3083 3058 in
3120 3003 3174 3059 id
3207 3004 3335 3060 totis
3378 3004 3515 3067 viri-

247 3088 616 3161 βιαζομένους
653 3080 1214 3155 προκαταλαμϐάνειν
1245 3083 1338 3136 τὸν
1360 3082 1545 3151 λόφον,
1576 3080 1718 3136 ὥστε
1741 3082 1831 3136 καὶ

1938 3094 2042 3150 bus
2071 3095 2412 3161 incumbere,
2438 3104 2499 3149 ut
2522 3096 2670 3165 prior
2701 3098 2970 3153 tumulum
3005 3110 3321 3169 OCCUparet,
3352 3110 3517 3170 atque

247 3181 404 3235 κατά
459 3172 633 3232 νώτου
693 3176 966 3248 μάχεσθαι
1018 3172 1411 3237 κυκλώσαντας
1460 3173 1679 3239 αὐτοὺς,
1709 3174 1839 3229 ἀνα-

250 3271 594 3345 στρέψαντες
652 3268 886 3337 εφευγον
935 3266 1325 3338 προτροπάδην
1358 3267 1416 3327 ὲς
1446 3263 1508 3318 τὸ
1555 3265 1835 3336 φρούριον.

248 3366 319 3419 Oi
339 3364 394 3418 δ’
421 3362 571 3415 ἑνδον
593 3359 870 3422 οἰκοῦντες
897 3359 998 3429 τήν
1038 3375 1101 3411 τε
1134 3352 1306 3429 ἧτταν
1348 3357 1680 3428 θεασάμενοι
1709 3356 1837 3411 τούο

248 3474 371 3510 των
398 3454 496 3507 καὶ
522 3452 642 3522 ἅμα
672 3452 905 3514 δεδιότες
941 3449 1292 3522 Ἀλέξανδρον
1323 3449 1660 3506 ἀπέκλεισαν
1687 3465 1841 3518 σφισι

256 3550 368 3612 τὰς
403 3546 595 3608 πύλας.
621 3540 722 3617 Βίᾳ
749 3542 845 3598 οὖν
880 3545 1049 3607 αὐτὰς
1082 3543 1349 3615 ῥήξαντες
1376 3540 1712 3612 εἰσεχέοντοο
1746 3543 1843 3594 καὶ

255 3641 396 3703 τοὺς
428 3638 526 3708 μὲν
546 3640 659 3693 τῶν
686 3637 1043 3691 ἐνοικούντων
1073 3635 1419 3700 ἐκϐαλόντες,
1440 3635 1567 3697 τοὺς
1596 3633 1652 3687 δὲ
1676 3649 1846 3687 κατα-

256 3730 577 3802 σφάξαντες
602 3732 763 3801 δίκην
778 3728 1059 3799 πολεμίων
1086 3727 1458 3799 ἠσφαλίσαντο
1476 3726 1538 3781 τδ
1558 3727 1838 3799 φρούριον.

255 3825 379 3879 Καὶ
410 3821 552 3896 ἦσαν
574 3823 939 3894 άσχάλλοντες
964 3820 1314 3875 καὶπλείστα
1348 3819 1725 3890 ἀγωνιῶμενοι
1754 3817 1845 3871 διὰ

254 3921 323 3972 τὸ
362 3916 620 3987 προφανῆ
647 3916 741 3968 τὸν
764 3915 1009 3967 κίνδυνον
1054 3913 1198 3983 ἔχειν
1237 3914 1297 3965 ὲν
1330 3911 1650 3981 ὀφθαλμοῖς.
1706 3907 1844 3963 Οὔτε

255 4013 377 4080 γὰρ
408 4011 520 4075 τοῖς
587 4006 905 4075 ὑποζυγίοις
947 4005 1095 4077 χιλὸς
1125 4003 1193 4075 ἦν
1224 4005 1374 4067 ἐντὸς
1431 4003 1525 4057 τοῦ
1560 4000 1843 4073 φρουρίου,

255 4101 391 4155 οὔτε
442 4100 645 4169 φρέαρ,
699 4096 814 4151 οὔτ’
867 4097 1006 4166 άλλη
1055 4113 1139 4158 τις
1178 4095 1370 4156 ὕδατος
1416 4094 1676 4165 εὐπορία·
1707 4093 1760 4146 οῖ
1785 4108 1845 4144 τε

256 4194 605 4267 τραυματίαι
637 4192 748 4247 τῶν
781 4188 1134 4261 στρατιωτῶν
1165 4190 1258 4241 καὶ
1308 4186 1415 4241 τῶν
1448 4187 1636 4239 ἵππων
1678 4185 1850 4254 ἀπροο

1939 3187 2076 3241 adeo
2134 3187 2284 3242 hisce
2342 3187 2696 3244 circumdatis
2743 3204 2773 3243 a
2828 3191 2981 3259 tergo
3040 3191 3205 3245 etiam
3266 3191 3516 3249 instaret.

1938 3280 2112 3335 eﬂ‘usa
2164 3278 2289 3350 fuga
2336 3287 2482 3333 retro
2517 3293 2578 3334 se
2610 3281 2664 3334 in
2699 3280 2983 3335 castellum
3033 3288 3381 3352 receperunt.
3414 3282 3519 3350 Qui

1939 3386 2072 3426 vero
2110 3370 2165 3424 in
2203 3385 2270 3424 eo
2322 3368 2687 3435 habitabant,
2742 3384 2870 3425 cum
2919 3380 2980 3425 et
3031 3372 3130 3426 hos
3175 3373 3348 3428 victos
3398 3389 3522 3431 esse

1940 3469 2253 3523 cernerent,
2300 3469 2355 3514 ct
2386 3460 2548 3514 simul
2589 3459 2956 3517 Alexandrum
3010 3462 3288 3528 timerent,
3337 3475 3523 3533 portas

1941 3554 2050 3609 illis
2098 3552 2468 3608 occluserunt.
2503 3550 2574 3606 lis
2617 3550 2785 3622 igitur
2830 3552 2882 3607 vi
2911 3552 3154 3607 eﬂractis
3203 3552 3521 3622 introrupe-

1878 3687 1889 3695 .
1942 3651 2093 3708 runt,
2137 3650 2193 3698 et
2233 3641 2636 3698 habitatoribus
2687 3642 2884 3710 partim
2926 3641 3131 3711 pulsis,
3179 3640 3378 3710 partim
3415 3648 3515 3693 tio-

1944 3734 2108 3790 stium
2147 3734 2270 3789 loco
2316 3734 2550 3800 occisis,
2596 3734 2880 3790 castellum
2924 3736 3263 3793 munierunt.
3306 3733 3364 3788 ln
3407 3748 3517 3803 quo

1944 3825 2100 3880 valde
2134 3826 2318 3880 tristes
2345 3834 2406 3879 et
2434 3826 2581 3882 anxii
2616 3836 2795 3889 erant,
2828 3835 3114 3897 propterea
3143 3825 3293 3896 quod
3326 3841 3516 3883 eorum

1946 3917 2121 3971 oculis
2181 3917 2486 3986 periculum
2562 3933 2802 3987 praesens
2870 3917 3282 3974 obversabatur.
3332 3918 3523 3987 Neque

1945 4006 2091 4061 enim
2144 4007 2400 4077 pabulum
2450 4007 2913 4079 jnmentisintus
2961 4008 3307 4079 suppetebat,
3346 4023 3527 4079 neque

1948 4110 2170 4168 puteus,
2220 4115 2322 4154 nee
2367 4115 2522 4169 aquae
2553 4101 2660 4155 ulla
2690 4101 2846 4171 copia
2876 4119 2890 4157 :
2922 4112 2978 4158 et
3010 4103 3281 4163 vulnerati
3323 4102 3528 4158 milites

1949 4201 2112 4260 atque
2134 4191 2266 4261 equi
2297 4192 2526 4263 neglecti
2559 4195 2755 4262 partim
2789 4194 3318 4264 interibant,partim
3354 4195 3528 4251 inter-

148 4340 158 4346 .
258 4287 534 4360 μήθευτοι
566 4285 902 4355 λειπόμενοι,
965 4280 1014 4336 οἱ
1050 4281 1150 4352 μὲν
1200 4279 1483 4349 ἔθνησκον,
1514 4279 1565 4332 οἱ
1599 4278 1644 4331 δ’
1678 4280 1831 4347 ἐγγὺς

1954 4281 2054 4337 itui
2118 4283 2349 4352 proximi
2402 4292 2590 4345 erant;
2626 4284 2797 4338 etvix
2833 4286 3029 4340 licebat
3077 4297 3259 4356 portas
3289 4290 3528 4357 aperire,

254 4357 365 4434 τοῦ
404 4377 661 4432 τεθνάναι
720 4376 970 4444 ἐγένοντο
995 4391 1009 4406 ·
1066 4372 1165 4436 τάς
1192 4389 1252 4425 τε
1290 4371 1466 4434 πύλας
1520 4369 1760 4439 ἀνοίγειν
1786 4370 1831 4421 0i

1951 4372 2304 4428 multitudine
2334 4373 2570 4429 hostium
2598 4374 2996 4442 circumdatas;
3027 4387 3086 4433 et
3113 4377 3303 4448 procul
3326 4377 3528 4434 Roma-

263 4474 424 4545 μά).α
471 4474 618 4543 ἐνῆν,
652 4470 1324 4541 περιστρατοπεδευόντων
1345 4466 1488 4520 κατὰ
1537 4466 1715 4536 πλήθη
1743 4466 1831 4518 τῶε

1953 4481 2148 4520 normn
2195 4464 2331 4521 lines
2377 4466 2608 4521 aberant
2633 4506 2648 4530 ,
2680 4481 2744 4522 ac
2773 4483 2842 4522 ne
2870 4484 2995 4538 spes
3024 4468 3245 4541 quidem
3286 4470 3527 4534 suberat,

262 4565 592 4634 πολεμίων
614 4563 687 4615 τά
716 4576 778 4614 τε
837 4559 1126 4629 Ῥωμαίων
1156 4555 1439 4629 ἀπῴκιστο
1476 4557 1603 4627 ὅρια
1627 4572 1640 4587 ·
1670 4555 1858 4609 διακυ-

261 4655 576 4717 ϐεύσαντάς
605 4670 665 4705 τε
686 4653 778 4711 τὸν
803 4651 1053 4706 κίνδυνον
1082 4648 1326 4720 οἴχεσθαι
1351 4647 1526 4718 λάθρα
1547 4648 1683 4717 πρὸς
1714 4663 1827 4723 συμ

1951 4665 2184 4720 eamque
2264 4650 2592 4705 maritimam
2666 4650 2957 4706 evadendi.

1952 4566 2158 4613 tentata
2204 4556 2445 4623 fortuna,
2479 4558 2615 4614 clam
2647 4560 2712 4615 ad
2746 4560 3034 4615 finitimam
3096 4562 3287 4617 urbem
3325 4562 3531 4617 sociam
3616 4606 3625 4636 γ

3028 4651 3164 4705 Nam
3231 4650 3531 4707 Anchialos
3616 4652 3623 4667 ’

268 4744 483 4817 μαχίδα
537 4745 692 4796 πόλιν
744 4742 1070 4812 ἐγγίζουσαν
1115 4743 1211 4793 καὶ
1240 4739 1505 4810 παράλιον
1535 4739 1831 4805 ἁπέγνωστ

1964 4741 2181 4796 hostilis
2238 4750 2393 4805 erat;
2438 4734 2505 4795 ὀι
2555 4741 2882 4797 Mesembria
2950 4742 3321 4796 Romanorum
3377 4742 3535 4797 clade
3614 4770 3617 4777 <

266 4855 430 4909 σφισι
455 4837 550 4891 κάλ
580 4837 757 4890 τοῦτο.
794 4836 860 4888 Ἦ
883 4835 993 4905 γὰρ
1016 4834 1165 4895 πόλις
1197 4832 1478 4901 Ἀγχίαλος
1503 4831 1737 4896 πολεμία
1761 4826 1852 4900 ἦν,

265 4932 306 5002 ἡ
343 4946 406 4981 τε
439 4926 778 4998 Μεσημϐρία
831 4925 1141 4995 καλουμένη
1169 4923 1267 4994 τὴν
1315 4920 1485 4995 ἧτταν
1535 4921 1695 4985 εὐθὺς
1723 4923 1831 4993 ἀκη

1955 4918 2111 4980 θεοεὶε
2146 4939 2338 4980 omnes
2365 4941 2481 4990 eos,
2506 4926 2598 4995 qui
2627 4926 2753 4997 fuga
2783 4926 3016 4980 salutem
3049 4941 3158 4993 non
3182 4928 3533 4995 qtnesirrant,

267 5022 436 5074 κουῖα
482 5020 774 5091 Ῥωμαίων
806 5018 1063 5089 μετέθετο
1086 5017 1181 5070 καὶ
1208 5016 1305 5088 τήν
1339 5017 1519 5069 ἐκεῖσε
1564 5014 1831 5082 Ῥωμαίωε

1953 5030 1989 5072 e
2034 5017 2306 5071 montibus
2365 5016 2660 5090 deiecerat.
2721 5019 2867 5072 idem
2926 5027 3121 5073 czrtera
3171 5017 3239 5072 ad
3292 5017 3533 5077 [iactuum

267 5111 527 5181 φρουρὰν
556 5109 924 5178 ἀποσφάξασα
955 5105 1177 5179 ἔρριψεν
1200 5107 1263 5158 ὲκ
1288 5105 1384 5158 τοῦ
1418 5096 1650 5173 τείχους,
1683 5104 1831 5155 duim

1958 5108 2181 5163 castella
2220 5109 2462 5162 fecerant
2495 5110 2700 5164 omnia.
2753 5110 2864 5165 Nec
2908 5108 3078 5185 488
3107 5111 3176 5166 de
3202 5112 3454 5166 libertate
3483 5121 3540 5164 et

272 5205 363 5273 μὴ
411 5202 548 5275 ἔφθη
604 5201 875 5273 φυγοῦσα.
920 5201 985 5253 Ὃ
1041 5200 1107 5267 δὴ
1142 5199 1515 5268 πεποιήκεσαν
1567 5196 1663 5249 καὶ
1689 5196 1831 5247 ὁπόσι

1960 5198 2294 5253 redimendis
2322 5199 2552 5267 captivis
2582 5199 2789 5269 legatos
2818 5201 2884 5254 ad
2915 5201 3285 5257 Alexandrum
3316 5202 3535 5254 mittere

273 5289 415 5368 πεξῆ
468 5297 559 5350 τὴν
604 5289 783 5365 Αἷμον
840 5291 1078 5362 φρούρια
1140 5290 1353 5343 πάντα*
1408 5287 1634 5359 θαρρεῖν
1669 5303 1725 5339 τε
1758 5288 1831 5339 οὑτ

1961 5289 2257 5354 audebant,
2303 5306 2426 5344 cum
2477 5292 2548 5344 ita
2597 5306 2654 5347 se
2701 5295 3020 5362 gc-sissent,
3062 5304 3123 5347 ut
3168 5293 3313 5346 nulla
3366 5294 3537 5346 venia:

1960 4832 2149 4887 audita
2205 4835 2389 4888 statim
2447 4833 2764 4898 defecerat,
2825 4842 2881 4889 et
2928 4833 3197 4903 praesidiis
3276 4834 3536 4889 Romanis

1637 5417 1973 5480 Variorum
2007 5426 2195 5481 notae.

364 5559 469 5618 (Eii)
501 5553 729 5611 Joannis
758 5552 1066 5619 PalmOIOgi,
1096 5553 1253 5623 cuius
1278 5565 1439 5623 supra
1466 5548 1721 5617 ,ntcminit
1752 5549 1849 5623 lil).

375 5559 469 5625 itm
501 5553 729 5611 Joannis
758 5552 1066 5619 Ροιαξοιομῖ,
1096 5553 1253 5625 cuius
1278 5565 1439 5625 supra
1466 5548 1721 5625 meminit
1752 5549 1849 5625 lib.
1964 5548 2241 5625 Michaelis
2270 5551 2396 5619 imp.
2435 5551 2528 5607 ﬁiii
2562 5569 2749 5623 nepos.
2785 5552 2915 5607 Vide
2943 5561 3174 5607 stemma
3204 5552 3508 5623 l‘al.cologo

277 5622 379 5691 ut.
428 5645 547 5698 t‘np.
608 5626 702 5684 '56,
757 5626 920 5686 tilius,
973 5621 1340 5686 Constantini,
1398 5621 1851 5690 Porphyrngeniti

1967 5635 2107 5674 runt.
2154 5622 2384 5678 Druso.
