4000 6206
321 276 336 298 ⁵
425 272 531 338 687

683 267 756 337 [Α.
791 279 846 318 κ.
879 260 1016 316 6856
1045 277 1108 315 λυ
1151 259 1310 333 6839]

1637 264 2057 326 ΝΙΟΕΡΠΟΒΙ
2093 264 2474 326 ΟΒΕΟΟΒᾸΞ

2797 254 2930 326 [ων.
2963 270 3244 310 Αιωιιοκιε.
3281 271 3370 311 ιυκ
3405 257 3424 329 ]

3573 265 3676 329 683

429 399 557 454 spes
585 383 1007 451 relinqueretur.
1039 378 1173 432 Nam
1203 386 1258 430 et
1278 377 1397 444 ejus
1430 375 1633 446 legatos
1663 375 2007 429 conlidenter

2124 370 2258 444 εἶχον
2306 368 2793 442 διαπρεσϐεύεσθαι
2847 369 2976 442 περὶ
3022 370 3332 444 ἐλευθερίας
3363 371 3459 425 καὶ
3481 371 3683 442 λύτρων

429 473 738 531 deriserant
767 487 830 525 ac
873 485 969 540 per
1005 469 1353 541 ignominiam
1405 468 1746 533 dimiserant,
1779 479 1834 523 et
1875 467 2002 522 Bul-

429 581 683 637 garorum
727 581 886 636 agros
929 580 1052 619 cum
1087 561 1366 632 segetibus
1413 560 1796 626 incenderant,
1829 571 1882 614 et
1911 575 2006 615 ca-

429 671 649 730 ptorum
683 658 1032 714 castellorum
1070 655 1407 710 habitatores
1447 653 1584 708 male
1617 660 1931 707 tractarant.

2111 471 2247 535 πρὸς
2314 463 2678 534 Ἀλέξανδρον.
2736 465 2811 517 Oa
2839 463 2948 532 γὰρ
3006 463 3357 518 ὑπελείποντό
3391 481 3512 517 τινα
3564 483 3692 534 συγ-

2114 557 2337 628 γνώμης
2393 556 2645 628 ἀφορμὴν
2697 558 2761 609 ἐκ
2811 555 2919 608 τῶν
2949 554 3292 621 φθασάντων.
3356 557 3467 624 Τήν
3491 573 3550 608 τε
3582 558 3688 628 γὰρ

2116 651 2324 704 ἐκείνου
2375 650 2504 720 περὶ
2558 649 2784 721 εἰρήνης
2843 646 3142 716 πρεσϐείαν
3195 646 3439 718 θρασέως
3478 665 3541 700 τε
3599 649 3694 703 καὶ

335 741 361 744 ﬂ
427 758 690 822 ἀκόσμως
727 751 966 825 [Ρ.500]
999 753 1333 820 ἀπέπεμψαν
1359 748 1486 812 τούς
1526 765 1587 801 τε
1640 747 1749 801 τῶν
1787 746 2114 816 Βουλγάρων
2166 747 2372 818 ἀγροὺς
2441 745 2579 816 μετά
2645 745 2756 798 τῶν
2807 735 3096 814 ἀσταχύων
3145 743 3276 813 πυρὶ
3343 742 3690 814 παρέδοσανο

429 849 526 904 καὶ
551 849 687 918 πρός
711 865 774 916 γε
801 847 913 908 τοῖς
932 847 998 898 τὰ
1028 843 1264 914 φρούρια
1287 841 1528 896 οἰκοῦσιν
1554 842 1614 894 οὐ
1637 840 1818 904 καλῶς
1842 843 2148 911 ἐχρήσαντο
2186 841 2464 904 λαϐόντες.

504 942 618 996 Vll.
654 941 841 1010 Itaque
876 940 945 993 ab
981 939 1130 993 omni
1168 946 1324 1006 parte
1358 937 1516 1005 inops
1562 937 1773 991 consilii
1805 946 2009 990 aestua-

432 1033 528 1086 bat
579 1034 901 1100 imperator.
936 1031 1142 1085 Tamen
1197 1023 1353 1081 ll‘rma
1380 1028 1434 1081 in
1464 1029 1632 1081 Deum
1685 1027 1879 1082 ﬁducia
1910 1042 2012 1082 nec

434 1125 488 1178 in
526 1123 804 1193 prioribus
851 1122 1115 1192 periculis
1163 1135 1263 1174 nec
1309 1117 1363 1172 in
1405 1119 1657 1187 prmsenti
1695 1119 2011 1173 discrimine

434 1231 558 1270 eum
592 1215 872 1280 destituit;
906 1213 1157 1282 quamvis
1191 1209 1521 1266 conscientia
1551 1211 1671 1280 ejus
1695 1226 1802 1265 non
1834 1210 2012 1265 omnis

432 1323 630 1376 expers
661 1315 808 1360 esset
842 1305 1087 1369 maculae,
1132 1314 1244 1358 tum
1274 1313 1496 1374 propter
1522 1317 1681 1356 arum
1715 1303 2010 1371 impcrato~

432 1413 548 1452 rem
589 1406 830 1450 extrema
877 1404 1036 1449 zetate
1073 1394 1490 1458 contristatum;
1527 1401 1638 1446 tum
1669 1392 1738 1446 ob
1766 1408 1852 1458 ea,
1887 1407 2010 1461 qua:

429 1487 686 1559 juvenilis
738 1487 955 1540 licentia
987 1501 1111 1540 cum
1144 1485 1382 1556 imperio
1427 1479 1724 1554 conjuncta
1768 1484 2012 1553 plerum-

433 1595 540 1650 que
573 1579 712 1634 solet
745 1578 1057 1648 designare.
1105 1578 1308 1632 Verum
1339 1577 1413 1630 illi
1447 1574 1760 1645 huiusmodi
1790 1584 2010 1645 peccata

435 1682 692 1741 tanquam
723 1673 968 1725 minutos
1000 1670 1294 1740 pisciculos
1322 1685 1575 1740 magnum
1615 1669 1816 1723 divina:
1843 1668 2012 1722 mise-

2182 935 2251 990 Z'.
2287 936 2378 989 Διὸ
2405 933 2744 1006 πανταχόθεν
2771 935 2959 988 στενόν
2984 951 3042 988 τε
3065 935 3160 986 καὶ
3190 934 3395 1003 ἄπορον
3426 933 3503 1003 τῷ
3533 934 3692 1004 βασι-

2109 1027 2190 1080 λεῖ
2223 1028 2282 1080 τὸ
2330 1029 2566 1096 πρᾶγμα
2602 1025 2868 1094 ἐγίγνετο.
2911 1025 2983 1077 Τό
3020 1040 3084 1092 γε
3120 1021 3225 1092 μὴν
3245 1023 3325 1086 είς
3354 1021 3489 1074 Θεὸν
3512 1025 3682 1096 appar.

2108 1121 2380 1190 γεστάτην
2429 1119 2574 1188 ἔχειν
2627 1116 2838 1180 ἐλπίδα,
2892 1115 3052 1168 τοῦτο
3085 1113 3258 1167 δὀὐκ
3303 1113 3612 1180 ἀπέγνωστό
3629 1115 3679 1167 οί

2110 1209 2222 1263 οὔτ’
2251 1209 2308 1262 ἐν
2341 1210 2460 1271 ταῖς
2492 1207 2758 1278 πρότερον
2793 1205 3202 1277 περιστάσεσιν,
3233 1203 3357 1260 οὔτε
3389 1207 3498 1276 μὴν
3530 1206 3584 1258 ὲν
3611 1207 3679 1276 τῇ

2113 1300 2385 1372 παρούσῃ,
2439 1303 2617 1372 καίτοι
2658 1299 2719 1352 τὸ
2769 1297 3008 1358 συνειδὸς
3065 1297 3166 1349 οὐκ
3199 1297 3524 1364 ἀνέλεγκτον
3552 1295 3686 1365 ἔχων

2108 1393 2196 1448 δ;ἀ
2225 1410 2283 1446 τε
2312 1394 2410 1462 τὴν
2435 1371 2845 1463 παραλύπησιν,
2879 1391 2946 1462 ἣν
2992 1389 3070 1458 τῷ
3100 1389 3315 1460 βασιλεῖ
3353 1390 3450 1442 καὶ
3480 1389 3692 1458 πάππῳ

2108 1487 2165 1537 ὲν
2189 1485 2266 1555 τῷ
2296 1486 2442 1557 γήρᾳ
2475 1487 2768 1556 ἐπήνεγκε,
2829 1483 2924 1537 καὶ
2971 1477 3039 1536 αὖ
3071 1482 3143 1536 δι’
3191 1483 3292 1536 ὅσα
3344 1482 3534 1553 νεότης
3571 1482 3692 1553 μετ’

2109 1577 2358 1644 ἐξουσίας
2390 1578 2465 1640 ὡς
2520 1577 2590 1631 τὰ
2623 1575 2796 1630 πολλά
2853 1575 2998 1645 φιλεῖ
3028 1574 3465 1645 διαπράττεσθαι
3489 1591 3502 1605 ο
3539 1575 3696 1644 ὅμως

2113 1670 2323 1740 ἰχθύδιά
2359 1688 2480 1724 τινα
2515 1670 2722 1742 βραχέα
2757 1657 3098 1723 signinum
3156 1667 3404 1738 ἐνόμιζεν
3436 1667 3705 1738 ἀμαρτήο

435 1763 689 1818 ricordiae
735 1763 961 1832 pelagus
1001 1762 1302 1816 subeuntes
1340 1759 1646 1830 judicabat.
1691 1760 1925 1815 Proinde
1954 1767 2012 1814 et

2124 1779 2265 1834 ματα
2292 1763 2347 1825 ὲς
2369 1763 2430 1814 τὸ
2463 1763 2604 1832 μέγα
2646 1763 2883 1830 πέλαγος
2941 1760 3272 1831 βυθιζόμενα
3306 1761 3404 1830 τῆς
3433 1758 3524 1811 τοῦ
3555 1757 3702 1811 Θεοῦ

435 1868 541 1909 nec
581 1869 858 1909 summum
912 1853 1209 1908 discrimen
1242 1868 1350 1908 non
1382 1853 1564 1906 minus
1606 1866 1768 1920 quam
1817 1860 2010 1905 cattera

437 1945 762 2001 mirabiliter
808 1946 1022 2011 evasit,
1070 1959 1268 1998 arcana
1317 1943 1410 2000 Dei
1461 1950 1660 1998 cuncta
1711 1943 2012 1998 clementer

436 2039 802 2110 gubernantis
831 2038 1194 2109 providentia.
1228 2036 1366 2092 Nam
1403 2037 1710 2092 Alexander
1745 2037 2013 2107 postridie

439 2133 582 2186 ultro
613 2132 761 2186 illius
804 2132 1062 2186 misertus
1089 2139 1143 2184 ct
1169 2127 1525 2184 humanitatis
1572 2145 1734 2185 sensu
1774 2129 2013 2200 quodam

438 2223 731 2277 instinctus
778 2236 965 2290 pacem
1002 2220 1077 2274 illi
1119 2219 1317 2274 obtulit
1360 2228 1418 2274 et
1453 2234 1576 2274 cum
1625 2219 1868 2273 exercitu
1917 2220 2016 2273 do-

442 2326 590 2367 mum
633 2310 832 2372 redire,
869 2310 1008 2364 facta
1053 2309 1474 2377 compositione,
1507 2323 1700 2378 passus
1739 2319 1842 2373 est,
1881 2308 2015 2362 hor~

440 2411 628 2468 tatus,
681 2412 741 2455 ut
790 2400 1125 2454 moderatior
1179 2409 1324 2454 esset
1377 2401 1432 2454 in
1479 2411 1784 2470 posterum.
1848 2399 2022 2454 Unius

439 2492 587 2546 enim
638 2489 768 2544 anni
815 2500 1052 2558 quatuor
1102 2504 1223 2542 esse
1275 2497 1542 2559 tempora,
1593 2498 1648 2544 et
1695 2489 1858 2558 paulo
1899 2502 2018 2541 mo-

441 2591 627 2638 mento
662 2582 922 2636 maximas
958 2579 1200 2636 incidere
1226 2597 1409 2636 rerum
1457 2582 1808 2637 mutationes.
1839 2579 2018 2636 Inter-

443 2689 505 2729 ea
542 2673 630 2728 illa
666 2663 883 2743 quoque
913 2683 1072 2729 aestas
1110 2683 1293 2728 exacta
1330 2683 1433 2728 est.

2119 1855 2554 1926 φιλανθρωπίας.
2583 1854 2674 1907 Διὸ
2701 1854 2795 1907 καὶ
2820 1855 3018 1924 ὁμοίως
3045 1856 3166 1916 ταῖς
3201 1853 3388 1916 ἄλλαις
3423 1851 3702 1921 περιστά-

2121 1963 2240 2000 σεσι
2277 1946 2372 1999 καὶ
2404 1944 2503 2016 τὴν
2554 1942 2936 2013 ἀπαράμιλλον
2963 1942 3168 2011 ταύτην
3203 1940 3518 2010 παραδόξως
3550 1941 3702 1991 ἀπε-

2119 2039 2412 2112 κρούσατο,
2447 2037 2745 2108 ἀπορρήτῳ
2789 2032 3099 2105 προμηθείᾳ
3151 2029 3245 2085 τοῦ
3281 2031 3455 2085 πάντα
3503 2029 3708 2096 φιλαν-

2121 2133 2356 2204 θρώπως
2387 2129 2797 2200 οίκονομοῦντος
2817 2127 2974 2181 Θεοῦ.
3011 2127 3237 2180 Οίκοθεν
3263 2127 3371 2197 γὰρ
3403 2127 3498 2181 καὶ
3543 2125 3709 2180 Ἀλέ-

2124 2224 2346 2295 ξανδρος
2377 2224 2434 2285 ες
2463 2223 2562 2292 τὴν
2593 2220 2889 2291 ὑστεραίαν
2917 2221 3000 2281 είς
3027 2217 3208 2273 οἶκτον
3232 2219 3326 2273 ἰὼν
3356 2220 3450 2274 καὶ
3477 2218 3710 2289 συμπά-

2123 2314 2294 2380 θειαν,
2327 2314 2549 2383 πέμψας
2577 2313 2654 2383 τῷ
2687 2313 2900 2382 βασιλεῖ
2932 2311 3135 2377 δεξιὰν,
3183 2312 3397 2381 ἀφῆκεν
3425 2312 3708 2364 ὑπόσπον-

2118 2405 2205 2459 δον
2229 2405 2406 2458 οἴκαδε
2432 2404 2758 2474 πορεύεσθαι
2784 2404 2877 2470 ξύν
2901 2421 2964 2473 γε
2981 2403 3059 2472 τῷ
3085 2403 3453 2473 στρατοπέδῳ,
3474 2419 3626 2472 παρα
3639 2421 3707 2470 γ-

2119 2495 2305 2563 γείλας
2361 2496 2731 2566 μετριώτερον
2792 2492 2930 2548 εἶναι
2967 2492 3076 2546 ’τοῦ
3123 2491 3332 2544 λοιποῦ.
3373 2510 3392 2544 ι
3435 2486 3527 2553 Εἷς
3562 2493 3705 2560 γὰρ,

2119 2590 2307 2659 φησὶν,
2345 2590 2595 2650 ἐνιαυτὸς
2621 2587 2891 2658 τέσσαρας
2922 2585 3071 2659 ῶρας
3089 2587 3243 2656 φέρει
3263 2587 3358 2638 καὶ
3378 2586 3476 2656 μία
3499 2585 3706 2653 καψοῦ

2121 2683 2262 2755 ῥοπὴ
2287 2682 2486 2745 πολλὰς
2509 2681 2850 2750 πραγμάτων
2873 2680 3194 2750 μεταϐολάς.
3223 2699 3242 2732 ι
3283 2679 3371 2732 Ἐν
3399 2678 3454 2732 δὲ
3486 2680 3706 2742 τούτοις

2121 2775 2214 2828 καὶ
2247 2774 2306 2827 τὸ
2333 2776 2506 2843 παρὸν
2530 2773 2787 2828 ἐτελεύτα
2817 2772 2993 2843 θέρος.

1901 2906 2127 2962 CAPUT
2175 2906 2236 2960 V.

443 3030 897 3104 Syrgianuesﬂcur
928 3039 1220 3104 suspectus.
1266 3029 1424 3104 Ligur:
1480 3025 1809 3104 maiestatis
1835 3037 2118 3104 accusatur
2146 3028 2591 3104 a_Zamplqconc.
2651 3027 2775 3084 Non
2833 3030 3177 3084 convincitur.
3221 3027 3389 3082 Vadas
3421 3029 3548 3082 dare
3593 3045 3708 3081 non

517 3097 723 3170 ρὶιιιθδι.Δ
749 3097 929 3168 Fugit.
964 3097 1179 3170 Litteris
1209 3115 1271 3151 ea:
1301 3097 1497 3150 Euboan
1526 3099 1901 3170 datisﬂveuiam
1949 3101 2074 3168 petit
2100 3109 2148 3150 et
2183 3097 2376 3163 locum,
2410 3101 2596 3170 injquo
2627 3117 2744 3153 cum
2790 3102 2900 3155 suis
2928 3103 3199 3155 consistat.
3258 3100 3398 3153 Aula
3426 3101 3472 3154 ei
3519 3101 3705 3152 minus

520 3167 655 3223 tuta.
689 3167 1081 3240 Jusjurandum
1128 3168 1191 3221 ab
1223 3183 1281 3221 eo
1328 3171 1585 3221 oblatum.
1648 3167 1767 3221 Non
1814 3167 2099 3238 impetrata
2151 3172 2305 3223 venia
2347 3172 2416 3223 ad
2448 3168 2664 3224 Cralem
2717 3174 2931 3225 transit.
2991 3172 3058 3224 Ei
3109 3171 3434 3240 gratissimus
3465 3170 3706 3223 advenit.

518 3240 720 3309 Magna
755 3238 1059 3307 pollicetur.

517 3356 560 3410 l.
611 3353 943 3424 Syrgiannes
1001 3363 1184 3407 autem
1214 3390 1229 3416 ,
1280 3351 1432 3421 prius
1480 3352 1642 3406 etiam
1688 3354 1759 3407 ob
1802 3353 2017 3408 adactos

2197 3355 2274 3410 A'.
2316 3354 2373 3409 '0
2405 3355 2460 3408 δέ
2496 3373 2559 3423 γε
2617 3356 2956 3426 Συργιὰννης
3016 3354 3150 3422 (65),
3211 3354 3449 3416 ὕποπτος
3493 3353 3568 3405 ὣ)
3605 3356 3709 3407 καὶ

448 3456 790 3505 sacramento
817 3443 1337 3498 Thessalonicenses
1365 3442 1532 3514 589
1562 3445 1897 3513 primoribus
1927 3461 2023 3499 su-

447 3549 668 3609 spectus
696 3576 710 3602 ,
757 3545 810 3592 ct
855 3540 983 3604 quia
1034 3549 1061 3587 a
1116 3543 1290 3588 matre
1348 3534 1695 3602 imperatoris
1737 3535 2024 3603 adoptatus

448 3634 647 3694 fuerat,
691 3644 814 3682 cum
863 3629 1162 3695 imperator
1190 3625 1304 3690 illo,
1334 3641 1497 3694 quem
1542 3627 1800 3688 diximus,
1835 3627 2025 3694 despe-

448 3732 567 3777 rato
597 3723 791 3791 capitis
837 3721 1028 3774 morbo
1061 3719 1425 3789 Didymoticlii
1477 3720 1771 3782 laboraret,
1804 3719 2024 3774 domum

447 3830 478 3866 a
514 3811 875 3881 Zamplaconc
908 3812 1048 3863 laesae
1108 3811 1408 3880 tnajestatis
1449 3826 1580 3865 reus
1619 3821 1773 3864 aetns
1806 3811 1890 3866 sui
1923 3811 2022 3865 de-

449 3903 704 3956 fendendi
758 3916 921 3955 causa
965 3900 1283 3970 Byzantium
1315 3899 1380 3954 ad
1415 3898 1800 3968 imperatorem
1845 3914 2027 3955 arces-

449 3997 589 4049 situs
626 3993 797 4057 vcnit,
829 4003 884 4047 ct
915 3992 1081 4046 semel
1127 4002 1290 4062 atque
1338 3992 1534 4046 iterum
1565 4002 1618 4046 et
1653 3992 1811 4046 tertio
1861 4007 2024 4046 causa

452 4087 595 4157 apud
640 4101 830 4141 otnncs
873 4085 1088 4153 judices
1133 4085 1279 4138 dicta
1324 4084 1484 4152 plane
1525 4100 1651 4138 reus
1699 4086 1881 4154 peragi
1917 4101 2025 4138 non

451 4180 647 4247 potuit,
693 4179 828 4232 adeo
874 4186 932 4231 ut
957 4177 1067 4246 jam
1099 4192 1128 4230 a
1158 4177 1432 4245 plerisque
1469 4176 1747 4246 judicibus
1781 4176 2038 4257 absolvej

449 4279 626 4323 retur.
667 4267 786 4322 Lite
813 4275 993 4321 autem
1031 4267 1211 4320 adhuc
1235 4266 1507 4342 pendente
1539 4267 1703 4320 vades
1730 4265 2028 4334 imperator

453 4363 522 4416 ab
552 4377 619 4416 eo
649 4361 826 4431 petiit,
853 4375 920 4413 ne
945 4360 1082 4412 clam
1120 4359 1457 4428 profugeret,
1495 4358 1809 4425 priusquam
1837 4373 2028 4411 omnes

448 4452 661 4523 judiecs
694 4451 1019 4507 sententiam
1057 4451 1126 4504 de
1175 4464 1242 4504 eo
1293 4451 1537 4504 ultimam
1575 4450 1847 4504 tulissent.
1897 4450 2030 4514 Quae

453 4557 544 4596 res
576 4542 698 4611 ejus
745 4542 986 4596 animum
1020 4541 1174 4595 valde
1203 4541 1445 4596 turbavit
1478 4551 1534 4595 ct
1562 4543 1615 4594 in
1644 4537 1882 4596 carceris
1912 4557 2025 4596 me-

454 4647 572 4688 tum
603 4634 856 4702 conjecit,
899 4634 1220 4704 gravissima
1271 4632 1360 4687 illa
1389 4641 1445 4688 et
1481 4632 1868 4698 intolerabilia,
1906 4649 2028 4702 qua:

2131 3449 2396 3518 πρότερον
2421 3451 2532 3510 τοῖς
2567 3449 2797 3518 ἄρχουσι
2822 3448 2908 3502 διὰ
2927 3448 3052 3509 τοὺς
3084 3447 3300 3518 ὅρκους,
3329 3445 3420 3509 οὓς
3450 3445 3706 3515 ἀπῄτησε

2131 3539 2282 3608 παρά
2303 3539 2409 3592 τῶν
2433 3539 2893 3600 Θεσσαλονικέων,
2945 3536 3280 3608 εἰσποιηθεὶς
3309 3539 3378 3607 τῇ
3410 3537 3580 3604 μητρὶ
3604 3535 3705 3587 τοῦ

2131 3630 2393 3699 βασιὶέως
2438 3630 2719 3701 δεσποίνῃ,
2749 3630 2911 3688 ὁπότε
2945 3631 3042 3693 τὰς
3075 3629 3168 3682 τοῦ
3205 3627 3468 3698 βασιλέως
3503 3624 3706 3680 ὲπεϐόυ

2130 3738 2291 3774 σκετο
2316 3723 2521 3792 φρένας
2559 3723 2590 3792 ἡ
2629 3721 3053 3792 ἀπηγορευμένη
3089 3721 3242 3782 νόσος
3271 3717 3449 3788 ἐκείνη
3479 3717 3606 3786 περὶ
3637 3717 3706 3769 τὸ

2129 3815 2532 3884 Διδυμότειχον,
2563 3814 2657 3868 νῦν
2692 3815 2789 3883 ἤδη
2819 3815 2910 3866 καὶ
2947 3814 3082 3883 πρὸς
3111 3814 3181 3866 τὰ
3211 3815 3362 3880 παρά
3382 3809 3474 3864 τοῦ
3506 3810 3704 3878 Τζαμο

2130 3905 2408 3968 πλάκωνος
2430 3905 2541 3975 (66)
2562 3906 2958 3974 προπινόμενα
2985 3888 3363 3966 καθοσιώσεως
3380 3902 3546 3973 ὲγκλή
3555 3918 3707 3972 ματα

2129 3997 2208 4057 είς
2238 3996 2529 4059 Βυζάντιον
2555 3997 3030 4065 ἀπολογησόμενος
3058 3997 3182 4066 ἥκει
3211 3999 3600 4065 μετάπεμπτος
3618 3995 3705 4062 τῷ

2131 4085 2343 4156 βασιλεῖ
2365 4105 2376 4116 ·
2414 4087 2507 4138 καὶ
2536 4087 2745 4156 κριθεὶς
2779 4088 2883 4140 ὑπὸ
2917 4087 3053 4139 πᾶσι
3082 4088 3302 4156 κριταῖς
3349 4084 3427 4146 δὶς
3459 4084 3552 4136 καὶ
3577 4099 3705 4151 τρῖς

2129 4181 2189 4232 οὐ
2218 4179 2474 4249 καθαρῶς
2507 4179 2708 4232 ἁλῶναι
2742 4182 2855 4242 τοῖς
2884 4180 3128 4250 ἐλέγχοις
3163 4177 3416 4248 ἠδύνατο,
3450 4175 3578 4228 ὥστ’
3600 4177 3706 4244 ἤδη

2130 4273 2222 4323 καὶ
2262 4271 2396 4341 πρὸς
2424 4271 2531 4323 τῶν
2562 4271 2824 4325 πλειόνων
2871 4271 3116 4341 ὴθωυῦτο
3166 4270 3396 4340 κριτῶν.
3431 4268 3517 4338 [1³.
3568 4266 3704 4336 ὅθι]

2130 4348 2421 4431 Μετεῶρου
2447 4363 2492 4415 δ’
2521 4364 2598 4414 ἔτι
2630 4363 2727 4432 τῆς
2759 4365 2913 4432 δίκης
2946 4362 3110 4434 οὔσης
3147 4364 3350 4434 ᾔτησεν
3371 4365 3399 4415 ό
3446 4361 3707 4432 βασιλευς

2130 4457 2403 4526 ἐγγυητὰς
2439 4457 2578 4525 ὑπὲρ
2611 4456 2706 4508 τοῦ
2749 4457 2824 4526 μὴ
2855 4460 3046 4524 φυγεῖν
3094 4456 3260 4509 αὑτὸν
3285 4455 3538 4518 λαθόντα,
3572 4453 3709 4522 πρὶν

2132 4548 2199 4600 ἂν
2233 4546 2410 4598 τελεία
2453 4548 2677 4617 γένηται
2729 4551 2764 4619 ἡ
2802 4551 2932 4618 περ)⁵
2972 4547 3136 4604 αὐτοῦ
3168 4551 3281 4611 τοῖς
3317 4547 3458 4610 ὅλοις
3489 4549 3711 4616 κριταῖς

2132 4639 2456 4706 ἀπόφανσις.
2531 4641 2593 4692 Ὃ
2621 4639 2685 4709 δὴ
2722 4639 2888 4692 πολὺν
2939 4640 3222 4707 ἐνέσπειρε
3279 4639 3369 4692 τὸν
3404 4639 3568 4706 φόϐον
3611 4641 3714 4691 καὶ

453 4726 606 4794 prius
653 4740 948 4800 perpessus
992 4734 1130 4789 erat,
1173 4723 1389 4779 vincula
1437 4724 1842 4790 recordantem,
1890 4739 2017 4794 quo-

2131 4728 2228 4794 τὴν
2261 4727 2358 4794 τῆς
2389 4727 2610 4796 εἱρκτῆς
2641 4727 2876 4796 ὑποψίαν
2909 4730 2964 4791 ἐς
3006 4731 3104 4797 τὴν
3135 4727 3326 4782 τούτου
3359 4728 3535 4796 ψυχὴν
3561 4744 3579 4759 ο
3613 4730 3714 4780 καὶ

453 4834 576 4872 rum
620 4819 847 4888 vestigia
896 4822 1138 4871 recentia
1183 4817 1363 4871 adhuc
1392 4825 1448 4872 et
1477 4833 1733 4886 expressa
1761 4819 1816 4870 in
1845 4818 2028 4871 animo

452 4909 898 4964 circumferebat.
945 4909 1082 4962 Cum
1119 4918 1301 4963 autem
1336 4909 1498 4963 vades
1524 4909 1704 4962 minus
1749 4917 2031 4977 promptos

457 5001 560 5055 sibi
601 5001 773 5056 all'ore
817 4991 1064 5064 vidéret,
1118 5001 1302 5070 plures
1342 5018 1407 5056 ac
1435 5001 1874 5055 vehementiores
1903 5016 2029 5055 eum

456 5100 697 5146 terrores
739 5100 1034 5147 concutere
1083 5101 1389 5160 cmpcrunt.
1433 5091 1579 5157 Quas
1608 5092 1678 5144 ob
1721 5105 1807 5144 res
1850 5090 2029 5159 fugam

455 5191 679 5238 coactus
712 5182 974 5252 arripere,
1009 5199 1132 5237 cum
1162 5187 1344 5238 statim
1393 5186 1623 5237 sollicite
1668 5195 2026 5251 quaereretur,

457 5290 725 5345 nusquam
755 5284 842 5330 est
877 5275 925 5328 in
939 5283 1148 5330 ventus.

2130 4821 2185 4880 ὲς
2211 4820 2520 4888 ἀνάμνησιν
2565 4819 2764 4888 ἡρχετο
2819 4815 2978 4883 αὖθις
3003 4821 3112 4874 τῶν
3169 4821 3450 4890 προτέρων
3477 4821 3714 4872 ἐκείνων

2131 4913 2224 4963 καὶ
2276 4911 2726 4980 ἀπαραμυθήτων
2775 4912 3012 4982 δεσμῶν,
3071 4905 3147 4965 ὧν
3177 4914 3244 4964 τὰ
3278 4914 3401 4981 ίχνη
3447 4911 3576 4980 περὶ
3607 4911 3712 4977 τὴν

2130 5002 2357 5070 καρδίαν
2406 5003 2485 5054 ἔτι
2545 5001 2769 5072 κείμενα
2823 4998 2964 5074 ἦσαν
3009 5003 3279 5072 ἐναργῶς.
3336 5003 3484 5054 Ἐπεὶ
3517 5002 3576 5053 δὲ
3613 5005 3714 5054 καὶ

2128 5095 2523 5164 όκνηροτέρους
2559 5095 2756 5147 ἑϐλεπε
2790 5097 2915 5156 τοὺς
2955 5097 3420 5166 ἐγγυησομένους,
3449 5095 3711 5164 συχνυτέ·

2137 5203 2249 5253 ροις
2288 5187 2380 5239 καὶ
2427 5187 2771 5256 δριμυτέροις
2830 5187 3202 5257 ἐπολιορκεῖτο
3237 5188 3438 5257 μᾶλλον
3469 5189 3581 5246 τοῖς
3615 5187 3713 5253 φό-

2137 5279 2272 5341 ϐοις.
2305 5279 2397 5330 Διὸ
2429 5280 2524 5330 καὶ
2555 5279 2922 5346 ἀναγκασθεὶς
2977 5278 3150 5349 ᾤχετο
3183 5279 3358 5348 λάθρα
3390 5275 3581 5349 φυγὼν
3609 5278 3711 5330 καὶ

2137 5373 2366 5422 πλεῖστα
2402 5371 2734 5440 ζητούμενος
2764 5371 2924 5434 εὐθὺς
2950 5372 3048 5441 οὐχ
3076 5371 3295 5443 εὑρέθη.

1805 5479 1910 5537 Va.
1934 5479 2136 5538 inrum
2180 5491 2362 5540 nota).

525 5602 644 5674 (65)
667 5603 1102 5669 Cantacuzenns,
1141 5603 1239 5658 lib.
1272 5621 1330 5668 ιι,
1367 5620 1486 5673 cap.
1521 5604 1610 5657 ‘24.
1649 5603 1879 5657 Dccmc.

529 5673 643 5743 (66)
673 5676 775 5742 Qui
807 5676 988 5746 magni
1041 5675 1218 5744 Papia:
1253 5675 1518 5744 dignitate
1553 5676 1788 5729 donatus
1825 5675 2025 5730 dicitur
2064 5673 2407 5729 Can‘tacuzcn
2462 5675 2558 5730 lib.
2597 5690 2655 5738 ll,
2693 5690 2811 5744 cap.
2843 5675 2931 5730 2'1.
2973 5678 3206 5730 Decus.

404 5765 428 5794 Ι
