4000 6206
501 379 605 448 691
792 379 870 451 [Α.
911 392 966 436 ιι.
1003 373 1142 436 6836
1181 393 1244 434 Αι)
1285 376 1447 451 ossa]

1700 380 1747 443 N
1760 375 2116 445 lCEPHORI
2157 372 2471 444 GRE‘GOR
2494 382 2539 441 Ε

2817 377 2954 450 [una
2996 392 3277 435 sannomc.
3319 378 3458 451 ws.)

3635 380 3735 450 69?.
3814 428 3839 448 .

500 502 651 568 galea
681 509 735 554 et
766 501 922 556 hasta
948 499 1028 557 sic
1051 515 1261 567 eorum,
1284 501 1375 570 qui
1404 512 1596 572 pugnes
1626 502 1819 556 arbitri
1852 501 2064 566 sedent,

2172 501 2460 572 συμμαχία
2491 498 2893 572 ἐπιτηδεύεται.
2966 503 3157 564 Ἀσκ“;ς
3187 500 3295 571 γὰρ
3340 501 3436 557 καὶ
3483 501 3613 571 δόρυ
3644 504 3741 557 καὶ

492 592 758 663 judicium
797 608 940 660 saepe
972 600 1356 662 praeoccupant
1386 603 1440 647 ct
1468 592 1581 646 veri
1617 592 1816 649 indicia
1839 592 2068 648 conforr-

497 683 656 745 dunt,
689 692 750 738 ut
780 684 953 752 ipsius
981 698 1175 738 manus
1212 693 1390 739 errata
1420 684 1709 753 profundis
1732 686 1885 756 quasi
1920 695 2071 740 tene~

497 775 613 830 bris
638 791 813 831 mersa
850 776 1152 830 involvant.
1170 775 1226 829 In
1246 776 1555 831 calamitate
1575 792 1708 831 vero
1729 777 1894 832 animi
1917 776 2071 831 forti-

499 866 631 920 tudo
661 867 774 921 sola
807 866 861 921 in
898 875 1172 921 certamen
1194 865 1499 932 descendit,
1521 867 1804 939 nudosque
1841 878 1895 923 et
1927 869 2070 923 iner-

495 973 613 1013 mes
640 958 827 1026 pedes,
852 957 1080 1012 consilio
1102 967 1158 1013 et
1180 957 1468 1027 prudentia
1506 960 1673 1016 veluti
1697 959 1852 1014 firmo
1875 960 2067 1015 funda.

494 1059 682 1103 mento
715 1048 871 1103 nixos
902 1049 1200 1104 obfirmans
1221 1090 1236 1116 ,
1288 1049 1581 1106 fortissime
1616 1052 1873 1107 resistere
1903 1063 2066 1122 atque

494 1141 666 1215 obniti
693 1150 868 1209 potest
892 1143 1068 1197 cuivis
1090 1142 1294 1197 doloris
1320 1143 1508 1198 ﬂuctui
1534 1158 1598 1200 ac
1619 1143 1857 1199 violento
1885 1145 2064 1210 aestui,

494 1234 644 1287 velut
673 1233 1059 1288 inconcussum
1092 1237 1524 1303 promontorium
1559 1235 1852 1292 insanienti
1875 1235 2067 1306 pelago

492 1324 792 1394 objectum.
847 1326 924 1379 Ac
973 1327 1268 1380 vehemens
1314 1327 1534 1395 quidem
1582 1327 1733 1382 illius
1787 1326 2068 1397 tragoediae

493 1422 787 1484 tempestas
815 1413 937 1478 fuit,
971 1430 1133 1484 quam
1167 1416 1263 1472 tibi
1295 1417 1465 1486 patris
1501 1416 1852 1486 imperatoris
1882 1417 2065 1475 obitus

492 1504 815 1571 suscitavit;
848 1506 1141 1561 vehemens
1177 1507 1308 1560 item
1339 1523 1424 1573 ea,
1458 1523 1619 1577 quam
1652 1508 1738 1563 avi
1773 1508 2067 1578 imperato-

491 1596 570 1650 ris
618 1596 892 1652 interitus.
932 1597 1035 1652 Sed
1089 1606 1267 1654 tamen
1319 1609 1494 1655 matre
1550 1601 1841 1671 superstite
1883 1599 2064 1655 solatii

491 1689 724 1744 multum
760 1689 1049 1760 superfuit,
1084 1707 1193 1760 quo
1229 1691 1408 1747 luctus
1439 1693 1530 1748 ille
1559 1693 1836 1748 levaretur
1865 1700 1921 1748 et
1947 1691 2063 1747 elli-

492 1781 606 1834 eaci
643 1780 928 1847 hilaritatis
957 1782 1196 1838 remedio
1214 1782 1379 1839 veluti
1403 1784 1742 1839 condiretur.
1767 1784 1835 1840 At
1859 1784 1948 1840 hic
1964 1783 2059 1855 qui

484 1960 750 2016 'vissimus
815 1977 1030 2019 omnem
1087 1965 1293 2021 doloris
1372 1967 1728 2023 acerbitatem
1811 1975 2067 2037 superat,

487 2044 651 2118 492
684 2065 805 2106 cum
834 2051 903 2106 ob
936 2053 1196 2124 majorem
1247 2055 1531 2123 sanguinis
1572 2055 1916 2122 affinitatem,
1955 2061 2071 2113 tum

488 2139 633 2206 quod
678 2154 743 2194 ea
773 2142 885 2196 sola
917 2151 1157 2198 extrema
1187 2130 1406 2200 familiae
1432 2161 1629 2201 ancora
1653 2157 1705 2202 et
1732 2163 1944 2203 summa
1975 2148 2074 2203 ob-

485 2224 709 2283 lectatio
749 2230 956 2301 reliqua
992 2231 1115 2287 fuit.
1148 2233 1282 2288 Nam
1313 2234 1381 2289 ad
1420 2235 1567 2304 ipsas
1595 2252 1768 2305 usque
1804 2237 2072 2293 medullas

489 2329 735 2389 penetrat
759 2322 847 2376 hic
864 2323 1039 2387 dolor.
1068 2334 1123 2379 et
1149 2325 1265 2395 ipsa
1291 2341 1412 2381 ossa
1436 2336 1547 2390 tua,
1572 2327 1869 2383 fortissime
1898 2329 2072 2398 impe-

491 2412 662 2474 rator,
684 2420 941 2482 tauquam
963 2415 1162 2484 aliquis
1181 2418 1378 2472 vermis
1411 2421 1638 2474 arrodit.
1671 2419 1871 2486 Quidni
1903 2426 2071 2480 vero?

491 2512 616 2555 cum
646 2516 708 2557 ca
743 2511 917 2557 mater
945 2503 1129 2571 fuerit,
1157 2516 1350 2574 mater,
1381 2510 1626 2578 inquam,
1659 2513 2064 2581 augustissima,

492 2588 792 2659 eademque
829 2590 1175 2656 suavissima,
1220 2602 1277 2647 et
1308 2592 1567 2649 firmis’ac
1597 2595 2068 2653 indissolubilibus

490 2686 703 2736 natura:
748 2682 981 2739 vinculis
1030 2684 1126 2740 tibi
1180 2687 1401 2742 astricta
1431 2703 1445 2741 :
1473 2689 1700 2759 etquod
1750 2691 1924 2761 majus
1960 2702 2064 2759 est,

441 2795 455 2807 κ
487 2773 740 2841 plurimis
758 2783 850 2830 tua
877 2787 1042 2831 causa
1067 2776 1349 2835 laboribus
1385 2782 1698 2837 exercitata.
1722 2782 1910 2854 Neque
1933 2799 2063 2839 vero

487 2870 540 2921 te
567 2867 740 2922 solum
764 2883 859 2924 sua
885 2880 1056 2924 morte
1076 2869 1129 2924 in
1162 2880 1365 2927 tantam
1384 2874 1663 2929 tristitiam
1687 2876 1946 2942 coniecit,
1968 2877 2063 2931 sed

486 2956 652 3012 etiam
703 2974 803 3013 nos
851 2975 1066 3025 omnes,
1099 2962 1193 3030 qui
1223 2963 1376 3018 vobis
1422 2981 1696 3033 paremus.
1740 2964 1854 3021 lmo
1884 2969 2064 3024 luctus

487 3045 592 3102 iste
632 3058 819 3104 noSter
869 3050 1068 3120 duplex
1099 3064 1201 3106 est.
1232 3052 1365 3108 Nam
1397 3064 1453 3109 et
1480 3071 1580 3110 nos
1619 3072 1837 3126 gravem
1879 3058 2063 3128 jactu-

488 3142 605 3190 r‘am
655 3137 910 3203 fecimus,
956 3154 1131 3211 eoque
1163 3143 1447 3213 majorem,
1492 3145 1639 3213 quod
1682 3153 1740 3200 et
1779 3145 1892 3211 illa,
1930 3132 2059 3202 dum

486 3228 720 3295 viveret,
753 3230 1008 3286 salutaris
1048 3242 1236 3300 portus
1274 3230 1519 3288 omnium
1551 3234 1653 3290 fuit
1680 3245 1737 3290 et
1768 3250 2058 3293 commune
2084 3221 2129 3283 (ἶ

486 3320 779 3390 solatium;
806 3333 861 3379 et
894 3340 1042 3380 nunc
1077 3334 1223 3381 tuam
1263 3328 1702 3398 augustissimam
1729 3339 1785 3385 et
1815 3330 2061 3401 publica-

485 3427 608 3468 rum
657 3429 842 3468 rerum
893 3414 1273 3484 inspectricem
1304 3429 1360 3474 et
1387 3421 1716 3476 curalricem
1766 3437 2061 3478 mentema

484 3507 815 3564 necessariis
859 3508 1006 3563 curis
1036 3517 1243 3565 avocat.
1276 3511 1431 3578 Quod
1460 3515 1507 3567 sl
1531 3528 1649 3567 cam
1692 3530 1800 3569 non
1836 3529 2089 3584 prorsus

487 3606 653 3669 atque
698 3598 925 3656 omnino
965 3601 1271 3668 abstrahit,
1313 3615 1492 3661 tamen
1527 3606 1580 3660 in
1610 3615 1762 3662 tanto
1803 3620 2061 3662 curarum

485 3696 620 3746 astu
666 3691 836 3748 etiam
886 3708 1112 3762 parvum
1147 3696 1600 3767 impedimentum
1633 3698 1865 3752 maxima
1902 3699 2062 3754 atl'crt

487 3780 819 3838 detrimenta
874 3784 1189 3853 reipublicaa
1244 3788 1480 3859 navigio,
1535 3804 1642 3843 non
1695 3803 1853 3844 secus
1906 3805 1970 3845 ac
2015 3789 2061 3845 si

488 3873 825 3945 gubernator
861 3876 912 3929 in
940 3877 1118 3932 medio
1148 3878 1338 3949 pelago
1368 3887 1690 3950 tempestate
1714 3880 2058 3947 conﬂictans,

2177 591 2379 664 κράνος
2393 592 2491 663 τὴν
2517 592 2625 647 τῶν
2646 593 3125 660 ἀγωνοθετούντων
3142 593 3401 656 πολλάκις
3419 593 3747 663 ἁρπάσαντα

2177 684 2361 751 κρίσιν
2390 685 2482 740 καὶ
2525 685 2953 756 συγκυκήσαντα
2983 686 3110 748 τοὺς
3157 684 3405 756 ἐλέγχους
3438 685 3497 738 ἐν
3525 685 3746 755 ἀδήλοις

2175 775 2289 829 ἐσθ’
2324 777 2411 829 ὅτε
2442 776 2627 846 βυθοίς
2658 777 2757 846 τῆς
2791 776 3053 846 παλάιίης
3109 776 3474 847 τάγκλήματα
3518 777 3747 850 συνεκάο

2174 867 2374 937 λυψαν.
2440 867 2707 923 Ἐνταῦθα
2758 867 2864 936 δ’ή
2901 869 3018 938 θεῆς
3066 866 3242 937 ψυχῆς
3271 866 3463 938 ἀνδρία
3490 867 3745 937 καθαρῶς

2174 957 2517 1029 ἀποδυομινη
2574 959 2712 1028 πρὸς
2772 960 2900 1023 τοὺς
2933 959 3159 1028 ἀγῶνας
3201 957 3318 1028 ἔχει
3366 957 3621 1028 καθάπερ
3650 959 3742 1012 ἐπὶ

2174 1052 2410 1124 στερρᾶς
2433 1051 2700 1122 κρηπῖδος
2726 1050 2864 1122 (70),
2885 1051 2984 1121 τῆς
3005 1051 3230 1120 γνώμης
3261 1067 3317 1103 τε
3342 1054 3439 1103 καὶ
3457 1051 3732 1115 συνέσεως.

2173 1143 2413 1212 γυμνοὺς
2467 1142 2563 1196 καὶ
2614 1141 2852 1207 ἀόπλους
2904 1143 3030 1205 τοὺς
3086 1141 3255 1205 πόδας
3282 1143 3540 1206 ἐρείσασα
3594 1142 3733 1211 μάλα

2173 1236 2436 1304 γενναίως
2459 1232 2817 1288 ἀνθίστασθαι
2839 1236 2937 1288 καὶ
2962 1235 3213 1306 ἀντέχειν
3238 1234 3373 1304 πρὸς
3400 1234 3547 1287 ἅπαν
3566 1234 3735 1299 λύπης
3776 1260 3780 1265 ι

2170 1325 2324 1396 κῦμα
2354 1326 2451 1379 καὶ
2468 1325 2669 1396 ῥόθιον,
2686 1325 2939 1398 καθάπερ
2958 1327 3202 1398 προόλὴς
3224 1326 3514 1389 ἀτίνακτος
3533 1327 3740 1378 ἑστῶσα

2176 1419 2311 1489 πρὸς
2340 1416 2672 1487 ὑϐρίζουσαν
2704 1417 3005 1472 θάλασσαν.
3056 1416 3297 1488 Σφοδρδς
3332 1419 3432 1487 μὲν
3478 1412 3576 1470 οὖν
3602 1412 3672 1485 ἦν
3721 1418 3747 1468 ὁ

2171 1510 2381 1581 χειμὼν
2425 1512 2643 1583 ἐκείνης
2698 1515 2797 1583 τῆς
2836 1513 3169 1585 τραγῳδίας,
3200 1512 3268 1582 ἢν
3295 1513 3323 1567 ό
3353 1509 3449 1565 τοῦ
3484 1510 3749 1581 βασιλέως

2173 1604 2266 1667 καὶ
2324 1604 2531 1677 πατρὸς
2586 1606 2865 1678 ἐπήνεγκέ
2899 1623 2980 1660 σοι
3018 1605 3284 1668 θάνατος’
3338 1602 3572 1674 σφοδρὸς
3601 1601 3651 1656 δ’
3681 1596 3749 1655 αὖ

2171 1695 2270 1749 καὶ
2298 1695 2329 1750 ύ
2362 1694 2455 1751 τοῦ
2491 1696 2759 1766 βασιλέως
2784 1696 2880 1751 καὶ
2909 1696 3163 1760 πάππου,
3198 1696 3249 1749 εί
3279 1696 3353 1764 μὴ
3394 1696 3491 1748 καὶ
3522 1690 3757 1762 μείζονα

2175 1783 2309 1855 φαίη
2334 1803 2419 1850 τις
2442 1784 2531 1852 ἂν,
2553 1786 2636 1840 δτι
2667 1786 2777 1851 ζῶν
2806 1786 2903 1840 καὶ
2928 1786 3246 1854 κινούμενον
3285 1785 3446 1848 αὑτὸς
3468 1783 3756 1837 ἐλέλειπτο

387 1912 391 1915 τ
503 1881 555 1926 te
589 1888 735 1926 nunc
773 1871 1007 1929 dominae
1043 1875 1233 1931 matris
1259 1891 1419 1931 casus
1454 1877 1725 1947 oppressit
1757 1878 1918 1947 longe
1946 1891 2067 1947 gra-

2175 1874 2491 1948 φάρμακον,
2527 1877 2722 1947 ἡδονὴν
2770 1877 2990 1948 ὁμαλῶς
3042 1875 3240 1929 οὑτωσί
3269 1886 3388 1939 πως
3417 1873 3759 1943 ἀντιτεχνώ-

2182 1986 2342 2039 μενον
2373 1969 2474 2039 τῆς
2504 1969 2708 2041 σφόδρα
2736 1969 2969 2039 ζεούσης
3000 1969 3216 2038 ἐκείνης
3252 1970 3350 2023 καὶ
3381 1966 3761 2038 φλεγμαινοὺ-

2183 2077 2283 2131 σης
2316 2059 2554 2131 πληγῆς.
2598 2061 2739 2115 Ἀλλ’
2765 2064 2799 2133 ἡ
2833 2059 2930 2115 νῦν
2964 2059 3272 2115 ἐπελθοῦσά
3303 2077 3388 2114 σοι
3414 2059 3515 2130 τῆς
3542 2060 3763 2131 μητρὸς

2180 2151 2278 2206 καὶ⁵
2309 2153 2597 2225 δεσποίνης
2646 2154 2909 2225 συμφορὰ
2947 2153 3128 2224 πολλῷ
3184 2151 3643 2224 στρατηγουμένη
3681 2151 3761 2221 τῷ

2176 2247 2577 2317 ὑπερόάλλοντι
2602 2249 2785 2302 πᾶσαν
2816 2249 3202 2318 ὑπερπέπαικε
3236 2245 3418 2318 λύπης
3439 2245 3762 2315 ὑπερϐολὴν

2178 2339 2266 2392 διά
2297 2356 2355 2393 τε
2383 2339 2443 2392 τὸ
2466 2340 2569 2409 τῆς
2589 2338 2803 2407 φύσεως
2828 2339 3257 2410 συγγενέστερον
3280 2338 3372 2392 καὶ
3398 2336 3579 2406 πολλῴ
3611 2337 3762 2406 μᾶλ-

2175 2430 2267 2482 λον
2298 2429 2383 2483 διὰ
2412 2431 2475 2483 τὸ
2506 2433 2677 2500 μόνην
2705 2430 2913 2502 ταύτην
2966 2432 3060 2486 τοῦ
3102 2432 3294 2500 γένους
3321 2430 3762 2500 καταλελεῖφθαι

2177 2523 2498 2577 τελευταίαν
2519 2526 2771 2598 ἄγκυραν
2797 2526 2892 2580 καὶ
2913 2527 3183 2597 θρμηδίας
3204 2526 3523 2598 ἀκρόπολιν.
3540 2527 3766 2580 ’Δπτε-·

2178 2630 2267 2666 ται
2295 2614 2403 2684 γὰρ
2440 2615 2533 2668 καὶ
2588 2615 2790 2681 αὑτῶν,
2846 2616 2922 2681 ὡς
2954 2620 3151 2680 εἰπεῖν,
3192 2619 3406 2688 μυελῶν
3435 2621 3532 2688 τῆς
3565 2618 3764 2689 ψυχῆς

2176 2705 2270 2758 καὶ
2303 2705 2398 2776 σὴς
2430 2704 2632 2759 ὀστέων
2678 2706 3008 2764 καθίσταταί
3040 2722 3125 2763 σοι
3151 2709 3230 2779 τῷ
3275 2710 3452 2765 πάντα
3484 2711 3757 2781 γενναίῳ.

2174 2797 2284 2850 Καὶ
2313 2797 2428 2861 πῶς
2457 2796 2566 2868 γάρ
2598 2797 2694 2865 οὓς
2726 2800 2925 2871 Μήτηρ
2944 2818 3005 2855 τε
3032 2801 3170 2856 οὖσα
3201 2802 3294 2856 καὶ
3325 2802 3506 2873 μήτηρ
3535 2802 3761 2872 βασιλι-

2173 2889 2391 2958 κωτάτη
2409 2905 2469 2941 τε
2490 2890 2585 2944 καὶ
2607 2888 2922 2964 γλυκυτάτη
2949 2893 3045 2946 καὶ
3065 2894 3309 2965 στερροῖς
3335 2895 3430 2949 καὶ
3452 2894 3764 2965 ἀρρήκτοις

2170 2981 2268 3052 τῆς
2290 2981 2505 3049 φύσεώς
2535 3000 2617 3037 σοι
2643 2985 3000 3057 συνδεδεμένη
3029 2989 3142 3051 τοῖς
3169 2988 3498 3059 σπλάγχνοις
3525 3003 3541 3018 ’
3571 2989 3675 3042 καὶ
3699 2988 3761 3042 τό

2167 3086 2231 3143 γε
2253 3074 2461 3144 μεῖζον,
2485 3074 2776 3142 πλείστους
2802 3078 2944 3150 ὑπὲρ
2967 3080 3061 3133 σοῦ
3082 3081 3206 3145 τοὺς
3232 3081 3426 3142 πόνους
3447 3079 3755 3134 ἀνατλᾶσα.

2165 3166 2241 3219 Οὑ
2264 3165 2324 3220 σὲ
2351 3166 2407 3220 δὲ
2442 3167 2604 3238 μόνον
2634 3170 2693 3233 ἐς
2719 3169 2839 3224 τόδε
2872 3171 3051 3242 λύπης
3084 3172 3271 3240 ἐκείνη
3301 3171 3540 3226 θανοῦσα
3569 3172 3751 3237 ξυνὼο

2162 3256 2348 3325 θησεν,
2378 3256 2511 3311 ἀλλὰ
2562 3258 2656 3312 καί⁵
2709 3259 2921 3323 πάντας
2950 3262 3080 3325 τοὺς
3111 3261 3385 3333 ὑπηκόους
3430 3262 3578 3332 ἡμᾶς
3600 3277 3616 3293 ·
3657 3260 3761 3314 καὶ

2161 3347 2321 3419 διπλῆ
2350 3365 2414 3417 γε
2449 3349 2671 3418 μᾶλλον.
2711 3351 2892 3422 Ζημία
2928 3352 3166 3426 μέν’γὰρ
3199 3354 3296 3407 καὶ
3319 3355 3454 3424 ἡμῖν
3497 3356 3758 3422 ἐγεγόνει

2165 3440 2421 3512 μεγίστη,
2479 3440 2565 3515 [Ρ.
2612 3438 2741 3516 505]
2798 3445 2889 3497 καὶ
2935 3443 3163 3498 τοσοῦτο
3193 3444 3451 3514 μεγίστη,
3502 3444 3627 3496 ὅσον
3658 3444 3758 3496 καὶ

2162 3530 2433 3600 περιοῦσα
2461 3532 2629 3604 λιμήν
2657 3550 2743 3598 τις
2773 3532 2989 3605 ὑπῆρχε
3016 3536 3129 3598 τοῖς
3150 3590 3155 3594 ,
3173 3535 3317 3597 ὅλοις
3361 3535 3544 3605 ἐκείνη
3577 3535 3757 3604 σωτή-

2164 3639 2279 3694 ριος
2312 3624 2406 3677 καὶ.
2434 3626 2747 3696 πανήγυρις
2777 3626 3048 3696 εὐθυμίας
3069 3643 3083 3659 ο
3120 3626 3181 3681 τὸ
3210 3626 3265 3680 δὲ
3301 3626 3509 3697 μεῖζον,
3538 3627 3623 3680 ὅτι
3654 3627 3756 3681 καὶ

2165 3710 2260 3765 σοῦ
2291 3712 2381 3766 τὸν
2414 3712 2844 3783 βασιλικώτατον
2888 3718 2985 3769 καὶ
3035 3717 3144 3770 τῶν
3175 3717 3374 3771 κοινῶν
3398 3718 3756 3789 πραγμάτων

2165 3811 2407 3881 ἡγεμόνα
2430 3827 2489 3864 τε
2509 3811 2603 3864 καὶ
2632 3811 2877 3882 ἐπόπτην
2898 3812 3022 3865 νοῦν
3047 3813 3157 3867 τῶν
3186 3812 3426 3866 δεουσῶν
3447 3805 3764 3881 άπασχολετ

2162 3902 2462 3973 φροντίδων
2484 3918 2496 3933 ⁸
2528 3904 2577 3956 εί
2612 3903 2669 3957 δὲ
2701 3905 2776 3976 μὴ
2808 3904 3065 3972 καθάπαξ
3097 3905 3190 3965 καὶ
3219 3904 3295 3968 ὡς
3328 3903 3531 3958 ἐπίπαν
3564 3905 3760 3976 ἀπηρ-

378 5046 381 5049 η
488 4994 754 5049 evaserat,
782 4987 976 5043 intimo
1002 4988 1167 5044 corde
1190 4989 1354 5044 tacite
1379 4989 1583 5055 alebat)
1600 4992 1852 5059 corporis
1870 4989 2059 5054 oblita,

370 5492 399 5507 ,ι
489 5466 601 5505 nrn
631 5452 759 5522 quia
793 5452 1025 5507 maritus
1052 5450 1175 5515 fuit,
1208 5449 1302 5505 sed
1331 5448 1458 5519 quia
1490 5462 1587 5518 per
1620 5446 1769 5501 illum
1798 5447 1864 5501 ad
1890 5449 2070 5503 since-

488 3967 702 4024 inlerne
725 3964 981 4023 ﬂuctibtts
1010 3968 1446 4040 insurgentibus,
1471 3987 1707 4042 superne
1730 3987 1859 4028 vero
1883 3974 2063 4030 ventis

2171 3996 2455 4065 τισμένως,
2480 3995 2596 4049 ἀλλ’
2627 3991 2719 4050 οὖν
2746 3998 2804 4050 ἐν
2832 3996 3074 4067 τοσούτῳ
3103 3998 3480 4069 περιστάσεων
3512 3997 3757 4052 κλύδωνι

487 4059 610 4115 vela
650 4059 1024 4123 turbantibus,
1059 4061 1278 4116 interim
1309 4074 1364 4118 et
1394 4064 1512 4133 ipse
1541 4064 1624 4119 sui
1653 4064 1900 4120 muneris
1925 4064 2064 4119 obii-

2171 4059 2340 4141 καὶ-τὺ
2366 4059 2600 4158 σμικρὸν
2627 4088 2887 4157 ἐμπόδιον
2913 4059 3167 4158 μέγιστον
3179 4059 3250 4157 τῇ
3270 4088 3379 4144 τῶν
3404 4059 3756 4160 πραγμάτων

488 4152 580 4206 tus
608 4150 889 4219 dormitet,
923 4161 984 4206 ut
1015 4153 1150 4208 nihil
1175 4155 1285 4224 jam
1315 4154 1385 4209 sit
1414 4153 1686 4224 reliquum
1735 4154 1884 4225 quod
1904 4171 2062 4224 «pro-

2171 4178 2352 4232 ὁλκάδι
2380 4150 2628 4247 γίγνεται
2659 4150 2925 4246 ⁷βλςίιὸοςξ
2958 4150 3054 4232 καὶ
3103 4150 3757 4251 παραπλήσιονίῶσπερ

487 4241 698 4309 hibeat,
740 4244 1038 4312 quominus
1074 4244 1229 4299 navis
1254 4245 1309 4300 in
1342 4244 1568 4307 fundum
1604 4248 1769 4302 maris
1793 4248 1910 4304 suis
1935 4262 2059 4303 cum

2171 4268 2236 4324 ἂν
2268 4269 2321 4322 εί
2341 4241 2424 4334 τίς
2451 4241 2796 4340 κυϐερνήτης
2830 4241 3097 4341 χειμῶνος
3122 4241 3366 4339 ἐνμέσῳ.
3385 4241 3614 4338 πελάγει
3663 4241 3763 4323 tua

486 4335 804 4391 vectoribus
831 4337 1015 4393 subito
1037 4336 1400 4407 demergatur.
1432 4337 1820 4405 Quamobrem,
1845 4351 1904 4395 ut
1923 4341 2059 4395 nihii

2171 4361 2293 4432 χὼν,
2319 4359 2560 4415 κάτωθεν
2713 4335 2958 4430 τῶνᾶυρ
2969 4359 3112 4414 ἀτων
3134 4335 3276 4414 κατὰ
3299 4335 3398 4431 τῆς
3424 4335 3550 4429 νηὸς
3571 4360 3759 4414 ἐπαν-

486 4427 636 4484 aliud
693 4436 746 4484 te
799 4439 1055 4494 moveat,
1116 4429 1310 4486 saltem
1367 4439 1593 4500 propter
1637 4431 1913 4502 subjectas
1962 4432 2059 4486 tibi

2171 4427 2472 4522 ἱσταμένων
2493 4490 2509 4517 ,
2544 4427 2750 4507 ἄνωθεν
2779 4451 2835 4505 δὲ
2885 4427 2993 4505 τῶν
3052 4427 3377 4520 πνευμάτων
3421 4427 3518 4521 τῆς
3551 4450 3760 4521 ὀθόνης

485 4518 676 4586 urbes,
710 4534 947 4577 maerore
977 4522 1100 4578 aliis
1128 4523 1409 4584 mandato,
1447 4522 1787 4578 solitam‘tibi
1812 4532 1867 4578 et
1896 4523 2058 4596 493

2171 4546 2642 4617 κατορχουμένων,
2679 4544 2885 4617 μεταξὺ
2922 4545 3016 4599 καὶ
3047 4545 3209 4607 αὑτὸς
3226 4545 3325 4615 τῆς
3348 4545 3759 4618 πηδκλιουχίας

485 4611 915 4684 imperatoriam-
941 4614 1397 4685 magniﬁcentiam
1430 4615 1684 4670 retineto.
1718 4613 1938 4671 imitare
1964 4617 2064 4672 de-

2171 4611 2527 4710 ἐκλαθόμενος
2551 4611 2979 4708 ἐπινυστάξειεν,
3005 4640 3081 4704 ὡς
3116 4611 3442 4713 μηδὲν-εἷναι
3467 4611 3660 4695 λοιπὸν
3694 4642 3761 4696 τδ

486 4703 691 4761 Iunctae
744 4706 892 4762 illius
946 4706 1196 4777 generosi
1261 4707 1428 4761 animi
1481 4709 1844 4764 constantiam
1875 4749 1891 4773 ,
1944 4725 2066 4779 qua:

2171 4703 2393 4798 κωλύον,
2424 4703 2722 4801 αὔτανδρον
2890 4703 3024 4786 ναύν
3064 4703 3279 4786 Ῠαὺτίκα
3308 4731 3764 4803 paup-40089!»

485 4806 715 4869 propter
762 4801 1043 4856 ardentem
1088 4801 1182 4856 Dei
1223 4815 1469 4886 amorem
1517 4802 1703 4874 (quem
1751 4803 1915 4875 longo
1955 4803 2064 4873 jam

2171 4824 2419 4895 μήσασαν
2446 4826 2501 4888 ἐς
2532 4801 2827 4893 πυθμένας
2846 4824 3123 4893 θαλάσσης
3153 4823 3470 4880 καταδῦναι.
3502 4801 3679 4878 Ὅθεν
3704 4825 3759 4877 εί

488 4900 757 4963 tempore,
788 4909 855 4950 ex
882 4907 993 4966 quo
1024 4895 1386 4966 perniciosam
1421 4905 1710 4967 parentum
1752 4897 2064 4967 opinionem

2171 4917 2241 4988 μή
2273 4934 2328 4969 τι
2379 4915 2529 4982 ἄλλο,
2565 4917 2679 4970 ἀλλ’
2710 4911 2805 4970 οὖν
2860 4915 2951 4969 διά
2978 4933 3042 4985 γε
3075 4916 3171 4980 τὰς
3208 4916 3486 4986 ὑπηκόους
3513 4915 3627 4969 τῶν
3654 4917 3764 4969 τεός

2164 5008 2323 5074 λεων,
2352 5006 2388 5062 ἃ
2421 5007 2519 5077 τῆς
2548 5007 2724 5076 λύπης
2753 5007 2891 5078 ἔργα
2918 5008 3232 5076 πεφύκασιν
3267 5008 3449 5070 ἄλλοις
3478 5024 3764 5079 παραχωί-

489 5080 658 5136 oblita
701 5082 887 5153 gloriae
926 5093 982 5140 et
1025 5084 1363 5152 imperatorii
1407 5080 1753 5155 splendoris;
1791 5081 1870 5137 tui
1907 5082 2066 5137 deni-

2171 5099 2341 5170 ρήσας
2364 5097 2547 5168 σαυτῷ
2576 5098 2637 5151 τὸ
2665 5098 2895 5169 σύνηθες
2935 5100 3029 5152 καὶ
3081 5097 3353 5168 βασίλειαν
3406 5098 3762 5170 μεγαλοπρεσ

491 5187 625 5242 (ιιιο,
655 5172 801 5243 quod
844 5173 1006 5246 longe
1041 5176 1216 5247 majus
1259 5182 1362 5239 est,
1394 5175 1470 5230 tui
1503 5173 1726 5243 inquam
1774 5172 2067 5238 carissimi,

2171 5192 2265 5256 πὲς
2294 5191 2643 5261 διατήρησον.
2702 5191 2956 5263 Μίμησαι
3004 5192 3106 5260 τῆς
3135 5191 3481 5263 ἀπελθούσης
3525 5191 3761 5260 ἐκείνης

493 5276 661 5335 Quem
692 5265 777 5321 vel
808 5268 907 5323 toti
936 5276 1205 5322 terrarum
1241 5267 1361 5323 orbi
1393 5266 1741 5336 praetulisset.
1781 5264 1971 5327 oblita,
1999 5265 2066 5320 ad

2171 5286 2424 5353 γενναίας
2472 5283 2655 5354 ψυχῆς
2698 5284 2797 5355 τὴν
2844 5285 3203 5355 στερρότητα,
3259 5284 3416 5355 asta:
3447 5284 3575 5345 τοὺς
3608 5285 3762 5352 πρὸς

492 5357 663 5414 Deum
684 5360 944 5426 accurrit,
963 5360 1030 5414 ad
1051 5361 1433 5430 imperatorem
1452 5364 1504 5413 et
1527 5355 1782 5410 maritum
1798 5357 2067 5411 accurrit:

2171 5380 2258 5432 τὸν
2285 5378 2418 5431 Θεὸν
2450 5376 2800 5446 ἀκμάζοντας
2850 5376 3081 5447 ἔρωτας,
3116 5375 3210 5440 οὓς
3244 5376 3576 5448 ἀπορρήτως
3624 5375 3761 5427 ἐϐο-

2164 5486 2298 5524 σκεν
2324 5471 2383 5524 ἐν
2429 5468 2629 5540 καρδία
2676 5468 2842 5522 πάλαι
2867 5469 3036 5521 πολὺν
3079 5468 3179 5538 ἥδη
3204 5468 3296 5521 τὸν
3324 5467 3533 5539 χρόνον,
3560 5465 3660 5533 ἀφ’
3689 5456 3760 5519 οὗ

492 5550 585 5598 ros
618 5541 854 5599 sanioris
883 5540 1153 5613 dogmatis
1181 5540 1363 5595 fontes
1390 5536 1653 5609 perducta
1684 5534 1882 5593 fuerat.
1913 5535 2067 5603 Quod

2171 5563 2267 5633 τῆς
2288 5562 2399 5615 τῶν
2417 5534 2707 5631 φυσάντων
2727 5559 2955 5614 διέσωσε
2979 5534 3138 5630 δόξης
3158 5534 3759 5632 αὑτὴνξέπιλαθομένη

1855 5698 2192 5764 Varioer
2224 5708 2410 5764 notm.

588 5822 674 5896 70)
710 5826 905 5885 Wolfio
932 5827 1138 5902 κρηπίς
1171 5838 1251 5886 est
1281 5826 1510 5899 crepido.
1549 5824 1654 5884 Sed
1698 5824 1906 5897 crepido
1936 5823 2144 5881 consilii
2173 5827 2306 5899 quid
2334 5828 2429 5899 sit,
2460 5844 2571 5887 non
2601 5828 2785 5888 video.
2828 5827 3039 5884 Bonus.
