3966 6210
322 320 436 386 ὕὶ3
581 321 659 395 [Α.
696 338 748 379 c.
792 323 933 380 {528
971 340 1035 381 an
1075 324 1234 398 1541]

1384 332 1823 394 ΒΥΖΑΝΤΙΝΑΞ
1865 333 2247 400 ΗΙΞΤΟΒΙᾸΞ
2286 344 2427 405 LIB.
2471 342 2539 407 X.

2675 338 2810 413 [ιιιρ.
2851 357 3132 399 Ακυιιοκιε.
3165 343 3306 415 sum}

3466 344 3575 413 6θᾶ

326 437 435 502 μὲν
467 435 746 505 σώματος,
773 439 1139 512 ἒπιλαθομένη
1169 443 1225 496 δὲ
1246 442 1403 515 δόξης
1436 447 1530 500 καὶ
1560 446 1766 515 κόσμου
1794 446 1893 515 βα-

2002 450 2045 505 si
2081 453 2228 523 nulla
2269 457 2479 510 veritati
2527 456 2675 513 fraus
2718 458 2964 515 facienda
2992 470 3095 523 est,
3125 462 3191 516 ad
3224 471 3433 531 patrem
3465 461 3572 518 im-

322 527 539 581 σιλικοῦ
570 530 663 582 καὶ
712 530 772 583 τὸ
816 534 1365 611 πάντωννύπέρτερον
1399 538 1764 609 ὲπιλαθομένη
1796 541 1893 593 σοῦ

321 618 424 671 τοῦ
452 618 731 686 φιλτάτου,
859 623 1059 690 κόσμος
1109 625 1294 697 εκείνη
1330 628 1437 689 πᾶς
1493 629 1593 699 οὔχ
1649 629 1896 700 ὑπῆρχεν

324 708 600 775 ἀντάξιος,
633 710 838 780 ἔδραμε
864 713 965 781 μὲν
999 715 1131 785 πρὸς
1151 716 1312 772 Θεόν·
1344 718 1545 791 ἔδραμε
1570 720 1626 774 δὲ
1650 722 1787 791 πρὸς
1805 721 1897 775 τδν

325 798 556 883 βασιλέα
586 804 682 855 καὶ
718 803 973 872 σύζυγον,
1018 807 1117 877 οὐχ
1166 809 1248 863 δτι
1281 810 1534 880 σύζυγος,
1582 813 1698 868 ἀλλ’
1726 816 1808 868 ὃτι
1828 814 1898 868 δι’

322 893 536 942 ἐκεῖνον
566 895 622 954 ἐς
649 894 715 947 ιιά
744 898 841 963 τῆς
868 897 1179 968 ὀρθοδοξίας
1206 902 1472 971 ἀκίόδηλα
1502 906 1897 979 μετακεχωρή-

323 1000 415 1075 iter
441 984 658 1054 νάματα
674 1002 689 1016 ’
728 991 817 1042 καὶ
838 990 888 1043 εί
911 992 1016 1062 χρὴ
1039 994 1114 1063 μὴ
1134 993 1476 1066 λυμήνασθαι
1492 1001 1594 1069 τὴν
1617 1004 1896 1075 ἀλήθειαν,

321 1071 533 1166 tepens
564 1078 703 1166 πρὸς
730 1078 821 1131 τὸν
856 1082 1065 1152 πατέρα
1095 1084 1188 1138 και
1214 1085 1460 1154 βασιλέα,
1490 1091 1581 1144 τὸν
1617 1071 1718 1164 τῆξ
1743 1071 1897 1166 spec;

550 1165 689 1237 αὐτῇ
759 1173 1101 1227 καταστάντα
1164 1174 1515 1234 διδάσκαλον·
1567 1184 1629 1248 ὃς
1673 1161 1900 1257 πρῶτος

321 1255 541 1325 ἐκείνην
567 1258 776 1313 ἐκεῖθεν
802 1261 878 1327 ὡς
907 1266 1060 1333 ῥόδον
1088 1267 1337 1340 λαμπρὸν
1370 1274 1434 1327 ἐκ
1484 1278 1697 1347 πικρῶν
1726 1255 1898 1336 ἀκαν-

321 1348 438 1402 θῶν
467 1350 749 1440 ὶξελέξατο
775 1357 870 1409 καὶ
904 1358 979 1422 ὡς
1006 1363 1207 1430 χρυσὸν
1250 1366 1490 1436 καθαρὸν
1518 1370 1585 1424 ἐκ
1615 1374 1899 1440 μετάλλων

318 1438 599 1509 κιϐδήλωῦ
621 1444 866 1515 ἀνώρυξε
891 1489 905 1513 ,
944 1452 1134 1517 πᾶνεί
1180 1472 1231 1509 τι
1282 1438 1664 1533 λιθαργύρινόν
1715 1484 1773 1519 τε
1804 1470 1900 1523 καὶ

319 1533 681 1634 χολοόάφινον
711 1538 824 1634 (71)
858 1537 927 1613 ἦν
951 1546 1069 1600 ἐκεῖ
1093 1550 1564 1609 καταλελοιπυῖαν.
1624 1557 1686 1612 ΕΞ
1712 1560 1767 1613 δὲ
1800 1562 1900 1634 τὴν

318 1625 682 1726 ἐκείνηςρύκ
708 1632 851 1726 ἔχεις
888 1638 1240 1708 μιμήσασθαι
1289 1647 1611 1718 καρτερίαν,
1662 1651 1776 1705 ἀλλ’
1803 1625 1898 1708 ούν

315 1718 436 1767 τῶν
466 1718 633 1772 πάλαι

316 1805 593 1908 βελτίονος
638 1813 804 1869 νικῶν
854 1819 1238 1897 φιλανθρωπίᾳ
1285 1828 1380 1880 καὶ
1447 1830 1723 1903 ἱλαρότητι
1758 1839 1894 1908 πρὸς

314 1901 451 1964 τοὺς
483 1907 772 1969 πταίοντας
803 1909 1025 1981 νίκησεν
1048 1915 1138 1985 καὶ
1159 1919 1224 1989 τῇ
1252 1919 1388 1989 πρὸς
1414 1922 1510 1984 τάς
1538 1901 1714 1990 λύπας
1744 1901 1899 1999 βάσι-

315 1993 449 2065 λικῇ
468 2000 743 2094 Δκαρτερίᾳ
775 2002 921 2058 δυοῖν
943 2006 1138 2064 ἕνεκαθ
1192 2012 1277 2066 ἵνα
1310 2031 1367 2068 τε
1401 2016 1480 2087 τῷ
1508 1993 1778 2094 καλλίστω
1803 2027 1897 2079 καὶ

314 2091 555 2160 ποικίλῳ
582 2109 675 2146 σου
700 2097 893 2168 πέπλῳ
922 2100 1030 2154 τῶν
1087 2107 1314 2176 μακρῶν
1342 2109 1567 2178 ἀγαθῶν
1600 2116 1693 2169 καὶ
1738 2091 1897 2172 τοῦτο

314 2182 838 2279 ᾲὲτιιπρέπῃ,
870 2192 1123 2265 καθάπερ
1146 2199 1204 2251 ἑν
1249 2201 1465 2258 ἄνθεσιν
1493 2206 1652 2271 άνθος
1675 2208 1893 2279 ὡραῖον,

317 2277 429 2366 κάν
460 2276 629 2341 λίθοις
680 2282 994 2341 πολυτελέσι
1029 2288 1175 2353 λίθος
1206 2292 1526 2366 ὑπέρτιμος,
1556 2302 1650 2355 καὶ
1681 2276 1767 2356 ἵνα
1804 2276 1895 2357 te;

316 2365 602 2467 lit-uico};
639 2371 809 2427 ἅπασι
841 2376 1039 2448 βρίθων
1069 2384 1252 2448 καλοῖς
1287 2368 1343 2439 ὲν
1372 2365 1439 2460 τῇ
1474 2394 1631 2462 σειρᾷ
1654 2395 1762 2447 τῶν
1790 2398 1897 2467 πρδ

318 2458 421 2511 σού
467 2460 927 2529 βε6α‹ιλευκότων
977 2474 1139 2538 αύτξς
1189 2458 1523 2552 ἐπιπρέπῃς,
1691 2485 1750 2538 ἐν
1786 2458 1897 2553 τοῖς

314 2554 581 2648 χρῶμασι
614 2557 870 2628 πορφύρα
929 2563 1032 2614 κάν
1083 2568 1193 2629 τοῖς
1248 2568 1511 2641 ἀστράσιν
1560 2574 1732 2644 ἥλιος.
1760 2578 1897 2648 Φέρε

312 2642 509 2732 ⁴τοίνυν
560 2648 755 2711 ὀπηδός
810 2650 909 2719 τὴν
966 2652 1067 2723 τῆς
1099 2655 1343 2731 γλώττης
1387 2642 1599 2732 ἡμέραν
1633 2669 1753 2731 ταῖς
1790 2642 1899 2724 τῶν

319 2731 585 2829 amatur;
615 2738 825 2805 ἀκοαῖς,
860 2743 957 2813 τὴν
1007 2746 1116 2798 τῶν
1146 2731 1443 2818 ὀφθαλμῶν
1487 2731 1670 2808 εὐδίαν
1699 2758 1765 2829 τῇ
1791 2760 1900 2814 τῶν

316 2823 615 2925 ⁴ημετέρων
672 2831 846 2925 ὅψεων
895 2835 1116 2911 ὁμίχλη.
1171 2842 1538 2900 Διασκέδασον
1583 2823 1764 2920 ἡμῶν--
1800 2855 1900 2925 τῆς

315 2915 504 3014 itif];
526 2918 617 2973 τον
649 2923 892 2992 χειμῶνα
918 2930 1047 2995 ταῖς
1076 2930 1259 2987 ἀκτῖσι
1295 2934 1392 3005 τῆς
1427 2936 1527 3008 σῆς
1559 2915 1894 3014 ιλᾶράτητοξξ

318 3009 542 3081 Χρῆσαι
572 3014 656 3085 [Ρ.
682 3015 891 3088 5041τῇ
926 3020 1086 3093 ἑορτῇ
1119 3024 1212 3078 τοῦ
1246 3027 1514 3098 συνήθους
1539 3033 1634 3086 καὶ
1649 3009 1897 3104 ⁷γαληνοῦ

322 3105 704 3198 μειδιάματος.
743 3110 903 3167 Γενοῦ
940 3118 1105 3170 πᾶσιν
1127 3118 1454 3191 ἀρχέτυπον,
1484 3121 1674 3198 ῶσπερ
1705 3130 1762 3184 ὲν
1786 3133 1900 3197 τοῖς

316 3192 507 3259 ἄλλοις
536 3197 742 3265 καλοῖς,
797 3203 939 3259 οὕτω
972 3208 1075 3260 κᾶν
1122 3213 1186 3280 τῇ
1220 3211 1328 3266 τῶν
1375 3212 1563 3269 δεινῶν
1609 3192 1899 3292 καρτερίαι

332 3285 527 3357 Ἡμεῖς
558 3290 616 3344 δὲ
645 3294 739 3347 καὶ
770 3296 880 3350 τῶν
923 3297 1190 3371 Ἑλλήνων
1224 3303 1373 3360 ἔστιν
1400 3305 1494 3372 οὓς
1518 3285 1813 3378 ἀκούοντες
1844 3285 1901 3370 έν

318 3378 499 3452 ταύτῃ
555 3383 790 3453 μάλιστα
839 3386 1372 3465 φιλοτιμησαμένους
1414 3401 1789 3475 αἰσχυνοίμεθ’
1812 3409 1899 3475 ἂν,

321 3474 374 3526 εί
411 3477 526 3539 τοῖς
584 3477 684 3546 μὲν
734 3479 918 3546 ἄλλοις
966 3484 1173 3541 ἅπασιν
1224 3491 1590 3565 ἀριστεύμασι
1649 3474 1903 3554 πλεῖστον

326 3565 552 3621 ἐκείνων
580 3570 925 3640 διενεγκόντα
960 3577 1362 3649 πλουτήσαντες
1390 3566 1695 3655 βασιλέαὲπ
1726 3592 1903 3663 τούτῳ

330 3656 482 3748 μόνῳ
505 3656 567 3710 τὰ
597 3658 827 3729 δεύτερα
850 3664 1087 3734 φέροντα
1113 3666 1429 3741 βλέποιμεν.
1464 3675 1632 3729 Ταῦτ’
1660 3680 1768 3748 ἄρα
1804 3656 1902 3736 καλ

322 3747 388 3799 τὸ
416 3750 511 3801 τοῦ
550 3750 835 3821 Ἀχιλλέως
861 3758 1068 3813 ἐκείνου
1092 3762 1219 3833 περὶ
1248 3764 1341 3828 τὰς
1382 3764 1561 3832 λύπας
1594 3772 1903 3843 ἡττώμενον

318 3836 456 3910 ἦθος
486 3842 926 3917 ἀποτριψάμενος
963 3855 1060 3905 καὶ
1102 3855 1239 3924 πρός
1270 3874 1334 3925 γε
1360 3859 1424 3931 δη
1470 3863 1566 3916 τοῦ
1587 3836 1903 3934 Μακεδόνος

334 3934 691 4007 Ἀλεξάνδρου
727 3938 961 4011 μίμησαι
997 3944 1203 4001 τούτων
1234 3948 1293 4001 τὸ
1327 3951 1616 4023 σταθερόν.
1649 3956 1902 4027 Μίμησαι

318 4028 453 4090 τοὺς
477 4030 781 4100 Περσικοὺς
832 4034 1089 4103 βασιλέας
1128 4055 1187 4093 τε
1222 4038 1317 4095 καὶ
1372 4047 1682 4115 σατράπας,
1715 4050 1903 4104 ὀπόσοι

319 4121 462 4189 πρὸς
493 4123 588 4183 τάς
614 4123 942 4191 ἀντιπάλους
963 4142 1135 4199 τυχας
1163 4131 1315 4185 οὐδὲν
1343 4135 1568 4204 ἀγεννὲς
1591 4140 1903 4212 ἐπειτράχε⁴

321 4229 447 4265 σαν.
504 4214 757 4285 Μίμησαι
804 4219 928 4284 τοὺς
980 4222 1149 4275 πάλαι
1189 4222 1478 4294 Ῥωμαίων
1532 4229 1772 4294 ὑπάτους
1803 4232 1900 4286 καὶ

321 4305 635 4375 Καίσαρας,
666 4308 712 4361 οἳ
744 4310 840 4362 καὶ
869 4312 1023 4366 αὐτοὶ
1051 4314 1160 4367 τῶν
1200 4316 1293 4369 τοῦ
1322 4320 1515 4388 χρόνου
1544 4320 1734 4376 δεινῶν
1764 4325 1923 4378 ἀποο·

246 4420 261 4435 κ
319 4396 653 4463 unum;
683 4401 774 4453 ἐπὶ
798 4401 891 4456 τοῦ
920 4404 1185 4475 συνήθους
1214 4411 1559 4480 φρονήματος
1587 4413 1899 4487 ἐκαρτέρη-

322 4505 452 4543 σαν.
476 4491 583 4543 Καὶ
612 4492 666 4545 τί
690 4494 773 4546 δεῖ
794 4496 1259 4566 παραδειγμάτων
1282 4502 1580 4572 ἀλλοτρίων
1603 4522 1619 4572 ;
1645 4508 1901 4578 Μίμησαι

320 4578 547 4645 σαυτὸν,
572 4584 757 4648 ὁποῖος
781 4586 1038 4652 πολλάκις
1062 4591 1268 4663 ἐφάνης
1288 4595 1347 4646 ἐν
1367 4597 1479 4659 τοῖς
1503 4596 1693 4652 ἄλλοτε
1720 4600 1903 4667 ἄλλοις

320 4675 721 4728 ὲπεισπεσοῦσί
759 4694 842 4730 σοι
866 4678 1133 4752 λυπηροῖς
1155 4697 1168 4713 ο
1202 4682 1319 4748 πῶς
1346 4684 1541 4739 πολλοῦ
1573 4689 1903 4762 πολλαχόθεν

323 4768 591 4834 πολλάκις
621 4771 984 4835 άναζέσαντος
1008 4773 1277 4840 κλύδωνος
1319 4777 1617 4848 άκλόνητον
1645 4782 1741 4835 καὶ
1767 4783 1904 4853 ἀήτα

318 4878 491 4930 τητον
547 4861 875 4933 διετήρησας
932 4864 1031 4936 τήν
1086 4865 1287 4937 ψυχὴν,
1348 4865 1535 4939 ῶσπερ
1580 4870 1629 4923 οί
1681 4869 1905 4939 βαθεῖαν

320 4956 555 5024 ἄγοντες
586 4954 851 5025 ἡσυχίαν;
878 4956 993 5019 πῶς
1026 4957 1288 5023 πολλάκις
1319 4960 1427 5012 τῶν
1449 4960 1706 5031 ὑπηκόων
1729 4963 1911 5034 ἁμαρ-

317 5045 614 5116 τημάτων,
667 5045 824 5115 δίκην
871 5048 1202 5119 ἀπαρκτίου,
1239 5050 1338 5121 τὴν
1372 5052 1465 5106 τοῦ
1515 5052 1688 5123 θυμοῦ
1721 5055 1905 5125 ῥύμην

320 5138 411 5198 εἰς
440 5136 607 5204 δγκον
654 5137 921 5206 κυμάτων
950 5138 1185 5210 ἐγείρειν
1217 5140 1511 5195 ἐθελόντων
1530 5143 1628 5213 οὐχ
1664 5143 1907 5214 ἡττήθης

322 5230 554 5282 πώποτε
581 5245 597 5260 ο
653 5230 792 5283 ἀλλὰ
852 5233 1193 5304 γενναιότητι
1242 5234 1524 5304 χρώμενος
1568 5240 1659 5288 καὶ
1696 5238 1908 5289 συνέσει

324 5323 509 5393 ψυχῆς
540 5323 663 5375 ἀντὶ
699 5323 792 5377 τοῦ
822 5324 1077 5390 κολάζειν
1106 5324 1233 5389 τοὺς
1274 5325 1685 5397 ἁμαρτάνοντας
1719 5327 1909 5380 ἐκόλα-

326 5434 435 5479 σας
468 5416 570 5485 μὲν
599 5420 692 5470 τὸν
720 5415 913 5486 θυμὸν,
963 5419 1072 5481 τοῖς
1111 5417 1158 5470 δ’
1203 5418 1555 5490 άμαρτήσασι
1584 5418 1645 5472 τὸ
1680 5419 1910 5490 σύνηθες

2005 555 2310 614 peratorem
2348 550 2605 613 accurrit,
2642 550 2734 620 qui
2777 551 2827 606 ei
2875 568 3015 607 vera:
3056 553 3249 607 doctor
3295 551 3572 621 religionis

2001 636 2126 701 fuit,
2174 639 2265 708 qui
2298 639 2504 709 primus
2552 640 2697 696 illam
2745 641 2871 697 inde
2901 651 2959 696 ut
2996 644 3258 698 nitentem
3295 660 3472 697 rosam
3503 659 3569 698 ex

2000 731 2209 799 asperis
2258 733 2504 788 sentibus
2558 734 2760 804 elegit,
2805 744 2860 790 et
2910 743 2968 788 ut
3015 751 3211 790 aurum
3269 752 3462 804 purum
3504 750 3569 789 ex

2002 821 2325 877 adulterinis
2365 824 2596 879 metallis
2642 823 2832 881 eﬂodit
2859 867 2872 884 ,
2916 824 3007 880 ubi
3053 827 3166 881 haec
3200 825 3465 895 quidquid
3509 825 3573 879 li-

2004 912 2281 983 thargyri,
2352 914 2618 985 quidquid
2702 916 3091 985 cholobaphini
3151 900 3571 988 eratreliquit.

2001 1002 2155 1070 Quod
2199 1005 2245 1060 si
2281 1006 2426 1062 illius
2472 1008 2832 1063 constantiam
2885 1008 3087 1063 imitari
3124 1024 3232 1062 non
3277 1016 3432 1077 potes
3467 1027 3481 1063 :
3518 1017 3574 1063 at

2001 1108 2248 1154 veterum
2277 1100 2670 1170 imperatorum
2704 1102 2994 1172 plerosque
3025 1100 3263 1167 imitare,
3287 1116 3427 1171 quos
3447 1115 3574 1156 cum

2001 1191 2164 1260 longo
2197 1190 2485 1247 intervallo
2530 1193 2867 1249 humanitate
2898 1201 2953 1249 et
2986 1193 3278 1249 clementia
3321 1208 3449 1263 erga
3479 1192 3575 1248 de-

1999 1282 2315 1354 linquentes
2366 1285 2588 1352 vineas,
2642 1288 2807 1345 etiam
2865 1286 3218 1357 imperatoria
3263 1286 3575 1342 constantia

2001 1376 2209 1432 vincito
2259 1376 2474 1433 duabus
2522 1375 2590 1433 de
2634 1378 2850 1441 causis,
2897 1385 2958 1432 ut
3000 1393 3069 1432 ex
3102 1377 3479 1447 pulcherrimo
3521 1385 3576 1431 et

2000 1470 2237 1525 maxime
2283 1470 2435 1525 vario
2479 1470 2772 1539 insignium
2823 1470 3094 1524 honorum
3146 1478 3365 1524 tuorum
3414 1468 3576 1539 peplo

2001 1546 2166 1617 etiam
2194 1562 2310 1616 haec
2337 1562 2511 1635 virtus
2534 1561 2794 1627 emineat,
2813 1561 2962 1616 velut
2990 1560 3131 1615 inter
3158 1561 3386 1615 eximios
3414 1559 3577 1615 flores

2003 1652 2103 1708 llos
2151 1653 2414 1723 insignis.
2459 1661 2514 1708 et
2561 1652 2704 1708 inter
2753 1653 3020 1723 pretiosas
3072 1667 3314 1721 gemmas
3358 1666 3574 1721 gemma

655 1720 921 1828 βασιλέων
946 1731 1073 1790 τοὺς
1104 1729 1386 1799 πλείστους
1413 1739 1550 1805 μετά
1574 1740 1769 1795 πολλοῦ
1800 1744 1894 1798 τοῦ

2003 1745 2439 1816 pretiosissima:
2471 1756 2528 1801 ut
2563 1746 2799 1816 perfecte
2833 1745 2993 1801 bonis
3029 1731 3289 1800 omnibus
3331 1745 3578 1801 cumula-

2002 1847 2088 1894 tus
2119 1838 2172 1892 in
2198 1853 2390 1894 eorum
2441 1839 2536 1909 qui
2571 1848 2695 1895 ante
2738 1848 2790 1895 te
2835 1850 3133 1910 regnarunt
3177 1838 3320 1893 serie
3362 1846 3574 1892 tantum

1998 1930 2254 1995 excellas,
2289 1939 2556 2001 quantum
2608 1931 2751 1986 inter
2790 1931 3002 1986 colores
3045 1928 3213 2002 494
3251 1943 3493 2000 purpura
3524 1936 3580 1982 et

1998 2023 2077 2078 sol
2112 2023 2254 2078 inter
2287 2023 2487 2099 sidera.
2531 2024 2641 2093 Age
2672 2038 2800 2077 vero
2839 2023 3066 2078 restitue
3101 2032 3318 2075 tuorum
3348 2018 3576 2074 auribus

1998 2117 2267 2170 sermonis
2300 2116 2374 2171 tui
2412 2115 2578 2179 diem,
2608 2114 2892 2170 oculorum
2939 2113 3290 2187 serenitatem
3325 2113 3576 2167 vultuum

1998 2212 2312 2258 nostrorum
2358 2204 2599 2273 caligini.
2634 2203 2856 2260 Discute
2904 2204 3211 2259 animorum
3259 2213 3576 2257 neStrorum

1999 2304 2377 2377 tempestatem
2413 2296 2703 2352 hilaritatis
2736 2307 2841 2351 tua:
2872 2296 3059 2351 radiis.
3088 2296 3252 2352 Utere
3282 2295 3581 2350 festivitate

1998 2389 2142 2444 soliti
2191 2396 2246 2443 et
2280 2388 2557 2457 tranquilli
2612 2390 2774 2442 risus.
2811 2387 3078 2443 Omnibus
3125 2389 3398 2457 exemplar
3435 2396 3575 2449 esto,

1998 2490 2058 2535 ut
2086 2482 2319 2535 aliorum
2354 2481 2621 2535 bonorum
2668 2480 2936 2541 omnium,
2974 2481 3047 2534 ita
3076 2468 3240 2534 etiam
3275 2479 3577 2535 tolerantiae

1998 2574 2291 2628 malorum.
2346 2572 2456 2628 Nos
2507 2587 2673 2635 vero,
2727 2588 2851 2628 cum
2904 2569 3124 2627 Grmros
3170 2571 3464 2626 nonnullos
3512 2586 3579 2626 ea

1999 2665 2155 2719 valde
2188 2665 2450 2734 gloriatos
2494 2663 2807 2725 audiamus,
2851 2662 3263 2723 erubescentes.
3306 2662 3427 2717 aliis
3459 2678 3581 2715 om.

1998 2754 2162 2807 nibus
2193 2751 2490 2806 virtutibus
2524 2751 2685 2821 longe
2716 2751 3150 2827 praestantiorem
3191 2751 3577 2819 imperatorem

1998 2846 2141 2900 nacti
2175 2886 2189 2910 ,
2252 2861 2358 2899 una
2420 2843 2524 2898 hac
2578 2859 2637 2898 re
2695 2843 2846 2898 illum
2902 2843 3171 2913 superari.
3228 2842 3581 2911 Quapropter

1998 2937 2229 2993 Achillis
2260 2946 2316 2991 et
2360 2935 2651 2991 Alexandri
2704 2934 2854 2990 illius
2895 2933 3208 2990 Macedonis
3247 2932 3474 2988 mollitie
3525 2932 3580 2989 iu

1999 3030 2186 3084 dolore
2221 3029 2449 3084 ferendo
2500 3027 2788 3095 repudiata
2834 3028 3196 3083 constantiam
3226 3042 3419 3085 eorum
3453 3027 3580 3081 inti-

1927 3114 1970 3173 C
2006 3131 2141 3177 tare.
2187 3120 2437 3176 Persicos
2488 3134 2642 3189 reges
2675 3130 2730 3174 et
2765 3130 3016 3190 satrapas
3064 3119 3299 3193 imitare,
3344 3119 3434 3188 qui
3481 3118 3582 3172 ad-

2003 3228 2176 3267 versa:
2217 3211 2452 3266 fortuna:
2485 3226 2594 3265 non
2626 3222 2932 3274 cesserunt,
2974 3211 3068 3266 sed
3105 3211 3319 3267 fortiter
3361 3212 3583 3267 restite-

2003 3314 2149 3360 runt.
2183 3303 2400 3359 Imitare
2452 3311 2665 3379 veteres
2698 3303 3068 3358 Romanorum
3105 3305 3362 3359 consules
3385 3314 3440 3359 et
3466 3304 3583 3359 Cte-

2003 3412 2174 3457 sares.
2205 3396 2297 3466 qui
2318 3405 2386 3451 .et
2421 3395 2522 3465 ipsi
2558 3404 2864 3466 temporum
2916 3396 3132 3466 iniquas
3181 3397 3331 3451 vices
3368 3397 3580 3464 experti

2005 3497 2246 3542 veterem
2312 3487 2477 3541 animi
2529 3487 2894 3541 constantiam
2965 3496 3278 3541 tenuerunt.
3328 3487 3398 3540 Et
3447 3489 3578 3555 quid

2003 3579 2199 3636 alienis
2243 3580 2506 3648 exemplis
2553 3588 2636 3634 est
2686 3579 2862 3648 Opus?
2910 3578 2986 3633 'l‘e
3016 3578 3192 3646 ipsum
3242 3577 3479 3642 imitare,
3514 3592 3581 3631 ac

2005 3673 2169 3726 talem
2201 3679 2253 3727 te
2281 3670 2555 3741 praebeto,
2598 3670 2780 3741 qualis
2806 3669 3039 3725 antehac
3072 3666 3127 3723 in
3158 3667 3324 3722 variis
3358 3667 3582 3722 casibus

2002 3765 2283 3822 exstitisti.
2310 3764 2539 3831 Quoties
2573 3762 2628 3817 in
2663 3762 2917 3817 maximis
2940 3760 3361 3830 tempestatibus
3384 3757 3580 3813 incon-

2003 3871 2225 3913 Cossum
2252 3867 2307 3911 et
2335 3855 2598 3909 invictum
2634 3854 2876 3908 animum
2905 3849 3266 3912 conservasti,
3292 3865 3396 3902 non
3421 3847 3583 3903 aliter

2004 3963 2168 4018 quam
2212 3946 2306 4018 qui
2356 3960 2570 4002 summa
2626 3944 3024 4014 tranquillitate
3081 3941 3311 3996 vivunt?
3356 3941 3585 4006 Quoties

2005 4040 2351 4096 subditorum
2395 4048 2612 4091 tuorum
2667 4035 2929 4106 peccatis,
2979 4033 3243 4104 impetum
3292 4032 3460 4086 animi
3505 4030 3583 4086 tui

2008 4129 2062 4184 in
2097 4145 2347 4201 magnam
2398 4127 2662 4182 ﬂuctuum
2711 4127 2910 4182 molem
2942 4135 3199 4195 tanquam
3253 4124 3585 4194 quibusdam

2005 4221 2185 4277 ventis
2236 4220 2487 4276 attollere
2534 4218 2911 4281 certantibus,
2965 4232 3307 4286 nequaquam
3358 4213 3585 4271 aﬂectui

2005 4316 2255 4381 cessisti;
2298 4312 2392 4370 sed
2428 4309 2767 4369 iracundiam
2808 4319 2976 4373 tuam,
3020 4325 3183 4380 quam
3217 4309 3338 4364 illos
3368 4306 3587 4365 fortiter

2006 4423 2071 4463 ac
2116 4412 2414 4477 prudenter
2460 4404 2727 4473 castigare
2768 4392 3024 4457 'maluisti
3052 4444 3067 4467 ,
3117 4401 3280 4474 495
3322 4410 3379 4456 et
3426 4400 3591 4456 solita

2008 4498 2300 4556 clementia
2332 4498 2399 4553 iis
2424 4511 2640 4569 ptenam
2691 4496 2902 4553 meritis
2939 4496 3228 4567 ignovisti?
3276 4494 3399 4550 [Irec
3439 4507 3586 4547 nunc

2001 4608 2100 4663 per
2150 4590 2496 4646 occasionem
2552 4589 2871 4644 recordatus
2916 4587 3033 4658 ipse
3076 4598 3127 4642 te
3168 4587 3405 4651 imitare,
3439 4594 3500 4640 ut
3529 4596 3589 4640 et

2003 4700 2105 4740 nos
2137 4686 2228 4753 (ne
2249 4683 2469 4755 longum
2495 4680 2737 4747 faciam),
2772 4681 2922 4736 omni
2945 4680 3160 4735 dicendi
3189 4679 3444 4733 libertate
3473 4678 3587 4732 lino

2003 4791 2121 4846 gnte
2151 4775 2436 4845 permissa,
2470 4773 2694 4828 laudum
2730 4781 2947 4828 tuarum
2968 4772 3189 4841 pelagus
3218 4769 3375 4825 facile
3410 4778 3590 4824 trans-

2004 4867 2322 4931 mittamus;
2380 4874 2436 4919 et
2478 4880 2545 4919 ex
2588 4863 2848 4918 omnibus
2897 4860 3056 4916 bonis
3088 4859 3216 4925 tuis,
3248 4857 3590 4929 praestantis-

2013 4956 2169 5010 simis
2198 4954 2507 5025 quibusque
2528 4948 2776 5015 delectis,
2798 4964 3057 5007 coronam
3077 4948 3175 5003 tibi
3193 4948 3590 5004 concinnemus

2008 5046 2396 5110 immortalem,
2455 5044 2671 5115 qualem
2717 5043 3000 5112 sapientiae
3043 5047 3285 5095 crateres
3327 5039 3381 5093 in
3426 5052 3590 5094 omne

2008 5154 2186 5195 aevum
2221 5138 2482 5193 conflant.
2503 5136 2771 5208 Equidem
2790 5135 3101 5191 vehementi
3134 5133 3419 5193 etardentj
3443 5131 3593 5186 desi-

2007 5233 2164 5289 derio
2184 5232 2359 5287 victus
2376 5232 2610 5286 liberius
2630 5230 2793 5285 verba
2817 5228 2942 5284 feci.
2966 5227 3048 5282 Tu
3071 5242 3200 5282 vero
3218 5226 3350 5280 mihi
3377 5224 3591 5279 veniam

2007 5325 2157 5391 dato,
2202 5323 2545 5379 divinissime
2583 5323 2904 5394 imperator,
2948 5320 3108 5377 solita
3138 5319 3305 5375 etiam
3350 5317 3439 5372 hic
3479 5316 3587 5371 hu-

2009 5417 2273 5472 manitate
2304 5422 2394 5469 tua
2425 5429 2578 5470 usus.
2618 5432 2637 5465 ι

329 5512 611 5585 παρέσχες
634 5509 1146 5583 φιλανθρώπευμας
1177 5511 1366 5566 Ταῦτα
1412 5513 1506 5566 ἐπὶ
1552 5511 1747 5584 καιροῦ
1801 5512 1896 5566 νῦν
1936 5496 2493 5580 ἀναμιμντισκόμενός
2549 5506 2787 5589 μίμησαι
2848 5504 2913 5560 σὺ
2936 5501 3266 5573 σαυτδν,ίνα
3286 5500 3380 5556 καὶ
3401 5500 3592 5573 ἡμεῖς.

716 5705 739 5737 ,
1696 5654 2037 5719 Veriorum
2071 5661 2261 5716 noue.

414 5777 530 5850 (7|)
561 5778 698 5835 Vide
728 5778 966 5837 Glossar.
993 5778 1139 5839 med.
1169 5779 1389 5839 Grmcit.
1412 5782 1467 5837 in
1495 5797 1548 5839 v.
1579 5781 1914 5854 Χολόϐαιρος.
1957 5780 2165 5836 Betvm.
