3966 6210
444 316 477 379 7
504 313 551 380 .3
697 309 776 385 ῙΑ.
823 330 879 368 u.
923 312 1060 368 (3836
1100 328 1163 367 an
1205 312 1367 385 68m]

1643 320 1689 378 N
1706 317 2063 379 lCEPIIOltI
2102 314 2486 378 GREGORIE

2795 313 2930 386 [ιιιρ.
2975 324 3254 366 Ακοιιοκιο.
3285 316 3427 384 tum]
3588 316 3697 379 παι

374 464 375 467 η
444 437 572 489 dum
599 435 910 499 scientiam,
940 448 1003 489 ac
1031 434 1343 489 temerariis
1386 443 1440 489 et
1493 433 1833 489 immodestis
1864 433 2013 487 Voci-

2122 433 2226 486 τῶν
2264 434 2358 487 τοῦ
2411 434 2586 504 δήμου
2635 433 2795 505 ζῆλον
2848 433 2950 501 μὲν
2999 432 3397 502 λαμϐάνοντας,
3459 429 3523 484 οὐ
3573 434 3705 486 κατε

444 528 549 581 lms
567 527 784 581 emissis
812 526 989 595 ipsum
1022 526 1185 581 etiam
1220 526 1589 597 patriarcham
1623 526 1689 580 ad
1717 526 2010 595 disputan-

445 621 573 675 dum
603 635 818 688 urgere.
876 619 927 673 Is
952 634 1085 672 vero
1109 635 1233 672 cum
1259 634 1360 673 nec
1388 619 1628 689 linguam
1659 602 1875 672 dicendi
1910 630 2011 669 usu

440 713 796 786 exercitatam
835 711 1061 765 haberet
1086 720 1141 765 et
1192 726 1323 766 suos
1381 713 1670 780 episcopos
1719 710 2011 763 maximam

442 813 654 871 partem
678 801 1083 857 indoctissimos
1103 816 1226 856 esse
1249 810 1523 862 cerneret,
1552 800 2015 870 tergiversabatur

443 896 690 966 quidem,
738 895 833 948 sed
870 895 1150 963 quomodo
1188 895 1376 965 populi
1438 897 1734 949 tumultum
1795 893 2017 949 sedaret

443 986 749 1041 nesciebat.
779 985 963 1052 Quare
990 996 1046 1040 et
1076 1001 1177 1041 uos
1215 985 1283 1039 ad
1311 986 1361 1039 id
1389 996 1673 1040 certamen
1703 984 2015 1055 suscipien-

445 1077 576 1130 dum
606 1076 979 1130 cohortandos
1004 1077 1253 1145 putabat,
1280 1077 1373 1147 qui
1408 1077 1648 1146 linguam
1676 1077 1860 1146 aliquo
1891 1092 2009 1130 ora-

444 1168 613 1222 tionis
653 1177 917 1237 apparatu
966 1169 1287 1223 instructam
1352 1168 1706 1232 haberemus,
1758 1170 2018 1239 quamvis

448 1261 505 1313 iu
535 1276 751 1314 sacrum
808 1261 1115 1328 catalogum
1150 1276 1258 1314 non
1303 1260 1553 1328 inscripti
1607 1274 1874 1315 essemus.
1909 1260 2019 1330 Ego

445 1367 581 1405 vero
628 1353 865 1422 primum
911 1352 1266 1406 vehementer
1296 1352 1560 1421 urgebam
1610 1366 1675 1406 ac
1700 1351 2016 1415 mouebant,

447 1445 607 1515 502
638 1456 696 1499 ut
721 1452 925 1499 taceret
955 1452 1011 1497 et
1046 1459 1172 1498 eum
1206 1424 1456 1497 habitum
1496 1457 1608 1512 prze
1645 1457 1704 1496 se
1740 1441 1932 1507 ferret,
1962 1442 2016 1495 in

445 1551 556 1605 quo
588 1532 1070 1603 inesset’majestas
1101 1534 1350 1604 quaedam
1407 1542 1463 1587 et
1511 1533 1795 1602 prudentis
1851 1532 2019 1586 animi

443 1627 659 1695 species
693 1636 1008 1695 appareret,
1034 1626 1377 1695 Latinorum
1404 1625 1662 1679 videlicet
1695 1625 2021 1694 postulatio-

444 1728 570 1766 nem
610 1713 1056 1777 contemnentis;
1084 1727 1263 1781 neque
1300 1713 1447 1767 enim
1493 1712 1865 1781 disputatione
1899 1727 2022 1766 esse

443 1819 585 1873 opus
614 1805 667 1857 iu
701 1803 979 1874 przeseuti.
1018 1805 1087 1856 At
1140 1820 1265 1858 cum
1298 1820 1489 1859 rursus
1520 1805 1819 1874 cogitarent
1852 1804 2019 1859 silen-

444 1895 581 1946 tium
613 1892 727 1947 fere
761 1892 1073 1962 suspicione
1108 1908 1215 1946 non
1249 1908 1463 1957 carere,
1497 1893 1590 1948 sed
1624 1894 1678 1947 in
1706 1909 1897 1948 eorum
1923 1893 2019 1963 qui

443 1987 583 2043 foris
610 1999 982 2054 versarentur,
1013 1990 1213 2043 animis
1238 1989 1422 2053 varias
1462 1999 1518 2045 et
1565 1990 1898 2060 multiplices
1928 2006 2023 2046 co-

444 2080 741 2150 gitationes
778 2076 1019 2136 excitare
1052 2097 1117 2137 ac
1142 2096 1425 2152 spargere,
1456 2096 1646 2136 eorum
1692 2083 2021 2152 przesertim,

445 2173 538 2243 qui
566 2189 666 2228 nec
691 2174 888 2244 lingua:
946 2189 1047 2228 nec
1101 2174 1286 2229 animo
1348 2175 1620 2243 imperare
1673 2174 2017 2237 didicissent,

444 2264 813 2333 patriarcham
844 2273 899 2320 et
928 2265 1219 2334 episcopos
1273 2265 1538 2334 quosdam
1576 2265 1811 2321 selectos
1838 2266 2022 2335 priva-

443 2354 545 2407 tim
567 2353 799 2408 conveni
828 2361 884 2407 et
905 2368 1079 2408 meam
1111 2353 1440 2409 sententiam
1466 2354 1533 2408 ad
1570 2355 1718 2409 hunc
1749 2353 1863 2409 fere
1898 2368 2018 2408 mo-

446 2442 580 2495 dum
610 2442 756 2513 apud
781 2457 877 2499 eos
909 2444 1142 2513 exposui
1177 2462 1191 2498 :

514 2710 580 2766 Ii.
616 2732 634 2762 ι
666 2711 934 2780 Equidem
966 2709 1040 2765 ita
1067 2725 1187 2766 sum
1217 2709 1516 2777 animatus,
1547 2709 1622 2764 ita
1652 2709 1719 2764 ad
1755 2710 1861 2765 hoc
1891 2723 2015 2768 cer-

445 2813 626 2859 tamen
658 2802 793 2856 nihil
830 2802 966 2857 mihi
999 2801 1303 2857 alacritatis
1330 2801 1524 2857 deesse
1551 2803 1752 2867 sentio,
1806 2810 1869 2856 ut
1903 2819 2013 2857 non

444 2896 609 2950 modo
669 2895 936 2964 linguam,
998 2893 1094 2949 sed
1160 2894 1404 2948 animum
1462 2892 1652 2956 etiam,
1694 2893 1933 2949 radicem
1962 2908 2019 2949 et

2115 530 2410 597 ἐπίγνωσιν
2449 531 2527 595 δὲ,
2559 533 2656 585 καὶ
2706 530 2998 601 πρόχειρόν
3032 547 3154 583 τινα
3206 529 3301 582 καὶ
3360 527 3703 599 ἀταμίευτον

2114 620 2499 690 προτείνοντας
2528 620 2777 683 γλῶσσαν
2808 622 2903 673 καὶ
2937 620 3073 689 πρός
3099 635 3163 686 γε
3198 617 3278 669 ἔτι
3305 615 3694 678 συνωθοῦντας

2115 710 2211 763 καὶ
2238 710 2398 763 αὐτόν
2422 728 2484 778 γε
2515 711 2605 764 τὸν
2637 711 2982 781 πατριάρχην
3004 711 3062 771 ἐς
3088 706 3375 772 διαλέξεις.
3409 707 3473 760 '0
3499 706 3544 758 δ’
3567 705 3695 759 οὗτε

2115 801 2217 870 τὴν
2255 800 2511 870 γλῶσσαν
2552 801 2692 871 ἔχων
2723 801 3074 871 ὴκονημένην
3109 802 3173 853 ἐκ
3221 800 3321 866 τῆς
3360 799 3470 851 τῶν
3508 800 3686 865 λόγων

2116 890 2425 961 ἀσκήσεως,
2469 892 2562 943 καὶ
2596 891 2721 960 ἅμα,
2743 890 2871 952 τοὺς
2919 888 3204 951 πλείστους
3231 887 3343 940 τῶν
3375 889 3501 958 περὶ
3529 890 3689 941 αὐτὸν

2117 979 2657 1052 ἐπισκόπωνδάμαοίᾳ
2686 979 2957 1045 συζῶντας
3006 979 3234 1052 πλείστῃ
3276 978 3546 1032 κατανοῶν
3577 979 3681 1031 ὕπ-

2118 1072 2397 1125 εστέλλετο
2448 1072 2567 1142 μὲν,
2629 1072 2728 1124 οὐκ
2774 1066 2888 1139 εἶχε
2935 1071 2980 1124 δ’
3031 1071 3180 1133 ὅπως
3230 1069 3557 1139 ἁναχαιτίεῃ
3588 1068 3681 1121 τοῦ

2117 1163 2292 1232 δήμου
2321 1164 2412 1217 τὸν
2447 1163 2699 1232 θόρυϐον.
2742 1164 2831 1216 Δι’)
2870 1161 3211 1230 παρακαλεῖν
3250 1162 3456 1227 ἔγνωκε
3496 1161 3605 1212 δεῖν
3635 1162 3687 1223 ἐς
3728 1210 3739 1229 ι

2118 1257 2218 1327 τὴν
2245 1253 2505 1327 τοιαύτην
2531 1254 2836 1325 παράταξιν
2871 1256 2963 1307 καὶ
2994 1256 3167 1324 ἡμᾶς.
3190 1255 3314 1317 τοὺς
3340 1253 3691 1324 ὡπλισμένην

2125 1348 2225 1419 μὲν
2251 1349 2474 1419 ἔχοντας
2499 1347 2746 1414 γλῶτταν
2768 1348 2834 1399 ἐκ
2866 1346 2968 1415 τῆς
2997 1344 3090 1399 τοῦ
3121 1345 3282 1413 λόγου
3312 1344 3697 1415 παρασκευῆς,

2121 1442 2229 1506 ἔξω
2267 1441 2324 1494 δέ
2367 1440 2459 1494 τοῦ
2495 1440 2645 1510 ίεροῦ
2678 1439 2982 1507 καταλόγου
3026 1437 3419 1508 τυγχάνοντας.
3466 1436 3612 1503 Ἐγὼ
3640 1439 3698 1491 δὲ

2121 1531 2189 1586 τὰ
2232 1531 2332 1601 μέν
2387 1531 2578 1602 πρῶτα
2625 1530 2793 1594 πολὺς
2832 1523 2902 1598 ἦν
2935 1529 3254 1599 ἐγκείμενος
3281 1529 3379 1582 καὶ
3406 1529 3703 1599 παραινῶν
3738 1597 3764 1607 _

2126 1623 2341 1693 σιωπᾷν
2371 1624 2465 1675 καὶ
2499 1624 2735 1691 σχήματι
2766 1618 3002 1691 χρῆσθαι
3033 1619 3447 1689 μεγαλοπρεπεῖ
3464 1635 3575 1671 τινι
3605 1621 3707 1675 καὶ

2123 1714 2249 1768 νοῦν
2276 1713 2756 1797 ἐπαγγελλομένῳ,
2802 1711 3028 1782 μηδενὸς
3066 1711 3223 1776 ἀξίαν
3264 1710 3424 1779 λόγου
3457 1711 3562 1781 τὴν
3592 1712 3708 1767 τῶν

2056 1783 2098 1837 Β
2126 1804 2371 1859 Λατίνων
2425 1783 2715 1871 νομίζοντα
2764 1801 3088 1872 πρόκλησιν,
3128 1798 3323 1867 λόγους
3374 1800 3475 1871 τῆς
3508 1803 3712 1870 χρείας

2125 1897 2227 1950 οὒκ
2269 1896 2587 1962 ἀναγκαίως
2616 1891 2955 1963 ἀπαιτούσης
2996 1891 3253 1945 ἐνταῦθα.
3297 1890 3442 1944 Ἀλλ’
3474 1894 3710 1963 ἐπειδή-

2126 2003 2234 2053 περ
2273 1985 2373 2038 οὐκ
2420 1983 2732 2038 ἀνύποπτον
2768 1981 2922 2045 αὖθις
2958 1980 3144 2054 ἐώρων
3184 1982 3261 2047 ὡς
3281 1983 3351 2037 τὰ
3380 1983 3554 2038 πολλὰ
3587 1987 3718 2039 διαε-

2124 2079 2312 2134 τελοῦν
2341 2077 2402 2131 τὸ
2429 2078 2527 2145 τῆς
2559 2077 2789 2143 σιωπῆς,
2824 2075 2960 2129 ἀλλά
2992 2074 3360 2140 πολλαπλοῦς.
3391 2079 3488 2132 καὶ
3534 2078 3715 2133 πολυ-

2126 2171 2328 2241 σχιδεῖς
2371 2170 2670 2240 βλαστάνον
2709 2168 2803 2222 καὶ
2830 2167 3084 2235 διανέμον
3108 2171 3218 2233 τοῖς
3250 2167 3354 2233 ἔξω
3396 2172 3521 2234 τοὺς
3550 2170 3719 2239 λογιο

2124 2264 2313 2333 σμοὺς,
2353 2261 2450 2316 καὶ
2487 2260 2721 2330 μάλιστα
2750 2261 2863 2324 τοῖς
2900 2258 3181 2326 τοιούτοις,
3209 2258 3291 2332 [Ρ.
3325 2261 3453 2333 510]
3473 2263 3522 2314 οἶ
3563 2262 3721 2330 γνώ-

2125 2371 2234 2422 μην
2280 2354 2375 2408 καὶ
2424 2352 2674 2421 γλῶσσαν
2724 2352 2977 2423 ἤσκησαν
3011 2351 3363 2417 ἀταμίευτον,
3403 2354 3720 2409 ἀπολαϐὼν

2125 2444 2230 2514 ἰδίᾳ
2252 2445 2341 2497 τόν
2362 2442 2795 2514 τε-πατριάρχην
2818 2443 2909 2496 καί
2941 2460 3091 2509 τινας
3111 2443 3218 2498 τῶν
3248 2443 3551 2515 ἐλλογίμων
3582 2447 3722 2501 ἐντι-

2124 2537 2340 2590 σκόπων
2385 2535 2480 2604 τὴν
2504 2536 2744 2606 ἐμαυτοῦ
2787 2535 3014 2605 γνώμην
3064 2534 3447 2608 ἐπεδειξάμην,
3469 2538 3714 2595 τοιαῦτά

2120 2644 2243 2682 τινα
2271 2627 2553 2693 διεξελθὼν
2577 2629 2665 2681 ἐπ’
2692 2629 2873 2681 αὐτων

2193 2719 2268 2777 Β’.
2325 2741 2342 2773 ι
2388 2722 2540 2791 Ἐμοὶ
2574 2723 2673 2792 μὲν
2710 2720 2883 2784 οὔτως
2935 2720 3083 2791 ἔχειν
3138 2723 3274 2792 πρδς
3332 2724 3430 2795 τὴν
3486 2726 3722 2794 παροῦ.

2123 2830 2220 2868 σαν
2266 2806 2506 2884 ἅμιλλαν
2547 2816 2642 2868 καὶ
2694 2811 2838 2865 οὕτω
2897 2813 3208 2883 προθυμίας
3281 2814 3435 2868 οὐδὲν
3487 2815 3716 2885 οὐδαμῆ

2132 2923 2196 2973 γε
2257 2906 2527 2959 ἐλλείπειν
2595 2907 2850 2975 ἔπεισιν,
2917 2905 3047 2960 ὥστ’
3111 2906 3169 2958 οὐ
3235 2905 3488 2973 γλῶτταν
3541 2907 3717 2977 μόνον

444 2985 649 3041 fontem
695 2969 921 3071 eloquii,
961 2982 1236 3051 simulque
1295 2982 1609 3052 largitorem
1641 2992 1695 3037 et
1736 2984 2018 3054 dispensa-

2122 2969 2359 3064 ὁπλίζειν
2399 2998 2676 3069 περίεστιν
2701 3040 2714 3062 ,
2757 2969 2896 3055 ἀλλά
2929 3000 3037 3071 πρό
3070 3016 3133 3068 γε
3185 2969 3392 3069 ταύτης
3424 2969 3716 3068 xui-rvis-

445 3086 620 3130 torem
654 3066 839 3129 rerum
867 3074 1244 3139 dicendarum,
1302 3083 1526 3143 paratus
1585 3073 1689 3127 sim
1721 3088 2012 3130 exacuere.

443 3167 582 3219 Cum
616 3174 799 3220 autem
859 3164 1178 3233 plerosque,
1236 3162 1556 3232 priusquam
1623 3177 1713 3217 res
1753 3164 2012 3233 postulet,

443 3255 704 3313 audacter
729 3262 786 3309 et
811 3252 1099 3324 magniﬁce
1126 3250 1279 3322 loqui
1309 3262 1366 3308 et
1416 3253 1469 3307 in
1517 3268 1582 3308 ea
1608 3269 1730 3309 esse
1756 3255 2017 3325 opinione

442 3347 768 3413 videam,ut
801 3354 857 3400 et
891 3354 1137 3414 tempora
1189 3352 1245 3400 et
1297 3358 1388 3400 res
1432 3344 1580 3415 ipsas
1609 3346 1878 3402 voluntati
1905 3361 2018 3402 sum

443 3439 629 3493 statim
658 3437 838 3493 socias
889 3449 1245 3500 concurrere,
1297 3435 1408 3490 imo
1466 3436 1683 3491 obviam
1725 3451 2017 3493 occurrere

442 3531 808 3597 arbitrentur,
838 3529 1017 3584 vereri
1041 3528 1175 3582 mihi
1203 3528 1374 3592 subit,
1402 3544 1470 3582 ne
1491 3529 1583 3583 ubi
1617 3543 1706 3583 res
1725 3536 1780 3583 et
1803 3538 2018 3600 tempus

446 3623 757 3693 postularit,
829 3636 982 3687 arma
1016 3620 1160 3674 ultro
1190 3620 1522 3675 adversariis
1571 3621 1811 3685 tradant,
1854 3630 2018 3691 atque

444 3715 638 3769 eadem
673 3729 835 3783 paena
863 3712 1133 3766 multandi
1166 3712 1294 3779 siut,
1339 3728 1445 3783 qua
1480 3711 1817 3768 desertores.
1880 3712 2015 3768 Nam

448 3805 544 3860 ubi
566 3805 794 3859 ambitio
820 3803 1113 3874 imperitia:
1145 3805 1391 3868 alumna,
1418 3805 1566 3859 omni
1589 3803 2018 3874 Opportunitatis

448 3902 662 3956 ratione
691 3902 959 3970 neglecta,
985 3900 1269 3976 modestia:
1292 3890 1497 3955 limites
1519 3901 1818 3957 insolenter
1841 3911 2019 3959 trans-

445 3991 579 4058 silit,
605 3991 684 4046 ibi
724 3991 888 4045 etiam
919 4006 1045 4045 eum
1073 3990 1227 4060 sequi
1270 3990 1477 4045 exitum
1505 4032 1519 4056 ,
1553 3991 1649 4062 qui
1699 3993 1892 4062 primis
1935 3994 2021 4050 in-

443 4084 620 4154 ceptis
649 4093 943 4153 repugnet,
973 4092 1190 4137 nonest
1216 4082 1550 4137 mirandum.
1606 4083 1907 4140 Enimvero
1936 4085 2017 4141 illi

444 4176 591 4230 haud
612 4175 878 4245 cogitant,
903 4190 1010 4229 non
1046 4176 1288 4245 linguam
1319 4175 1683 4244 temporibus,
1729 4175 1825 4232 sed
1874 4186 2018 4232 tem-

445 4280 581 4338 pora
615 4267 774 4337 503
805 4267 922 4337 ipsa
951 4249 1152 4337 lingua:
1187 4264 1464 4321 moderari
1491 4273 1546 4320 et
1579 4265 1874 4323 eliicaciam
1903 4269 2019 4324 lar-

443 4360 585 4432 giri;
619 4375 685 4414 ac
724 4359 1004 4414 neminem
1036 4358 1266 4428 quidem
1295 4357 1429 4413 tuba
1451 4357 1746 4430 Eyrrbena
1773 4361 2019 4416 vocalio-

446 4465 562 4506 rem
591 4465 752 4505 esse:
787 4457 971 4504 tamen
1004 4449 1151 4504 illam
1177 4463 1403 4518 quoque
1428 4464 1534 4505 una
1573 4465 1699 4506 cum
1724 4451 1870 4508 aeris
1904 4452 2018 4508 ictu

444 4556 771 4598 consumere
801 4550 857 4596 et
882 4540 1138 4595 amittere
1159 4540 1271 4595 vim
1305 4555 1525 4597 omnem
1556 4541 1896 4608 oblectandi,
1920 4558 2021 4599 nec

444 4633 616 4688 ullum
634 4632 718 4688 sui
743 4632 983 4687 fructum
1006 4631 1327 4702 relinquere
1352 4647 1491 4688 sono
1516 4633 1619 4704 ipsi
1645 4633 2018 4704 superstitem.

443 4725 564 4781 Non
588 4735 773 4781 autem
830 4724 1294 4780 committendum
1358 4739 1482 4780 esse
1528 4725 1915 4796 prudentibus,
1961 4734 2024 4781 ut

446 4815 633 4870 subito
664 4825 817 4870 motu
844 4828 909 4870 ac
930 4815 1224 4871 temerario
1252 4815 1465 4871 incitati
1500 4817 1644 4872 ultro
1675 4817 1778 4873 sibi
1804 4818 2022 4887 pericu-

366 4953 382 4960 -
444 4908 558 4962 lum
584 4916 889 4972 arcessant,
913 4906 1058 4962 inter
1082 4923 1273 4963 omnes
1297 4919 1554 4975 constare
1578 4908 1818 4974 abitror,
1843 4918 1899 4964 et
1921 4924 2023 4965 nos

446 5000 718 5056 orationis
748 5016 1049 5071 progressu
1082 5002 1507 5058 declarabimus.
1532 5003 1688 5058 Sicut
1712 5004 1858 5059 enim
1886 5003 2024 5058 duo-

448 5095 551 5149 bus
578 5094 911 5148 exercitibus
942 5093 1009 5148 ad
1039 5108 1275 5165 pugnam
1305 5096 1593 5150 instructis
1640 5096 1869 5151 alterius
1893 5111 2024 5150 con-

447 5187 632 5244 silium
667 5185 897 5241 alterius
924 5185 1136 5241 viribus
1164 5187 1245 5242 sic
1271 5197 1511 5257 prastat,
1545 5194 1604 5241 ut
1638 5201 1732 5242 eas
1761 5187 1865 5242 sibi
1890 5188 2023 5258 ipsis

446 5280 696 5335 funestas
721 5277 941 5340 alliciat,
967 5278 1158 5333 etviee
1181 5293 1377 5345 versa;
1404 5279 1483 5333 ita
1514 5279 1679 5332 etiam
1718 5279 1807 5333 hic
1835 5280 1914 5334 ﬁt.
1965 5278 2022 5334 Si

448 5371 603 5442 prius
637 5387 799 5441 quam
835 5371 1005 5441 probe
1031 5386 1095 5425 ac
1138 5370 1433 5441 diligenter
1472 5371 1878 5442 disputationes
1912 5388 2026 5428 me-

447 5462 609 5519 ditati
641 5464 930 5531 fuerimus,
952 5463 1286 5520 adversariis
1308 5479 1684 5530 occurramus,
1717 5481 1842 5521 cum
1871 5466 2026 5537 igno-

449 5554 624 5609 minia
655 5554 875 5611 tandem
909 5556 1285 5613 discedemus.
1316 5557 1507 5628 Neque
1536 5573 1665 5613 vero
1705 5557 1841 5612 mihi
1871 5557 2021 5628 quis-

447 5659 615 5713 quam
637 5646 804 5712 dicat,
833 5649 1038 5707 multos
1087 5665 1231 5720 saepe
1264 5651 1557 5720 repentino
1591 5650 1798 5721 impetu
1848 5651 2025 5706 elatos

444 5747 507 5794 et
528 5753 648 5806 quae
676 5740 735 5795 in
778 5752 1015 5801 mentem
1051 5744 1332 5802 venissent
1383 5743 1575 5802 cﬂ‘atos
1607 5743 1893 5801 victoriam
1927 5744 2022 5800 ob-

2124 3106 2232 3158 μην
2265 3088 2476 3158 αὐτὴν,
2526 3088 2683 3158 ῥίζαν
2740 3088 2944 3161 ταύτην
3004 3088 3171 3142 οὖσαν
3226 3088 3321 3142 καὶ
3377 3088 3560 3160 πηγὴν
3597 3089 3713 3159 τῆς

2119 3180 2365 3251 γλώττης
2442 3185 2537 3234 καὶ
2608 3180 2726 3251 ἅμα
2796 3181 3031 3253 χορηγὸν
3088 3182 3183 3234 καὶ
3239 3181 3508 3252 πρύτανιν
3591 3182 3711 3235 τῶν

2115 3272 2442 3343 λεγομένων.
2482 3272 2714 3344 Ὀρῶντι
2760 3274 2818 3328 δὲ
2851 3277 2978 3337 τοὺς
3031 3274 3261 3337 πολλοὺς
3302 3274 3410 3345 πρὸ
3442 3274 3541 3327 τοῦ
3585 3294 3716 3330 καιο

2121 3366 2215 3435 ροῦ
2268 3367 2361 3420 καὶ
2417 3367 2515 3437 τῆς
2576 3367 2769 3439 χρείας
2837 3367 3079 3439 μεγάλην
3128 3369 3255 3423 τινὰ
3318 3369 3411 3422 καὶ
3468 3367 3710 3439 θρασεῖα

2116 3457 2475 3529 προϊεμένους
2536 3461 2636 3527 τὴν
2696 3458 2948 3528 γλῶτταν
2981 3500 2995 3525 ,
3037 3459 3135 3513 καὶ
3179 3459 3257 3531 τῷ
3322 3459 3474 3528 σφῶν
3516 3462 3706 3515 αὐτῶν

2119 3549 2432 3622 βουλομένῳ
2492 3551 2610 3620 ἅμα
2657 3551 2925 3616 καὶτοὺς
2981 3552 3209 3623 καιροὺς
3256 3552 3418 3617 εὐθὺς
3478 3555 3576 3607 καὶ
3638 3554 3706 3607 τά

2119 3643 2423 3715 πράγματα
2485 3644 2762 3716 σύνδρομά
2829 3661 2890 3698 τε
2945 3645 3040 3700 ml.
3096 3645 3384 3716 πρόδρομα
3451 3646 3707 3714 γίνεσθαι

2118 3736 2437 3805 οἰομένους,
2481 3735 2714 3790 δεδιέναι
2774 3754 2864 3807 μοι
2920 3735 3148 3806 ἔπεισι,
3208 3738 3285 3809 μὴ
3353 3738 3451 3806 τῆς
3508 3741 3708 3810 χρείας

2119 3825 2355 3880 καὶτοῦ
2406 3826 2601 3898 καιροῦ
2680 3829 3061 3899 παραστάντος
3126 3829 3476 3898 λειποταξίου
3546 3833 3709 3900 δίκην

2118 3914 2425 3984 ὀφλήσωσι,
2478 3914 2587 3969 τῶν
2637 3913 2819 3969 ὃπλων
2852 3916 3072 3978 ἑκόντες
3137 3920 3250 3980 τοῖς
3292 3919 3562 3982 ἐναντίοις
3594 3936 3704 3974 πα-

2119 4008 2566 4079 ραχωρήσαντες.
2616 4007 2788 4062 Ἔνθα
2842 4008 2955 4080 γὰρ
3000 4010 3609 4082 φιλοτιμία’τρόφιμο;
3641 4014 3705 4066 ἀο

2118 4099 2343 4169 πειρίας
2393 4099 2523 4168 ὅλην
2562 4099 2901 4172 ἐνδυσαμένη
2929 4100 3031 4172 τὴν
3055 4101 3263 4173 ἀωρίαν
3295 4102 3405 4157 τῶν
3436 4104 3586 4174 ὅρων
3610 4123 3705 4157 κα.-

2118 4190 2406 4261 ταχορεύει
2429 4191 2528 4261 τῆς
2565 4189 2843 4256 εὐταξίας,
2878 4194 2995 4246 ἐκεῖ
3020 4192 3117 4247 καὶ
3161 4195 3333 4263 πέρας
3364 4195 3691 4249 ἀκολουθεῖν

2119 4285 2233 4346 τοῖς
2271 4281 2582 4354 προοιμίοις
2630 4281 2887 4347 ἐπιεικῶς
2915 4284 3496 4355 ἀντιστρατευόμενον,
3542 4287 3700 4340 οὐδὲν

2121 4371 2377 4436 ἀπεικός.
2422 4372 2561 4426 Οὐδὲ
2590 4371 2721 4443 γὰρ,
2772 4373 2849 4434 ὡς
2902 4373 3102 4447 ἔοικεν,
3131 4375 3327 4429 εἰδέναι
3361 4376 3547 4430 ἔπεισι
3594 4381 3704 4441 τοῖς

2051 4481 2096 4538 ο
2122 4465 2408 4531 τοιούτοις,
2438 4465 2515 4534 μὶῆ
2561 4464 2662 4536 τήν
2691 4467 2943 4534 γλῶτταν
2974 4466 3236 4522 δύνασθαι
3278 4469 3552 4541 καθιστᾷν
3578 4473 3707 4533 τοὺς

2128 4557 2354 4627 καιροὺς
2393 4557 2718 4628 ἀνυσίμους,
2755 4556 2880 4619 τοὺς
2908 4557 2965 4610 δὲ
3006 4560 3234 4628 καιροὺς
3264 4563 3365 4630 τὴν
3408 4560 3665 4629 γλῶτταν
3690 4574 3705 4588 ·

2122 4652 2232 4705 οὐδ’
2259 4652 2340 4706 ὅτι
2388 4652 2734 4722 Τυρσηνικῆς
2782 4653 3084 4723 σάλπιγγος
3114 4643 3291 4718 οὐδεὶς
3331 4655 3549 4726 ἀνδρῶν
3607 4673 3711 4727 με-

2123 4742 2561 4813 γαλοῳωνότερος
2589 4743 2723 4812 ὁμοῦ
2763 4743 2809 4796 δ’
2851 4743 2999 4812 ὅμως
3030 4738 3107 4813 τῷ
3154 4745 3418 4815 πληγέντι
3445 4746 3573 4815 ἀέρι
3608 4749 3709 4800 καὶ

2124 4820 2265 4901 αὕτη
2324 4836 2541 4908 δαπανᾷ
2580 4836 2675 4889 καὶ
2732 4835 2851 4889 λύει
2891 4836 2948 4890 τὸ
3010 4837 3209 4906 κράτος
3264 4838 3363 4906 τῆς
3428 4838 3703 4910 τέρψεως,

2122 4930 2314 4983 οὐδένα
2343 4932 2553 4999 καρπὸν
2578 4931 2691 4993 τοῖς
2719 4930 2913 4983 ἔπειτα
2958 4931 3367 4984 καταλείπουσα
3401 4932 3503 4998 τῆς
3533 4931 3706 5002 ἠχοῦς

2127 5017 2654 5089 μονιμώτερον.⁶’οτι
2680 5018 2726 5071 δ’
2751 5018 2811 5070 ού
2839 5016 3018 5088 χρεὼν
3043 5016 3181 5087 ὁμοῦ
3207 5019 3304 5071 καὶ
3337 5019 3462 5083 τοὺς
3493 5019 3613 5074 ὅσοι
3638 5039 3701 5088 γε

2125 5107 2344 5175 βαθεῖαν
2375 5104 2585 5161 αὔλακα
2613 5106 2699 5161 διὰ
2740 5107 2936 5177 φρενὸς
2966 5106 3326 5177 καρποῦνται,
3358 5107 3704 5177 παραλόγοις

2125 5195 2426 5265 ἑπομένους
2464 5195 2664 5265 ὁρμαῖς
2714 5195 2770 5256 ἐς
2807 5193 3167 5261 αύθαιρέτους
3214 5195 3353 5249 um
3393 5195 3700 5261 κινδύνους,

2123 5286 2281 5356 δῆλον
2323 5281 2477 5356 οἶμαι
2520 5288 2631 5349 τοῖς
2662 5284 2869 5340 ἅπασιν
2922 5280 3064 5342 εἶναι
3088 5303 3104 5318 ·
3141 5285 3455 5359 δηλώσομεν
3495 5289 3554 5342 δὲ
3603 5290 3701 5343 καὶ

2123 5376 2278 5430 αὐτοὶ
2334 5376 2643 5447 προϊόντες,
2686 5375 2899 5448 Ὥσπερ
2960 5377 3068 5448 γὰρ
3130 5377 3275 5432 δυοῖν
3316 5380 3700 5447 στρατοπέδοιν

2122 5471 2183 5531 ἐς
2238 5470 2418 5539 μάχην
2469 5466 2879 5537 ἀποκριθέντων
2917 5470 2951 5539 ὴ
2983 5469 3077 5523 τοῦ
3112 5470 3231 5534 ἐνὸς
3283 5470 3536 5541 εύϐομλία
3566 5471 3698 5540 φοο-

2128 5558 2347 5631 ροποιόν
2409 5575 2532 5611 τινα
2590 5556 2808 5628 θατέρῳ
2858 5560 3086 5629 χορηγεῖ
3139 5559 3257 5630 τῆν’
3297 5558 3532 5630 δύναμιν
3569 5559 3694 5628 βου-

2124 5649 2399 5719 λευομένῳ
2441 5648 2626 5711 κακῶς
2659 5648 2755 5701 καὶ
2804 5648 3118 5703 τούναντίον
3162 5647 3335 5714 αὖθις,
3379 5649 3525 5703 οὕτω
3561 5650 3692 5702 κάν-

2124 5740 2327 5799 ταῦθα·
2372 5742 2419 5796 εί
2451 5741 2582 5813 πρὶν
2616 5740 2794 5805 καλῶς
2833 5738 2966 5813 ὁμοῦ
3019 5740 3112 5796 καὶ
3152 5743 3387 5807 συνετῶς
3426 5738 3691 5810 ἐσκέφθαι
