4000 6206
237 225 353 322 τε.)
506 254 582 327 [Α.
624 271 675 311 c.
717 255 859 311 1328
895 273 961 310 AD
1002 256 1158 328 isti]

1307 264 1749 326 BYZANTiNzE
1788 263 2170 325 ΗΙΒΤΟΒΙᾹΞ
2210 264 2350 326 LIB.
2398 267 2467 328 X.

3387 258 3493 324 708

2582 262 2712 334 [ιιιρ.
2756 276 3033 317 nummo.
3057 260 3199 332 JUN.]

238 373 387 443 πρδς
413 373 683 440 διαλέξεις
712 375 808 427 καὶ
828 376 990 444 ἡμεῖς
1016 376 1276 447 ἀπαντῴη
1286 394 1386 445 μεν
1407 379 1518 432 τῶν
1541 376 1823 444 ἐναντίων,

1932 377 2189 432 tinuisse.
2230 376 2474 433 Primum
2499 378 2645 433 enim
2670 392 2734 433 ea
2763 393 2872 443 res,
2915 391 3038 447 quae
3066 391 3243 445 neque
3274 376 3495 431 modum

236 465 442 533 ῑψεται
476 466 613 533 πρὸς
643 464 906 536 αἰσχύνην
934 466 1103 536 ὁρῶσι
1151 468 1389 537 χρῆσθαι
1431 472 1546 533 τοῖς
1575 472 1683 524 τῶν
1721 488 1824 525 κα-

243 555 366 620 κῶς
417 557 760 624 δεδογμένων
800 558 1024 627 πέρασι.
1058 561 1163 614 Καὶ
1214 562 1288 630 μή
1334 578 1422 630 μοι
1456 561 1661 630 λεγέτω
1713 579 1822 629 τις,

239 648 323 711 ὣς
355 649 548 701 πολλοὶ
586 648 848 728 πολλάκις
897 651 1097 719 ὁρμαῖς
1150 651 1437 722 ὀξυτέραις
1482 651 1576 705 τοῦ
1614 652 1826 717 δέοντος

239 740 345 811 τὴν
397 742 701 812 ἠγεμονίαν
739 741 842 812 τῆς
896 741 1143 813 γλώττης
1194 744 1631 814 ἐγκεχειρικότες
1669 745 1826 812 νίκης

243 837 347 887 καὶ
396 833 679 906 τροπαίων
714 835 1043 904 κληρονόμοι
1095 834 1441 906 γεγένηνται.
1474 836 1697 905 Πρῶτον
1727 837 1826 906 μὲν

242 925 358 995 γὰρ
378 927 439 978 οὐ
470 929 671 979 κανόνα
694 926 787 978 καὶ
811 925 1060 998 στάθμην
1086 927 1346 997 εὐνομίας
1374 928 1624 999 ἡγεῖσθαι
1649 928 1825 998 χρεὼν

243 1013 599 1083 ἀστάθμητον
632 1015 869 1083 πρᾶγμα
888 1029 902 1045 ·
928 1013 1121 1068 ἔπειτα
1148 1014 1267 1068 οὐδὲ
1296 1016 1392 1084 τὴν
1416 1017 1825 1085 ἀπερίσκεπτον

245 1106 410 1174 ισμεν
466 1104 644 1175 ὁρμὴν
698 1104 911 1158 οἴκοθεν
951 1106 1224 1175 φέρουσάν
1257 1123 1388 1161 ποτε
1418 1108 1485 1161 τὰ
1532 1110 1630 1178 τῆς
1667 1107 1827 1177 νίκης

244 1194 437 1261 ἐφόδια
458 1210 475 1224 ·
513 1195 650 1247 ἀλλὰ
680 1195 781 1264 τῆς
802 1194 911 1247 τῶν
928 1182 1547 1267 κάντιπαραταξαμένων
1581 1196 1825 1267 μείζονος

246 1285 612 1348 κακοδουλίας
641 1286 773 1356 ὕλην
800 1287 1112 1357 παράδοξον
1146 1290 1535 1359 χορηγησάσης
1560 1288 1826 1353 πολλάκις

244 1379 309 1442 ἑς
365 1377 432 1432 τὺ
486 1377 788 1448 κοτορθοῦν
825 1382 892 1447 τῇ
933 1380 1351 1455 ἀντιστρατήγῳ
1391 1380 1717 1449 θρασύτητι,
1768 1382 1825 1444 ἐς

244 1470 348 1540 τὴν
386 1469 483 1522 τοῦ
510 1469 784 1538 βελτίονος
821 1474 1015 1541 μοῖραν
1042 1470 1414 1542 ἁπενηνὲχθαι
1439 1472 1587 1539 ἔδοξε
1624 1474 1718 1525 καὶ
1755 1472 1825 1526 τὰ

245 1561 473 1629 φαῦλαι
509 1561 697 1632 ὥσπερ
742 1561 809 1616 αὖ
839 1564 1101 1629 πολλάκις
1130 1565 1192 1617 τὸ
1216 1566 1323 1617 τῶν
1362 1565 1676 1619 ἀντιπάλων
1703 1582 1828 1619 συν-

246 1653 515 1723 ετώτερον
540 1651 624 1724 [Ρ.
655 1651 782 1724 ειη
807 1653 1080 1723 βούλευμα
1108 1655 1393 1727 παρήλασε
1431 1657 1526 1710 καὶ
1558 1658 1684 1721 τοὺς
1725 1658 1822 1729 ὀρ·

247 1746 359 1809 θὼς
406 1745 791 1815 βεϐουλεῦσθαι
841 1747 1117 1812 δόξαντας.
1160 1749 1380 1820 ’Δδήλου
1410 1752 1519 1821 γὰρ
1540 1750 1696 1815 ὄντος
1730 1750 1828 1806 τοῦ

250 1836 544 1906 μέλλοντος
599 1840 835 1910 ἐγχωρεῖ
858 1841 952 1892 καὶ
983 1838 1213 1894 τοιαῦτα
1265 1842 1585 1910 συμὸαίνειν
1631 1842 1823 1897 ἐνίοτε.

261 1924 409 1978 Ἀλλ’
426 1928 564 1996 ἡμῖν
596 1944 661 1995 γε
688 1928 751 1980 οὐ
774 1928 936 1999 νόμον
958 1928 1230 1985 ποιεῖσθαι
1251 1930 1422 2001 δήπου
1442 1930 1618 2001 χρεὼν
1649 1948 1829 2002 παρα-

249 2015 438 2084 λόγων
466 2018 912 2089 κατορθωμάτων
946 2019 1250 2089 κατάλογον
1269 2037 1283 2051 ο
1303 2022 1399 2074 καὶ
1433 2020 1670 2091 μάλιστα
1708 2022 1825 2088 νῦν,

242 2108 415 2162 ὁπότε
442 2110 570 2177 περὶ
589 2108 685 2162 τοῦ
704 2110 801 2180 τῆς
824 2110 1106 2175 εὐσεϐείας
1128 2112 1365 2182 κράτους
1384 2112 1451 2167 τὰ
1469 2111 1829 2183 παλαίσματα

243 2199 739 2255 διακινδυνεύεται.
786 2202 1006 2257 Τούτων
1037 2204 1146 2274 γὰρ
1193 2205 1377 2258 εἵνεκα
1426 2202 1824 2276 παρελήλυθαο

247 2289 682 2359 πμόοολεύσων
715 2292 752 2346 ἆ
775 2295 1048 2365 συμφέρει
1082 2296 1322 2365 ἐνόμισα,
1353 2296 1450 2350 καὶ
1478 2299 1544 2367 τῇ
1575 2296 1831 2369 παρούσῃ

243 2380 414 2451 χρείᾳ
446 2381 572 2433 ὅσον
616 2380 796 2447 ἔξεστι
842 2383 937 2435 καὶ
968 2383 1132 2447 αὐτὸς
1181 2387 1638 2454 συνεισενεγκεῖν.
1681 2386 1745 2440 El
1782 2385 1828 2438 δ’

239 2468 479 2539 ὀρθὼςῆ
512 2467 610 2539 μὴ,
645 2471 870 2524 σκοπεῖν
903 2470 1171 2527 λείπεται.
1204 2471 1339 2526 Οὐδέ
1385 2472 1493 2543 γὰρ
1530 2474 1829 2546 νομοθετή-

240 2573 437 2620 σοντες
459 2558 690 2629 ῆκομεν,
724 2558 834 2612 οὐδ’
865 2560 1258 2628 άποφαντικῶς
1281 2562 1349 2615 τὰ
1377 2562 1624 2632 ήμέτερα
1650 2562 1829 2627 λέξειν

235 2642 517 2712 δόγματα.
559 2645 702 2698 ’Δλλ’
737 2644 929 2716 ᾦσπερ
958 2646 1139 2707 πάλαι
1170 2650 1293 2712 ταῖς
1330 2650 1831 2719 ἀριστοκρατουμέ-

239 2751 366 2799 ναις
399 2737 654 2805 ἐγίγνετο
686 2738 928 2803 πόλεσιν,
969 2739 1115 2793 οὕτω
1143 2742 1239 2794 καὶ
1264 2744 1398 2812 ἡμῖν
1437 2743 1633 2812 ἐράνου
1665 2744 1827 2814 δίκην

236 2826 319 2882 τὰ
343 2829 417 2899 τῇ
448 2828 661 2898 διανοίᾳ
690 2829 826 2899 πρὸς
852 2830 915 2884 τὸ
950 2831 1123 2902 παρὸν
1151 2832 1506 2903 ἐπιτρέχοντα
1537 2835 1826 2903 συνεισφέ-

241 2937 364 2990 ρειν
396 2919 550 2985 εδοξε
580 2919 808 2975 δίκαιον.
839 2923 907 2975 ’Δ
947 2924 1128 2977 τοίνυν
1155 2922 1336 2992 λέγειν
1383 2925 1711 2996 προήγμεθα
1734 2927 1830 2997 τή-

240 3028 444 3109 μερον,
471 3008 846 3083 άπαῇόρευσίς
878 3015 993 3068 ἐστι
1036 3016 1109 3085 μὴ
1156 3015 1360 3079 πάντας
1389 3016 1686 3088 αὐτονομίᾳ
1709 3018 1831 3089 βου-
1856 3047 1900 3109 C

237 3100 462 3171 λήσεως
512 3103 738 3172 ῥέοντας
789 3104 956 3173 όμόσε
986 3107 1182 3176 χωρεῖν
1209 3108 1265 3169 ἐς
1297 3106 1559 3171 διαλέξεις
1597 3112 1693 3162 καὶ
1721 3111 1825 3163 άπ-

241 3197 516 3266 αντήσεις
569 3193 676 3247 τῶν
731 3196 789 3261 ἐξ
845 3194 1076 3260 Ἰταλίας
1134 3196 1322 3252 ἰόντων
1351 3215 1364 3229 ο
1400 3200 1534 3252 ὅπου
1575 3217 1660 3269 γε·
1686 3201 1823 3271 μηδέ

238 3289 360 3348 τοῖς
396 3284 796 3357 προεδρεύουσι
833 3290 927 3341 καὶ
972 3288 1140 3358 τιμῆς
1171 3289 1430 3361 τοιαύτης
1474 3291 1821 3362 ἠξιωμένοις,

241 3382 383 3450 πρὶν
412 3377 539 3447 μετ’
563 3378 807 3448 ἀλλήλων
836 3380 928 3432 τὸν
954 3381 1053 3451 τῆς
1085 3380 1374 3446 διαλέξεως
1406 3383 1670 3452 ἐσκέφθαι
1701 3400 1824 3436 σκο-

242 3472 375 3533 πὸν,
416 3468 596 3540 χρεὼν
625 3471 901 3542 άπαντᾷν·
935 3471 1164 3538 είδόταε,
1196 3473 1278 3526 ὅτι
1317 3474 1518 3541 πρᾶξις
1553 3476 1702 3528 πᾶσα
1731 3476 1824 3528 καὶ

239 3560 418 3629 λόγος
450 3561 589 3623 ἅπας
615 3561 729 3631 ἔχει
758 3561 959 3616 σκοπὸν
991 3564 1085 3615 καὶ
1106 3564 1280 3630 τέλος,
1309 3566 1439 3633 πρὸς
1469 3564 1498 3618 ὃ
1526 3565 1823 3634 βλέποντας

236 3650 349 3702 τόν
378 3664 439 3700 τε
472 3651 771 3718 πράττοντα
809 3653 901 3706 καὶ
944 3652 1169 3719 λέγοντα
1203 3653 1302 3723 τήν
1349 3670 1407 3706 τε
1444 3654 1642 3724 πρᾶξιν
1688 3654 1823 3724 ὁμοῦ

238 3742 345 3794 καὶ
378 3742 477 3794 ,τὸν
501 3741 657 3809 λόγον
690 3742 936 3796 εὐθύνειν
966 3748 1250 3813 προσήκει.
1288 3744 1489 3797 Τούτου
1519 3722 1823 3809 δ”ἁπόντος

240 3830 499 3883 κίνδυνον
530 3829 687 3896 εἶναι,
715 3833 946 3900 μάταιον
975 3835 1210 3903 σπουδήν
1240 3849 1298 3886 τε
1333 3836 1511 3886 πᾶσαν
1548 3837 1641 3887 καὶ
1664 3836 1825 3889 πόνον

242 3923 477 3977 ἅπαντα
505 3924 841 3992 νομίζεσθαι.
875 3919 997 3977 Οἴον
1030 3926 1058 3977 ὁ
1096 3924 1271 3977 πλέων
1296 3924 1354 3976 οὐ
1387 3925 1546 3978 τοῦτο
1575 3925 1823 3994 βούλεται

240 4018 351 4070 καὶ
387 4015 534 4068 τοῦτ’
578 4015 692 4085 ἔχει
731 4017 954 4078 σκοπὸν,
1000 4017 1135 4085 ὅπερ
1166 4016 1479 4087 ἐργάζεται.
1503 4018 1619 4070 ἀλλ’
1650 4020 1826 4072 ἐκεῖνο

247 4108 486 4177 μᾶλλον,
510 4099 570 4160 οὗ
584 4106 767 4160 ἕνεκεν
788 4109 1081 4177 ἐργάζεται
1103 4110 1238 4177 ὅπερ
1258 4105 1566 4178 ἐργάζεται.
1590 4109 1826 4177 Κέρδους

244 4199 365 4268 γὰρ
394 4198 580 4263 ἓνεκα,
615 4198 708 4251 καὶ
737 4199 798 4251 οὐ
831 4198 922 4251 τοῦ
953 4197 1160 4268 κύμασι
1192 4199 1285 4251 καὶ
1329 4198 1657 4267 πνευμάτων
1682 4199 1825 4268 βίαις

244 4287 599 4342 διακυϐεύειν
628 4289 687 4341 τὸ
722 4289 843 4359 ζῇν,
872 4291 1061 4357 ἀνάγει
1087 4290 1186 4359 τὴν
1224 4289 1375 4343 ναῦν.
1410 4291 1518 4358 Καὶ
1551 4290 1579 4341 ό
1599 4290 1822 4359 τοξότης

246 4380 293 4431 δ’
330 4378 537 4448 ὁμοίως
579 4379 678 4432 οὐκ
705 4380 838 4432 αὐτὸ
876 4381 996 4432 καῡ’
1026 4380 1158 4432 αὐτὸ
1184 4381 1245 4432 τὸ
1282 4378 1539 4449 τοξεύειν.
1568 4380 1704 4433 ἀλλὰ
1732 4381 1822 4434 τοῦ

1933 4396 2035 4437 nec
2073 4383 2173 4452 ipsi
2210 4384 2435 4449 nostris,
2463 4397 2567 4437 nec
2589 4397 2692 4436 nos
2721 4382 2939 4436 illorum
2969 4381 3206 4436 decretis
3235 4380 3497 4437 assentiri
3586 4412 3593 4417 κ

249 4466 446 4535 βαλεῖν
468 4465 555 4517 τὸν
581 4466 841 4535 πολέμιον
869 4467 1050 4519 εἵνεκα
1080 4466 1234 4522 τοῦτο
1263 4467 1589 4539 προῄρηται.
1608 4469 1832 4523 Ἐνταυ·

251 4559 343 4611 θοῖ
369 4558 416 4611 δ’
450 4559 548 4629 οὐχ
572 4560 704 4626 ὁρῶ,
741 4560 887 4621 τίνος
928 4559 1114 4612 εἵνεκα
1145 4560 1366 4632 κέρδους
1414 4563 1506 4613 καὶ
1537 4562 1671 4633 πρὸς
1709 4561 1831 4615 τινα

254 4648 477 4717 βλέπων
511 4649 712 4700 σκοπὸν
757 4647 1102 4716 διαλέγεσθαι
1133 4649 1199 4703 ἄν
1250 4667 1331 4714 τις
1378 4651 1573 4717 ἕλοιτο,
1616 4653 1669 4703 εἰ
1705 4653 1829 4722 μήτ’

254 4740 410 4791 αὐτοὶ
440 4740 549 4801 τοῖς
578 4738 755 4809 ἡμῶν,
807 4739 936 4810 μήθ’
972 4740 1136 4810 ἡμεῖς
1164 4743 1278 4804 τοῖς
1303 4741 1483 4795 αὐτῶν
1534 4743 1828 4797 συνθέσθαι

260 4830 599 4902 βουλήμασιν
633 4831 878 4901 ἔγνωμεν
910 4831 1151 4898 πώποτε,
1197 4832 1299 4886 κᾶν
1328 4835 1527 4896 πάντες
1563 4835 1703 4903 φῶσι
1749 4835 1832 4887 λί-

262 4926 370 4989 θοι,
402 4923 507 4977 κάν
556 4923 735 4977 πάντα
771 4925 937 4991 φυτά.
969 4926 1090 4978 Ἔτι
1131 4927 1240 4996 μὴν
1273 4928 1366 4979 καὶ
1406 4929 1514 4980 τῶν
1542 4928 1829 4979 ἀτοπωτά-

259 5029 369 5065 των
398 5014 466 5065 ἂν
487 5013 577 5081 εἴη
608 5012 704 5064 καὶ
736 5013 923 5083 πόρρω
956 5028 1056 5065 που
1086 5012 1182 5065 τοῦ
1209 5015 1576 5084 προσήκοντος
1606 5016 1831 5084 πορευό-

264 5120 429 5173 μενον
461 5086 643 5172 λόγου,
670 5105 798 5166 τοὺς
832 5109 934 5173 μὲν
981 5104 1333 5174 Ὀλυμπιάσιν
1375 5108 1706 5172 ἀγωνιστὰς,
1736 5109 1829 5159 καὶ

262 5197 378 5253 ὅσοι
408 5196 510 5265 γῆς
539 5197 703 5249 ἕνεκα
748 5195 1027 5259 σταδιαίας
1057 5197 1492 5266 ἀμφισϐητοῦσι,
1538 5199 1634 5250 καὶ
1668 5197 1828 5260 εἴτις

260 5287 621 5350 λωποδυσίαις
653 5285 951 5353 ἁλίσκοιτο,
987 5288 1195 5350 τούτοις
1217 5290 1419 5355 ἐξεῖναι
1453 5289 1619 5342 πᾶσιν
1642 5288 1829 5345 Ἑλλα-

248 5374 482 5439 .νοδίκας
509 5376 661 5439 τινὰς
688 5376 782 5431 καὶ
821 5375 1017 5444 κριτὰς
1037 5376 1301 5445 seems;
1342 5375 1715 5446 προκαθίζειν,
1753 5376 1829 5441 ὡς

268 5468 346 5539 μὴ
369 5469 505 5541 λάθῃ
540 5469 881 5539 παρσρῤυεὶς
926 5468 955 5519 ὁ
990 5466 1084 5520 τοῦ
1129 5467 1340 5521 δικαίου
1391 5467 1591 5533 κανὼν,
1629 5470 1828 5537 μᾶλλον

266 5556 311 5606 δ’
346 5556 432 5609 ἱνα
465 5559 544 5625 μή
571 5557 839 5627 ἀνήνυτον
864 5554 964 5625 ἔχῃ
995 5554 1086 5608 τὸν
1139 5554 1339 5625 δρόμον
1369 5555 1400 5623 ἡ
1431 5557 1527 5625 τῆς
1551 5556 1829 5626 ἀμφισϐή-

265 5646 475 5716 τήσεως
509 5646 648 5717 ιρις,
677 5646 905 5717 μηδενὸς
929 5646 1291 5716 προκειμένου
1327 5646 1549 5710 κανόνος
1585 5648 1677 5701 καὶ
1705 5649 1830 5702 στά-

1928 478 2109 533 neque
2141 466 2411 520 rationem
2445 466 2500 520 iu
2523 481 2581 537 se
2609 468 2776 521 ullam
2810 467 2999 530 habet,
3032 466 3228 521 modus
3270 475 3326 521 et
3357 466 3497 521 ratio

1926 551 2200 625 mdoitatis
2233 558 2483 612 duce‘nda
2509 573 2617 613 non
2645 568 2748 612 est.
2775 558 2986 613 Deinde
3011 559 3149 613 satis
3189 557 3383 623 scitur,
3415 560 3498 611 in-

1927 650 2333 705 consideratum
2369 651 2635 720 impetum
2666 667 2774 705 non
2834 659 3027 721 suapte
3068 660 3264 706 natura
3297 665 3493 721 parere

1929 743 2221 798 victoriam
2262 762 2275 797 :
2308 744 2428 809 sed,
2463 745 2508 799 si
2546 730 2988 799 adversariorum
3025 745 3199 815 major
3236 742 3493 798 'stultitia

1928 835 2279 888 occasionem
2311 836 2391 889 rei
2444 836 2585 890 bene
2634 834 2885 905 gerendae
2936 843 3136 904 prieter
3197 832 3491 902 opinonem

1928 924 2167 994 praebeat
2193 926 2485 979 contraria:
2508 926 2771 989 audaciae,
2803 941 2869 980 eo
2918 940 3044 981 casu
3075 925 3247 979 malas
3273 936 3494 993 quoque

1927 1029 2016 1067 res
2049 1014 2314 1068 bonarum
2342 1026 2530 1069 rerum
2562 1016 2744 1070 locum
2785 1030 3100 1085 occupare;
3159 1014 3305 1069 sicut
3328 1013 3494 1067 vicis-

1927 1105 2028 1159 sim
2059 1106 2230 1176 major
2259 1121 2403 1176 smpe
2422 1106 2863 1161 adversariorum
2880 1106 3167 1177 prudentia
3187 1120 3284 1160 eos
3301 1104 3493 1165 etiam,

1927 1198 2022 1266 qui
2060 1196 2199 1251 bene
2259 1198 2375 1252 suis
2438 1198 2602 1252 rebus
2640 1199 2989 1253 consuluisse
3021 1196 3182 1268 504
3216 1196 3495 1261 videnlur,

1927 1297 2176 1357 superat.
2212 1288 2343 1342 Nam
2375 1303 2499 1343 cum
2531 1304 2619 1343 res
2670 1290 2870 1345 futura:
2920 1289 3144 1343 incertae
3185 1287 3318 1353 sint,
3355 1286 3496 1340 nihil

1928 1379 2129 1439 obstat.
2171 1394 2279 1449 quo
2310 1379 2494 1434 minus
2520 1380 2793 1434 interdum
2824 1381 2989 1435 etiam
3016 1381 3120 1434 tale
3149 1378 3354 1448 aliquid
3389 1393 3492 1432 usu

1929 1472 2134 1524 veniat.
2187 1471 2291 1526 Sed
2354 1470 2710 1525 fortuitorum
2751 1485 3104 1525 successuum
3154 1468 3499 1524 enumeratio

1928 1576 2037 1615 non
2063 1561 2226 1616 debet
2250 1562 2397 1631 apud
2426 1578 2527 1617 nos
2552 1562 2691 1631 legis
2721 1562 2843 1615 loco
2868 1575 3014 1624 esse,
3089 1576 3235 1615 nunc
3269 1573 3500 1630 praeser-

1932 1654 2051 1720 tim,
2114 1670 2243 1709 cum
2298 1655 2367 1710 de
2430 1655 2709 1724 religionis
2766 1653 2997 1709 victoria
3041 1652 3115 1707 sit
3146 1653 3495 1708 certandum.

1862 1712 1901 1767 B
1931 1747 2225 1803 Enimvero
2262 1747 2362 1803 hac
2391 1747 2459 1802 de
2493 1762 2656 1802 causa
2678 1745 2878 1816 prodii,
2926 1745 3072 1815 quod
3114 1753 3169 1799 et
3204 1760 3288 1799 me
3315 1746 3495 1813 ipsum

1928 1838 2260 1907 putaverim,
2318 1837 2364 1892 si
2397 1837 2536 1892 utile
2560 1837 2849 1892 consilium
2877 1835 3092 1899 darem,
3141 1834 3410 1904 quidquid
3441 1834 3498 1888 in

1929 1942 2016 1982 me
2041 1927 2162 1997 opis
2195 1926 2340 1983 foret
2369 1928 2423 1981 in
2455 1942 2570 1982 rem
2624 1935 2950 1996 prasentem
2985 1940 3109 1981 esse
3154 1925 3527 2001 contributug

1931 2034 2076 2074 rum.
2117 2019 2198 2073 ~ld
2250 2028 2434 2074 autem
2499 2029 2720 2074 rectene
2767 2033 2836 2073 an
2890 2032 3055 2073 secus
3083 2017 3330 2073 facturus
3370 2017 3498 2083 sim,

1928 2110 2329 2165 consideretur.
2357 2107 2543 2179 Neque
2563 2109 2709 2165 enim
2732 2110 2912 2178 legum
2940 2108 3291 2163 ferendarum
3319 2107 3497 2177 gratia

1931 2201 2213 2266 adsumus,
2240 2210 2336 2254 aut
2375 2209 2436 2254 ut
2466 2210 2651 2255 nostra
2674 2201 2894 2256 decreta
2913 2200 3071 2255 ﬁrma
3091 2209 3145 2255 et
3170 2200 3499 2255 inconcussa

1886 2317 1890 2320 ι
1930 2289 2123 2345 haberi
2153 2291 2388 2345 velimus
2417 2308 2430 2355 ;
2464 2291 2561 2345 sed
2593 2301 2654 2347 ut
2683 2291 2811 2346 olim
2871 2293 2924 2346 in
2959 2291 3150 2347 liberis
3183 2289 3501 2345 civitatibus

1930 2379 2117 2448 ﬁebat,
2156 2383 2228 2437 ita
2261 2391 2316 2437 et
2347 2381 2508 2438 nobis
2539 2398 2660 2451 quae
2718 2382 2778 2437 in
2811 2392 3048 2438 mentem
3105 2397 3205 2452 pro
3257 2389 3502 2452 tempore

1929 2476 2212 2531 venissent
2233 2475 2387 2529 velut
2411 2474 2609 2544 stipem
2639 2473 2894 2529 conferre
2939 2462 3251 2542 visum.,est.
3288 2473 3340 2528 Is
3364 2488 3501 2528 vero

1933 2568 2101 2638 hujus
2121 2575 2324 2622 nostra;
2351 2566 2618 2621 orationis
2650 2579 2850 2634 scopus
2877 2573 2982 2629 est,
3025 2574 3084 2620 ut
3115 2564 3498 2629 dehortemur,

1931 2675 2000 2715 ne
2028 2659 2211 2729 quivis
2239 2671 2341 2728 pro
2369 2671 2471 2712 suo
2501 2657 2658 2711 libito
2678 2671 2802 2711 cum
2827 2657 2898 2711 iis
2933 2656 3028 2725 qui
3054 2670 3121 2711 ex
3148 2656 3302 2710 italia
3328 2669 3499 2713 vene-

1931 2759 2059 2804 runt
2086 2757 2294 2803 temere
2324 2747 2710 2817 congredimur
2732 2753 2789 2800 et
2817 2745 3104 2814 disputet;
3161 2759 3283 2800 cum
3334 2744 3385 2799 id
3433 2760 3501 2800 ne

1932 2838 2264 2911 praesulibus
2288 2836 2511 2907 quidem
2536 2847 2592 2892 et
2625 2836 2758 2892 viris
2800 2850 2865 2891 ea
2896 2836 3222 2891 auctoritate
3257 2835 3500 2905 praditis

1930 2928 2347 2985 concedendum
2374 2942 2497 2983 esse
2529 2926 2801 2991 videatur,
2845 2927 3166 2997 priusquam
3204 2926 3349 2981 inter
3378 2939 3499 2980 sese

1931 3021 2321 3091 disputationis
2332 3035 2554 3091 scopum
2572 3031 2628 3073 et
2648 3018 2811 3073 tinem
2830 3017 3234 3072 considerarint
3256 3032 3271 3082 ;
3295 3017 3499 3087 quippe

1932 3114 2027 3185 qui
2069 3113 2265 3185 sciant,
2327 3112 2476 3167 onmi
2525 3111 2641 3165 sive
2686 3111 2887 3166 actioni
2920 3111 3036 3166 sive
3082 3109 3317 3165 orationi
3368 3123 3499 3165 sco-

1933 3172 2058 3275 pum
2084 3218 2148 3257 ac
2174 3172 2337 3256 ίίηεηι
2360 3202 2597 3270 aliquem
2625 3214 2744 3257 esse
2777 3200 3141 3270 propositum,
3176 3199 3244 3254 ad
3262 3214 3424 3268 quem
3450 3197 3499 3253 is

1931 3292 2025 3362 qui
2047 3293 2134 3346 vel
2162 3290 2274 3361 agit
2295 3290 2375 3345 vel
2400 3289 2622 3344 disserit
2645 3290 2926 3344 collimare
2944 3300 3164 3343 etsuam
3192 3299 3304 3343 tum
3321 3292 3497 3342 actio-

1931 3399 2057 3438 nem
2080 3392 2194 3435 tum
2222 3381 2531 3436 orationem
2560 3380 2795 3450 dirigere
2813 3379 3033 3435 debeat.
3060 3379 3215 3446 Quod
3250 3380 3354 3433 nisi
3379 3379 3493 3443 ﬁat,
3522 3404 3525 3407 λ

1930 3472 2233 3542 periculum
2251 3484 2436 3537 cst,ne
2462 3474 2624 3525 omne
2639 3469 2906 3535 studium,
2931 3471 3109 3524 omnis
3134 3471 3289 3524 labor
3316 3472 3495 3524 inanis

1930 3577 1984 3619 et
2004 3564 2194 3618 irritus
2209 3562 2497 3617 habeatur.
2518 3562 2698 3617 Veluti
2721 3561 2767 3616 is
2801 3562 3127 3632 quinavigat
3156 3577 3263 3615 non
3286 3561 3336 3614 id
3355 3563 3496 3625 vult,

1931 3670 2036 3710 nec
2054 3668 2280 3723 secpum
2313 3652 2415 3706 sibi
2433 3652 2694 3722 proponit
2713 3652 2765 3706 id
2781 3651 2927 3720 quod
2948 3651 3092 3721 agit;
3115 3651 3211 3704 scd
3242 3651 3377 3705 illud
3402 3666 3500 3721 po-

1932 3745 2062 3804 tius,
2079 3743 2409 3813 cujuscausa
2437 3741 2487 3795 id
2506 3743 2685 3811 ipsum
2699 3742 2831 3811 agit.
2850 3741 3012 3795 Lucri
3032 3741 3289 3795 nimirum
3310 3758 3327 3792 (
3342 3755 3509 3805 ausa,

1931 3849 2041 3887 non
2067 3844 2248 3886 autem
2272 3842 2329 3885 ut
2357 3842 2645 3886 ventorum
2666 3843 2723 3886 et
2749 3830 3014 3885 ﬂuctuum
3048 3832 3277 3885 arbitrio
3293 3832 3361 3885 de
3387 3832 3499 3885 vita

1932 3923 2091 3995 505
2133 3923 2377 3987 dimicet,
2407 3936 2437 3977 e
2466 3934 2625 3993 portu
2672 3921 2853 3977 solvit.
2889 3921 3088 3977 Eodem
3128 3922 3290 3977 modo
3338 3921 3501 3992 sagit-

1935 4017 2106 4071 tarius
2132 4032 2241 4071 non
2277 4016 2400 4070 ideo
2432 4014 2656 4084 sagittas
2699 4014 2919 4079 emittit,
2955 4023 3013 4069 ut
3039 4024 3261 4068 ventum
3305 4014 3501 4068 verbe-

1934 4116 2051 4173 ret;
2080 4107 2173 4163 sed
2205 4117 2265 4163 ut
2294 4107 2507 4162 hostem
2538 4116 2768 4173 sternat,
2801 4106 2852 4160 id
2881 4105 3030 4160 facit.
3060 4104 3159 4159 Hic
3181 4121 3311 4159 vero
3339 4107 3499 4173 cujus

1931 4200 2284 4256 emolumenti
2320 4215 2436 4269 spe,
2463 4213 2571 4268 quo
2599 4197 2705 4252 ﬁne
2731 4197 3032 4268 proposito,
3061 4198 3350 4267 quisquam
3379 4197 3500 4252 d;s-

1933 4300 2127 4361 putare
2171 4306 2294 4346 cum
2331 4291 2545 4346 Latinis
2609 4291 2761 4356 velit,
2795 4288 3049 4360 equidem
3098 4305 3208 4343 non
3242 4289 3419 4349 video,
3452 4288 3498 4343 si

1933 4488 2172 4544 unquam
2196 4473 2565 4539 decrevimus,
2598 4474 2681 4527 vel
2705 4473 2749 4526 si
2779 4487 2972 4527 oumes
2999 4473 3101 4528 hoc
3123 4473 3351 4542 lapides,
3381 4488 3499 4527 om-

1932 4582 2029 4621 nes
2072 4565 2291 4635 stipites
2321 4565 2551 4620 dictent.
2586 4564 2792 4619 Deinde
2835 4564 3295 4620 absurdissimum
3340 4575 3396 4619 ct
3424 4565 3495 4619 ab

1932 4657 2081 4711 omni
2116 4657 2328 4711 ratione
2357 4655 2752 4712 alienissimum
2789 4656 2975 4722 fuerit,
3013 4655 3080 4710 iis
3115 4655 3207 4724 qui
3232 4655 3285 4709 in
3311 4654 3497 4726 Olym-

1931 4747 2034 4816 piis
2072 4756 2286 4801 certant
2313 4756 2370 4801 et
2410 4747 2464 4800 in
2507 4746 2683 4801 stadio
2715 4746 3036 4813 decurrunt,
3088 4754 3183 4801 aut
3223 4746 3315 4815 qui
3367 4745 3499 4799 furti

1931 4845 2257 4908 arguuntur,
2295 4837 2362 4891 ad
2403 4836 2784 4892 llellanudicas
2811 4848 2869 4892 et
2906 4837 3255 4905 incorruptos
3283 4835 3500 4905 judices

1931 4943 2052 4983 esse
2077 4927 2548 4997 provocationem,
2579 4943 2645 4982 ne
2671 4928 2902 4998 justitiae
2938 4924 3124 4996 regula
3167 4926 3353 4979 lurtim
3399 4925 3498 4981 de-

1932 5018 2101 5073 clinet
2146 5033 2210 5072 ac
2246 5017 2417 5083 fallat,
2466 5029 2561 5073 aut
2613 5019 2728 5073 litis
2779 5018 3107 5089 disceptatio
3137 5017 3340 5072 frustra
3370 5034 3494 5087 pro-
3580 5018 3585 5023 ’

1930 5110 2109 5174 cedat,
2160 5110 2306 5163 nulla
2360 5110 2547 5179 regula
2584 5118 2682 5164 aut
2710 5126 2900 5165 norma
2933 5110 3200 5172 adhibita,
3232 5110 3298 5164 ad
3331 5126 3495 5181 quam

1931 5194 2354 5265 disceptantium
2409 5195 2651 5251 rationes
2693 5208 2899 5252 exacta:
2924 5198 3076 5253 litem
3131 5197 3356 5252 tiniant:
3404 5212 3499 5250 eos

1931 5302 2083 5350 vero,
2116 5286 2211 5356 qui
2244 5286 2313 5341 de
2350 5287 2515 5342 rebus
2538 5287 2742 5342 divinis
2774 5288 3106 5358 disputaturi
3129 5298 3185 5342 et
3211 5288 3266 5342 in
3285 5288 3494 5357 longis-

1931 5382 2072 5433 sitno
2108 5379 2203 5434 illo
2246 5379 2424 5434 stadio
2458 5380 2746 5434 maximam
2790 5381 3002 5436 cladem
3038 5380 3235 5436 animis
3266 5390 3322 5434 ct
3368 5394 3494 5435 cor-

1934 5471 2161 5541 poribus
2194 5471 2484 5528 minitante
2512 5473 2802 5529 decursuri
2852 5484 3002 5538 sunt,
3032 5472 3243 5527 nullum
3291 5470 3495 5548 habere

1929 5562 2191 5632 judicent,
2227 5564 2320 5632 qui
2374 5568 2663 5636 utriusque
2698 5564 2868 5634 partis
2900 5566 3065 5620 verba
3097 5564 3389 5634 exprndat,
3435 5578 3501 5619 ac

1934 5652 2025 5707 illa
2052 5652 2274 5723 quidem
2310 5655 2555 5712 victricia
2581 5656 2922 5729 pronuntiet,
2956 5656 3045 5711 illa
3076 5672 3208 5712 vero
3234 5666 3295 5713 ut
3316 5656 3500 5712 inania
