4000 6206
452 298 551 366 711
737 294 812 367 [Α.
856 309 909 348 ιι.
954 292 1092 349 6836
1130 308 1195 347 an
1234 287 1396 361 6849]

1647 289 2064 351 NICEPHORI
2105 286 2486 349 GBEGORIE

2632 219 2655 249 κ

2717 246 2737 262 ¹
2754 279 2887 351 [μιν.
2930 291 3190 332 manes”;
3236 276 3371 349 tum]

3566 284 3683 348 712‘.

364 436 373 441 “
451 427 573 467 rum
608 409 893 474 doctrinae,
944 424 1043 479 pro
1093 407 1242 462 virili
1293 404 1461 460 verba
1512 401 1798 465 iaciemus,
1853 413 2017 472 atque

2120 400 2371 477 γιστικῆς
2403 417 2461 454 τε
2504 399 2596 452 καὶ
2629 398 2957 465 ἀναλυτικῆς
2993 395 3301 463 ἐπιστήμης
3340 391 3689 462 βεϐαιοῦσθαι

452 503 557 557 ista
583 500 999 572 explicabimus.
1036 497 1189 566 Quod
1223 496 1269 552 si
1300 504 1356 552 et
1385 494 1546 551 nobis
1576 501 1892 549 sanctorum
1919 493 2018 547 Pa-

452 600 598 647 trum
631 589 851 661 scriptis
874 588 973 644 niti
1007 597 1064 643 et
1095 587 1181 642 bis
1213 585 1384 640 armis
1407 598 1529 639 cum
1551 581 1890 637 adversariis
1916 596 2019 650 pu-

451 696 621 753 gnare
642 681 1015 736 necessarium
1040 690 1222 745 esset;
1266 675 1574 746 simplicem
1602 683 1659 729 et
1706 670 1810 745 ipsi
1839 672 2015 728 secuti

454 770 723 825 rationem
772 770 1196 825 dilucidioribus
1239 768 1530 839 scripturis
1581 773 1900 831 uteremur;
1953 765 2019 820 iis

454 877 690 932 nempe,
747 876 870 932 quae
927 860 1240 916 evidentem
1296 868 1353 914 et
1403 855 1833 927 irrefragabilem
1891 871 2019 910 sena

455 968 578 1008 sum
626 953 925 1008 lectoribus
971 952 1346 1016 ostenderent,
1384 964 1497 1004 non
1528 957 1709 1003 autem
1744 947 2016 1011 obscuris,

454 1062 555 1101 nec
570 1045 638 1101 iis
656 1060 775 1114 qua:
794 1051 1017 1113 propter
1038 1042 1200 1113 510
1222 1040 1576 1111 multiplicem
1595 1054 1789 1093 vocum
1806 1039 2017 1110 signiti-

453 1119 1114 1202 cationem‘dictionisque
1136 1147 1200 1187 ac
1229 1131 1521 1187 verborum
1552 1128 1807 1185 tenebras
1824 1138 1880 1185 et
1900 1145 2018 1184 am-

455 1229 797 1299 biguitatem,
858 1227 912 1281 in
967 1227 1151 1297 plures
1203 1224 1506 1280 sententias
1544 1223 1718 1293 accipi
1772 1233 2019 1294 possent.

453 1319 607 1389 Saepe
633 1319 778 1374 enim
813 1318 866 1372 in
905 1332 1057 1372 sacra
1100 1316 1385 1386 Scriptura
1413 1315 1599 1370 verbis
1630 1315 1877 1385 quaedam
1920 1316 2019 1371 ob-

451 1412 630 1466 scuris
652 1411 894 1465 involuta
930 1417 1268 1473 occurrunt;
1317 1406 1466 1477 quod
1505 1417 1560 1462 et
1588 1417 2018 1463 consentaneum

447 1510 551 1557 est.
587 1500 659 1557 Ut
688 1502 835 1556 enim
869 1515 1059 1568 regum
1093 1499 1338 1565 thalami,
1366 1498 1577 1569 aliaque
1603 1515 1724 1568 quin
1750 1509 1936 1555 sancta
1963 1510 2019 1555 et

449 1605 647 1662 magno
690 1590 746 1644 in
778 1589 958 1659 pretio
994 1588 1062 1642 ab
1094 1587 1410 1643 hominibus
1438 1587 1730 1652 habentur,
1772 1588 1894 1644 aliis
1933 1596 2018 1642 at-

451 1697 560 1750 que
592 1682 718 1736 aliis
748 1679 884 1735 velis
933 1677 1298 1740 occultantur,
1344 1692 1413 1732 ne
1444 1687 1539 1732 aut
1582 1677 1814 1747 profano
1855 1680 2019 1750 vulgo

449 1773 696 1840 exposita
722 1771 1188 1833 contaminemur,
1222 1776 1317 1822 aut
1360 1768 1491 1837 quia
1522 1768 1780 1823 omnibus
1809 1768 2018 1840 absque
2052 1745 2096 1804 Β

450 1863 636 1917 labore
669 1870 890 1930 pateant
930 1859 1266 1929 contemptui
1303 1858 1447 1926 sint;
1485 1858 1564 1915 sit:
1589 1861 1754 1914 etiam
1790 1861 2016 1931 plurimi

450 1969 620 2010 sacra:
651 1953 946 2023 Scriptura:
974 1952 1103 2017 loci,
1142 1952 1450 2021 praesertim
1502 1950 1557 2004 in
1586 1952 1788 2021 quibus
1817 1967 2027 2008 arcana

449 2044 718 2112 qua-piam
749 2042 994 2097 doctrina
1022 2042 1359 2108 continetur,
1419 2050 1679 2111 tanquam
1713 2042 1851 2098 velis
1890 2043 2017 2111 qui-

448 2134 705 2199 busdam,
734 2133 1153 2188 absconduntur
1180 2132 1449 2202 ejusmodi
1477 2132 1685 2197 verbis,
1722 2149 1844 2204 qua:
1872 2136 2016 2190 mul-

449 2234 558 2279 tam
588 2226 875 2295 caliginem
924 2219 1387 2290 secumWrabunt,
1418 2233 1475 2280 et
1506 2226 1763 2281 tenebras
1803 2226 1908 2280 sibi
1934 2226 2018 2281 la-

449 2317 682 2371 tibulum
706 2317 724 2348 ¹
754 2326 962 2386 ponunt
992 2325 1048 2372 et
1076 2316 1134 2370 in
1178 2316 1415 2371 circuitu
1466 2331 1568 2371 suo
1598 2318 2014 2372 tabernaculum

447 2406 553 2460 sibi
589 2405 740 2474 ipsis.
776 2406 998 2459 Monent
1023 2414 1080 2459 et
1105 2405 1282 2460 sancti
1310 2405 1523 2471 Patres,
1551 2405 1811 2470 Basilius,
1845 2406 2019 2476 Chry-

447 2510 747 2560 sosmmus,
773 2495 1039 2549 Maximus
1055 2495 1379 2566 ctCyrillus,
1405 2510 1511 2550 non
1533 2509 1599 2549 ea
1619 2496 1801 2550 omnia
1823 2497 2012 2560 verba,

447 2602 571 2658 quas
602 2587 657 2641 in
695 2587 844 2641 omni
892 2586 1120 2642 materia
1151 2586 1408 2641 eumdem
1442 2602 1637 2642 sonum
1669 2586 1860 2653 edunt,
1900 2599 2013 2644 sta-

448 2681 547 2736 tim
589 2682 783 2737 eodem
820 2683 985 2739 modo
1013 2683 1332 2753 accipienda
1361 2699 1517 2752 esse;
1569 2700 1749 2758 neque
1777 2696 2014 2742 mentem

446 2773 505 2829 in
538 2776 725 2831 verbis
754 2791 986 2846 prorsus
1032 2776 1397 2847 deligendam,
1427 2778 1520 2853 sed
1559 2778 1825 2850 propositi
1857 2796 1989 2850 argu

448 2867 620 2921 menti
656 2868 964 2923 sententias
994 2868 1313 2935 intuendas,
1346 2877 1402 2925 et
1426 2886 1654 2940 scopum
1685 2881 1849 2941 atque
1880 2880 2015 2942 ’pro-

445 2959 686 3026 positum
718 2957 1014 3028 Scriptura:
1043 2961 1161 3030 ejus
1191 2959 1247 3012 in
1270 2975 1375 3030 qua
1400 2971 1694 3015 versentur
1716 2963 2014 3032 exquiren-

2119 493 2213 547 καὶ
2239 492 2306 546 τὰ
2332 491 2578 561 ἡμέτερα
2601 489 2868 560 δόγματα,
2899 487 2973 550 ὡς
3008 486 3208 555 σαθρόν
3239 502 3298 538 τε
3321 485 3414 537 καὶ
3445 484 3695 538 ὕποπτον

2118 585 2198 648 είς
2234 581 2507 647 ἀπόδειξιν
2540 580 2820 647 ἀληθείας.
2860 579 2920 632 τδ
2952 577 3196 632 τοιοῦτον
3232 573 3372 640 εἶδος
3404 576 3497 631 τοῦ
3528 576 3698 645 λόγου

2119 673 2603 747 παραιτησόμεθα.
2630 673 2774 725 Πᾶσι
2795 672 2902 742 γάρ
2927 674 3043 724 ἐστι
3067 670 3357 741 πρόδηλον,
3380 670 3442 722 τὸ
3462 669 3564 740 τὴν
3578 669 3701 724 δια-

2118 765 2374 837 λεκτικὴν
2396 764 2719 837 περιεργίαν
2736 763 2860 835 ἴσην
2880 764 2963 832 ἐφ’
2983 764 3217 832 ἑκάτερα
3233 760 3330 831 τὴν
3353 760 3505 830 ίσχὺν
3522 760 3695 831 ἔχειν,

2120 861 2256 928 πρός
2283 875 2341 911 τε
2371 857 2470 929 τὴν
2507 858 2605 928 τῆς
2643 855 2900 926 ἀληθείας
2934 853 3252 925 ἀνατροπὴν
3289 852 3382 905 καὶ¹
3420 852 3555 922 πρὸς
3591 853 3695 921 τὴν

2120 948 2459 1020 κατηγορίαν
2492 948 2586 1003 τοῦ
2618 948 2870 1017 ψεύδους.
2905 947 3069 1001 Ὅθεν
3109 946 3207 999 καὶ
3234 945 3404 1019 αὐτὴν
3435 946 3532 1017 τὴν
3557 946 3693 1017 ἀλή-

2122 1043 2296 1108 θειαν,
2325 1026 2455 1096 ὅταν
2486 1043 2627 1113 μετά
2650 1059 2796 1106 τινος
2817 1039 3073 1108 τοιαύτης
3095 1040 3288 1115 τέχνης
3322 1039 3681 1109 προσάγηται,

2118 1136 2185 1189 δι’
2233 1135 2466 1205 ὑποψίας
2503 1135 2759 1198 πολλάκις
2808 1134 3134 1202 ποιούμεθα,
3185 1133 3258 1195 ὡς
3300 1132 3401 1200 τῆς
3449 1138 3569 1200 περὶ
3611 1131 3681 1183 τὰ

2119 1224 2342 1279 τοιαῦτα
2375 1224 2676 1295 δεινότητος
2714 1222 3206 1293 παρακρουομόνης
3244 1223 3401 1292 ἡμῶν
3439 1223 3534 1291 τὴν
3570 1218 3685 1274 διά-

2121 1332 2270 1375 νοιαν
2293 1314 2386 1368 καὶ
2407 1313 2506 1384 τῆς
2531 1312 2787 1381 ἀληθείας
2811 1312 3287 1381 ἀποσφαλλούσης.
3314 1312 3375 1363 ΕΞ
3405 1310 3461 1363 δέ
3487 1328 3567 1374 τις
3593 1310 3686 1363 τὸν

2120 1407 2496 1463 ἀκατάσκευόν
2520 1423 2587 1459 «τε
2613 1406 2708 1461 καὶ
2736 1406 2945 1477 γυμνὸν
2982 1406 3162 1474 πάσης
3195 1402 3494 1473 περιϐολῆς
3522 1419 3692 1471 προσ·-

2124 1500 2262 1554 ίεται
2299 1500 2477 1568 λόγον,
2508 1498 2763 1570 ἐροῦμεν,
2796 1499 2942 1561 ὅπως
2976 1495 3041 1551 ἂν
3075 1490 3184 1549 οἷόν
3229 1511 3288 1547 τε
3339 1490 3398 1568 ᾖ,
3429 1494 3569 1548 κατά
3596 1492 3691 1546 τδν

2121 1593 2312 1665 εἱρμὸν
2344 1591 2445 1660 τῆς
2477 1589 2762 1662 γραφικῆς
2796 1589 3145 1659 ὑφηγήσεως,
3188 1576 3287 1656 τὴν
3326 1587 3455 1656 περὶ
3483 1585 3695 1639 τούτων

2123 1680 2355 1750 θεωρίαν
2383 1680 2774 1748 προσάγοντες.
2802 1678 2865 1732 El
2897 1677 2961 1749 δὴ
2992 1673 3085 1731 οὖν
3115 1675 3210 1729 καὶ
3238 1676 3373 1746 ἡμῖν
3400 1674 3560 1728 θείων
3580 1673 3700 1726 Πα-

2121 1776 2294 1845 τέρων
2317 1775 2555 1845 γραφαῖς
2575 1770 2889 1836 ὁπλίζεσθαι
2914 1771 3006 1826 καὶ
3026 1766 3542 1836 ἀντιστρατεύεσθαι
3567 1764 3697 1818 κατ’

2119 1866 2299 1922 αὐτῶν
2328 1868 2624 1935 ἀναγκαῖον
2661 1864 2984 1936 ἐτύγχανεν,
3010 1860 3374 1932 ἀκατασκεύῳ
3403 1859 3479 1931 τῷ
3504 1859 3703 1929 τρόπῳ

2119 1961 2211 2015 καὶ
2241 1961 2394 2014 αὐτοὶ
2419 1963 2537 2023 ταῖς
2568 1958 2928 2027 σαφεστέραις
2953 1956 3019 2010 ἂν
3044 1953 3421 2026 ἐχρησάμεθα,
3444 1951 3539 2005 καὶ
3562 1952 3706 2004 ὁπό-

2120 2070 2210 2106 σαι
2243 2051 2497 2123 προφανῆ
2517 2054 2609 2104 καὶ
2637 2050 3104 2118 ἀνανταγώνιστον
3133 2048 3225 2100 τὸν
3243 2043 3557 2115 ἐγκείμενον
3580 2044 3706 2108 τοίς

2121 2139 2368 2210 μετιοῦσι
2414 2140 2714 2211 παρέχουσι
2758 2137 2905 2203 νοῦν,
2944 2136 3039 2190 καὶ
3085 2135 3147 2188 οὑ
3185 2134 3330 2204 μάλα
3368 2133 3434 2204 δὴ
3460 2133 3579 2197 ταῖς
3604 2134 3705 2186 αἰ-

2117 2229 2487 2297 νιγματώδεσι
2519 2230 2614 2283 καὶ
2644 2228 2975 2298 δυναμέναις
2995 2224 3084 2278 διά
3111 2238 3170 2275 τε
3200 2222 3295 2284 τὰς
3325 2222 3434 2276 τῶν
3473 2223 3706 2275 ὑποκειο

2123 2323 2301 2392 μένων
2339 2321 2663 2392 ὁμωνυμίας
2716 2321 2809 2374 καὶ
2847 2319 2934 2373 διά
2973 2319 3034 2373 τὸ
3070 2319 3168 2391 τῆς
3202 2318 3403 2384 λέξεως
3446 2317 3539 2370 καὶ
3576 2315 3701 2369 τῶν

2118 2415 2401 2482 ὀνομάτων
2426 2413 2746 2485 ,ὀμιχλῶδές
2784 2430 2844 2465 τε
2878 2413 2974 2467 καὶ
3015 2412 3364 2484 ἀμφιρρεπές
3412 2408 3703 2479 πολλαχῶς

2119 2507 2540 2577 ἑρμηνεύεσθαι.
2577 2506 2922 2577 Εὑρίσκομεν
2965 2505 3075 2577 γὰρ
3124 2503 3365 2573 πολλαχῆ
3403 2501 3501 2572 τῆς
3540 2501 3706 2564 θείας

2116 2597 2340 2668 Γραφῆς
2372 2596 2664 2668 ἐπίκρυψίν
2694 2614 2745 2649 τι
2775 2596 2952 2659 αὑτοῖς
2972 2596 3228 2665 ὀνόμασιν
3248 2593 3702 2664 ὑποκαθημένην,

2116 2690 2193 2753 ὡς
2224 2690 2284 2743 τὸ
2316 2689 2480 2750 εἰκός.
2520 2689 2735 2759 Ὠσπερ
2769 2689 2876 2759 γὰρ
2906 2690 2955 2742 et
2985 2689 3093 2743 τῶν
3130 2687 3393 2757 βασιλέων
3434 2686 3701 2757 θάλαμοι,

2116 2784 2213 2837 κοιλ⁵
2241 2783 2411 2836 ὁπόσα
2454 2782 2762 2852 ἀνθρώποις
2798 2780 2919 2850 ἱερά
2950 2797 3010 2832 τε
3038 2781 3131 2833 καὶ
3155 2779 3336 2849 τίμια,
3366 2778 3469 2832 ὑπὸ
3509 2795 3703 2848 παρασ-

2117 2876 2464 2946 πετάσμασιν
2498 2873 2631 2927 ἀλλα
2668 2873 2848 2937 ἄλλοις
2880 2872 3266 2936 καλύπτονται,
3299 2873 3385 2926 ἵνα
3424 2874 3562 2942 μήτε
3596 2872 3704 2942 δή-

2118 2988 2237 3041 μοις
2262 2970 2498 3032 ἀνοσίοις
2523 2966 2858 3039 προκείμενα
2890 2965 3305 3036 κιὸδηλεὺηται,
3345 2965 3483 3036 μήτε
3529 2980 3701 3033 περι-

446 3048 600 3113 dum,
631 3050 706 3103 uti
735 3050 950 3116 deceat,
982 3059 1036 3106 et
1060 3052 1310 3120 personis
1335 3061 1499 3122 atque
1526 3054 1863 3123 temporibus
1887 3064 2010 3124 apte

2117 3063 2385 3135 φρονῆται
2430 3062 2517 3115 διὰ
2546 3060 2608 3147 τὸ
2637 3061 2737 3130 τῆς
2781 3060 3137 3130 καταλήψεως
3178 3058 3471 3130 πρόχειρόν
3501 3075 3559 3110 τε
3594 3058 3699 3111 καὶ

378 3174 379 3177 η
445 3140 946 3210 convenienterque
971 3143 1492 3197 accommodandum
1532 3155 1586 3199 et
1608 3144 2012 3215 applicandum.

446 3226 545 3281 Est
587 3236 646 3281 et
674 3227 972 3298 Gregorius
1004 3229 1317 3299 Theologus
1364 3242 1580 3296 auctor,
1617 3234 1882 3302 quosdam
1923 3250 2013 3290 res

448 3334 571 3374 cum
605 3321 886 3374 vocabulis
919 3323 1230 3376 consentire
1270 3335 1374 3377 nec
1412 3322 1679 3378 minutius
1717 3323 1888 3380 dividi
1925 3340 2009 3380 ar-

447 3410 683 3467 bitratus
730 3413 1020 3482 opiniones
1069 3413 1270 3469 divinis
1310 3413 1478 3469 rebus
1529 3414 1783 3486 indignas
1826 3416 2013 3472 animo

447 3506 786 3575 concepisse.
824 3505 979 3576 511
1017 3508 1151 3559 Cum
1180 3506 1346 3576 igitur
1373 3517 1519 3561 tanta
1582 3505 1653 3561 sit
1712 3508 1778 3562 de
1828 3509 2015 3567 verbis

446 3604 503 3653 et
559 3598 877 3653 nominibus
927 3599 1200 3653 dissensio
1232 3639 1247 3664 ,
1299 3608 1586 3668 propterea
1633 3601 1776 3669 quod
1822 3602 2012 3655 eadem

450 3691 670 3745 nomina
726 3700 956 3760 possunt
1030 3693 1192 3745 rebus
1239 3690 1473 3744 diversis
1543 3692 1863 3759 convenire,
1928 3702 2015 3747 at-

450 3799 555 3853 que
583 3783 740 3837 aliter
792 3783 847 3837 in
877 3782 991 3837 Deo
1038 3782 1393 3853 intelligenda
1436 3794 1588 3850 sunt,
1635 3785 1793 3839 aliter
1821 3786 1875 3839 in
1911 3785 2014 3843 hac

450 3887 569 3928 orta
595 3874 921 3944 etperitura
946 3883 1176 3929 natura:
1213 3877 1336 3945 quis
1369 3877 1483 3931 haec
1514 3893 1610 3946 pro
1632 3878 1899 3949 dignitate
1922 3894 2016 3932 ex-

452 3965 711 4034 plicabit?
763 3962 899 4017 Nam
953 3965 998 4019 si
1059 3980 1279 4020 sanctos
1336 3966 1460 4021 illos
1517 3968 1724 4034 Patres,
1778 3968 2015 4039 Spiritus

449 4055 625 4110 sancti
676 4056 1063 4121 instrumenta,
1123 4057 1219 4127 qui
1274 4059 1424 4111 omni
1467 4057 1702 4113 humana
1749 4059 2015 4129 sapientia

451 4154 679 4199 caeteros
727 4161 921 4201 omnes
955 4148 1297 4217 supergressi
1348 4159 1497 4213 sunt,
1535 4150 1578 4203 si
1628 4166 1758 4220 ergo
1795 4152 1919 4206 illos
1959 4152 2013 4208 in

451 4250 728 4290 sacrarum
757 4237 1162 4307 Scripturarum
1184 4239 1624 4294 enarrationibus
1644 4255 2016 4311 saepenumero

452 4324 746 4380 dissentire
778 4326 1046 4393 videmus,
1086 4335 1144 4381 et
1172 4327 1286 4382 fere
1317 4332 1592 4382 contraria
1631 4328 1850 4389 aﬂerre,
1884 4345 2016 4400 pro-

452 4428 573 4488 pter
600 4418 993 4474 obscuritatem
1020 4420 1323 4488 ingentem,
1355 4434 1462 4489 qua
1494 4419 1699 4474 divinae
1729 4422 2016 4476 sententiae

451 4518 507 4561 et
536 4507 760 4563 altiores
799 4524 994 4564 sensus
1042 4510 1212 4564 veluti
1249 4509 1423 4564 ﬁrmis
1461 4520 1625 4580 atque
1652 4511 2018 4567 adamantinis

450 4599 741 4654 vestibulis
774 4602 1140 4656 muniuntur:
1174 4601 1305 4671 quid
1331 4602 1472 4656 alius
1494 4602 1694 4672 aliquis
1715 4601 1883 4668 dicat,
1912 4616 2017 4658 nec

451 4689 688 4745 humana
719 4692 984 4761 sapientia
1020 4706 1144 4746 cum
1198 4692 1306 4746 illis
1332 4692 1719 4759 conferendas,
1759 4694 2015 4763 idemque

449 4784 636 4853 pravis
686 4783 974 4839 aﬂ‘ectibus
1021 4784 1315 4847 obnoxius,
1369 4793 1426 4838 et
1474 4799 1795 4855 corpoream
1841 4786 2019 4841 labem

454 4883 602 4928 lotus
642 4875 940 4929 retlolens?
983 4875 1122 4931 Ecce
1174 4875 1323 4930 enim
1374 4876 1457 4944 (ut
1492 4878 1754 4946 pleraque
1799 4877 2018 4933 silentio

452 4964 813 5032 dissimulem)
842 4966 1002 5020 illud:
1042 4984 1060 5017 ι
1090 4966 1355 5021 Dominus
1386 4968 1597 5023 creavit
1627 4984 1713 5023 me
1746 4969 2018 5038 principio

452 5042 594 5108 viam
647 5057 862 5123 suam',
906 5074 926 5106 ι
966 5056 1183 5111 divinus
1219 5057 1311 5112 ille
1342 5067 1397 5112 et
1427 5073 1656 5128 magnus
1694 5059 1927 5125 Basilius
1952 5061 2019 5115 de

450 5161 514 5202 ea
552 5147 841 5217 sapientia,
882 5164 1005 5219 qua:
1040 5150 1095 5203 in
1124 5151 1331 5206 mundo
1366 5161 1615 5221 apparet,
1653 5151 1862 5207 dictum
1896 5168 2018 5209 esse

522 5276 540 5309 ⁸
565 5274 688 5331 Job.
721 5291 853 5339 uti,
887 5276 975 5331 Η.
1051 5279 1072 5308 ¹
1104 5277 1267 5334 Prov.
1300 5294 1374 5343 Ix,
1400 5278 1490 5332 22.

455 5499 668 5568 ἀγῶνας
693 5498 1166 5570 παρεσκευάσθαι,
1200 5497 1338 5567 μήτε
1368 5497 1649 5569 δεινότητα
1672 5497 2021 5570 διαλεκτικῆς

459 5570 743 5638 ἀγχινοίας
779 5573 858 5634 είς
890 5569 1212 5639 συμμαχίαν
1239 5571 1377 5639 κατ-ἀ
1404 5570 1516 5620 τών
1545 5572 2021 5639 ἀντιτεταγμένων

455 5636 880 5710 προϐάλλεσθαι,
903 5639 939 5710 ἡ
967 5636 1062 5693 καὶ
1089 5636 1195 5705 ’την
1219 5636 1481 5710 ἀληθειαν
1509 5638 1766 5710 πολλάκις
1796 5644 1870 5699 είς
1896 5640 2023 5710 ὑπό-

457 5710 603 5761 νοὶαν
630 5708 857 5778 ψεύῖους
888 5707 1110 5764 ἐπὶτῶν
1137 5707 1382 5779 ἀπείρων
1405 5708 1871 5779 ἀντιμεθίστησιν.
1890 5707 2025 5764 Grc-

2114 3127 2338 3217 ἀπονον,
2382 3151 2525 3206 οὕτω
2548 3127 2627 3224 ’δὴ
2659 3127 2754 3207 καὶ
2781 3152 2848 3205 τὰ
2886 3127 3110 3205 πλεῖστα
3160 3127 3254 3221 τῆς
3287 3127 3436 3213 θείας
3469 3148 3699 3218 Γραφῖκ

2114 3249 2207 3300 καὶ
2250 3247 2487 3317 μάλιστα
2521 3240 2601 3311 οἷς
2651 3244 2903 3316 μυστικοί
2934 3260 3079 3306 τινες
3111 3242 3470 3315 ὑφεδρεύουσι
3504 3240 3696 3310 λόγοι,

2115 3339 2362 3409 καθάπερ
2383 3339 2487 3392 ὑπὸ
2508 3338 2978 3408 παραπετάσμασι
2997 3334 3364 3390 καλύπτονται
3387 3334 3495 3397 τοῖς
3516 3333 3702 3387 10:06-

2113 3433 2225 3493 τοις
2250 3431 2531 3501 ὀνόμασιν,
2557 3431 2655 3483 ὅσα
2679 3429 2845 3484 πολὺν
2875 3428 2965 3481 τὸν
2993 3428 3189 3496 γνόφον
3220 3424 3570 3496 ἐπισύρονται
3598 3423 3700 3477 καὶ

2118 3522 2309 3585 σκότος
2338 3522 2662 3592 ἀποκρυφὴν
2691 3519 2900 3575 ἐαυτῶν
2920 3519 3159 3571 τίθενται
3184 3516 3274 3570 καὶ
3301 3515 3482 3585 κύκλῳ
3509 3514 3696 3570 αὒτὼν

2117 3614 2218 3684 τὴν
2252 3617 2458 3685 σκηνὴν
2496 3612 2701 3666 αὐτῶν.
2742 3609 3086 3682 Εὑρίσκομεν
3125 3608 3182 3662 δὲ
3220 3608 3314 3661 καὶ
3345 3605 3470 3669 τοὺς
3512 3604 3699 3669 θείους

2114 3704 2388 3773 Πατέρας,
2414 3702 2692 3757 Βασίλειάν
2719 3719 2861 3775 φημι
2879 3701 2973 3753 καὶ
2999 3699 3411 3769 Χρυσὸστομον,
3440 3694 3696 3762 Μάξιμον

2113 3816 2171 3853 τε
2195 3798 2289 3855 καὶ
2324 3796 2615 3868 Κύριλλον,
2642 3790 3138 3866 παραγγέλλοντας,
3170 3791 3263 3867 ,μὴ
3294 3792 3393 3843 ὅσα
3428 3789 3534 3842 τῶν
3570 3786 3699 3839 ὀνο-

2119 3889 2326 3957 μάτων,
2384 3884 2504 3956 μηδ*
2537 3885 2593 3935 ἐν
2631 3885 2777 3946 ὅσοις
2814 3878 3191 3949 ὑποκειμένοις
3231 3876 3423 3948 ἠχοῦσι
3474 3875 3698 3940 ταυτὸν,

2116 3977 2211 4030 καὶ
2241 3977 2382 4029 κατά
2411 3976 2611 4046 τρόπον
2646 3974 2806 4036 εὐθὺς
2833 3973 3196 4042 ἐκλαμϐάνειν
3224 3969 3360 4040 ὁμοῦ
3390 3968 3479 4021 τὸν
3505 3965 3695 4033 αὑτὸν,

2120 4068 2255 4139 μηδέ
2283 4070 2405 4130 ταῖς
2437 4066 2616 4131 λέξεσι
2648 4066 2937 4137 προσέχειν
2970 4060 3227 4126 καθάπαξ
3259 4063 3349 4114 τὸν
3380 4059 3527 4124 νοῦν,
3555 4056 3698 4112 ἀλλὰ

2116 4161 2236 4222 ταῖς
2276 4159 2372 4221 τῆς
2412 4158 2781 4228 ὑποκειμένης
2824 4156 3133 4218 ὑποθέσεως
3178 4155 3410 4215 ἐννοίαις
3459 4154 3552 4205 καὶ
3600 4151 3694 4204 τὸν

2120 4244 2320 4300 σκοπὸν
2342 4243 2478 4316 ὁμοῦ
2500 4245 2596 4298 καὶ
2626 4243 2723 4312 τὴν
2748 4241 3009 4313 πρόθεσιν
3034 4241 3129 4310 τῆς
3158 4240 3538 4311 μελετωμένης
3554 4237 3698 4305 Γρα-

2120 4338 2228 4408 φῆς
2258 4335 2556 4405 ἐξετάζειν,
2592 4335 2666 4398 ὡς
2696 4335 2757 4387 τὸ
2784 4334 2951 4398 εἰκὸς,
2982 4330 3064 4399 [Ρ.
3102 4331 3229 4404 515]
3263 4332 3355 4384 καὶ
3386 4331 3496 4392 τοῖς
3528 4345 3699 4399 προσ-

2041 4449 2095 4509 Ῑ)
2119 4431 2288 4494 ὡποις
2332 4431 2426 4482 καὶ
2474 4431 2588 4492 τοῖς
2637 4430 2845 4495 καιροῖς
2892 4426 3168 4500 ἀναλόγως
3205 4426 3299 4479 καὶ
3346 4422 3696 4492 καταλλήλως

2116 4519 2448 4591 ἐφαρμόζειν
2474 4508 2573 4572 καί
2600 4517 2980 4587 συμῦιὸάζειν.
3012 4517 3149 4587 Φησὶ
3177 4515 3234 4569 δὲ
3267 4515 3361 4569 καὶ
3388 4514 3417 4566 ό
3451 4513 3696 4580 θεολὸγος

2113 4612 2416 4684 Γρηγόριος
2464 4610 2599 4683 (85),
2635 4611 2718 4664 ὅτι
2769 4612 2889 4672 ταῖς
2943 4614 3337 4680 προσηγορίαις
3378 4607 3523 4666 τινὲς
3558 4604 3703 4671 ὁμοῦ

2117 4701 2212 4756 καὶ
2244 4700 2343 4771 τὴν
2375 4700 2562 4753 οὐσίαν
2599 4700 2937 4770 παχυμερῶς
2976 4694 3400 4767 συνδιαιρεῐσθαι
3442 4693 3705 4766 δοξάζον-

2118 4807 2208 4854 τες
2232 4790 2423 4855 ἀνάξια
2452 4789 2769 4842 παντάπασι
2794 4790 2900 4843 τῶν
2922 4787 3082 4840 θείων
3098 4790 3212 4849 ταῖς
3228 4787 3438 4840 ἑαυτῶν
3460 4786 3704 4843 ἐννοίαις

2120 4882 2425 4948 δοξάζουσις
2446 4881 2727 4952 Τοσαύτης
2748 4881 2925 4934 τοίνδν
2941 4879 3284 4950 διχοστασίας
3299 4883 3379 4931 ἐπ
3392 4876 3703 4948 χωριαζοῦ·

2124 4990 2224 5042 σης
2252 4974 2381 5044 περὶ
2402 4973 2498 5036 τὰς
2526 4972 2699 5037 λέξεις
2727 4973 2822 5025 καὶ
2849 4976 2918 5026 τὰ
2948 4974 3211 5042 ὀνόματα,
3240 4972 3330 5025 διὰ
3358 4973 3450 5030 τά,
3478 4970 3700 5036 ὁμωνυ-

2125 5064 2256 5134 μίας
2284 5064 2393 5117 τῶν
2435 5065 2812 5135 ὑποκειμένων
2855 5065 3219 5135 πραγμάτων,
3263 5062 3358 5115 καὶ
3385 5060 3560 5123 ἄλλως
3599 5060 3703 5130 μὲν

2122 5156 2216 5208 ἐπὶ
2257 5155 2388 5208 Θεοῦ
2424 5155 2801 5226 λαμϐάνεσθαι
2842 5156 3167 5224 ὀφειλόντων
3206 5155 3406 5219 αὐτῶν,
3441 5154 3619 5214 ἄλλως
3656 5151 3702 5203 δ’

1808 5374 2141 5437 Variorum
2177 5385 2362 5451 notae.

2120 5516 2237 5571 gor.
2271 5499 2427 5572 Nyss.
2459 5500 2556 5557 lib.
2588 5517 2647 5565 tt,
2683 5500 2891 5572 Contra
2912 5499 3255 5560 Eunomium,
3277 5496 3472 5552 eodem
3505 5508 3703 5564 sensu,

2122 5570 2219 5625 Sed
2264 5570 2371 5623 nun
2404 5572 2829 5626 iisdeuvtvcrbis.
2870 5570 3077 5624 BOIVlN.

2198 5640 2311 5712 (85)
2338 5642 2419 5696 Ad
2452 5638 2772 5713 Eragrtum,
2800 5641 2876 5694 De
2915 5640 3218 5695 Uirinitale.
3251 5634 3460 5693 Bonum.
