4000 6206
377 333 491 438 ’κιο
635 329 710 402 [Α.
741 344 796 384 ιι.
835 326 974 384 6856
999 343 1066 382 AD
1096 324 1262 399 6849]
1585 325 1974 390 meamea

2082 328 2428 392 tREGORE
2749 326 2890 400 [ιιιιι.
2942 342 3220 386 Αιωιιοκιο.
3253 325 3394 402 ωτι]
3533 331 3640 396 720

380 469 512 523 dum
549 485 564 522 :
601 466 736 523 item
789 482 860 522 ne
912 467 981 520 iis
1026 481 1150 536 qua:
1175 465 1571 520 encouiiastice
1613 466 1761 521 dicta
1809 470 1959 526 sunt,

2082 469 2162 521 ιαὶ
2200 469 2360 524 τοῦτο
2397 467 2599 540 χρεὼν,
2638 467 2714 532 ὡς
2755 469 2851 540 οὐχ
2897 469 3082 533 ἁπλῶς
3125 468 3248 523 οὐδὲ
3295 470 3416 524 καθ’
3443 469 3538 523 ἕνα
3581 487 3649 540 γε

381 576 483 631 pro
501 561 717 629 legibus
742 567 983 614 utamur.
1013 559 1148 614 Nam
1170 557 1525 613 laudantibus
1550 573 1642 612 ars
1669 558 1784 628 ipsa
1809 551 1976 628 quid-‘-

2082 561 2160 614 ιον
2192 560 2394 632 τρόπον
2423 561 2522 625 τὰς
2556 561 2666 617 τῶν
2701 560 2860 614 θείων
2897 563 3156 630 Πατέρων
3191 563 3404 631 γραφὰς
3439 563 3652 634 ἐκλαμ-

381 653 468 709 vis
513 653 735 709 dicendi
769 652 1050 722 licentiam
1101 651 1276 706 dedit.
1310 650 1444 718 Quae
1481 667 1611 706 vero
1654 649 1973 734 dogmatice,

2082 656 2256 711 Ξάνειν
2281 655 2426 712 δέον.
2455 656 2537 710 Τὰ
2570 659 2668 727 μὲν
2693 657 2802 726 γὰρ
2833 657 3013 712 αὐτῶν
3040 656 3568 728 διδασκαλικώτερόν
3594 673 3656 710 τε

2749 326 2890 400 fma.
2942 342 3220 386 ANDRONIC.
3253 325 3394 402 ωτι]

377 754 439 800 et
477 745 822 799 sententiose
867 742 1154 798 enuntiata
1192 751 1344 804 sunt,
1377 741 1446 796 iis
1489 741 1967 796 demmn'rectum'

379 845 436 894 et
466 846 644 894 tutum
672 845 758 892 est
789 834 959 890 veluti
991 834 1194 905 regulis
1228 843 1286 889 et
1314 833 1520 888 amussi
1567 832 1749 903 quoad
1799 829 1962 884 [idem

381 929 482 984 uti.
521 928 632 999 Ego
661 944 794 983 vero
827 929 970 983 sicut
996 928 1161 982 Italos
1193 926 1448 996 improbo
1493 932 1550 978 et
1593 922 1963 994 reprehendo,

379 1021 520 1077 adeo
565 1029 866 1077 temerc,et
897 1029 1223 1089 arroganter
1259 1019 1314 1072 in
1371 1017 1700 1087 theologiam
1740 1015 1963 1069 irruen-

380 1124 494 1181 tes;
532 1115 605 1170 ita
634 1116 808 1170 etiam
841 1123 1000 1182 turpe
1027 1119 1082 1168 et
1124 1112 1366 1167 levitatis
1398 1126 1521 1164 esse
1557 1109 1725 1172 duco,
1768 1123 1962 1164 eorum

379 1223 502 1278 quae
535 1207 840 1276 probamus
889 1205 1073 1260 lacere
1103 1219 1207 1259 nos
1255 1206 1559 1267 contraria,
1597 1216 1790 1256 eorum
1833 1213 1964 1255 vero

379 1314 503 1370 qum
543 1298 922 1368 improbamus
943 1298 1166 1352 similia.
1192 1295 1310 1350 Non
1345 1297 1490 1350 enim
1523 1295 1651 1364 quia
1685 1291 1968 1348 conliden-

381 1400 464 1446 tes
515 1391 594 1444 illi
640 1400 774 1444 sunt
811 1397 869 1444 et
903 1388 1148 1442 audaces
1201 1389 1253 1442 in
1289 1387 1609 1458 hujusmodi
1644 1387 1834 1450 rebus,
1884 1385 1968 1438 id-

381 1483 529 1536 circo
579 1497 679 1536 nos
711 1495 907 1535 eorum
939 1479 1252 1548 exemplum
1298 1478 1456 1550 sequi
1489 1495 1590 1550 par
1621 1488 1744 1544 est;
1785 1495 1966 1548 neque

379 1588 470 1638 eo,
505 1573 650 1644 quod
681 1571 848 1628 iidem
885 1587 918 1626 a
947 1579 1098 1628 recta
1139 1571 1228 1626 via
1258 1570 1630 1636 deﬂexerunt,
1661 1578 1717 1626 et
1751 1587 1855 1625 nos
1903 1587 1966 1626 ea

384 1666 662 1737 negligere
694 1673 934 1734 Oportet,
972 1673 1276 1735 quaerecte
1309 1664 1608 1718 constituta
1641 1673 1790 1719 sunt.
1823 1663 1966 1730 Quin

384 1757 568 1825 potius
591 1755 802 1808 immoti
823 1755 964 1809 intra
995 1754 1271 1824 legitimos
1287 1753 1556 1809 terminos
1573 1754 1965 1819 consistamus,

2072 749 2165 802 uel.
2198 748 2692 822 οἰκονομικώτερον
2725 749 2944 819 ἐξεδόθη
2979 749 3074 803 τὸν
3105 751 3306 820 τρόπον
3329 789 3344 810 ,
3379 749 3658 818 καταλλὴ-

2067 842 2180 906 ¹λως
2225 842 2326 913 μὲν
2355 844 2470 906 τοῖς
2503 843 2822 912 προσώποις
2854 844 2948 896 καὶ
2977 845 3088 906 τοῖς
3121 843 3311 897 ἄλλοτε
3346 843 3524 906 ἄλλως
3557 843 3660 898 ἀν-

2059 932 2228 1022 Ιθοῦσι
2257 935 2470 1004 καιροῖς
2490 949 2505 966 ο
2539 933 2780 997 εὐσεϐῶς
2809 933 2855 987 δ’
2880 935 3096 988 ἅπαντα
3119 950 3135 965 ·
3169 933 3224 987 αί
3258 933 3356 1003 μὲν
3385 931 3519 1001 γοῦν
3546 932 3658 987 τῶν

2061 1027 2301 1098 γραφῶν
2331 1027 2505 1092 οὕτως
2537 1028 2864 1100 ἐξεδόθησαν
2885 1072 2898 1092 ,
2928 1031 2984 1084 αί
3013 1030 3070 1084 δὲ
3099 1028 3447 1098 δογματικῶς
3469 1071 3482 1085 .
3511 1029 3564 1082 αξ
3595 1027 3656 1082 δὲ

2073 1120 2554 1186 ἐγκωμιαστικῶς,
2605 1122 2662 1174 αἱ
2709 1122 2763 1176 δὲ
2812 1121 3212 1190 ἀγωνιστικῶς.
3259 1119 3388 1174 Οὖτ’
3415 1116 3508 1174 οὖν
3555 1121 3653 1184 τὰς

2072 1173 2296 1264 ἀλλοθεν
2317 1173 2688 1280 ἀγωνιστικὰς
2711 1173 3258 1282 αλλονσεήμεταφέρνε-ιν
3279 1213 3477 1282 χρεῶν,
3503 1173 3655 1264 Ἐπεί

2071 1301 2178 1354 οὐδ’
2203 1303 2258 1356 εί
2277 1279 2676 1372 τιςπολεμίοις
2710 1279 3021 1376 μαχόμενος
3052 1279 3659 1376 κ-αὶήόληνῃάπασχολῶν
3696 1279 3714 1303 ε

2073 1391 2170 1461 τὴν
2201 1392 2444 1448 διάνοιαν
2475 1391 2626 1456 ὲς,τδ
2660 1395 2812 1463 ξίφος
2845 1395 2941 1448 καὶ
2972 1395 3071 1465 τὴν
3103 1381 3450 1464 ἅσπίδα’πρὸ
3483 1393 3662 1446 ποδῶν

2077 1487 2371 1556 ἱστάμενον
2407 1487 2496 1540 τὸν
2532 1485 2950 1559 συστρατιώτην
2985 1486 3292 1556 egeam-eu,
3328 1479 3456 1538 οὗτε
3491 1484 3663 1554 νόμον
3705 1490 3710 1494 ’

2073 1578 2326 1646 ἡγεῖσθαι
2350 1579 2410 1631 τὸ
2436 1583 2848 1656 πεπραγμένον,
2874 1577 3000 1633 οὔτε
3020 1568 3098 1648 τῷ
3121 1577 3425 1649 πεπραχότι
3450 1576 3666 1628 δίκαιον

2074 1669 2332 1737 ὲγκαλεῖν
2351 1711 2366 1736 ,
2397 1669 2498 1742 τῆς
2529 1671 2778 1742 ἀνάγκης
2811 1670 3006 1726 ἄλλοσε
3037 1668 3343 1740 τηνικαῦτα
3372 1667 3666 1737 περισπῶ-

2078 1777 2180 1829 σης
2222 1761 2315 1816 τόν
2354 1763 2618 1834 λογισμὸν
2661 1765 2755 1816 καὶ
2797 1762 3000 1833 ἥκιστα
3047 1758 3438 1830 συγχωρούσης
3484 1759 3668 1822 ἄλλως

380 1857 438 1902 et
465 1847 777 1903 istiusmodi
813 1847 1078 1916 strepitus
1115 1845 1470 1914 repellamus,
1505 1846 1650 1901 sicut
1683 1862 1852 1916 rupes
1888 1846 1970 1900 in-

2082 1855 2394 1926 πεπρᾶχθαι
2418 1857 2479 1909 τὸ
2507 1856 2920 1927 πεπραγμένον.
2949 1852 3192 1909 Οὕτ⁵οὗν
3213 1851 3362 1906 τοῦθ’
3385 1851 3528 1906 οὕτω
3551 1852 3666 1923 χρὴ

381 1956 651 1996 concussa
671 1939 1232 1995 lluctusincurrcntes
1253 1937 1780 2010 propulsat.Vereor
1796 1939 1970 2004 enim,

381 2042 578 2088 vereor
602 2071 616 2092 .
664 2049 733 2088 ne
793 2033 1002 2086 l'umum
1039 2031 1312 2102 fugientes
1342 2031 1396 2084 in
1429 2031 1783 2102 blasphemiae
1818 2030 1976 2084 llam-

385 2139 525 2178 mam
559 2123 889 2179 incidamus.
919 2123 1076 2190 Quod
1107 2123 1256 2178 enim
1289 2139 1318 2178 a
1352 2123 1638 2178 veteribus
1661 2122 1872 2178 ϐταιείε
1905 2123 1972 2178 de

383 2216 610 2272 Platone
643 2217 912 2288 jactatum
941 2223 1053 2282 est}
1092 2230 1217 2271 cum
1272 2215 1318 2271 is
1363 2213 1432 2270 ad
1469 2215 1790 2287 Dionysium
1836 2215 1976 2271 Sici-

382 2311 470 2366 lize
501 2321 793 2382 tyrannum
823 2309 1024 2378 hOSpes
1055 2312 1322 2372 venisset,
1355 2295 1564 2380 regiam
1595 2310 1827 2379 pulvere
1874 2309 1976 2362 im-

383 2403 590 2472 pletam
638 2401 830 2466 fuisse,
887 2416 1014 2456 cum
1069 2401 1322 2470 plerique
1371 2399 1759 2455 deseribendis
1813 2399 1976 2454 lineis

385 2498 710 2554 incumbere
741 2495 890 2551 illico
923 2494 1258 2563 coepissent;
1307 2493 1360 2548 id
1392 2503 1448 2549 et
1474 2493 1620 2563 apud
1664 2508 1764 2548 nos
1814 2493 1977 2549 hodie

383 2587 496 2644 alio
525 2587 690 2642 modo
722 2585 946 2641 accidit.
983 2585 1199 2640 Etenim
1247 2583 1402 2654 ipsis,
1440 2595 1499 2638 ut
1529 2584 1602 2639 ita
1632 2584 1834 2650 dicam,
1863 2599 1980 2638 cer-

386 2679 623 2737 donibus
652 2687 841 2750 patent
880 2677 1058 2733 etl’usa
1093 2675 1380 2747 theologia:
1424 2677 1705 2748 mysteria,
1736 2691 1976 2747 quorum

387 2771 696 2828 rationibus
737 2770 1068 2843 syllogistica
1127 2767 1296 2839 518
1345 2779 1464 2824 arte
1507 2769 1864 2840 penetrandis
1905 2769 1978 2825 ita

387 2879 583 2920 omnes
605 2865 936 2920 incumbunt
981 2871 1036 2918 et
1076 2861 1310 2928 inhiant,
1334 2870 1393 2916 ut
1423 2861 1664 2932 pecudes
1705 2863 1890 2916 herbis
1922 2871 1978 2916 et

384 2955 627 3030 pasc’uis.
647 2960 824 3027 Atque
843 2957 879 3011 ii
896 2971 1132 3026 quorum
1151 2955 1286 3009 ﬁdes
1310 2972 1375 3009 an
1399 2966 1544 3008 recta
1572 2955 1976 3024 sitambiguum

385 3057 490 3115 est,
523 3063 624 3103 nec
657 3063 764 3103 non
797 3049 836 3102 ti
872 3049 967 3118 qui
999 3047 1277 3118 quomodo
1307 3046 1377 3101 sit
1405 3045 1742 3101 credendum
1765 3047 1974 3118 etquid

387 3146 461 3200 sit
494 3142 648 3208 illud,
700 3141 846 3212 quod
905 3149 1103 3196 vocant
1131 3140 1380 3204 credere,
1439 3141 1724 3210 ignorant;
1786 3141 1846 3206 ii,
1893 3142 1976 3194 in-

2080 1951 2276 2014 ποιεῖν,
2303 1948 2428 2003 οὔτε
2463 1947 2570 2018 μὴν
2595 1950 2716 2011 ταῖς
2747 1947 3219 2016 ὲγκωμιαστικαῖς
3248 1944 3324 2008 ὠς
3353 1945 3540 2014 νόμοις
3570 1961 3669 1996 κε-

2077 2041 2333 2113 χρῆσθαι.
2360 2039 2662 2110 Αύτονομία
2685 2039 2792 2108 γὰρ
2818 2041 2882 2093 ὲκ
2903 2039 3001 2110 τῆς
3024 2038 3216 2108 τέχνης
3241 2037 3336 2091 καλ⁷
3356 2038 3466 2098 ml;
3489 2037 3673 2104 ἐγκω-

2083 2132 2342 2202 μιάζουσι
2392 2131 2601 2184 δέδοται
2653 2129 2836 2199 λέγειν
2883 2130 2984 2184 ὅσα
3037 2127 3384 2200 βουλομένοις
3438 2127 3526 2196 είη
3576 2127 3666 2182 ἄν.

2081 2223 2254 2284 Ὅσας
2284 2237 2347 2289 γε
2387 2219 2491 2292 μὴν
2516 2217 2864 2290 δογματικῶς
2890 2237 2950 2272 τε
2980 2219 3077 2274 καὶ
3106 2217 3493 2288 ἀποφαντικῶς
3524 2219 3674 2270 ἐκεῖ·

2081 2331 2160 2366 νοι
2202 2311 2580 2382 ἐξενηνόχασι,
2618 2309 2834 2374 τούτοις
2873 2311 2920 2366 δ’
2942 2309 3051 2384 ἄρα
3094 2310 3430 2393 ἀνέγκλητός)
3467 2327 3524 2362 τε
3569 2310 3672 2362 καὶ

2079 2405 2320 2474 ἀσφαλὲς
2344 2399 2445 2482 ὀίά
2473 2419 2585 2456 τισι
2618 2403 2810 2456 κανόσι
2847 2405 2940 2456 καὶ
2973 2403 3242 2475 στάθμαις
3277 2403 3415 2473 πρὸς
3445 2405 3543 2472 τὴν
3575 2401 3673 2454 πί·

2083 2517 2200 2552 στιν
2246 2496 2575 2568 κεχρῆσθαι.
2617 2494 2760 2564 Ἐγὼ
2806 2497 2990 2549 τοίνυν
3031 2496 3222 2564 ῶσπερ
3265 2495 3395 2559 τοὺς
3431 2494 3674 2560 Ἰταλοὺς

2079 2588 2238 2643 διασύ
2248 2605 2326 2660 ρω
2343 2587 2438 2640 καὶ
2462 2585 2772 2656 μέμφομαι,
2797 2585 3007 2657 ίταμῶς
3027 2585 3228 2640 οὑτωσὶ
3248 2585 3344 2638 καὶ
3367 2583 3506 2655 μετὰ
3537 2582 3676 2636 πολ-

2081 2685 2181 2754 λῆς
2210 2684 2308 2751 τῆς
2336 2681 2536 2753 ὀφρύος
2558 2683 2625 2752 τῇ
2649 2669 2902 2758 θεολογίᾳ
2957 2679 3360 2758 ὲπιπηδῶντας,
3382 2679 3472 2731 τὸν
3505 2677 3676 2731 αὐτόν

2081 2775 2145 2845 δὴ
2171 2775 2373 2846 τρόπον
2398 2771 2623 2842 αἰσχρὸν
2678 2772 2770 2826 καὶ
2798 2770 3132 2842 παλίμϐολον
3185 2771 3420 2843 ἥγημαι,
3447 2764 3520 2824 ὧν
3567 2768 3674 2840 μὲν

2081 2867 2414 2936 ἐπαινοῦμεν
2462 2867 2724 2920 τάναντία
2757 2867 2930 2920 ποιεῖν
2991 2865 3172 2936 ἡμᾶς,
3202 2861 3279 2928 οἷς
3314 2863 3370 2916 δὲ
3429 2861 3678 2932 ψέγομεν

2081 2963 2146 3016 τὰ
2173 2959 2550 3031 παραπλήσια.
2576 2959 2658 3032 [Ρ.
2689 2956 2820 3032 519]
2843 2958 2918 3011 Οὐ
2944 2958 3054 3028 γὰρ
3079 2957 3160 3011 ὅτι
3189 2959 3385 3010 ἐκεῖνοι
3409 2953 3677 3024 τολμηροὶ

2083 3051 2180 3122 καὶ
2209 3051 2433 3119 θρασεῖς
2456 3051 2585 3120 περὶ
2608 3050 2670 3104 τὰ
2687 3049 2934 3113 τοιαῦτα,
2953 3050 3042 3104 διὰ
3066 3049 3224 3102 τοῦτο
3242 3049 3336 3102 καὶ
3360 3049 3505 3119 ἡμᾶς
3538 3048 3674 3099 ἒπε-

2084 3143 2207 3196 σθαι
2235 3143 2315 3195 δεῖ
2334 3158 2349 3174 ’
2378 3141 2486 3194 οὐδ’
2511 3142 2593 3194 ὅτι
2614 3141 2713 3211 τῆς
2739 3140 2949 3206 εὐθείας
2981 3139 3182 3194 ἐκεῖνοί
3207 3157 3269 3208 γε
3289 3140 3669 3210 ἐξετράποντο,

387 3254 575 3310 quam,
611 3245 667 3293 et
716 3237 829 3292 fori
862 3246 919 3291 et
971 3237 1218 3306 porticus
1247 3245 1302 3291 et
1351 3238 1565 3291 theatra
1597 3237 1780 3292 omnia
1823 3238 1976 3292 theo-

2083 3237 2178 3287 καὶ
2200 3234 2349 3304 me;
2375 3233 2483 3286 τῶν
2513 3232 2870 3286 καθεστώτων
2893 3231 3073 3302 χρεὼν
3099 3231 3322 3300 ἀμελεῖν
3339 3246 3354 3261 ·
3384 3231 3499 3284 ἀλλ’
3518 3225 3677 3284 ἀκλεε-

386 3333 532 3402 logia
562 3330 998 3404 compleverunt,
1027 3342 1203 3396 neque
1231 3327 1400 3384 solem
1437 3328 1585 3384 hunc
1621 3328 1978 3398 impudentiae

388 3439 505 3480 suae
538 3422 722 3478 facere
757 3424 954 3477 testem
1004 3429 1352 3476 reverentur.
1390 3422 1456 3477 Et
1495 3421 1629 3494 quid
1679 3423 1978 3479 absurdius

391 3516 620 3588 cogitari
655 3524 842 3586 queat,
877 3531 1041 3586 quam
1095 3529 1221 3570 cum
1277 3516 1410 3570 olim
1471 3515 1795 3572 Graecorum
1835 3517 1978 3588 dog-

301 3607 308 3626 '
391 3617 540 3664 mata
570 3607 854 3672 ﬂorerent,
887 3617 1096 3662 certum
1144 3608 1394 3662 ordinem
1443 3607 1746 3674 exstitisse,
1775 3619 1832 3664 et
1859 3625 2004 3682 my-'~

393 3702 533 3758 stica
593 3716 834 3766 arcana,
903 3699 1236 3769 Delphorum
1312 3700 1584 3772 theologis
1645 3701 1976 3768 commissa,

393 3793 535 3848 nulli
562 3791 656 3848 alii
691 3792 777 3846 vel
815 3791 1043 3861 vulgare
1079 3792 1163 3846 vel
1197 3792 1459 3862 indagare
1511 3793 1758 3858 licuisse,
1789 3796 1906 3850 sive
1933 3797 1981 3850 is

393 3885 574 3950 Plato,
602 3883 718 3938 sive
752 3882 1012 3938 Socrates
1037 3891 1206 3948 esset,
1249 3891 1344 3936 aut
1373 3883 1558 3953 quivis
1586 3885 1730 3939 alius
1761 3877 1974 3956 sapien-

397 3977 487 4032 tia:
516 3975 679 4031 laude
715 3975 950 4030 celebris
981 3993 994 4029 :
1033 3975 1176 4044 apud
1211 3991 1314 4031 nos
1345 3985 1550 4042 autem,
1581 3977 1675 4046 qui
1703 3977 1978 4034 sincerum

395 4083 540 4124 vera:
565 4067 850 4138 religionis
887 4067 1209 4138 mysterium
1235 4069 1582 4138 proﬁtemur,
1609 4071 1682 4124 ita
1716 4086 1803 4125 res
1834 4071 1981 4124 divi-

334 4229 362 4242 _
398 4177 499 4216 nas
527 4159 806 4228 profanari
835 4167 890 4214 et
927 4160 1266 4230 quibuslibet
1315 4161 1383 4216 de
1433 4156 1500 4216 iis
1542 4163 1846 4217 disserendi
1885 4179 1984 4233 po-

399 4263 649 4310 testatem
683 4253 824 4318 dari,
875 4253 959 4308 vel
995 4254 1180 4323 potius
1201 4253 1524 4341 ;quemlibct
1554 4269 1674 4308 eam
1726 4255 1830 4308 sibi
1875 4255 1982 4326 ipsi

399 4345 698 4415 arrogans?
745 4344 1043 4415 Gregorius
1072 4359 1204 4400 vero
1247 4346 1565 4402 divinarqu
1612 4364 1799 4402 rerum
1833 4349 1982 4418 peri-

401 4438 647 4491 tissimus
679 4437 920 4507 linguam
961 4436 1029 4491 ad
1069 4437 1405 4508 theologicas
1433 4438 1839 4508 disputationes
1867 4455 1980 4510 ap-

2087 3332 2198 3391 νεῐς
2234 3327 2340 3380 τῶν
2378 3326 2768 3398 προσηκόντων
2809 3327 2951 3392 ὅρων
2993 3323 3319 3394 ἱσταμένους
3361 3323 3514 3385 ὲντδς
3543 3322 3678 3386 τοὺς
3704 3358 3717 3366 ι

2085 3419 2362 3483 τοιούτους
2395 3417 2842 3490 παρακρούεσθαι
2873 3418 3125 3489 κρότους,
3153 3415 3407 3486 καθάπερ
3435 3413 3679 3485 προϐλῆ-

2085 3530 2178 3574 τες
2229 3513 2511 3578 ἁτίνακτοι
2562 3509 2630 3564 τὰ
2684 3511 3103 3580 προσπίπτοντα
3153 3509 3400 3578 κύματα.
3448 3507 3676 3561 Δέδοικα

2088 3605 2218 3676 γὰρ,
2253 3604 2328 3676 μὴ
2359 3604 2566 3658 καπνὸν
2597 3603 2890 3673 φεύγοντες
2924 3604 3004 3666 είς
3034 3604 3147 3673 πῦρ
3183 3601 3538 3672 βλασφημίας
3567 3603 3674 3670 ἐμ-

2087 3699 2399 3766 πίπτωμεν.
2431 3697 2498 3750 Ὃ
2531 3697 2638 3766 γὰρ
2675 3677 2809 3764 παρ’
2833 3695 3064 3766 Ἕλλησι
3104 3693 3275 3749 πάλαι
3309 3690 3676 3762 τεθρύλληται

2087 3795 2216 3862 περὶ
2259 3791 2548 3851 Πλάτωνος
2571 3830 2584 3855 ,
2621 3789 2698 3852 ὡς
2734 3775 2945 3840 ὲιῖείνου
2983 3805 3046 3856 γε
3085 3787 3236 3858 παρὰ
3270 3785 3548 3839 Διονύσιον
3579 3783 3678 3836 τὸν

2085 3884 2186 3954 τῆς
2221 3883 2472 3947 Σικελίας
2507 3883 2951 3953 ἐπιδημήσαντος
2987 3881 3254 3952 τύραννον
3289 3877 3570 3949 κονιορτοῦ
3603 3877 3680 3930 τὰ

2090 3976 2338 4048 βασίλεια
2371 3975 2814 4046 ἐνεπίμπλαντο,
2851 3975 2983 4044 περὶ
3016 3974 3114 4034 τὰς
3149 3972 3474 4044 γραμμικὰς
3508 3971 3679 4041 ἀσχο-

2088 4071 2211 4133 λίας
2245 4071 2551 4141 τηνικαῦτα
2584 4071 2694 4123 τῶν
2731 4068 3002 4122 πλείστων
3037 4067 3335 4139 ὁρμώντων
3357 4107 3372 4130 ,
3406 4065 3568 4120 τοῦτο
3606 4065 3677 4136 δὴ

2088 4165 2184 4215 καὶ
2209 4162 2340 4232 παρ’
2361 4163 2492 4232 ἡμῖν
2519 4162 2716 4232 τρόπον
2742 4161 2928 4232 ἕτερον
2953 4160 3198 4230 γίγνεται
3227 4159 3488 4230 σήμερον.
3517 4156 3677 4211 Οὕτω

2089 4255 2200 4324 γὰρ
2229 4255 2322 4308 καὶ
2353 4253 2481 4325 παρ’
2503 4255 2686 4316 αὐτοῖς
2715 4255 2890 4306 εἰπεῖν
2914 4256 3026 4315 τοῖς
3055 4250 3352 4322 βαναύσοις
3379 4251 3680 4320 ἐκκέχυται

2090 4347 2158 4400 τὰ
2192 4347 2469 4415 θεολογίας
2503 4347 2782 4417 μυστήρια
2812 4345 2906 4398 καὶ
2939 4345 3082 4398 οὕτω
3112 4346 3407 4414 κεχήνασιν
3438 4342 3678 4402 ἅπαντες

2092 4443 2185 4494 ἐπὶ
2207 4441 2285 4512 τῷ
2314 4437 3095 4508 συλλογιστικῶςῖμϐατεύειν
3120 4439 3233 4500 τοῖς
3260 4431 3442 4505 λόγοις
3471 4433 3673 4499 αὐτῶν,

403 4527 606 4597 pellere
659 4529 740 4583 sic
791 4528 1136 4592 reformidat,
1185 4539 1248 4584 ut
1295 4546 1516 4584 manum
1563 4532 1628 4586 ad
1680 4531 1976 4587 ﬂammam.

2097 4533 2286 4606 ὥσπερ
2320 4535 2412 4586 ἐπὶ
2440 4536 2506 4604 τῇ
2547 4533 2683 4605 χλόῃ
2718 4535 2811 4585 καὶ
2843 4534 2962 4595 ταῖς
2995 4533 3190 4600 νομαῖς
3223 4531 3290 4582 τὰ
3327 4529 3674 4599 βοσκήματα.

403 4621 638 4678 Proinde
689 4615 884 4678 multis
931 4624 1118 4678 verbis
1175 4639 1236 4679 se
1298 4635 1546 4690 excusat,
1607 4626 1980 4698 declaratque,

401 4727 462 4768 se
495 4730 601 4769 non
638 4713 872 4769 libenter
897 4715 1160 4770 accedere
1193 4715 1261 4770 ad
1308 4717 1703 4788 disputandum
1736 4720 1802 4776 de
1850 4721 1984 4789 Deo,

403 4816 460 4861 et
513 4821 610 4862 eos
638 4807 732 4877 qui
783 4806 840 4860 id
894 4817 1103 4862 temere
1137 4809 1380 4862 audeant
1407 4809 1698 4878 improbat.
1737 4827 1755 4861 ι
1795 4809 1984 4881 Neque

368 4937 372 4940 -
404 4899 578 4967 enim,
605 4900 812 4969 inquit,
844 4899 1114 4954 laudabile
1143 4907 1228 4952 est
1257 4899 1615 4965 desiderium,
1653 4902 1748 4957 sed
1787 4912 1844 4956 et
1889 4919 1986 4960 co-

403 5003 569 5046 natus
597 4991 713 5060 ipse
754 4983 1134 5046 formidabilis.
1174 5009 1192 5042 ι
1227 4991 1292 5046 Et
1322 4990 1446 5046 02a:
1474 4994 1784 5064 exemplum
1815 4997 1985 5050 addu-

403 5082 498 5146 cit,
554 5083 646 5150 qui
697 5080 890 5136 Arcam
944 5082 1088 5136 olim'
1107 5083 1452 5138 solummodo
1503 5086 1775 5157 attingere
1819 5103 1988 5143 ausus

405 5175 602 5245 periit;
669 5175 804 5240 Deo,
855 5176 1054 5244 inquit,
1114 5178 1482 5232 reverentiam
1534 5178 1691 5234 Area:
1742 5180 1983 5234 debitam

403 5269 494 5326 lic
515 5253 810 5324 asserente:
871 5268 1027 5336 Quod
1081 5271 1125 5326 si
1154 5283 1248 5326 rex
1295 5288 1422 5326 eum
1474 5288 1638 5342 quam
1685 5274 1922 5344 primum
1955 5291 1986 5330 e

408 5365 593 5419 medio
625 5363 863 5429 tolleret,
917 5363 1012 5432 qui
1065 5366 1266 5434 regiam
1319 5379 1580 5420 coronam
1635 5367 1988 5438 impudenter

408 5455 571 5528 519
604 5473 703 5512 suo
753 5457 920 5528 cap’iti
949 5457 1235 5528 imponere
1266 5459 1532 5525 auderet;
1565 5470 1700 5530 quot
1733 5462 1983 5530 fulmina,

404 5557 541 5618 quot
605 5551 855 5606 turbines
910 5549 959 5604 is
1027 5559 1292 5614 meretur,
1351 5551 1442 5621 qui
1501 5555 1796 5610 temerario
1846 5571 1983 5612 ausu

407 5638 714 5708 irrumpere
749 5643 804 5696 in
851 5641 1178 5712 theologiam
1213 5657 1322 5696 non
1363 5643 1626 5700 dubitat?
1673 5645 1808 5705 Volo
1834 5651 1982 5705 enim

404 5727 626 5782 brevem
677 5733 1185 5787 narrantiunculam
1242 5737 1446 5790 veteris
1497 5741 1796 5806 memoriae,
1856 5743 1985 5799 huic

407 5822 630 5892 negotio
661 5822 818 5880 valde
862 5835 1312 5897 consentaneum,
1358 5829 1714 5903 subiungere.
1751 5836 1985 5892 Alexan-

2095 4628 2204 4681 Καὶ
2235 4627 2282 4680 oi
2306 4627 2366 4679 τὸ
2395 4626 2678 4680 πιστεύειν
2704 4626 2878 4698 ὀρθῶς
2911 4625 3212 4695 ἀμφίϐολον
3239 4623 3476 4694 ἔχοντες,
3508 4621 3604 4675 καὶ
3629 4622 3680 4675 οἱ

2094 4719 2216 4792 μηδ’
2247 4719 2396 4782 ὅπως
2434 4719 2516 4771 δεῖ
2555 4719 2832 4772 πιστεύειν
2888 4717 3094 4779 εἰδότες
3139 4715 3261 4786 μηδ’
3291 4716 3318 4768 ὅ
3365 4733 3418 4768 τι
3463 4715 3617 4767 ἐστὶν
3648 4713 3680 4768 ὅ

2090 4811 2369 4865 πιστεύειν
2397 4813 2592 4880 φασὶν,
2622 4813 2829 4882 ἀγορὰς
2859 4815 2949 4864 καὶ
2978 4811 3317 4880 περιπάτους
3345 4810 3440 4862 καὶ
3467 4809 3678 4878 θέατρα

2089 4906 2246 4960 πάντ’
2271 4907 2660 4976 ἐμπεπλήκασι
2699 4906 2802 4971 τῆς
2845 4903 3128 4972 θεολογίας
3169 4901 3265 4955 καὶ
3302 4901 3425 4954 οὐδὲ
3462 4901 3679 4956 τουτονὶ

2087 4999 2180 5051 τὸν
2210 4999 2362 5069 ἥλιον
2389 4998 2740 5067 αίσχύνονται
2771 4999 3022 5069 μάρτυρα
3052 4997 3151 5061 τῆς
3183 4994 3460 5060 ἀναιδείας
3491 4993 3677 5046 ποιού-

2092 5109 2265 5160 μενοι.
2305 5093 2426 5154 Πῶς
2461 5091 2506 5143 δ’
2532 5091 2630 5144 οὐκ
2668 5091 2732 5144 ἂν
2767 5091 2850 5162 είη
2887 5090 2994 5142 τῶν
3030 5090 3236 5160 σφόδρα
3272 5087 3678 5154 ἀτοπωτάτων,

2091 5185 2261 5238 πάλώ
2297 5185 2396 5254 μὲν
2425 5185 2585 5238 ὁπότε
2613 5185 2984 5265 ταὶἙλλήνων
3015 5183 3232 5255 ἤκμαζε
3265 5181 3548 5251 ὁῦγματα,
3578 5179 3676 5234 τά·

2091 5279 2174 5345 ξιν
2205 5279 2554 5344 ἐπιπολάζειν
2585 5281 2678 5332 καὶ
2708 5277 2745 5332 ἃ
2774 5281 2882 5339 τοῖς
2909 5277 3126 5344 Δελφῶν
3159 5275 3432 5344 θεολόγοις
3460 5275 3677 5344 ἐφεῖται

2092 5373 2398 5442 μυστήρια,
2447 5372 2635 5440 μηδεν-ἱ
2678 5372 2788 5423 τεῖιν
2833 5369 3007 5422 ἄλλων
3055 5368 3258 5432 ἐξεῖναι
3304 5369 3443 5438 μήτε
3489 5367 3678 5435 λέγειν

2091 5466 2233 5534 μήτε
2263 5467 2534 5535 περινοεῖν
2553 5507 2564 5529 ,
2597 5464 2696 5548 κᾶν
2725 5463 3018 5534 Σωκράτης
3047 5457 3112 5535 ᾖ,
3151 5463 3256 5512 κῖν
3283 5461 3534 5524 Πλάτων,
3568 5459 3678 5512 κᾶν

2089 5559 2141 5610 εί
2171 5573 2253 5614 τις
2287 5558 2377 5611 ἐπὶ
2415 5559 2576 5626 σοφία
2611 5557 2921 5626 περιφανής
2957 5572 3016 5608 τε
3051 5556 3144 5608 καὶ
3176 5553 3459 5621 διαϐόητος
3484 5569 3500 5584 ο
3541 5550 3676 5624 παρ’

2087 5652 2224 5722 ἡμῖν
2255 5650 2330 5713 δὲ,
2359 5644 2440 5713 οἷς
2469 5649 2760 5716 ἁκίϐὀηλιν
2791 5648 2850 5700 τὸ
2878 5649 2976 5718 τῆς
3008 5647 3292 5708 εὐσεϐείας
3324 5645 3676 5713 ὁμολογεῖται

2079 5747 2416 5816 μυστήριον,
2465 5743 2664 5794 obruat
2712 5741 3074 5812 βεὸηλοῦεθλι
3116 5744 3182 5793 τὰ
3229 5739 3348 5792 θεῖα
3393 5741 3486 5803 καὶ
3535 5739 3678 5790 πᾶσι

2089 5841 2200 5904 τοῖς
2235 5839 2504 5908 θεολογεῖν
2536 5835 2884 5907 βουλομένοις
2919 5831 3057 5887 εἶναι
3089 5833 3231 5886 τοῦτ’
3259 5831 3545 5903 ἐφειμένον
3577 5837 3676 5886 καὶ
