3966 6210
219 5209 234 5244 1

273 228 382 332 τιέ
557 263 632 318 [Δ.
670 277 722 319 c.
765 262 903 320 i328
943 277 1010 318 AD
1053 261 1212 332 isti]

1308 265 1488 326 BYZA
1498 259 1748 324 NTI‘NIE
1789 260 1842 321 H

1948 261 2172 324 [ῸΒΙΑΞ
2204 259 2349 322 LIB,
2382 256 2490 319 XI,
2567 248 2701 322 [111⁵.
2744 262 3020 304 Αιωιιοκιε.
3059 245 3201 320 wn.)

3405 251 3510 316 H6

267 386 544 457 ὁρίζοντος
585 385 681 454 ἀφ’
730 385 971 456 ἑσπέρας
1021 384 1256 455 ἑκάστης
1286 383 1448 447 εὐθὺς
1504 383 1644 454 μετά
1679 379 1835 435 δύσιν

1948 383 2204 455 cujusque
2241 379 2355 435 dici
2392 369 2616 446 ἤθρει-ε
2651 371 2836 431 statim
2887 382 3009 442 post
3050 369 3184 427 solis
3228 385 3507 426 occasum.

259 481 446 548 ἡλίου.
475 477 694 533 Μᾶλλον
721 477 768 530 δ’
794 479 856 530 οὐ
889 477 1136 547 κομήτης
1157 472 1246 547 ἦν,
1271 475 1326 530 εῐ
1349 492 1431 538 τις
1460 474 1838 545 ἀκριϐολογεῖν

267 569 467 633 ἐθέλοι,
497 568 632 622 ἀλλὰ
651 570 960 634 πωγωνίας,
991 569 1238 638 ῥομφαίᾳ
1262 569 1368 621 τινὶ
1400 565 1840 630 ὲοικώς.Ἐδόκει

271 660 374 730 μὲν
401 659 495 712 οὖν
521 660 814 729 ἐσχηκέναι
847 661 946 728 τὴν
988 660 1163 730 ἀρχὴν
1200 661 1264 712 ὲκ
1319 659 1427 711 τῶν
1459 655 1552 711 τού
1587 654 1842 726 Περσέως

271 753 510 823 μάλιστα
533 753 726 817 ποδῶν,
760 751 809 805 οἳ
837 754 900 823 τῇ
935 752 1090 823 ράχει
1119 749 1213 805 τοῦ
1244 751 1445 819 ταύρου
1481 749 1710 822 πλησίον
1761 743 1841 802 εῖ-

267 862 355 897 ναι
384 845 749 897 δοκοῦσινοέπὶ
769 843 826 896 δὲ
847 845 916 896 τὰ
945 844 1081 914 πρὸς
1103 843 1177 896 ἕω
1197 843 1338 913 μέρη
1363 840 1456 895 τού
1478 847 1682 910 κόσμου
1701 840 1844 908 πέμ-

267 952 392 987 πειν
409 935 505 1006 τὴν
527 938 702 1005 κόμην
713 936 806 989 ἐπὶ
825 935 956 989 πολῦ
975 935 1424 1005 παρατείνουσαν.
1447 929 1577 986 Εἶτα
1606 933 1690 1004 [Ρ.
1710 931 1840 1004 554]

269 1027 480 1081 ἐκεῖθεν
529 1026 828 1098 ἀρξάμενος
869 1027 1150 1080 ἀνέϐαινεν
1177 1025 1306 1079 εὐθὺ
1330 1025 1422 1078 τοῦ
1452 1023 1714 1096 ἀρκτικού
1741 1025 1840 1076 πό-

265 1120 383 1182 λου,
418 1117 734 1188 κινούμενος
763 1119 997 1187 ἑκάστης
1026 1119 1416 1189 ἡμέρας-τρεῖς
1449 1116 1677 1185 ἔγγιστα
1714 1113 1837 1184 μοί-

270 1228 390 1280 ρας.
408 1212 564 1266 Ἐπεὶ
578 1211 635 1265 δὲ
660 1209 970 1279 παρήλλαξε
1001 1210 1094 1263 τὸν
1119 1210 1384 1280 ἀρκτικὸν
1411 1209 1572 1262 πόλον
1598 1210 1692 1262 καὶ
1723 1207 1841 1274 μετ’

264 1301 475 1355 ἐκεῖνον
508 1303 610 1371 τήν
660 1319 718 1355 τε
758 1301 961 1372 μικρὰν
988 1300 1192 1371 ἄρκτον
1226 1299 1444 1363 καὶτὰς
1491 1299 1720 1369 καμπὰς
1742 1298 1838 1352 τοῦ

263 1393 584 1462 δράκοντος,
624 1392 830 1463 ἐψαυσε
871 1392 964 1447 καὶ
1001 1391 1094 1444 τοῦ
1139 1390 1316 1458 δεξιοῦ
1349 1389 1506 1454 ποδὸς
1545 1390 1640 1443 τοῦ
1672 1391 1842 1462 Ἥρα-

263 1484 457 1546 κλὲους
495 1484 592 1536 καὶ
621 1482 739 1552 μετ’
761 1482 923 1536 αὐτὸν
943 1481 1037 1534 τού
1077 1481 1174 1548 τῆς
1214 1480 1501 1552 ’Δριάδνης
1545 1480 1837 1550 στεφάνου.

274 1574 520 1628 Ἐκεῖθεν
547 1575 802 1644 διέδραμε
838 1575 938 1645 τὴν
973 1573 1267 1645 ἀριστερὰν
1297 1577 1457 1644 χεῖρα
1483 1571 1580 1625 τοῦ
1623 1573 1838 1642 Ὀφιού-

261 1685 384 1736 χου.
425 1667 536 1720 Καὶ
561 1667 748 1738 ίιπειδὴ
790 1667 992 1730 πλάτος
1021 1665 1255 1719 ἐνταῦθα
1285 1665 1555 1730 ζωδιακοῦ
1589 1665 1683 1718 καὶ
1714 1666 1836 1734 ίση-

261 1754 492 1824 μερινὸς
524 1755 620 1808 καὶ
646 1755 811 1816 τόπος
842 1754 1156 1825 θερμότητα
1201 1753 1362 1824 ἔχων,
1393 1755 1641 1825 ἀντέχειν
1690 1757 1716 1807 ὁ
1745 1769 1838 1808 κο·-

261 1846 449 1915 μήτης
473 1846 572 1899 οὐκ
600 1845 866 1917 ἠδυνήθη,
895 1846 983 1899 διά
1027 1846 1088 1899 τὸ
1117 1845 1178 1912 ἐξ
1220 1846 1399 1919 ὑγρᾶς
1423 1847 1838 1918 ἀναθυμιάσεως

258 1935 365 2005 τὴν
397 1935 571 2006 ἀρχὴν
623 1939 722 2006 τῆς
757 1936 1088 2007 συμπήξεως
1151 1937 1454 2007 εἰληφέναι.
1498 1939 1588 1992 Διὸ
1641 1941 1740 2010 τήν
1779 1955 1838 1993 τε

261 2027 446 2095 κόμην
475 2025 684 2080 διέλυσε
714 2028 811 2079 καὶ
836 2027 999 2089 αὐτὸς
1027 2026 1298 2097 ἠφανίσθη
1328 2026 1546 2091 τελέως.
1565 2028 1840 2081 Φαντασία

260 2123 376 2190 γὰρ
399 2116 468 2190 ἦν
495 2120 748 2191 ἀστέρος,
784 2121 880 2175 καὶ
907 2121 1009 2174 ούκ
1044 2121 1242 2191 ἀστήρ.
1279 2119 1581 2192 Προσθήσω
1612 2122 1724 2184 τοῖς
1759 2122 1839 2174 εί-

259 2230 337 2284 pr;
346 2213 530 2282 μένοις
551 2213 645 2266 καὶ
665 2212 834 2282 ἀκοῆς
864 2213 1014 2279 ἀξιον
1045 2213 1170 2266 ἀλλο
1192 2213 1464 2284 διήγημα.

339 2306 416 2360 B'.
455 2306 546 2360 Ἐν
599 2303 812 2368 τούτοις
868 2306 980 2368 τοῖς
1025 2304 1239 2374 χρόνοις
1306 2305 1406 2374 μία
1455 2303 1566 2359 τῶν
1619 2304 1842 2359 Σκυθῶν

258 2397 564 2462 γυναικῶν,
591 2399 658 2450 ὲκ
691 2396 800 2450 τῶν
831 2396 1092 2450 ἐπέκεινα
1114 2394 1206 2449 τοῦ
1247 2396 1462 2467 Ἴστρου
1494 2397 1590 2468 τὴν
1625 2397 1839 2469 οἴκησιν

257 2484 642 2552 ποιουμένων,
690 2483 827 2554 μήτε
877 2481 1114 2551 σύζυγον
1176 2483 1313 2554 μήτε
1361 2486 1559 2550 παῖδας
1607 2485 1833 2555 ἔχουσα,

260 2574 458 2643 ἐπειδὴ
502 2574 628 2636 τοὺς
658 2574 722 2625 ὲκ
761 2571 983 2643 Θρᾴκης
1043 2573 1426 2643 ἀπαγομένους
1463 2573 1842 2644 αἰχμαλώτους

256 2667 375 2734 προ
401 2664 508 2718 τῶν
539 2665 746 2733 ταύτης
784 2663 930 2734 ἑώρα
983 2662 1164 2740 θυρῶν
1219 2664 1426 2735 (ἐπόθει
1477 2666 1521 2717 δ’
1551 2668 1616 2719 ἐκ
1644 2666 1842 2721 πολλοῦ

258 2755 662 2827 προσχωρῆσαι
704 2741 1125 2826 Ῥωμαίοιςκαὶ
1168 2755 1231 2810 τὸ
1273 2757 1414 2810 θεῖον
1450 2757 1706 2824 δέξασθαι
1743 2759 1841 2830 βά-

257 2849 525 2918 πτισμα),
556 2847 714 2901 ὢνιον
741 2849 1076 2903 διαναστᾶσα
1110 2848 1344 2918 σύζυγον
1379 2850 1574 2906 ἔλαϐεν
1601 2851 1699 2904 ἕνα
1731 2852 1844 2907 τῶν

258 2940 634 3012 αἰχμαλώτων
663 2941 1030 3011 Χριστιανῶν,
1072 2941 1254 3014 ὅρκοις
1279 2941 1442 2996 αὑτὸν
1482 2943 1846 3014 έμπεδὼσασα

259 3035 552 3104 πρότερον,
593 3033 668 3102 μὴ
691 3032 868 3085 λιπεῖν
897 3033 995 3101 τὴν
1025 3031 1231 3102 ταύτης
1274 3034 1608 3104 συνοίκησιν,
1640 3036 1768 3108 μηδ’
1797 3038 1846 3090 εἰ

257 3124 453 3179 ἄλλοθί
486 3141 589 3176 που
611 3124 708 3195 τὴν
737 3125 995 3178 ἀποικίαν
1028 3125 1371 3196 ποιήσαιντο.
1407 3124 1562 3179 Ἐπεὶ
1589 3125 1632 3178 δ’
1663 3127 1848 3180 εύκαι-

261 3219 388 3288 ρίας
425 3218 565 3288 πρὸς
600 3219 884 3288 μετοικίαν
909 3218 1249 3289 ζητουμένης
1285 3219 1529 3282 ἐνιαυτὸς
1554 3219 1674 3284 ὅλος
1696 3221 1846 3292 ἐτρί-

257 3313 355 3382 ϐη,
384 3314 446 3366 ιν
484 3304 530 3378 ᾧ
553 3311 617 3382 δὴ
655 3311 750 3364 καί
773 3311 942 3363 τέκνα
991 3310 1086 3364 δύο
1113 3311 1174 3364 τὸ
1209 3312 1308 3380 μὲν
1337 3311 1686 3382 γεγέννηκεν,
1717 3314 1777 3366 τὸ
1802 3312 1847 3366 δ’

257 3404 320 3454 έν
349 3402 556 3472 γαστρὶ
590 3401 834 3471 φέρουσα
864 3397 952 3472 ἣν,
989 3399 1071 3454 ἔτι
1107 3401 1330 3455 πλείονα
1361 3402 1458 3473 τὴν
1495 3402 1730 3474 στοργὴν
1752 3403 1848 3457 καὶ

257 3494 630 3566 στερροτέραν
678 3494 812 3564 πρὸς
833 3493 924 3546 τὸν
957 3493 1190 3562 σύζυγον
1233 3492 1357 3564 ἔσχε
1391 3493 1527 3563 (15).
1562 3493 1766 3546 Τούτου
1798 3493 1844 3548 δ’

259 3585 445 3648 οὕτως
491 3585 704 3656 ἔχοντος
733 3587 921 3655 ἔτυχεν
960 3587 1016 3648 ἰς
1062 3583 1284 3638 τούπιὸν
1335 3583 1454 3649 ἔτος
1502 3584 1848 3654 αἰχμάλωτος

256 3677 595 3744 ἀπαγομένη
629 3676 725 3728 καὶ
757 3677 791 3742 ἡ
821 3676 1066 3745 προτέρα
1105 3673 1200 3728 τοῦ
1247 3673 1505 3744 ῥηθέντος
1533 3674 1723 3744 ἀνδρὸς
1753 3675 1848 3727 σύ-

255 3769 458 3835 ζυγος.
493 3767 596 3819 Ἦν
615 3768 818 3830 ἐκεῖνος
855 3767 1124 3836 ἐδάκρυσε
1160 3766 1518 3836 θεασάμενος.
1563 3763 1629 3819 Ἦ
1664 3765 1849 3834 μέντοι

252 3858 470 3921 Σκυθὶς
511 3859 696 3928 εκείνη
723 3857 861 3926 γυνὴ
889 3860 986 3926 τὴν
1027 3857 1209 3910 αἰτίαν
1253 3856 1354 3926 τῆς
1386 3857 1564 3925 λύπης
1615 3857 1710 3910 καὶ
1739 3856 1848 3909 τῶν

248 3949 526 4018 δακρύων
567 3948 813 4018 μαθοῦσα
839 3947 953 4001 οὒτ’
981 3948 1223 4020 ἠχθέσθη
1245 3947 1455 4018 τάνδρὶ,
1476 3947 1599 4001 οὔτε
1621 3947 1847 4016 ζηλοτύο

249 4062 386 4106 πως
424 4041 550 4112 ἔσχε
585 4043 718 4111 πρὸς
744 4043 845 4112 τὴν
882 4047 1116 4110 γυναῖκα
1138 4057 1152 4073 ο
1184 4040 1298 4095 ἀλλ’
1326 4039 1486 4094 ὢνιον
1513 4041 1723 4112 εἰλήφει
1755 4041 1850 4094 καὶ

246 4138 496 4201 ταύτην,
526 4136 613 4188 ’ίνα
667 4137 764 4189 καὶ
809 4137 929 4199 ταῖς
963 4136 1174 4206 χρείαις
1227 4137 1472 4208 ὑπηρετῇ
1524 4139 1623 4206 τῆς
1667 4136 1848 4200 οἰκίας

1942 473 2078 538 Imo,
2109 481 2169 527 ut
2201 468 2516 526 accuratius
2543 467 2856 537 loquamur,
2884 479 2992 518 non
3038 463 3084 520 is
3114 471 3328 519 cometa
3371 471 3508 526 erat,

1941 565 2036 618 sed
2072 562 2367 634 Pogonias,
2401 557 2502 616 seu
2541 559 2826 614 barbatum
2872 558 3046 623 sidus,
3092 555 3309 611 cuidam
3339 554 3510 609 veluti

1943 656 2122 724 gladio
2149 655 2345 711 simile.
2372 653 2562 708 Ortum
2588 660 2771 704 autem
2803 665 2832 704 a
2859 649 3042 705 Persei
3071 649 3306 719 pedibus
3339 647 3512 701 maxi-

1945 764 2031 802 me
2079 748 2279 802 ducere
2318 743 2630 808 videbatur,
2677 742 2771 811 qui
2825 756 2855 795 a
2904 740 3059 809 spina
3105 739 3273 794 Tauri
3317 754 3511 826 parum

1944 838 2162 893 absunt.
2191 836 2357 892 Coma
2381 850 2512 890 vero
2536 834 2656 904 ejus
2675 847 2868 888 versus
2891 830 3172 886 Orientem
3201 831 3309 885 late
3333 840 3516 886 exten-

1943 929 2196 984 debatur.
2249 929 2426 997 Atque
2472 925 2599 981 inde
2641 933 2862 994 sumpto
2895 923 3053 978 initio
3085 931 3232 977 recta
3262 923 3514 993 quotidie

1945 1035 2136 1075 versus
2164 1017 2596 1088 septentrionem
2623 1015 2955 1071 ascendebat
2995 1013 3174 1069 tribus
3197 1013 3367 1067 ferme
3394 1027 3519 1083 gra-

1943 1111 2128 1166 dibus.
2163 1109 2300 1165 Cum
2329 1121 2512 1163 autem
2543 1108 2730 1177 polum
2766 1106 3034 1161 arcticum
3063 1105 3422 1175 praeteriisset
3452 1119 3516 1159 ac

1943 1211 2218 1272 post-eum
2250 1201 2440 1257 Ursam
2477 1201 2746 1253 minorem
2778 1207 2834 1252 et
2865 1197 3041 1267 spiras
3074 1195 3358 1262 Draconis,
3385 1195 3517 1249 dex-

1945 1302 2090 1346 trum
2121 1293 2284 1347 etiam
2316 1291 2563 1345 Herculis
2595 1291 2789 1360 pedem
2835 1288 3045 1357 attigit,
3089 1288 3328 1357 indeque
3359 1301 3519 1341 coro-

1943 1398 2069 1436 nam
2098 1381 2386 1443 Ariadnes,
2421 1390 2606 1451 postca
2652 1379 2932 1434 sinistram
2971 1377 3244 1447 Ophiuchi
3291 1393 3516 1431 manum

1945 1473 2222 1544 percurrit
2252 1489 2266 1527 :
2296 1483 2351 1527 et
2375 1471 2503 1542 quia
2542 1471 2615 1525 ibi
2655 1471 2800 1526 latus
2842 1480 2928 1526 est
2967 1470 3239 1524 Zodiacus
3265 1479 3320 1525 et
3347 1472 3519 1540 tequi-

1945 1564 2198 1619 noctialis
2238 1573 2294 1618 et
2327 1563 2484 1617 locus
2513 1562 2744 1628 calidus,
2793 1564 2993 1616 durare
3035 1569 3248 1616 cometa
3278 1575 3386 1614 non
3423 1577 3518 1630 po-

1945 1653 2072 1719 tuit,
2119 1662 2413 1723 propterea
2455 1651 2603 1722 quod
2637 1651 2862 1705 humida
2895 1650 3241 1705 exhalatione
3273 1651 3515 1720 primum

1945 1744 2336 1799 concrevisset.
2367 1743 2547 1810 Quare
2573 1757 2728 1797 coma
2757 1742 3021 1812 dissipata
3051 1753 3104 1797 et
3139 1742 3253 1812 ipse
3298 1743 3519 1812 penitus

1945 1837 2209 1890 evanuit:
2241 1838 2444 1905 quippe
2474 1835 2567 1905 qui
2605 1835 2776 1889 stellas
2821 1835 3060 1903 speciem
3089 1833 3308 1903 quidem
3346 1835 3518 1890 habe-

1947 1934 2050 1991 ret,
2092 1927 2247 1982 stella
2283 1940 2414 1981 vero
2452 1941 2562 1980 non
2601 1935 2768 1980 esset.
2815 1923 2912 1980 His
2945 1925 3108 1978 aliam
3144 1925 3515 1982 narrationem

1945 2017 2136 2074 auditu
2167 2019 2384 2088 dignatn
2411 2025 2669 2073 attexam.

2017 2301 2083 2358 Il.
2127 2301 2220 2360 llis
2260 2303 2600 2374 temporibus
2651 2306 2848 2362 mulier
2891 2306 3142 2378 quaedam
3189 2311 3334 2380 apud
3388 2311 3522 2382 Scy-

1949 2394 2089 2462 thas,
2121 2411 2218 2452 eos
2264 2411 2463 2474 nempe
2510 2397 2604 2468 qui
2643 2408 2794 2454 trans
2839 2399 3038 2454 Istrum
3087 2401 3355 2468 habitant,
3392 2419 3519 2459 cum

1948 2500 2127 2557 neque
2157 2487 2334 2540 virum
2367 2502 2545 2556 neque
2573 2488 2778 2543 liberos
2812 2488 2971 2560 543
3010 2490 3239 2548 haberet
3269 2498 3324 2548 et
3358 2495 3523 2550 adve-

1948 2584 2065 2636 ctos
2099 2590 2130 2630 e
2161 2575 2392 2630 Thracia
2421 2577 2666 2646 captivos
2695 2587 2821 2634 ante
2860 2595 2989 2636 suas
3027 2581 3174 2639 fores
3201 2583 3414 2641 traduci
3444 2589 3524 2642 vi-

1949 2663 2106 2719 deret
2150 2665 2332 2735 (lougo
2378 2677 2559 2722 autem
2604 2667 2715 2738 jam
2753 2678 2998 2740 tempore
3029 2673 3096 2727 ad
3138 2674 3418 2731 Romanos
3461 2693 3522 2732 se

1949 2755 2201 2810 conferre
2228 2765 2282 2810 et
2309 2770 2528 2811 sacrum
2577 2759 2845 2828 baptisma
2891 2762 3173 2831 suscipere
3217 2765 3522 2835 cupiebat),

1951 2863 2120 2902 unum
2152 2863 2182 2902 e
2207 2847 2648 2904 Christianorum
2685 2852 3029 2919 captivorum
3074 2854 3230 2908 turba
3257 2855 3520 2911 eductum

1951 2939 2180 2994 redemit
2212 2949 2268 2994 et
2310 2941 2596 3012 conjugem
2648 2941 2752 2995 sibi
2801 2943 3017 3008 ascivit,
3059 2945 3314 3000 adactum
3367 2946 3523 3016 prius

1945 3031 2325 3102 jurejurando,
2389 3047 2458 3087 ne
2516 3033 2944 3088 contubernium
2998 3049 3161 3089 suum
3219 3035 3521 3102 desereret,

1948 3121 2165 3176 etiamsi
2197 3121 2306 3175 alio
2339 3123 2811 3193 commigrassent.
2848 3123 2987 3177 Cum
3019 3140 3152 3180 vero
3182 3127 3524 3197 migrationis

1913 3213 2422 3280 opportunitatem
2470 3222 2748 3283 quaerunt,
2793 3230 2974 3270 annus
3023 3216 3234 3287 integer
3283 3219 3479 3284 teritur
3507 3236 3523 3269 :

1948 3321 2058 3376 quo
2088 3314 2339 3376 tempore
2370 3305 2534 3360 binos
2561 3305 2787 3370 liberos,
2830 3306 3065 3361 alterum
3113 3309 3352 3376 peperit,
3387 3311 3525 3364 alte-

1949 3413 2069 3451 rum
2102 3396 2157 3450 in
2202 3406 2358 3452 utero
2393 3398 2645 3468 gestavit.
2673 3397 2826 3454 Unde
2859 3397 3032 3468 magis
3060 3399 3228 3453 etiam
3266 3401 3524 3455 maritum

1948 3489 2228 3560 diligebat.
2266 3488 2397 3556 Quae
2428 3505 2554 3544 cum
2605 3490 2678 3543 ita
2728 3504 2788 3545 se
2831 3490 3123 3554 haberent,
3155 3491 3333 3546 altero
3377 3508 3524 3548 anno

1948 3582 2170 3648 accidit,
2201 3592 2260 3637 ut
2289 3591 2345 3636 et
2379 3582 2531 3651 prior
2567 3583 2709 3652 ejus,
2738 3595 2902 3651 quem
2931 3581 3190 3647 diximus,
3234 3581 3338 3636 viri
3389 3598 3526 3640 uxor

1948 3678 2162 3748 captiva
2189 3665 2560 3731 abduceretur
2596 3695 2610 3731 :
2645 3692 2754 3745 qua
2797 3678 2845 3732 is
2891 3689 3182 3744 conspecta
3215 3677 3524 3750 illacryma-

1948 3771 2047 3825 vit.
2114 3769 2315 3823 Verum
2370 3759 2691 3841 Scythissa,
2728 3771 2988 3824 mmroris
3042 3780 3098 3824 et
3153 3770 3521 3842 lacrymarum
3579 3809 3590 3818 ς

1948 3877 2111 3918 causa
2142 3861 2440 3925 intellecta,
2475 3875 2655 3930 neque
2678 3862 2997 3917 succensuit
3033 3845 3260 3928 marito,
3281 3879 3384 3919 nec
3414 3880 3526 3934 pm

1951 3956 2222 4028 zelotypia
2281 3955 2411 4009 odio
2463 3963 2756 4024 persecuta
2811 3963 2898 4009 est
2943 3955 3273 4011 mulierem:
3327 3956 3424 4011 sed
3469 3967 3529 4013 et

1951 4046 2124 4116 ipsam
2155 4045 2308 4108 emit,
2348 4051 2410 4098 ut
2456 4054 2510 4099 et
2552 4042 2857 4098 domestica
2886 4042 3191 4099 ministeria
3221 4043 3427 4112 obiret,
3454 4047 3530 4105 si-

1950 4139 2175 4208 mulque
2205 4137 2404 4191 marito
2449 4135 2696 4191 dolorem
2745 4144 3044 4203 conspectu
3093 4136 3178 4190 sui
3227 4137 3438 4192 levaret
3471 4138 3528 4194 in

246 4232 360 4282 καὶ
391 4230 514 4297 ἅμα
551 4226 896 4298 παραμύθιον
944 4230 1030 4296 εἴη
1057 4231 1126 4299 τῇ
1162 4228 1366 4300 θεωρίᾳ
1399 4229 1622 4299 τάνδρὸς
1644 4231 1707 4282 ὲκ
1737 4229 1844 4284 τῶν

1949 4229 2202 4298 proximo
2233 4227 2442 4280 futura.
2476 4223 2583 4280 Sed
2616 4239 2743 4280 cum
2778 4225 3252 4294 opportunitatem
3285 4238 3440 4284 nacta
3474 4239 3532 4285 et

245 4321 521 4389 ἔγγιστα.
564 4320 720 4372 Ἔτει
764 4319 810 4372 δ’
849 4319 1133 4390 εὐκαιρίας
1165 4322 1461 4392 γενομένης
1492 4328 1572 4391 τῷ
1623 4321 1771 4391 θείῳ,
1794 4337 1852 4374 τε

241 4412 530 4482 ἐτελέσθη
563 4410 904 4482 βαπτίσματι
943 4414 1035 4462 καὶ
1085 4414 1151 4482 τῇ
1195 4410 1558 4482 βασιλευούσῃ
1614 4411 1724 4464 τῶν
1759 4412 1856 4465 πό-

241 4503 412 4556 λεων
447 4501 782 4572 ἐπεδήμησε,
822 4488 1109 4571 δραμοῦσα
1139 4503 1273 4571 πρὸς
1302 4503 1391 4554 τὸν
1434 4502 1781 4573 πατριάρχην
1819 4505 1852 4571 ἡ

241 4594 518 4666 προτέρα
551 4593 783 4662 σύζυγος
824 4591 956 4646 ἐϐόα
981 4593 1077 4645 καὶ
1114 4593 1562 4662 ὲστερνοτυπεῐτο
1599 4596 1697 4647 καὶ
1737 4595 1856 4650 ἀδι-

242 4686 487 4739 κεῖσθαι
519 4677 730 4753 ἔφασκέ
751 4683 904 4755 παρὰ
929 4685 1024 4754 τῆς
1060 4683 1340 4749 Σκυθίδος,
1387 4685 1731 4757 ἀφελομένης
1757 4687 1850 4740 τὸν

241 4779 442 4846 ἄνδρα
468 4778 660 4846 αὐτῆς.
711 4777 1096 4846 Παρελθούσης
1149 4777 1339 4847 μέντοι
1368 4778 1628 4845 κάκείνης
1661 4779 1755 4829 καὶ
1781 4778 1852 4831 τὰ

240 4869 354 4922 τοῦ
409 4872 755 4937 πράγματος,
806 4869 882 4931 ὡς
943 4863 1110 4936 εἶχεν,
1158 4867 1405 4937 ἀκριϐῶς
1448 4867 1849 4940 διεξελθούσης,

240 4976 365 5011 ουκ
401 4955 547 5024 εἶχεν
578 4959 751 5020 οὐδεὶς
779 4959 933 5011 οὐδὲν
959 4960 1068 5012 ἀπὸ
1093 4959 1304 5012 δικαίου
1332 4960 1627 5030 προφέρειν
1653 4961 1851 5032 ἐγκλη-

245 5067 339 5121 μπα
363 5045 495 5101 κατ’
527 5047 720 5118 αὐτῆς.
754 5049 933 5117 Κυρία
965 5051 1072 5120 γὰρ
1101 5045 1170 5121 ἦν
1190 5051 1538 5121 ἀμφοτέρων,
1574 5052 1669 5106 an
1709 5070 1849 5124 χρηο

239 5160 466 5209 ματων
490 5141 708 5194 οἰκείων
741 5140 939 5204 ὠνίους
969 5141 1029 5206 ἐξ
1059 5142 1264 5212 ἀγρίων
1292 5145 1459 5212 φάναι
1487 5143 1672 5215 θηρῶν
1699 5147 1850 5218 εἰλη-

242 5237 436 5304 φυῖα..
469 5232 660 5304 Ὅμως
713 5235 1040 5288 σιωπώντων
1073 5236 1332 5291 ἁπάντων
1366 5236 1462 5289 καὶ
1505 5235 1670 5306 μηδὲν
1701 5240 1851 5308 ἑχόν-

1951 4336 2109 4377 sacro
2145 4321 2475 4390 baptismate
2507 4317 2725 4372 initiata
2770 4325 2826 4370 et
2867 4315 2924 4370 in
2973 4317 3531 4390 urbemimperatri-

1950 4427 2071 4469 cem
2107 4411 2353 4482 profecta
2381 4419 2553 4473 esset,
2585 4409 2736 4478 prior
2779 4424 2917 4464 uxor
2943 4408 3011 4463 ad
3044 4410 3410 4480 patriarcham
3443 4426 3533 4466 ac-

1951 4507 2148 4570 currit,
2189 4503 2500 4558 vociferans
2522 4513 2579 4557 et
2613 4513 2806 4572 pectus
2836 4503 3104 4574 plangens
3136 4503 3354 4573 sibique
3389 4505 3534 4575 inju-

1955 4597 2091 4651 riam
2121 4611 2151 4648 a
2181 4593 2468 4665 Scythissa
2495 4591 2617 4647 ﬁeri
2657 4594 2954 4662 quiritans,
2985 4609 3108 4664 qua:
3135 4593 3242 4648 sibi
3271 4594 3529 4648 maritum

1956 4687 2250 4755 rapuisset.
2280 4686 2556 4740 Caeterum
2593 4700 2720 4739 cum
2753 4695 2809 4740 et
2843 4686 2934 4740 illa
2966 4686 3287 4756 prodiisset,
3320 4700 3385 4740 ac
3414 4700 3530 4744 rem

1955 4792 2198 4840 omnem,
2235 4777 2308 4830 ita
2338 4785 2396 4829 ut
2425 4785 2575 4847 gesta
2599 4785 2738 4840 erat,
2767 4776 2962 4830 ordine
2986 4776 3333 4844 explicasset,
3369 4790 3535 4830 nemo

1948 4870 2076 4939 jure
2113 4867 2261 4921 illam
2308 4866 2712 4935 reprehendere
2754 4866 2955 4934 potuit,
2996 4874 3056 4919 ut
3089 4880 3213 4934 qua:
3243 4867 3531 4920 amborum

1954 4961 2178 5014 domina
2203 4969 2347 5014 esset
2377 4972 2589 5026 suaque
2616 4958 2850 5025 pecunia
2883 4971 2952 5011 ex
2981 4958 3316 5012 immanibus
3351 4958 3436 5029 (ut
3461 4961 3535 5012 ita

1956 5056 2157 5120 dicam)
2193 5051 2388 5106 bestiis
2417 5053 2609 5105 ambos
2661 5050 3008 5106 redemisset.
3047 5051 3256 5106 Tamen
3279 5053 3537 5120 \taccnti-
3645 5072 3670 5104 η

1959 5149 2063 5202 bus
2096 5144 2260 5217 544
2286 5144 2578 5210 universis,
2603 5158 2706 5198 nec
2733 5143 2803 5198 de
2837 5144 2945 5198 ulla
2977 5157 3036 5197 re
3065 5158 3186 5198 eam
3226 5142 3537 5198 accusanti-

1959 5242 2081 5307 bus,
2127 5240 2344 5296 tandem
2397 5237 2538 5291 ltanc
2588 5237 2706 5305 ipsa
2753 5236 3089 5297 sententiam
3141 5235 3286 5289 tulit.
3341 5233 3537 5300 Μαι-ίιο

236 5345 373 5380 των
411 5326 710 5396 προφέρειν
739 5325 990 5397 ἔγκλημα
1015 5325 1136 5381 κατ’
1164 5326 1355 5396 αὐτῆς,
1374 5328 1554 5397 κρίσιν
1581 5327 1844 5415 ἐπέθηκεν

1961 5341 2183 5405 propter
2219 5327 2676 5384 consuetudinem
2708 5337 2764 5382 et
2805 5337 3092 5397 susceptos
3120 5341 3184 5380 ex
3227 5339 3294 5380 eo
3325 5324 3536 5380 liberos

1623 5474 1958 5537 Variorum
1993 5480 2178 5537 nota).

324 5613 460 5684 (l3)
488 5613 700 5689 Hajore
717 5622 764 5667 et
795 5615 1030 5689 ﬁrmiore
1059 5616 1538 5689 aﬂ‘ectuimaritum
1564 5618 1834 5689 diligebat,
1870 5633 2004 5687 non,
2073 5636 2105 5673 a
2144 5615 2338 5670 marito
2401 5613 2739 5685 diligebatur,
2778 5623 2837 5668 ut
2893 5611 3361 5682 interpretabatur
3380 5609 3535 5665 Wol-

239 5688 400 5748 ﬁus,
441 5688 531 5754 qui
564 5684 780 5753 legebat
811 5687 947 5757 πρὸς
976 5687 1074 5757 τὴν
1113 5688 1236 5750 σύζ.
1264 5688 1476 5745 Doms.

519 5781 782 5843 ΡΑτιιοι..
822 5785 937 5844 Gn.
973 5783 1280 5845 CXLVIII

3143 5777 3220 5837 2's
