3988 6210
158 313 264 377 ’ἴω

407 308 487 381 [ιο
528 321 580 364 c-
624 305 763 363 1328
801 321 870 361 λυ
910 303 1074 377 15H}
1147 307 1601 373 BYZANTINIE
1637 308 2040 371 HISTORUE
2079 309 2223 372 LIB.
2265 308 2374 374 Xl.

2490 303 2624 379 [una
2667 321 2946 364 ANDIIOMC.
2987 307 3130 382 ius.)

3311 313 3420 378 770

157 429 406 502 θαλάσσῃ
438 426 698 499 μερισθὲν
726 426 823 479 καὶ
867 427 1038 496 ἄμφω
1065 425 1136 479 τὰ
1168 428 1408 496 στοιχεῖα
1450 425 1733 494 ὲμπλῆσαν

1840 424 2172 494 proﬂigavit.
2200 423 2359 479 Nunc
2398 439 2528 482 vero
2556 425 2755 496 ipsum,
2782 427 2886 482 heu
2918 429 2930 482 l
2963 443 3109 484 mors
3131 432 3418 500 repentina

154 521 245 575 τοῦ
308 522 587 590 θαύματος
611 536 626 552 ’
677 519 823 586 λέγω
875 519 932 572 δὲ
992 521 1093 588 τὴν
1135 518 1398 572 διαϐᾶσαν
1451 517 1513 582 ἐξ
1555 517 1738 579 Ἀσίας

158 613 435 683 Περσικὴν
457 613 675 678 ἐκείνην
703 612 798 664 καὶ
819 609 1098 680 δύσμαχον
1124 608 1376 680 δύναμιν,
1405 610 1476 678 ἢν
1493 609 1741 679 αὐθημε-

158 706 248 774 ρὸν
286 704 702 773 κατηγωνίσατο
735 702 1023 772 κράτιστα.
1060 700 1221 754 Ἀλλά
1269 700 1364 754 νῦν
1390 700 1572 766 αὑτὸν,
1611 699 1737 769 φεῦ,

155 796 412 865 ὀξύτερον
443 794 788 848 ἐπεισπεσὼν
822 797 851 849 ό
879 794 1108 857 θάνατος
1143 793 1585 865 κατηγωνίσατο.
1621 793 1740 848 Σοί-

157 888 314 956 σθητι
347 887 416 956 γῆ
475 886 610 956 πρὸς
646 886 706 938 τὸ
747 885 842 938 νῦν
873 885 1067 952 πάθος,
1117 887 1203 940 ἵνα
1255 886 1412 954 γένος
1445 887 1594 941 ἅπαν
1643 885 1738 941 καὶ

156 980 346 1048 ἡλικία
381 981 534 1033 πᾶσα
565 979 690 1032 τῶν·
719 977 1026 1048 ἀνθρώπων
1055 977 1310 1048 αἴσθησιν
1340 977 1434 1031 τοῦ
1479 981 1737 1032 τοσούτου

155 1071 410 1136 λαϐόντες
443 1070 654 1131 πάθους
685 1069 905 1131 πλείους
941 1071 1192 1123 κοινωνοὶ
1219 1068 1318 1122 καὶ
1364 1068 1738 1140 συλλήπτορας

151 1165 260 1217 τῶν
309 1163 531 1233 θερμῶν
569 1164 702 1231 ἡμῖν
737 1162 979 1229 γένοιντο
1027 1160 1367 1228 στεναγμῶν.
1399 1157 1568 1225 Οὗτος
1612 1157 1681 1233 ἦν
1709 1164 1744 1216 όν

156 1259 286 1325 πρὶν
330 1252 1006 1323 ἀκουσθῆναι,φαινόμενος
1035 1252 1114 1322 τῷ
1161 1250 1253 1306 τοῦ
1306 1252 1509 1324 δρόμου
1553 1253 1734 1324 τάχει,

153 1350 245 1400 καὶ
279 1347 415 1416 πρὶν
459 1346 696 1414 φανῆναι
753 1343 968 1399 διώκων
1014 1346 1139 1408 τοὺς
1177 1344 1474 1415 πολεμίους
1504 1343 1583 1415 τῷ
1628 1344 1738 1398 δέει

153 1439 247 1506 τῆς
283 1439 477 1508 φήμης
493 1453 508 1468 ⁸
536 1437 649 1492 ἀλλ’
673 1438 842 1506 οἴμοι,
865 1437 960 1490 νῦν
984 1436 1150 1490 αὐτοῦ
1176 1435 1356 1508 πολλῷ
1381 1440 1568 1506 φανεὶς
1592 1436 1738 1490 ὠκύ-

152 1548 310 1600 τερος
342 1532 372 1584 ό
405 1531 630 1591 Θάνατος
658 1530 787 1592 τοὺς
816 1527 1096 1590 τοιούτους
1137 1527 1350 1596 φθάσας
1377 1527 1592 1597 διέκοψε
1616 1527 1738 1598 δρό-

156 1639 316 1690 μους.
351 1619 510 1690 Πηγὴ
550 1621 718 1688 πυρὸς
748 1617 1014 1685 αἰθερίου,
1050 1618 1194 1672 δυοῖν
1226 1617 1453 1688 θάτερον
1486 1618 1736 1671 καινοτόο

157 1729 328 1781 μησον
350 1727 368 1743 ο
403 1711 435 1780 ἢ
469 1710 674 1762 παῦσαι
723 1708 821 1770 τάς
853 1708 1159 1776 ζωογόνους
1210 1710 1454 1775 σπείρων
1488 1709 1580 1762 ἐπὶ
1632 1710 1736 1778 γῆς

152 1807 379 1865 ἀκτῖνας
407 1819 419 1830 ο
447 1803 480 1872 ἢ
512 1802 637 1862 τοὺς
667 1800 952 1870 κρατῆρας
973 1802 1097 1853 ὅλου
1125 1800 1218 1853 τοῦ
1244 1800 1338 1853 σοῦ
1361 1801 1531 1871 πυρὸς
1555 1802 1738 1872 ἀθροί-

155 1912 272 1957 σας,
303 1894 462 1962 ῥῖψον
493 1894 615 1946 κατ’
652 1893 847 1961 αὐτῆς,
901 1892 988 1946 ἶνα
1019 1892 1082 1962 δὴ
1115 1892 1212 1955 τάς
1245 1893 1419 1962 κόμας
1460 1893 1592 1966 ῥίψῃ
1618 1895 1738 1948 δένο

154 1985 276 2054 ὅρον
323 1985 473 2038 ἅπαν
525 1985 621 2037 καὶ
673 1982 925 2054 μαρανθῇ
968 1985 1035 2035 τά
1081 1986 1247 2053 κρῖνα
1291 1983 1385 2036 τοῦ
1415 1984 1587 2054 ἀγροῦ
1643 1985 1739 2038 καὶ

153 2077 288 2147 λάϐῃ
322 2078 479 2144 γένος
508 2076 665 2146 χλόης
697 2075 843 2129 ἀπαν
874 2075 1129 2144 αἴσἼησιν
1162 2075 1255 2128 καὶ
1285 2075 1488 2142 γνῶσιν
1526 2075 1620 2130 τοῦ
1649 2093 1738 2129 το-

155 2171 342 2222 σούτου
390 2169 618 2231 πάθους.
663 2169 904 2232 Ἐκεῖνος
934 2163 1002 2238 ἦν
1049 2171 1077 2222 ό
1115 2169 1239 2228 τοὺς
1287 2165 1603 2238 Τριϐαλλῶν
1642 2168 1738 2222 καὶ

156 2261 356 2315 Μυσῶν
393 2261 670 2331 ἡγεμόνας
702 2259 788 2332 [Ρ.
816 2259 945 2332 5ό8]
981 2259 1282 2330 ἐκπλήξας.
1310 2255 1397 2314 οἷα
1439 2261 1736 2316 καθεύδου-

156 2369 234 2406 σν
261 2352 498 2414 ἐπιστάς
533 2351 794 2407 πολλάκις
834 2351 1124 2418 αἰφνίδιον,
1169 2350 1422 2421 καθάπερ
1472 2369 1555 2414 τις
1584 2351 1735 2405 utet.

159 2463 260 2514 ριος
315 2444 607 2515 κεραυνός.
649 2443 812 2506 ’Δλλ’,
871 2441 1042 2514 οἶμοι,
1088 2442 1182 2496 νῦν
1220 2443 1384 2496 αὐτὸν
1437 2444 1606 2515 ἀργὸν
1642 2443 1735 2497 καὶ

155 2539 406 2607 κείμενον
433 2535 688 2600 καθάπαξ
729 2534 930 2599 ἔδειξεν
954 2536 982 2587 ό
1025 2536 1216 2602 τάφος.
1243 2535 1472 2605 Ούρανὲ,
1498 2537 1597 2600 τὰς
1633 2537 1732 2598 σὰς

159 2630 329 2692 πύλας
388 2627 736 2690 ἀναπετάσας
791 2625 1116 2697 πρόπεμψον
1158 2624 1388 2696 βροντὴν
1434 2625 1590 2689 ἀξίαν
1635 2626 1733 2680 τοῦ

162 2724 400 2788 μεγάλου
443 2719 633 2772 τούτου
673 2718 880 2781 πάθους
926 2719 1020 2773 καὶ
1068 2717 1372 2787 θορύϐησον
1422 2717 1522 2788 τὴν
1555 2719 1734 2773 κτίσιν

156 2811 357 2875 πᾶσαν,
398 2809 484 2864 ἵνα
513 2810 610 2863 καί
632 2809 746 2862 τῶν
783 2809 1006 2879 ἀψύχων
1029 2810 1063 2880 ή
1109 2808 1271 2877 φύσις
1314 2809 1568 2880 αἴσθησιν
1592 2811 1731 2883 λάϐῃ

157 2903 241 2956 καὶ
274 2901 595 2958 συλλάϐοιτο
629 2899 739 2954 τῶν
762 2901 978 2972 θρήνων
1003 2899 1192 2954 ἅπασα
1223 2901 1386 2970 φύσις
1413 2905 1730 2973 κτισμάτων

156 2977 299 3062 ήμῐν.
341 2993 410 3045 Ὢ
442 2993 555 3056 πῶς
586 2995 620 3064 ή
655 2994 928 3063 ταχυτάτη
964 2993 1058 3046 καὶ
1089 2991 1413 3064 ὠκύπτερος
1442 2995 1603 3061 φύσις
1635 2995 1731 3049 νῦν

1841 531 2166 585 oppressum
2200 516 2518 585 prostravit.
2543 516 2906 574 Commovere
2934 529 3077 575 terra
3099 521 3260 592 563
3287 539 3419 593 pro-

1839 616 1963 677 pter
2012 607 2160 662 hunc
2207 622 2421 673 casum,
2470 619 2532 664 ut
2589 624 2752 664 omne
2807 625 3003 680 genus,
3053 615 3233 668 omnis
3283 624 3418 670 aetas

1841 701 2127 756 hominum
2177 711 2384 756 tantam
2419 702 2631 758 cladem
2684 703 2910 767 sentiat,
2945 713 3001 759 et
3040 705 3224 772 plures
3254 707 3416 763 nobis

1839 793 1974 848 socii
2004 802 2061 849 et
2089 793 2374 864 adjutores
2406 793 2819 850 vehementiam
2869 795 2979 849 sint
3026 797 3413 864 suspiriorum.

1839 885 1939 941 llic
1965 885 2088 950 fuit,
2122 885 2216 954 qui
2247 885 2532 941 celeritate
2558 901 2757 941 cursus
2796 886 3068 942 adventus
3096 886 3180 943 sui
3213 888 3412 945 famam

1838 985 2232 1040 anteverteret,
2272 986 2329 1030 et
2369 975 2691 1046 priusquam
2730 976 3169 1046 conspiceretur,
3204 989 3414 1035 terrore

1839 1069 1924 1125 sui
1972 1068 2221 1123 nominis
2274 1068 2490 1138 fugaret
2529 1067 2736 1122 hostes.
2773 1067 2902 1132 Sed,
2939 1067 3028 1123 hei
3058 1069 3232 1136 mihi!
3267 1085 3414 1126 nunc

1841 1177 1988 1218 mors
2012 1162 2173 1230 longe
2205 1161 2301 1216 illo
2333 1160 2572 1215 celerior
2603 1161 2836 1223 exstitit,
2863 1161 3262 1216 et-istiusmodi
3291 1177 3415 1216 cur-

1839 1269 1933 1308 sus
1954 1253 2254 1308 antevertit
2273 1262 2328 1307 et
2353 1253 2595 1322 abrupit.
2621 1252 2827 1308 Adesto
2853 1253 2974 1308 foris
3002 1253 3142 1324 ignis
3163 1253 3412 1318 aetherei,

1837 1355 2003 1415 atque
2048 1345 2376 1400 alterutrum
2429 1344 2680 1414 perﬁcito
2718 1361 2740 1399 ε
2785 1354 2884 1399 aut
2926 1345 3118 1400 vitales
3167 1345 3220 1398 in
3269 1355 3415 1401 terra

1837 1451 2098 1508 spargere
2123 1437 2364 1492 desinito
2406 1435 2608 1500 radios,
2637 1444 2732 1490 aut
2756 1436 2924 1490 totius
2958 1436 3101 1506 ignis
3127 1437 3205 1490 tui
3229 1445 3444 1511 crateg

1839 1544 1927 1583 ras
1954 1531 2010 1584 in
2041 1545 2163 1584 eam
2198 1527 2706 1592 omnes-edundito,
2734 1537 2795 1582 ut
2827 1541 3014 1582 comas
3045 1529 3226 1583 omnis
3249 1529 3416 1584 arbor

1838 1621 2079 1689 amittat,
2103 1630 2159 1676 et
2183 1621 2295 1676 lilia
2323 1621 2435 1689 agri
2465 1631 2827 1682 marcescant,
2851 1629 2905 1674 et
2930 1619 3224 1675 herbarum
3248 1637 3413 1678 omne

1839 1727 2010 1781 genus
2043 1721 2248 1766 tantam
2294 1710 2509 1764 cladem
2550 1710 2754 1764 sentiat
2801 1718 2965 1778 atque
2997 1709 3269 1774 intelligat
3318 1712 3414 1768 Ille

1843 1803 1968 1867 fuit,
2001 1803 2094 1872 qui
2131 1801 2502 1856 'l‘riballorum
2545 1810 2600 1855 et
2630 1800 2904 1871 Mysorum
2932 1801 3102 1856 duces
3141 1813 3416 1872 perterre-

1841 1894 2067 1958 faceret,
2104 1909 2242 1963 quos
2283 1909 2428 1962 saepe
2460 1893 2610 1948 velut
2654 1892 2992 1949 dormientes
3026 1894 3211 1949 subito
3244 1895 3417 1950 instar

1838 1985 2064 2039 aetherei
2119 1983 2364 2037 fulminis
2414 1984 2707 2052 oppressit.
2771 1986 2862 2050 At,
2915 1985 3004 2040 hei
3058 1986 3229 2040 mihi!
3268 2001 3416 2042 nunc

1839 2077 1992 2132 illum
2027 2078 2282 2146 ignavum
2317 2084 2372 2129 et
2399 2076 2677 2146 jacentem
2709 2092 2936 2146 prorsus
2961 2079 3202 2135 ostendit
3234 2089 3416 2134 tumu~

1837 2169 1946 2224 lus.
2003 2168 2048 2223 Ο
2101 2167 2325 2232 caelum,
2371 2168 2544 2236 portis
2578 2167 2687 2220 tuis
2739 2167 2947 2236 apertis
3002 2168 3208 2222 tonitru
3261 2178 3412 2224 tanta

1837 2254 2145 2314 calamitate
2174 2257 2398 2326 dignum
2429 2271 2658 2325 erumpe
2681 2268 2736 2311 et
2761 2267 2925 2311 totam
2952 2272 3134 2311 rerum
3161 2267 3409 2312 naturam

1838 2352 2194 2422 perterrefac,
2225 2362 2284 2405 ut
2314 2360 2369 2404 et
2399 2350 2828 2405 inanimatorum
2871 2359 3064 2405 natura
3097 2351 3320 2416 sentiat,
3355 2361 3413 2406 et

1836 2461 1923 2501 res
1957 2447 2138 2501 omnis
2169 2445 2385 2516 generis
2427 2461 2456 2500 a
2491 2444 2602 2500 Deo
2635 2443 2871 2503 conditae
2917 2443 3126 2520 luctum
3162 2453 3412 2497 nostrum

1834 2538 2118 2608 adjuvent.
2143 2536 2258 2591 ch
2287 2538 2299 2590 ί
2329 2551 2428 2591 cur
2461 2545 2551 2590 tua
2580 2535 2866 2591 celerrima
2895 2544 2951 2590 et
2972 2535 3140 2590 veluti
3168 2535 3411 2590 volucris

1835 2639 2029 2684 natura
2081 2644 2226 2683 nunc
2273 2630 2499 2683 immota
2528 2628 2800 2697 quiescit?
2851 2625 2966 2682 lleu
2997 2627 3010 2679 ι
3047 2642 3147 2681 cur
3196 2639 3276 2692 tu,
3312 2627 3410 2696 qui

1837 2723 2000 2776 toties
2029 2720 2189 2774 nobis
2213 2736 2279 2774 ex
2314 2719 2531 2774 bellicis
2561 2719 2854 2787 triumphis
2881 2718 3125 2772 laetitiam
3151 2719 3408 2781 attulisti,

1837 2814 1998 2870 hodie
2029 2813 2084 2868 in
2109 2814 2450 2868 contrarium
2477 2811 2688 2866 vertisti
2722 2809 2928 2872 omnia,
2951 2825 3079 2865 vere
3104 2813 3158 2865 in
3193 2812 3409 2866 hiemen

1834 2915 2197 2967 commutato,
2237 2903 2651 2975 pulchritudine
2684 2903 2817 2956 solis
2850 2902 2905 2956 in
2948 2904 3214 2957 obscuras
3259 2913 3410 2957 tene-

1836 2997 1981 3058 bras,
2007 2996 2212 3066 pullata
2237 2995 2383 3048 omni
2411 2981 2593 3058 nitate,
2614 3002 2669 3047 et
2689 2991 3036 3063 splendorem
3061 2991 3220 3062 563
3243 2992 3412 3046 aetiis-

156 3086 346 3154 ἠρεμεῖ
375 3085 451 3155 μὴ
482 3084 833 3154 κινούμενος;
871 3083 936 3136 Ὦ
960 3082 1077 3147 πῶς
1101 3083 1363 3147 πολλάκις
1395 3085 1528 3154 ἡμῖν
1573 3086 1728 3155 κομίο

1835 3091 1929 3143 rize
1959 3089 2092 3143 facis
2122 3079 2254 3141 solis
2283 3085 2432 3140 velut
2461 3084 2816 3139 occultante?
2855 3083 2992 3144 lleu,
3031 3081 3304 3154 qn0inodo
3341 3098 3408 3145 ιε,

159 3193 247 3239 σας
271 3177 450 3246 χαράν
474 3177 536 3229 ἐκ
555 3177 663 3228 τῶν
691 3175 1001 3244 πολεμικῶν
1030 3176 1309 3246 τροπαίων
1338 3178 1394 3239 ὲς
1421 3177 1726 3231 τούναντίον

159 3268 445 3338 ἀνέτρεψεν
471 3268 689 3322 ἅπαντα
722 3268 984 3337 σήμερον,
1013 3267 1108 3320 καὶ
1137 3267 1384 3338 χειμῶνα
1418 3269 1517 3334 μὲν
1546 3269 1604 3320 τὸ
1631 3269 1727 3339 ἔαρ

161 3360 448 3430 ποποίηκε,
490 3361 677 3420 σκότος
705 3358 762 3410 δὲ
795 3357 932 3427 βαθὺ
959 3357 1022 3410 τὸ
1065 3358 1159 3410 τοῦ
1192 3357 1346 3428 ἡλίου
1379 3359 1594 3423 κάλλος,
1632 3377 1728 3428 με·

159 3448 571 3519 λανειμονούσης
594 3448 812 3518 ήλικίας
843 3449 1063 3519 ἁπάσης
1090 3451 1188 3505 καὶ
1213 3444 1322 3502 οἷον
1349 3451 1730 3520 ἀποκρυπτού-

156 3556 249 3611 σης
301 3542 400 3612 τὴν
426 3543 601 3610 αὑγήν
639 3541 737 3610 τῆς
775 3541 1019 3610 αἰθερίας
1067 3542 1160 3594 τοῦ
1208 3542 1360 3612 ήλίου
1411 3543 1727 3613 λαμπάδος;

162 3635 224 3685 Ὦ
251 3634 366 3696 πῶς
388 3637 414 3687 ό
444 3633 673 3696 πολλοὺς
707 3635 770 3686 ἐκ
799 3634 906 3687 τῶν
939 3634 1224 3705 βλεφάρων
1246 3636 1730 3704 ἁποκρουσάμενος

156 3724 354 3788 ὕπνους
385 3727 526 3794 ὑπὲρ
554 3726 664 3778 τῶν
699 3727 958 3795 ὑπηκόων
991 3725 1086 3778 νῦν
1125 3729 1182 3778 ἐν
1209 3728 1363 3796 τάφῳ
1393 3728 1483 3778 τὸν
1519 3728 1729 3796 μακρὸν

153 3816 314 3870 ὕπνον
351 3817 646 3881 καθεύδει;
681 3819 748 3870 Ὠ
787 3817 902 3880 πῶς
956 3817 1047 3870 τὸν
1077 3817 1278 3871 λίθινον
1321 3817 1480 3882 αδτδς
1527 3818 1728 3880 ὑποδὺς

152 3913 355 3980 χιτῶνα
389 3913 447 3963 ὲν
485 3911 679 3981 βραχεῖ
716 3911 999 3980 δυστυχῶν
1027 3912 1174 3980 ἡμᾶς
1207 3911 1579 3964 ἀποδύσασθαι
1612 3912 1725 3981 (48)

153 4009 472 4076 πέπραχεν;
506 4005 572 4055 Ὢ
616 4006 729 4066 πῶς
760 4006 1026 4074 πρότερον
1059 4007 1160 4073 μὲν
1204 4006 1273 4056 τά
1313 4004 1420 4058 τῶν
1456 4003 1729 4074 πολεμίων

152 4098 369 4150 κόπτων
399 4097 496 4149 καὶ
550 4096 908 4149 καταϐάλλων
941 4098 1170 4166 σώματα
1211 4095 1308 4149 νῦν
1339 4097 1404 4149 ὲκ
1437 4096 1606 4166 τάφου
1631 4097 1728 4158 τὰς

152 4193 252 4242 τῶν
287 4191 554 4259 ὑπηκόων
587 4187 799 4256 τοξεύει
842 4158 1320 4259 quaedam;
1353 4190 1422 4242 Σὺ
1462 4158 1582 4242 bid)
1613 4189 1732 4242 θεία

155 4283 388 4352 βασιλὶς,
425 4281 528 4333 ποῦ
558 4283 618 4334 τὸ
651 4282 740 4333 σὺν
768 4281 1164 4344 καταλέλοιπας
1191 4280 1378 4346 κλέος;
1410 4281 1530 4344 Πῶς
1565 4282 1732 4334 καθά-

1831 3184 1923 3253 qui
1973 3190 2200 3250 propter
2253 3179 2507 3234 subditos
2555 3193 2684 3232 suos
2733 3192 2985 3232 somnum
3036 3175 3212 3230 oeulis
3265 3190 3410 3246 saepe

1830 3273 2068 3343 negavit,
2102 3286 2267 3326 nunc-
2301 3270 2357 3324 in
2412 3268 2668 3338 sepulcro
2715 3268 2935 3335 longum
2971 3265 3124 3320 illum
3154 3281 3408 3321 somnum

1830 3365 2070 3420 dormit?
2103 3364 2237 3424 lleu,
2281 3361 2558 3430 quomodo
2604 3360 2716 3423 ille,
2754 3373 2916 3413 saxea
2967 3359 3148 3411 tunica
3195 3357 3408 3423 induta,

1831 3459 1981 3515 brevi
2014 3457 2222 3520 eﬂ'ecit,
2255 3464 2312 3508 ut
2345 3470 2444 3508 nos
2467 3454 2670 3506 misere
2702 3450 3070 3506 exueremur?
3106 3449 3246 3512 lleu,
3274 3465 3410 3517 quo-

1831 3551 1992 3606 modo
2031 3548 2128 3618 qui
2161 3557 2319 3602 antea
2358 3545 2598 3599 hostium
2623 3558 2856 3612 corpora
2889 3539 3136 3594 ciedehat
3177 3546 3234 3592 et
3261 3548 3406 3591 ster—

1831 3639 2014 3705 nebat,
2055 3655 2201 3694 nunc
2233 3654 2261 3692 e
2305 3635 2561 3706 sepulcro
2594 3633 2940 3688 subditorum
2971 3629 3184 3684 animos
3237 3628 3406 3696 sagit-

1833 3735 1902 3788 tis
1951 3733 2310 3802 pertinaciter
2350 3727 2603 3795 impetit?
2639 3725 2719 3779 Tu
2767 3739 2915 3788 vero,
2948 3737 2980 3774 ο
3019 3720 3202 3775 divina
3235 3720 3408 3787 impe-

1833 3826 2022 3888 ratrix,
2065 3823 2289 3877 ubinam
2322 3821 2492 3874 decus
2525 3827 2677 3871 tuum
2715 3814 3028 3884 reliquisti?
3076 3812 3197 3866 Heri
3233 3811 3407 3881 plenae

1831 3913 1973 3967 luna:
2003 3914 2177 3966 instar
2213 3926 2432 3980 egressa
2464 3907 2690 3978 palatio,
2725 3905 2886 3958 hodie
2914 3919 3024 3973 quo
3058 3912 3216 3971 pacto
3245 3901 3408 3954 dimi-

1832 4005 1980 4059 diata
2022 4002 2352 4057 reverteris?
2379 3998 2690 4067 Quomodo,
2738 4013 2862 4050 cum
2905 3996 3078 4049 instar
3118 3993 3409 4048 frondious

1831 4098 2024 4152 obsita:
2068 4096 2287 4150 arboris
2332 4095 2576 4156 ﬂoreres,
2629 4090 2790 4144 hodie
2827 4098 2884 4142 ut
2916 4089 3123 4142 tinuum
3161 4085 3274 4154 agri
3306 4087 3406 4137 dc-

1832 4189 2066 4243 iloruisti
2096 4199 2152 4243 et
2186 4203 2306 4241 rosa
2334 4188 2386 4240 in
2413 4186 2605 4256 prato?
2645 4184 2763 4248 Quo
2795 4193 2955 4251 pacto
2983 4179 3100 4233 heri
3141 4193 3206 4232 ex
3238 4179 3410 4246 impe-

1835 4284 2035 4337 ratoris
2086 4281 2341 4335 thalamis
2383 4277 2726 4349 splendentis
2769 4285 2824 4329 et
2855 4272 3081 4327 illustris
3119 4268 3408 4341 plenilunii

152 4392 251 4446 περ
273 4375 542 4437 εὔκυκλος
576 4376 775 4444 σελήνη
819 4375 926 4428 τῶν
965 4373 1253 4444 βασιλείων
1284 4376 1408 4445 χθὲς
1440 4375 1729 4440 ἐξελθοῦσα

1836 4375 2009 4428 instar
2036 4380 2232 4427 exorta
2259 4385 2408 4424 nunc
2441 4371 2628 4424 multis
2655 4379 2710 4423 et
2734 4364 3191 4421 densissnubibus
3220 4362 3410 4417 occul-

154 4442 391 4538 σήμερον
418 4442 719 4536 ἐπανῆλθες
765 4442 1112 4536 ήμίκυκλος;
1157 4442 1576 4540 Πῶς-καθάπερ
1616 4469 1731 4520 δεν-

1837 4467 2007 4522 taris?
2035 4469 2162 4536 quis
2220 4475 2327 4518 tam
2371 4465 2524 4518 hrevi
2566 4470 2846 4516 momento
2898 4469 3046 4514 tuam
3101 4457 3411 4528 pulchritu-

151 4562 267 4628 ὅρον
309 4563 707 4630 ὲὺσκιόφυλλον
735 4561 970 4614 άνθοῦσα
1006 4565 1246 4633 σήμερον
1276 4563 1534 4633 ἐξαίφνης
1560 4567 1735 4634 ἀπήν-

153 4649 316 4719 θησας
357 4651 437 4714 ὡς
499 4653 687 4722 χόρτος
727 4653 788 4702 ὲν
829 4651 983 4722 ἀγρῷ
1017 4655 1110 4704 καὶ
1160 4652 1313 4723 ῥόδον
1362 4653 1422 4705 ὲν
1468 4651 1692 4721 λειμῶνι
1716 4669 1731 4717 ;

158 4743 274 4805 Πῶς
324 4747 389 4796 ὲκ
427 4744 538 4795 τῶν
589 4743 883 4813 βασιλικῶν
911 4744 1174 4813 θαλάμων
1221 4742 1347 4813 χθὲς
1380 4737 1468 4796 οἶα
1505 4743 1737 4813 λαμπρὰ

156 4839 245 4887 καὶ
277 4836 596 4906 πλησιφαὴς
629 4835 966 4903 πανσέληνος
997 4835 1328 4890 ἀνατείλασα
1366 4834 1464 4888 νῦν
1511 4838 1569 4888 ὲν
1601 4835 1736 4888 πολ-

154 4927 261 4988 λοῖς
288 4929 386 4981 καὶ
416 4928 640 4998 βαθέσιν
668 4926 908 4995 ἑκρύϐης
935 4928 1045 4988 τοῖς
1072 4931 1259 4995 νέφεσι
1276 4944 1291 4992 ;
1325 4927 1420 4990 Τίς
1450 4929 1508 4980 ἐν
1539 4927 1735 4999 βραχεῖ

154 5022 210 5071 τὸ
249 5022 344 5073 σδν
379 5019 762 5089 άπημαύρωσε
798 5019 1032 5083 κάλλος;
1080 5017 1190 5078 llo")
1226 5018 1327 5090 τὴν
1357 5023 1736 5091 συγκαταρεύ-

159 5128 330 5165 σασαν
361 5115 580 5182 ἀφῆκας
607 5113 808 5182 χλόην;
840 5112 936 5176 Τίς
964 5111 1056 5164 τὸν
1095 5111 1184 5165 σὺν
1215 5111 1604 5167 εύανθέστατον
1637 5115 1736 5184 κῆ-

159 5219 255 5254 πον
287 5202 532 5273 ιξώρυξι
558 5219 574 5270 ;
608 5203 690 5265 τίς
721 5202 980 5272 κλέπτης,
1011 5201 1092 5266 τίς
1113 5201 1337 5273 λῃστὴς,
1364 5202 1449 5264 τίς
1477 5203 1731 5274 πρηστὴρ

158 5294 243 5346 καὶ
275 5297 546 5363 κεραυνὸς
570 5293 628 5359 ἐξ
651 5293 884 5364 ούρανοῦ
913 5311 928 5358 ;
967 5292 1087 5355 Πῶς
1120 5292 1246 5362 χθὲς
1283 5292 1358 5356 ὡς
1406 5294 1470 5346 ἐκ
1513 5293 1734 5362 λιμένος

157 5387 240 5438 τὴν
271 5385 512 5440 ικπλουν
543 5386 895 5456 ποιησαμένη
934 5383 1186 5454 λαμπρὸν
1235 5384 1478 5454 σήμερον
1521 5387 1732 5455 ἐπανῆ-

1831 4560 2016 4616 dinem
2047 4553 2532 4620 obscuravit?,Uhi
2567 4556 2755 4611 ﬂorem
2791 4566 2944 4610 tuum
2991 4541 3286 4608 d'cciduum
3319 4567 3409 4604 re-

1829 4654 2083 4724 liquisti?
2127 4653 2252 4723 quis
2287 4663 2611 4707 vernantein
2665 4660 2818 4702 tuum
2872 4648 3094 4700 hortum
3136 4642 3409 4713 perfodit?

1831 4748 1923 4816 qui
1959 4747 2081 4800 fur?
2129 4747 2223 4816 qui
2271 4742 2448 4798 latro?
2499 4757 2622 4811 qua:
2676 4740 2948 4810 fulgetra?
2993 4737 3139 4806 quod
3186 4737 3412 4788 cmlesie

1832 4836 2073 4892 fulmen?
2105 4835 2225 4902 Quo
2255 4842 2415 4904 pacto
2452 4847 2574 4902 qua:
2610 4833 2732 4886 heri
2779 4831 2929 4884 velut
2953 4843 2984 4882 e
3015 4835 3177 4896 portu
3228 4824 3412 4893 splen-

1834 4930 1961 4983 dide
1995 4929 2232 4990 solvisti,
2267 4925 2436 4980 hodie
2463 4933 2723 4993 tanquam
2767 4939 2798 4976 e
2829 4919 3116 4989 naufragio
3143 4927 3200 4971 et
3239 4916 3411 4969 ﬂuctu

1829 5036 1891 5076 es
1928 5036 2172 5092 reversa,
2205 5018 2463 5074 omnibus
2500 5019 2568 5072 iis
2600 5032 2738 5086 quas
2780 5015 3044 5078 vehebas,
3079 5008 3414 5079 pretiosissi-

1831 5115 1936 5169 mis
1977 5113 2259 5168 mercibus
2287 5111 2556 5180 spoliata?
2583 5112 2718 5175 Quis
2749 5120 2897 5180 tuam
2939 5119 3163 5159 auream
3194 5115 3410 5156 comam

1829 5203 2121 5261 detondit?
2148 5201 2285 5268 Quis
2320 5202 2418 5255 tibi
2465 5216 2726 5271 purpura:
2777 5198 3126 5269 splendorem
3171 5189 3413 5248 ademn?

1831 5299 1958 5368 quis
1996 5306 2146 5350 tuam
2200 5297 2485 5352 lucernam
2533 5292 2815 5362 abripuit?
2858 5292 2985 5359 quis
3038 5299 3189 5343 tuum
3238 5288 3409 5338 solem

1840 5387 2137 5442 exstinxit?
2171 5388 2298 5457 quis
2343 5387 2442 5441 tibi
2474 5400 2672 5439 novam
2709 5384 2868 5436 istam
2903 5381 3131 5448 eclipsin
3169 5373 3415 5430 invexit?

1513 5500 1856 5564 Variorum
1896 5510 2090 5565 nota).

221 5619 336 5690 (48)
377 5617 528 5690 Hand
575 5620 692 5675 scio
749 5634 816 5672 an
869 5618 1011 5690 desit
1063 5617 1306 5688 aliquid,
1337 5618 1404 5674 de
1433 5620 1727 5690 splendore

135 5701 412 5766 .VUMIUIII.
449 5689 558 5744 Sed
591 5695 636 5745 si
682 5692 821 5744 nihil
851 5689 1026 5756 deest,
1073 5692 1430 5745 mutationem
1460 5689 1606 5748 certe
1634 5709 1728 5749 ve-

1841 5625 2007 5680 stitus
2039 5624 2314 5695 significat
2346 5625 2406 5677 τὸ
2434 5623 2832 5689 ἀποδύσασθαι,
2864 5621 3022 5693 quasi
3054 5632 3195 5675 esset
3227 5634 3424 5688 μετεν-

1837 5693 2126 5750 sagacem“.
2150 5693 2429 5751 WOLFIUS.
