3998 6210
541 299 640 364 ’ἵἹί
792 302 870 374 [Α.
911 312 968 352 tt.
1009 295 1148 352 6836
1189 313 1253 350 Αι)
1296 297 1457 368 6849]
1550 288 1552 290 ’

1737 294 2158 360 NICEPHORI
2199 297 2586 362 GREGORIE

2885 295 3022 368 [ων.
3065 308 3347 353 nonnemo.
3383 295 3522 368 tum]

3658 305 3767 367 ’Πῖ

531 420 657 486 quis
695 416 912 471 illustre
962 423 1116 470 tuum
1160 417 1477 486 conjugium
1509 412 1764 468 diremit?
1806 413 1938 479 Quae
1979 413 2096 468 fera

2204 433 2317 477 xa:,
2346 414 2419 477 ῶς
2450 418 2514 469 ἐκ
2545 421 2807 483 ναυαγίου
2840 416 2936 468 καὶ
2977 415 3244 477 κλύδωνος
3279 417 3399 471 ὅλον
3429 420 3776 488 ζημιωθεῖσα

534 517 830 575 tempestas
854 522 1078 561 vernam
1108 516 1254 561 tuam
1281 507 1602 575 temperiem
1633 507 1914 574 corrupit?
1942 505 2103 574 Agite

533 615 686 664 vero,
710 601 889 654 omnis
911 598 1153 654 Romane
1182 598 1342 669 564
1372 598 1590 667 popule,
1609 598 1862 668 adjuvate
1886 599 2096 652 luctum

534 705 739 752 meum,
787 690 1156 744 communiter
1179 691 1476 759 ejulemus,
1519 704 1628 742 non
1660 689 1810 742 illum
1847 687 2102 755 deplora-

536 781 664 845 turi,
695 780 788 834 sed
823 790 1041 835 nosmet
1067 781 1232 849 ipsos,
1264 780 1358 849 qui
1389 781 1455 834 ab
1489 780 1586 843 illo
1609 780 1855 836 destituti
1880 793 2094 834 sumus.

532 870 634 934 Qui
687 863 977 925 stemmate
1035 872 1389 941 imperatorio
1443 873 1578 926 estis
1630 872 1758 934 orti,
1813 871 2101 938 deplorata

531 962 938 1030 imperatorem,
993 973 1051 1015 ut
1099 973 1156 1017 et
1199 971 1486 1031 cognatum
1530 969 1587 1016 et
1631 961 1854 1016 familia;
1902 971 2100 1016 vestra:

531 1062 941 1107 ornamentum.
968 1053 1070 1118 Qui
1106 1053 1291 1122 palatii
1322 1052 1510 1106 limina
1545 1051 1928 1120 frequentatis.
1949 1067 2100 1120 quat-

532 1143 636 1196 rite
664 1145 846 1212 palatii
891 1143 1259 1212 splendorem.
1287 1143 1419 1208 Vos,
1471 1143 1693 1206 milites,
1723 1143 1904 1211 lugete
1929 1143 2102 1198 soler-

532 1243 640 1287 tem
696 1237 946 1291 ducem:
1003 1251 1100 1290 vos
1177 1235 1400 1300 famuli,
1447 1237 1744 1289 humanum
1807 1233 2094 1290 dominum

532 1320 868 1389 deplorate:
921 1322 1017 1392 qui
1075 1323 1318 1378 dormire
1367 1333 1426 1377 et
1471 1325 1759 1394 quiescere
1810 1325 2096 1389 solebatis.

530 1411 848 1479 pervigilem
881 1410 1280 1465 excubitorem.
1317 1409 1424 1465 Vos
1452 1411 1686 1476 iudices,
1720 1410 2094 1472 lamentamini

525 1514 678 1562 eum,
701 1517 730 1555 a
759 1517 870 1570 quo
895 1505 1073 1570 legum
1103 1503 1186 1555 vis
1215 1501 1507 1571 pendebat.
1535 1500 1642 1556 Vos
1669 1501 1924 1558 Ecclesia
1953 1500 2097 1556 sacri

526 1603 808 1658 proceres,
839 1589 1150 1645 desiderate
1178 1590 1505 1646 acerrimum
1535 1598 1836 1644 amatorem
1859 1599 1914 1644 et
1940 1589 2094 1658 adju-

527 1687 698 1734 torem
745 1681 1060 1753 deamatum
1093 1701 1107 1748 ;
1141 1684 1236 1752 qui
1286 1684 1342 1737 in
1392 1682 1670 1736 montibus
1715 1690 1772 1736 et
1817 1680 2099 1750 speluncis

530 1769 748 1838 degitis.
773 1773 1086 1840 praesidium
1105 1783 1162 1829 et
1181 1772 1650 1843 propugnaculum
1675 1771 2099 1828 existit-sationis

526 1870 583 1916 et
625 1862 810 1930 gloria:
862 1873 1100 1928 vestrae;
1154 1879 1272 1931 vos,
1310 1878 1588 1918 sacrorum
1643 1862 2101 1918 monasteriorum

530 1962 796 2016 rectores.
820 1963 1014 2010 vestrae
1037 1954 1296 2023 potentiae
1326 1968 1529 2009 arcem.
1558 1952 1823 2020 Reputate
1852 1963 2098 2006 extrema

527 2043 679 2099 illius
717 2046 1020 2102 certamina
1069 2061 1172 2115 pro
1213 2045 1370 2100 vobis
1409 2052 1687 2112 suscepta.
1737 2043 1992 2110 COgitate
2041 2051 2100 2098 ut

527 2149 762 2204 corpore
818 2145 933 2192 tum
981 2136 1277 2192 hostilibus
1322 2134 1669 2198 vulneribus,
1712 2144 1824 2188 tum
1870 2132 2100 2188 medicis

531 2227 845 2282 ustionibus
888 2241 1118 2295 prorsus
1152 2227 1440 2287 exhausto.
1474 2235 1531 2279 et
1574 2223 1641 2279 ad
1688 2234 1920 2279 mortem
1966 2239 2098 2293 pro.

526 2325 774 2384 perante.
804 2323 860 2369 et
890 2329 1092 2383 corpus
1117 2330 1278 2385 suun)
1308 2313 1720 2383 contempserit,
1749 2322 1805 2366 et
1833 2314 1955 2367 vitae
1985 2328 2099 2368 suae

527 2418 640 2457 non
676 2403 1005 2473 pepercerit.
1043 2403 1136 2460 sed
1173 2403 1433 2457 alacriter
1465 2403 1531 2456 ad
1563 2411 1878 2472 suggestum
1914 2412 1968 2457 et
2009 2417 2099 2457 sa-

526 2509 748 2550 crorum
796 2495 1070 2550 antistites
1117 2495 1367 2549 venerit:
1401 2509 1502 2548 nec
1533 2494 1686 2562 prius
1723 2493 1849 2546 inde
1894 2493 2100 2548 disces-

526 2586 695 2650 serit,
735 2601 899 2654 quam
957 2601 1108 2655 spem
1163 2585 1416 2649 fecisset,
1469 2585 1830 2640 insectatores
1886 2597 2098 2640 vestros

523 2684 890 2744 corruptaque
929 2676 1147 2730 illorum
1181 2678 1450 2744 dogmata,
1495 2677 1640 2746 quod
1687 2675 1740 2730 in
1786 2689 1846 2730 se
1876 2675 2098 2746 quidem

527 2773 697 2830 esset,
741 2765 1088 2830 conterendi,
1122 2780 1185 2820 ac
1229 2779 1457 2834 prorsus
1503 2764 1777 2820 abolendi.
1822 2763 2099 2821 Recorda-

527 2852 686 2915 mini,
729 2868 850 2922 quae
882 2866 937 2908 et
979 2863 1185 2922 quanto
1231 2868 1357 2908 cum
1410 2854 1528 2909 zelo
1571 2857 1744 2912 sacris
1790 2857 1899 2912 illis
1942 2857 2100 2912 labiis

532 2943 696 2996 verba
757 2945 1048 3012 protulerit
1099 2959 1197 3014 pro
1233 2944 1392 3017 565
1440 2947 1763 3002 defensione
1812 2963 2095 3004 sacrarum

2207 506 2298 564 τὸν
2346 508 2707 576 πολυτίμητον
2756 507 2986 578 φόρτον;
3028 506 3122 570 Τίς
3177 508 3362 575 ἀφεῖλέ
3411 527 3506 563 σου
3558 512 3622 564 τὸ
3676 514 3781 581 τῆς

2207 596 2494 667 πορφύρας
2551 598 2886 666 κράτιστον;
2948 596 3042 659 Τίς
3087 613 3181 649 σου
3227 597 3317 649 τὸν
3356 597 3590 666 χρυσοῦν
3636 601 3782 656 ἀπέ-

2211 703 2360 758 κειρε
2416 687 2870 757 βόστρυχονς.1’ίς
2910 687 3001 742 τὸν
3029 687 3119 740 σὺν
3163 689 3377 758 ἥρπασε
3430 688 3656 759 λύχνον;
3691 693 3782 755 τίς

2209 779 2298 832 τὸν
2332 779 2421 832 σδν
2453 779 2676 833 ἐσδεσεν
2703 778 2886 848 ἦλιον;
2921 769 3004 840 τίς
3050 796 3132 832 σοι
3169 780 3266 848 τὴν
3296 781 3614 848 καινοτέραν
3639 782 3780 834 ταύο

2208 885 2310 937 την
2342 867 2574 938 ἡλιακὴν
2616 867 2856 936 ἔκλειψιν
2891 866 3211 934 εἷργασταις
3247 868 3328 929 τίς
3373 884 3467 920 σου
3498 866 3596 936 τὴν
3633 867 3784 936 λαμ·-

2211 960 2356 1029 πρὰν
2382 958 2646 1028 συζυγίαν
2682 958 2928 1025 διέλυσε;
2959 959 3054 1021 Τίς
3085 957 3270 1026 ἄγριος
3304 956 3511 1026 χειμὼν
3542 956 3640 1025 τὴν
3675 960 3785 1026 σὴν

2211 1051 2432 1122 ἐαρινὴν
2479 1050 2745 1121 ἁρμονίαν
2791 1050 3112 1120 διέρρηξεν;
3148 1048 3309 1102 Ἀλλὰ
3341 1049 3642 1119 συνάρασθέ
3683 1067 3780 1119 μοι

2207 1143 2305 1197 τοῦ
2341 1145 2571 1206 πένθους
2601 1143 2747 1206 ἅπας
2770 1144 2800 1195 ό
2822 1141 2927 1196 τῶν
2969 1140 3257 1208 Ῥωμαίων
3282 1140 3469 1208 δῆμος,
3495 1141 3590 1192 καὶ
3612 1140 3776 1209 δεῦρο

2210 1237 2366 1302 κοινῇ
2395 1235 2486 1289 τὸν
2516 1234 2711 1305 θρῆνον
2736 1233 3055 1303 ἐγείρωμεν,
3106 1230 3384 1294 κλαίοντες
3410 1231 3508 1284 οὐκ
3541 1232 3770 1293 ἐκεῖνον,

2207 1325 2322 1382 ἀλλ’
2360 1326 2505 1396 ἡμᾶς
2549 1326 2743 1386 αὐτοὺς
2789 1325 2846 1376 ἐν
2877 1324 3083 1394 ἐρημίᾳ
3127 1323 3507 1384 καταστάντας
3535 1323 3770 1378 ἐκείνου.

2210 1415 2278 1471 οι
2300 1417 2400 1480 τὰς
2442 1415 2536 1470 τοῦ
2570 1417 2756 1483 γένους
2801 1414 3006 1484 φλέϐας
3035 1415 3287 1478 ἐλκοντες
3330 1415 3395 1468 ἐκ
3425 1413 3530 1466 τῶν
3562 1413 3778 1482 βασιλι-

2207 1508 2324 1562 κῶν
2356 1507 2568 1578 πηγῶν,
2596 1504 2905 1576 δακρύσατε
2937 1505 3034 1558 καὶ
3058 1505 3133 1568 ὡς
3164 1503 3402 1574 συγγενῆ
3427 1503 3516 1557 τὸν
3545 1503 3788 1572 βασιλέα

2208 1601 2307 1654 καὶ
2341 1599 2416 1663 ὼς
2445 1598 2541 1651 τοῦ
2571 1600 2761 1666 γένους
2789 1596 3072 1667 καύχημα.
3107 1599 3170 1651 Oi
3206 1597 3302 1659 τὰς
3337 1594 3638 1664 βασιλείους
3669 1613 3788 1648 πα·-

2208 1693 2426 1754 τοῦντες
2473 1691 2667 1752 αὐλὰς,
2701 1689 2977 1760 ζητήσατε
3016 1688 3115 1760 τὴν
3153 1689 3258 1741 τῶν
3303 1685 3594 1758 βασιλείων
3626 1687 3785 1756 λαμ-

2203 1783 2473 1853 πρότητα.
2500 1784 2566 1836 Οἰ
2593 1781 2946 1849 στρατιῶται,
2975 1781 3282 1850 πενθήσατε
3301 1778 3390 1833 τὸν
3416 1779 3590 1844 δεξιὸν
3616 1797 3794 1850 στρα-

2199 1873 2368 1940 τηγόν
2391 1887 2404 1901 ·
2438 1869 2524 1943 [Ρ.
2556 1869 2682 1941 549]
2722 1871 2772 1922 οί
2803 1869 3006 1933 δοῦλοι,
3046 1868 3318 1923 κλαύσατε
3343 1871 3431 1921 τὸν
3463 1867 3658 1937 φιλανθ
3671 1885 3791 1939 ρω-

2204 1982 2304 2020 nov
2333 1963 2602 2033 δεσπότην
2622 1956 2645 1996 ί
2676 1963 2726 2015 οἱ
2759 1962 3040 2016 καθεύδειν
3087 1962 3184 2014 καὶ
3213 1961 3442 2030 ἠρεμεῖν
3493 1960 3786 2026 εἰωθότες,

2202 2053 2293 2108 τὸν
2340 2053 2615 2123 ἄγρυπνον
2662 2053 2911 2120 φύλακα·
2946 2053 2996 2106 oi
3027 2052 3636 2122 δικασταὶ,-θρηνήσατε
3692 2052 3795 2105 τὸν

2202 2145 2437 2215 χορηγὸν
2467 2143 2566 2212 τῆς
2595 2143 2703 2197 τῶν
2747 2143 2924 2214 νόμων
2957 2142 3145 2216 ,ἰσχύος
3165 2157 3179 2172 ⁶
3211 2142 3262 2197 οί
3310 2144 3409 2211 τῆς
3450 2142 3794 2212 Ἐκκλησίας

2207 2237 2344 2304 ἰεροὶ
2373 2235 2672 2307 προστάται
2701 2234 2839 2304 (49),
2869 2234 3138 2305 ζητήσατε
3189 2234 3281 2287 τὸν
3321 2235 3582 2304 διάπυρον
3611 2251 3800 2288 σπου-

2201 2327 2403 2397 δαστὴν
2437 2326 2530 2380 καὶ
2564 2325 2908 2396 συλλήπτορα
2935 2325 3044 2378 τῶν
3082 2324 3370 2396 δογμάτων
3392 2341 3408 2357 ·
3441 2325 3492 2378 oi
3531 2331 3590 2378 ἐν
3623 2324 3798 2396 δρεσι

2202 2417 2296 2471 καὶ
2332 2416 2636 2486 σπηλαίοις,
2681 2417 2772 2470 τὸν
2818 2415 3078 2486 πρόϐολον
3105 2419 3198 2468 καὶ
3247 2415 3628 2487 προασπιστὴν
3686 2416 3800 2486 τῆς

2202 2509 2472 2580 ὑμετέρας
2517 2508 2763 2573 εὐκλείας
2797 2510 2892 2562 καὶ
2944 2509 3102 2578 δόξης
3127 2525 3143 2540 θ
3189 2511 3238 2562 οἱ
3269 2509 3378 2563 τῶν
3411 2509 3569 2562 θείων
3600 2509 3799 2575 ἀσκη-

2200 2598 2406 2670 τηρίων
2430 2597 2791 2668 κοσμήτορες,
2821 2596 2920 2668 τὴν
2947 2597 3048 2666 τῆς
3073 2595 3345 2667 ὑμετέρας
3394 2593 3576 2665 ἰσχύος
3601 2595 3797 2664 ἀκρόο

2201 2691 2378 2746 πολιν.
2406 2689 2712 2757 Λογίσασθε
2759 2689 2881 2752 τοὺς
2911 2687 3050 2757 ὺπέρ
3078 2687 3231 2758 ὑμῶν
3261 2687 3602 2749 τελευταίους
3623 2685 3801 2753 ἀγῶ-

2201 2799 2298 2848 νας
2348 2779 2538 2846 αὐτοῦ,
2593 2780 2708 2844 πῶς
2777 2778 3143 2849 πεπονηκότος
3208 2776 3308 2846 ἠδη
3368 2775 3620 2844 καθάπαξ
3691 2777 3801 2833 τοῦ

2205 2873 2456 2942 σώματος
2483 2873 2544 2926 ἐκ
2570 2888 2630 2925 τε
2655 2870 2764 2924 τῶν
2793 2869 3105 2938 πολεμικῶν
3133 2867 3461 2940 τραυμάτων
3486 2867 3549 2920 ἐκ
3578 2884 3639 2920 τε
3674 2867 3802 2922 τῶν

2207 2963 2470 3034 ἰατρικῶν
2508 2962 2798 3033 καυτήριον
2818 2961 2916 3014 καὶ
2944 2959 3079 3030 πρὸς
3102 2958 3332 3012 θάνατον
3353 2956 3596 3012 ἐντεῦθεν
3622 2957 3803 3012 ἐλαυ-

524 3034 871 3108 sanctioumn
915 3045 971 3088 et
1017 3035 1192 3104 ipsius
1235 3037 1502 3091 veritatis.
1554 3039 1939 3094 Recordamini
1977 3056 2096 3110 quae

2204 3054 2423 3124 νόμενος
2451 3050 2824 3122 κατεφρόνησέ
2853 3066 2911 3104 τε
2945 3048 3038 3103 τοῦ
3088 3048 3361 3116 σώματος,
3397 3049 3488 3102 καὶ
3517 3045 3621 3116 τῆς
3653 3047 3803 3102 ἐαυ-

525 3124 758 3184 dixerit.
806 3127 1125 3193 priusquam
1171 3125 1238 3179 ad
1297 3135 1610 3196 suggestum
1653 3130 1998 3198 pervenisset
2036 3140 2094 3189 et

524 3211 593 3266 ad
627 3225 843 3266 sacrum
875 3215 1166 3268 concilium
1199 3233 1212 3269 :
1255 3230 1376 3284 quae
1415 3217 1545 3271 item
1573 3231 1695 3273 cum
1738 3219 1975 3274 venisset
2008 3237 2095 3277 re-

521 3304 731 3370 citarit,
759 3305 1150 3388 maximo'eum
1200 3307 1417 3376 ingenio
1443 3317 1495 3363 et
1528 3319 1772 3364 veterum
1819 3311 2096 3381 theologo-

521 3410 642 3448 rum
689 3395 1016 3459 imitatione,
1053 3411 1176 3450 cum
1229 3397 1417 3452 divino
1453 3399 1644 3468 .alllatu
1691 3401 1841 3470 pleni
1875 3403 2094 3492 linguas

520 3484 799 3540 resonanti
831 3487 883 3539 in
929 3485 1060 3556 ipsis
1089 3495 1144 3541 et
1176 3488 1475 3558 impellenti
1525 3491 1746 3560 spiritui
1780 3484 2093 3548 accommo-

518 3576 762 3631 dabant:
795 3587 852 3631 et
879 3578 1132 3647 quamvis
1167 3594 1311 3633 mors
1345 3581 1510 3650 capiti
1552 3583 1880 3647 immineret,
1911 3594 2092 3640 tamen

521 3683 632 3720 non
666 3671 914 3734 cesserit,
944 3669 1036 3730 sed
1068 3669 1320 3725 alacriter
1347 3672 1639 3728 admodum
1671 3689 1736 3728 ea
1764 3691 1884 3744 quae
1915 3682 2098 3747 requi-

521 3758 790 3818 rebantur
834 3761 1110 3830 peregerit
1149 3778 1164 3817 :
1201 3763 1336 3828 Deo,
1384 3765 1462 3818 uti
1513 3775 1943 3822 consentaneum
1990 3780 2093 3837 est,

521 3864 780 3919 magnum
811 3851 958 3907 hunc
994 3853 1263 3910 fervorem
1295 3857 1481 3911 animo
1515 3856 1634 3924 ejus
1661 3857 1879 3927 largito,
1916 3869 1975 3912 ut
1998 3875 2092 3912 co-

525 3943 777 3996 ronidem
806 3943 1096 4012 quamdam
1127 3949 1340 4003 caeteris
1380 3949 1498 4019 ejus
1532 3950 1808 4018 praeclaris
1835 3954 2092 4007 certami—

469 4033 474 4036 ’
523 4036 688 4089 nibus
715 4044 771 4090 et
804 4037 969 4091 veluti
997 4037 1232 4108 sigillum
1266 4039 1778 4109 pratstantissimum
1808 4043 2092 4111 imprime-

524 4133 628 4186 ret,
673 4125 913 4195 lmguam
962 4128 1080 4198 ejus
1125 4128 1440 4198 hujusmodi
1483 4131 1832 4185 sermonibus
1865 4149 2095 4203 perpur-

520 4214 732 4284 gando;
770 4227 828 4270 ut
880 4217 1080 4274 talibus
1117 4219 1330 4289 legibus
1376 4229 1432 4274 et
1469 4220 1705 4276 decretis
1739 4227 2095 4296 promulgatis

521 4343 555 4382 e
591 4329 698 4383 vita
723 4328 1053 4386 discederet.
1086 4349 1106 4382 ι

2199 3144 2292 3198 τοῦ
2320 3145 2464 3214 ζωῆς
2497 3143 2797 3213 ἀφειδήσας
2824 3139 3116 3212 προθύμως
3143 3141 3234 3192 ἐπὶ
3260 3141 3318 3193 τὸ
3345 3139 3494 3208 βῆμα
3519 3140 3614 3192 καὶ
3645 3143 3798 3205 τοὺς

2202 3240 2589 3309 ἰεροφάντορας
2620 3231 2724 3310 ἧκε
2777 3236 2871 3289 καὶ
2919 3235 2978 3288 ού
3024 3235 3288 3307 πρότερον
3343 3234 3554 3287 ἐκεῖθεν
3600 3234 3801 3306 ἀπήλ-

2200 3331 2347 3396 λαξε,
2377 3333 2508 3400 πρὶν
2550 3330 2769 3392 ἐλπίδας
2811 3328 3014 3392 δοῦναι,
3045 3327 3119 3391 ὡς
3151 3325 3276 3390 τοὺς
3315 3328 3466 3398 ὑμῶν
3511 3326 3804 3395 ὑϐριστὰς

2200 3423 2295 3475 καὶ
2329 3421 2398 3474 τὰ
2435 3422 2656 3474 ἐκείνων
2687 3419 3014 3489 διεφθορότα
3041 3420 3307 3487 δόγματα,
3337 3419 3398 3471 τό
3428 3435 3491 3487 γε
3521 3419 3606 3480 εἰς
3637 3420 3802 3473 ἐκείο

2201 3529 2289 3564 νον
2329 3507 2483 3582 ἧκον,
2528 3510 2806 3580 συντρίψει
2836 3528 2895 3564 τε
2930 3512 3022 3564 καὶ
3071 3511 3211 3575 ὅλοις
3239 3511 3397 3563 δώσει
3435 3511 3645 3581 φθορᾶς
3691 3514 3799 3569 καὶ

2202 3603 2474 3667 ἀπωλείας
2527 3602 2708 3673 βυθοῖς
2758 3620 2814 3655 τε
2863 3603 2958 3655 καὶ
3010 3602 3269 3672 κύμασιν.
3335 3603 3790 3674 Ἀναμνήσθητε,

2201 3697 2344 3758 οἴους
2377 3698 2467 3749 καὶ
2492 3696 2618 3748 ὅσου
2646 3693 2737 3747 τοῦ
2772 3692 2936 3761 ζήλου
2969 3695 3198 3764 μεστοὺς
3223 3695 3333 3748 τῶν
3366 3694 3528 3764 ἰερῶν
3553 3695 3800 3748 ἐκείνων

2203 3786 2426 3860 χειλέων
2457 3787 2580 3848 τοὺς
2612 3785 2799 3852 λόγους
2839 3787 3174 3855 προήνεγκεν
3219 3785 3358 3852 ὑπέρ
3391 3785 3584 3853 τετῶν
3617 3785 3800 3841 θείων

2205 3878 2420 3948 θεσμῶν
2452 3878 2544 3930 καί
2576 3878 2672 3947 τῆς
2721 3876 2977 3946 ἀληθείας
3011 3875 3203 3946 αὐτῆς.
3239 3876 3658 3950 Ἀναμνήσθητε
3713 3873 3801 3934 ὧν

2203 3967 2502 4038 ἐφθέγξατο
2553 3968 2682 4039 πρὶν
2709 3967 2883 4036 ἥκειν,
2912 3965 3004 4018 ἐπὶ
3050 3967 3112 4020 τὸ
3161 3967 3312 4036 βῆμα
3345 3970 3438 4020 καὶ
3486 3969 3579 4021 τὸν
3631 3971 3802 4041 ἰερδν

2206 4061 2459 4128 σύλλογον
2483 4075 2498 4090 ο
2533 4053 2607 4112 ὧν
2639 4076 2696 4112 τε
2725 4058 2880 4123 αὖθις
2927 4058 3096 4112 ἐλθὼν
3125 4058 3322 4130 διεξῄει
3361 4059 3498 4114 πάνυ
3545 4077 3630 4114 τοι
3690 4081 3804 4132 με·-

2203 4151 2508 4222 γαὶοφυῶς,
2543 4152 2636 4205 καὶ
2665 4150 2851 4221 ῶσπερ
2877 4151 2925 4204 οἰ
2957 4151 3121 4204 πάλαι
3151 4150 3258 4220 τῶν
3288 4150 3578 4218 θεολόγων,
3612 4153 3800 4208 ὁπότε

2159 4265 2161 4267 ί
2203 4242 2351 4304 θείας
2383 4241 2667 4304 ἐπιπνοίας
2705 4239 3104 4310 ἐμφορηθέντες
3144 4239 3242 4311 τὴν
3274 4240 3518 4310 γλῶτταν
3569 4242 3800 4298 ἐδίδουν

2203 4332 2281 4402 τῷ
2309 4329 2589 4400 ἐνηχοῦντι
2640 4331 2734 4383 καὶ
2765 4331 2983 4400 φέροντι
3027 4331 3296 4402 πνεύματι
3321 4350 3336 4363 ·
3365 4333 3461 4385 καὶ
3487 4334 3635 4396 ὅπως
3686 4345 3798 4400 τοῦ

523 4420 828 4489 νοσήματος
885 4422 1027 4494 ὑπὲρ
1080 4421 1322 4492 κεφαλῆς
1370 4423 1698 4495 αἰωροῦντος
1743 4425 1836 4478 τοῦ
1883 4425 2002 4496 βίου
2057 4432 2118 4486 τὸ
2155 4430 2349 4500 πέρας.
2387 4426 2414 4478 ὁ
2457 4423 2513 4476 δὲ
2545 4422 2645 4475 ούκ
2691 4421 2974 4486 ἐνέδωκεν,
3031 4422 3147 4475 ἀλλ’
3187 4423 3440 4492 ἐπέραινε
3479 4424 3546 4478 τὰ
3581 4426 3804 4494 βελτίω

521 4509 669 4575 μάλα
703 4510 1033 4581 προθύμωςῂ
1073 4507 1226 4582 οἶμαι
1260 4510 1354 4590 τού
1383 4512 1517 4566 Θεοῦ
1563 4512 1806 4584 μεγάλην
1839 4516 2042 4587 ταύτην
2085 4518 2182 4589 τὴν
2210 4517 2363 4582 ζέσιν
2397 4518 2464 4583 τῇ
2498 4511 2687 4564 τούτου
2747 4512 3112 4581 χαρισαμένου
3146 4511 3314 4582 ψυχῇ,
3383 4513 3468 4564 ἵνα
3512 4517 3804 4582 κορωνίδα

518 4602 640 4652 τινὰ
687 4602 798 4664 τοίς
866 4601 1050 4664 ἄλλοις
1123 4603 1334 4657 ἐκείνου
1385 4607 1639 4674 χρηστοῖς
1689 4605 1864 4672 ἀγῶσι
1936 4609 2032 4661 καὶ
2105 4605 2216 4664 οἷον
2254 4607 2668 4676 ηέκσφράγισμα
2713 4602 3003 4670 κράτιστον
3087 4603 3326 4670 ἐπιθείη,
3378 4604 3438 4656 τὸ
3511 4604 3803 4674 τοιούτοις

519 4687 696 4761 λόγοις
723 4693 1038 4763 ἁγνισθῆναι
1063 4693 1162 4767 τὴν
1187 4695 1438 4763 γλῶσσαν
1475 4697 1568 4751 καὶ
1603 4698 1863 4761 τοιούτοις
1889 4699 2074 4770 νόμοις
2107 4701 2204 4757 καὶ
2235 4701 2470 4768 δόγμασι
2501 4692 2856 4749 συναπελθεῖν
2886 4692 3046 4746 αὑτὸν
3081 4693 3145 4744 ἐκ
3172 4692 3266 4746 τοῦ
3298 4693 3436 4762 βίου.
3475 4713 3494 4745 ι

590 4803 681 4858 IV.
714 4802 836 4857 Fuit
869 4804 960 4869 hic
989 4804 1296 4874 imperator
1325 4806 1572 4877 jucunda
1621 4817 1678 4862 et
1707 4809 1930 4864 amabili
1961 4824 2090 4879 spe-

2266 4809 2339 4863 A'.
2372 4805 2483 4863 Ἦν
2513 4824 2576 4876 γε
2633 4806 2741 4877 μὴν
2787 4807 2814 4858 ὁ
2851 4805 3104 4874 βασιλεὺς
3156 4805 3284 4875 ἡδὺς
3330 4805 3426 4859 καὶ
3475 4806 3699 4876 χαρίεις
3734 4810 3800 4864 τδ

518 4897 628 4958 cie.
653 4894 841 4951 hilaris
865 4905 922 4951 et
961 4912 1186 4951 accessu
1224 4897 1419 4962 facilis,
1448 4899 1725 4955 humanus
1756 4909 1808 4954 et
1846 4901 2096 4956 clemen-

522 4987 785 5042 tissimus.
820 4987 1091 5042 Caaterum
1139 4990 1376 5046 neminis
1427 4991 1599 5047 ullum
1653 4994 1947 5048 consilium
1995 4991 2095 5046 ad-

523 5077 799 5143 mittebat,
821 5078 1100 5134 sui-unius
1128 5081 1412 5135 sententia:
1440 5091 1497 5137 et
1529 5083 1775 5140 scientiae
1810 5085 2094 5140 insistens.

525 5167 715 5237 Itaque
790 5171 1052 5239 pleraque
1120 5172 1541 5239 dissimulabat,
1614 5177 1846 5230 consilio
1904 5176 2100 5246 plenus

2196 4899 2335 4964 εἶδος
2371 4903 2387 4959 ί
2397 4899 2509 4969 50),
2537 4899 2597 4952 τὸ
2631 4895 2761 4967 ἦθος
2791 4897 2972 4967 ίλαρὺς
3014 4899 3106 4951 καὶ
3141 4899 3481 4967 εύπρόσιτοη
3510 4901 3610 4968 τὴν
3643 4900 3799 4968 γνώ-

2201 5012 2308 5063 μην
2332 4993 2710 5060 φιλάνθρωπος
2746 4991 2843 5060 καὶ
2878 4991 3019 5044 πάνυ
3049 5007 3132 5044 τοι
3163 4987 3802 5062 συμπαθήςὲΣυμόουο

2191 5083 2295 5152 λήν
2321 5099 2384 5149 γε
2416 5082 2524 5152 μὴν
2553 5080 2665 5134 τῶν
2691 5081 2906 5133 πάντων
2951 5079 3161 5144 οὐδενὸς
3215 5082 3658 5153 προσδεχόμενος
3697 5085 3803 5137 ού-

2197 5176 2410 5246 δεμίαν,
2443 5175 2581 5246 μόνῃ
2624 5177 2690 5243 τῇ
2733 5173 2928 5229 ἑαυτοῦ
2957 5174 3183 5229 διετέλει
3229 5175 3547 5244 πειθόμενος
3581 5176 3802 5248 γνώμῃ

1864 5371 2199 5441 Veriorum
2238 5381 2424 5432 noue.

593 5507 704 5573 (49)
734 5505 858 5581 litae
900 5509 1060 5562 verba
1093 5526 1157 5563 ex
1202 5509 1456 5581 Gregorae
1489 5513 1664 5568 naenia
1694 5513 1854 5567 aﬂ‘ert
1883 5512 2089 5568 Canta-

522 5589 714 5653 c‘uzcn.
754 5577 850 5630 lib.
903 5593 974 5653 re,
1009 5595 1128 5653 cap.
1165 5581 1256 5645 24,
1287 5577 1452 5653 atque
1485 5590 1552 5639 ex
1583 5585 1651 5640 iis
1681 5585 1874 5639 malam
1926 5583 2089 5638 ﬁdem

525 5643 783 5714 Grcgorte
819 5650 1012 5718 carpit.
1045 5643 1283 5706 licens.

2267 5513 2380 5586 (507)
2410 5512 2782 5586 Cantacuzen.
2812 5514 2908 5573 lib.
2944 5532 3006 5581 ιι,
3037 5533 3157 5586 cap.
3185 5519 3246 5573 2i
3287 5529 3428 5584 extr.
3461 5520 3528 5575 de
3560 5522 3799 5582 Andro-

2199 5585 2326 5661 nico
2349 5585 2496 5655 jun.,
2522 5586 2656 5661 πξσι
2686 5585 2794 5661 γᾴρ
2825 5587 2924 5661 οὐκ
2957 5585 3257 5661 ἐπέραστος
3290 5599 3472 5661 μόνον,
3503 5590 3648 5646 ἁλλὰ
3685 5588 3802 5653 ἰαὶ

2203 5650 2482 5724 θαύματος
2513 5655 2639 5722 ἀξία
2670 5650 2810 5726 ,ὄψις
2841 5650 2929 5725 ἦν.
2964 5650 3197 5712 Ductsc.
