3988 6210
149 303 257 376 713

420 297 494 370 [Α.
535 312 589 356 c.
639 297 772 354 1528
809 313 874 354 AD
918 296 1086 370 1541]
1192 299 1640 361 BYZANTIN/E
1682 298 1757 357 ﬂ]

1865 297 2067 357 0R”;
2099 298 2247 359 LIB,
2287 299 2395 360 x1.
2499 291 2632 366 [ιιιιι.
2672 306 2954 348 monomc.
2998 290 3141 365 sum]

3320 294 3429 358 77L

153 435 246 470 και
280 417 500 486 γνώσει.
535 415 628 470 Διὸ
667 416 762 470 καὶ
789 420 1084 484 κρυψίνους
1128 409 1197 484 ἦν
1222 413 1296 474 ὼς
1325 413 1398 466 τὰ
1444 412 1615 466 πολλὰ
1645 411 1744 464 καὶ

1867 411 1934 466 lle
1974 414 2236 479 quidem;
2273 403 2452 470 sed'a
2506 413 2796 485 colloquiis
2834 423 2891 470 et
2941 380 3090 470 etnt‘u
3140 413 3427 490 hominum

154 508 378 580 βαθεῖαν
411 509 508 579 μὲν
533 509 623 562 διὰ
670 508 876 579 φρενὸς
898 505 1282 576 καρπούμενος
1329 505 1580 560 αύλακα·
1616 506 1744 558 ἀνο-

155 603 387 673 μίλητος
404 603 455 654 ’δ’
476 601 571 656 οὖν
601 603 696 659 καὶ
725 599 901 669 μισῶν
928 598 1061 668 περὶ
1087 599 1281 653 ἑαυτὸν
1302 597 1509 668 πλῆθος
1535 594 1746 667 ἀνθρώ-

153 713 270 748 πων
303 695 461 764 δρᾷν.

224 785 305 840 Ε’.
340 786 506 840 Ὅθεν
535 785 630 840 καὶ
675 788 798 843 οὕτε
836 788 1142 859 βασιλικαῖς
1176 790 1458 858 ἐνέχεσθαι
1496 787 1742 858 φροντίσι

153 878 250 932 καὶ
285 876 564 946 ἀσχολίαις
600 879 867 950 ἠνείχετο,
904 879 1028 934 οὔτε
1067 881 1174 952 μὴν
1206 884 1265 936 ὲν
1299 884 1420 946 ταῖς
1456 881 1746 950 μεγίσταις

151 968 264 1020 τῶν
317 968 521 1038 ἑορτῶν
569 970 638 1022 τὰ
689 971 790 1038 τῆς
845 970 1126 1040 βασιλείας
1159 973 1331 1026 ἐτέλει
1381 973 1608 1042 νόμιμα,
1646 971 1744 1036 τὰς

153 1059 450 1129 θεατρικὰς
477 1077 621 1132 φημι
667 1064 763 1116 καὶ
804 1063 1119 1132 δημοτελεῖς
1166 1066 1415 1134 πομπὰς,
1459 1064 1553 1117 καὶ
1592 1062 1740 1132 φιλο-

154 1152 438 1222 φροσύνας
485 1153 579 1205 καὶ
625 1155 724 1216 τὰς
763 1155 1176 1225 μεγαλοψύχους
1207 1156 1528 1226 εὐεργεσίας
1561 1173 1621 1208 τε
1653 1157 1746 1209 καὶ

152 1241 422 1310 διανομὰς
481 1242 592 1295 τῶν
638 1260 699 1295 τε
768 1246 1070 1315 χρημάτων
1128 1246 1265 1314 ὁμοῦ
1337 1246 1432 1298 καὶ
1498 1245 1743 1315 ἀξιωμάα

153 1345 292 1383 των.
336 1329 423 1393 Ὠς
460 1329 792 1385 κινδυνεύειν
827 1333 1079 1387 ἐντεῦθεν
1114 1334 1283 1403 λήθης
1313 1332 1614 1386 ,καταδῦναι
1647 1333 1746 1404 βυ-

157 1418 277 1482 θοίς
313 1421 384 1472 τὰ
416 1422 515 1490 τῇς
564 1420 848 1491 βασιλικῆς
876 1410 1132 1490 εὐταξίας
1179 1423 1366 1493 ἔθιμα,
1398 1422 1484 1496 [Ρ.
1517 1421 1648 1495 δδο]
1673 1416 1748 1476 ῶν

154 1511 262 1579 τὴν
295 1513 517 1582 μνήμην
546 1511 690 1566 κατὰ
718 1513 970 1583 διαδοχὴν
993 1514 1044 1567 οἱ
1071 1513 1312 1584 βασιλεξ
1339 1515 1750 1584 τοῖςτόψιγόνοις

159 1603 552 1673 παρέπεμπον.
587 1605 788 1659 Πολλοῦ
816 1607 926 1676 γὰρ
957 1607 1373 1678 παραῤῥυέντος
1402 1609 1622 1678 χρόνου,
1647 1609 1747 1662 καὶ

153 1693 281 1748 τῶν,
308 1694 526 1758 εἰδότων
558 1693 851 1762 θανόντων,
886 1698 1149 1769 δυσχερὲς
1197 1699 1264 1754 ἂν
1294 1701 1508 1766 γένοιτο
1542 1700 1750 1768 γνῶναι

1847 504 2105 560 alienior.

1919 782 1984 837 V.
2027 780 2106 834 Eo
2143 779 2329 846 ﬁebat,
2357 787 2417 858 ut
2465 780 2851 850 imperatorias
2885 796 3051 836 curas
3082 789 3137 834 et
3183 797 3424 851 occupa-

1851 871 2030 928 tiones
2064 881 2434 935 aversaretur,
2456 887 2518 926 ac
2545 887 2611 926 ne
2652 871 2706 924 in
2740 872 2992 926 maximis
3022 873 3244 942 quidem
3277 873 3431 929 festi-

1850 965 2114 1020 vitatibus
2163 966 2426 1020 solemnia
2491 964 2708 1034 imperii
2750 965 2952 1028 obiret,
3004 965 3095 1019 illa
3143 967 3433 1031 nimirum,

1851 1071 1973 1124 quae
2002 1054 2070 1109 ad
2126 1055 2437 1124 spectacula
2473 1063 2530 1110 et
2563 1053 2814 1121 publicas
2856 1070 3087 1124 pompas
3115 1065 3171 1109 et
3223 1056 3435 1109 saluta-

1853 1145 2034 1203 tiones
2061 1157 2118 1202 et
2150 1147 2585 1202 munificentiam
2622 1145 3030 1214 imperatoriam
3059 1157 3114 1200 et
3160 1146 3432 1201 distribuo

1851 1238 2058 1294 tionem
2104 1239 2467 1309 pecuniarum
2518 1248 2573 1294 et
2628 1239 2903 1292 honorum
2956 1240 3320 1310 pertinerent.
3369 1240 3436 1296 Ut

1844 1332 1956 1402 jam
1993 1332 2296 1402 periculum
2337 1334 2430 1395 sit,
2466 1348 2534 1387 ne
2581 1331 2950 1400 imperatoria:
2997 1331 3301 1399 disciplinae
3348 1332 3435 1386 in-

1851 1424 2065 1485 stituta,
2097 1440 2336 1493 quorum
2380 1425 2701 1478 memoriam
2749 1423 2952 1493 singuli
2987 1423 3233 1477 vicissim
3273 1423 3437 1494 566

1851 1518 2218 1586 imperatores
2266 1517 2335 1572 ad
2398 1527 2648 1587 posteros
2696 1515 3102 1586 propagabant,
3156 1515 3434 1571 oblivione

1849 1621 2078 1676 prorsus
2131 1607 2455 1660 obruantur.
2508 1603 2643 1658 Nam
2707 1620 2831 1660 cum
2893 1603 3127 1658 multum
3173 1602 3434 1670 temporis

1851 1697 2245 1756 interﬂuxerit,
2269 1705 2324 1750 et
2375 1697 2467 1766 qui
2509 1695 2600 1750 illa
2643 1695 2904 1750 tenebant
2937 1691 3301 1755 decesserint,
3332 1705 3434 1760 po-

154 1784 292 1845 τοὺς
320 1786 576 1848 ἐπιόντας
608 1786 676 1839 τὰ
707 1787 896 1840 δέοντα
921 1802 936 1818 ·
977 1789 1094 1842 ἀλλ’
1121 1789 1198 1851 ὡς
1233 1787 1434 1858 ἔοικεν,
1464 1792 1655 1861 fiat-ph;
1681 1791 1751 1845 τὰ

1865 1790 2016 1844 ueris
2061 1785 2194 1858 quid
2240 1788 2404 1844 oliicii
2449 1789 2521 1842 sit
2563 1789 2704 1842 scire
2734 1785 2956 1842 diiiicile
2989 1786 3119 1841 erit.
3162 1783 3434 1839 Nimirum

156 1874 345 1942 φαῦλα
380 1877 582 1944 σπουδὴ
617 1877 1000 1950 ῥᾳθυμοτέραν
1041 1883 1186 1934 ποιεῖ
1236 1880 1336 1950 τὴν
1364 1883 1420 1945 ἐς
1448 1882 1518 1936 τὰ
1557 1882 1749 1936 δέοντα

159 1968 506 2042 φιλοτιμίαν.
539 1968 774 2040 Ἐτρεφε
827 1971 938 2042 γὰρ
985 1971 1154 2035 κύνας
1183 1973 1298 2042 (51)
1329 1973 1424 2027 καὶ
1449 1973 1613 2044 ὄρνεα
1657 1992 1754 2027 κυ-

158 2062 434 2132 νηγετικὰ
468 2061 774 2133 παμπληθῆ
820 2065 916 2116 καὶ
949 2063 1205 2118 τοσοῦτον
1234 2068 1292 2128 ὲς
1322 2066 1494 2122 ταῦτα
1522 2066 1747 2136 ἥττητο,

156 2152 312 2206 ὥστε
357 2155 454 2209 καὶ
501 2153 554 2206 εί
584 2170 666 2215 τις
705 2152 857 2224 αὐτῷ
889 2155 1136 2225 ἐντυχεῖν
1183 2155 1456 2218 ἐϐούλετο.
1504 2157 1691 2227 ὄρνεον
1716 2157 1750 2226 ἢ

159 2243 312 2299 κύνα
361 2245 602 2313 κομίζων
630 2244 892 2317 ἐτύγχανε
929 2248 1103 2318 ῥᾷστα
1136 2249 1232 2302 τοῦ
1283 2249 1643 2319 ποθουμένου.
1685 2252 1752 2304 Ἀ

160 2338 350 2392 πάντα
380 2337 522 2408 μετὰ
563 2339 662 2408 τὴν
705 2337 917 2392 ἐκείνου
945 2341 1205 2411 τελευτὴν
1241 2336 1268 2395 δ
1300 2342 1753 2414 Καντακουζηνὸς

160 2433 282 2493 τοῖς
351 2428 617 2500 χρῄζουσι
675 2431 1002 2503 διεμέρισεν.
1066 2433 1534 2503 ἀναλογισάμενος
1579 2435 1642 2488 τό
1693 2451 1754 2488 τε
1803 2479 1806 2482 .

164 2521 500 2592 παμπληθὲς
533 2523 633 2593 τῆς
681 2523 926 2593 δαπάνης
973 2524 1160 2580 καὶτὸ
1204 2524 1407 2578 τούτων
1439 2527 1498 2589 ἐς
1551 2525 1620 2580 τὰ
1653 2525 1758 2589 τῆς

167 2613 452 2692 βασιλείας
486 2614 789 2692 πράγματα
824 2616 1004 2687 πάντῃ
1037 2615 1136 2686 μὲν
1170 2616 1454 2690 ἀνόνητον.
1497 2617 1679 2688 πάντῃ
1707 2615 1753 2669 δ’

165 2687 498 2776 ἐπισφαλές.
541 2686 709 2762 Πέντε
755 2709 864 2779 γὰρ
917 2711 1013 2763 καὶ
1041 2707 1177 2762 δέκα
1233 2686 1476 2779 χιλιάδας
1509 2686 1674 2778 φασὶν
1705 2709 1754 2760 oi

165 2801 262 2854 τοῦ
301 2799 590 2870 βασιλικοῦ
621 2802 947 2872 πρυτανείου
991 2803 1262 2871 διοικηταῖ⁹
1303 2804 1435 2871 περὶ
1461 2801 1558 2874 τὴν
1604 2802 1758 2872 σφῶν

166 2892 425 2962 δαπάνην
464 2893 927 2965 καινοτομεῖσθαι.

241 2989 336 3054 ς’.
370 2986 527 3041 Οὕτω
557 3003 619 3056 γε
663 2987 768 3058 μὴν
799 2987 1000 3058 πολλὴν
1031 2989 1126 3044 καὶ
1167 2989 1392 3060 βεσαίαν
1443 2989 1581 3060 πρὸς
1625 2988 1760 3044 Θεὸν

1855 1897 1918 1936 ea
1947 1897 2070 1950 quae
2121 1882 2173 1935 in
2216 1882 2382 1937 rebus
2433 1881 2644 1936 frivolis
2680 1895 2844 1951 opera
2891 1879 3084 1938 sedulo
3117 1879 3436 1945 insumitur,

1855 1973 1924 2029 ad
1952 1989 2018 2028 ea
2051 1987 2174 2041 qua:
2199 1970 2364 2026 ofﬁcii
2401 1981 2552 2036 sunt,
2590 1970 2945 2040 exsequenda
2975 1969 3260 2042 segniores
3288 1967 3435 2024 facit.

1853 2064 2032 2120 Canes
2058 2065 2206 2118 enim
2255 2072 2316 2118 et
2367 2077 2498 2118 aves
2527 2063 2810 2118 venatieas
2853 2077 3052 2128 magno
3102 2060 3284 2116 alebat
3335 2076 3440 2114 nu-

1856 2171 2054 2213 mero:
2095 2157 2302 2226 quibus
2355 2156 2430 2210 ita
2481 2164 2604 2210 erat
2659 2154 2901 2216 deditus,
2937 2161 2996 2208 ut
3049 2153 3094 2208 si
3141 2153 3266 2222 quis
3309 2167 3436 2207 eum

1856 2249 2009 2306 adire
2059 2249 2290 2318 cupiens
2337 2263 2529 2303 canem
2571 2257 2669 2303 aut
2708 2263 2866 2304 avem
2903 2247 3148 2314 offerret,
3179 2248 3438 2303 facillime

1858 2324 2082 2411 compos
2112 2341 2223 2394 voti
2259 2340 2606 2395 redderetur.
2639 2341 2769 2408 Quae
2802 2342 2988 2396 omnia
3017 2343 3439 2398 Cantacuzenus

1861 2446 1983 2508 post
2012 2437 2134 2506 ejus
2163 2434 2375 2489 obitum
2428 2433 2495 2488 iis
2540 2435 2634 2503 qui
2674 2435 2937 2504 petebant
2982 2435 3288 2498 distribuit,
3314 2449 3440 2488 cum

1860 2532 2291 2602 magnitudinem
2333 2539 2654 2600 sumptuum
2691 2537 2974 2600 reputaret
3024 2538 3079 2582 et
3116 2544 3230 2582 rem
3265 2527 3441 2598 ipsam

1860 2623 2094 2692 imperio
2121 2639 2228 2676 non
2261 2623 2426 2676 modo
2453 2621 2724 2682 inutilem,
2747 2619 2840 2674 sed
2867 2621 3030 2674 etiam
3067 2620 3438 2689 perniciosam

1855 2715 2147 2787 iudicaret.
2182 2713 2317 2768 Nam
2363 2713 2679 2780 quindecim
2729 2726 3084 2764 nummorum
3120 2711 3286 2764 millia
3335 2710 3443 2762 im-

1861 2808 2120 2880 peratorii
2169 2807 2283 2861 ﬁsci
2337 2815 2724 2876 procuratores
2764 2806 2906 2858 uitru
2956 2812 3199 2858 veterem
3231 2819 3442 2858 morem

1862 2903 1914 2956 in
1950 2916 2046 2954 eas
2075 2915 2162 2954 res
2197 2914 2436 2964 expensa
2471 2898 2807 2953 retulerunt.

1932 2991 2021 3046 Vl.
2053 2990 2234 3060 Usque
2267 2990 2405 3042 adeo
2436 2997 2618 3042 autem
2656 2988 2767 3042 Deo
2792 2985 2967 3042 fretus
3001 2997 3122 3042 erat
3153 2997 3209 3041 et
3243 2985 3443 3042 ﬁducia

169 3083 444 3150 ἐκέκτητο
467 3081 673 3148 πίστιν,
704 3081 844 3138 ὥστε
871 3083 964 3136 καὶ
995 3082 1306 3151 ἀφύλακτος
1337 3083 1492 3154 διῆγε
1518 3083 1580 3136 τὸ
1610 3085 1757 3137 πλεῖ-

1865 3084 2082 3153 plenus,
2118 3093 2177 3137 ut
2209 3083 2533 3153 plerumque
2565 3081 2684 3136 sine
2716 3080 2970 3134 custodia
3015 3089 3200 3151 ageret
3244 3090 3299 3133 et
3326 3082 3447 3133 sine

171 3189 301 3225 στον
335 3173 431 3227 καὶ
472 3173 652 3227 αὐτῶν
683 3174 815 3228 ἄνευ
845 3175 955 3228 τῶν
1001 3174 1299 3244 βασιλικῶν
1345 3176 1754 3248 πελεκυφόρων.

173 3264 446 3330 Πολλάκις
503 3265 560 3318 δὲ
604 3268 702 3320 καί
749 3266 841 3330 οὓς
886 3268 1002 3339 ᾔδει
1062 3272 1185 3326 κατ’
1229 3268 1396 3322 αὐτοῦ
1429 3267 1623 3323 δίκτυα
1667 3271 1762 3322 καὶ

170 3361 417 3430 ἀγχόνας
455 3359 762 3430 ἀρτύοντας
793 3361 1129 3430 ὁμοστέγους
1155 3379 1216 3414 τε
1247 3363 1485 3416 ἐποιεῖτο
1515 3364 1609 3416 καὶ
1633 3361 1760 3414 τού-

168 3469 289 3515 τοις
321 3451 777 3522 συνδιαιτώμενος
809 3448 898 3524 ἦν.
929 3453 1123 3522 Ἔλεγε
1173 3457 1306 3524 γὰρ,
1349 3456 1426 3519 ὡς
1468 3455 1760 3528 ἀνθρώπου

168 3544 297 3611 ζωὴ
335 3547 402 3614 τῇ
443 3547 592 3614 χειρὶ
625 3543 720 3598 τοῦ
765 3544 902 3598 Θεοῦ
937 3549 1200 3610 συνοικεῖ,
1250 3548 1348 3602 καλ⁸
1377 3549 1510 3602 ὅταν
1549 3549 1761 3601 ἐκεῖθεν

168 3634 511 3704 συγχωρηθῇ
543 3631 612 3686 τὰ
649 3633 747 3702 τῆς
777 3633 1008 3700 λύσεως,
1042 3635 1163 3692 τότε
1196 3638 1290 3692 καὶ
1325 3638 1459 3691 πᾶσι
1492 3637 1761 3701 κινδύνοις

165 3728 388 3792 ἀνέῳγε
419 3725 581 3795 θύρα.

241 3816 326 3871 Z'.
351 3817 425 3870 Οὐ
457 3818 616 3886 μόνον
646 3818 726 3883 δὲ,
759 3817 895 3872 ἀλλὰ
940 3822 1036 3874 καὶ
1063 3819 1280 3884 φύσεώς
1324 3837 1406 3882 τις
1460 3821 1762 3891 ίδιοτροπία

167 3908 349 3976 συνῆν
392 3926 454 3978 γε
481 3910 653 3981 αὐτῷ,
688 3911 761 3986 μὴ
791 3911 1194 3980 φιλοτιμεῖσθαι
1247 3914 1476 3982 μηδαμῆ
1510 3914 1644 3983 περὶ
1672 3914 1763 3965 τὸν

166 4001 270 4056 τοῦ
299 4001 592 4072 βασιλικοῦ
647 4003 913 4073 μεγέθους
954 4004 1120 4070 δγκον
1145 4017 1158 4030 '
1196 4005 1331 4059 ἀλλὰ
1377 4006 1762 4075 ταπεινότερον

166 4096 271 4149 καὶ
298 4094 487 4148 αὐτῶν
516 4111 578 4163 γε
604 4094 714 4147 τῶν
747 4095 1002 4166 ὑπηκόων
1029 4096 1258 4167 ὁρᾶσθαι
1287 4095 1570 4159 πολλάκις.
1600 4097 1766 4152 Τουτὶ

169 4189 216 4238 δ’
257 4188 321 4255 ἐξ
357 4186 479 4250 ἐνὸς
527 4186 638 4240 τῶν
670 4186 880 4244 πολλῶν
925 4188 1280 4258 παραστῆσαι
1311 4205 1395 4253 τις
1445 4191 1512 4244 ἂν
1540 4191 1597 4244 ὲν
1629 4190 1765 4261 βρα-

166 4282 283 4348 χεῖ.
313 4278 493 4347 Δῆλον
522 4279 630 4350 γάρ
675 4280 792 4331 ἐστι
821 4283 933 4342 τοῖς
967 4279 1192 4344 ἅπασιν,
1222 4281 1297 4344 ὼς
1333 4282 1390 4335 αι
1439 4281 1533 4334 τοῦ
1573 4283 1768 4336 ἐπιπέ-

166 4374 266 4424 δου
301 4371 422 4443 (52)
456 4373 520 4425 ὲκ
545 4372 840 4445 διαμέτρου
863 4373 1167 4442 ἀκρότητες
1195 4373 1305 4428 τῶν
1331 4374 1624 4442 βασιλικῶν
1649 4393 1768 4445 τρι-

1863 3175 2231 3244 imperatoriis
2287 3174 2666 3229 satellitibus:
2700 3173 2833 3244 quin
2889 3181 2944 3228 et
2971 3188 3115 3243 saepe
3161 3189 3257 3227 eos
3307 3189 3447 3242 quos

1862 3266 2000 3321 retia
2030 3275 2087 3320 et
2117 3266 2344 3335 laqueos
2375 3274 2567 3319 contra
2611 3281 2671 3319 se
2709 3267 2988 3341 instruere
3029 3265 3218 3329 sciret,
3248 3274 3450 3320 contu-

1861 3356 2116 3411 bernales
2174 3357 2279 3412 sibi
2341 3357 2549 3412 faceret
2609 3365 2773 3427 atque
2833 3358 2999 3411 etiam
3075 3358 3446 3412 convictores.

1862 3448 2088 3503 Dicebat
2126 3450 2296 3512 enim,
2336 3449 2502 3502 vitam
2549 3447 2792 3504 hominis
2840 3447 2896 3502 in
2955 3464 3119 3502 manu
3167 3449 3265 3503 Dei
3324 3464 3446 3504 esse

1862 3541 2117 3610 positam,
2148 3556 2178 3594 a
2238 3556 2348 3609 quo
2401 3539 2497 3594 ubi
2543 3541 2664 3610 ejus
2715 3539 3021 3595 destructio
3068 3543 3445 3612 permittatur,

1864 3640 1994 3686 tunc
2020 3631 2276 3686 omnibus
2302 3629 2564 3701 periculis
2599 3639 2789 3701 patere
2821 3631 2991 3688 fores.

1939 3813 2054 3871 Ἧι.
2110 3815 2243 3872 Erat
2295 3826 2560 3886 pneterea
2625 3817 2922 3888 singularis
2968 3820 3221 3889 quaedam
3277 3820 3330 3875 in
3379 3834 3450 3876 eo

1866 3919 2080 3974 natura,
2111 3925 2182 3964 ne
2224 3924 2452 3978 usquam
2487 3909 2862 3978 imperatoriae
2888 3912 3192 3981 maiestatis
3231 3913 3448 3981 magni-

1867 4000 2098 4056 ﬁcentia:
2129 4009 2184 4054 et
2208 4002 2556 4072 amplitudini
2585 4001 2836 4057 studeret
2862 4021 2876 4057 :
2900 4003 2997 4058 sed
3030 4019 3174 4075 saepe
3207 4005 3448 4061 subditis

1869 4093 2131 4147 humilius
2164 4109 2222 4148 se
2253 4105 2488 4162 geren-t.
2524 4095 2696 4165 quue
2727 4110 2837 4150 uno
2870 4095 2937 4151 de
2975 4099 3164 4154 multis
3196 4096 3449 4170 exemplo

1868 4181 2115 4241 breviter
2172 4182 2439 4238 declarari
2500 4193 2701 4252 potest.
2767 4187 2972 4243 Notum
3024 4197 3109 4242 est
3164 4189 3448 4255 omnibus,

1869 4274 2031 4346 567
2062 4277 2540 4344 imperatoriorum
2578 4277 2942 4335 tricliniorum
2976 4282 3273 4350 pavimenti
3303 4297 3454 4338 sum-

1872 4369 2090 4424 mitates
2117 4367 2305 4422 ambas
2337 4368 2482 4423 inter
2522 4384 2643 4424 sese
2685 4372 2973 4441 oppositas
3007 4375 3258 4429 eminere
3283 4390 3451 4446 supra

165 4465 386 4516 κλίνων
443 4463 755 4533 ᾲμφότεραι
824 4463 1179 4532 ὑπέρκεινται
1239 4483 1342 4520 που
1406 4467 1498 4520 τοῦ
1563 4467 1757 4537 μεταξὺ

1874 4460 2219 4530 interiectum
2255 4462 2430 4514 solum
2477 4470 2651 4549 usque
2689 4464 2755 4518 ad
2798 4466 2960 4535 palmi
3015 4469 3295 4534 trientem,
3327 4469 3455 4526 illae

165 4555 448 4614 ἐπιπέδου
478 4556 605 4628 ἄχρι
631 4559 725 4610 καὶ
753 4561 811 4620 ἐς
841 4560 1026 4626 τρίτον
1073 4559 1374 4630 σπιθαμῆς,
1402 4564 1498 4626 καὶ
1527 4563 1762 4630 μάλιστα

165 4649 286 4717 ὅπη
320 4650 420 4698 καὶ
443 4649 471 4700 ὁ
500 4647 775 4717 βασιλικὸς
813 4647 1015 4719 ἔστηκε
1069 4647 1255 4720 θρόνος
1278 4667 1291 4679 ·
1327 4650 1396 4704 ἵν’
1425 4652 1556 4713 ἴσως
1589 4651 1690 4722 ἔχῃ
1713 4667 1766 4703 τι

166 4741 282 4791 κάν
315 4735 498 4807 τούτῳ
536 4737 699 4792 πλέον
748 4739 858 4792 τῶν
892 4740 1070 4794 ἄλλων
1105 4740 1135 4790 ὁ
1186 4738 1441 4810 βασιλεὺς
1477 4741 1766 4810 ἱστάμενος

168 4833 231 4884 ἓν
261 4848 330 4885 τε
361 4834 483 4892 ταῖς
509 4834 679 4902 ἱεραῖς
712 4832 1050 4903 ὑμνῳδίαις,“
1077 4835 1169 4885 καὶ
1195 4834 1283 4885 ὅτε
1315 4833 1635 4902 διαλέγοιτο,
1673 4833 1766 4885 νῦν

171 4925 286 4992 μὲν
316 4925 432 4986 τοῖς
464 4925 750 4994 ὑπηκόοις,
779 4924 876 4977 νῦν
927 4924 983 4977 δὲ
1009 4927 1124 4986 τοῖς
1154 4923 1214 4989 ἐξ
1248 4925 1417 4978 ἐθνῶν
1450 4925 1766 4992 πρέσϐεσιν.

179 5015 434 5080 Ἐξεῖναί
463 5033 524 5084 γε
563 5017 670 5086 μὴν
704 5015 790 5068 ἐπ’
817 5015 1032 5084 ἐκείνης
1058 5017 1155 5082 τῆς
1185 5018 1426 5080 στάσεως
1455 5016 1639 5070 οὐδενὶ
1659 5017 1770 5068 τῶν

165 5106 447 5159 ἁπάντων
474 5107 552 5174 τῷ
591 5106 805 5176 βασιλεῖ
833 5105 1208 5168 συνίστασθαι,
1232 5105 1372 5174 πλὴν
1401 5108 1502 5176 τῆς
1532 5105 1769 5174 συζύγου

165 5201 277 5252 καὶ
313 5196 425 5249 τῶν
465 5198 626 5251 υἱέων
671 5199 764 5252 καὶ
817 5198 1062 5266 ἀδελφῶν
1087 5214 1102 5230 ο
1147 5198 1451 5269 προσθείην
1479 5198 1524 5250 δ’
1567 5199 1634 5252 ἂν
1676 5198 1771 5252 καὶ

162 5291 289 5344 τῶν
336 5289 752 5358 πατραδέλφων.
796 5290 957 5343 Ἀλλὰ
995 5288 1190 5343 τούτου
1231 5306 1295 5358 γε
1345 5290 1636 5360 ἱσταμένου
1674 5293 1769 5343 καὶ

160 5379 500 5454 ςθρυλοῦντος
546 5381 757 5435 ικεῑθεν
809 5377 892 5446 οἷς
948 5382 1117 5452 ἐχρῆν
1177 5379 1416 5452 ἀνῄεσαν
1447 5381 1561 5439 ,καὶ
1629 5399 1765 5434 συν-

1865 4554 2100 4606 maxime
2127 4553 2218 4607 ubi
2249 4553 2670 4622 imperatorium
2705 4559 2910 4613 solium
2937 4570 3023 4614 est
3047 4563 3448 4627 constitutum;

1866 4643 2126 4700 nimirum
2165 4655 2226 4698 ut
2255 4655 2309 4698 et
2332 4647 2388 4701 in
2415 4663 2484 4702 eo
2521 4648 2826 4718 imperator
2849 4652 3056 4721 aliquid
3094 4669 3206 4722 pra:
3234 4655 3454 4708 caneris

1865 4735 2124 4790 eximium
2181 4739 2398 4805 habeat,
2434 4742 2548 4796 sive
2592 4744 2647 4796 in
2694 4745 2869 4800 sacris
2916 4746 3230 4815 bymnodiis
3274 4756 3450 4805 stans.

1867 4827 1983 4883 sive
2045 4845 2194 4884 nunc
2252 4831 2512 4899 subditis,
2569 4850 2719 4890 nunc
2779 4845 3096 4890 exterarum
3162 4839 3450 4893 nationum

1868 4919 2063 4990 legatis
2093 4924 2436 4992 respondens
2465 4943 2480 4979 :
2509 4941 2612 4981 nec
2642 4927 2698 4980 in
2728 4928 2822 4982 illo
2853 4929 2975 4983 loco
3002 4930 3260 5000 cuiquam
3306 4948 3454 4986 mor-

1873 5015 2060 5067 talium
2087 5017 2258 5071 licere
2297 5019 2372 5072 illi
2414 5030 2615 5087 astare,
2645 5031 3013 5092 prmterquam
3054 5023 3234 5090 uxori,
3265 5025 3454 5078 liberis

1869 5116 1924 5161 et
1977 5107 2279 5178 fratribus;
2329 5113 2532 5181 quibus
2578 5124 2632 5168 et
2694 5115 2901 5184 patrui,
2947 5124 3008 5170 ut
3059 5116 3276 5187 opinor,
3327 5118 3484 5171 addi-

1870 5212 2119 5268 possunt.
2145 5203 2347 5257 Verum
2375 5205 2468 5259 illo
2512 5205 2585 5260 ibi
2633 5216 2812 5261 stante
2841 5218 2897 5262 et
2927 5223 3053 5262 cum
3083 5209 3286 5278 quibus
3316 5225 3457 5277 opus

1871 5302 1991 5344 erat
2047 5293 2436 5363 colloquente,
2505 5313 2614 5351 non
2679 5298 2844 5353 modo
2899 5301 3081 5354 omnis
3150 5301 3457 5359 nobilitatis

1875 5383 2244 5442 adolescentia
2276 5391 2470 5445 eodem
2517 5391 2854 5447 ascendebat
2896 5400 2951 5448 et
2980 5393 3059 5448 illi
3091 5393 3328 5456 astabat,
3359 5390 3456 5445 sed

1529 5521 1873 5590 Varioi‘um
1913 5536 2101 5591 notua.

253 5677 377 5747 (Si)
407 5675 777 5732 Cantacuzen.
812 5677 923 5732 lib.‘
941 5696 981 5743 ι,
1014 5693 1137 5747 cap.
1263 5678 1500 5736 DUCANG.

255 5748 376 5819 (’52)
416 5747 548 5800 Vide
614 5747 784 5803 Gloss.
843 5752 980 5807 med.
1013 5749 1228 5808 Gm'cil.
1277 5751 1417 5806 inv.
1464 5750 1765 5821 Πρόκυψις.
1812 5749 2048 5805 Ducam.
