3998 6210
1696 318 1729 343 \

396 479 500 544 737
538 536 545 543 κ
689 469 762 547 [ἱ.
802 491 857 546 μ.
899 474 1038 533 6859
1077 492 1183 533 uo.
1225 476 1282 547 91

1606 477 2027 542 NlCEPIlOliI
2068 480 2450 546 GREGOlltE

3527 471 3638 536 788

2760 477 2891 553 [ιιιρ.
2932 495 2975 533 ι.
3018 488 3253 531 ιιΑιιεοι..
3296 467 3353 544 1]

392 600 682 662 potestatis
711 609 927 671 tempus
956 605 1067 674 jam
1101 605 1314 670 adesse,
1346 620 1537 661 omnes
1568 607 1647 662 ire
1674 608 1727 661 in
1760 603 1964 662 formas

2076 587 2369 674 περιθεῖναι
2420 606 2481 658 τὸ
2521 605 2793 675 βασίλειον
2827 602 3035 672 κράτος
3067 596 3351 666 νομίσαντι
3398 591 3638 659 παντοίῳ

391 696 898 752 machinationibus
931 699 1121 761 variis,
1147 698 1294 754 sicut
1325 699 1555 755 Pharius
1587 701 1676 756 ille
1710 701 1962 765 Proteus,

391 789 700 843 constituit.
735 789 896 843 Modo
929 789 1097 862 igitur
1135 790 1581 847 Cautacuzenum
1628 791 1825 846 sedulo
1858 794 1965 846 cir-

390 878 635 933 cumibat
665 891 720 935 et
747 872 1100 946 adulabatur,
1132 883 1605 952 rompcllebatque
1634 884 1701 936 ad
1727 884 1966 938 induen-

390 971 522 1025 dum
582 973 779 1028 rubros
835 975 1072 1030 calceos.
1135 973 1349 1044 Quippe
1413 990 1527 1030 rem
1576 975 1719 1030 baud
1769 992 1967 1032 novam

392 1063 529 1125 fore,
564 1048 881 1134 postquam”
905 1068 1207 1135 imperator
1243 1066 1405 1121 toties
1438 1066 1816 1122 necessitatem
1860 1068 1966 1122 im-

395 1155 671 1222 posuisset
704 1156 879 1224 palam
911 1156 1175 1211 induendi
1212 1172 1536 1225 purpuram,
1567 1166 1622 1231 et
1652 1173 1758 1212 una
1789 1158 1967 1227 impe-

364 1248 577 1317 .randi,
611 1264 796 1303 secum
826 1250 1049 1319 quidem
1082 1250 1211 1305 dum
1259 1250 1469 1314 viveret
1497 1270 1511 1316 ;
1547 1252 1730 1307 statim
1780 1261 1967 1307 autem

310 1390 315 1407 τ
397 1340 491 1394 ubi
517 1356 548 1393 e
584 1339 721 1393 vivis
766 1338 1109 1404 excessisset,
1152 1355 1276 1394 cum
1321 1338 1537 1396 Joanne
1585 1339 1698 1396 filio
1737 1356 1839 1396 suo
1872 1355 1965 1397 eo-

380 1430 631 1500 ,dcmque
679 1430 888 1499 iuniori
938 1432 1313 1500 imperatore:
1347 1432 1662 1502 expediisse
1703 1433 1966 1487 nimirum

396 1517 530 1574 illud
590 1519 907 1586 dupliciter,
941 1535 1009 1574 ac
1061 1520 1233 1576 veteri
1283 1521 1632 1591 imperatoris
1681 1525 1969 1593 proposito

397 1611 867 1678 pernecessarium
905 1610 1113 1678 fuisse;
1144 1628 1255 1681 quo
1294 1614 1478 1679 simul,
1502 1629 1536 1667 o
1563 1612 1965 1680 Cautacuzene,

395 1710 451 1755 et
484 1701 559 1756 illi
594 1712 645 1756 te
680 1701 942 1770 collegam
1003 1703 1057 1756 in
1114 1719 1299 1757 rerum
1341 1704 1817 1760 administratione
1866 1706 1970 1760 ba-

396 1790 616 1856 berent,
661 1803 715 1847 cl.
762 1795 887 1848 vitae
933 1784 1046 1849 suae
1095 1794 1555 1864 potentissimum,
1600 1796 1966 1852 defensorem.

395 1882 509 1940 Nec
556 1884 702 1938 enim
764 1883 1094 1939 exstiturum
1146 1884 1406 1955 deinceps
1465 1901 1823 1957 quemquam,
1873 1887 1967 1956 qui

396 1973 628 2043 imperio
656 1973 970 2029 clanculum
1019 1973 1375 2033 insidiaturus
1403 1985 1570 2042 esset,
1604 1977 1649 2030 si
1699 1976 1744 2031 is
1786 1978 1970 2030 statim

400 2082 462 2122 ac
509 2064 686 2134 palam
728 2064 916 2120 socius
954 2065 1333 2130 asciscerctur,
1362 2052 1473 2137 iqui
1508 2083 1795 2125 successor
1825 2078 1975 2124 esset

400 2154 639 2211 futurus.

471 2245 561 2303 IV.
602 2246 667 2302 Et
701 2247 865 2302 modo
896 2248 1118 2318 quidem
1144 2250 1300 2319 (hac,
1328 2251 1492 2308 modo
1524 2252 1616 2309 illa
1655 2254 1972 2322 dictitabat;

397 2350 457 2393 et
498 2334 693 2394 eodem
742 2356 937 2396 rursus
987 2342 1396 2411 revolvebatur,
1443 2355 1501 2402 et
1555 2361 1623 2402 ex
1676 2348 1787 2403 alio
1834 2349 1976 2403 alius

403 2431 730 2487 exsistebat.
767 2431 907 2487 Tum
958 2433 1074 2502 ipse
1125 2434 1286 2489 simul
1339 2451 1464 2491 eum
1512 2438 1865 2511 imperatrice
1922 2439 1976 2494 in

401 2521 558 2576 illum
593 2537 691 2578 eos
720 2522 1008 2583 incitabat.
1033 2524 1124 2593 qui
1151 2540 1350 2595 genere
1396 2535 1451 2582 et
1498 2526 1735 2584 fortunas
1790 2529 1975 2600 splen-

402 2617 538 2672 dore
591 2615 933 2676 cminebant.
980 2616 1115 2672 illud
1162 2633 1418 2675 asserens
1457 2638 1472 2676 :
1507 2621 1561 2676 in
1616 2616 1738 2677 eam
1785 2620 1975 2679 curam

399 2706 845 2763 Cantacuzenum
886 2706 1046 2762 enixe
1099 2707 1444 2775 incumbere,
1476 2720 1556 2774 ut,
1594 2712 1757 2767 nobis
1799 2713 1996 2767 omni:

401 2797 509 2855 bus
541 2799 776 2854 crastina
820 2798 909 2854 die
945 2800 1367 2867 contrucidatis,
1396 2803 1787 2872 imperatorem
1822 2820 1883 2859 se
1924 2812 1981 2858 et

404 2909 590 2948 rerum
635 2893 918 2947 dominum
970 2895 1353 2950 constitueret.
1409 2896 1536 2953 Haec
1586 2912 1712 2951 cum
1767 2899 1982 2954 diceret

2064 699 2178 757 τοῖς
2236 696 2640 767 ἐπιχειρήμασι
2695 695 2837 749 κατὰ
2882 692 2979 745 τὸν
3035 688 3261 759 Πρωτέα
3307 685 3401 738 τὸν
3437 684 3643 751 Φὰριον

2068 788 2228 859 ὲπῄει
2266 790 2534 856 γίνεσθαι.
2583 788 2693 842 Καὶ
2721 785 2816 840 νῦν
2853 784 2958 855 μὲν
2990 779 3223 852 περιιὼν
3255 779 3349 831 καὶ⁴
3377 774 3640 829 θωπεύων

2066 881 2127 933 οὐ
2211 882 2355 949 μάλα
2431 880 2624 950 ἠμέλει
2696 875 3188 942 Καντακουζηνδν,
3251 868 3512 924 συνωθῶν
3570 866 3643 920 τὰ

2067 972 2275 1042 ἐρυθρὰ
2328 973 2442 1045 (65)
2495 968 2870 1040 ὑποδήσασθαι
2934 965 3298 1033 ύποδήματα’
3346 957 3482 1028 μηδὲ
3530 957 3641 1027 γὰρ

2067 1060 2211 1119 εἶναι
2260 1065 2435 1134 λέγων
2481 1064 2544 1118 τὸ
2588 1063 2777 1133 χρῆμα
2829 1058 3038 1123 καινὸν.
3086 1056 3332 1121 ἀνάγκην
3379 1049 3639 1109 πολλάκις

2067 1157 2456 1224 ἐπενεγκόντος
2510 1156 2605 1210 τοῦ
2662 1156 2927 1225 βασιλέως
2983 1150 3134 1221 (66),
3192 1146 3293 1217 τὴν
3349 1141 3634 1212 πορφύραν

2067 1247 2336 1318 λαμπρῶς
2380 1247 2649 1302 ὑποδύντα
2705 1242 3145 1317 συμϐασιλεύειν,
3189 1236 3342 1306 αύτῷ
3399 1235 3497 1303 μὲν
3543 1249 3635 1284 πε-

2034 1340 2237 1413 «ριόντι
2293 1339 2370 1409 τῷ
2421 1339 2542 1410 βίῳ.
2597 1339 2809 1393 ἐκείνου
2869 1336 2916 1391 δ’
2972 1333 3133 1393 εὐθὺς
3200 1327 3630 1393 ἁπαλλάξαντοε,

2081 1430 2302 1503 Ἰωάννῃ
2318 1431 2395 1501 τῷ
2422 1431 2523 1502 υἱῷ
2560 1431 2656 1484 καὶ
2685 1429 2795 1501 νέῳ
2827 1427 3060 1498 βασιλεῖ.
3094 1417 3252 1478 Εἶναι
3283 1421 3394 1489 γὰρ
3421 1414 3643 1471 διπλοῦν

2068 1523 2163 1577 καὶ
2198 1524 2404 1595 σφόδρα
2451 1525 2749 1592 ἀναγκαῖον
2780 1520 2860 1592 τῷ
2900 1520 2995 1572 τοῦ
3042 1514 3308 1588 βασιλέως
3342 1512 3406 1564 ὲκ
3445 1504 3647 1563 πολλοῦ

2071 1615 2259 1684 σκοπῷ
2291 1615 2350 1669 τὸ
2390 1616 2554 1669 καλόν
2577 1630 2597 1647 τ
2623 1616 2689 1670 ἶν’
2714 1615 2832 1687 ἅμα
2881 1615 2983 1683 μὲν
3012 1612 3197 1673 αὐτοῖς
3226 1603 3544 1662 ωνδιοικῶν
3569 1600 3647 1655 τὰ

2069 1705 2170 1774 τῆς
2216 1705 2492 1776 βασιλείας
2541 1707 2659 1777 είης
2701 1707 3026 1778 πράγματα,
3074 1703 3193 1773 ἅμα
3248 1699 3295 1752 δ’
3345 1697 3645 1763 ἐπίκουρος

2072 1799 2243 1865 γίνοῑο
2284 1800 2574 1868 κράτιστος
2616 1799 2715 1866 τῆς
2757 1798 2963 1852 τούτων
3016 1796 3183 1866 ζωῆς.
3216 1789 3371 1858 Μηδὲ
3418 1787 3528 1856 γὰρ
3564 1783 3653 1836 ἔτι

2072 1887 2351 1941 λείπεσθαι
2400 1889 2493 1942 τὸν
2538 1890 2713 1960 λάθρα
2740 1893 2807 1959 τῇ
2844 1888 3093 1959 βασιλεία
3136 1881 3516 1953 ἐφεδρεύοντα,
3544 1871 3650 1928 τοῦ

2073 1980 2451 2049 διαδεξομένου
2492 1979 2973 2057 παρομαρτοῦντος
3008 1981 3065 2043 ἐς
3099 1970 3380 2048 προῦπτον
3419 1966 3650 2024 αὐτίκα.

2147 2256 2218 2312 Δ’.
2251 2256 2365 2312 Καὶ
2404 2249 2475 2326 ἦν
2516 2251 2612 2307 νῦν
2647 2251 2747 2323 μὲν
2777 2247 2953 2305 ταῦτα
2980 2247 3176 2318 λέγων,
3216 2242 3314 2297 νῦν
3359 2242 3405 2296 δ’
3432 2240 3609 2294 ἐκεῖνα
3629 2253 3653 2271 ’

2077 2349 2172 2406 νῦν
2198 2349 2244 2404 δ’
2265 2346 2620 2417 ἀναστρέφων
2644 2345 2740 2398 καὶ
2764 2343 2859 2412 ἀφ’
2886 2341 3076 2410 ἑτέρου
3103 2336 3392 2407 γινόμενος
3422 2334 3608 2400 ἔτερος
3625 2348 3649 2365 σ

2076 2441 2171 2497 καὶ
2202 2440 2319 2507 ἅμα
2339 2440 2407 2509 τῇ
2441 2436 2673 2509 βασιλίδι
2703 2434 2827 2497 τοὺς
2852 2434 3001 2503 γένει
3024 2431 3120 2486 καὶ
3147 2428 3276 2503 δόξῃ
3308 2425 3651 2499 προῦχοντας

2079 2532 2203 2587 κατ’
2251 2529 2417 2584 αὐτοῦ
2453 2527 2761 2597 διεγείρων,
2790 2525 2887 2578 καὶ
2938 2521 3351 2593 ἰσχυριζόμενος
3396 2519 3534 2572 εἶναι
3569 2514 3659 2586 τῷ

2079 2618 2521 2689 Καντακουζηνῷ
2553 2617 2643 2673 διὰ
2672 2616 2905 2688 μελέτης
2939 2614 3144 2684 σφόδρα
3166 2606 3656 2676 κατεσπουδασμέ-

2080 2732 2200 2785 νης,
2232 2712 2392 2784 ἔργον
2455 2709 2809 2780 ποιησαμένῳ
2859 2706 3048 2775 ξίφους
3096 2708 3153 2767 ἐς
3203 2704 3302 2774 τὴν
3359 2699 3662 2769 ὑστεραίαν

2081 2807 2293 2868 πάντας
2340 2804 2507 2874 ἡμᾶς,
2536 2802 2729 2856 ἑαυτὸν
2783 2797 3167 2868 αὐτοκράτορα
3214 2790 3658 2864 καταστήσασθαι

2084 2898 2324 2969 βασιλέα.
2360 2894 2546 2950 Ταῦτα
2577 2894 2751 2962 λέγων
2798 2891 2891 2945 καὶ
2932 2886 3484 2954 κατασκευαζόμενος
3531 2884 3653 2937 ἀνὲο

2084 3008 2232 3045 σειπε
2268 2988 2362 3042 καὶ
2389 2987 2587 3048 αὐτοὺς
2627 2984 2692 3054 δὴ
2737 2984 2862 3047 τοὺς
2909 2981 3034 3036 καθ’
3079 2974 3221 3049 αἷμα
3253 2980 3427 3047 τούτῳ
3458 2975 3631 3046 προσή

2083 3101 2278 3145 κοντας
2308 3080 2428 3135 κατ’
2459 3077 2627 3132 αὐτοῦ
2649 3095 2664 3108 ’
2695 3077 2771 3140 ὡς
2798 3077 2892 3129 καὶ
2919 3074 3091 3143 αὐτὴν
3116 3074 3316 3126 Ἄνναν
3338 3072 3661 3124 πεισθεῖσιν

405 2984 830 3053 affirmauitque,
873 2999 968 3036 eos
1016 2986 1180 3039 etiam
1215 2990 1271 3040 in
1321 2988 1475 3042 illum
1507 2990 1826 3052 commovit,
1853 2991 1981 3059 qui-

405 3077 639 3129 buscum
683 3085 800 3130 erat
838 3076 914 3131 illi
949 3077 1224 3145 cognatio.
1253 3078 1517 3149 Adeoque
1547 3080 1599 3135 id
1642 3082 1981 3150 imperati-lci

408 3164 574 3235 579
613 3165 784 3221 Annae
828 3175 1200 3236 persuaserat,
1244 3178 1305 3224 ut
1349 3170 1416 3224 ad
1477 3171 1659 3226 mariti
1708 3173 1973 3228 tumulum

2082 3166 2181 3244 τὴν
2218 3171 2464 3240 βασιλίδα
2492 3169 2628 3240 μηδὲ
2652 3167 2748 3230 τὰς
2774 3166 2933 3220 ὲννέα
2964 3163 3265 3233 πενθίμους
3293 3162 3511 3231 ἡμέρας
3539 3161 3659 3227 (67)

407 3256 632 3325 plorans
679 3258 1060 3313 novendialem
1107 3259 1462 3315 luctum.non
1522 3262 1848 3327 absolverit,
1885 3265 1973 3320 sed

2089 3266 2238 3335 παρὰ
2274 3264 2367 3330 τὸν
2414 3263 2509 3316 τοῦ
2558 3261 2801 3329 συζύγου
2835 3258 3005 3328 τάφον
3049 3257 3248 3311 ἀνύσαι
3286 3255 3659 3323 δακρὼυσαν,

407 3358 535 3419 post
556 3350 802 3427 triduum
831 3351 1016 3407 statim
1047 3351 1103 3407 in
1133 3353 1399 3423 palatium
1431 3368 1491 3410 se
1525 3357 1816 3426 receperit.

2086 3359 2220 3414 ἀλλὰ
2277 3357 2417 3426 μετὰ
2486 3352 2682 3425 τρίτην
2737 3350 2900 3415 εὐθὺς
2965 3348 3195 3425 ἀνιέναι.
3237 3347 3375 3419 πρὸς
3430 3346 3496 3398 τὰ
3560 3346 3668 3413 βα-

1432 3458 1439 3471 ‘
2090 3452 2283 3508 σίλεια.

477 3532 544 3587 ν.
574 3531 653 3588 lbi
677 3530 916 3588 Joannes
961 3531 1297 3601 patriarcha,
1326 3532 1620 3611 suadente
1653 3535 1945 3605 Apocauco

2161 3543 2235 3595 E'.
2289 3539 2457 3594 Ἔνθα
2502 3540 2530 3593 ὀ
2584 3538 2930 3610 πατριάρχης
2982 3533 3096 3607 (68)
3167 3532 3442 3602 Ἰωάννης,
3500 3530 3667 3583 Ἀπο-

410 3627 646 3681 eductos
684 3626 810 3681 sinu
868 3625 1153 3681 codicillos
1193 3626 1464 3684 recitavit.
1497 3628 1699 3698 quibus
1734 3630 1786 3684 id
1816 3632 1973 3686 conti-

2090 3634 2282 3703 καύκῳ
2329 3630 2673 3699 πειθόμενος,
2705 3630 2915 3697 ἀνέγνω
2970 3628 3179 3698 βιϐλίον
3219 3627 3283 3680 ὲκ
3325 3625 3419 3678 τοῦ
3457 3624 3664 3678 κόλπου

412 3720 675 3784 uebatur,
715 3717 864 3789 quod
905 3727 962 3773 et
1019 3717 1346 3787 patriarcha:
1399 3718 1500 3788 ipsi
1532 3731 1588 3775 et
1633 3724 1973 3780 consortiqu

2089 3726 2291 3791 λαϐὼν,
2321 3725 2596 3792 συνθήκας
2636 3723 2912 3793 περιέχον,
2940 3721 3008 3786 ἃς
3050 3721 3080 3773 ό
3125 3718 3382 3790 βασιλεὺς
3424 3714 3571 3785 αὐτῷ
3596 3732 3666 3768 τε

413 3810 692 3878 cpiscOpis
723 3810 1043 3879 imperator,
1077 3809 1327 3880 conjugis
1358 3820 1415 3864 et
1462 3811 1761 3868 liberorum
1801 3831 1973 3871 causa

2095 3820 2408 3889 πατριάρχῃ
2436 3816 2530 3870 καὶ
2555 3816 2669 3879 τοῖς
2696 3816 2827 3884 περὶ
2860 3814 3027 3868 αὑτὸν
3060 3814 3125 3866 ὲκ
3154 3811 3354 3866 πολλοῦ
3388 3808 3669 3874 παρέθετο

361 3946 389 3973 ι
410 3900 741 3970 jampridem
779 3901 1176 3968 mandaverat;
1211 3908 1324 3955 tum
1349 3902 1557 3959 scilicet
1584 3919 1707 3958 cum
1738 3907 1789 3961 in
1821 3906 1937 3962 Tbe
1958 3930 1973 3958 ;-

2092 3912 2431 3975 ἐπισκόποις,
2470 3909 2599 3980 περί
2646 3925 2705 3962 τε
2763 3904 3001 3972 συζύγου
3061 3904 3159 3957 καὶ
3214 3901 3420 3955 παίδων
3464 3897 3661 3963 αὐτοῦ,

416 3994 613 4047 saliam
646 3992 930 4061 profectus
960 4001 1067 4055 est,
1110 4000 1173 4048 ut
1227 3992 1584 4064 Syrgiauuem
1627 3997 1772 4052 bello
1803 4015 1973 4068 persc-

2092 4007 2330 4076 ὁπηνίκα
2379 4001 2763 4075 μαχησόμενος
2802 3998 2973 4067 ἀπῄει
3025 3996 3106 4066 τῷ
3165 3994 3472 4064 Συργιάννῃ
3526 3991 3669 4059 1:95,;

416 4093 703 4149 queretur.
750 4082 846 4151 qui
892 4083 1133 4152 acceptis
1163 4098 1195 4137 a
1226 4081 1386 4138 Crale
1436 4087 1657 4142 auxiliis
1685 4089 1973 4145 Romanun

2094 4097 2413 4161 Θετταλίαν,
2442 4092 2709 4166 ἁρπάζειν
2740 4090 2843 4163 ήδη
2873 4088 3012 4160 μετὰ
3041 4088 3142 4158 τῆς
3171 4086 3266 4141 τοῦ
3291 4084 3481 4155 Κρὰλη
3514 4098 3673 4149 cup.-

423 4178 723 4248 imperium
755 4177 1014 4232 invadere
1039 4179 1148 4248 jam
1182 4179 1513 4235 instituerat.
1543 4181 1640 4236 [iis
1665 4182 1756 4238 ille
1793 4184 1973 4240 recita-

2099 4191 2294 4261 μαχίας
2367 4185 2734 4257 ἐπιχειροῦντι
2805 4182 2905 4252 τὴν
2965 4179 3262 4249 Ῥωμαίων
3346 4172 3670 4247 ἠγεμονίαν.

419 4267 566 4322 tisin
602 4266 864 4321 tutoriam
909 4279 1095 4322 rerum
1126 4267 1657 4327 administrationem
1693 4275 1973 4332 conabatu:

2097 4282 2285 4336 Ταῦτα
2314 4280 2491 4333 τοίνυν
2525 4275 2811 4343 διεξελθὼν
2845 4275 2927 4338 είς
2965 4272 3063 4343 τὴν
3107 4270 3218 4323 τῶν
3259 4268 3457 4326 κοινῶν
3490 4281 3671 4337 πραγ-

421 4376 482 4415 se
510 4360 814 4416 intrudere.
854 4360 1073 4418 Iustum
1128 4360 1275 4417 enim
1310 4362 1491 4418 aiebat
1534 4379 1656 4421 esse
1688 4367 1892 4437 alioqui
1933 4385 1973 4424 ai

2101 4374 2287 4444 μάτων
2309 4367 2669 4440 ὲπιτροπικὴν
2694 4365 2967 4434 διοίκησιν
3012 4361 3257 4429 είσάγειν
3299 4358 3491 4412 ἑαυτὸν
3518 4358 3673 4407 ὲπςι-

423 4465 682 4520 perquam
704 4451 1108 4527 necessarium,
1163 4450 1388 4525 perinde
1441 4452 1736 4509 Ecclesiam
1768 4456 1973 4526 imperil

2102 4467 2251 4534 ρᾶτο.
2276 4462 2495 4515 Δίκαιον
2538 4458 2649 4530 γὰρ
2697 4457 2938 4527 ἔφασκεν
2993 4451 3137 4508 εἶναι
3185 4454 3279 4504 καὶ
3324 4449 3527 4520 σφόδρα
3562 4445 3675 4498 τῶν

421 4551 589 4611 atque
616 4539 852 4597 animam
889 4541 1105 4611 corpori
1134 4556 1255 4597 esse
1284 4543 1631 4615 conjunctam
1656 4564 1670 4601 :
1695 4556 1973 4620 utrumqm

2102 4553 2412 4623 ἀναγκαίων
2441 4548 2636 4612 ἄλλως,
2665 4546 2920 4617 καθάπερ
2950 4543 3165 4615 σώματι
3193 4541 3395 4612 ψυχὴν,
3418 4539 3561 4592 οὕτω
3597 4538 3674 4607 τῇ

421 4636 570 4690 enim
606 4635 714 4690 boc
744 4649 855 4690 uno
889 4643 1036 4693 stare
1072 4644 1129 4691 et
1156 4635 1357 4707 vigere.
1394 4655 1412 4688 ι
1441 4636 1576 4691 Cum
1606 4652 1738 4693 vero
1760 4650 1817 4696 et
1846 4619 1973 4697 codi-

2099 4619 2346 4717 βασιλείᾳ
2385 4641 2484 4712 τὴν
2518 4636 2848 4707 Ἐκκλησίαν
2873 4633 3169 4705 συνῆφθαι.
3210 4634 3358 4686 Μίαν
3386 4629 3498 4698 γὰρ
3523 4624 3680 4680 εἶναι

421 4728 535 4783 cilli
565 4736 787 4785 exstent
822 4727 1174 4798 imperatoris
1198 4742 1362 4783 manu
1395 4730 1609 4799 scripti,
1642 4731 1734 4800 qui
1769 4743 1825 4788 et
1864 4749 1967 4789 con

2100 4739 2360 4789 σύστασιν
2419 4733 2516 4786 καὶ
2565 4730 2710 4800 ζωὴν
2755 4727 3088 4799 ἀμφοτέρων
3136 4725 3312 4778 τουτί.
3346 4741 3366 4774 ι
3417 4720 3572 4775 Ἐπεὶ
3613 4718 3679 4771 δὲ

419 4822 565 4891 jngis
613 4832 671 4877 et
701 4821 1003 4877 liberorum
1036 4821 1270 4876 salutem
1304 4820 1437 4875 mibi
1472 4820 1617 4876 baud
1644 4822 1810 4878 dubie
1852 4840 1972 4880 com

2099 4832 2192 4883 καὶ
2217 4830 2375 4882 ταυτὶ
2406 4825 2476 4879 τὰ
2503 4822 2598 4877 τοῦ
2629 4820 2896 4894 βασιλέως
2926 4818 3231 4888 γράμματα
3258 4817 3359 4885 τὴν
3386 4811 3675 4883 σωτηρίαν

423 4915 671 4977 mittunt,
699 4912 833 4981 quid
871 4912 990 4983 (ait)
1030 4911 1276 4981 iniquius
1325 4927 1490 4981 quam
1536 4914 1785 4969 socordia
1814 4925 1973 4971 nostr;

2098 4919 2224 4988 ἐμοὶ
2246 4917 2346 4986 τῆς
2382 4931 2441 4969 τε
2471 4912 2709 4978 συζύγου
2756 4910 2850 4963 καὶ
2888 4908 3000 4961 τῶν
3038 4908 3201 4959 υίέων
3253 4904 3441 4972 σαφῶς
3481 4899 3677 4956 ἀνατί-

428 5008 679 5061 mandata
714 5006 807 5061 illa
864 5004 1087 5077 negligi,
1125 5020 1188 5060 ac
1242 5005 1557 5061 volentibus
1597 5007 1973 5081 quodammodi

2098 5012 2249 5080 θησι,
2273 5006 2378 5062 ποῦ
2402 5008 2610 5061 δίκαιον
2664 5002 2874 5078 (φησὶν)
2926 5003 3151 5055 ἐκείνων
3206 5003 3351 5071 ἡμᾶς
3394 4999 3678 5071 “up”-

425 5097 588 5153 nobis
622 5097 822 5152 fluctus
847 5097 1108 5153 Romana:
1142 5098 1223 5153 rei
1255 5097 1610 5167 superiuduci
1645 5099 1952 5169 inopinatos

2105 5101 2458 5171 ουμήσαντας
2476 5097 2745 5167 ἀμελῆσαι
2766 5095 2874 5148 τῶν
2898 5093 3204 5166 συνθηκῶν,
3223 5096 3311 5146 καὶ
3339 5092 3539 5146 οὑτωσί
3555 5107 3679 5151 πως

422 5189 617 5257 quales
654 5197 816 5244 etate
849 5189 1124 5260 superiori
1157 5190 1381 5246 excitati
1433 5201 1583 5254 sunt,
1630 5191 1871 5257 Arsenii,
1900 5211 1971 5265 qu

2105 5194 2329 5255 ἑκόντας
2358 5190 2442 5263 [Ρ.
2465 5189 2594 5262 559]
2632 5188 3014 5259 συγχωρῆσαι,
3057 5186 3333 5250 κλύδωνας
3391 5184 3681 5257 ἀτεκμάρ-

1774 5329 2108 5397 Variorum
2143 5343 2329 5398 notae.

496 5480 783 5554 (65)Ῑ‹1ειιι
816 5488 1002 5535 narrat
1032 5479 1330 5535 Cautacuz.
1361 5477 1458 5534 lib.
1491 5493 1554 5543 ιι,
1578 5493 1701 5547 cap.
1746 5479 1837 5546 40,
1878 5497 2001 5554 pag.

590 5480 783 5541 iidem
816 5488 1002 5535 narrat
1032 5479 1330 5535 Cautacuz.
1361 5477 1458 5534 lib.
1491 5493 1554 5543 ιι,
1578 5493 1701 5547 cap.
1746 5479 1837 5546 40,
1878 5497 2001 5554 pag.
2102 5495 2315 5556 perstes
2348 5483 2495 5539 domi
2536 5498 2596 5538 se
2626 5480 2968 5545 continebat,
2994 5488 3047 5531 ut
3086 5487 3171 5531 est
3198 5478 3342 5546 apud
3375 5476 3679 5558 Collinum,

587 5553 822 5606 Ducam.
2100 5556 2178 5606 [)e
2205 5554 2346 5606 Ofﬁc.
2380 5569 2499 5606 can.
2527 5553 2620 5606 2|.
2647 5569 2703 5606 ιι.
2743 5553 2798 5606 4.
2832 5550 2966 5606 Vide
2999 5547 3168 5604 Gloss.
3204 5549 3341 5604 med.
3376 5551 3589 5603 brwcit.
3621 5566 3679 5605 in

423 5556 549 5611 5⁸57.
587 5556 822 5606 Ducaac.

2100 5547 2178 5609 De
2205 5554 2346 5625 Ofﬁc.
2380 5569 2499 5621 cap.
2527 5553 2620 5617 2|,
2647 5569 2703 5607 ιι.
2743 5553 2798 5607 4.
2832 5550 2966 5606 Vide
2999 5547 3168 5604 Gloss.
3204 5549 3341 5604 med.
3376 5550 3589 5603 (ἐπειδὴ.
3621 5553 3680 5605 in

499 5622 614 5690 (66)
664 5621 964 5676 Cautacuz.
1017 5618 1157 5673 Hist.
1212 5618 1306 5673 lib.
1357 5634 1420 5683 ιι,
1447 5633 1570 5687 cap.
1606 5618 1639 5674 9
1676 5628 1733 5673 et
1761 5619 1998 5675 H.130t-
2102 5618 2361 5698 'Eyyttsa.
2404 5618 2637 5678 Ducasc.
3182 5688 3210 5698 Δ
3490 5688 3500 5698 ,

428 5688 603 5769 ηεξ,
647 5760 680 5769 ,,
1094 5759 1144 5769 __
1223 5757 1233 5769 ,
1279 5757 1318 5769 Μ
1417 5758 1427 5769 ,
1513 5761 1524 5769 _
1614 5760 1624 5769 _
1809 5758 1831 5769 _
1910 5761 1920 5769 ι
1977 5763 1987 5769 _
2171 5696 2282 5766 (68)
2321 5695 2708 5769 Ca_utacuzen._
2750 5690 2848 5745 lib.
2902 5706 2980 5755 ιιι,
3016 5704 3139 5769 cap.
3272 5697 3330 5741 ut
3365 5688 3682 5769 patriarcha

499 5761 612 5823 (tm
641 5760 1007 5815 Cautacuzca.
1038 5775 1049 5811 :
1094 5757 1246 5812 Msa-it
1275 5757 1329 5810 δὲ
1379 5758 1475 5827 τὴν
1510 5760 1736 5821 ἐνάτην
1767 5758 1873 5810 τῶν
1906 5761 1973 5812 ἐπ

2096 5757 2282 5821 rerum
2337 5762 2881 5819 administrationem
2923 5757 3219 5814 ambiverit
3274 5758 3461 5813 multis
3510 5772 3681 5812 enar-

374 5816 382 5831 “
426 5816 539 5891 τοῖς
570 5830 979 5895 τετελευτηκόσι
1028 5826 1276 5896 συνήθως
1336 5816 1645 5895 γενομένων
1691 5816 1949 5895 ’ἱλασμῶν
1978 5846 1991 5859 ·
2095 5816 2470 5892 ᾗ-ᾇίίῧυολινς,

430 5901 632 5972 quibus
667 5898 889 5968 quidem
941 5912 1137 5968 novem
1197 5897 1396 5954 diebus
1437 5913 1506 5955 ex
1537 5897 1862 5968 conjugibus
1903 5915 1996 5954 su-
