3998 6210
262 441 363 502 797
651 437 734 512 [Α.
767 455 815 497 c.
859 442 1020 516 13H]

1265 455 1706 522 BYZANTINAS
1747 465 2130 531 lIlSTORIZE
2169 473 2313 534 LIB.
2357 473 2494 535 XII.

2604 467 2739 540 [tum
2779 465 3102 527 ιβωιδιοι..
3144 469 3220 542 1]ι

3393 475 3510 540 798

260 569 355 605 σαν
388 553 495 606 τῶν
527 555 756 618 πόλεων,
798 558 872 622 ὡς
907 561 1043 614 οῐκοι
1095 563 1325 629 καθίσας
1357 569 1383 619 δ
1429 571 1819 643 Καντακουζηο

1935 581 2128 638 tissimi
2160 585 2422 648 aderant,
2456 585 2737 641 sedentem
2773 584 2917 639 domi
2950 572 3384 640 Cantacuzenum
3431 586 3504 643 ab

257 646 343 706 νδις
365 645 582 698 πάντων
630 652 974 718 πραγμάτων
1010 654 1298 725 ἀπέσχετο,
1338 662 1506 716 πολὺς
1559 666 1827 733 άνήπτετο

257 735 478 799 θόρυϐος
514 738 659 790 κατά
683 755 739 790 τε
785 743 1126 813 πατριάρχου
1160 749 1255 800 καὶ
1308 749 1656 804 Ἀποκαύκου
1684 794 1700 816 ,
1733 755 1827 806 καὶ

256 825 464 914 εἵ-τινές
491 845 592 880 που
618 830 724 882 τῶν
755 833 812 883 ἐν
837 835 977 888 τέλει
1012 838 1122 906 (78)
1156 841 1341 910 σφίσιν
1368 839 1479 896 εἶεν
1508 831 1825 914 όμόφρονες.

262 910 412 967 Εἶναι
455 917 565 983 γάρ
602 919 710 974 τῶν
765 918 1071 992 ἀμηχάνων
1132 929 1390 997 ἔφασκον,
1443 910 1681 1000 ἀφέντας
1735 937 1828 986 τὸν

259 1007 612 1080 πλουτοδότην
653 1014 745 1066 καὶ
784 1017 966 1069 κοινὸν
1002 1023 1209 1089 τροφέα
1236 1024 1709 1094 Καντακουζηνὸν.
1736 1029 1829 1080 καὶ

263 1106 672 1174 συστρατιώτην
721 1109 923 1175 μᾶλλον
953 1111 985 1180 ἢ
1019 1116 1344 1183 στρατηγὸν,
1395 1117 1490 1170 καὶ
1537 1118 1835 1171 συνταλαι-

263 1196 463 1271 πινρεῖν
495 1195 674 1250 εἰδότα
697 1199 839 1253 κατά
871 1219 929 1254 τε
961 1203 1061 1267 τὰς
1092 1205 1394 1276 ὑπαίθρους
1421 1208 1515 1262 καὶ
1543 1211 1831 1280 χειμερίας

261 1289 681 1353 στρατοπεδείας
711 1292 924 1354 αὑτοῖς.
959 1295 1190 1350 ἔπεσθαι
1231 1302 1538 1369 μεμηνόσιν
1580 1303 1828 1373 ἀνδράσι,

261 1375 353 1466 καὶ
387 1377 492 1428 ὑπὸ
526 1379 726 1444 φθόνου
760 1384 856 1434 καὶ
884 1383 1185 1453 βασκανίας
1229 1391 1590 1461 διεφθορόσιν,
1623 1395 1656 1466 ἢ
1693 1396 1833 1464 μάλ-

258 1464 344 1517 λον
394 1468 634 1535 ἀμαθέσι
687 1475 888 1536 παντὸς
943 1476 1176 1542 ἀγαθοῦ,
1225 1479 1398 1532 ὁπόσα
1452 1464 1654 1543 πόλεις
1687 1477 1830 1534 οἶδεν

257 1557 506 1625 ὠφελεῖν,
537 1563 629 1614 καὶ
672 1563 860 1631 φοϐεῖν
889 1565 1141 1636 ἐχθροὺς,
1177 1571 1270 1622 καὶ
1317 1569 1618 1640 βασιλικοῖς
1646 1574 1829 1626 ἐπίδος

259 1663 339 1699 σιν
377 1649 582 1704 διδόναι
610 1654 956 1724 πράγμασιν.
988 1657 1154 1711 Ὥστε
1188 1660 1283 1713 καὶ
1313 1660 1409 1714 τοῦ
1455 1662 1601 1716 θείου
1633 1681 1826 1733 προτεο

259 1737 440 1803 θέντος
473 1743 806 1810 Εὑαγγελίου
854 1750 997 1801 κατὰ
1039 1749 1100 1801 τὸ
1143 1750 1313 1804 πάλαι
1357 1755 1642 1822 κρατῆσαν
1688 1755 1826 1821 ἔθος,

259 1829 392 1898 ὑπὲρ
422 1833 724 1901 ἀσφαλείας
750 1837 844 1889 καὶ
876 1839 1113 1902 πίστεως
1139 1841 1360 1905 ὀμνύειν
1389 1843 1498 1896 τῶν
1537 1845 1826 1914 βασιλέων,

1929 694 2112 731 rerum
2139 677 2612 732 administratione
2639 693 2860 746 prorsus
2884 694 2942 733 se
2976 678 3274 741 abstinere,
3301 681 3502 734 tumul-

1929 779 2017 823 tus
2044 771 2236 840 ingens
2261 771 2525 824 adversus
2555 780 2610 825 et
2642 771 3008 838 patriarcham
3035 781 3090 825 et
3114 772 3457 840 Apocaucutn
3484 812 3500 836 ,

1929 870 1983 916 et
2009 863 2054 915 si
2096 863 2186 929 qui
2211 877 2276 917 ex
2304 861 2535 918 ducibus
2583 863 2828 917 consiliis
2853 877 3044 916 eorum
3076 862 3319 917 faverent
3347 904 3362 928 ,
3411 879 3504 918 ac-

1927 953 2204 1007 cenditur.
2231 953 2511 1021 Negabant
2545 953 2689 1007 enim
2726 952 2843 1006 fieri
2875 968 3054 1020 posse,
3086 963 3145 1006 ut
3172 954 3502 1006 (Iantacuze-

1929 1059 2060 1098 num
2089 1029 2308 1112 quidem
2343 1045 2822 1108 obliviscerentur,
2856 1044 3029 1098 virum
3070 1044 3503 1100 beneficentissi-

1927 1150 2102 1194 mum,
2137 1144 2483 1189 communem
2525 1136 2752 1188 altorem
2801 1145 2858 1190 et
2907 1146 3208 1204 parentem.
3245 1153 3348 1190 nec
3392 1147 3499 1191 tam

1927 1223 2123 1278 ducem
2168 1239 2329 1292 quam
2373 1225 2802 1279 commilitonem
2834 1241 3017 1289 suum,
3048 1226 3140 1294 qui
3181 1242 3364 1281 secum
3400 1228 3502 1281 sub

1928 1314 2018 1369 dio
2043 1315 2330 1384 mediaque
2359 1315 2541 1370 hieme
2569 1317 2793 1372 bellicos
2838 1317 3058 1372 labores
3089 1319 3321 1373 tolerare
3363 1319 3501 1372 didi'

1930 1408 2115 1469 cisset,
2149 1408 2401 1462 homines
2428 1419 2609 1464 autem
2627 1420 2994 1479 sequerentur
3020 1410 3274 1474 furiosos,
3300 1412 3500 1465 invidia

1930 1507 1980 1552 et
2027 1499 2264 1552 obscuro
2308 1498 2432 1552 odio
2490 1499 2976 1564 contabescentes;
3032 1499 3280 1554 homines
3323 1502 3503 1555 omnis

1929 1590 2058 1645 boni
2097 1591 2334 1658 ignaros,
2372 1589 2513 1656 qttod
2538 1599 2632 1644 aut
2662 1590 2890 1644 urbibus
2915 1591 3174 1659 prodesse
3201 1631 3215 1655 ,
3274 1600 3367 1644 aut
3399 1591 3501 1643 ho-

1931 1687 2053 1735 stes‘
2069 1691 2276 1735 terrere
2301 1723 2314 1745 ,
2345 1691 2434 1734 aut
2480 1697 2567 1734 res
2607 1682 2982 1751 imperatorias
3012 1691 3192 1751 posset
3219 1683 3280 1736 in
3327 1683 3502 1751 majus

1931 1769 2256 1838 provehere.
2293 1769 2528 1823 Admoto
2561 1770 2766 1838 itaque,
2799 1771 2940 1825 sicut
2972 1771 3143 1826 veteri
3165 1787 3315 1825 more
3350 1788 3501 1826 ret-e-

1932 1866 2083 1925 ptmn
2121 1865 2224 1920 est,
2256 1857 2444 1911 divino
2475 1858 2792 1926 Evangelio.
2826 1873 2924 1926 per
2959 1857 3101 1926 quod
3130 1859 3379 1928 jurarent
3409 1857 3504 1910 de-

261 1921 407 1973 αὑτοὶ
441 1923 536 1974 καὶ
558 1923 649 1976 τοῦ
675 1924 773 1995 τῆς
805 1927 1082 1997 βασιλείας
1113 1934 1409 2001 ἐπιτρόπου
1437 1937 1826 2007 Καντακουζηο

1935 1947 2184 2002 fensuros
2203 1964 2261 2003 se
2290 1949 2678 2017 imperatorum
2699 1949 2866 2002 vitam
2899 1957 2953 2002 et
2979 1948 3137 2002 fidem
3161 1959 3498 2013 servaturos,

258 2015 342 2066 νοῦ
375 2019 778 2085 προσετίθεσαν
811 2022 1071 2095 τοῦνομα.
1111 2025 1242 2082 Ὅτε
1283 2029 1347 2100 δὴ
1379 2033 1472 2084 καὶ
1524 2031 1828 2099 ἀντιλέγειν

259 2105 621 2175 ἐπιχειροῦντι
675 2110 763 2180 [Ρ.
818 2113 944 2185 564]
991 2117 1068 2185 τῷ
1130 2118 1458 2191 ’Δποκαὺκῳ
1511 2123 1826 2194 ἐπεπήδησέ

259 2211 336 2256 τις
361 2197 628 2266 ἐξαπίνης
651 2199 904 2275 ξιφήρης,
937 2208 1116 2262 ἐκεῖνο
1140 2211 1200 2264 τὸ
1239 2211 1534 2282 Ὁμηρικὸν
1562 2215 1824 2276 ἐπειπὼν.

259 2283 392 2374 didici
417 2307 502 2344 τοι
527 2286 666 2362 αἷμα
697 2295 943 2352 κελαινὸν
975 2300 1088 2371 (79)
1122 2304 1356 2373 ἐρωήσει
1390 2306 1516 2374 περὶ
1540 2307 1602 2360 τὸ
1648 2307 1823 2374 ξίφος.

258 2369 320 2445 ᾯ
348 2379 407 2449 δὴ
433 2382 531 2433 καὶ
577 2383 764 2439 πολλοὶ
800 2388 909 2441 τῶν
939 2369 1296 2460 στρατιωτῶν
1340 2369 1826 2466 συμφρονήσαντες

261 2469 484 2538 θορύϐου
526 2473 724 2530 πολλοῦ
757 2480 850 2532 καὶ
900 2480 1031 2550 βοῆς
1074 2485 1380 2556 ἐνέπλησαν
1422 2487 1491 2540 τὰ
1525 2488 1774 2556 βασίλεια
1805 2503 1820 2519 ·

259 2559 324 2616 ὡς
354 2561 628 2628 περιδεεῖς
663 2569 988 2638 γενομένους
1037 2573 1278 2637 ἐκείνους
1310 2575 1446 2644 ὁμοῦ
1490 2579 1556 2646 τῇ
1591 2577 1824 2646 βασιλίδι

259 2649 506 2718 οἰκτροὺς
556 2654 742 2720 ίκέτας
782 2661 1036 2726 γενέσθαι
1096 2665 1575 2735 Καντακουζηνοῦ.
1613 2669 1710 2730 ’ος
1759 2686 1822 2735 γε

261 2743 344 2793 ἀἱ
373 2745 543 2813 μηδὲν
581 2747 682 2815 τῆς
723 2751 873 2817 σφῶν
906 2753 1370 2824 ὑπολογισάμενος
1402 2760 1825 2824 κακογνωμοσλ

259 2851 346 2904 νης
374 2839 455 2900 εἰς
479 2838 644 2907 μέσον
672 2837 807 2912 ἦκεν
836 2845 1016 2910 εὐθὺς,
1042 2849 1136 2901 καὶ
1161 2849 1297 2918 ὁμοῦ
1329 2849 1406 2926 τῷ
1434 2849 1666 2920 ὀφθῆναι
1688 2850 1824 2918 πρὸς

261 2929 497 3000 γαλήνην
523 2932 720 3003 ἐχώρει
751 2934 819 2988 τά
857 2936 950 2990 τοῦ
983 2937 1214 3010 θορὺὃου
1268 2942 1360 2994 καὶ
1391 2941 1655 3006 κλύδωνος
1686 2945 1825 2994 ἐκεί-

263 3037 344 3074 ν‹.υ
369 3021 612 3088 κύματα,
648 3025 742 3077 καὶ
781 3027 860 3089 είς
893 3028 1076 3082 εὐδίαν
1104 3031 1131 3082 ὁ
1157 3032 1252 3084 τοῦ
1307 3033 1576 3104 χειμῶνος
1615 3035 1822 3088 ἐκείνου

262 3115 452 3180 γνόφος
510 3118 918 3185 μετωχετεύετο
947 3133 962 3148 ο
998 3121 1092 3172 καὶ
1140 3122 1360 3187 ἀνοίξας
1407 3122 1468 3176 τὸ
1514 3123 1690 3193 στόμα
1723 3125 1822 3177 αὑ-

258 3203 340 3254 τοῦ
385 3205 570 3258 τοιάδε
614 3209 706 3260 ἐπὶ
753 3208 851 3277 τῆς
893 3209 1188 3281 βασιλίδος,
1225 3215 1322 3267 καὶ
1349 3215 1464 3268 ὅσοι
1518 3217 1774 3285 παρῆσαν
1802 3256 1818 3277 ,

258 3296 550 3365 ἐφθέγξατο
572 3314 589 3330 ·
1402 3345 1406 3349 .

321 3388 389 3443 B'.
431 3409 450 3441 ι
495 3391 568 3442 Τὸ
599 3390 700 3460 μὲν
733 3393 1099 3464 ἀνθρωπίνοις
1141 3395 1565 3468 ἀπροσδοκήτως
1608 3397 1824 3466 ἀνθρὼ-

260 3498 380 3544 πους
407 3483 571 3544 ὄντας
598 3488 908 3555 συμφοραῖς
939 3487 1314 3556 ἐντυγχάνειν,
1341 3490 1434 3541 καὶ
1475 3490 1607 3560 πρὶν
1635 3490 1668 3561 ἢ
1702 3489 1823 3558 βου-

260 3572 544 3628 λεύσασθαι
577 3578 673 3630 καὶ
719 3579 947 3648 πρᾶξαι,
1000 3581 1233 3649 πάσχειν
1283 3597 1337 3633 τι
1366 3582 1473 3634 τῶν
1502 3583 1712 3646 δεινῶν,
1763 3583 1824 3634 οὑ

261 3669 492 3739 τοσούτῳ
539 3671 710 3740 φαίην
768 3671 836 3725 ἂν
889 3672 998 3737 ἐγὼ
1025 3674 1134 3726 τῶν
1187 3674 1506 3742 πασχόντων
1554 3674 1664 3743 ὅσῳ
1717 3673 1826 3726 τῶν

261 3761 506 3828 ὁρώντων
534 3765 802 3834 ὑπάρχειν
853 3764 1200 3835 τοῦγκλημα.
1255 3767 1329 3819 Τὸ
1379 3765 1427 3818 δ’
1449 3765 1631 3827 ἄλλοις
1660 3766 1822 3835 ὀρύσ-

262 3871 440 3918 σοντας
477 3857 671 3926 βόθρον
700 3859 895 3920 αὐτοὺς
919 3861 1001 3922 είς
1057 3861 1268 3914 ἐκεῖνον
1313 3858 1616 3928 προτέρους
1665 3857 1829 3925 ἐμπίο

266 3965 426 4014 πτειν,
473 3949 960 4020 άναμφισὸήτητόν
998 3953 1114 4004 ἐστι
1145 3952 1252 4004 τῶν
1289 3951 1600 4004 πιπτόντων
1649 3951 1828 4018 ἀμάρ-

258 4059 418 4107 τημσ..
470 4043 560 4103 Ὠς
592 4043 836 4109 γίνεσθαι
865 4045 978 4106 τοῖς
1020 4043 1119 4110 μὲν
1155 4044 1444 4113 προτέροις
1481 4041 1544 4094 τὸ
1570 4042 1739 4101 πάθος
1764 4043 1825 4094 οὑ

264 4133 401 4199 μάλα
435 4133 770 4202 συγγνώμης
803 4110 1362 4202 μακρᾶςιὺπερόριον·
1393 4110 1506 4196 ⁸ίὲοῖς
1528 4132 1584 4184 δέ
1619 4149 1680 4199 γε
1713 4132 1830 4185 δευ-

261 4225 431 4292 τέροις
484 4224 818 4294 συγγνώμης
853 4241 912 4278 τε
965 4226 1146 4295 πάσης
1195 4225 1271 4288 ὡς
1319 4225 1660 4296 πορρωτάτω
1708 4224 1829 4277 λίαν

261 4317 513 4386 ἐρῤίφθαι
546 4319 892 4387 συμὸαίνειν,
943 4323 1038 4372 καὶ
1069 4317 1186 4386 ἅμα
1213 4318 1313 4388 τὴν
1367 4319 1433 4370 ἐκ
1487 4318 1597 4370 τῶν
1647 4318 1830 4385 νόμιον

262 4413 569 4479 περιφανῶς
605 4410 933 4478 ἐφέλκεσθαι
973 4411 1312 4480 ἐπιτίμησιν.
1353 4411 1544 4480 Ὅμως
1589 4409 1726 4462 Θεοῦ
1756 4411 1831 4460 δι-

262 4501 419 4562 καίως
449 4502 869 4560 ἐπιστατοῦντος
895 4505 1008 4564 τοῖς
1041 4505 1356 4573 πράγμασι,
1389 4503 1484 4556 καὶ
1519 4503 1830 4569 κατάλληλα

1933 2039 2193 2093 addidere
2237 2040 2290 2092 hi
2315 2050 2366 2094 et
2396 2039 2762 2094 Cantacuzeni
2793 2055 2991 2094 nomen
3012 2078 3028 2103 ,
3066 2039 3275 2108 imperii
3305 2055 3502 2109 procu-

1933 2131 2152 2198 ratoris.
2183 2130 2430 2201 Cumque
2480 2133 2547 2186 ad
2595 2131 3084 2187 contradicendum
3117 2132 3502 2202 aggrederetur

1932 2222 2276 2291 Apocaueus,
2305 2224 2356 2276 iu
2385 2239 2510 2277 eum
2536 2225 2718 2278 statim
2752 2223 2972 2292 quidam
2993 2224 3151 2278 irruit
3175 2225 3364 2280 stricto
3389 2226 3502 2294 gla-

1932 2315 2044 2379 dio,
2077 2327 2126 2370 et
2150 2315 2280 2369 illud
2323 2315 2670 2370 llomericum
2697 2315 2896 2384 adjecit
2922 2353 2938 2378 ,

2109 2408 2324 2460 obscuro
2348 2408 2548 2476 ferrum
2588 2408 2684 2460 hoc
2703 2407 2826 2474 jam
2856 2407 3114 2475 sanguine
3141 2408 3325 2474 tinges.

1931 2496 2029 2552 Cui
2060 2497 2279 2566 quidem
2310 2497 2542 2552 militum
2591 2498 2748 2551 multi
2793 2497 3001 2552 assensi
3038 2513 3235 2567 magno
3267 2497 3500 2550 tumultu

1930 2599 1985 2645 et
2015 2590 2255 2644 clamore
2292 2590 2471 2643 aulam
2505 2591 2873 2659 impleverunt
2905 2605 2919 2641 :
2954 2588 3026 2644 ita
3081 2602 3140 2645 ιιι
3179 2591 3418 2659 Augusta
3448 2595 3504 2640 et

1931 2681 2006 2735 illi
2040 2683 2131 2750 qui
2159 2697 2283 2736 cum
2311 2697 2372 2736 ea
2391 2690 2569 2747 erant,
2601 2693 2746 2735 metu
2780 2681 3097 2748 exanimati,
3122 2683 3504 2735 Cantaeuzeno

1932 2772 2095 2843 587
2125 2773 2519 2827 miserabiliter
2543 2773 2936 2842 supplicarent.
2969 2773 3039 2828 At
3073 2774 3138 2836 is,
3172 2771 3504 2827 malevolen-

1933 2867 2020 2918 tiae
2049 2864 2264 2918 illorum
2297 2863 2444 2918 nulla
2493 2864 2681 2918 habita
2722 2865 2956 2929 ratione,
2989 2864 3043 2918 in
3089 2863 3325 2918 medium
3355 2861 3504 2916 illico

1933 2955 2155 3019 prodiit.
2186 2955 2356 3025 Cujus
2386 2956 2574 3010 vultus
2618 2956 2779 3010 simul
2816 2967 2877 3010 ut
2917 2955 3141 3020 allulsit,
3167 2971 3234 3010 ex
3262 2954 3504 3009 tumultu

1933 3044 2379 3114 tempestatisque
2405 3045 2552 3099 illius
2591 3043 2850 3098 ﬂuctibus
2907 3044 3274 3114 tranquillitas
3317 3042 3501 3108 rediit,

1931 3143 1984 3186 et
2021 3134 2171 3187 illius
2203 3133 2444 3189 turbinis
2495 3135 2670 3206 caligo
2722 3136 2776 3188 in
2811 3137 3162 3191 serenitatem
3210 3149 3364 3188 versa
3398 3141 3501 3188 est.

1931 3223 2070 3278 Tum
2103 3224 2195 3279 ille
2238 3240 2302 3279 os
2351 3226 2602 3294 aperuit,
2631 3227 2960 3294 atqueapud
2994 3225 3420 3294 imperatricem.
3450 3234 3505 3278 et

1927 3331 2023 3372 eos
2043 3317 2136 3382 qui
2167 3325 2282 3370 tum
2320 3319 2572 3381 aderant,
2608 3317 2750 3372 hanc
2775 3319 3078 3372 orationem
3112 3317 3314 3371 habuit.
3345 3331 3361 3368 :

1998 3410 2062 3462 ll.
2109 3427 2126 3458 ι
2177 3407 2333 3475 Quod
2361 3417 2556 3475 praeter
2582 3409 2894 3476 Opinionem
2927 3407 3244 3461 humanitus
3285 3405 3500 3460 accidat

1925 3501 2131 3570 aliquid
2176 3501 2244 3554 iis
2287 3500 2380 3568 qui
2416 3498 2668 3554 homines
2696 3509 2843 3563 sunt,
2874 3507 2928 3552 et
2953 3497 3230 3565 patiantur
3265 3497 3302 3550 ii
3355 3497 3501 3565 inju-

1926 3594 2086 3652 riam.
2119 3593 2212 3661 qui
2245 3607 2348 3647 nec
2382 3590 2634 3646 meditati
2667 3597 2798 3666 sunt
2829 3589 3012 3657 primi,
3043 3602 3144 3642 nec
3169 3587 3500 3650 intulerunt,

1928 3683 1979 3736 id
2005 3682 2226 3752 quidem
2257 3697 2358 3751 ego
2397 3697 2505 3735 non
2559 3689 2664 3733 tam
2715 3679 2781 3733 iis
2829 3680 2939 3748 qui“
2964 3677 3303 3739 alliciuntur,
3335 3693 3499 3745 quam

1930 3775 1995 3829 iis
2009 3775 2102 3843 qui
2133 3771 2630 3838 alIiciunt,crimini
2656 3769 2896 3824 dandum
2926 3783 3046 3823 esse
3071 3767 3346 3822 existimo.
3369 3767 3502 3820 Cum
3583 3795 3586 3798 ~

1930 3876 2115 3921 autem
2142 3865 2196 3919 in
2235 3863 2447 3918 foveam
2466 3862 2626 3931 primi
2652 3861 2932 3924 labuntur,
2960 3859 3055 3929 qui
3076 3859 3199 3912 aliis
3223 3855 3502 3917 foderunt,

1929 3973 2122 4011 eorum
2180 3955 2474 4011 manifesta
2524 3961 2610 4008 est
2642 3953 2800 4020 culpa
2826 3949 2947 4019 \qui
2993 3949 3257 4002 labuntur
3289 3948 3412 4002 :-ita
3448 3955 3507 3998 ut
3580 3953 3592 3963 ’

1933 4051 2036 4103 illis
2060 4047 2282 4118 quidem
2331 4061 2465 4100 suus
2498 4059 2654 4100 casus
2701 4059 2811 4098 non
2860 4044 3022 4111 longe
3075 4042 3219 4095 absit
3247 4055 3278 4095 a
3310 4038 3502 4100 venia;

1932 4142 1985 4194 hi
2020 4156 2151 4195 vero
2204 4139 2272 4193 ab
2326 4137 2478 4193 omni
2529 4137 2689 4191 venia
2719 4150 2884 4205 quam
2930 4135 3250 4203 longissime
3285 4132 3503 4194 cadant,

1929 4244 1986 4288 et
2007 4217 2269 4303 legitimis
2303 4229 2480 4300 pmnis
2510 4244 2568 4284 se
2596 4229 2745 4298 ipsos
2769 4224 3065 4280 manifesto
3093 4224 3360 4294 obligent.
3396 4223 3501 4277 Sed

1931 4341 2056 4379 rum
2093 4323 2279 4378 omnia
2312 4322 2456 4376 Deus
2501 4321 2647 4388 juste
2693 4319 3034 4382 moderetur,
3065 4325 3122 4369 et
3153 4319 3312 4386 aegris
3345 4315 3508 4368 rebus

1930 4413 2316 4469 convenientia
2373 4412 2636 4466 adhibeat
2690 4410 2974 4474 remedia,
3029 4416 3245 4478 Oportet
3300 4415 3357 4462 et
3410 4422 3508 4460 uos

1932 4523 2172 4576 quoque,
2227 4506 2378 4559 illum
2435 4505 2698 4568 imitatos,
2749 4519 2858 4558 non
2899 4503 3086 4557 fovere
3143 4501 3328 4555 animo
3368 4502 3504 4554 iram

262 4594 362 4654 τοῖς
388 4597 658 4664 νοσήμασι
690 4594 798 4646 τῶν
827 4595 1167 4664 πραγμάτων
1197 4595 1263 4648 τά
1293 4595 1393 4662 τῆς
1419 4595 1657 4664 ἰατρείας
1691 4596 1825 4646 ἐπά-

1937 4599 1990 4651 in
2037 4611 2133 4652 eos
2165 4595 2258 4664 qui
2312 4594 2650 4662 deliquerint
2684 4593 3107 4662 sempiternam;
3138 4592 3232 4645 sed
3278 4591 3329 4644 in
3387 4591 3508 4644 vitae

262 4699 440 4749 γοντα
473 4688 764 4755 φάρμακα,
799 4686 978 4756 χρεὼν
1008 4689 1100 4740 καὶ
1129 4687 1276 4754 ἡμᾶς
1307 4688 1488 4739 ἐκεῖσε
1521 4689 1620 4755 τὴν
1657 4693 1831 4754 μίμη-

265 4791 344 4826 σιν
377 4779 850 4848 παραπέμποντας
891 4779 991 4829 οὑκ
1026 4777 1296 4831 ἀθάνατον
1332 4779 1476 4831 κατά
1503 4779 1608 4831 τῶν
1649 4779 1829 4846 ἁμαρ·

266 4869 531 4921 τανύντων
580 4871 640 4922 τὸ
673 4871 772 4940 τῆς
823 4872 1051 4940 γνώμης
1091 4872 1376 4942 διατηρεῖν
1425 4872 1783 4946 ὀργιζόμενον
1813 4886 1826 4900 ’

264 4958 370 5011 ἀλλ’
410 4961 902 5029 ἀναλογιζομένους
953 4962 1014 5016 τὸ
1062 4965 1161 5033 τῆς
1210 4963 1561 5033 ἀνθρωπίνης
1612 4964 1829 5030 φύσεως

263 5052 448 5120 θνητὸν
477 5054 674 5123 θνητὴν
707 5056 980 5108 ποιεῖσθαι
1012 5055 1110 5108 καὶ
1155 5055 1256 5124 τὴν
1284 5055 1424 5124 πρὸς
1479 5055 1676 5116 αὐτοὺς
1706 5058 1828 5106 ἐπι.

263 5143 498 5212 τίμησιν.
535 5144 744 5205 Ἀλλως
780 5162 838 5197 τε
865 5146 1014 5198 καὶὸ
1054 5145 1145 5198 τὸν
1195 5145 1568 5197 ὑποπίπτοντα
1588 5144 1834 5207 κολάζειν

265 5233 462 5286 ἐθέλων
485 5237 582 5289 οὑκ
612 5237 842 5299 ἐκεῖνον,
878 5236 993 5289 ἀλλ’
1041 5236 1232 5289 ἑαυτὸν
1259 5236 1458 5299 ἀδικεῖ,
1487 5237 1586 5305 τῆς
1611 5237 1708 5290 ἀνθ
1721 5253 1827 5304 ρω-

265 5324 418 5392 πίνης
450 5326 764 5394 περιφανῶς
789 5327 1073 5389 ἀσθενείας
1099 5330 1590 5396 κατεπαιρόμενος.
1632 5329 1829 5391 Ὀξεῖαι

1931 4691 2180 4741 humanae
2213 4687 2497 4740 mortalem
2531 4683 2908 4738 conditionem
2959 4683 3261 4743 intuentes,
3318 4693 3507 4746 poenas

1927 4781 1996 4833 ab
2046 4779 2362 4832 hominibus
2407 4786 2664 4846 expetere
2713 4774 2857 4828 haud
2893 4772 3252 4826 immortales.
3285 4769 3504 4837 Alioqui

1929 4873 1980 4924 in
2025 4871 2360 4926 submissum
2390 4869 2830 4923 animadvertere
2871 4867 2964 4936 qui
3002 4864 3154 4926 velit,
3205 4877 3313 4916 non
3350 4862 3500 4914 illum

1925 4959 2126 5014 alficiat
2172 4958 2396 5026 injuria,
2435 4957 2528 5011 sed
2573 4965 2746 5010 semet
2779 4955 2980 5023 ipsum,
3018 4950 3276 5003 humana:
3307 4946 3504 5001 videli-

1925 5059 2013 5106 cet
2051 5049 2320 5122 fragilitati
2363 5049 2538 5118 palam
2567 5046 2854 5102 insultans.
2903 5043 2981 5097 Ac
3027 5041 3324 5109 repentinae
3361 5038 3508 5092 exsi-

1916 5149 2083 5194 stunt
2113 5154 2296 5193 rerum
2349 5136 2776 5199 vicissitudines,
2829 5148 2950 5202 quae
2983 5131 3149 5201 588
3187 5129 3503 5183 felicitatem

1928 5234 1996 5288 ab
2046 5233 2168 5286 aliis
2189 5231 2254 5285 ad
2284 5231 2422 5284 alios
2455 5229 2713 5283 facillime
2747 5228 3106 5286 transferunt,
3147 5219 3502 5285 timendsque

1926 5323 2184 5376 omnibus
2215 5329 2300 5376 est
2340 5336 2482 5375 eteca
2512 5304 2775 5386 temporis
2823 5315 3158 5369 volubilitas.
3201 5311 3314 5377 Ego
3354 5315 3503 5358 cvt'tc

263 5411 304 5463 δ’
334 5418 471 5466 εἰσὶν
502 5420 596 5469 καὶ
622 5419 680 5470 al
716 5423 816 5487 τῆς
860 5418 1034 5488 τύχης
1073 5419 1394 5488 μεταϐολαὶ,
1431 5418 1522 5470 καὶ
1571 5419 1743 5487 ῥᾷστα
1771 5416 1826 5468 τὸ

1930 5417 1998 5469 ita
2029 5430 2245 5484 semper
2288 5413 2421 5467 ntihi
2474 5410 2576 5481 ipsi
2625 5420 2840 5470 consto,
2881 5418 2941 5461 ut
2969 5404 3204 5460 similem
3239 5415 3323 5454 me
3354 5416 3506 5451 t-aum

265 5503 515 5574 εἱὸιεμον
559 5509 618 5572 ἐξ
651 5509 826 5562 ἄλλων
874 5512 954 5574 είς
986 5511 1179 5574 ἄλλους
1229 5511 1544 5580 ἀμείῦουσι·
1579 5512 1670 5559 καὶ
1720 5509 1822 5576 χρὴ

1931 5521 2206 5572 censeam,
2255 5504 2349 5576 qui
2403 5503 2547 5558 felici
2598 5502 2783 5556 indole
2841 5497 3079 5566 assurgit
3133 5503 3188 5548 et
3239 5504 3506 5563 procerus

1521 5691 1527 5696 .
1617 5647 1951 5705 \‘ariorum
1983 5649 2172 5704 notm.

335 5790 444 5865 (1'8)
481 5790 647 5865 _V_erti,
697 5801 746 5847 et
793 5795 836 5848 si
871 5796 960 5865 qui
1010 5811 1074 5847 ei:
1121 5791 1355 5844 ducibus.
1387 5791 1565 5845 Malim
1600 5806 1659 5842 ex
1701 5789 2018 5857 proceribus,
2049 5789 2130 5843 vel
2163 5804 2224 5842 ex.
2258 5787 2668 5858 magistratibus.
2702 5787 2911 5842 Bozvtn.

337 5862 443 5926 (79)
488 5860 708 5924 Homer.
740 5860 892 5919 lliad.
932 5882 973 5930 t,
1000 5866 1122 5920 :05.
1156 5865 1364 5916 Butvta.
1429 5943 1434 5947 ι

2821 6023 2835 6066 ί
