3998 6210
406 215 537 279 τοι
716 208 792 264 ιλ.
829 224 883 263 ιι.
927 205 1067 263 δεμ)
1109 218 1215 260 me.
1255 198 1311 273 91
1382 206 1389 207 ί

1632 190 2053 269 Nmsmoni
2094 188 2478 269 onseonle

3585 200 3689 267 illi

2836 198 2948 271 [ηερ
3015 217 3057 255 ι.
3095 212 3352 259 νιι.]εοι..τ
3370 200 3444 271 1.]

425 314 872 395 capros-iacias;
917 340 1007 384 ne.
1053 336 1111 378 ut
1143 324 1364 393 opinor,
1397 332 1580 377 vetera
1616 323 1780 377 simul
1827 333 1884 378 et
1912 340 1993 378 re.

2127 342 2192 376 ναι
2232 324 2522 392 Ῥωμαίων
2558 323 2775 376 ἃπασαν
2806 320 2961 375 πόλιν
3004 323 3097 374 καὶ
3147 322 3358 395 χώραν,
3414 322 3505 374 και
3561 327 3697 372 αντα

426 415 611 470 ceutia
640 416 820 484 gentis
849 413 1048 468 delicta
1089 414 1361 483 impunita
1389 423 1600 469 essent.
1650 414 1841 483 quue
1871 429 2001 483 per-

428 507 658 562 missum
675 517 764 563 est
781 505 906 560 talia
924 520 1021 574 per
1032 504 1212 559 scelus
1223 504 1493 574 obrepere
1509 505 1776 560 malorum
1797 508 2004 561 instru-

2054 415 2063 425 ’
2104 415 2205 484 τῆς
2235 414 2329 467 τοῦ
2358 412 2497 466 Θεοῦ
2526 414 2849 483 Ἐκκλησίας
2879 415 3212 484 συγχυθῆναι
3267 414 3337 466 τά
3377 416 3700 483 πράγματα,

2105 505 2175 556 δι’
2202 503 2408 558 ἔκτισιν
2439 498 2600 573 οἶμαι
2628 504 3002 573 παλαιοτέρων
3032 506 3148 573 ἅμα
3177 504 3268 557 καὶ
3297 505 3578 573 νεωτέρων
3603 518 3636 556 τ
3662 500 3703 555 i5

429 606 613 652 menta
648 606 704 652 et
750 611 969 660 causas,
1013 595 1167 650 nullo
1197 594 1306 649 alio
1335 595 1464 665 jure
1488 610 1655 665 quam
1700 596 2006 650 ambitione

2127 598 2300 662 ξένους
2346 594 2783 665 ἁμαρτημάτων.
2844 596 2955 649 Καὶ
3007 595 3097 649 διὰ
3122 592 3282 648 τοῦτο
3341 592 3701 664 συνεχωρήθη

426 697 488 745 et
512 704 647 744 vana
684 688 876 755 gloria.
913 685 1019 741 Sed
1070 700 1170 756 age
1214 685 1344 740 illuc
1379 684 1694 750 redeamus,
1728 685 1876 740 unde
1903 701 2007 740 no-

432 787 545 834 stra
579 776 801 834 deﬂexit
827 776 1027 833 oratio.

2014 1033 2043 1043 κ

506 1088 595 1144 lll.
631 1089 795 1155 Cum,
826 1096 888 1144 ut
915 1087 1048 1155 dixi,
1075 1086 1491 1144 Cantacuzcnus
1516 1088 1866 1159 intelligeret.
1900 1103 2010 1143 non

435 1183 694 1239 desinere
742 1181 1096 1252 Apocaueum
1138 1180 1295 1234 dolos
1323 1188 1377 1234 et
1407 1178 1638 1234 insidias
1670 1190 1886 1234 struere
1912 1180 2011 1234 ad-

439 1289 634 1327 versus
663 1287 742 1339 se,
780 1280 837 1325 et
868 1270 1299 1325 l'u'nestissimam
1348 1270 1787 1341 coniurationem
1821 1271 1874 1325 in
1922 1286 2013 1326 ca-

436 1371 538 1433 put
581 1377 739 1416 suum
768 1361 1058 1431 postpaulo
1087 1368 1410 1431 erupturam
1445 1360 1796 1431 praevideret,
1840 1363 2014 1433 impe-

437 1452 692 1507 ratrieem
716 1459 773 1505 et
800 1451 1166 1521 patriareham
1199 1452 1455 1521 privatim
1485 1454 1769 1522 convenit,
1794 1465 1851 1510 et
1873 1455 2017 1510 hanc

435 1543 585 1613 apud
619 1559 715 1599 eos
745 1544 1051 1598 orationem
1091 1544 1326 1600 habuit:

512 1634 599 1690 lV.
639 1653 659 1685 ι
701 1634 1063 1689 Profanorum
1092 1635 1549 1705 philosophorum
1577 1639 2018 1707 pratstautissimi

2108 687 2337 740 τοιαῦτα
2381 685 2869 757 παρεισφθαρῆναι
2895 687 3092 749 κακίας
3120 688 3331 757 δργανα
3354 689 3448 740 καὶ
3475 687 3698 757 προφά-

2111 792 2248 845 σειςς
2304 777 2473 850 πλὴν
2505 779 2797 851 φιλαρχίας
2843 779 2941 834 καὶ
2999 779 3162 850 δόξης
3234 779 3471 849 ματαάς
3547 774 3701 830 ob?“

2113 872 2346 943 ἐχούσας
2374 873 2437 926 τὸ
2460 871 2704 941 εῦλογον.
2742 872 2887 927 Ἀλλ’
2915 874 2974 937 ἐς
2999 873 3061 926 τὸ
3096 871 3367 942 πρότερον
3433 861 3576 939 ῖχνος
3602 868 3692 921 τοῦ

2112 965 2272 1035 λόγου
2304 967 2436 1037 φέρε
2462 966 2899 1038 ἀνακάμψωμεν.
3302 970 3306 974 ’

2202 1057 2557 1128 Γ.Συνορῶν
2580 1059 2711 1129 γὰρ,
2741 1058 2821 1123 ὡς
2868 1059 3103 1131 ἔφημεν,
3147 1059 3176 1112 δ
3226 1055 3695 1127 Καντακουζηνδς,

2116 1151 2199 1206 ὅτι
2224 1151 2577 1215 συσκευάζων
2603 1148 2762 1215 αὖθις
2789 1150 3133 1215 Ἀπόκαυκος
3162 1151 3222 1204 οὐ
3256 1149 3489 1205 παύεται
3516 1149 3697 1212 δόλους

2118 1245 2214 1299 καὶ
2244 1244 2433 1315 ἔνεδρα
2464 1244 2800 1322 κατ’βὺτοῦ,
2826 1246 2919 1297 καὶ
2943 1243 3045 1297 οὐκ
3065 1245 3144 1306 είς
3176 1239 3395 1316 μακρὰν
3415 1241 3701 1313 ῆρεμήσας

2119 1324 2416 1409 ἐπιϐουλὴν
2434 1337 2766 1408 ἐκραγείσαν
2799 1338 2990 1408 ὄψεται
3023 1336 3185 1405 φόνου
3212 1334 3419 1405 μεστὴν
3445 1332 3588 1388 κατά
3604 1330 3702 1401 τῆς

2121 1424 2323 1481 ἑαυτοῦ
2372 1427 2639 1497 κεφαλῆς,
2688 1428 2795 1501 ἰδίᾳ
2823 1427 3161 1496 παραλαϐὼν
3201 1428 3319 1498 ἅμα
3345 1423 3577 1497 βασιλίδι
3612 1425 3704 1478 τὸν

2117 1523 2471 1594 πατριάρχην
2523 1524 2704 1578 τοιάδε
2758 1524 2939 1595 φησί·

2192 1616 2268 1673 Δ’.
2308 1635 2327 1669 ι
2364 1617 2486 1670 Τῶν
2515 1616 2621 1685 ἔξω
2670 1616 2849 1687 σοφῶν
2878 1616 2988 1689 (82)
3022 1617 3072 1672 οί
3107 1617 3457 1687 χαριέστεροι
3510 1615 3708 1669 τάναν-

441 1725 606 1797 592
642 1726 918 1780 contraria
944 1724 1137 1781 eodem
1192 1735 1441 1796 tempore
1469 1729 1650 1783 eidem
1684 1730 1765 1785 rei
1817 1729 2021 1801 negant

2127 1708 2213 1762 τία
2256 1709 2398 1763 κατά
2423 1707 2515 1762 τὸν
2572 1710 2736 1763 αὑτὸν
2790 1710 2983 1780 χρόνον
3030 1712 3089 1764 ὲν
3115 1710 3194 1781 τῷ
3259 1709 3409 1779 αὐτῷ
3448 1708 3705 1777 γενέσθαι

444 1818 625 1872 inesse
657 1832 835 1886 posse.
869 1816 1023 1883 Quod
1056 1834 1179 1872 cum
1213 1818 1287 1872 ita
1321 1814 1548 1886 sit,non
1580 1821 1742 1877 video
1769 1839 2018 1893 quianam

440 1926 473 1964 a
507 1925 592 1964 me
621 1898 796 1980 possit
826 1910 1079 1964 machina
1123 1910 1399 1975 adhiberi,
1447 1929 1555 1982 qua
1591 1913 1808 1969 duabus
1857 1916 2023 1970 rebus

442 2004 622 2073 iisque
653 2003 887 2058 maxime
918 2003 1212 2059 contrariis
1237 2003 1413 2059 divisa
1446 2006 1765 2063 cautissime
1811 2010 2019 2078 possim

440 2093 670 2164 exsequi
699 2109 767 2149 ea
799 2110 921 2165 qua:
951 2083 1200 2150 decrevi.
1246 2096 1382 2151 Nam
1422 2106 1480 2152 et
1516 2099 1615 2153 toti
1663 2100 1896 2170 publica:
1945 2102 2020 2156 rei

444 2201 614 2240 unum
672 2202 760 2242 me
813 2187 1147 2256 prospicere,
1198 2194 1255 2242 et
1304 2188 1374 2242 de
1427 2190 1706 2255 omnibus,
1751 2193 1845 2262 qui
1897 2195 2026 2249 huic

447 2279 681 2349 imperio
710 2280 946 2350 subjecti
984 2289 1133 2345 sunt,
1167 2282 1461 2337 sollicitum
1494 2299 1636 2350 esse,
1658 2301 1724 2341 ne
1765 2287 1898 2356 quid
1930 2288 2026 2342 de-

447 2372 697 2427 trimenti
731 2381 940 2432 temere
982 2374 1050 2427 ab
1081 2373 1333 2431 hostibus
1369 2376 1661 2446 accipiant,
1704 2378 1759 2433 id
1802 2382 2023 2450 quidem

445 2479 640 2520 omnes
668 2464 836 2518 trahit
871 2464 938 2538 ad
991 2479 1049 2519 se
1082 2466 1252 2520 animi
1292 2483 1515 2529 nervos.
1562 2484 1755 2525 omnes
1788 2471 1969 2525 vindie
2009 2482 2029 2525 t

446 2557 807 2626 cogitationes
846 2567 904 2611 et
929 2572 1113 2612 curas.
1161 2561 1231 2613 At
1262 2574 1358 2614 eos
1392 2560 1541 2630 ipsos
1568 2562 1692 2617 vita:
1724 2578 1859 2618 meae
1894 2564 2029 2619 insi-

369 2668 373 2677 υ
447 2648 608 2710 diari,
640 2648 843 2717 quibus
888 2648 1139 2713 consulo,
1195 2647 1249 2704 id
1292 2664 1426 2706 vero
1476 2653 1862 2721 gravissimum
1901 2670 2027 2710 cum

450 2739 543 2804 sit,
595 2740 740 2811 cogit
774 2754 859 2794 me
889 2739 1039 2794 omni
1077 2740 1179 2795 alia
1213 2754 1346 2796 cura
1382 2772 1385 2773 ν
1420 2742 1627 2814 abjecta
1689 2748 1782 2801 uni
1840 2750 2026 2817 provi-

451 2830 583 2884 dere
630 2830 792 2885 saluti
831 2844 986 2896 meae,
1037 2839 1096 2884 et
1147 2846 1375 2902 quoque
1431 2834 1598 2888 modo
1645 2850 1839 2903 parare
1894 2838 2028 2891 mihi

452 2922 825 2976 securitatem.
877 2921 1006 2993 Ejus
1040 2932 1222 2977 autem
1268 2922 1345 2976 rei
1368 2925 1810 2981 emendationem
1843 2930 2032 2982 ambo-

454 3014 561 3067 bus
601 3012 755 3067 vobis
809 3012 1131 3066 incumbere
1176 3013 1490 3082 Oportebat,
1540 3016 1587 3070 si
1638 3031 1760 3086 qua:
1809 3032 2025 3087 aequum
2053 3048 2099 3110 ρ

453 3114 574 3157 erat
601 3118 672 3158 ea-
697 3103 881 3170 facere
914 3103 1260 3169 voluissetis;
1303 3106 1484 3172 vobis,
1523 3107 1770 3176 inquam,
1802 3109 1867 3162 ad
1893 3126 2030 3178 quos

453 3210 520 3250 ea
561 3194 742 3249 omnis
779 3209 910 3250 cura
963 3204 1194 3265 spectat.
1228 3211 1462 3266 quorum
1494 3211 1657 3252 omne
1697 3189 1940 3254 studium
1975 3202 2030 3256 in

456 3300 523 3337 eo
545 3285 671 3355 poni
690 3285 869 3347 debet,
901 3294 958 3340 nt
975 3286 1272 3342 advertatis
1292 3302 1355 3343 ac
1373 3288 1681 3357 praecidatis
1702 3291 1957 3360 quidquid
1980 3294 2031 3347 in

463 3377 763 3445 imperium
809 3377 972 3433 simul
1004 3387 1061 3433 et
1087 3377 1386 3434 Ecclesiam
1420 3381 1753 3434 succreverit
1778 3383 2039 3451 germinis

457 3470 606 3533 ntali,
640 3485 748 3539 quo
777 3471 832 3523 in
865 3471 985 3523 dies
1012 3479 1339 3540 augescente
1365 3472 1644 3541 corrumpi
1678 3473 1849 3542 possit
1872 3484 2035 3545 atque

456 3561 683 3615 omnino
708 3562 879 3617 deleri
921 3561 1210 3631 utriusque
1239 3564 1531 3631 petestntis
1579 3565 1770 3619 robur.
1820 3567 1887 3619 At
1918 3582 2034 3630 vos,

455 3671 580 3709 eum
639 3653 911 3724 improbis
972 3653 1290 3708 hominibus
1341 3655 1480 3709 clam
1531 3665 1588 3711 et
1643 3657 1839 3712 crebro
1868 3658 2036 3713 collo-

454 3754 710 3817 quentes,
769 3760 1078 3813 eorumque
1122 3745 1332 3800 insanis
1385 3746 1595 3802 inducti
1654 3749 2033 3813 suasionibus,

456 3839 525 3893 iis
551 3838 695 3892 ultro
729 3836 1131 3900 assimilamini,
1170 3837 1263 3906 qui
1300 3836 1525 3893 sinistra
1576 3854 1738 3894 manu
1783 3840 2027 3895 dextram

455 3938 747 3998 amputare
765 3925 1042 3981 studeant.
1074 3927 1190 3982 Jam
1225 3942 1377 3991 vero,
1408 3929 1453 3984 εἰ
1481 3931 1717 3984 animam
1745 3926 1904 3985 ‘.mihi
1939 3933 2033 3986 uni

455 4020 672 4090 eripere
701 4019 905 4073 vellent
940 4019 1290 4074 insidiatores
1325 4018 1456 4087 mei,
1500 4036 1606 4076 nec
1656 4037 1851 4077 eorum
1887 4023 2037 4079 inso-

451 4115 788 4168 lentissimus
824 4113 1038 4183 gladius
1082 4128 1180 4182 per
1222 4114 1428 4168 amicos
1455 4129 1668 4179 omnes,
1689 4132 1787 4187 per
1816 4133 2033 4173 omnem

451 4204 679 4272 stirpem
709 4213 855 4258 esset
888 4216 1245 4272 pervasurus,
1291 4203 1567 4273 quiessem
1621 4219 1723 4276 ego
1779 4206 2033 4275 fortasse,

450 4294 682 4348 fortasse
717 4292 884 4348 etiam
929 4308 1037 4348 non
1083 4294 1380 4363 quiessem.
1406 4292 1565 4365 593
1600 4295 1730 4351 Mihi
1759 4298 1904 4353 enim
1934 4316 2036 4355 nec

2124 1803 2471 1873 ὑποκειμένῳ
2501 1804 2610 1857 τῶν
2635 1803 2936 1874 ἀμηχάνων
2959 1799 3288 1873 εῖναίφασι.
3318 1803 3521 1856 Τούτου
3552 1800 3602 1856 δ’
3614 1802 3712 1855 οῦ-

2124 1913 2230 1958 τως
2260 1895 2501 1964 ἔχοντος,
2534 1895 2633 1966 ούχ
2669 1895 2781 1967 δρῶ
2819 1897 2905 1960 τίς
2934 1896 3000 1950 ἂν
3028 1897 3155 1966 ἐμοὶ
3176 1884 3386 1965 γένοιτο
3411 1897 3646 1967 μηχανὴ,

2127 1984 2464 2056 μεριζομένη
2490 1986 2625 2057 πρὸς
2658 1986 2752 2040 δύο
2784 1986 3197 2041 τάναντιώτατα
3222 1986 3516 2058 παρέχοιτο
3575 1987 3713 2057 δρᾷν

2125 2076 2382 2144 ἀσφαλῶς
2418 2076 2455 2132 ἀ
2494 2080 2975 2150 προκεχείρισμαι.
3006 2076 3087 2136 To
3111 2082 3212 2150 μὲν
3240 2084 3349 2154 γάρ
3372 2085 3481 2137 τῶν
3509 2081 3711 2137 κοινῶν

2127 2170 2831 2243 προνοεῖσθαιιπραγμάτων
2860 2156 3117 2229 ἁπάντων
3146 2174 3245 2229 ἕνα
3273 2193 3341 2246 με
3367 2176 3500 2230 δντα
3520 2176 3710 2235 αὐτὸν.

2127 2261 2224 2312 καὶ
2264 2263 2480 2314 πάντων
2504 2263 2884 2333 ἐπιμελεῖσθαι
2907 2265 3019 2320 τῶν
3066 2266 3409 2321 ὑπεικόντων
3435 2271 3501 2338 τῇ
3553 2267 3714 2337 βασι-

2128 2350 2247 2422 λείᾳ
2269 2352 2576 2422 ἀνθρώπων
2619 2356 2694 2426 μὴ
2726 2356 2928 2428 ῥᾳδίως
2961 2359 3068 2414 ὑπὸ
3096 2359 3207 2412 τῶν
3260 2360 3533 2431 πολεμίων
3580 2362 3718 2431 βλά-

2129 2444 2384 2511 πτεσθαι,
2410 2447 2593 2499 πᾶσαν
2612 2448 2764 2502 ἕλκει
2789 2454 2925 2522 πρὸς
2950 2454 3108 2508 ἑαυτὸ
3126 2455 3388 2520 διάνοιαν,
3407 2459 3503 2512 καὶ
3528 2458 3714 2510 πᾶσαν

2131 2534 2405 2606 λογισμῶν
2432 2538 2730 2594 ὑποτάττει
2767 2544 3045 2610 φροντίδα·
3092 2546 3155 2600 τὸ
3179 2547 3225 2600 δ’
3242 2549 3428 2610 αὐτοῖς
3454 2547 3714 2611 ἐκείνοις,

2130 2627 2208 2684 ὧν
2246 2633 2644 2702 προνενόημαι,
2699 2634 3008 2700 ἐπιϐούλοις
3062 2639 3367 2708 κεχρῆσθαι
3412 2639 3554 2694 κατά
3608 2640 3717 2710 τῆς

2132 2727 2373 2796 ἐμαυτοῦ
2404 2727 2574 2803 ζωῆς,
2628 2728 2787 2784 τοῦτο
2817 2728 2874 2783 δὲ
2923 2729 3280 2802 παγχάλεπον
3310 2730 3370 2785 ὃν
3414 2732 3716 2801 ἀναγκάζει

2134 2820 2354 2872 πάντων
2384 2820 2702 2875 ἀποστάντα
2743 2839 2813 2892 με
2843 2823 2952 2876 τῶν
2974 2823 3152 2879 ἀλλων
3180 2826 3476 2895 φροντίδων
3537 2815 3717 2897 μόνης

2131 2911 2229 2980 τῆς
2282 2912 2522 2981 ἐμαυτοῦ
2572 2912 2719 2983 ζωῆς
2772 2916 3139 2984 προνοεῖσθαι,
3207 2920 3303 2972 καὶ
3358 2919 3457 2988 τὴν
3500 2919 3714 2972 οίκείαν

2133 3003 2434 3072 ἀσφάλειαν
2457 3005 2723 3070 ἐκπαντὸς
2750 3008 3241 3079 πραγματεύεσθαι
3256 3013 3482 3080 τρόπου.
3508 3012 3725 3066 Τοῦτον)

2136 3095 2192 3148 δὲ
2224 3096 2325 3166 τὴν
2352 3096 2641 3169 διόρθωσιν
2666 3100 2871 3169 ἀμφοῖν
2901 3100 3029 3171 ὑμῖν
3054 3103 3399 3173 ἀνηρτῆσθαι
3441 3104 3630 3175 ἐχρῆν,
3658 3106 3716 3157 εί

2133 3187 2202 3239 τὰ
2223 3185 2407 3240 δίκαια
2445 3187 2707 3258 πράττειν
2730 3188 3041 3256 ἐϐούλεσθε,
3072 3185 3155 3254 οἷς
3177 3195 3336 3263 χρέος
3386 3194 3534 3248 ἅπαν
3578 3197 3719 3265 ἀνῆο

2134 3292 2268 3331 πται
2292 3279 2425 3332 πᾶσι
2455 3279 2678 3350 τρόποις
2723 3282 3042 3351 ἐπείγεσθαι
3086 3284 3415 3355 ἀποτρέπειν
3444 3285 3534 3340 καὶ
3576 3288 3723 3339 ἀπο-

2138 3371 2384 3439 κόπτειν,
2418 3373 2523 3425 εῖτι
2554 3388 2658 3425 που
2681 3374 2820 3427 κατά
2864 3390 2923 3426 τε
2953 3374 3060 3428 τῶν
3109 3374 3210 3447 τῆς
3249 3375 3527 3447 βασιλείας
3573 3378 3718 3442 ὁμοῦ

2135 3463 2364 3533 καὶτῆς
2418 3464 2750 3535 Ἐκκλησίας
2809 3466 3105 3534 ύποφύοιτο
3164 3467 3363 3530 κακίας
3397 3468 3714 3540 βλάστημα,

2135 3554 2165 3608 ὃ
2199 3555 2524 3624 λυμανεῖται
2559 3557 2853 3627 προϐαῖνον
2885 3561 2967 3623 εἰς
2994 3558 3224 3631 αὔξησιν
3276 3564 3373 3615 καὶ
3418 3564 3563 3617 ἀπαν
3609 3564 3717 3633 ἀρ-

2138 3644 2236 3714 δην
2264 3646 2488 3715 ἀφανιεῖ
2513 3646 2575 3698 τὸ
2605 3647 2807 3716 κράτος
2836 3648 3064 3719 ἀμφοῖν.
3105 3648 3295 3719 Ὑμεῖς
3326 3651 3382 3703 δὲ
3415 3652 3719 3722 μοχθηροῖς

2135 3734 2362 3806 ἀνδράσι
2397 3734 2573 3805 λάθρα
2605 3735 2700 3789 καὶ
2730 3736 2900 3805 συχνὰ
2942 3735 3433 3809 κοινολογούμενοι,
3475 3740 3567 3791 καὶ
3597 3740 3722 3797 τοῖς

2135 3825 2316 3879 αὐτῶν
2371 3826 2709 3898 παραλόγοις
2757 3827 3017 3899 ἑπόμενοι
3088 3828 3292 3897 λόγοις,
3357 3832 3424 3901 τῇ
3442 3831 3722 3901 ἀριστερᾷ

2137 3918 2282 3989 χειρὶ
2303 3919 2404 3989 τὴν
2440 3918 2623 3985 δεξιὰν
2679 3920 3018 3973 ἀποκόπτειν
3058 3921 3436 3991 ἐπειγομένοις
3493 3921 3723 3987 ἑκόντες

2140 4011 2384 4063 ἐοίκατε.
2420 4009 2655 4063 Ἔπειτα
2702 4012 2750 4063 εί
2793 4009 2893 4081 μὲν
2948 4010 3084 4080 ἐμοῦ
3142 4010 3241 4082 τὴν
3270 4012 3450 4082 ψυχὴν
3493 4012 3722 4081 ἐξάγειν

2136 4096 2234 4151 τοῦ
2281 4099 2534 4169 σώματος
2567 4100 2681 4163 τοῖς
2726 4099 3035 4165 ἐπιϐούλοις
3097 4097 3167 4173 ἦν
3218 4102 3353 4172 πρὸς
3403 4101 3724 4174 βουλήσεως

2144 4191 2332 4262 μόνου,
2353 4192 2447 4245 καὶ
2472 4190 2547 4263 μὴ
2568 4192 2709 4245 κατά
2737 4191 2937 4256 παντὸς
2959 4193 3177 4263 ἐχώρει,
3202 4194 3313 4250 τῶν
3331 4213 3390 4250 τε
3420 4196 3584 4267 φίλων
3615 4197 3728 4250 καὶ

2143 4284 2252 4338 τῶν
2279 4284 2537 4350 ἐκγόνων,
2565 4283 2739 4353 τὸτῆς
2764 4284 2915 4355 σφῶν
2946 4286 3219 4351 ἀναιδείας
3250 4287 3424 4359 ξίφος,
3445 4288 3574 4352 ῐσως
3611 4290 3726 4357 μὲν

450 4385 594 4440 istuc
620 4384 841 4439 videtur
884 4383 1111 4439 omnino
1168 4383 1522 4453 permissum,
1559 4394 1620 4438 ut
1645 4385 1886 4440 animant
1927 4403 2025 4441 no-

2135 4380 2335 4447 ὲσίγων
2350 4376 2424 4430 ’ἂν
2446 4376 2574 4440 ἴσως
2593 4376 2638 4430 δ’
2659 4376 2744 4431 ού.
2771 4378 2845 4430 Οὐ
2867 4377 2976 4448 γὰρ
2995 4378 3138 4432 πάνυ
3168 4396 3261 4448 μοι
3281 4379 3530 4449 φαίνεται
3558 4383 3730 4449 θεμι-

448 4488 639 4542 siram,
694 4475 851 4545 cujus
886 4485 974 4529 est
1020 4473 1278 4529 dominus
1327 4475 1486 4540 alter,
1540 4476 1858 4545 depositarii
1891 4464 2025 4534 vero

448 4583 549 4623 nos
596 4562 806 4626 sumus,
843 4565 1137 4633 prodamus
1171 4567 1320 4620 ultro
1370 4575 1427 4620 et
1479 4569 1821 4631 deseramus.
1873 4582 2027 4627 ante-

446 4673 611 4729 quam
638 4657 958 4713 liberaverit
995 4657 1062 4722 is,
1097 4656 1191 4727 qui
1234 4657 1495 4713 dominus
1523 4656 1631 4714 est.
1674 4658 1770 4716 Sin
1807 4663 1913 4717 hoc
1964 4665 2028 4719 li—

445 4760 555 4815 cet,
589 4749 821 4819 prodeat
851 4747 1052 4817 aliquis
1074 4747 1385 4818 doceatque
1412 4762 1518 4810 me,
1550 4764 1651 4803 cur
1699 4749 1828 4804 olim
1871 4751 2023 4821 judi-

445 4853 539 4893 ccs
573 4837 967 4906 sapientissimi
1005 4838 1283 4892 voluerint
1311 4840 1639 4911 eos‘projici
1695 4842 2023 4911 insepultos,

444 4929 537 5000 qui
569 4946 721 4984 suam
749 4931 804 4984 in
835 4946 893 4985 se
920 4931 1072 5000 ipsos
1096 4929 1342 4983 dextram
1373 4936 1759 4986 armavissent.
1784 4932 2023 4990 Perinde

445 5020 593 5075 enim
644 5020 780 5075 illud
825 5020 1046 5075 videtur
1089 5033 1213 5074 esse
1254 5012 1684 5090 quodammodo,
1716 5037 1781 5077 ae
1814 5025 1860 5077 si
1895 5027 2024 5093 quis

445 5112 737 5182 peregrino
767 5113 886 5166 solo
925 5127 1184 5181 egressus
1231 5113 1474 5166 alienum
1509 5113 1850 5183 mancipium
1897 5118 2025 5170 vin-

443 5204 585 5259 culis
627 5203 904 5269 eduxerit,
934 5215 991 5257 et
1023 5203 1311 5274 fugitivum
1362 5204 1518 5259 abire
1563 5206 1835 5275 jusserit.,
1862 5208 2023 5273 Quod

444 5297 489 5351 si
512 5295 581 5351 ad
617 5311 810 5350 omnes
839 5296 1044 5365 pariter
1076 5297 1356 5366 pertinent
1389 5307 1445 5351 et
1472 5297 1683 5352 insidia:
1711 5300 2016 5355 scelerato-

446 5404 569 5443 rum
623 5388 933 5452 hominum,
964 5398 1018 5442 et
1053 5388 1356 5456 periculum
1397 5404 1604 5455 meum,
1639 5390 1865 5446 insania:
1907 5393 2017 5447 cri-

2070 4519 2082 4539 ,
2124 4474 2217 4528 τὸν
2236 4472 2356 4527 οὐδὲ
2381 4466 2559 4537 τοῦτο,
2586 4472 2892 4544 προδιδόναι
2913 4473 3011 4543 την
3036 4472 3227 4527 ἑαυτοῦ
3268 4490 3352 4536 τις
3382 4472 3523 4526 ἑκών
3538 4488 3601 4541 γε
3637 4469 3730 4526 εἴ.

2130 4584 2220 4622 ναι
2242 4564 2616 4637 ψυχὴν,άλλου
2648 4563 2837 4635 κτῆμα
2866 4565 2961 4617 καὶ
2991 4564 3458 4636 παρακαταθήκην
3476 4563 3561 4635 [Ρ.
3587 4562 3730 4636 368]

2128 4655 2295 4713 οὖσαν
2336 4659 2469 4726 πρὶν
2516 4655 2654 4726 πρὸς
2693 4654 2786 4709 τοῦ
2829 4655 3092 4709 δεσπότου
3121 4654 3376 4719 γενέσθαι
3418 4657 3518 4726 τὴν
3541 4654 3729 4711 λύσιν.

2114 4750 2195 4804 Ὲί
2219 4750 2263 4807 δ’
2294 4748 2410 4814 οῦν,
2441 4749 2711 4821 φρασάτω
2739 4764 2824 4812 τις
2859 4748 2983 4819 ἐμοὶ
3027 4746 3339 4819 παρελθὼν,
3393 4747 3518 4800 ὅτου
3549 4748 3725 4817 χάριν

2132 4844 2375 4912 ἀτάφους
2404 4842 2514 4897 τῶν
2543 4840 2714 4895 πάλαι
2748 4839 3025 4895 δικαστῶν
3052 4841 3102 4892 oi
3143 4841 3444 4910 σοφώτεροι
3495 4840 3720 4910 ῥιπτεῐσ

2127 4935 2252 4988 σθαι
2307 4932 2755 5004 κατεψηφίσαντο
2783 4974 2796 5000 ,
2856 4925 2932 4986 ὧν
2988 4934 3047 4987 αἱ
3098 4934 3282 5003 χεῖρες
3341 4932 3468 4986 καθ’
3504 4930 3723 4984 ἑαυτῶν

2123 5023 2574 5098 ἐστρατεύσαντο.
2607 5022 2834 5094 Ὅμοιον
2860 5023 2968 5095 γὰρ
2984 5019 3123 5077 εἷναί
3146 5040 3264 5087 πως
3289 5023 3520 5078 δοκεῖτὸ
3544 5019 3735 5075 τοιοῦο

2120 5135 2236 5179 τον,
2268 5116 2455 5184 ὥσπερ
2487 5117 2555 5170 ἂν
2593 5116 2645 5169 εί
2671 5132 2755 5178 τις
2800 5114 2860 5180 ἐξ
2912 5114 3221 5189 ἀλλοδαπῆς
3276 5115 3372 5169 ίὼν
3424 5113 3591 5167 ἄλλου
3630 5111 3737 5167 δε-

2127 5208 2354 5281 σμώτην
2384 5209 2663 5280 δραπέτην
2718 5210 3040 5278 ἐργάσαιτο.
3071 5207 3135 5261 Εί
3179 5207 3239 5262 δὲ
3273 5208 3414 5277 πρὸς
3465 5205 3735 5269 ἅπαντας

2123 5304 2291 5375 ἄρδην
2315 5288 2515 5374 ὁμοίως
2540 5301 2807 5357 διαϐαίνοι
2858 5302 2930 5356 τά
2975 5318 3037 5354 τε
3099 5302 3200 5374 τῆς
3255 5298 3551 5369 ἐπιϐουλῆς
3605 5298 3735 5352 τῶν

2128 5394 2420 5465 μοχθηρῶν
2450 5392 2663 5447 καὶτοῦ
2712 5410 2775 5464 γε
2810 5392 3061 5448 κινδύνου
3114 5389 3347 5462 τούμοῦ,
3391 5390 3591 5462 μανίας
3618 5390 3741 5444 οῦκ

1796 5532 2130 5596 \‘ariorum
2170 5542 2355 5597 notae.

521 5650 635 5720 (3‘2)
672 5648 968 5708 Cautaruz.
1014 5651 1109 5707 lib.
1146 5669 1223 5721 ιιι,
1258 5663 1383 5725 cap.
1421 5655 1471 5710 5.
1504 5656 1742 5725 ῡυοικο.
