3988 6210
234 227 351 292 εοδ
622 220 704 295 1..
743 237 793 279 ο.
840 220 999 293 tati}

1251 224 1696 286 ΒΥΖἏΝΤΙΝἉΕ
1736 223 2125 285 HlSTORl.‘E
2164 224 2304 286 LIB.
2352 224 2494 288 ΧΠ.

2646 194 2777 293 μιν.
2817 234 2863 275 t.
2907 233 3143 277 mmet.
3189 221 3244 307 ί]

3373 222 3496 286 ,εηθ

242 349 320 401 ἂν
348 343 642 415 ἐλεύθερον
675 345 732 406 ἐς
765 342 917 405 τέλος
940 344 1027 412 εἴη
1051 341 1111 394 τὸ
1141 344 1322 414 σιγᾷν.
1352 343 1414 395 Ei
1464 342 1509 396 δ’
1529 340 1819 412 ἀκίϐδηλος

1945 358 2049 396 nen
2080 343 2225 397 haud
2276 344 2589 415 eﬁ‘ugerim,
2633 344 2678 399 si
2728 353 2993 414 perpetuo
3037 343 3250 398 sileam.
3277 342 3332 396 Si
3366 359 3496 398 vero

244 437 349 508 μὲν
378 437 535 507 ὑμῶν
584 436 619 505 ἡ
662 434 921 505 πρόθεσις
955 435 1079 503 ἐμοὶ
1116 437 1411 505 τετήρηται
1473 436 1640 506 μέχρι
1695 435 1817 501 νῦν,

243 527 601 598 ὑπισχνεῖσθε
629 527 675 580 δ’
699 526 782 581 ἔτι
814 527 908 580 καὶ
934 526 1034 597 τὴν
1060 525 1258 597 ἐφεξῆς
1284 528 1623 599 συντήρησιν
1650 525 1823 594 αὐτῆς

243 619 307 673 τὸ
344 618 611 690 παράπαν
638 617 989 687 διαφυλάξειν
1036 616 1233 681 κακίας
1262 618 1445 687 πάσης
1500 616 1822 687 ἀμέθεκτον,

242 710 342 762 καὶ
375 708 477 762 ὅσα
508 711 648 762 κατά
694 707 796 777 τῆς
841 706 985 776 ἐμῆς
1046 708 1258 777 ὁμοίως
1317 708 1567 778 μαίνεται
1622 706 1823 776 ψυχῆς,

244 798 471 867 ἕτοιμος
500 793 659 859 αὖθις
692 795 803 864 ἐγὼ
825 798 928 867 τήν
954 813 1016 850 τε
1051 796 1329 868 ὑμετέραν
1365 797 1493 866 άρτι
1548 798 1827 867 περαίνειν

234 888 455 956 δέησιν,
504 887 598 941 καὶ
624 887 761 958 ὁμοῦ
799 886 901 950 τὰς
928 886 1021 941 τοῦ
1074 888 1381 958 μακαρίτου
1406 886 1670 957 βασιλέως
1701 885 1829 955 περὶ

243 978 347 1046 τῆς
408 978 519 1031 τῶν
579 979 775 1031 κοινῶν
839 979 1184 1048 πραγμάτων
1230 980 1542 1047 ἐπιτροπῆς
1609 994 1669 1030 τε
1732 977 1829 1030 καὶ

244 1070 571 1141 διοικήσεως
608 1069 859 1134 ἐντολάς.
895 1071 1069 1125 Τοῦτο
1115 1070 1160 1124 δ’
1202 1070 1313 1133 ,οὐκ
1358 1069 1536 1133 άλλως
1586 1069 1827 1138 ἀναμφι-

242 1162 522 1232 σϐήτητον
544 1162 612 1217 ἂν
639 1164 852 1232 γένοιτο
879 1165 1044 1217 πᾶσιν
1079 1164 1236 1233 ἡμῖν,
1287 1162 1416 1232 πρὶν
1451 1161 1672 1231 ἔνορκον
1698 1161 1829 1229 ἡμῖν

246 1255 347 1322 τὴν
374 1253 675 1324 ὑπόσχεσιν
731 1254 1102 1325 καταστῆσαι,
1140 1253 1283 1307 καθά
1307 1252 1552 1322 πολλαχῆ
1580 1251 1673 1305 καὶ
1701 1250 1832 1321 πολ-

244 1342 411 1406 λάκις
456 1345 517 1410 ἐν
559 1346 682 1407 ταῖς
727 1344 838 1406 τῶν
866 1343 1224 1414 ἀνθρωπίνων
1276 1342 1616 1413 πραγμάτων
1667 1342 1833 1411 ἀμφι-

247 1421 582 1504 σϐητήσεσιν
612 1433 769 1488 εἴωθε
796 1434 1061 1501 γίνεσθαι.
1090 1432 1263 1488 Τοῦτο
1292 1434 1403 1505 γάρ
1431 1434 1556 1504 ἐμοὶ
1588 1431 1834 1503 καταφύ-

248 1542 372 1593 γιον
417 1525 664 1594 ἀσφαλὲς
703 1526 760 1579 ἐν
796 1526 875 1595 τῷ
910 1527 1140 1597 παρόντι
1190 1525 1361 1591 δοκεῖ,
1435 1525 1834 1595 καταστορέσαι

242 1618 550 1687 δυνάμενον
585 1618 767 1671 πᾶσαν
796 1618 934 1688 ἐμῆς
968 1617 1147 1688 ψυχῆς
1172 1617 1409 1687 ὑποψίαν
1433 1609 1529 1671 καὶ
1559 1617 1836 1687 λογισμῶν

246 1692 572 1781 τρικυμίαν.
607 1705 889 1780 Είναιγὰρ
917 1711 1012 1765 καὶ
1038 1710 1271 1781 βοτάνην
1285 1709 1679 1779 Ἀσκληπιάδαι
1702 1708 1835 1778 φασὶ

249 1803 365 1863 τοῖς
398 1801 586 1865 λύκοις
623 1800 949 1871 θανάσιμον,
985 1801 1077 1870 ὑφ’
1107 1801 1174 1872 ἢν
1203 1802 1324 1864 ταῖς
1372 1799 1613 1864 άλώπεξι
1644 1816 1837 1871 προσι-

240 1892 449 1955 ούσαις
504 1891 726 1959 ἀφόϐως
788 1891 1068 1944 καθεύδειν
1135 1891 1436 1961 περίεστιν.
1511 1885 1701 1944 Είούν
1739 1891 1835 1941 καὶ⁵

251 1986 368 2045 τοῖς
410 1983 630 2051 ἀλόγοις
654 1983 964 2053 εὑμήχανόν
1000 1983 1171 2052 πωςὴ
1225 1981 1438 2052 ἀνάγκη
1486 1979 1622 2051 πρὸς
1663 1997 1838 2050 σωτη-

251 2075 382 2143 ρίαν
426 2074 660 2141 γίνεται,
697 2075 920 2140 ἄμεινον
956 2075 1127 2146 δήπου
1158 2076 1271 2139 τοῖς
1307 2074 1450 2144 λόγῳ
1471 2074 1565 2127 καὶ⁵
1596 2071 1673 2143 νῷ
1698 2089 1839 2141 συμ-

254 2168 389 2235 φυεῖ
422 2166 787 2237 κεχρημένοις
824 2169 955 2237 ἡμῖν
993 2169 1051 2220 ἐν
1089 2168 1201 2230 τοῖς
1239 2166 1608 2229 ἐπικινδύνοις
1657 2165 1840 2234 πράγ-

248 2275 426 2327 μασιν
456 2259 661 2327 ἐγγύας
691 2260 966 2321 ἀπαιτεῖν,
1019 2259 1219 2312 ὁπόσαι
1256 2257 1392 2330 πρὸς
1428 2258 1526 2326 τὴν
1560 2257 1630 2311 δι’
1658 2258 1840 2328 ὅρκων

254 2349 672 2417 καταφεύγουσι
711 2348 1001 2406 πίστωσιν.
1053 2348 1428 2419 Ἀμειψαίμην
1455 2347 1499 2401 δ’
1532 2346 1599 2400 ἂν
1619 2348 1715 2401 καὶ
1751 2346 1841 2400 αύ-

251 2441 349 2503 ab;
381 2442 528 2510 ὑμᾶς
550 2444 661 2505 τοῖς
684 2439 1112 2511 παραπλησίοις,
1140 2440 1188 2493 εί
1211 2440 1286 2511 μὴ
1306 2440 1468 2494 ίκανά
1493 2438 1629 2510 πρὸς
1655 2440 1835 2506 ἀσφά-

254 2531 413 2584 λειαν
467 2531 702 2594 πίστεως
743 2532 811 2585 τά
865 2532 1306 2602 προῦπηργμένα
1338 2531 1543 2602 δοκοίη.
1583 2532 1673 2585 Ἐν
1729 2532 1841 2604 γὰρ

252 2622 487 2692 ἐξουσίᾳ
524 2623 821 2690 γενόμενος
844 2619 940 2674 τοῦ
1002 2624 1101 2691 τῆς
1143 2622 1575 2695 αὐτοκρατορίας
1608 2626 1842 2693 περισα-

1922 433 2263 489 voluntatem
2286 450 2413 505 erga
2442 450 2527 489 me
2558 436 2828 490 sinceram
2860 436 3143 502 hucusque
3167 434 3496 497 retiimistis,

1922 537 2157 592 eamque
2200 518 2530 593 pollicemini
2560 532 2838 580 servatum
2871 524 2936 577 iri
2981 539 3011 577 a
3040 522 3197 577 vobis
3224 522 3278 576 in
3309 533 3498 592 poste-

1924 627 2046 666 rum
2098 622 2380 683 expertem
2429 615 2610 668 omnis
2652 615 3025 681 malignitatis,
3058 614 3402 683 alienamque
3432 614 3502 668 ab

1925 705 2073 760 omni
2113 705 2418 770 molitione,
2456 722 2578 774 quae
2606 706 2678 760 sit
2716 706 2876 760 saluti
2919 721 3053 761 mea:
3081 706 3295 770 infesta,
3341 721 3501 775 para-

1928 806 2018 851 tus
2048 796 2229 850 denuo
2262 813 2364 868 ego
2401 813 2521 853 sum
2551 808 2745 853 vestra):
2775 800 3056 868 petitionis
3099 800 3364 853 rationem
3387 799 3498 868 jam

1926 902 2075 942 nunc
2121 887 2345 953 habere,
2398 890 2674 959 simulque
2728 889 3129 956 mandatorum,
3177 904 3298 959 quin
3344 891 3504 943 divus

1927 976 2228 1048 imperator
2277 982 2346 1036 de
2379 982 2595 1050 imperii
2633 981 2798 1052 hujus
2845 982 3014 1036 tutela
3044 989 3100 1036 et
3145 982 3503 1036 administra-

1929 1071 2078 1125 tione
2111 1071 2350 1140 scripsit.
2388 1071 2447 1126 Id
2482 1081 2665 1127 autem
2701 1072 2862 1127 nobis
2907 1072 3165 1127 omnibus
3204 1089 3312 1127 non
3347 1074 3506 1128 aliter

1929 1159 2125 1215 stabile
2157 1172 2210 1216 et
2253 1170 2460 1215 eertum
2512 1161 2702 1226 fuerit,
2761 1161 2865 1216 nisi
2915 1161 3278 1232 jurejurando
3327 1165 3506 1232 pactio

1932 1250 2143 1306 ﬁrmata
2197 1252 2291 1317 sit,
2343 1252 2801 1321 quemadmodum
2842 1253 3045 1320 passim
3082 1262 3139 1307 et
3186 1268 3327 1322 saepe
3389 1253 3505 1307 lieri

1932 1342 2073 1397 solet
2100 1342 2153 1396 in
2180 1343 2673 1413 disceptationibus
2689 1360 2869 1398 rerum
2892 1344 3353 1414 quotidianarum.
3377 1344 3509 1399 Per-

1933 1433 2142 1505 fugium
2177 1435 2324 1489 enim
2355 1433 2489 1489 illud
2526 1444 2702 1489 tutum
2736 1436 2867 1489 mihi
2902 1435 3120 1490 videtur
3150 1435 3203 1490 in
3230 1435 3507 1505 praesenti,

1937 1526 2191 1597 idemque
2218 1541 2316 1596 par
2331 1526 2589 1581 omnibus
2611 1526 2778 1581 animi
2796 1505 2912 1581 ’mei
2937 1526 3365 1597 suspicionibus,
3388 1522 3525 1582 om?

1936 1619 2102 1674 nibus
2133 1634 2393 1673 curarum
2433 1617 2694 1674 ﬁat-tibus
2727 1619 3176 1689 comprimendis.
3221 1619 3426 1689 Nempe
3450 1630 3508 1675 et

1867 1681 1906 1732 Β
1936 1711 2161 1766 herbam
2191 1719 2462 1765 testantur
2489 1710 2685 1765 medici
2716 1719 2934 1765 exstare
2971 1710 3117 1782 lupis
3142 1711 3504 1773 mortiferam.

1933 1803 2036 1858 sub
2082 1818 2189 1873 qua
2226 1802 2532 1871 vulpeculis
2594 1811 2712 1857 tuto
2760 1803 2936 1863 liccat,
2974 1802 3401 1858 obdormiscere.
3448 1801 3505 1858 Si

1935 1894 2101 1965 igitur
2131 1903 2188 1949 et
2222 1894 2397 1949 brutis
2432 1894 2802 1949 animantibus
2840 1892 3008 1965 594
3048 1893 3163 1964 ipsa
3204 1897 3504 1951 necessitas

1936 1986 2199 2056 quasdam
2228 1985 2423 2040 salutis
2451 1986 2666 2040 tuendae
2697 1994 2845 2040 artes
2875 1985 3139 2056 suggerit,
3167 1997 3373 2056 quanto
3404 2002 3508 2041 nos

1938 2077 2130 2148 magis,
2153 2077 2246 2146 qui
2281 2077 2492 2132 ratione
2515 2077 2788 2148 insitaque
2829 2075 3190 2148 intelligentia
3221 2077 3511 2148 pollemus,

1935 2171 2217 2241 postulare
2243 2185 2459 2240 aequum
2492 2178 2599 2234 est,
2632 2171 2805 2225 rebus
2834 2168 3019 2224 dubiis
3045 2183 3110 2224 ac
3150 2170 3420 2239 suspectis
3452 2176 3515 2223 ut

1936 2261 2099 2317 nobis
2127 2272 2389 2317 caveatur
2409 2261 2477 2317 iis
2502 2261 2761 2316 omnibus
2783 2260 3160 2324 cautionibus,
3201 2275 3322 2331 quae
3349 2259 3514 2315 ﬁdem

1933 2354 2295 2425 jurejurando
2322 2355 2599 2409 sanciunt.
2635 2353 2889 2409 Referam
2940 2363 3124 2408 autem
3174 2354 3332 2407 vobis
3360 2352 3515 2423 paria

1939 2458 1995 2503 et
2026 2449 2161 2516 ipse.
2213 2447 2260 2502 si
2300 2447 2591 2517 prateritae
2631 2460 2720 2500 res
2748 2445 2815 2499 ad
2860 2443 2985 2499 ﬁdei
3036 2444 3514 2500 confirmationem

1940 2556 2050 2595 non
2076 2541 2213 2596 satis
2237 2555 2360 2596 esse
2391 2542 2698 2595 videantur.
2728 2537 2894 2596 Certe
2919 2553 3042 2592 cum
3068 2553 3235 2608 penes
3262 2554 3347 2591 me
3367 2546 3520 2592 esset

1944 2631 2311 2701 imperatoria:
2341 2631 2629 2699 potestatis
2662 2631 2891 2685 induere
2917 2628 3173 2699 insignia,
3206 2637 3514 2682 extremum

254 2716 462 2768 λέσθαι
496 2716 557 2768 τὸ
592 2715 800 2785 σχῆμα,
842 2713 980 2784 πρὸς
1030 2713 1261 2784 ἐσχάτας
1302 2715 1403 2787 ἤδη
1458 2714 1553 2768 τοῦ
1581 2715 1845 2786 βασιλέως

253 2809 416 2871 δντος
450 2806 640 2872 πνοὰς,
669 2806 761 2860 ὅτε
798 2807 892 2859 καὶ
938 2804 1035 2858 σὺν
1064 2808 1178 2868 τοῖς
1227 2804 1380 2859 δυσὶν
1428 2806 1603 2860 υίέσιν
1634 2806 1843 2859 ἐκείνου

253 2902 376 2954 τῶν
438 2898 732 2971 βασιλείων
788 2896 938 2951 ἔνδον
1002 2897 1166 2960 αὑτὸς
1219 2896 1513 2967 γενόμενος
1581 2899 1844 2969 φρουραῖς

258 2993 693 3065 στρατιωτικαῖς
744 2990 1141 3061 ἠσφαλισάμην
1195 2990 1356 3055 αὐτὰ,
1417 2990 1646 3062 μηδενὸς
1695 2992 1842 3043 ἀντι-

1947 2997 2197 3059 sistente,
2224 2995 2483 3057 omnibus
2513 3002 2660 3048 metu
2697 2994 3004 3064 prostratis,
3042 3008 3149 3046 non
3202 2991 3346 3046 idem
3389 2987 3526 3045 mihi

258 3086 630 3156 πράττοντος,
673 3081 810 3135 άλλὰ
840 3082 1060 3135 πάντων
1090 3081 1485 3151 ὑπεπτηχότων
1514 3081 1593 3153 τῷ
1627 3081 1758 3146 δέει,
1784 3082 1845 3156 οὑ

1948 3087 2149 3142 accidit
2181 3095 2347 3156 atque
2381 3086 2514 3150 illis,
2546 3085 2638 3156 qui
2672 3088 2727 3140 in
2772 3088 3091 3141 thesaurum
3141 3084 3382 3154 aliquem
3440 3081 3529 3135 in-

254 3154 467 3229 ταυτδν
494 3172 738 3239 πέπονθα
761 3174 875 3236 τοῖς
898 3170 1029 3242 παρ’
1056 3170 1212 3235 ἀξίαν
1260 3172 1543 3242 ἐντυχοῦσι
1574 3190 1680 3227 ¹τινι
1747 3154 1845 3242 0n.—

1949 3178 2141 3233 cidunt
2194 3154 2420 3231 minime
2450 3154 2625 3246 digni.
2675 3185 2731 3230 et
2783 3192 2947 3230 manu
3007 3185 3239 3245 utraque
3287 3172 3529 3243 gestiunt

260 3264 485 3335 σαυρῷ,
511 3264 605 3317 καὶ
624 3264 967 3335 ἀμφοτέραις
999 3263 1057 3316 τὸ
1085 3263 1185 3332 τῆς
1209 3262 1389 3334 ψυχῆς
1435 3264 1845 3335 ἀναπιμπλάναι

1950 3270 2230 3324 ardentem
2268 3268 2433 3322 animi
2469 3267 2760 3322 libidinem
2789 3268 3056 3336 explere;
3111 3264 3206 3319 sed
3248 3279 3331 3318 me
3383 3263 3531 3317 intra

258 3355 366 3409 τοῦ
404 3356 603 3426 ἔρωτος
669 3355 892 3426 φίλτρον
928 3355 1326 3426 ἐπειγομένοις
1364 3355 1479 3409 ἀλλ’
1517 3357 1708 3426 ἔμεινα
1743 3358 1845 3410 τῶν

1953 3358 2458 3430 ρτίειὶιιίνίηδιὶιυιῑ
2509 3356 2717 3410 limites
2751 3355 3023 3411 continui.
3059 3357 3127 3409 At
3183 3353 3429 3423 potentia
3474 3360 3532 3406 et

258 3450 375 3519 τῆς
404 3449 637 3518 ἐξαρχῆς
677 3448 994 3519 προθέσεως
1033 3450 1176 3520 ὅρων
1227 3450 1397 3510 ἐντός.
1445 3450 1631 3521 Πολλῷ
1680 3451 1735 3504 δὲ
1762 3446 1845 3520 δῆ-

1953 3431 2087 3521 opes
2124 3458 2178 3504 et
2212 3466 2337 3519 quso
2363 3448 2445 3503 sui
2482 3448 2626 3519 juris
2660 3457 2745 3503 est
2773 3448 3022 3511 libertas,
3048 3460 3154 3515 qua
3186 3434 3310 3514 quis
3346 3453 3532 3498 mente

189 3605 200 3612 _
265 3556 390 3593 που
421 3539 751 3610 σαφέστερον
785 3538 1011 3604 ἐξουσία
1041 3524 1136 3593 καὶ
1167 3539 1395 3603 πλοῦτος
1426 3542 1517 3594 καὶ
1556 3543 1845 3613 αὐτόνομος

1956 3544 2027 3598 sit
2051 3542 2330 3597 declarant
2360 3541 2531 3595 multo
2566 3539 2789 3600 certius.
2839 3554 3000 3609 quam
3041 3538 3201 3606 inops
3231 3545 3287 3590 et
3318 3535 3531 3613 manci-

264 3631 510 3699 δύναμις
557 3629 786 3700 γνώμην
837 3630 1128 3703 ἀνθρώπου
1163 3631 1436 3701 δηλοῦσιν,
1487 3633 1520 3701 ἢ
1557 3634 1716 3687 πενία
1758 3610 1845 3688 vacui

1957 3643 2079 3706 pata
2117 3633 2273 3706 alteri
2304 3633 2434 3689 vita.
2478 3631 2850 3697 Quorumdam
2879 3630 3026 3685 enim
3072 3643 3251 3682 mores
3294 3610 3535 3680 necessi-

266 3722 596 3788 ὑπεξούσιος
624 3723 836 3777 δίαιτα.
863 3702 953 3794 Τῷ
975 3723 1084 3792 γὰρ
1114 3724 1350 3794 ἀκουσίῳ
1375 3724 1566 3794 βιαίως
1601 3724 1757 3778 ἐνίων
1790 3726 1845 3779 τό

1961 3736 2071 3780 tate
2098 3702 2354 3792 tanquam
2389 3723 2443 3778 vi
2478 3724 2759 3793 tyrannica
2794 3720 3040 3792 oppressi
3086 3720 3317 3773 aliorum
3354 3717 3537 3771 homi-

271 3815 398 3888 ἢθη
451 3814 863 3885 τυραννηύμενα
911 3813 1168 3887 λανθάνει
1224 3816 1311 3887 διά
1353 3815 1563 3886 μακροῦ
1623 3818 1721 3879 τὰς
1754 3816 1845 3870 τῶι

1962 3833 2091 3872 num
2125 3817 2442 3886 opinionem
2474 3817 2553 3869 sic
2585 3813 2806 3879 fallunt,
2843 3822 2902 3867 ut
2928 3813 3020 3867 diu
3065 3810 3412 3866 mendacium
3442 3822 3536 3862 vc-

257 3906 479 3972 εξωθεν
534 3904 772 3979 [P.569]
805 3908 1012 3974 κρίσεις
1056 3907 1155 3976 τῆς
1214 3906 1469 3977 ἀληθείας
1518 3907 1845 3983 καταψευδό·

1965 3909 2111 3964 ritati
2154 3908 2465 3979 prtevaleat.
2491 3906 2609 3962 Una
2654 3906 2822 3975 igitur
2870 3920 2961 3960 res
3000 3904 3119 3958 iure
3149 3912 3273 3973 post
3305 3912 3537 3956 mortem

262 3998 550 4070 μεναζἝν
570 3998 669 4068 μὲν
686 3995 780 4051 οὖν
800 4000 978 4051 ἐκεῖνο
1005 4000 1146 4068 μετά
1168 3998 1266 4068 τὴν
1284 3997 1375 4052 τοῦ
1400 3999 1662 4069 βασιλέως
1681 3999 1845 4053 τελευι

1964 3999 2315 4072 imperatoris
2334 4008 2391 4054 et
2418 4013 2592 4053 meam
2618 3996 2988 4068 integritatem
3010 3995 3142 4051 satis
3168 3994 3538 4058 commendat,

257 4092 380 4162 τὴν
403 4089 503 4157 τῆς
523 4089 662 4160 ἐμῆς
680 4091 1050 4162 καθαρότητος
1072 4091 1501 4158 παραστατικὸν,
1524 4093 1618 4144 καὶ
1636 4092 1749 4161 άμα
1766 4092 1845 4162 τῆ.

1965 4102 2023 4149 et
2047 4106 2145 4148 vos
2175 4092 2374 4171 litierat
2407 4099 2577 4155 metu,
2606 4089 2756 4161 quod
2805 4088 2954 4143 facili
2987 4087 3175 4143 labore
3209 4096 3540 4158 potestatem

261 4181 440 4254 ὑμῶν
487 4181 688 4244 δειλίας
730 4183 1099 4253 ἀναιρετικὸν,
1137 4183 1220 4235 ὅτι
1246 4184 1419 4250 παρὸν
1452 4186 1514 4235 ἐκ
1545 4184 1640 4235 τοῦ
1663 4185 1845 4254 ρᾴστοι

1968 4185 2103 4240 mihi
2134 4183 2542 4254 imperatoriam
2569 4198 2829 4253 arrogare
2854 4196 2978 4237 cum
3013 4195 3255 4250 possem,
3287 4195 3388 4235 nec
3435 4180 3545 4234 tale

258 4277 337 4327 τὸ
398 4271 673 4340 βασίλειον
704 4272 1114 4343 περιζώσασοαι
1148 4272 1382 4343 κράτος,
1426 4273 1552 4326 οὔτε
1601 4276 1845 4345 πέπραχε

1970 4275 2167 4330 admisi
2207 4274 2507 4345 quidquam
2554 4289 2656 4329 nec
2704 4271 2962 4342 cogitavi,
3000 4271 3093 4326 sed
3137 4269 3364 4324 omnino
3398 4270 3544 4322 intra

254 4362 534 4418 τοιοῦτον
592 4364 787 4429 οὐδὲν,
843 4362 967 4417 οὔτε
1024 4364 1427 4435 βεόούλευμαρε,
1504 4365 1622 4417 ἀλλ’
1670 4365 1845 4435 ἔμεινε

1971 4366 2133 4422 cilicii
2178 4368 2429 4421 consueti
2480 4365 2677 4420 limites
2726 4364 3047 4433 incorrupta
3091 4362 3259 4417 animi
3292 4361 3546 4416 modera-

1942 2723 2201 2791 Spiritum
2254 2722 2365 2792 jam
2405 2721 2694 2776 exhalante
2749 2721 3099 2790 imperatore,
3141 2729 3253 2774 tum
3312 2717 3524 2772 scilicet

1944 2829 2072 2868 cum
2113 2812 2397 2881 palatium.
2453 2812 2508 2866 in
2537 2806 2650 2882 qt’io
2682 2826 2816 2865 cum
2847 2811 3064 2866 duobus
3109 2807 3354 2865 defuncti
3394 2807 3524 2862 ﬁliis

1944 2906 2232 2968 versabar.
2263 2905 2520 2976 praesidio
2557 2904 2867 2960 muniebant
2901 2902 3150 2966 militari,
3176 2900 3394 2956 nemine
3422 2898 3526 2953 οι)-

254 4458 522 4525 πάμπαν
581 4456 688 4507 τῶν
733 4456 877 4526 ὅρων
928 4455 1027 4525 τῆς
1080 4455 1399 4527 εἰθισμένης
1449 4455 1653 4523 τάξεως
1692 4458 1863 4526 ἔνδον,

254 4547 565 4617 ἀκήρατον
614 4547 899 4617 συντηρῶν
958 4546 1020 4598 τὸ
1084 4547 1317 4627 φρονοῦν
1370 4552 1467 4618 τῆς
1524 4549 1726 4619 ψυχῆς.
1791 4551 1864 4603 Οὑ

256 4638 403 4705 γόρ
456 4635 712 4689 τοσοῦτον
784 4635 1096 4705 ἀνθρώποις
1149 4638 1408 4706 ἀρέσκειν
1466 4638 1656 4708 ἔκρινα
1718 4640 1866 4706 δεῖν,

254 4728 541 4795 ὅσον·τῷ
591 4728 701 4782 τῶν
761 4729 976 4798 (malum
1034 4730 1248 4802 ἐπόπτῃ
1294 4729 1436 4800 Θεῷ.
1488 4732 1552 4785 Ui
1608 4734 1705 4800 μὲν
1758 4733 1870 4803 γὰρ

254 4821 404 4874 τῶν
424 4817 719 4886 δρωμένων
750 4819 804 4879 ἐς
835 4817 1148 4887 τούμφανὲς
1194 4816 1551 4873 καθίστανται
1596 4821 1869 4893 μάρτυρες

259 4912 497 4984 μόνων,
538 4907 631 4971 οὓς
658 4912 755 4964 καὶ
787 4910 1262 4978 παραλογίσασθαι
1314 4911 1527 4977 ἔξεστιν
1567 4915 1764 4980 ἐνίοτε,
1821 4915 1873 4968 εί

248 5020 369 5064 τις
404 5002 528 5061 τοὺς
557 5000 659 5069 τῆς
698 5001 899 5064 κακίας
937 5002 1186 5071 καρποὺς
1212 5003 1327 5064 τοῖς
1358 5002 1456 5072 τῆς
1495 5003 1698 5075 ἀρετῆς
1735 5004 1872 5057 ὑπο-

248 5095 477 5163 τίθησι
515 5094 759 5162 σχήμασί
790 5109 848 5145 τε
869 5094 966 5146 καὶ
1009 5093 1287 5164 χρώμασι.
1355 5094 1487 5159 Θεὸς
1525 5095 1572 5151 δ’
1600 5098 1658 5149 ἐν
1686 5099 1872 5159 αὐτοῖς

252 5187 402 5259 πρὸ
429 5185 540 5238 τῶν
562 5185 741 5256 ἔργων
764 5188 875 5247 τοῖς
907 5184 1008 5253 τῆς
1036 5184 1267 5254 καρδίας
1321 5172 1621 5256 κινήμασιν
1673 5187 1872 5258 ἐρείδει

249 5283 353 5335 τὰ
392 5278 488 5346 τῆς
514 5277 813 5342 ἐξετάσεως
837 5278 981 5346 ίχνη,
1027 5277 1122 5328 καὶ
1175 5276 1236 5329 τὸ
1260 5276 1417 5348 βῆμα
1455 5280 1557 5346 τῆς
1607 5279 1761 5349 δίκης
1814 5282 1873 5332 ἐν

248 5369 484 5430 αὑταῖς
520 5369 818 5438 συγκροτεῖ
846 5368 954 5420 τῶν
988 5366 1266 5437 λογισμῶν
1323 5371 1441 5429 ταῖς
1479 5369 1701 5441 ἀρχαῖς,
1743 5370 1871 5424 ἔνθα

251 5462 479 5537 χώραν
496 5461 601 5512 οὐκ
629 5442 744 5529 ἔχει
770 5459 958 5529 σχῆμα
996 5459 1093 5512 καὶ
1122 5458 1320 5530 χρῶμα
1370 5459 1693 5527 καλύπτειν,
1747 5464 1801 5514 εἴ
1820 5479 1874 5514 τι

252 5552 500 5615 κακίας
587 5553 704 5603 ἐκεῖ
764 5551 1206 5621 παραφαίνεσθαι
1276 5551 1520 5620 βούλοιτο
1559 5551 1869 5623 βλάστημα.

250 5644 558 5714 Δεύτερον
586 5642 667 5707 δὲ,
708 5642 769 5696 τὺ
810 5643 1006 5713 παρὸν,
1038 5642 1065 5695 ὃ
1097 5643 1187 5696 καὶ
1244 5644 1421 5715 πάσης
1471 5648 1733 5716 κέκτηται
1773 5666 1870 5699 m-

1778 5783 1819 5807 ο

1970 4461 2121 4514 tione
2176 4460 2327 4513 steti.
2364 4456 2696 4512 Placeudum
2728 4456 2875 4512 enim
2922 4454 3110 4525 putavi
3154 4469 3263 4508 non
3310 4465 3419 4508 tam
3452 4453 3552 4506 ho-

1971 4549 2214 4606 minibus
2266 4564 2429 4621 quam
2491 4549 2642 4614 Deo,
2695 4547 2791 4617 qui
2848 4545 3067 4601 occulta
3119 4542 3405 4614 perspicit.
3465 4540 3548 4594 Illi

1970 4643 2175 4713 quippe
2202 4649 2371 4698 testes
2402 4641 2562 4713 595
2604 4640 2883 4696 exsistunt
2907 4651 3099 4692 eorum
3131 4635 3398 4689 duntaxat
3430 4648 3552 4701 qua:

1969 4736 2148 4807 palam
2185 4739 2346 4798 llunt,
2388 4745 2446 4789 et
2491 4732 2786 4803 aliquando
2834 4726 3064 4799 possunt
3097 4724 3298 4794 decipi.
3331 4723 3375 4778 si
3424 4722 3553 4791 quis

1972 4826 2099 4879 vitia
2133 4840 2229 4879 sua
2279 4824 2516 4894 imagine
2549 4832 2605 4877 ct
2637 4822 2820 4875 colore
2866 4818 3086 4872 virtutis
3115 4817 3369 4869 ohtcxat.‘
3410 4812 3554 4868 Deus

1972 4931 2105 4970 vero
2144 4915 2275 4983 ipsis
2303 4914 2430 4971 illis.
2484 4913 2577 4982 qui
2627 4912 2873 4966 actiones
2904 4905 3261 4968 antecedunt,
3314 4903 3557 4959 motibus

1972 5006 2156 5061 cordis
2185 5005 2454 5061 examinis
2498 5005 2585 5059 sui
2618 5003 2847 5072 vestigia
2884 4998 3176 5070 imprimit,
3226 5006 3283 5052 et
3324 4994 3557 5066 justitize

1974 5097 2215 5151 tribunal
2248 5097 2299 5150 in
2335 5097 2469 5166 ipsis
2517 5096 2631 5166 ﬁgit
2683 5093 3079 5163 cogitationum
3119 5088 3421 5150 radicibus,
3461 5086 3556 5139 ubi

1975 5190 2169 5245 umbra
2204 5199 2259 5244 et
2300 5189 2483 5259 specie
2514 5187 2680 5242 celari
2733 5202 2843 5240 non
2897 5192 3098 5254 potest,
3158 5183 3203 5237 si
3260 5179 3386 5250 quis
3431 5178 3557 5231 inde

1975 5282 2192 5335 laboret
2224 5295 2345 5336 sese
2380 5279 2603 5333 trudere
2629 5275 3001 5347 improbitatis
3037 5275 3224 5328 fanus.
3248 5272 3434 5325 Altera
3472 5283 3560 5323 res

1974 5383 2059 5427 cst
2101 5372 2153 5427 id
2184 5373 2328 5442 quod
2366 5388 2513 5426 nunc
2533 5368 2865 5425 accidit.Est
2910 5375 3094 5420 autem
3149 5363 3278 5417 illud
3331 5378 3562 5417 summa:

1976 5455 2365 5532 improbitatis.
2394 5462 2500 5517 Vos
2529 5460 2674 5515 enim
2705 5475 2830 5514 cum
2857 5460 3159 5527 Oporterct;
3193 5467 3366 5506 meant
3400 5467 3558 5506 rere-

1979 5559 2116 5609 ritos
2148 5555 2495 5609 clementiam
2528 5564 2583 5608 ct
2628 5556 2968 5621 :cquitateut,
3003 5545 3154 5601 omni
3208 5542 3394 5599 studio
3446 5559 3562 5596 ma-

1980 5654 2247 5729 nuque'ct
2274 5647 2454 5717 lingua
2490 5659 2689 5700 navare
2738 5634 2870 5697 mihi
2899 5651 3121 5710 operam
3162 5635 3403 5706 quietos,
3443 5651 3564 5688 οιιι-
