3988 6210
264 237 369 304 δίῃ
652 236 725 307 [Α.
761 253 811 293 c.
852 193 1008 309 1341]

1274 242 1714 302 ΒΥΖΑΝΤΙΝΑΞ
1749 242 2132 302 HISTORUE
2169 244 2314 303 LIB.
2356 245 2488 303 XII.

3394 246 3497 309 8H

2579 269 2590 276 κ
2664 255 2768 293 utr.
2806 257 2848 293 ι.
2890 255 3124 296 ικτωεοι..
3167 240 3221 310 1]

266 351 469 422 ἱερεῦσι
500 355 842 422 προσήκοντα
872 357 1164 429 ὀμώμοκεν
1195 357 1357 424 ὅρκον
1381 355 1515 425 (90),
1537 359 1544 420 ἴ
1567 356 1701 407 ἀλλὰ
1745 355 1829 406 καὶ

1951 355 2104 420 dum,
2135 356 2226 408 sed
2255 365 2309 408 et
2341 355 2496 416 illud,
2520 354 2664 422 quod
2717 356 2873 409 laicis
2897 358 3123 409 solenne
3153 366 3256 417 est,
3296 358 3499 432 jttraxit

269 442 328 503 ὃς
355 443 634 512 δημοσίοις
664 445 916 515 ἀνδράσιν
975 445 1227 500 είθισται’
1280 448 1374 499 καὶ
1419 448 1554 516 ἀρὰς
1591 448 1682 498 ἐπὶ
1714 445 1838 497 τοὺ-

260 549 376 595 τοις
444 535 728 604 προῦτεινε
791 538 1132 591 καθ’ἐαυτοῦ
1186 539 1286 601 τὰς
1359 539 1623 608 μεγίστας
1696 537 1832 605 ὁμοῦ

263 623 359 674 καὶ
387 623 704 692 φρικώδεις,
733 627 781 678 ει
809 627 1135 694 ψευδόμενος
1167 628 1301 690 ὅλως
1339 628 1434 679 ἐπὶ
1461 629 1569 689 τοῖς
1608 626 1838 695 λεγομέ-
1877 684 1890 696 δ

264 729 377 774 νοις
414 716 596 783 ἀλοίη.

313 806 408 858 ·Γ’.
445 805 565 858 Τῶν
593 806 654 875 δὴ
700 808 952 862 τοιούτων
980 812 1073 863 ἐπὶ
1101 811 1319 882 τοιαύτῃ
1353 811 1682 864 καταστάσει
1709 827 1837 861 συν⁴

257 897 606 964 ενεχθέιτων,
635 899 732 968 τὴν
763 899 1021 970 ταχίστην
1077 901 1234 959 αὖθις
1279 902 1424 971 ἐξῄει
1464 902 1576 968 (9-1)
1607 903 1698 954 τοῦ
1741 901 1838 953 ἆσ-

258 1004 383 1048 τεος
413 990 440 1040 6
467 989 940 1057 Καντακουζηνδς,
976 994 1073 1044 σὺν
1105 994 1270 1062 πολλῇ
1300 994 1407 1045 τῶν
1459 993 1674 1045 οἴκοθεν
1703 1009 1838 1061 χρη-

262 1081 452 1146 μάτων
496 1063 818 1152 παρασκευῇ
847 1085 937 1138 καὶ
977 1085 1076 1137 ὅσα
1102 1085 1236 1154 πρὸς
1285 1086 1492 1156 δωρεὰς
1520 1086 1837 1154 φιλοτίμους

256 1171 371 1222 τῶν
400 1172 681 1240 προσιέναι
716 1174 1016 1242 μελλόντων
1072 1178 1220 1245 αὐτῷ
1260 1177 1618 1231 παντοδαπῶν
1665 1178 1836 1231 ἐθνῶν

255 1260 397 1328 ὁμοῦ
427 1261 522 1314 καὶ
577 1264 930 1333 πρεσϐευτῶν
963 1264 1047 1336 [Ρ.
1081 1267 1206 1339 a$75]
1234 1269 1328 1320 ml
1386 1269 1592 1322 πόλεων
1663 1287 1835 1338 παρε-

259 1352 530 1406 σκεύαστο
556 1370 572 1384 ·
608 1355 812 1407 ἔπιπλα
878 1375 1019 1426 φημι
1050 1359 1142 1410 καὶ
1184 1360 1402 1427 χλαίνας
1463 1360 1725 1422 Ἰταλικάς
1779 1361 1838 1425 ἐξ

254 1442 432 1511 ἐρίου,
472 1446 562 1498 καὶ
595 1446 694 1498 ὅσα
749 1448 911 1517 ἕτερα
951 1451 1160 1519 μακρὸν
1213 1451 1274 1504 τὸ
1329 1453 1609 1520 φιλότιμον
1657 1438 1836 1522 ἔχου-σι

257 1534 369 1584 τῶν
429 1535 687 1604 χαρίτων.

333 1622 411 1678 Δ’.
467 1626 593 1690 Ογε
633 1626 737 1695 μὴν
778 1627 1116 1692 Ἀπόκαυκος
1159 1632 1215 1691 ἐς
1239 1631 1298 1682 τ’)
1352 1631 1612 1702 φρούριον
1670 1631 1835 1686 αὑτοῦ

1941 461 2108 513 seque
2161 446 2630 500 exsecrationibus
2664 446 2716 498 in
2765 447 2816 499 id
2868 446 3116 500 maximis
3157 457 3319 514 atque
3371 449 3500 499 lior-

1942 538 2127 591 rendis
2162 537 2410 601 devovit,
2462 538 2512 590 si
2549 537 2825 590 ullatenus
2859 536 3089 590 mendax
3149 537 3203 589 in
3261 537 3329 589 iis
3377 553 3500 603 quia:

1940 627 2170 680 dixisset
2203 635 2554 696 argueretur.
3333 643 3366 654 λ

2013 810 2100 863 lli.
2141 809 2236 862 His
2285 809 2359 862 ita
2407 807 2760 870 constitutis,
2811 809 3006 874 iterum
3043 807 3177 860 urbe
3215 823 3377 876 quam
3408 823 3500 859 ce-

1940 879 2163 954 lerrime
2194 913 2451 969 egressus
2478 907 2567 953 est
2598 896 3032 960 Cantacnzenus,
3060 914 3251 966 magna
3291 899 3498 949 instru-

1939 1000 2058 1046 ctus
2087 990 2401 1044 domestica:
2428 990 2676 1058 pecunia:
2709 989 2781 1050 vi,
2810 1005 3109 1057 earumque
3143 1005 3345 1051 rerum,
3379 1005 3500 1056 quae

1939 1089 2267 1146 comparata:
2288 1087 2471 1132 essent
2491 1077 2558 1130 ad
2581 1078 2952 1131 conciliandos
2970 1080 3288 1132 muneribus
3310 1080 3500 1132 obvius

1939 1183 2188 1238 quosque
2211 1211 2226 1234 ,
2285 1170 2518 1238 populos
2542 1211 2554 1231 ,
2608 1170 2772 1223 urbes
2797 1207 2812 1230 ,
2859 1170 3064 1238 legatos
3093 1209 3107 1225 .
3142 1170 3500 1238 supellectilia

1941 1261 2186 1332 intelligo
2216 1273 2272 1316 et
2313 1271 2494 1316 vestes
2534 1262 2746 1333 Italicas
2792 1279 2855 1316 ex
2887 1263 3031 1322 lana,
3073 1273 3128 1316 et
3161 1278 3500 1330 quaecunque

1940 1357 2041 1408 alia
2078 1356 2471 1424 plurimum/ad
2501 1353 2905 1408 conciliandam
2955 1357 3185 1422 gratiam
3208 1356 3427 1408 .valent.

2010 1613 2214 1666 lV.Ast
2243 1612 2566 1681 Apocaueus
2610 1611 2835 1666 castello
2861 1627 2962 1664 suo
2989 1612 3254 1673 inclusus,
3287 1606 3497 1666 tantum

262 1715 667 1781 συγκλεισθεὶς,
685 1719 818 1770 ,ἀντὶ
846 1719 941 1770 τοῦ
976 1719 1174 1786 μᾶλλον
1207 1698 1556 1790 αἰσχύνεσθαι
1580 1725 1673 1774 καὶ
1705 1723 1829 1790 ἐρυ-

1938 1705 2127 1757 aberat
2158 1715 2217 1758 ut
2268 1703 2478 1770 pudore
2505 1702 2813 1758 alliceretur
2847 1704 3306 1774 erubesceretqtte
3336 1722 3496 1759 suum

256 1803 420 1873 θριᾷν
449 1806 540 1857 ἐπὶ
569 1809 631 1875 τῇ
668 1807 833 1861 αὐτοῦ
863 1811 1107 1880 ἀνάνδρῳ
1131 1815 1225 1864 καὶ
1253 1813 1576 1880 γυναικώδει
1629 1815 1830 1884 διαίτῃ,

255 1897 287 1946 6
329 1895 387 1948 δι
421 1897 732 1950 τούναντίον
786 1901 1092 1969 ὲτετύφωτό
1122 1920 1185 1956 τε
1242 1906 1336 1957 καὶ
1357 1905 1558 1975 ὀφρύος
1616 1906 1833 1974 ἀπάσης

259 1987 440 2053 μεστὰ
483 1987 686 2060 διεξῄει
751 1994 990 2061 ῥήματα,
1028 1995 1120 2047 καὶ
1149 1996 1312 2048 αὑτοῦ
1375 1997 1829 2065 Καντακουζηνοῢ

253 2079 643 2147 κατεμέμφετο
671 2081 942 2149 ἀϐουλίαν,
975 2085 1056 2137 ὅτι
1102 2086 1303 2159 μηκαὶ
1331 2077 1489 2150 abii;
1527 2087 1830 2159 τὴνὸμοίαν

252 2169 601 2237 ἠτοιμάσατο
636 2173 891 2242 πρόνοιαν
919 2175 1116 2245 ἑαυτῷ,
1143 2154 1208 2228 ἵνῖ
1236 2179 1292 2229 ἐν
1331 2181 1540 2246 καιροῖς
1582 2154 1830 2248 ἀνάγκης

255 2260 357 2310 καὶ
385 2261 551 2326 φόϐου
603 2262 842 2318 τοιοῦτον
889 2265 1004 2335 ἔχοι
1044 2267 1178 2336 πρὸς
1215 2268 1520 2336 ἀσφάλειαν
1574 2269 1830 2341 φρούριον

257 2350 650 2419 καταφεύγειν.

333 2438 410 2494 E'.
467 2439 528 2494 '0
573 2443 619 2496 δ’
641 2445 874 2510 ἀκούων,
924 2450 1018 2502 καὶ
1085 2449 1186 2519 τῆς
1235 2451 1446 2505 ἐκείνου
1518 2455 1830 2521 καταγελῶν

258 2530 544 2599 εὐηθείας,
573 2537 826 2600 τοιαύτας
863 2539 1136 2610 ἀντεπῆγε
1165 2541 1264 2605 τὰς
1285 2543 1623 2614 ἀποκρίσεις.
1691 2564 1710 2596 ι
1753 2548 1826 2598 Ui:

256 2621 514 2686 λίθοιςί»,
544 2627 705 2692 φησὶ,
752 2647 770 2680 ι
799 2630 892 2682 καὶ
922 2629 1164 2695 πλίνθοις
1195 2633 1306 2698 ἐγὼ
1323 2635 1420 2702 τὴν
1470 2635 1610 2702 ἐμὴν
1662 2636 1828 2703 τειχί-

256 2710 379 2772 ζειν
409 2713 708 2782 ἀσφάλειαν
728 2717 941 2785 ἔγνωκα
995 2722 1124 2784 δεῖν,
1173 2723 1283 2776 οὐδ⁹
1306 2725 1387 2790 ἐφ’
1415 2724 1556 2776 οὕτω
1613 2730 1828 2796 μικροῖς

253 2801 354 2853 καὶ
395 2801 643 2869 ψευδέσιν
667 2809 788 2876 ἐμοὶ
814 2811 1202 2878 τερατεύεσθαι
1250 2815 1341 2865 καὶ
1363 2815 1618 2885 τοιαύτην
1647 2818 1827 2885 ῥημά-

251 2909 369 2945 των
399 2899 692 2965 προφέρειν
718 2902 1060 2971 κομψότηται
1099 2905 1328 2968 εἴθιστο,
1352 2905 1486 2958 ἀλλά
1537 2908 1615 2973 τῷ
1665 2909 1828 2978 ἡδρα-

253 2982 445 3085 ῗμένῳ
474 2983 564 3036 τοῦ
599 2985 761 3054 ἦθους
788 2989 1210 3060 ὲγκσρτεροῦντι
1252 2993 1512 3063 διηνεκῶς
1569 2997 1826 3066 φρούριον
1855 3031 1895 3085 C

252 3069 406 3136 ἒχειν
446 3072 711 3128 ἀθάνατον
768 3081 861 3130 καὶ
909 3081 1158 3151 ἄγκυραν
1195 3084 1410 3152 ἀσφαλῆ
1454 3086 1673 3156 πρῶτον
1727 3089 1826 3157 μὲν

249 3162 355 3223 τάς
389 3163 524 3230 πρὸς
549 3165 680 3220 Θεὸν
707 3169 1223 3243 ἀναμφισϐητήτως
1282 3177 1524 3247 ἐλπίδας,
1578 3181 1672 3232 καὶ
1729 3180 1826 3250 τὴν

251 3254 469 3307 ἐκεῖθεν
502 3258 781 3327 ἀκήρατον
796 3261 1044 3331 δύναμιν·
1073 3265 1200 3319 ἔνθα
1235 3266 1378 3337 μόνῳ
1402 3273 1824 3342 γεωργουμένης

251 3346 357 3415 τῆς
389 3345 615 3419 γνώμης
666 3351 744 3422 τῷ
768 3353 877 3404 τῶν
919 3354 1133 3423 ἀδήλων
1191 3358 1404 3427 ὲπόπτῃ
1435 3359 1573 3428 Θεῷ,
1616 3362 1678 3413 τὸ
1725 3363 1825 3430 τῆς

253 3439 562 3502 ἀσφαλείας
592 3441 904 3511 ἀμάραντον
924 3445 1008 3497 ἀεὶ
1053 3446 1293 3512 διαμένει
1335 3449 1650 3516 βλαστάνον,
1695 3453 1822 3522 μήθ’

250 3525 742 3596 ἦλιονξπεριμένον
765 3529 875 3598 (92)
909 3532 1007 3600 τὴν
1041 3531 1135 3584 τοῦ
1199 3534 1506 3603 κρείττονος
1549 3538 1821 3606 ἑρμηνεύς

255 3631 426 3666 σοντα
485 3621 688 3687 κρίσιν,
759 3624 895 3690 μήτε
966 3623 1246 3688 Πλάτωνος
1309 3627 1401 3678 καὶ
1451 3629 1822 3696 Δημοσθένους

250 3707 506 3773 γλῶτταν
533 3709 705 3778 ἀϐράν
753 3714 844 3764 καὶ
895 3715 1036 3781 μάλα
1087 3715 1350 3785 λαμπρῶς
1397 3719 1819 3782 ’Δττικίζουσαψ

248 3799 377 3849 ἀλλ’
406 3799 724 3868 αὐτομάτως
754 3802 840 3856 διά
863 3803 960 3873 τῆς
990 3807 1096 3857 τῶν
1137 3807 1478 3875 πραγμάτων
1504 3809 1821 3874 ἀκολουθίας

248 3890 350 3941 ἐπὶ
378 3890 548 3958 μέσης
579 3893 637 3943 τὸ
671 3893 855 3962 θαῦμα
887 3899 1168 3965 μονονουχὶ
1217 3898 1482 3966 κηρύττον
1510 3900 1608 3968 τῆς
1641 3904 1817 3953 οἰκου-

252 3980 452 4048 μένης.
489 3979 577 4034 Ἐν
609 3983 706 4050 μὲν
745 3986 855 4052 γὰρ
873 3987 992 4047 ταῖς
1023 3987 1128 4038 τῶν
1177 3989 1531 4059 προσκαίρων
1568 3993 1819 4060 φρουρῶν

246 4073 352 4126 καὶ
384 4077 765 4143 πυργωμάτων
799 4081 1034 4146 τρυφαῖς
1089 4081 1181 4133 καὶ
1231 4081 1507 4150 βλακείαις
1563 4088 1699 4154 ταχὺ
1759 4086 1820 4136 τὸ

245 4164 492 4234 τερπνὸν
516 4166 845 4236 ἀποθνήσκει
876 4170 972 4237 τῆς
1019 4170 1169 4238 ὥρας
1223 4173 1500 4243 ἐφήμερον
1550 4175 1672 4243 ἔχον
1721 4175 1819 4244 τὴν

249 4251 445 4320 ῥίζαν.
489 4254 628 4322 Ἐγὼ
649 4257 703 4308 δὲ
733 4259 830 4320 τὰς
859 4258 968 4311 τῶν
1014 4259 1316 4329 ἀνθρώπων
1370 4248 1546 4332 ψυχὰς
1597 4266 1820 4337 ἐμαυτῷ

1940 1793 2070 1847 illud
2115 1793 2340 1847 minime
2374 1793 2531 1847 virile
2563 1808 2626 1847 ac
2656 1808 2881 1862 prorsus
2931 1793 3225 1848 femineum
3257 1797 3378 1849 vita:
3410 1796 3497 1849 in-

1941 1884 2227 1939 stitutum:
2269 1885 2433 1938 etiam
2468 1886 2664 1939 animis
2687 1884 2999 1949 inﬂabatur,
3041 1895 3097 1939 et
3128 1890 3290 1941 voces
3320 1890 3498 1942 omnis

1933 1975 2256 2043 arrogantia:
2287 1975 2476 2042 plenas
2496 1977 2756 2045 jactabat,
2778 1988 2832 2030 et
2854 1977 3296 2032 Cantacuzenum
3321 1979 3498 2048 ipsum

1934 2066 2166 2122 inscitiae
2204 2066 2490 2136 arguebat,
2533 2068 2677 2134 quod
2714 2083 2822 2122 non
2860 2080 2922 2122 et
2955 2071 3070 2133 ipse
3100 2071 3204 2124 sibi
3243 2074 3497 2126 cautione

1934 2157 2098 2210 simili
2132 2157 2480 2225 providisset,
2517 2170 2576 2211 ut
2609 2157 2660 2211 in
2687 2161 2948 2213 extremis
2981 2161 3250 2229 angustiis
3278 2164 3497 2230 pericu-

1933 2248 2174 2315 losisque
2228 2249 2575 2317 temporibus
2629 2249 2736 2302 tale
2790 2250 3014 2305 haberet
3069 2252 3377 2322 perfugium
3434 2270 3498 2308 ac

1935 2341 2244 2407 praesidium
2285 2341 2503 2395 salutis.

2005 2432 2066 2487 V.
2107 2437 2176 2486 At
2201 2433 2292 2486 ille
2318 2435 2429 2488 haec
2456 2435 2687 2490 audiens
2715 2436 2952 2492 hominis
2980 2439 3334 2495 stoliditatem
3368 2442 3500 2495 irri-

1930 2524 2114 2586 debat,
2150 2534 2204 2577 ct
2236 2526 2502 2595 ejusmodi
2534 2526 2697 2580 dabat
2725 2529 2773 2580 ei
2808 2545 3068 2598 respmsa
3101 2547 3115 2582 :
3156 2551 3174 2582 ι
3207 2525 3323 2586 Non
3356 2533 3494 2602 lapi-

1931 2614 2094 2668 dibus
2140 2625 2233 2667 aut
2281 2618 2562 2671 laterculis
2613 2633 2787 2672 meam
2857 2622 3088 2674 salutem
3142 2625 3494 2679 muniendam

1928 2706 2085 2776 θοι
2121 2707 2253 2760 mibi
2281 2724 2402 2763 esse
2427 2709 2580 2771 duxi,
2611 2726 2706 2764 nee
2737 2711 2936 2766 talibus
2964 2715 3254 2768 verborum
3293 2720 3496 2786 prtesti-

1929 2796 2030 2864 giis
2056 2811 2187 2850 eave
2221 2799 2487 2852 orationis
2515 2816 2710 2870 pompa
2750 2804 2824 2854 uti
2861 2804 3033 2867 soleo,
3069 2805 3122 2858 in
3164 2807 3328 2861 rebus
3354 2809 3491 2861 adeo

1927 2888 2140 2956 exiguis
2174 2897 2338 2958 atque
2365 2890 2671 2946 fallacibus.
2711 2893 2816 2947 Sed
2849 2895 2904 2946 in
2940 2911 3152 2948 morum
3195 2898 3492 2952 stabilitate

1929 2995 2286 3048 perseverans
2322 2983 2496 3038 habeo
2525 3000 2622 3052 pro
2651 2985 2945 3040 immortali
2987 2989 3260 3055 praesidio,
3294 2989 3494 3044 ﬁrmis-

1933 3073 2179 3143 simaque
2235 3091 2459 3138 ancora,
2495 3077 2672 3144 primo
2711 3092 2836 3146 spes
2887 3079 2938 3131 in
2984 3080 3097 3132 Deo
3125 3090 3304 3135 certas
3331 3098 3344 3144 ;
3376 3090 3489 3136 tum

1933 3164 2103 3216 robur
2147 3163 2276 3218 inde
2325 3164 2620 3220 illibatmn.
2654 3166 2750 3220 His
2800 3168 2996 3231 fretus,
3059 3168 3166 3222 Deo
3221 3171 3345 3231 soli,
3397 3173 3492 3240 qui

1929 3255 2142 3308 occulta
2177 3254 2461 3322 perspicit,
2492 3265 2729 3324 mentem
2762 3259 2972 3311 CXCUIO.
3011 3258 3147 3313 Hinc
3176 3261 3264 3313 illa
3298 3277 3495 3330 percu.

1931 3344 2017 3397 his
2055 3345 2184 3398 mihi
2227 3347 2516 3408 securitas,
2549 3363 2693 3414 qua}.
2718 3363 2817 3401 nec
2854 3349 3022 3401 solem
3071 3363 3349 3418 exspectat
3383 3370 3495 3407 tne-

1931 3437 2066 3490 liora
2099 3437 2532 3501 declaraturam,
2566 3453 2664 3490 ncc
2701 3438 2944 3492 Platonis
2982 3450 3076 3492 aut
3109 3442 3492 3498 Demosthenis

1928 3529 2171 3594 linguam
2209 3528 2496 3581 delicatam
2545 3538 2601 3581 et
2653 3527 2854 3582 eximie
2903 3530 3178 3582 Atticam:
3230 3536 3322 3584 sed
3378 3535 3489 3602 ipsa

1932 3633 2027 3688 per
2057 3633 2114 3671 se
2153 3619 2270 3670 solo
2321 3633 2502 3671 rerum
2555 3633 2844 3687 progressu
2899 3620 3317 3674 admirationem
3371 3627 3489 3678 orbi

1931 3727 2082 3779 paene
2116 3710 2328 3764 indicit.
2356 3712 2458 3774 Qui
2494 3711 2640 3764 enim
2678 3711 3056 3779 praesidiorum
3089 3723 3144 3766 et
3178 3729 3490 3784 propugna-

1928 3804 2175 3856 culorum
2215 3803 2406 3855 insano
2443 3802 2584 3856 fastu
2617 3803 2956 3858 delectantur
2979 3846 2991 3867 ,
3034 3805 3098 3859 iis
3143 3805 3242 3858 ﬂos
3268 3807 3491 3861 da-lieia-

1933 3908 2049 3946 rum
2082 3909 2304 3945 suarum
2352 3893 2463 3945 cito
2510 3894 2763 3958 moritur,
2809 3894 3050 3949 radicem
3084 3893 3311 3951 sortitus
3345 3900 3487 3952 haud

1927 3987 2262 4038 diuturnam.
2299 3983 2411 4053 Ego
2445 4000 2572 4038 vero
2600 3985 2812 4038 animos
2841 3987 2972 4040 mibi
2999 3989 3285 4043 conciliavi
3316 3992 3516 4055 bomi-_

1928 4094 2082 4141 num,
2116 4077 2362 4146 praesidia
2391 4093 2454 4130 ac
2483 4079 2890 4146 propugnacula
2921 4096 3233 4141 numerosa,
3263 4085 3485 4139 eadem-

1927 4182 2033 4236 que
2069 4165 2404 4218 lirmissima.
2443 4163 2554 4218 Illis
2585 4181 2765 4218 meum
2816 4165 2930 4234 ipse
2985 4169 3228 4223 animum
3277 4174 3487 4230 addixi.

1927 4258 2003 4311 Ac
2033 4256 2183 4310 Plato
2210 4256 2428 4324 quidem
2462 4257 2640 4309 alieno
2672 4257 2724 4310 in
2756 4271 2988 4325 corpore
3017 4262 3197 4314 vivere
3223 4269 3490 4320 amatoris

246 4346 635 4400 κατεσκεύασα
662 4350 898 4420 φρούρια
935 4352 1026 4405 καὶ
1075 4351 1317 4423 πρργους
1363 4357 1710 4425 παμπληθεῖς
1764 4376 1818 4410 τε

1931 4347 2166 4400 animam
2207 4345 2366 4399 dixit.
2401 4345 2539 4399 ‘Meze
2571 4356 2752 4400 autent
2789 4347 2985 4402 animae
3016 4349 3064 4401 id
3092 4351 3306 4421 obtigit,
3345 4366 3402 4409 ut
3435 4359 3487 4411 in

237 4436 352 4488 καὶ
389 4436 669 4502 ἀσφαλεῖς.
700 4441 779 4501 είς
815 4439 904 4502 οὓς
927 4442 1246 4513 ἐμϐέϐληκα
1285 4444 1468 4514 φέρων
1503 4447 1667 4510 αὐτὸς
1719 4450 1821 4518 τὴν

238 4528 496 4599 ἐμαυτοῦ
515 4529 715 4600 ψυχήν.
753 4533 860 4586 Καὶ
879 4536 906 4586 6
942 4534 1040 4602 μὲν
1072 4529 1295 4588 Πλᾶτων
1333 4538 1390 4590 ἐν
1418 4538 1684 4611 ἀλλοτρίῳ
1711 4540 1816 4593 σὼ·

244 4633 396 4687 ματι
425 4617 519 4688 ζῇν
545 4622 642 4688 τὴν
673 4619 765 4673 τοῦ
798 4622 1031 4691 ἐρῶντος
1075 4623 1182 4692 ἔφη
1211 4623 1410 4694 ψυχήν·
1474 4627 1573 4697 τὴν
1606 4627 1651 4679 δ’
1681 4629 1820 4698 ἐμὴν

237 4710 436 4778 ψυχὴν
468 4709 566 4762 οὐκ
613 4712 668 4762 ἐν
725 4711 1025 4780 ἀλλοτρίοις
1087 4711 1354 4781 σώμασιν,
1410 4715 1526 4768 ἀλλ’
1551 4719 1607 4768 ὲν
1663 4716 1822 4770 ἀλλο-

243 4802 440 4871 τρίαις
476 4801 775 4872 συνηνέχθη
810 4803 910 4872 ζῇν
929 4806 1048 4868 ταῖς
1091 4805 1310 4874 ψυχαῖς.
1365 4807 1514 4877 Μηδὲ
1552 4807 1660 4877 γὰρ
1718 4824 1824 4860 σω-

224 4873 471 4960 μάτων,
499 4892 634 4945 ἀλλὰ
697 4894 883 4962 ψυχῶν
931 4873 1386 4964 ὑπάρχων-αὑτὸς
1415 4873 1670 4966 ἐραστὴς,
1731 4895 1824 4948 καὶ

239 4983 436 5052 ψυχὰς
509 4986 634 5046 τοὺς
687 4983 922 5052 ἐραστὰς
987 4986 1278 5056 εὐτύχησα·
1318 4987 1410 5039 καὶ
1463 4987 1666 5055 τρόπον
1707 4987 1825 5039 ἓτε-

1923 4439 2119 4492 alienis
2159 4453 2266 4490 non
2318 4437 2646 4506 corporibus
2699 4438 2792 4492 sed
2845 4440 3044 4494 animis
3098 4443 3486 4512 viveretcum

1923 4531 2068 4582 enim
2104 4544 2209 4582 non
2247 4544 2538 4598 corporum
2579 4527 2673 4582 sed
2705 4529 3012 4583 animorum
3047 4545 3259 4588 amator
3287 4551 3486 4602 essem,

1924 4609 2136 4674 animos
2163 4621 2326 4673 etiam
2356 4628 2629 4673 amatores
2654 4619 2758 4674 mei
2783 4623 3022 4674 lucratus
3048 4638 3169 4676 sum
3194 4625 3486 4696 eifecique,

1926 4725 1986 4767 ut
2012 4713 2387 4766 animarentur
2423 4725 2560 4765 nova
2596 4712 2830 4779 quadam
2865 4712 3079 4766 ratione
3112 4717 3278 4769 animi
3318 4719 3490 4786 pluri-

1928 4818 2160 4857 morum.
2192 4800 2472 4871 Ejusmodi
2522 4814 2675 4854 arccs
2705 4803 3018 4868 comparavi
3068 4803 3224 4857 mihi.
3255 4805 3344 4860 Sic
3385 4821 3488 4878 ego

1921 4911 2044 4949 eum
2079 4908 2289 4947 summa
2321 4902 2376 4944 ul.
2407 4891 2804 4960 tranquillitate
2835 4904 2891 4948 et
2923 4895 3202 4963 voluptate
3234 4898 3484 4953 otiinium

1923 4986 2054 5040 mihi
2102 4993 2158 5038 et
2190 4983 2418 5039 aﬂectus
2451 4995 2507 5038 et
2542 4985 2854 5041 voluntates
2881 4987 3155 5052 concilio;
3189 5000 3353 5060 atque
3413 4994 3486 5049 ita

1601 5126 1935 5186 Variorttm
1968 5135 2151 5186 notae.

330 5243 448 5310 (90)
489 5239 807 5315 Cujusm‘odi
862 5247 1029 5300 fuerit
1084 5246 1228 5302 istud
1269 5247 1592 5315 patriarchae
1635 5262 1819 5300 sacra-

249 5325 508 5371 mentum
577 5317 825 5384 pnribus
873 5316 1032 5371 docet
1090 5317 1231 5370 idem
1298 5316 1662 5372 Cantacuzen.
1728 5333 1820 5368 ca-

253 5390 377 5452 pite
413 5389 466 5446 ti,
494 5400 763 5449 extremo,
795 5385 883 5440 ubi
915 5387 983 5440 de
1014 5387 1296 5456 ulmisque
1340 5386 1810 5451 reconciliatione.

250 5460 783 5647 1:(€J:I:)c.8eptemb.
816 5525 902 5580 die
941 5525 1030 5580 28.
1057 5524 1140 5579 Cf.
1183 5525 1405 5581 Cantac.
1437 5526 1534 5580 lib.
1578 5543 1658 5588 Ill,
1691 5543 1812 5596 cap.

334 5633 351 5647 .
425 5608 590 5647 otvta.

334 5633 351 5648 ο
386 5608 590 5647 υυιγικ.

2002 5246 2113 5316 (99.)
2167 5245 2481 5318 Legendum
2512 5246 2655 5318 pﬁtl'
2680 5245 2852 5312 ἥλιον,
2905 5257 3016 5302 etc.
3057 5248 3377 5318 Quanquam
3416 5266 3484 5304 ne

1929 5318 2008 5370 sic
2037 5318 2258 5386 quidem
2305 5317 2460 5370 statis
2491 5317 2684 5384 liquet,
2713 5333 2964 5386 quaenam
2999 5319 3069 5371 sit
3102 5317 3253 5372 triens
3297 5331 3484 5372 aucto-

1930 5389 2021 5439 ris.
2071 5387 2208 5458 l'uto
2245 5386 2395 5458 ἣλιον
2431 5388 2534 5441 hoc
2574 5387 2690 5438 loco
2729 5401 2848 5440 esse
2882 5389 3052 5458 ipsum
3073 5398 3296 5452 tempus.
3328 5390 3486 5458 cujus

1926 5457 2192 5527 beneﬁcio
2238 5456 2498 5510 discimus
2555 5471 2803 5524 quzenam
2843 5457 3071 5510 consilia
3115 5460 3318 5527 optima
3348 5456 3479 5512 sint.

1924 5526 2125 5578 Bonna.
