1999 3105
168 143 223 174 865
373 144 411 179 [Α.
432 153 457 172 c.
481 145 557 182 1542]

664 151 884 181 ΒΥΖᾹΝΤΙΝΑἘ
903 152 1095 183 ΗΙδΤΟῐὶΙιΕ
1119 154 1191 185 LIB.
1213 154 1298 184 XIII.

1365 151 1433 189 [ων.
1460 161 1480 181 ι.
1502 160 1619 182 νλιιοι.
1640 154 1669 191 2]

1739 156 1792 188 866

169 200 296 247 πανταχῆ
309 201 344 227 δι’
360 202 486 238 εὐφήμου
499 205 549 239 τῆς
564 206 674 240 μνήμης
689 207 720 233 τὺ
733 208 832 233 οἰκεῖον
843 207 956 243 ἤλπιζεν

1010 209 1083 236 eonii
1095 210 1334 237 commendatione
1360 211 1533 239 circumferri
1547 219 1627 247 posse
1652 212 1790 246 sperabat.

166 244 255 279 ὄνομα
279 246 409 274 δύνασθαι
434 250 575 284 φέρεσθαι,
597 251 678 277 κάκεῖ
698 253 881 287 προηγεῖσθαι
905 254 953 287 τῆς

168 289 306 323 βασιλίδος
327 293 427 328 Ἀννης
447 295 566 329 τοῦνομα
584 297 632 323 καὶ
648 298 716 332 πρός
741 306 772 331 γε
790 298 835 324 τοῦ
853 298 954 332 ταύτης

168 336 252 367 υἱέως
277 337 337 371 μεθ’
353 339 462 375 ἁπάσης
484 341 593 368 ἐκέλευε
616 343 727 378 γνώμης
751 344 799 370 καὶ
826 344 956 378 προαιρέ-

167 390 240 413 σεως
252 391 259 398 ”
274 383 369 419 ὥσπερ
384 385 437 420 ἄρα
456 388 502 413 καὶ
519 388 588 421 πρὸς
600 389 737 421 Αἰτωλούς
749 398 777 415 τε
795 390 842 415 καὶ
854 391 955 416 Θεττα-

167 427 233 459 λούς
244 437 273 454 τε
283 430 466 464 τὸνἈγγε).ον
476 433 667 460 ἀποστέλλοντι
676 435 797 469 Ἰωάννη,
807 435 871 461 ὥσθ’
881 436 956 462 ἑκόν-

169 483 227 501 των
241 476 337 511 ἄρχειν
351 478 451 510 αὐτῶν,
471 479 508 509 ὠς
529 481 669 514 προϊόντες
690 480 808 515 ἐροῦμεν
822 481 957 508 πλατύτε-

168 528 230 554 ρον,
247 520 384 556 προῦργου
400 522 495 556 γέγονε
513 524 717 552 διακελεύεσθαί
731 534 759 551 τε
779 527 826 552 καὶ
850 535 958 561 παραγ-

167 565 278 598 γέλλειν
290 566 385 594 τούτου
407 577 437 602 γε
457 569 550 596 εἵνεκα
569 570 688 605 μάλιστα
708 572 829 604 πάντων,
858 573 903 598 καὶ
920 573 958 607 μὴ

170 612 308 647 πρότερον
339 613 485 648 μεθιέναι,
512 616 577 650 πρὶν
605 617 686 643 αὐτὸν
716 618 895 653 τελεσιουργὰ
925 619 958 644 τὰ

167 658 261 685 τοιάδε
277 660 331 693 πρὸ
347 660 448 691 παντὸς
470 662 691 696 ἐπαγγείλασθαι
708 664 774 699 δρᾷν
796 664 956 699 παραγγέλ-

171 712 260 738 ματα.
282 705 390 733 Εἶσεται
407 707 434 733 δὲ
457 707 566 740 πάντως
583 710 611 741 ἐς
628 710 658 735 τὸ
678 710 804 745 ἀκριϐὲς,
819 711 848 742 ὃς
865 711 897 737 ἂν
916 712 958 736 ἐν·

167 749 240 785 τύχῃ
257 751 378 787 ζητήσας
389 752 428 787 τῷ
443 755 511 788 πρὶς
528 755 610 781 αὑτὸν
632 756 809 790 θεσπίσματι,
826 756 912 783 ταῦτά
928 765 957 783 τε

167 798 219 824 καὶ
245 798 293 824 ὅσα
322 798 426 831 τούτοις
454 801 634 835 προστίθησιν
653 802 745 836 ὅμοια,
775 804 807 838 τῇ
832 802 955 837 βασιλεία

168 842 231 876 βίου
247 844 377 872 κελεύων.

205 889 244 916 Ζ’.
263 890 343 917 Τοῦθ’
359 892 451 919 Iuctva
475 893 562 927 ἔγωγε
580 894 662 928 μόνον
679 895 726 921 καὶ
746 895 875 930 ἀποχρῶν
888 896 959 930 ἥγη-

170 945 233 970 μαι,
249 937 303 963 τῶν
326 938 414 965 ἄλλων
429 940 515 966 ὁπόσα
534 940 583 976 τὴν
599 941 696 976 ὁμοίαν
717 941 763 968 τοῦ
779 942 860 978 ἤθους
878 943 955 976 εὐγέ-

167 991 246 1008 νειαν
263 983 320 1018 ἔχει
346 985 546 1019 σιωπωμένων,
561 985 684 1019 ἅπαντας
707 987 822 1017 πείθειν.
846 986 886 1019 οἷς
908 988 955 1014 νοῦ

167 1027 219 1053 καὶ
236 1029 395 1063 φρονήσεως
414 1030 541 1064 μέτεστιν
554 1032 687 1063 ὁπωσοῦν,
706 1032 830 1069 θειοτέρα
842 1034 956 1069 προνοίᾳ

166 1074 332 1101 διοικεῐσθαι
345 1076 379 1102 τὰ
394 1077 492 1110 πάντα,
510 1078 558 1103 καὶ
576 1079 687 1114 μηδαμῆ
704 1079 774 1106 κατὰ
790 1080 820 1111 τὸ
834 1080 956 1113 αὐτόμα-

167 1128 216 1145 τον
239 1120 383 1155 φέρεσθαι,
407 1122 468 1157 μηδ’
485 1123 540 1149 ἀπὸ
562 1125 647 1159 τύχης
669 1125 752 1158 τινὸς,
774 1126 848 1161 μήτε
871 1126 955 1161 μηδὲν

166 1165 225 1191 τῶν
243 1165 370 1193 ἁπάντων
383 1166 486 1201 ἕτερον,
507 1169 576 1204 μήτε
591 1170 639 1205 τὴν
655 1170 750 1197 τούτου
765 1173 834 1206 πρὸς
845 1172 895 1207 τὴν
908 1172 956 1207 βα-

167 1212 334 1239 σιλεύουσαν
353 1214 435 1240 πόλιν
452 1215 625 1250 ἀναῖμακτον
647 1216 749 1244 εἴσοδον
767 1219 813 1245 καὶ
833 1218 882 1254 τὴν
901 1219 955 1246 τῶν

167 1256 323 1291 βασιλικῶν
336 1259 478 1294 ἀντίληψιν
494 1260 607 1295 θρόνων,
620 1261 690 1289 οὕτω
707 1264 828 1298 μακροὺς
843 1265 891 1291 καὶ
907 1273 955 1291 πο-

166 1302 286 1334 λυειδεῖς
316 1305 364 1331 καὶ
390 1304 506 1332 θανάτου
535 1306 622 1340 φάναι
652 1308 776 1341 γείτονας
799 1310 955 1345 νενικηκότι

169 1348 325 1380 κινδύνους·
341 1350 399 1376 ἀλλ’
412 1350 487 1386 αὐτῷ
500 1351 550 1384 μὲν
565 1352 683 1386 ἀμοιϐὴν
698 1353 748 1387 τῆς
766 1354 875 1388 μακρᾶς
886 1362 955 1389 καρ-

166 1395 277 1430 τερίας,
295 1396 362 1422 πᾶσι
374 1396 397 1423 δ’
415 1396 449 1424 αὖ
465 1397 582 1425 ἐλπίδων
600 1398 716 1434 ἔρεισμα
731 1400 868 1435 χρηστῶν,
883 1398 923 1431 οἷς
939 1401 955 1436 ἠ

168 1441 271 1475 γνώμη
295 1441 344 1477 τὴν
369 1441 423 1468 τῶν
444 1443 540 1469 δεινῶν
565 1446 716 1482 καρτερίαν
732 1445 821 1480 πέρας
846 1445 956 1480 εὐγενὲς

168 1486 333 1518 ἐκδέξασθαι
351 1487 532 1523 ὑπισχνεῐται.

1010 255 1067 281 illic
1080 255 1163 282 Anum
1181 255 1349 289 imperaticis
1373 261 1401 284 et
1414 256 1461 283 (iiii
1488 257 1549 292 ejus
1575 265 1675 285 nomen
1693 258 1792 293 praeire

1011 301 1085 327 omni
1103 301 1195 327 studio
1209 308 1241 329 ac
1268 301 1409 329 voluntate
1425 302 1549 336 jubebat.
1578 303 1624 330 Sic
1643 304 1674 329 ait
1688 303 1793 330 (Etoios
1812 331 1816 335 ,

1012 345 1210 381 Thessalosque
1223 347 1354 374 Joannem
1368 348 1500 383 Angelum
1517 356 1579 376 cum
1593 350 1723 381 mitteret,
1740 350 1794 376 illis

1010 390 1167 418 volentibus
1182 391 1380 425 praefuturum;
1408 393 1639 427 quemadmodum
1665 393 1735 420 infra
1752 392 1794 418 di!

1010 442 1104 462 centus
1120 435 1229 468 fusius;
1246 437 1283 463 nil
1299 437 1323 464 ei
1341 437 1392 463 iuit
1412 437 1515 471 potius,
1529 445 1610 472 quam
1631 433 1661 464 u't
1685 437 1794 471 juberet

1009 482 1227 516 praeciperctque
1243 482 1309 510 illud
1328 482 1445 510 maxime
1459 491 1466 510 :
1484 490 1532 509 nec
1546 483 1622 517 prius
1637 490 1699 510 eum
1712 483 1794 509 dimi-

1009 527 1055 559 sit,
1071 535 1152 562 quam
1170 528 1215 554 ille
1231 528 1366 563 ejusmodi
1388 528 1515 555 mandata
1531 536 1560 554 re
1574 528 1630 562 ipsa
1647 532 1794 555 exsecutu-

1010 580 1070 599 rum
1085 581 1114 600 se
1126 578 1189 600 ante
1204 574 1296 600 omnia
1315 574 1498 608 promisisset.
1517 573 1604 608 Atque
1635 574 1692 601 hwc
1706 574 1796 608 quivis

1010 619 1230 652 exploratissimo
1244 620 1387 654 percipiet,
1399 620 1562 654 rescriptum
1579 620 1667 654 ipsutn
1681 625 1794 646 nactus:

1010 673 1099 700 neque
1118 665 1290 695 hazcrsolum,
1309 665 1355 691 sed
1370 670 1398 692 ct
1412 673 1582 700 quaecunque
1595 665 1646 692 alia
1661 665 1703 693 his
1717 664 1789 692 simi-

1011 710 1046 736 lia
1063 709 1256 744 addit,jubens
1272 717 1346 741 cum,
1361 710 1484 744 quandiu
1502 710 1626 737 victurus
1636 710 1680 739 sit.
1700 710 1797 737 Roma-

1012 763 1078 782 num
1097 755 1241 790 imperium
1258 755 1332 782 omni
1348 756 1452 782 honore
1467 760 1494 782 et
1515 756 1667 783 reverentia
1692 756 1794 790 colere,

980 801 1125 828 Ῥωμαίων
1157 803 1247 829 πᾶσαν
1273 802 1366 835 νέμειν
1384 801 1453 828 αἰδῶ
1498 803 1546 828 καὶ
1576 802 1721 828 εὐλάῦειαν
1754 802 1797 828 διὰ

976 900 995 927 Β
1045 892 1102 920 VII.
1119 892 1209 920 Unum
1222 899 1273 927 ego
1289 892 1355 919 illud
1371 897 1437 927 puto
1449 891 1574 919 suiiicerc
1590 899 1622 919 ac
1650 893 1716 921 satis
1736 901 1796 921 esse

1010 937 1129 973 (czeteris
1149 936 1267 968 omissis,
1283 944 1343 971 qum
1359 944 1519 972 generosam
1542 936 1664 963 indolem
1692 939 1796 972 pariter

1009 984 1140 1018 arguunt)
1162 983 1195 1009 ad
1212 982 1434 1018 persuadendum
1451 984 1590 1015 omnibus,
1620 983 1668 1018 qui
1695 984 1796 1011 mentis

1008 1034 1037 1057 et
1054 1029 1208 1063 prudentia:
1226 1037 1280 1056 non
1306 1029 1361 1056 sint
1379 1030 1493 1056 omnino
1507 1034 1645 1064 expertes,
1660 1029 1794 1057 diviniori

1008 1074 1180 1110 providentia
1195 1074 1286 1101 omnia
1302 1074 1461 1109 gubernari,
1481 1083 1534 1102 non
1550 1080 1642 1102 autem
1667 1075 1739 1102 volvi
1755 1079 1796 1103 te-

1008 1130 1101 1154 mere;
1130 1127 1211 1156 atque
1245 1126 1276 1148 ut
1301 1122 1370 1149 nihil
1398 1122 1485 1155 aliud,
1518 1123 1554 1149 ita
1582 1130 1633 1151 nec
1647 1123 1713 1150 illud
1729 1130 1795 1150 casu

1009 1169 1109 1198 factum
1125 1170 1220 1201 fuisse,
1236 1174 1266 1195 ut
1282 1169 1489 1197 Cantacuzcnus
1501 1170 1559 1196 sine
1577 1169 1710 1204 sanguine
1723 1170 1796 1202 prin-

1008 1215 1096 1250 cipem
1113 1215 1209 1242 urbem
1235 1215 1352 1242 intraret
1368 1219 1396 1242 et
1412 1216 1481 1242 solio
1500 1215 1676 1249 imperatorio
1692 1216 1796 1248 potire-

1009 1264 1064 1293 tur,
1081 1259 1213 1295 periculis
1229 1259 1313 1286 tantis
1324 1263 1352 1286 et
1365 1263 1420 1286 tam
1450 1260 1648 1293 multiplicibus
1670 1261 1797 1295 myla-

1010 1265 1064 1293 tur,
1081 1265 1213 1295 pertcults
1229 1265 1313 1286 tanlts
1324 1265 1352 1286 et
1365 1265 1420 1286 tam
1450 1265 1648 1293 multtpltCtbtts
1761 1265 1797 1286 la-

1010 1303 1054 1336 tis.
1072 1306 1198 1340 ipsoque,
1218 1310 1249 1332 ut
1275 1305 1311 1331 ita
1325 1304 1427 1341 dicam,
1445 1306 1612 1339 triumphato
1638 1265 1797 1379 ἕη-

1010 1351 1167 1379 mine:scd
1184 1351 1271 1378 fuisse
1297 1351 1363 1378 illud
1392 1351 1442 1379 insi
1469 1352 1580 1379 quidem
1606 1343 1706 1378 Gamac
1744 1360 1796 1378 eno

1009 1351 1167 1379 mine:scd
1184 1351 1271 1378 fuisse
1297 1351 1363 1378 illud
1392 1351 1442 1386 ipsi
1469 1352 1580 1385 quidem
1606 1343 1796 1379 Gan'ta'cﬁeuo

1009 1396 1149 1423 diuturnae
1168 1395 1306 1431 patientia:
1322 1395 1475 1423 mercedem
1489 1406 1495 1427 ;
1511 1396 1572 1422 aliis
1593 1403 1657 1422 vero
1676 1396 1797 1431 quLbo—

1009 1449 1051 1468 nte
1081 1441 1341 1473 conﬁrmationem;
1362 1440 1443 1476 645
1460 1442 1492 1467 iis
1520 1441 1660 1474 videlicet,
1693 1440 1795 1477 uns

1011 1487 1081 1514 mala
1101 1486 1211 1514 fortiter
1229 1486 1412 1514 tolerantibus
1438 1487 1546 1514 animus
1562 1495 1628 1514 suus
1647 1488 1795 1522 gloriosum

1011 1533 1116 1560 exitum
1129 1532 1256 1566 spondet.
1581 1542 1583 1545 ·

205 1577 250 1604 Η’.
266 1577 296 1603 Εἰ
315 1576 369 1611 γὰρ
380 1577 469 1604 πάντα
485 1577 544 1604 καθ’
560 1578 661 1604 ἕκαστα
675 1577 872 1614 βουληθείημεν
886 1578 957 1613 ἀφηα

1048 1578 1116 1607 Vlll.
1136 1578 1214 1612 Quod
1243 1579 1264 1606 si
1292 1579 1382 1606 omnia
1409 1578 1547 1615 sigillatim
1574 1587 1796 1615 percenseamus,

168 1624 291 1657 γεῖσοαι,
307 1623 394 1650 ὁπόσα
408 1624 569 1658 πέπρακται
588 1624 635 1659 μὲν
652 1624 782 1650 ὲπίὸοολα
800 1625 859 1651 κατ’
873 1623 956 1651 αὑτοῦ

167 1670 228 1699 τοῖς
240 1669 359 1704 ἐχθροῖς,
374 1670 423 1697 καὶ
444 1669 538 1696 ὀπόσοι
564 1670 654 1704 φιλίας
669 1670 827 1704 ὑποκριταὶ,
847 1671 958 1696 πάντων

168 1715 193 1741 δ⁴
206 1715 357 1750 ὑπέρτερος
370 1715 438 1750 προς
448 1715 497 1750 τῆς
510 1716 614 1742 ἄνωθεν
627 1714 661 1751 ἢν
673 1716 842 1751 τηρούμενος
855 1716 957 1749 δεξιᾶς,

169 1761 248 1787 δέδια
268 1762 306 1796 μή
335 1770 377 1793 τις
394 1762 486 1796 φιλίας
505 1770 539 1797 με
564 1761 703 1797 γράψηται
719 1762 787 1796 πρὸς
815 1762 861 1788 τδν
875 1762 958 1796 ἄνδρα

173 1808 285 1843 μακρᾶς
300 1807 355 1834 τῶν
368 1807 427 1834 ὅσοι
442 1808 591 1842 γυμνάσιον
606 1808 648 1834 Et:
655 1816 694 1842 ροι
711 1807 835 1843 γλώττης
849 1807 960 1834 ποιοῦν-

170 1863 218 1881 ται
233 1854 350 1889 τὴντῶν
362 1854 391 1881 ἐν
406 1863 438 1889 γε
457 1854 496 1889 τῷ
511 1855 626 1890 παρόντι
643 1855 791 1890 γινομένων
805 1860 958 1889 συγγραφιο

171 1901 225 1933 κῆν
251 1900 391 1935 ἀφήγησιν
419 1900 486 1935 ἡμῖν
511 1908 541 1934 γε
568 1900 780 1935 παραπλησίως.
800 1899 832 1925 Ei
849 1900 903 1934 γάρ
917 1908 959 1930 τις

170 1945 228 1971 τῶν
241 1945 341 1977 ἔξωθεν
358 1946 405 1973 τοῦ
423 1946 458 1972 τὰ
472 1946 561 1972 τοιάδε
584 1945 756 1981 συγγράφειν
782 1945 869 1976 ἑστὼς
886 1953 959 1979 γυμ-

171 1991 279 2023 νασίου,
294 1991 421 2026 καθάπερ
436 2000 478 2023 τις
495 1991 687 2027 Ἑλλανοδίκης
699 1992 745 2018 καὶ
758 1991 865 2026 ἀπαθὴς
880 1991 958 2018 ἀθλο-

174 2036 270 2072 θέτης,
287 2037 374 2064 ἐθέλει
387 2038 508 2070 σκοπεῖν,
524 2037 621 2072 θψεται
637 2037 687 2072 μὲν
699 2037 763 2068 τοὺς
776 2036 874 2068 ἄλλους
890 2036 959 2070 ὀργῇ

174 2083 224 2109 καὶ
248 2082 327 2118 θυμῷ
352 2082 609 2118 στρατηγουμένους
639 2082 685 2108 καὶ
703 2082 860 2116 γράφοντας
885 2080 961 2115 παρὰ

173 2128 304 2155 τυσοῦτον
320 2128 425 2160 πάθους
447 2129 570 2159 ἐκείνους
592 2128 621 2154 οὐ
640 2127 713 2162 μάλα
731 2127 821 2159 ἐκτὸς,
841 2126 961 2161 παρόσον

175 2174 306 2209 ἀληθείας
322 2174 377 2200 οὐδ’
393 2174 461 2206 ὅλως
476 2174 559 2209 ἔμεγε
576 2173 672 2203 ἐκτός.

215 2220 252 2248 8'.
269 2221 305 2247 Οὐ
330 2220 383 2256 γὰρ
408 2220 561 2254 λελείψεται
585 2228 629 2254 μοι
652 2219 708 2245 τῶν
731 2219 841 2245 πάντων
866 2217 961 2250 ὥσπερ

175 2266 250 2292 οἰδὲν
265 2267 318 2293 ¹τῶν
331 2266 545 2301 ἐπαινουμένων,
562 2265 647 2296 οὕτως
663 2264 723 2291 οὐδὲ
735 2264 788 2290 τῶν
802 2263 960 2297 ψεγομένων

176 2312 264 2344 οὐδὲν,
280 2312 306 2337 εἴ
318 2321 344 2338 τι
360 2313 408 2340 καὶ
430 2311 518 2347 τούτῳ
538 2311 630 2345 σαφῶς
648 2310 787 2345 ἀνθρώπῳ
805 2317 836 2343 γε
858 2308 912 2335 θντι
929 2309 960 2342 ἠ·

179 2358 328 2392 μάρτηται,
345 2358 399 2382 εἴτε
411 2358 480 2385 κατὰ
495 2357 607 2393 γνώμην
621 2358 668 2383 καὶ
681 2356 820 2392 βούλησιν,
833 2356 887 2381 εἴτε
901 2353 959 2380 κατ’

178 2404 299 2437 ἄγνοιαν,
317 2403 372 2429 εἴτε
393 2403 503 2437 καὶτῆς
519 2404 564 2428 τοῦ
582 2404 677 2439 χρόνου
696 2411 725 2429 τε
748 2402 795 2428 καὶ
811 2401 864 2427 τῶν
879 2401 959 2433 ἀναγ-

179 2451 263 2476 καίων
282 2449 447 2484 βιαζομένης
457 2448 628 2483 πραγμάτων
639 2450 736 2484 φορᾶς.
754 2448 796 2484 [1³.
807 2447 872 2483 402]
888 2447 958 2473 Πάν-

178 2504 231 2521 των
245 2495 300 2531 γὰρ
309 2495 412 2521 τούτων
431 2495 499 2529 μόνα
513 2494 547 2520 τὰ
562 2494 631 2520 κατὰ
646 2494 757 2528 γνώμην
768 2494 816 2520 καὶ
835 2494 959 2528 βούλητιν

178 2542 234 2575 ἔχει
247 2542 277 2567 τὸ
286 2541 387 2576 κράτος
404 2540 457 2567 τῶν
476 2541 567 2575 ψόγων
578 2541 624 2566 καὶ
640 2539 693 2565 τῶν
708 2540 837 2566 ἐπαίνων.
854 2540 923 2566 Ὅσα
933 2539 959 2565 δὲ

179 2587 290 2623 ῥεούσης
298 2588 329 2613 τό
342 2595 373 2621 γε
385 2587 473 2613 δοκεῖν
482 2587 639 2622 αὐτομάτως
649 2586 695 2612 καὶ
703 2586 788 2619 λόγων
794 2586 846 2612 τῶν
856 2594 960 2620 προση-

179 2633 278 2660 κόντων
301 2633 353 2668 τῆς
374 2633 459 2667 τύχης
477 2633 564 2664 ὲκτὺς,
590 2632 635 2658 καὶ
654 2632 701 2657 νῦν
716 2632 766 2665 μὲν
781 2633 811 2658 τὸ
832 2631 959 2666 εὒδαιμον

178 2681 348 2715 χορηγούσης
369 2679 424 2709 τοῖς
440 2678 592 2713 γινομένος
617 2677 666 2713 ὅλῃ
687 2677 760 2712 δεξιᾷ
783 2677 829 2703 καὶ
850 2677 959 2712 δρόμος

178 2726 311 2760 ἀσχέτως,
325 2724 372 2751 νῦν
383 2725 412 2751 δὲ
423 2724 472 2759 τῆς
487 2724 593 2754 εὐθείας
607 2723 817 2758 ἁποπλανώαης,
835 2724 882 2750 καὶ
895 2724 960 2759 πρὸς

179 2762 317 2806 κρημνοὺς
333 2771 516 2806 ὀδηγουμένης
532 2769 600 2805 ὁμοῦ
625 2770 673 2796 καὶ
690 2770 838 2802 σκοπέλους
856 2767 960 2805 ἀτοπῆ-

180 2817 282 2851 μὰτων,
299 2817 346 2843 καὶ
362 2817 512 2852 πράγματα
530 2816 637 2850 θρήνων
658 2817 743 2851 μεστᾶ
772 2818 819 2843 καὶ
833 2817 960 2851 δακρύων

166 2862 291 2901 μακρῶν
316 2862 509 2897 προξενούσης,
535 2860 575 2893 οἷς
603 2864 787 2897 κακιιπραγείν
813 2863 880 2897 προς
910 2864 959 2897 τῆς

1008 1633 1070 1660 qua:
1090 1630 1118 1652 et
1137 1625 1241 1652 inimici
1266 1630 1293 1652 et
1315 1625 1443 1652 amicitiae
1467 1626 1643 1653 simulatores
1663 1626 1796 1654 insidiose

1009 1671 1142 1698 adversus
1160 1679 1221 1698 eum
1243 1671 1392 1698 machinati
1410 1676 1491 1702 sunt;
1506 1672 1607 1706 quibus
1623 1676 1713 1699 tamen
1734 1680 1795 1699 om-

1009 1717 1091 1744 nibus
1108 1717 1235 1744 altiorem
1261 1726 1324 1745 eum
1348 1718 1476 1752 priestitit
1492 1718 1584 1745 divina
1601 1718 1667 1753 ipsa‘
1683 1721 1795 1751 dextra;

1009 1771 1115 1796 verear,
1131 1772 1166 1791 ne
1181 1772 1224 1791 me
1246 1764 1330 1791 studii
1346 1771 1409 1799 erga
1434 1764 1509 1790 illum
1528 1764 1604 1791 nimii
1621 1770 1732 1792 accuset
1744 1765 1796 1792 ali-

1010 1810 1072 1845 quis
1086 1818 1119 1838 ex
1138 1810 1173 1837 iis
1186 1810 1231 1845 qui
1250 1810 1383 1844 linguam,
1402 1809 1439 1836 uti
1456 1817 1516 1841 nos,
1535 1813 1664 1837 exercent
1685 1809 1712 1836 in
1731 1817 1797 1837 cott-

1010 1856 1154 1884 scribenda
1171 1861 1324 1891 temporum
1339 1860 1496 1882 nostrorum
1510 1854 1634 1882 historia.
1649 1854 1798 1882 Enimvero

1011 1902 1034 1928 si
1055 1902 1117 1937 quis
1130 1908 1205 1930 extra
1220 1902 1292 1929 illam
1310 1900 1504 1928 historicorum
1523 1901 1676 1936 palaestram
1692 1902 1796 1928 consti-

1012 1952 1095 1978 tutus.
1113 1953 1242 1983 tanquam
1258 1948 1423 1983 agonotlteta
1442 1947 1542 1982 aliquis
1558 1954 1590 1974 ac
1610 1954 1706 1982 pugna:
1721 1946 1795 1973 arbi-

1013 1998 1054 2020 ter
1073 1994 1257 2028 incorruptus,
1275 1998 1401 2028 spectare
1419 1993 1497 2025 velzt,
1515 1992 1617 2019 videbit
1633 1997 1707 2020 certe
1728 1992 1797 2019 alios

1012 2040 1059 2067 irae
1081 2041 1228 2074 animoque
1255 2039 1370 2074 obsequi
1396 2043 1524 2074 tanquam
1549 2038 1624 2070 duci,
1648 2042 1731 2073 atque
1759 2038 1796 2065 ita

1011 2085 1142 2117 scribere,
1158 2091 1187 2112 ut
1199 2084 1429 2120 quemadmodum
1441 2092 1491 2120 ego
1505 2092 1559 2111 non
1575 2083 1688 2111 omnino
1700 2083 1797 2110 absum

1012 2140 1027 2159 τι
1044 2132 1168 2164 veritate,
1187 2132 1226 2159 sic
1240 2136 1268 2159 et
1281 2131 1332 2166 ipsi
1351 2131 1385 2158 ab
1407 2131 1482 2158 omni
1498 2138 1610 2166 prorsus
1625 2130 1725 2157 alfectu
1742 2137 1797 2157 non

1013 2179 1067 2206 sint
1082 2179 1174 2206 alieni.

975 2241 1001 2271 Β
1050 2224 1093 2251 IX.
1113 2225 1178 2251 Mihi
1193 2224 1266 2251 enim
1285 2228 1314 2250 ut
1341 2223 1410 2250 nihil
1434 2230 1530 2251 eorum
1550 2229 1611 2257 quae
1634 2221 1796 2251 laudantur.

1014 2270 1051 2297 ita
1071 2278 1121 2298 nec
1133 2278 1228 2298 eorntn
1244 2277 1304 2305 (ιιιιῑΔ
1316 2271 1508 2304 vituperantur
1522 2268 1672 2304 quidquam
1689 2268 1798 2294 omitte-

1013 2318 1068 2345 tur,
1089 2314 1110 2341 si
1130 2314 1195 2349 quid
1211 2315 1244 2340 al)
1257 2315 1308 2341 isto
1329 2318 1422 2348 utpote
1442 2313 1553 2340 homine
1569 2317 1711 2348 peccatum
1729 2319 1796 2338 con-

1010 2363 1074 2389 stet,
1089 2360 1144 2386 sive
1158 2359 1281 2386 consilio~
1296 2366 1327 2385 ac
1350 2358 1502 2389 voluntate,
1521 2358 1578 2384 sive
1602 2365 1650 2392 per
1669 2357 1797 2392 ignoran-

1012 2405 1086 2436 tiam,
1110 2405 1166 2432 sive
1192 2410 1345 2439 temporum
1373 2412 1405 2432 ac
1431 2404 1602 2431 necessitatis
1620 2403 1645 2430 vi
1669 2407 1795 2437 cogente.

1011 2451 1049 2478 Ex
1069 2451 1110 2478 his
1124 2450 1224 2485 quippe
1244 2451 1372 2478 omnibus
1391 2458 1422 2477 ea
1446 2450 1502 2477 sola
1526 2450 1643 2477 maxime
1659 2448 1796 2476 laodamia

1010 2501 1056 2523 aut
1081 2496 1260 2531 vituperanda
1286 2500 1360 2527 sunt,
1386 2504 1446 2531 quae
1470 2503 1522 2522 non
1550 2495 1610 2522 sine
1632 2494 1748 2522 consilio
1765 2501 1797 2521 ac

1010 2542 1149 2569 voluntate
1165 2541 1243 2568 fiunt.
1260 2541 1326 2574 Qua:
1349 2549 1414 2568 vero
1437 2541 1564 2568 accidunt
1581 2541 1693 2572 nitente,
1707 2546 1797 2574 quan-

1011 2594 1068 2615 tum
1083 2588 1193 2623 quidem
1207 2587 1326 2619 videtur,
1342 2591 1446 2614 temere
1462 2591 1489 2613 ct
1507 2586 1574 2613 citra
1593 2585 1677 2620 legem
1693 2589 1796 2612 certam

1011 2634 1119 2662 fortuna
1139 2635 1249 2668 (nempe
1267 2633 1323 2659 inec
1343 2632 1423 2659 modo
1442 2632 1599 2658 felicitatem
1618 2634 1688 2664 larga
1714 2637 1797 2656 manu

1010 2685 1038 2708 et
1055 2680 1163 2715 profuse
1181 2679 1354 2713 itnpertitur;
1373 2678 1479 2704 modoa
1492 2682 1566 2703 rccta
1582 2676 1623 2702 \ia
1636 2676 1798 2702 aberrantes

1012 2726 1038 2752 in
1064 2733 1184 2760 praeceps
1213 2725 1269 2759 agit
1301 2729 1383 2759 atque
1414 2724 1440 2750 in
1473 2722 1601 2757 scopulos
1622 2721 1796 2750 temeritatis,

1012 2772 1175 2805 facessilque
1213 2771 1248 2797 iis
1281 2770 1388 2805 negotia
1423 2769 1514 2795 luctus
1548 2776 1579 2794 ac
1614 2767 1797 2801 lat'rynn-rum

1010 2817 1093 2854 646
1109 2818 1196 2851 plena.
1217 2824 1286 2851 quos
1302 2823 1363 2842 case
1382 2815 1504 2841 infelices
1525 2814 1607 2849 jussit
1625 2814 1783 2848 omnipntcn

1013 2870 1046 2890 tis
1061 2862 1239 2898 providentiae
1252 2861 1415 2895 decretum),
1430 2868 1499 2895 quae,
1518 2860 1639 2893 inquam.
1657 2866 1670 2884 ιι
1688 2860 1799 2885 :ortnua
