3998 6210
515 280 618 349 8'11
803 277 876 348 [Α.
918 293 974 331 κ.
1017 274 1179 338 6851,
1222 287 1330 326 mo.
1374 270 1460 341 ll]

1744 273 2154 333 NIfZEl‘HOllI
2193 271 2574 335 GREGUIUE

3621 261 3716 328 872

2859 263 2992 335 [ιιιιι.
3035 278 3071 316 ι.
3117 275 3346 316 ινιιιεοι..
3385 256 3444 332 Ξ]

517 393 637 447 Νυη
684 391 849 460 igitur
881 388 1138 443 visitandi
1191 401 1336 439 nunc
1387 395 1624 451 tempus,
1658 381 1753 435 sed
1807 381 2084 437 uberrime

2195 398 2340 439 νους.
2374 382 2448 430 Οὐ
2485 380 2715 447 θεωρίας
2739 375 2831 431 03v
2857 379 2884 430 ὁ
2925 381 3114 445 παρὼν
3158 376 3343 444 καιρὸς
3396 373 3511 426 οὐδὲ
3537 374 3714 440 λόγων,

518 481 707 536 flendi.
744 481 936 535 Gravis
968 479 1112 534 enim
1145 478 1233 531 hic
1263 475 1440 539 dolor,
1475 473 1564 541 qui
1595 482 1652 526 et
1696 487 1852 526 acres
1894 475 2085 525 admo-

519 587 648 626 vere
685 571 818 625 mihi
865 569 1115 624 stimulos
1148 577 1204 623 et
1245 565 1514 619 violentas
1551 563 1736 616 anitno
1779 577 1901 616 meo
1937 562 2085 616 faces

2185 469 2321 522 ἀλλὰ
2353 467 2606 538 δακρύων
2661 467 2908 534 μακρῶν.
2951 463 3239 532 Ἐμϐριθὲς
3287 464 3394 532 γάρ
3439 463 3498 514 τὸ
3545 461 3718 522 πάθος,

2185 559 2281 608 καὶ
2311 556 2566 625 δριμείας
2593 554 2692 623 μὲν
2723 550 2970 622 κομίζειν
2999 551 3148 605 δοκεῖ
3177 569 3264 621 μοι
3293 551 3390 614 τάς
3410 548 3718 618 φλεγμονὰς,

520 661 739 715 videtur
759 659 1072 722 subiicere;
1103 657 1360 728 quoniam
1389 653 1531 707 haud
1563 651 1724 706 datur
1750 665 1898 716 eum,
1929 652 2085 721 cujus

2195 647 2550 719 Βριμυτέρους
2587 646 2630 697 δ’
2663 645 2894 710 ἐπάγειν
2923 661 3022 712 μου
3049 646 3116 714 τῇ
3144 641 3287 712 ψυχῇ
3317 643 3440 702 τοὺς
3485 641 3721 709 πρηστῆιι

521 750 839 818 impressam
865 765 994 819 gero
1023 749 1074 802 in
1107 746 1272 802 corde
1303 742 1616 812 imaginem,
1645 742 1878 795 amicum
1910 741 2086 795 intue-

521 843 568 896 ri
602 842 1058 912 pulcherrimum,
1089 834 1456 908 imperatoriis
1482 835 1904 904 circumseptum
1927 849 2086 888 orna-

522 942 748 1004 tumque
776 932 1138 988 exercitibus.
1179 949 1196 981 ι

514 1128 520 1133 ·
590 1111 680 1166 lll.
719 1111 830 1166 Nec
857 1124 987 1164 vero
1017 1109 1069 1163 id
1115 1109 1301 1179 lingua
1331 1109 1449 1179 ejus
1477 1109 1556 1164 sic
1594 1106 1833 1169 dicebat,
1876 1116 1935 1160 ut
1968 1107 2085 1159 ani-

521 1219 644 1258 mus
674 1219 782 1256 non
815 1202 1140 1256 afficeretur.
1178 1199 1283 1254 Sed
1320 1200 1495 1253 multo
1525 1199 1717 1269 majori
1751 1199 1898 1252 intus
1929 1197 2086 1250 dolo-

519 1311 580 1348 re
614 1305 806 1365 pectus
835 1293 1099 1364 ﬂagrabat
1132 1301 1294 1361 atque
1330 1292 1749 1347 incendebatur.
1800 1291 1969 1357 quue
2005 1289 2086 1343 af-

521 1386 740 1440 firmare
784 1385 959 1438 ausim
1015 1383 1268 1453 pluribus
1327 1383 1597 1451 exemplis
1647 1383 1981 1439 declaratum
2019 1381 2087 1434 iri

519 1475 847 1539 evidentius,
902 1473 1236 1542 procedente
1293 1474 1394 1528 hac
1455 1473 1704 1527 historia.
1773 1473 1924 1526 Adeo
1979 1486 2087 1525 non

519 1571 788 1625 Barbaros
839 1569 1074 1624 habebat
1119 1568 1284 1622 homo
1335 1568 1622 1629 barbarus,
1673 1568 1766 1624 sed
1819 1569 2088 1622 humanos

519 1678 723 1727 mores,
757 1674 812 1717 et
844 1661 1087 1717 Graecam
1122 1660 1281 1728 plane
1312 1661 1714 1716 institmionem
1745 1659 2084 1714 'redolentes.

518 1757 726 1810 Murum
757 1755 903 1808 enim
942 1755 1267 1818 similitudo,
1304 1756 1349 1809 si
1388 1754 1460 1807 nil
1489 1753 1746 1822 amplius,
1779 1760 1835 1806 at
1867 1751 2090 1806 Orestas

517 1861 668 1904 certe
706 1849 1044 1921 Pyladasque
1075 1849 1218 1924 inter
1253 1864 1311 1904 se
1345 1848 1647 1907 conciliat:
1680 1857 1735 1901 et
1779 1854 1939 1900 erant
1970 1845 2092 1916 qui-

521 1941 644 1995 dem
679 1941 753 1994 illi
780 1940 971 1994 eztdem
1003 1949 1162 2010 gente
1189 1923 1412 1994 oriundi
1455 1946 1512 1992 et
1558 1938 1824 2008 sanguine
1864 1946 2092 2006 cognato

517 2029 721 2102 juncti,
753 2025 1059 2099 iildemque
1090 2040 1146 2082 et
1178 2027 1394 2100 legibus
1440 2038 1495 2082 et
1537 2025 1844 2096 disciplinis
1875 2024 2088 2079 imbuti.

521 2122 627 2175 lste
662 2132 844 2174 autem
895 2121 1146 2174 barbaris
1188 2121 1510 2190 parentibus
1542 2126 1725 2179 natus,
1763 2117 2009 2171 moribus
2038 2125 2094 2171 et

519 2213 734 2280 legibus
767 2213 1014 2266 barbaris
1044 2229 1073 2266 a
1106 2213 1339 2282 pueritia
1375 2202 1680 2270 institutus.
1717 2209 2008 2279 peregrino
2037 2218 2092 2262 et

517 2319 771 2358 Sermone
817 2312 874 2358 et
913 2304 1061 2357 victu
1093 2319 1216 2357 eum
1257 2311 1526 2367 uteretur,
1565 2303 1725 2372 longe
1754 2301 1913 2363 mari,
1952 2301 2095 2354 mul-

521 2395 590 2448 tis
625 2404 680 2448 et
718 2395 1000 2451 montibus
1025 2404 1082 2449 et
1111 2395 1346 2449 vallibus
1383 2394 1670 2464 profundis
1699 2409 1727 2447 a
1753 2391 2092 2448 Cantacnze-

519 2486 856 2556 nqdivisus,
888 2488 1051 2540 vitam
1098 2501 1322 2556 prorsus
1368 2486 1699 2555 disjunctam
1735 2494 1791 2540 et
1825 2485 1900 2539 illi
1937 2487 2092 2556 igno-

519 2502 554 2538 n
605 2502 856 2549 .utvtsus,
888 2502 1051 2540 vitam
1098 2502 1322 2556 prorsus
1368 2502 1699 2555 utSjunCtam
1735 2502 1791 2540 et
1825 2502 1900 2539 IIII
1937 2502 2092 2556 igno-

479 2616 493 2627 .
520 2502 628 2648 1:31
663 2577 874 2646 agebat,
911 2579 1128 2646 qualem
1157 2577 1338 2646 quivis
1365 2577 1671 2647 alienigena
1701 2595 1714 2631 :
1745 2582 1876 2646 quin
1909 2585 1963 2631 et
1997 2591 2094 2645 pro

523 2649 710 2721 hogtili
744 2668 986 2721 habitam
1029 2668 1197 2738 650
1239 2669 1412 2722 ausim
1459 2668 1663 2723 dicere.
1700 2668 1886 2737 quue
1921 2667 1999 2732 fit,
2036 2675 2096 2721 ut

520 2759 683 2815 longe
722 2758 824 2812 iste
862 2759 1149 2813 intervallo
1181 2757 1302 2815 illos
1339 2757 1551 2812 ratione
1583 2757 1841 2813 amicitia:
1868 2756 2096 2811 transie-

521 2774 609 2812 ton
651 2774 683 2812 o
723 2774 824 2812 me
862 2774 1149 2813 intervallo
1181 2774 1302 2815 tuos
1339 2774 1551 2812 rattone
1583 2774 1841 2813 amicnttc
1868 2774 2094 2811 transte-

521 2774 695 2913 γὸτι
731 2849 852 2920 ejus
890 2848 1062 2918 magis
1095 2864 1258 2918 quam
1293 2850 1510 2902 illorum
1547 2848 1778 2902 allectus
1826 2848 1892 2902 ad
1940 2863 2094 2902 sum-

522 2955 668 2994 mum
700 2937 935 2994 fervoris
963 2938 1190 3010 gradum
1225 2939 1562 3009 pervenerit.

595 3115 684 3169 IV.
724 3114 879 3181 Quod
914 3115 956 3168 si
993 3114 1117 3184 quis
1150 3112 1530 3168 Cantacuzeno
1572 3115 1856 3171 blandiens
1881 3115 1935 3172 in
1965 3130 2093 3171 eum

524 3203 775 3258 Conferat
811 3203 1083 3274 quidquid
1141 3205 1386 3257 melioris
1421 3219 1596 3258 causa!
1631 3204 1758 3270 fuit,
1810 3207 2092 3262 veritatem

522 3299 569 3349 is
598 3296 878 3350 manifesta
913 3296 1110 3361 injuria
1154 3297 1370 3350 alliciat.
1424 3296 1706 3351 Ambobus
1734 3313 1861 3353 sane
1891 3299 1935 3352 si
1969 3300 2094 3368 quis

523 3393 667 3442 hanc
723 3387 927 3441 tribuat
983 3388 1223 3450 laudem,
1274 3388 1482 3442 carebit
1535 3389 1980 3457 reprehensione.
2036 3390 2093 3445 Si

522 3496 654 3533 vero
688 3479 885 3549 aliquis
926 3488 1094 3533 totam
1133 3479 1287 3533 alteri
1333 3479 1552 3548 eripiat,
1602 3495 1668 3534 eo
1700 3481 1843 3547 quod
1894 3481 2089 3534 barba-

524 3587 618 3626 rus
643 3587 844 3642 genere
884 3570 1053 3625 fuerit
1102 3585 1166 3624 ac
1213 3570 1439 3625 minime
1492 3570 1647 3624 nobis
1689 3569 1885 3636 aflinis,
1919 3572 2094 3626 nemi-

526 3675 647 3713 nem
690 3669 820 3727 puto
850 3660 1097 3712 omnium
1135 3658 1272 3721 fore,
1319 3659 1412 3729 qui
1457 3676 1566 3713 non
1601 3660 1751 3713 illum
1787 3663 1982 3715 merito
2013 3679 2095 3715 reo

524 3749 850 3818 prehendat.
882 3751 1206 3804 Animorum
1238 3751 1440 3821 quippe
1468 3753 1780 3821 conjunctio
1808 3763 1865 3808 et
1891 3767 2093 3819 cogna-

523 3844 598 3897 tio
655 3859 761 3896 non
805 3859 873 3897 ex
926 3857 1126 3912 genere
1176 3844 1500 3905 :esimatttr,
1559 3844 1651 3896 sed
1705 3859 1770 3897 ex
1827 3861 1892 3898 eo
1945 3845 2090 3915 quod

523 3935 806 4002 utriusque
828 3918 1018 3987 eadem
1045 3933 1113 3986 sit
1136 3933 1409 3988 voluntas.
1440 3933 1910 3999 Quemadmodum
1941 3935 2087 3989 enim

522 4029 575 4079 in
615 4025 998 4079 instrumentis
1036 4025 1281 4089 musicis,
1319 4024 1490 4087 tibiis,
1546 4027 1696 4096 lyt‘is,
1748 4026 1996 4086 citharis,
2030 4041 2092 4081 ac

525 4118 817 4186 tympanis,
871 4132 981 4169 non
1024 4116 1268 4169 lucorum
1318 4116 1573 4170 vicinitas
1619 4117 1884 4170 musicum
1930 4116 2093 4171 eflii-it

522 4217 872 4270 enni-cntum,
903 4206 996 4260 sed
1029 4221 1291 4260 sonorum
1338 4207 1615 4260 modulata
1647 4209 1956 4270 consensio,
1989 4208 2091 4261 etsi

523 4297 660 4352 Ιοεοίε
694 4297 964 4368 disjuncta
999 4299 1109 4352 sint
1151 4314 1215 4352 ea
1257 4313 1378 4367 quae
1423 4299 1544 4353 soni
1595 4299 1884 4354 efﬁcientia
1936 4309 2088 4364 sunt,

2188 755 2288 808 ρας
2312 754 2325 768 ο
2382 737 2507 789 ιὶπελ⁸
2543 736 2634 788 τὸν
2694 733 3080 787 ὲντυπωθέντα
3154 745 3252 803 μου
3288 735 3354 803 τῇ
3385 731 3573 801 καρδίᾳ
3607 731 3726 784 κάλο

2184 830 2368 881 λιστον
2431 827 2586 896 φίλον
2655 825 2874 895 βλέπειν
2935 826 3038 878 οὐκ
3093 824 3224 894 ἔχω,
3271 825 3383 884 τοῖς
3450 820 3724 890 βασιλικοῖς

2185 920 2571 988 στρατοπέδοις
2605 915 3105 988 περικυκλούμενόν
3133 931 3192 968 τε
3226 915 3323 968 καὶ
3350 910 3728 980 ἐγκαλλωπιζόο

2187 1028 2364 1081 μενον.
2407 1029 2425 1060 ι

2254 1101 2328 1152 Γ⁹.
2363 1100 2469 1151 Καὶ
2501 1099 2597 1150 οὐκ
2617 1097 2770 1165 ἔλεγε
2806 1096 2906 1166 μὲν
2933 1094 3107 1149 ταῦτα
3133 1097 3199 1164 τῇ
3229 1091 3469 1160 γλώττῃ,
3495 1090 3591 1142 οὐκ
3607 1088 3719 1141 ἐπα·

2187 1209 2280 1263 σχε
2335 1192 2391 1244 δὲ
2419 1191 2516 1258 τὴν
2545 1191 2746 1260 ψυχήν.
2783 1188 2946 1242 Ἀλλά
2981 1187 3177 1257 μακρῷ
3203 1202 3308 1242 τινι
3341 1185 3524 1254 μεῖζον
3551 1181 3608 1234 τὸ
3639 1181 3719 1233 πά·

2187 1281 2277 1344 θος
2310 1279 2455 1332 ἔνδον
2477 1279 2642 1332 αὐτοῦ
2675 1281 2774 1347 τὴν
2803 1275 2980 1346 ψυχὴν
3045 1275 3349 1344 δπυρπόλει
3406 1274 3502 1326 καὶ
3547 1272 3723 1332 ἔκαιεν,

2185 1372 2262 1434 ὡς
2307 1373 2716 1440 ἐπιφανέστερον
2763 1369 3005 1438 πολλαχῆ
3073 1367 3374 1436 ¹ιςροῖούσαν
3415 1365 3606 1430 δείξειν
3643 1364 3728 1432 τὴν

2188 1462 2429 1531 ἱστορίαν
2448 1463 2611 1524 αὐτὸς
2643 1461 3015 1533 ἰσχυρίζομαι.
3059 1459 3252 1521 Οὕτως
3291 1458 3353 1511 οὐ
3403 1456 3667 1528 βάρϐαρον
3705 1457 3730 1510 6

2189 1553 2464 1625 βάρϐαρος
2504 1548 2617 1622 εἶχε
2650 1553 2740 1606 τὸν
2783 1553 3006 1622 τρόπον,
3069 1549 3186 1604 ἀλλ’
3236 1551 3446 1620 ἥμερον
3498 1551 3587 1602 καὶ
3623 1565 3732 1600 παι-

2189 1647 2339 1707 δείας
2383 1643 2704 1713 Ἑλληνικῆς
2756 1643 2817 1696 τὸ
2874 1642 3138 1712 παράπαν
3193 1643 3473 1709 ἐχόμενον.
3525 1641 3586 1692 'fl
3640 1639 3734 1710 γὰρ

2123 1729 2164 1787 Β
2193 1737 2447 1807 ὁμοιότης
2474 1736 2582 1788 τῶν
2631 1735 2868 1804 τρόπων,
2919 1736 2966 1787 εί
3025 1733 3098 1802 μή
3144 1751 3192 1785 τι
3266 1733 3448 1797 πλέον,
3499 1731 3607 1784 ἀλλ’
3655 1729 3734 1783 οὖν

2205 1827 2486 1900 Ὀρέεταις
2513 1825 2648 1897 ὁμοῦ
2703 1827 2798 1879 καὶ
2853 1825 3122 1887 Πυλάδαις
3169 1825 3358 1893 σαφῶς
3411 1824 3646 1876 εἰσποιεῖ.
3679 1823 3734 1874 υί

2197 1923 2296 1990 μὲν
2325 1921 2434 1990 γὰρ
2467 1919 2753 1988 ὁμόφυλοι,
2787 1917 2890 1981 κάξ
2947 1918 3196 1987 αἱμάτων
3255 1915 3607 1985 συγγενικῶν,
3653 1914 3737 1967 καὶ

2193 2014 2374 2083 νόμων
2408 2015 2501 2066 καὶ
2533 2013 2872 2083 μαθημάτων
2915 2013 3321 2081 μετεσχηκότες
3349 2009 3484 2082 ὁμοῦ
3506 2010 3608 2063 τῶν
3654 2008 3739 2061 αύ-

2194 2107 2304 2160 τῶν
2331 2119 2345 2135 ·
2378 2107 2405 2158 ὁ
2434 2106 2488 2158 δὲ
2519 2105 2794 2176 βάρϐαρον
2819 2105 2958 2174 ἔχων
2990 2105 3090 2174 τὴν
3135 2105 3378 2172 γένεσιν,
3416 2103 3510 2156 καῖ⁵
3556 2101 3740 2172 βαρϐά-

2197 2210 2311 2262 ροις
2341 2193 2496 2263 ἤθεσι
2521 2211 2579 2246 τε
2606 2193 2701 2246 καὶ
2729 2193 2914 2262 νόμοις
2947 2192 3449 2263 συντεθραμμένος,
3491 2194 3579 2244 καί⁵
3602 2191 3738 2244 ἁλλο-

2197 2286 2350 2356 φύλῳ
2381 2285 2660 2354 χρώμενος
2689 2289 2839 2356 φωνῇ
2881 2287 2974 2338 καὶ
3015 2284 3234 2354 γλώττῃ
3271 2286 3365 2337 καὶ
3414 2284 3607 2356 διαίτῃ,
3655 2285 3740 2336 καὶ

2199 2377 2427 2437 πολλαῖς
2449 2376 2548 2445 μὲν
2581 2377 2897 2441 θαλάσσαις,
2947 2376 3162 2437 πολλοῖς
3191 2375 3242 2428 δ’
3265 2375 3415 2445 δρεσί
3444 2391 3500 2426 τε
3527 2380 3614 2427 καὶ
3642 2373 3736 2441 φά-

2197 2465 2360 2536 ραγξι
2412 2467 2867 2538 Καντακουζηνοῦ
2939 2467 3310 2535 διὶστάμενος,
3370 2469 3589 2534 ἄμικτον
3636 2461 3739 2532 εἶχε

2197 2560 2376 2628 πάντη
2402 2559 2493 2611 τδν
2526 2559 2641 2628 βίον
2667 2560 2816 2629 αύτῷ
2855 2563 2949 2612 καὶ
2999 2561 3231 2635 ἀγνῶτα.
3285 2561 3378 2612 καὶ
3431 2558 3737 2628 ἀλλόφυλον

2196 2651 2357 2722 φαίην
2387 2650 2431 2704 δ’
2464 2649 2529 2704 ἂν
2554 2652 2648 2704 καὶ
2690 2653 2747 2703 ἐν
2770 2652 2978 2721 ἐχθρῶν
3022 2654 3362 2720 τεταγμένον
3421 2652 3578 2724 μοίρᾳ
3603 2667 3616 2681 °
3673 2649 3739 2712 ὡς

2199 2745 2426 2814 μακροῖς
2457 2760 2566 2797 τισι
2595 2743 2680 2796 διὰ
2705 2742 2878 2796 ταῦτα
2916 2745 3030 2806 τοῖς
3067 2745 3296 2814 μέτροις
3337 2749 3538 2796 τουτονὶ
3585 2759 3738 2810 παρεο

2195 2835 2410 2887 λαύνειν
2439 2835 2678 2896 ἐκείνους
2709 2836 2788 2896 εἰς
2819 2834 2975 2901 λόγον
3001 2835 3202 2902 φιλίας,
3229 2835 3326 2888 καὶ
3357 2835 3488 2887 πολὺ
3510 2834 3566 2886 τὸ
3587 2834 3738 2902 ὑπερ-

2197 2926 2390 2979 ϐάλλον
2415 2926 2510 2995 τῆς
2545 2925 2750 2996 θέρμης
2809 2925 2908 2990 τὴν
2954 2923 3146 2977 τούτου
3207 2925 3416 2993 μᾶλλον
3465 2923 3738 2992 κεκτῆσθαι

2199 3021 2404 3090 σχέσιν,
2437 3018 2470 3088 ἢ
2501 3018 2598 3088 τὴν
2629 3017 2874 3071 ἐκείνων.
3457 3022 3461 3027 ’

2192 3118 2194 3121 ’
2236 3111 2341 3164 “Δ’.
2376 3110 2434 3162 El
2470 3109 2526 3162 δέ
2576 3126 2658 3172 τις
2710 3107 3147 3178 Καντακουξηνῷ
3181 3108 3539 3180 χαριζόμενος
3564 3107 3619 3159 τὸ
3645 3107 3739 3160 πᾶν

2197 3202 2294 3272 τῆς
2321 3202 2591 3272 βελτίονος
2648 3203 2830 3265 αἰτίας
2865 3202 3064 3268 τουτῳῒ
3091 3202 3276 3271 φέρων
3325 3203 3611 3272 ἀνατιθείη.
3641 3200 3739 3253 66t-

2201 3298 2425 3365 κήσειεν
2462 3295 2528 3347 ἂν
2565 3294 2622 3357 ἐς
2652 3294 2712 3346 τὸ
2743 3293 3020 3364 προφανὲς
3049 3305 3146 3364 την
3177 3296 3460 3366 ἀλήθειαν.
3508 3294 3743 3361 Ἀμςοτέο

2199 3403 2314 3456 ροις
2339 3387 2448 3457 γάρ
2478 3387 2635 3448 εἴτις
2661 3389 2810 3438 τουτὶ
2854 3388 3143 3455 παρέχοιτο
3179 3389 3442 3456 τάγαθὸν,
3478 3387 3649 3439 οὐδένα
3682 3385 3740 3438 ἂν

2198 3477 2376 3547 σχοίη,
2399 3480 2548 3541 ὅστις
2579 3479 2672 3531 καὶ
2705 3479 3015 3546 μέμφεσθαι
3050 3478 3316 3548 βούλοιτο.
3346 3480 3426 3552 [Ρ.
3455 3477 3572 3550 405]
3597 3477 3736 3538 Εῖτις

2197 3567 2240 3618 δ’
2266 3569 2476 3620 ἐκείνου
2502 3568 2755 3634 καθάπαξ
2787 3566 2931 3620 τοῦτ’
2957 3568 3216 3639 άφαιροίη
3247 3569 3498 3637 τάγαθὸν,
3528 3572 3601 3622 ὅτι
3626 3568 3740 3635 3&9-

2198 3661 2367 3719 ϐαρον
2397 3660 2522 3730 ἔσχε
2557 3661 2617 3712 τὸ
2665 3661 2822 3727 γένος
2857 3659 2953 3711 καὶ
2979 3661 3183 3729 ἥκιστα
3227 3662 3512 3730 συγγενὲς,
3564 3659 3734 3712 οὐδένα

2196 3745 2440 3818 ἂνοῖμαι
2475 3752 2628 3818 σχοίη
2676 3750 2796 3801 τῶν.
2857 3749 3098 3813 πάντων,
3148 3751 3305 3812 ὅστις
3363 3752 3458 3802 οὐκ
3510 3747 3739 3808 ἐπιεικῶς

2200 3841 2496 3909 μέμψαιτο.
2530 3841 2642 3909 Τὴν
2681 3847 2789 3910 γὰρ
2816 3840 2915 3910 τῆς
2938 3842 3116 3912 ψυχῆς
3141 3844 3404 3912 ὁμόνοιάν
3433 3859 3490 3895 τε
3516 3847 3600 3894 καὶ
3626 3857 3741 3903 eur-

2198 3935 2412 3999 γένειαν
2439 3934 2560 4001 οὐχὶ
2585 3934 2644 3984 τὸ
2677 3933 2853 4000 γένος,
2881 3933 2997 3987 ἀλλ’
3049 3936 3081 4005 ἡ
3107 3936 3214 4004 τῆς
3259 3936 3486 4005 γνώμης
3526 3934 3740 3988 δείκνυσι

2195 4024 2484 4092 ταυτότης.
2539 4025 2624 4087 Ὠς
2664 4029 2772 4095 γὰρ
2801 4029 2858 4078 ἐν
2889 4028 2999 4088 τοῖς
3047 4031 3334 4094 μουσικοῖς
3373 4027 3740 4095 ὀργάνοις,ὀιτα

2199 4119 2256 4167 ἐν
2287 4118 2467 4178 αὐλοῖς
2497 4120 2590 4169 καὶ
2620 4117 2813 4186 λύραις
2854 4120 2951 4170 καὶ
3006 4120 3267 4188 κιθάραις
3312 4126 3406 4173 καὶ
3446 4119 3736 4188 τυμπάνοις.

2196 4211 2293 4276 οὑχ
2321 4211 2352 4277 ἡ
2377 4210 2484 4259 τῶν
2507 4209 2686 4261 τόπων
2713 4208 2952 4278 ἑγγύτης
2968 4212 3070 4278 τὴν
3086 4211 3183 4278 τῆς
3215 4213 3484 4282 ἁρμονίας
3507 4214 3738 4280 δημιουρσ

2197 4302 2284 4367 γεί
2308 4302 2650 4368 συμφωνίαν,
2691 4300 2806 4352 ἀλλ’
2838 4301 2869 4370 ἡ
2905 4300 3005 4370 τῆς
3049 4303 3237 4372 φωνῆς
3294 4295 3532 4375 ἐμμελὴς
3585 4301 3741 4371 ὁμοιό-
3783 4331 3789 4344 ι

526 4389 865 4443 tantumdem
907 4404 1126 4458 quoque
1157 4389 1569 4459 deprehendere
1601 4399 1686 4444 est
1722 4399 1777 4444 et
1819 4391 1872 4444 in
1915 4391 2092 4446 homi-

2204 4407 2327 4460 της,
2358 4390 2458 4443 κᾶν
2489 4390 2736 4460 ἀλλήλων
2759 4392 2949 4464 πόρρω
2983 4408 3087 4445 που
3112 4393 3208 4464 τὴν
3270 4397 3502 4465 τοπικὴν
3535 4394 3742 4462 τύχωσιν

525 4495 654 4532 num
685 4479 903 4545 animis,
933 4480 1035 4534 etsi
1069 4481 1209 4534 forte
1233 4495 1297 4534 ex
1326 4480 1584 4551 gentibus
1613 4481 1847 4537 diversis
1877 4481 2093 4552 generis

523 4572 608 4626 sui
641 4572 908 4643 originem
949 4573 1174 4635 ducant,
1207 4573 1308 4628 etsi
1341 4573 1574 4628 infinitis
1603 4589 1632 4628 a
1659 4590 1718 4629 se
1749 4575 1976 4629 invicem
2011 4573 2094 4632 di-

523 4671 668 4716 stent
701 4671 859 4717 terra:
893 4679 954 4716 ac
986 4663 1152 4717 maris
1186 4662 1512 4717 intervallis.

594 4950 659 5004 ν.
706 4951 775 5004 Iis
799 4964 986 5020 porro,
1019 4964 1139 5013 qua:
1165 4947 1299 5011 dixi,
1336 4946 1470 5000 fides
1497 4945 1699 5001 deinde
1731 4946 1940 5001 firmior
1965 4962 2097 5002 con-

527 5042 692 5095 stabit
722 5058 785 5092 ex
830 5040 922 5102 iis,
975 5056 1096 5108 qua:
1131 5039 1461 5107 procedente
1497 5037 1601 5092 hoc
1635 5052 1802 5106 Opere
1847 5038 2098 5092 dicentur

527 5135 594 5187 de.
646 5133 866 5186 homine
917 5133 1031 5192 illo,
1080 5145 1282 5200 genere
1326 5129 1550 5200 quidem
1596 5139 1652 5184 at
1697 5145 1804 5184 non
1852 5131 2098 5184 moribus

529 5221 1139 5290 ilitl‘ilal'O;Clljl1$llltldl
1184 5230 1268 5276 est
1310 5221 1476 5276 istud.
1524 5220 1661 5275 Cum
1695 5235 1762 5274 ex
1802 5218 2100 5291 Didymoti-

525 5321 628 5370 eho
652 5316 966 5385 itnperatrix
1001 5316 1154 5368 lrene
1208 5314 1439 5384 plurima
1481 5315 1529 5368 ci
1583 5315 1846 5378 mitteret,
1877 5330 2002 5383 quae.
2033 5315 2098 5367 ad

528 5411 732 5460 vietum
789 5415 884 5460 aut
937 5407 1002 5459 ad
1055 5405 1314 5459 vestitum
1367 5405 1722 5473 pertinerent,
1768 5421 1956 5472 quaeve
2007 5421 2101 5458 no-

527 5512 555 5546 e
587 5509 847 5548 urnorum
882 5495 1178 5563 legminum
1214 5508 1371 5545 usum
1409 5491 1711 5560 evplerent,
1760 5509 1823 5546 ac
1869 5493 2101 5547 sazvien-

531 5597 637 5636 tum
674 5597 788 5640 tum
821 5589 1084 5656 temporis
1108 5585 1268 5654 651
1301 5585 1658 5637 hibernorum
1694 5585 1956 5654 frigorum
1992 5590 2100 5640 vim

530 5693 716 5734 arcere
747 5689 988 5749 possent,
1039 5679 1174 5731 nihil
1231 5692 1468 5745 unquam
1519 5677 1728 5744 accepit
1760 5693 1772 5742 ;
1811 5678 1968 5746 plane
2001 5682 2098 5732 ab-

2202 4483 2394 4552 ἔχοντα
2433 4483 2580 4535 θέσιν
2610 4484 2679 4536 τὰ
2703 4484 2801 4552 τῆς
2853 4486 3038 4553 φωνῆς
3089 4488 3470 4558 τελεσιουργὶ,
3522 4487 3653 4540 οὕτω
3689 4482 3742 4550 δὴ

2200 4577 2260 4626 το
2292 4573 2673 4645 παραπλήσιον
2705 4575 2980 4630 δείκνυται
3023 4577 3127 4631 κάν
3173 4583 3295 4642 ταῖς
3327 4581 3438 4632 τῶν
3473 4577 3743 4646 ἀνθρώπων

2200 4667 2422 4735 ψυχαῖς,
2473 4670 2579 4719 κᾶν
2627 4667 2958 4736 ἀλλοφύλους
3000 4668 3217 4738 ἔχοντες
3267 4671 3474 4740 τύχωσι
3517 4670 3608 4730 τὰς
3665 4663 3744 4717 τοῦ

2204 4757 2392 4823 γένους
2417 4758 2712 4828 κρηπῖδας,
2735 4761 2840 4812 κάν
2864 4760 3078 4830 μυρίοις
3100 4761 3248 4830 ὅροις
3272 4763 3373 4831 γῆς
3388 4768 3476 4815 καὶ
3505 4761 3744 4825 θαλάττης

2204 4849 2450 4919 ἀλλήλων
2479 4852 2813 4922 ἀπέχωνται.

2279 4943 2353 4996 E'.
2399 4943 2727 5014 Βεϐαιότερα
2757 4945 2802 4998 δ’
2839 4945 2992 4998 ἔσται
3016 4946 3127 5007 τοῖς
3167 4945 3480 5015 εἰρημένοις
3510 4943 3736 5014 ἐχέγγυα.

2205 5039 2375 5088 eam
2427 5041 2669 5106 προῖόντι
2703 5039 2784 5109 τῷ
2811 5041 2953 5109 λόγῳ
2973 5039 3245 5104 λελέξεται
3279 5042 3408 5111 περὶ
3435 5039 3524 5092 τοῦ
3565 5035 3742 5107 βαρϐἁ·

2209 5145 2304 5196 ρου
2331 5127 2487 5181 τοῦδε
2519 5131 2578 5181 τὸ
2613 5131 2767 5197 γένος
2821 5133 2914 5183 καὶ
2943 5132 3002 5182 ού
3033 5133 3124 5184 τὸν
3152 5133 3356 5201 τρόπον
3405 5130 3594 5202 ἀνδρός
3615 5147 3628 5162 ·
3653 5121 3748 5180 οἷον

2207 5218 2270 5284 δὴ
2300 5223 2539 5273 κάκεῖνο.
2581 5221 2816 5273 Πλεῖστα
2840 5223 2947 5292 γάρ
2971 5224 3066 5289 τῆς
3098 5222 3370 5291 βασιλίδος
3407 5223 3636 5292 Εἰρήνης
3692 5219 3748 5268 ἐκ

2208 5312 2592 5380 Διδυμοτεξχου
2659 5315 3010 5383 πεμπούσης,
3068 5318 3238 5368 ὁπόσα
3273 5318 3354 5378 εἰς
3405 5317 3601 5382 τροφὴν
3643 5316 3748 5362 Em-

2211 5402 2418 5468 τῇδεια,
2451 5406 2544 5454 καὶ
2583 5405 2682 5456 ὅσα
2717 5410 2773 5456 ἐν
2806 5405 3094 5474 ἐνδύμασι,
3159 5407 3254 5460 καὶ
3297 5407 3398 5458 ὅσα
3454 5401 3748 5468 νυκτερινῆς

2213 5496 2420 5562 σκέπης
2452 5495 2875 5573 ἀποπληροῦντα
2932 5499 3119 5566 χρείαν
3157 5505 3168 5518 ⁸
3197 5498 3290 5564 τὴν
3340 5498 3434 5550 τοῦ
3494 5494 3746 5565 χειμερίου

2213 5589 2420 5656 ψύχους
2459 5592 2746 5642 ἀποσοϐεῖν
2803 5591 3060 5644 ἐδύναντο
3114 5590 3416 5661 τηνικαῦτα
3461 5585 3748 5654 δριμύτητα

2213 5683 2364 5732 οὐδὲν
2393 5682 2600 5750 οὖδαμῆ
2632 5682 2993 5751 προσεδέξατο
3019 5701 3033 5715 ο
3065 5685 3178 5737 ἀλλ’
3232 5683 3432 5751 ἔφησεν
3477 5677 3609 5732 εἶναι
3663 5686 3747 5724 οϐ’
