3988 6210
497 411 603 475 883
788 405 862 478 [Α.
905 424 957 460 ι.
992 407 1152 470 6831,
1197 425 1299 462 txn.
1345 409 1428 478 ill

1734 415 2149 477 NICEPHORI
2193 419 2578 478 GREGOILE

3645 410 3750 476 884

2901 413 3035 486 [tum
3077 430 3118 467 ι.
3165 428 3400 467 rara-20L.
3441 409 3499 480 2]

494 527 616 596 pias
643 527 804 595 longe
838 542 1118 580 mammas.
1170 527 1342 580 Erant
1395 530 1597 598 quippe
1638 531 1897 603 [leguntne
1943 530 2066 599 qni—

2175 531 2430 599 ναυτικὴν
2445 531 2674 598 δύναμιν
2703 529 2844 598 μάλα
2879 523 3289 597 πολλήν.Ἦσαν
3312 527 3755 596 γὰρῬωμαῖκαὶ

493 617 622 675 dem
674 633 842 675 naves
879 620 1067 687 plures
1109 635 1274 687 quam
1308 621 1734 690 quinquaginta;
1774 624 2067 678 auxiliares

492 719 674 765 autem
729 726 796 764 ex
845 710 1071 772 Perside
1121 710 1242 766 dure
1287 720 1343 766 et
1401 712 1617 780 viginti.
1665 713 1852 768 Rebus
1903 715 2067 783 igitur

494 801 1067 865 Thessalonicensium
1095 817 1162 856 eo
1194 801 1315 871 ipso
1344 803 1432 856 die
1455 813 1618 872 prout
1649 804 1814 858 libuit
1845 805 2068 860 ordina-

495 895 584 956 tis,
614 901 832 960 postera
862 891 950 946 die
977 891 1319 960 Apocaueus,
1354 908 1477 946 cum
1503 902 1558 947 et
1591 909 1684 947 eas
1714 911 1848 962 quas
1875 893 2053 950 Thes-

492 984 752 1037 salonicae
801 983 1090 1036 invenerat
1137 982 1346 1051 copias,
1377 993 1434 1037 et
1464 983 1584 1038 illas
1609 1001 1748 1054 quas
1775 987 1948 1040 classe
1981 1002 2070 1040 se-

496 1089 622 1127 cum
682 1073 990 1127 adduxerat
1048 1083 1153 1125 tam
1195 1059 1525 1128 domesticas
1571 1091 1732 1144 quam
1783 1087 2066 1139 externas,

493 1175 764 1220 armasset
813 1177 870 1220 et
899 1167 1274 1229 instruxisset,
1326 1167 1646 1222 Berrhmam
1704 1169 1947 1224 terrestri
1979 1170 2070 1224 iti-

495 1271 628 1310 nere
675 1272 839 1325 quam
891 1259 1177 1312 celerrime
1205 1259 1476 1328 proficisci
1531 1274 1717 1313 secum
1760 1262 2068 1329 constituit,

497 1348 542 1400 si
577 1349 720 1401 forte
750 1349 1097 1417 imperatoris
1141 1351 1444 1405 exercitum
1500 1353 1717 1422 assequi
1774 1364 1957 1423 posset
2011 1357 2069 1410 in

498 1438 732 1491 transitu
761 1439 876 1507 ejus
917 1439 1086 1501 fluvii,
1120 1441 1213 1510 qui
1255 1441 1574 1500 Berrboaam
1612 1443 1754 1498 inter
1785 1460 1848 1500 ac
1894 1443 2072 1502 Thes-

493 1529 786 1583 salonicam
821 1529 960 1584 fluit.
994 1531 1106 1584 lllic
1140 1533 1289 1586 enim
1321 1534 1555 1588 maxime
1588 1535 1818 1604 putabat
1857 1546 2070 1606 partum

494 1621 560 1676 iri
615 1625 721 1678 sibi
774 1627 1020 1682 audaciae
1070 1629 1355 1696 praemium
1387 1645 1452 1683 ac
1503 1639 1762 1699 tropmum
1813 1628 2075 1697 militare:

502 1715 758 1770 hostibus
780 1716 918 1772 forte
952 1719 1333 1787 manipulatim
1377 1720 1684 1797 dispersis:
1717 1731 1772 1776 et
1822 1723 1910 1778 bis
1949 1723 2074 1793 qui-

493 1807 618 1861 (lem
672 1807 783 1878 jam
847 1809 1131 1879 trajectis,
1186 1810 1294 1866 illis
1339 1826 1472 1867 vero
1518 1812 1700 1867 adhuc
1750 1814 2070 1883 trajicienti-

490 1902 633 1964 bus;
676 1899 802 1954 aliis
844 1899 1083 1970 denique
1111 1912 1334 1971 propter
1368 1903 1514 1973 ripas
1542 1905 1862 1960 transeundi
1898 1920 2064 1963 causa

493 1989 790 2044 stantibus.

565 2078 658 2134 ΙΙΙ.
712 2080 823 2136 Nec
851 2097 982 2136 vero
1013 2081 1310 2150 imperator
1332 2099 1455 2138 cum
1488 2099 1607 2138 sese
1640 2085 1767 2138 inde
1815 2084 2065 2153 proripe-

491 2184 598 2239 ret,
634 2190 866 2229 vacuum
899 2175 1089 2230 labore
1117 2183 1278 2244 atque
1323 2175 1641 2229 difﬁcultate
1687 2176 1787 2230 iter
1818 2175 2066 2229 invenire

493 2266 695 2335 potuit.
727 2266 860 2320 Nam
907 2282 1029 2322 cum
1068 2266 1270 2327 flumen
1333 2266 1476 2320 baud
1524 2282 1741 2336 semper
1793 2282 1892 2319 nec
1930 2281 2069 2335 qua-

492 2374 710 2426 cunque
737 2357 970 2411 transire
1002 2356 1318 2412 volentibus
1371 2356 1582 2410 facilem
1617 2371 1681 2410 ac
1715 2357 1961 2426 pervium
2011 2371 2069 2410 se

492 2447 772 2509 exhibeat,
802 2447 892 2500 sed
919 2447 1170 2515 angustis
1202 2447 1255 2500 in
1287 2447 1438 2509 locis,
1487 2447 1662 2514 iisque
1707 2462 1814 2499 non
1849 2448 2070 2500 cuilibet

482 2540 746 2609 trajicere
780 2539 1020 2607 cupii-nti
1062 2539 1264 2603 obviis,
1311 2537 1404 2592 sed
1455 2539 1656 2609 ignotis
1693 2539 1967 2606 plerisque
2016 2547 2071 2592 ct

492 2629 888 2693 abditissimis;
922 2647 1026 2684 non
1076 2630 1253 2683 solum
1291 2629 1470 2682 hieme
1509 2644 1570 2681 ae
1603 2645 1752 2692 vere,
1798 2646 1905 2697 quo
1938 2639 2072 2680 tem-

497 2737 628 2789 pore
663 2720 837 2788 major
875 2721 1142 2774 exuberat
1175 2736 1438 2787 aquarum
1473 2720 1569 2770 .vis
1593 2761 1605 2780 ,
1652 2718 1868 2771 easdem
1913 2717 2070 2772 solita

495 2817 748 2886 profuere
775 2828 828 2872 et
859 2817 1123 2870 inundare
1149 2826 1418 2870 terrarum
1449 2828 1664 2884 partes;
1689 2813 1782 2868 sed
1815 2823 2072 2868 etaestatc

493 2920 869 2978 autumnoque
896 2928 911 2974 ;
949 2909 1002 2962 in
1035 2909 1202 2962 altera
1233 2907 1380 2961 lluvii
1423 2908 1536 2975 ripa
1565 2907 1674 2959 duo
1700 2905 1921 2960 circiter
1949 2905 2072 2958 mil-

495 2991 966 3054 lia'Triballorum
1013 2999 1242 3053 insidias
1269 2998 1434 3067 660
1477 2999 1528 3051 ei
1572 2999 1774 3058 fecere,
1816 3012 1922 3066 qua
1957 3013 2072 3053 ma-

492 3089 640 3142 xime
675 3098 829 3156 parte
868 3103 994 3141 eum
1035 3103 1160 3140 cum
1213 3087 1458 3141 exercitu
1522 3087 1842 3141 redeuntem
1896 3090 2074 3157 traje—

2179 625 2276 692 μὲν
2308 623 2436 693 νῆες
2471 623 2689 685 πλείους
2721 622 2753 691 ἢ
2795 622 3164 688 πεντήκοντα’
3199 616 3466 687 Περσικαὶ
3493 618 3574 676 δέ.
3606 618 3754 670 κατά

2175 714 2496 782 συμμαχίαν
2528 713 2818 782 ἑπόμεναι,
2871 711 2966 764 δύο
2993 711 3084 762 καὶ
3106 710 3304 763 εἴκοσι.
3341 707 3424 760 Τά
3449 709 3582 774 γοῦν
3607 710 3757 760 κατά

2178 805 2580 874 Θεσσαλονίκην
2611 806 2915 874 πράγματα
2966 800 3287 867 διαθέμενος
3343 801 3663 868 αύθήμερον
3727 803 3756 851 ό

2188 899 2531 959 Ἀπόκαυκος
2557 897 2628 958 ὼς
2657 895 2932 957 ἐϐούλετο,
2982 894 3077 946 καὶ
3113 895 3230 962 ἅμα
3273 891 3615 952 καθοπλίσας
3659 891 3750 943 καὶ

2172 987 2745 1055 παρασκευασάμενος
2776 987 2832 1047 ἐς
2874 984 2972 1052 τὴν
3021 979 3312 1052 ὑστεραίαν
3363 981 3430 1051 ἦν
3482 996 3544 1032 τε
3585 971 3742 1045 εῦρεν

2173 1083 2234 1134 ἐν
2264 1079 2635 1154 Θεσσαλονίκῃ
2660 1077 2892 1144 δύναμιν
2923 1074 3326 1143 στρατιωτικὴν
3369 1073 3465 1126 καὶ
3514 1072 3584 1142 ἣν
3610 1073 3733 1124 ἐπα-

2175 1174 2412 1242 γόμενος
2438 1165 2572 1239 ἦκεν
2589 1169 2747 1230 αὐτὸς
2773 1169 3045 1236 ὀμόφυλόν
3073 1185 3134 1221 τε
3159 1167 3254 1220 καὶ
3281 1165 3588 1234 ἀλλόφυλον
3617 1181 3737 1215 ναυ-

2171 1260 2354 1329 τικὴν,
2383 1261 2484 1328 τὴν
2507 1259 2594 1311 διὰ
2619 1257 2726 1328 γῆς
2758 1258 2849 1310 ἐπὶ
2879 1256 3147 1327 Βέῤῥοιαν
3181 1256 3538 1325 ἐπιταχύνειν
3567 1254 3738 1305 ἐνεθυ-

2176 1351 2328 1422 μήθη
2384 1351 2632 1426 πορείαν,
2673 1350 2727 1401 εἰ
2767 1364 2884 1408 πως
2931 1347 3188 1416 δυνηθείη
3240 1347 3568 1400 καταλαϐεῖν
3623 1347 3752 1414 περὶ

2171 1447 2274 1516 τὴν
2305 1443 2400 1497 τοῦ
2445 1439 2647 1510 μεταξῦ
2685 1441 2948 1511 Βερῤοίας
2975 1439 3071 1493 καὶ
3115 1441 3518 1509 Θεσσαλονίκης
3531 1441 3751 1509 ῥέοντος

2172 1535 2424 1604 ποταμοῦ
2463 1535 2716 1588 διάϐασιν
2749 1532 2862 1599 (90)
2898 1532 2991 1586 τὸν
3021 1535 3115 1584 τοῦ
3173 1531 3440 1596 βασιλέως
3496 1531 3753 1602 στρατόν.

2185 1628 2453 1683 Ἐνταῦθα
2483 1627 2592 1698 γὰρ
2620 1605 2836 1678 ἀνύσειν
2865 1622 3002 1695 ᾤετο
3069 1624 3306 1694 μάλιστα
3344 1623 3554 1693 τόλμης
3601 1622 3760 1689 ἀγώ-

2177 1738 2350 1791 νισμα
2382 1721 2476 1774 καὶ
2501 1719 2766 1788 τρόπαιον
2823 1717 3068 1780 ἔνοπλον,
3119 1714 3757 1784 κατακερματισθέντων

2177 1817 2306 1877 ῐσως
2331 1815 2439 1865 τῶν
2465 1812 2764 1880 πολεμίων,
2784 1797 2880 1864 καί
2899 1810 3007 1861 τῶν
3037 1809 3138 1875 μὲν
3161 1809 3464 1862 διαϐάντων
3493 1806 3618 1876 ἤδη,
3640 1809 3760 1858 τῶν

2169 1906 2216 1959 δ’
2239 1905 2318 1958 ἐτι
2346 1904 2756 1964 διαϐαινόντων,
2807 1901 2916 1954 τῶν
2942 1901 2998 1952 δὲ
3025 1899 3178 1970 παρα
3215 1900 3276 1951 τδ
3302 1897 3476 1966 χεῖλος
3506 1896 3608 1964 τῆς
3632 1897 3761 1949 δια-

2169 1997 2383 2057 ϐάσεως
2416 1994 2750 2062 ἑστηκότων.

2238 2087 2313 2143 1".
2344 2085 2436 2154 Τῷ
2465 2103 2528 2153 γε
2565 2087 2670 2154 μὴν
2708 2082 2921 2150 βασιλεῖ
2956 2081 3512 2152 κατεσπουδασμένην
3539 2095 3762 2142 ,ποιου-

2173 2179 2318 2248 μένῳ
2379 2179 2477 2244 τὴν
2536 2175 2884 2244 ἀναχώρησιν
2940 2173 3060 2225 οὐδὲ
3117 2172 3214 2238 τὴν
3275 2174 3461 2240 πρόσω
3525 2173 3764 2242 πορείαν

2168 2271 2406 2340 ἄμοχθόν
2437 2287 2496 2321 τε
2533 2269 2628 2320 κει)⁸
2663 2266 3051 2334 ἀταλαίπωρον
3089 2265 3270 2334 εὑρεῖν
3310 2265 3608 2330 ἐξεγένετο,
3641 2265 3762 2316 Τοῦ

2169 2363 2277 2430 γάρ
2307 2378 2389 2413 τοι
2423 2361 2670 2428 ποταμοῦ
2715 2358 2896 2429 ἥκισθ’
2935 2360 3057 2411 ὅποι
3109 2357 3454 2426 βουλομένοις
3499 2357 3582 2428 εἴη
3636 2359 3763 2419 τοῖς

2169 2453 2258 2506 ἀεὶ
2284 2453 2579 2505 διαϐαίνειν
2631 2452 2877 2504 ἐθέλουσι
2939 2448 3214 2520 προσηνὲς
3250 2448 3500 2518 πανταχῆ
3531 2454 3622 2500 καὶ
3655 2448 3765 2516 βά-

2172 2559 2330 2611 σιμον
2383 2544 2758 2612 παρεχομένου
2809 2545 2870 2594 τὸ
2917 2542 3172 2611 ῥεῖθρον,
3230 2543 3346 2593 ἀλλ’
3400 2541 3458 2593 ἐν
3522 2541 3762 2610 βραχέσι

2170 2633 2376 2696 τύποις,
2407 2634 2500 2684 καὶ
2542 2631 2757 2694 τούτοις
2789 2631 2894 2686 οὐκ
2935 2635 2991 2693 ἐς
3023 2629 3298 2702 προῦπτον
3340 2632 3614 2699 κειμένοις
3641 2632 3760 2701 ὅτῳ

2171 2723 2238 2775 ἂν
2266 2724 2348 2790 εἴη
2381 2722 2690 2791 βουλομένῳ
2728 2725 2891 2776 παντὶ
2931 2723 3254 2787 διαϐαίνειν,
3295 2722 3411 2775 ἀλλ’
3450 2721 3757 2788 ἀγνώστοις

2170 2812 2245 2876 ὡς
2271 2814 2336 2866 τὰ
2363 2815 2534 2866 πολλὰ
2565 2817 2657 2867 καὶ
2687 2813 2891 2882 πολλὴν
2913 2814 3208 2883 ἐπικρύψιν
3238 2814 3473 2882 ἔχουσιν,
3495 2813 3557 2866 ού
3589 2817 3758 2880 μόνον

2171 2909 2229 2959 ἐν
2287 2905 2557 2976 χειμῶνός
2591 2923 2651 2958 τε
2711 2908 2803 2959 καὶ
2849 2902 2982 2977 ἦρος
3021 2907 3216 2974 ὥραις,
3245 2906 3485 2975 ὁπηνίκα
3527 2905 3753 2974 δαψιλέ-

2174 3014 2364 3065 στερον
2390 2998 2504 3067 ἔχει
2529 2996 2590 3050 τὸ
2614 2997 2814 3068 κράτος
2864 3001 2898 3068 ἡ
2933 2999 3042 3050 τῶν
3089 2997 3298 3051 ὑδάτων
3332 2998 3516 3065 φύσις,
3553 2997 3754 3066 βαπτίο

2177 3089 2347 3152 ζουσά
2376 3105 2435 3141 τε
2465 3090 2556 3142 καὶ
2602 3091 3019 3154 κατακλύζουσα
3050 3090 3117 3143 τά
3162 3087 3445 3160 εἰθισμένα
3482 3089 3626 3160 μέρη
3656 3091 3753 3156 τῆς

495 3189 712 3232 cturum
747 3181 1046 3248 putabant;
1078 3189 1135 3231 ut
1168 3177 1465 3245 derepente
1501 3177 1555 3230 in
1590 3178 1768 3247 ipsum
1804 3195 1905 3233 nec
1949 3181 2066 3249 opi-

2175 3181 2297 3248 γῆς,
2333 3180 2469 3234 ἀλλά
2511 3185 2603 3234 καὶ
2657 3182 2806 3254 θέρει
2860 3201 2920 3236 τε
2967 3185 3062 3237 καὶ
3114 3183 3479 3253 φθινοπώρῳ,
3529 3180 3751 3248 ἐνέδραν

495 3283 720 3326 nantem
776 3273 923 3325 circa
973 3272 1262 3326 transitum
1325 3271 1529 3338 impetu
1588 3269 1753 3332 facto,
1801 3281 2063 3339 tropa‘uln

494 3364 708 3418 illustre
759 3363 910 3418 brevi
949 3365 1368 3419 constituerent.
1424 3361 1534 3416 Hos
1586 3379 1720 3417 vero
1770 3365 2064 3432 imperato-

496 3457 702 3510 riorum
734 3455 966 3510 militum
1009 3470 1379 3525 praecursores
1423 3455 1723 3524 conspicati
1775 3457 1960 3524 procul
2013 3465 2068 3512 et

493 3545 600 3613 ipsi
661 3546 905 3598 animum
967 3545 1394 3615 desponderant,
1449 3555 1506 3598 et
1565 3545 1779 3614 pavoris
1832 3547 2064 3601 multutn

489 3638 759 3692 exercitui
815 3639 1134 3708 iujecerant.

2175 3275 2502 3344 ἐποιήσαντο
2533 3275 2682 3344 παρά
2703 3277 2803 3340 τὰς
2831 3277 2922 3330 ἐπὶ
2951 3275 3154 3347 θάτερα
3186 3275 3279 3328 τοῦ
3307 3272 3554 3341 ποταμοῦ
3586 3271 3752 3340 δισχί-

2173 3366 2277 3418 λιοί
2301 3385 2402 3420 που
2448 3369 2538 3421 τὸν
2580 3371 2814 3440 ἀριθμὸν
2843 3371 3057 3424 ὁπλῖται
3085 3369 3194 3424 τῶν
3223 3367 3572 3437 Τριϐαλλῶν,
3624 3365 3747 3418 ἔνθα

2179 3453 2416 3522 μάλιστα
2439 3455 2735 3512 διαϐαίνειν
2764 3458 3005 3522 ἐπίδοξος
3041 3455 3109 3528 ἦν
3138 3460 3166 3511 ὁ
3199 3456 3448 3526 βασιλεὺς
3478 3455 3628 3508 κατὰ
3655 3453 3742 3522 τὴν

2173 3546 2433 3600 ἐπάνοδον
2466 3548 2603 3617 ὁμοῦ
2629 3549 2708 3619 τῷ
2736 3550 2974 3620 στρατῷ,
2998 3549 3071 3612 ὡς
3104 3549 3170 3603 ἂν
3203 3550 3463 3617 ἐξαίφνης
3497 3546 3742 3614 ἀγνοοῦσι

2173 3641 2301 3710 περὶ
2319 3639 2418 3710 τὴν
2441 3640 2692 3694 διάϐασιν
2714 3643 3134 3704 ἐπεισπεσόντες
3155 3640 3481 3708 περιϐόητον
3511 3641 3740 3709 στήσωσι

488 3733 752 3801 τρόπαιον
781 3732 838 3783 ἐν
879 3731 1090 3801 βραχεῖ.
1137 3728 1372 3792 Τούτους
1404 3745 1467 3796 γε
1504 3729 1612 3799 μὴν
1659 3729 1711 3782 oi
1758 3729 2058 3801 πρόδρομοι
2096 3730 2205 3784 τῶν
2240 3733 2589 3795 στρατιωτῶν
2626 3733 2720 3787 τοῦ
2752 3733 3019 3804 βασιλέως
3081 3731 3366 3804 πόρρωθεν
3421 3731 3738 3800 θεασάμενοι

491 3826 646 3878 αὐτοί
685 3842 746 3878 τε
773 3825 1166 3890 ἀπεγνώκεσαν
1193 3823 1287 3878 καὶ
1313 3824 1535 3895 μακρὰν
1566 3825 1664 3891 τὴν
1704 3823 1908 3878 δειλίαν
1943 3827 2068 3890 ταῖς
2106 3826 2414 3896 βασιλικαῖς
2451 3827 2744 3898 δυνάμεσιν
2775 3825 3210 3896 ἐμϐεϐλήκεσαν.

564 3944 650 3997 IV.
689 3945 767 3998 Ac
815 3942 1063 3996 fortassis
1107 3941 1200 3994 illa
1266 3941 1380 4010 ipsa
1427 3941 1560 3994 hora
1609 3939 1883 4009 profligati
1941 3939 2072 3993 fuis-

493 4045 638 4099 sent,
670 4036 812 4089 inter
841 4033 1069 4087 hostiles
1092 4031 1231 4086 duos
1253 4033 1535 4087 exercitus
1561 4031 1720 4100 quasi
1754 4031 1898 4085 intra
1929 4031 2066 4086 retia

491 4124 898 4194 comprehensi,
930 4123 1152 4177 ﬂumine
1185 4123 1306 4190 ipso
1331 4121 1607 4182 obstante,
1634 4137 1746 4189 quo
1771 4123 1952 4174 minus
1975 4130 2071 4174 aut

493 4227 1036 4280 castrametarentur,
1061 4225 1158 4270 aut
1205 4215 1380 4268 aciem
1413 4214 1518 4268 rite
1549 4213 1931 4277 instruerent;
1961 4213 2066 4266 nisi

494 4310 640 4364 Deus
665 4308 962 4377 derepente
990 4315 1045 4359 et
1075 4321 1142 4358 ex
1188 4302 1485 4372 improviso
1533 4317 1751 4355 manum
1782 4301 1890 4356 illis
1919 4317 2068 4356 com-

495 4400 774 4454 modasset
803 4396 1161 4464 adiutricem;
1211 4393 1377 4458 Deus,
1413 4394 1656 4463 inquam,
1691 4393 1784 4462 qui
1822 4402 1878 4447 et
1923 4408 2067 4461 saepe

499 4491 698 4546 infecta
731 4488 911 4543 reddit
936 4503 1000 4541 ea
1025 4501 1260 4556 quorum
1307 4485 1540 4540 maxima
1565 4493 1684 4540 erat
1710 4484 2066 4553 exspectatio,

498 4583 649 4638 etiis
677 4597 798 4652 quae
829 4580 1057 4635 minime
1095 4579 1324 4650 praevisa
1362 4577 1600 4643 fuerant,
1645 4577 1916 4632 secundos
1953 4577 2066 4631 exi-

2243 3937 2319 3993 A'.
2355 3939 2464 3993 Καὶ
2488 3938 2610 4009 τάχ’
2641 3940 2708 3992 ἂν
2735 3940 2792 3990 ἐν
2830 3939 3024 4006 ἐκείνῳ
3069 3937 3168 4006 τῆς
3215 3935 3364 4006 ὥρας
3409 3935 3732 4006 ἐφθείροντο.

2175 4031 2380 4099 μεταξὺ
2411 4030 2554 4084 δυοῖν
2599 4031 2843 4100 στρατῶν
2877 4028 3150 4098 πολεμίων
3187 4028 3262 4090 ὡς
3294 4028 3352 4082 ἐν
3385 4028 3588 4098 δικτύῳ
3616 4044 3730 4080 συν-

2173 4123 2520 4193 ειλημμένοι,
2554 4123 2650 4175 καὶ
2705 4122 2820 4192 ἅμα
2850 4121 2944 4174 τοῦ
2991 4119 3238 4189 ποταμοῦ
3289 4121 3388 4192 τὴν
3445 4135 3729 4192 στρατοπε⁹

2166 4215 2315 4268 δείαν
2347 4215 2439 4268 καὶ
2466 4215 2563 4285 τὴν
2601 4215 2963 4283 ὀφειλομένην
3000 4211 3308 4282 παράταξιν
3342 4213 3658 4273 κωλύοντος,
3679 4209 3727 4261 εί

2179 4308 2253 4376 μὴ
2286 4307 2422 4370 Θεὸς
2458 4308 2525 4360 ἐκ
2557 4307 2651 4360 τοῦ
2683 4305 2868 4375 σχεδὸν
2895 4304 3307 4374 ἀπροσδόκητον
3334 4304 3618 4373 ἐχαρίσατο
3637 4299 3731 4370 τὴν

2174 4397 2468 4466 ἐπίκουρον
2505 4398 2662 4468 χεῖρα
2685 4413 2698 4426 ’
2733 4396 2792 4460 ὃς
2823 4395 2892 4450 τὰ
2943 4395 3045 4466 μέν
3091 4395 3518 4467 προσδοκώμενα
3548 4391 3729 4445 πολλά-

2174 4507 2260 4552 κις
2294 4489 2552 4560 ἄπρακτα
2581 4489 2790 4559 τίθησι,
2833 4489 2944 4549 τοῖς
2977 4487 3036 4541 δὲ
3069 4488 3296 4556 μηδαμῆ
3327 4485 3727 4559 προσδοκηθεῖσι

2172 4581 2351 4648 δεξιὰν
2383 4580 2674 4654 χαρίζεται
2730 4579 2829 4647 τὴν
2879 4580 3057 4648 λῆξιν.
3103 4579 3450 4642 ’Δπόκαυκος
3485 4579 3579 4647 μὲν
3619 4577 3724 4642 γὰρ

502 4683 594 4728 tus
643 4671 895 4741 largitur.
945 4669 1080 4724 Nam
1133 4669 1457 4738 Apocaucus
1500 4668 1720 4736 quidem
1778 4667 2069 4722 timiditate

2175 4672 2344 4744 δειλίᾳ
2379 4675 2570 4744 μακρᾷ
2616 4673 2715 4744 τὴν
2750 4671 2928 4742 ὁρμὴν
2964 4669 3308 4738 ἀνεχαίτισεν
3347 4669 3572 4723 ἐαυτοῦ·
3601 4666 3725 4735 ἀνὴρ

500 4780 714 4821 summa
750 4778 909 4817 suum
951 4761 1070 4830 ipse
1120 4759 1383 4828 impetum
1435 4759 1714 4828 repressit.
1751 4758 1843 4813 Vir
1889 4767 2071 4812 autem

499 4857 723 4926 quidam
753 4870 818 4909 ex
845 4854 996 4908 illius
1021 4853 1126 4907 loci
1160 4851 1357 4906 incolis
1387 4850 1754 4904 Triballorum
1787 4849 2077 4920 praedatio-

499 4949 666 5004 nibus
722 4961 894 5016 nuper
947 4945 1168 5013 elapsus
1216 4943 1359 4996 ultro
1417 4951 1528 4996 tum
1577 4941 1646 4995 ad
1691 4942 2075 5010 imperatorem

503 5019 1259 5108 transfugit,promisitque,
1306 5033 1674 5088 indicaturum
1730 5047 1788 5086 se
1831 5032 1881 5086 ei
1914 5031 2077 5084 aliam

502 5133 572 5186 ab
601 5147 666 5186 ea
693 5147 812 5201 qua:
849 5139 978 5184 nota
1009 5138 1130 5184 erat
1158 5143 1256 5198 per
1283 5126 1484 5180 flumen
1515 5125 1678 5187 viam,
1712 5123 1756 5178 si
1788 5123 1891 5177 sibi
1943 5139 2081 5177 mer-

501 5239 594 5278 ces
648 5224 873 5277 daretur
933 5222 1096 5292 paulo
1161 5218 1439 5290 pinguior.
1501 5215 1599 5269 His
1667 5214 2078 5268 conditionibus

506 5316 828 5371 transmisso
852 5312 1200 5383 imperatoris
1227 5310 1494 5373 exercitu,
1527 5307 1762 5378 perculsi
1799 5307 1874 5362 rei
1908 5307 2079 5361 mira—

503 5409 626 5461 culo
656 5407 883 5462 Triballi
931 5408 1056 5459 inde
1107 5405 1315 5458 abeunt
1347 5403 1657 5462 celerrime,
1703 5400 1794 5452 alii
1825 5400 1932 5453 alio
1981 5413 2080 5466 per

503 5519 562 5549 ra
575 5516 622 5550 in
653 5499 930 5567 regionem
963 5496 1114 5562 dispe
1126 5494 1220 5553 rsi,

2167 4765 2227 4817 δέ
2248 4783 2331 4828 τις
2355 4764 2462 4817 τῶν
2492 4764 2776 4835 ἐγχωρίων
2807 4763 2944 4835 (91),
2972 4761 3060 4834 [Ρ.
3095 4761 3222 4834 412]
3245 4761 3371 4832 ἄρτι
3394 4762 3491 4833 τὴν
3513 4759 3721 4829 Τριϐαλ-

2168 4857 2275 4910 λῶν
2304 4857 2525 4925 διαδρας
2557 4859 2860 4926 προνομὴν,
2914 4849 3050 4924 ἧκεν
3103 4853 3403 4922 αὐτόμολος
3448 4849 3718 4922 τηνικαῦτα

2172 4947 2248 5017 τῷ
2300 4949 2548 5018 βασιλεῖ,
2611 4948 2805 5012 δείξειν
2865 4945 3339 5014 ἐπαγγελλόμενος
3399 4948 3586 5016 ἑτέραν
3635 4940 3713 5006 τῆς

2175 5040 2522 5110 ἐγνωσμένης
2551 5040 2822 5104 διάϐασιν,
2846 5041 2894 5093 εί
2929 5040 3348 5116 δαψιλεστέρως
3369 5041 3492 5099 τοὺς
3521 5032 3711 5106 μισθοὺς

2173 5131 2456 5185 ἀπολάϐοι.
2507 5133 2632 5184 Ἐπὶ
2669 5132 2734 5202 δὴ
2761 5131 3027 5192 τοιούτοις
3067 5132 3144 5200 τῷ
3184 5131 3398 5199 βασιλεί
3427 5130 3523 5198 τῆς
3551 5124 3715 5180 διαϐᾶ-

2176 5241 2314 5286 σεως
2333 5226 2653 5295 γενομένης,
2678 5225 3046 5293 ἐκπλαγέντες
3069 5225 3276 5278 ἐκεῖθεν
3301 5225 3350 5275 οἱ
3377 5219 3643 5291 Τριϐαλλοὶ
3661 5213 3719 5264 τὸ

2174 5315 2268 5367 τοῦ
2297 5319 2627 5384 πράγματος
2660 5315 2962 5384 παράδοξον
2990 5314 3194 5386 ᾤχοντο
3221 5313 3322 5384 τὴν
3347 5301 3598 5382 ταχίστην
3625 5303 3713 5356 δινᾶ

2177 5409 2275 5476 τὴν
2301 5408 2484 5477 χώραν
2509 5407 2667 5471 ἄλλος
2697 5407 2882 5461 ἄλλοθι
2907 5405 3414 5469 διασκεδασθέντες.

1846 5628 2174 5691 Variorum
2219 5639 2406 5694 nota).

579 5775 693 5842 (90)
755 5777 894 5829 Axii.
951 5777 1248 5830 Cautacuz.
1322 5777 1415 5828 lib.
1449 5791 1526 5832 ιιι.
1551 5789 1669 5839 cap.
1699 5775 1788 5836 58,
1823 5776 1910 5830 59.
1935 5777 2169 5834 Drama.

577 5848 690 5916 illi)
725 5843 1015 5900 Cantauuz.
1042 5849 1137 5900 lib.
1175 5865 1250 5910 ιιι,
1284 5860 1398 5914 mp.
1435 5845 1499 5898 39
1565 5845 1791 5909 DCCANG,
