3988 6210
244 391 357 456 εςο
608 386 660 455 [Α
730 404 779 441 c.
812 346 985 458 ista]

1276 387 1718 452 ΒΥΖΑΝΤῙΝἉΕ
1755 388 2135 455 HISTORIA!
2174 394 2316 457 LIB.
2360 396 2527 455 Xlll.

2608 392 2738 464 [illa
2779 409 2821 449 δ.
2864 408 3098 451 νιιιεεοι..
3139 395 3197 469 2]
3385 374 3513 464 εισ

242 511 451 578 οἶκαδε,
493 509 769 597 sugg/ﬁgam
815 510 885 563 δι’
917 509 1231 577 ἀπόγνωσιν
1268 513 1334 580 τῇ
1366 512 1580 582 ἀνάγκη
1615 510 1805 580 χρησάι

1925 514 2058 567 tium
2117 514 2317 568 reverti
2366 529 2531 583 quam
2575 513 2863 568 celerrime
2908 515 3172 579 volueris,
3203 526 3487 570 auctorem

246 625 431 678 μενος,
472 602 683 677 μακρὸν
728 606 826 675 μὲν
870 603 1130 673 ὀφλήσεις
1176 602 1269 655 τὸν
1302 603 1550 669 γέλωτα·
1591 603 1815 673 αἱσχρδν

242 702 354 771 γάρ
384 714 551 770 φασιν
599 697 912 769 Ὁμηρίδαι,
1774 720 1777 725 -

349 897 540 964 δηρόν
573 913 640 952 τε
664 896 875 966 μένειν
904 898 1119 953 κενεόν
1142 914 1209 951 τε
1235 861 1477 952 ’κέεσθαι
1508 896 1645 971 (97).

214 992 341 1063 ’καὶ
368 1012 507 1078 πρός
547 1027 609 1077 γε
653 1008 907 1080 ζημιώσῃ
956 1010 1055 1073 τάς
1094 1010 1298 1076 πόλεις,
1341 1009 1408 1076 ἃς
1454 1009 1625 1064 ἐπιὼν
1655 1011 1818 1075 αὐτὸς

237 1100 475 1170 ἀπονητὶ
506 1100 759 1164 καθέξειν
785 1100 1011 1165 ιλπίςω.
1047 1102 1106 1155 Et
1130 1102 1187 1155 δὲ
1215 1103 1275 1156 τδ
1315 1100 1389 1173 μὴ
1417 1088 1684 1167 τοιούτοις
1713 1122 1816 1158 πε-

237 1193 653 1262 ριπεπτωκέναι
686 1192 952 1257 κινδύνοις
999 1192 1135 1263 ὁμοῦ
1163 1195 1261 1248 καὶ
1287 1194 1513 1261 ὀνείδεσι
1547 1196 1814 1265 φυλαττό-

235 1300 408 1350 μενος
436 1282 777 1353 παραμένειν
816 1283 898 1338 ἔτι
929 1284 1312 1356 φιλονεικοίης,
1349 1287 1450 1341 οὐκ
1492 1288 1557 1342 ἂν
1589 1288 1814 1357 φθάνοις

242 1380 390 1451 μετὰ
414 1380 506 1435 τοῦ
554 1383 770 1451 γέλωτα
816 1380 1003 1450 δφλειν
1046 1384 1260 1456 μακρὸν
1303 1387 1396 1439 καὶ
1438 1386 1539 1459 τήν
1573 1387 1814 1458 κεφαλὴν

147 1491 167 1548 f'
234 1472 668 1545 ἀφαιρούμενος.
708 1475 802 1528 καὶ
848 1473 1038 1545 βιαίως
1079 1473 1257 1540 οὕτως
1310 1476 1669 1548 ἀπορρηγνὺς
1717 1478 1815 1547 τὴν

144 1546 153 1559 Ι
237 1564 441 1634 ψυχὴν,
470 1566 689 1619 ἐπειδάν
714 1566 1052 1620 κυκλωθετσα
1086 1568 1124 1632 ἡ
1172 1567 1347 1634 πόλις,
1468 1546 1563 1621 *σὺν
1594 1566 1691 1623 νῦν
1721 1546 1816 1639 δρ-

234 1658 533 1728 μητήριον,
571 1657 635 1711 ἔκ
683 1675 744 1711 τε
783 1656 888 1728 γῆς
940 1659 1036 1712 καὶ
1086 1657 1364 1729 ’θαλάττης
1414 1659 1551 1729 μετὰ
1599 1660 1815 1715 πολλῶν

225 1751 483 1813 ἐπιόντος
513 1750 647 1819 ἐμοῦ
672 1750 778 1803 τῶν
805 1751 1111 1821 δυνάμεων,
1153 1752 1245 1805 ἐπὶ
1272 1751 1364 1804 τὸν
1395 1752 1566 1805 αἴτιον
1611 1753 1817 1824 τρέψη-

1919 621 2031 676 ρι-ιιε
2068 606 2453 683 desperatione
2496 615 2719 660 secutus
2767 608 3172 683 necessitatem,
3217 607 3492 662 maximus

1917 699 2025 754 erit
2053 698 2123 753 de
2167 679 2218 752 te
2249 698 2392 752 risus
2429 716 2442 751 :
2481 708 2638 767 turpe
2683 698 2830 753 enim
2883 714 3006 755 esse
3050 679 3362 754 lloinerida:
3405 698 3482 754 di-

1917 793 2131 856 ctitant,
2442 850 2445 855 ,
2656 794 2664 801 '

2217 908 2473 962 mansisse
2498 908 2589 963 diu
2624 922 2951 977 vacuumque
2974 906 3187 961 reverti.

1916 1024 1995 1080 Ac
2028 1031 2295 1094 praeterea
2328 1022 2493 1078 urbes
2514 1022 2820 1078 amissurus
2839 1035 2920 1091 es,
2943 1035 3082 1092 quas
3105 1035 3209 1091 ego
3232 1019 3492 1075 obeundo

1917 1113 2069 1168 nullo
2098 1122 2157 1167 ut
2188 1127 2350 1180 spero
2380 1111 2567 1168 labore
2597 1120 2860 1181 capturus
2898 1124 3043 1165 sum.
3079 1110 3137 1165 Si
3174 1124 3326 1173 vero,
3359 1108 3490 1164 dum

1917 1218 2079 1261 caves
2109 1219 2178 1277 ne
2208 1203 2264 1258 in
2296 1203 2387 1257 illa
2423 1202 2664 1272 pericula
2694 1202 2861 1257 simul
2889 1216 2955 1257 ac
3005 1200 3207 1271 probra
3252 1199 3488 1263 incidas,

1916 1297 2272 1368 pertinaciter
2303 1293 2486 1349 adhuc
2532 1282 2839 1359 rﬁanserisf;
2873 1308 2984 1347 non
3031 1290 3241 1362 poteris
3285 1290 3488 1355 facere,

1917 1388 2050 1460 quin
2075 1396 2274 1458 praeter
2313 1385 2481 1463 risum
2510 1386 2578 1441 de
2614 1394 2666 1440 te
2689 1384 2927 1439 multum
2965 1383 3143 1452 capite
3172 1382 3337 1439 etiam
3375 1382 3493 1450 ple-

1916 1482 2085 1537 claris
2109 1480 2461 1548 animamque
2498 1479 2574 1533 ita
2606 1476 2852 1533 violento
2894 1476 3009 1531 fato
3043 1474 3340 1540 eﬂ'undas;
3373 1486 3491 1528 tum
3520 1477 3531 1483 '

1898 1573 2170 1629 'videlicet
2194 1587 2318 1627 cum
2355 1571 2683 1635 urbs,tuum
2713 1585 2863 1624 nunc
2887 1568 3219 1640 perfugium,
3244 1566 3493 1636 undique

1917 1666 2302 1726 circumsessa,
2338 1671 2567 1734 urgente
2603 1677 2691 1718 me
2722 1662 2933 1731 magnis
2964 1676 3088 1715 cum
3118 1659 3296 1729 copiis
3342 1670 3489 1715 terra

1917 1774 1982 1812 ac
2026 1758 2186 1823 mari,
2228 1756 2282 1810 in
2340 1763 2414 1822 te,
2448 1756 2542 1824 qui
2577 1754 2846 1809 malorum
2894 1762 3087 1808 auctor
3116 1752 3313 1817 fueris,
3352 1751 3490 1804 iram

222 1841 327 1893 ταί
352 1858 413 1893 σε
440 1844 541 1911 τὴν
582 1842 774 1912 ὀργήν.
819 1842 1264 1913 Μεταπέμψομαι
1296 1842 1404 1914 γάρ
1440 1845 1502 1896 οὐ
1556 1845 1805 1898 Θετταλι-

1913 1863 2133 1903 omnem
2157 1854 2357 1902 vertet.
2396 1848 2684 1901 Arcessam
2721 1860 2919 1914 nempe
2956 1858 3069 1898 non
3107 1842 3491 1898 Thessalicum

230 1931 346 2001 χὴν
377 1932 757 2019 μόνονέππον,
793 1934 888 1987 καὶ
907 1936 1009 1988 ὃσα
1040 1935 1254 1989 ἐκεῖθεν
1287 1937 1646 2006 στρατόπεδα,
1673 1938 1811 1991 ἀλλὰ

226 2023 335 2075 σοῦ
361 2040 424 2092 γε
448 2024 635 2077 εἵνεκα
669 2026 764 2079 καὶ
795 2027 1074 2097 Περσικὰς
1101 2027 1158 2095 ἐξ
1208 2028 1394 2092 Ἀσίας
1422 2030 1700 2098 δυνάμεις.
1736 2029 1808 2084 Σὺ

222 2117 347 2184 γὰρ
381 2114 481 2187 ἤδη
513 2116 656 2169 τοῦτ’
695 2118 1030 2188 ἑπεπράχεις
1073 2121 1312 2188 πρῶτος,
1358 2120 1482 2174 καθ’
1518 2120 1807 2192 ὁμοφύλων

214 2204 302 2257 δι’
340 2206 444 2274 ἐμὲ
497 2206 778 2277 Περσικὴν
814 2209 1014 2274 ἐλάσας
1062 2210 1314 2280 δύναμιν.
1368 2212 1443 2265 Τὸ
1487 2212 1535 2265 δ’
1583 2216 1650 2268 ὲκ
1698 2216 1807 2267 τῶν

217 2297 442 2365 ὁμοίων
486 2302 578 2354 τδν
629 2302 948 2373 ἀδικήσαντ’
982 2304 1309 2372 ἀμύνεσθαι,
1351 2310 1400 2363 εί
1434 2309 1535 2379 μὲν
1582 2310 1809 2378 ἀνενέγ-

215 2386 430 2459 κλητον
459 2384 603 2445 εἷναι
654 2394 865 2464 κρίνοις
912 2397 1097 2464 αὐτὸς,
1129 2397 1307 2462 esse;
1354 2400 1488 2468 ἐγὼ,
1533 2404 1632 2457 καὶ
1670 2403 1807 2471 πρὸς

214 2498 257 2536 α
274 2482 414 2535 ἰτιῖιν
440 2482 540 2554 τὴν
573 2485 881 2554 μαρτυρίαν
902 2486 997 2541 τοῦ
1030 2491 1518 2561 συγκεχωρηκότος
1540 2491 1805 2561 λαμϐάνω

214 2574 342 2627 τῶν
416 2575 835 2644 βασκαινόντων,
894 2577 958 2633 Et
1010 2581 1059 2634 δ’
1114 2583 1194 2643 είς
1246 2582 1589 2653 ἐγκλήματος
1648 2584 1805 2653 λόγον

216 2670 259 2724 ά
286 2669 457 2738 ιάγεις
481 2672 686 2740 ¹ιοὺμδν
720 2674 973 2742 πρᾶγμα,
1006 2673 1127 2745 ῶρα
1169 2693 1252 2730 σοι
1282 2676 1615 2744 λογίζεσθαι,
1648 2680 1806 2750 πηλί-

216 2778 347 2813 κων
385 2760 480 2813 καὶ
509 2760 651 2815 ὅσων
680 2762 792 2814 τῶν
825 2762 1186 2835 ἐγκλημάτων
1231 2766 1535 2820 ὑπεύθυνον
1575 2768 1641 2821 σὺ
1673 2786 1806 2821 σαυ-

215 2858 320 2907 τὸν
349 2856 686 2925 ὲπεπράχεις
716 2856 1023 2928 ἐθελοντὴς,
1062 2858 1202 2914 κατά
1240 2862 1300 2912 τε
1342 2857 1427 2931 [Ρ.
1460 2858 1586 2932 415]
1635 2860 1804 2931 μηδὲν

213 2946 545 3010 ἀδικοῦντος
573 2948 711 3001 ὅπλα
742 2948 977 3002 τοσαῦτα
1013 2950 1183 3004 κινῶν
1206 2940 1428 3004 ’ἀσεϐῶν
1462 2953 1667 3022 ἀναμὶξ
1710 2954 1806 3007 καὶ

211 3041 536 3113 ὁμοφύλων,
574 3044 666 3098 καὶ
692 3044 912 3099 πάντων
936 3044 1177 3113 ἀφειδῶν
1210 3045 1533 3115 χρημάτων,
1567 3046 1662 3101 καὶ
1701 3047 1806 3100 πᾶ-

215 3154 323 3190 σαν
374 3135 665 3205 Ῥωμαίων
691 3135 795 3206 γῆν
817 3134 1168 3207 διαφθείρων,
1198 3136 1295 3190 καὶ
1331 3136 1468 3200 νεὼς
1498 3138 1801 3209 καθαιρῶν,

213 3230 315 3281 καὶ
381 3225 706 3297 μιασμάτων
754 3226 1038 3297 ἐμπιπλὰς
1097 3228 1258 3298 ἱερά,
1300 3229 1393 3282 καὶ
1445 3230 1800 3299 πολυτρόπως

208 3323 330 3384 τοῖς
374 3319 544 3382 θείοις
569 3320 938 3389 ἐμπαροινῶν,
971 3320 1066 3374 καὶ
1092 3321 1276 3390 πάσης
1299 3321 1491 3376 πολιὰν
1520 3323 1800 3391 εὐγενείας

210 3413 283 3465 ὲκ
331 3411 505 3481 μέσου
546 3411 738 3475 ποιῶν,
791 3412 885 3465 καὶ
927 3411 1102 3467 πάντα
1139 3414 1349 3484 φύρδην
1389 3415 1500 3468 ἄνω
1528 3415 1623 3467 καὶ
1653 3415 1802 3469 κάτω

211 3503 413 3558 κυκῶν
443 3503 540 3557 καὶ
567 3503 912 3573 διαστρέφων
933 3521 945 3535 ·
983 3505 1068 3559 ἵνα
1098 3505 1153 3559 τί
1189 3506 1450 3577 γένηται;
1488 3507 1575 3561 ἵνα
1604 3508 1669 3560 σὺ
1702 3507 1801 3575 μόο

208 3612 421 3665 ναρχος
447 3598 749 3665 καταστῇς,
781 3595 1027 3666 μείζοσιν
1055 3597 1088 3669 ἢ
1131 3597 1272 3651 κατὰ
1299 3598 1358 3650 σὲ
1390 3599 1483 3652 καὶ
1502 3597 1601 3669 τὴν
1630 3599 1801 3669 τύχην

206 3689 322 3757 τὴν
346 3687 448 3758 σὴν
475 3686 782 3742 ἐπιϐάλλων
807 3687 1120 3758 πράγμασι.
1150 3689 1265 3761 Τῆς
1293 3686 1552 3753 ἀπονοίας
1573 3707 1589 3722 ·
1611 3689 1800 3761 ὥσπερ

204 3781 283 3834 ἂν
315 3781 367 3832 εί
403 3778 593 3849 μηδεὶς
620 3779 727 3846 τῷν
752 3779 1055 3849 γινομένων
1077 3781 1319 3851 ἐπόπτης
1351 3781 1558 3844 δίκαιος
1585 3775 1676 3852 ἦν,
1703 3783 1800 3836 καὶ

204 3869 404 3923 πάντα
440 3869 657 3923 διοικῶν
697 3870 835 3940 πρὸς
874 3870 936 3923 τὸ
978 3871 1215 3941 βέλτιον,
1261 3871 1377 3926 ἀλλ’
1413 3871 1799 3944 ’ἀκυϐέρνητον

197 3957 331 4032 εῐχε
374 3962 439 4015 τὸ
478 3963 588 4017 πᾶν
621 3965 716 4015 καὶ
766 3963 1065 4035 πλημμελῆ
1095 3964 1191 4035 τὴν
1247 3963 1446 4035 φοράν.
1505 3965 1617 4020 Καὶ
1642 3965 1798 4020 ταῦτ’

194 4056 338 4112 οὐδὲ
373 4056 514 4128 πρὸς
540 4054 640 4120 τὰς
684 4056 826 4125 ἐμὰς
870 4057 1048 4125 φυγὰς
1087 4058 1180 4112 καὶ
1217 4059 1385 4128 τύχας
1422 4058 1630 4112 ἀπιδὼν
1672 4077 1800 4115 συν-

193 4150 388 4212 έσεως
428 4146 608 4202 ὁτιοῦν
642 4149 724 4212 είς
750 4147 1063 4220 δυσώπησιν
1108 4149 1377 4221 ἐδυνήθης
1400 4150 1623 4223 λαϐεῖν,
1650 4151 1801 4215 ὅπως

193 4244 339 4304 τιὺς
367 4239 474 4311 μὲν
513 4239 739 4314 φίλους,
761 4239 859 4293 καὶ
892 4239 1094 4305 πολλὰς
1134 4240 1451 4311 ὀφείλοντας
1482 4242 1674 4312 ἔμοιγε
1703 4244 1803 4314 χά-

1912 1942 2074 1997 modo
2101 1941 2433 2010 equitatum,
2461 1948 2516 1994 et
2546 1938 2815 2008 quidquid
2849 1937 3003 1992 illinc
3046 1936 3328 2004 copiarum
3359 1942 3446 1989 est
3472 1950 3488 1999 ;

1910 2033 2006 2088 sed
2042 2033 2121 2088 tui
2157 2031 2379 2101 quidem
2421 2045 2583 2085 causa
2623 2041 2678 2084 et
2728 2029 2980 2084 Persicas
3030 2042 3099 2082 ex
3147 2025 3271 2079 Asia
3319 2024 3488 2078 vires.

1908 2124 2026 2179 Jam
2061 2123 2209 2178 enim
2260 2130 2316 2176 tu
2356 2114 2678 2176 commisisti
2713 2119 2766 2174 id
2797 2120 3029 2190 primus,
3063 2118 3159 2187 qui
3211 2117 3489 2173 Persicam

1886 2192 2134 2271 .inanum
2193 2212 2300 2268 mei
2357 2226 2523 2268 causa
2582 2212 2637 2266 in
2692 2211 2840 2266 cives
2885 2209 3188 2265 immisisti.
3227 2209 3491 2280 Injuriam

1908 2319 2094 2364 autem
2125 2306 2291 2363 simili
2327 2304 2472 2361 facto
2501 2304 2718 2371 ulcisci,
2752 2304 2913 2373 culpa
2945 2303 3109 2374 665
3142 2317 3338 2357 vacare
3370 2300 3490 2371 ipse

1910 2402 1953 2457 si
1979 2400 2216 2472 iudicas,
2245 2400 2513 2455 innocens
2559 2406 2710 2452 certe
2760 2412 2882 2469 ego,
2916 2405 2972 2451 et
3015 2408 3290 2450 concessae
3316 2394 3489 2448 venite

1913 2492 2284 2549 testimonium
2315 2489 2526 2561 accipio
2557 2491 2626 2546 ab
2653 2491 2789 2561 ipsis
2818 2488 3301 2546 obtrectatoribus.
3329 2485 3487 2553 Quod

1909 2587 1954 2640 si
1985 2584 2188 2640 factum
2218 2584 2353 2639 illud
2388 2599 2569 2640 meum
2619 2584 2673 2640 in
2705 2583 2916 2639 crimen
2946 2582 3214 2641 adducas.
3243 2581 3355 2651 jam
3387 2578 3488 2634 tibi

1908 2677 2262 2759 cogitandum
2321 2686 2425 2742 est,
2477 2684 2614 2746 quot
2671 2686 2728 2731 et
2788 2676 3012 2745 quantis
3053 2660 3389 2731 criminibus
3436 2681 3490 2727 te

1907 2768 2208 2825 obnoxium
2252 2768 2394 2822 ultro
2426 2767 2646 2833 feceris,
2683 2783 2809 2822 cum
2858 2776 2939 2822 tot
2980 2766 3037 2820 in
3092 2766 3489 2821 me'innocen-

1909 2866 2018 2912 tem
2072 2853 2378 2909 inﬁdelium
2430 2854 2745 2924 promiscue
2794 2871 2860 2911 ac
2908 2854 3113 2910 civium
3167 2869 3321 2909 arma
3365 2868 3488 2908 mo-

1908 2947 2056 3015 visti,
2107 2963 2232 3004 cum
2294 2948 2434 3003 nulli
2486 2950 2735 3019 sumptui
2797 2948 3117 3019 pepercisti,
3151 2962 3276 3003 cum
3318 2955 3488 3001 totam

1906 3042 2283 3097 Romanorum
2321 3040 2593 3097 ditionem
2639 3042 2949 3109 vastavisti,
2980 3041 3181 3113 templa
3214 3039 3491 3103 evertistl,

1907 3147 2063 3188 sacra
2100 3132 2250 3189 omni
2283 3117 2512 3189 scelere.
2544 3133 2787 3199 violasti,
2822 3150 2948 3190 cum
2980 3134 3038 3188 in
3069 3133 3257 3189 divina
3299 3131 3493 3187 multia-

1908 3206 2180 3280 fariam'et
2220 3226 2664 3295 petulantissime
2705 3226 3006 3281 bacchatus
3040 3240 3122 3291 es,
3152 3238 3278 3279 cum
3308 3224 3491 3279 omnis

1909 3314 2216 3371 nobilitatis
2246 3316 2617 3372 venerandam
2649 3317 2907 3372 canitiem
2951 3316 3020 3371 de
3069 3317 3255 3371 medio
3294 3325 3486 3371 sustu—

1908 3409 2042 3473 listi,
2066 3424 2190 3462 cuin
2223 3407 2406 3462 omnia
2439 3408 2594 3463 nullo
2623 3408 2944 3463 discrimine
2967 3422 3187 3462 sursum
3223 3407 3484 3461 deorsum

1910 3498 2175 3553 miscuisti
2210 3508 2378 3567 atque
2408 3498 2714 3564 invertisti;
2759 3513 2871 3568 quo
2901 3497 3178 3553 consilio?
3220 3497 3486 3552 nimirum

1910 3604 1970 3648 ut
2004 3600 2061 3644 tu
2088 3589 2237 3644 solus
2264 3604 2449 3643 rerum
2485 3581 2754 3658 po‘tirere,
2784 3591 2990 3659 majora
3038 3597 3091 3644 te
3119 3603 3186 3643 ac
3214 3600 3304 3643 tua
3344 3603 3483 3642 con—

1907 3683 2118 3738 ditione
2152 3680 2449 3737 .all‘ectans.
2486 3681 2633 3738 Proh
2685 3681 3054 3753 dementiam!
3088 3682 3246 3751 quasi
3304 3681 3489 3736 nullus

1906 3776 2050 3831 foret
2074 3776 2282 3831 arbiter
2302 3776 2512 3846 justus,
2537 3791 2568 3829 ιι
2603 3790 2715 3845 quo
2743 3776 3089 3845 aspiceretur
3112 3774 3488 3845 quodcunque

1908 3868 1991 3934 ﬁt,
2021 3885 2052 3922 a
2091 3884 2200 3938 quo
2254 3868 2441 3923 omnia
2489 3883 2655 3937 quam
2687 3868 2892 3938 Optime
2921 3862 3486 3933 administrarentur;

1907 3966 2001 4023 scd
2054 3966 2313 4021 universa
2349 3964 2502 4019 nullo
2553 3971 2792 4030 rectore,
2823 3963 2975 4018 nulla
3026 3962 3145 4032 lege
3208 3962 3374 4017 irent.
3408 3961 3488 4016 Ac

1907 4074 1977 4115 ne
1993 4058 2217 4130 quidem
2246 4044 2329 4112 ad
2343 4073 2463 4113 mea
2493 4056 2687 4112 exsilia
2709 4069 2968 4125 measque
2989 4053 3330 4110 calamitates
3357 4069 3482 4108 eum

1909 4153 2242 4223 respiceres,
2284 4150 2494 4205 erudiri
2546 4150 2616 4205 ad
2673 4148 3061 4204 verecundiam
3108 4146 3363 4217 potuisti;
3392 4160 3490 4200 co-

1906 4246 2130 4317 gitando
2160 4243 2471 4323 ,qubmodo
2533 4258 2631 4300 eos
2683 4242 2929 4313 quidem,
2978 4242 3095 4312 qui~
3134 4241 3268 4295 milii
3325 4240 3489 4295 amici

1905 4347 2064 4393 erant
2102 4351 2167 4393 ac
2198 4337 2496 4407 plurimum
2527 4335 2661 4390 milii
2698 4334 2994 4401 debebant,
3014 4332 3183 4388 animi
3218 4333 3304 4388 sui
3334 4331 3490 4387 furor

192 4310 406 4404 ριτας,
437 4331 513 4396 ὡς
545 4310 840 4402 πολεμίους
870 4331 1140 4396 ἐξώπλισε
1171 4333 1293 4387 κατ’
1337 4334 1473 4403 ἐμοῦ
1505 4310 1568 4387 τὸ
1591 4310 1800 4407 μανιῶ-

186 4427 297 4489 δες
341 4425 444 4493 τῆς
482 4423 752 4494 γνὼμης’
806 4423 931 4487 τοὺς
980 4424 1026 4477 δ’
1063 4424 1295 4495 ίχθροὺς
1343 4424 1440 4478 καὶ
1489 4424 1796 4496 δυσμενεῖς,

1909 4430 1965 4485 in
1992 4445 2080 4485 me
2106 4440 2365 4499 tanquam
2398 4429 2586 4484 hostes
2613 4428 2910 4483 armaverit
2937 4444 2950 4480 :
2986 4425 3244 4481 inimicos
3272 4436 3483 4489 autem,

190 4517 309 4586 ὑφ’
342 4509 423 4569 ῶν
454 4532 547 4584 μοι
572 4514 819 4587 προσῆκε
858 4514 1093 4584 πάσχειν
1130 4515 1331 4585 μᾶλλον
1360 4514 1577 4582 κακῶς,
1608 4516 1799 4586 φίλους

1909 4528 1963 4574 et
1999 4534 2116 4582 eos,
2167 4535 2198 4574 a
2255 4519 2459 4587 quibus
2517 4517 2641 4573 laedi
2706 4532 2794 4572 me
2823 4517 3042 4587 aequius
3088 4526 3227 4577 erat,
3280 4516 3490 4571 amicos

186 4611 254 4664 αἱ
286 4608 407 4675 τῆς
441 4606 603 4677 δίκης
653 4604 985 4674 πλάστιγγες
1032 4604 1243 4671 ἔδειξαν
1271 4606 1557 4675 ἀκριϐεῖς
1599 4608 1696 4659 καὶ
1739 4606 1799 4659 δν

1909 4611 2038 4668 mihi
2063 4611 2263 4667 divini:
2282 4611 2511 4682 justitiai
2553 4610 2740 4665 lances
2780 4624 2946 4665 veros
2972 4624 3038 4663 ac
3074 4619 3254 4664 certos
3288 4607 3490 4676 proba-

185 4704 220 4755 ὁ
261 4697 551 4768 ὑμέτερος
578 4696 787 4765 κλύδων
823 4697 906 4759 εἰς
934 4694 1222 4768 πυθμένας
1250 4697 1558 4766 κατήνεγκε
1590 4713 1803 4765 συμφο-

1909 4705 2122 4768 verint;
2155 4711 2213 4758 et
2254 4717 2420 4771 quem
2470 4711 2655 4756 vester
2705 4697 2798 4755 ille
2851 4708 3021 4755 azstus
3069 4699 3126 4753 in
3179 4696 3488 4766 profundos

188 4789 684 4865 ρῶν,ύπέρτερον
722 4788 1045 4859 παραδόξως
1099 4788 1257 4860 ὑμῶν
1306 4790 1613 4860 ἐπεπράχει
1643 4789 1799 4854 Θεός.

1909 4796 2282 4853 calamitatum
2326 4794 2528 4847 lluctus
2572 4802 2865 4848 merserat.
2913 4804 3041 4853 eum
3084 4789 3231 4843 Deus
3282 4797 3488 4856 praeter

184 4885 323 4942 Καὶ
360 4881 480 4947 νῦν,
525 4881 603 4945 ὡς
648 4882 801 4951 ὁρᾷς.
856 4881 980 4950 ἐμοὶ
1032 4881 1132 4950 μὲν
1187 4880 1441 4952 ὲξουρίας
1479 4881 1693 4936 ἅπαντά
1735 4898 1802 4951 γε

1909 4900 2127 4942 omnem
2180 4884 2502 4954 opinionem
2562 4882 2722 4937 vobis
2784 4881 3040 4936 altiorem
3094 4878 3365 4934 etl‘ecerit.
3416 4878 3509 4933 Εἴ

178 4977 411 5052 χωρεῖ,
441 4976 538 5032 καὶ
576 4976 822 5047 χωρήσει
861 4973 956 5039 ξύν
993 4989 1060 5042 γε
1090 4972 1233 5042 Θεῷ.
1279 4974 1354 5028 Σὺ
1396 4973 1445 5027 δ’
1473 4973 1629 5036 ὅλους
1673 4974 1805 5043 ἀνη-

1909 4994 2074 5043 nunc,
2112 4985 2173 5033 ut
2206 4975 2379 5041 vides,
2412 4975 2548 5029 mihi
2581 4974 2806 5043 quidem
2841 4971 3027 5028 omnia
3062 4972 3191 5027 ﬂatu
3219 4986 3487 5041 prospero

180 5066 418 5127 λωκὼς
453 5066 761 5137 χρημάτων
791 5062 1023 5135 σωροὺς,
1047 5063 1158 5118 τῶν
1184 5065 1234 5116 τ’
1270 5064 1421 5135 ἐμῶν
1451 5062 1655 5135 δηλαδὴ
1683 5064 1805 5132 μεθ’

1909 5080 2061 5136 eunt,
2092 5078 2150 5127 et
2194 5083 2362 5139 porro
2402 5068 2562 5122 ibunt
2592 5068 2707 5123 Deo
2745 5067 2999 5137 juvante.
3029 5065 3109 5120 Tu
3154 5066 3321 5137 666
3351 5079 3485 5120 vero

175 5165 302 5218 ὅσα
338 5161 459 5219 τοῖς
491 5156 801 5227 βασιλικοῖς
827 5155 955 5225 ἐνῆν
993 5153 1347 5223 πρυτανείοις
1378 5155 1477 5207 καὶ
1505 5155 1607 5207 ὅσα
1638 5155 1805 5207 πᾶσιν

1909 5162 2251 5231 consumptis
2296 5159 2664 5231 pecuniarum
2710 5157 2948 5227 acervis,
2982 5173 3231 5213 mearum
3262 5138 3527 5225 nempe,"

174 5250 470 5325 εὖγενὲσι
497 5248 875 5318 ταμιευόμενα
918 5245 1211 5316 πέπρακας
1254 5244 1526 5315 ἅρπαγμα
1581 5245 1805 5318 lno-cpi-

1909 5259 2107 5321 praeter
2142 5249 2197 5305 id
2229 5264 2396 5304 omne
2434 5248 2585 5318 quod
2616 5246 2933 5317 principum
2965 5248 3180 5303 aerariis
3220 5247 3401 5301 inerat
3427 5254 3486 5300 et

178 5351 327 5413 κὸν,
384 5343 538 5396 οὐδὲν
563 5327 729 5395 πλέον
757 5340 1064 5410 κατορθοῖς,
1101 5342 1134 5409 ἢ
1173 5339 1266 5392 τὸν
1291 5338 1612 5408 Πηνελόπης
1634 5337 1803 5406 ὑφαί-

1909 5338 2172 5411 quidquid
2205 5338 2351 5408 apud
2382 5338 2596 5393 nobiles
2616 5353 2811 5394 omnes
2842 5337 3145 5407 repositum
3174 5335 3484 5390 latronibus

179 5458 323 5499 vet:
368 5437 554 5490 ἱστόν
609 5435 671 5488 δν
709 5436 1048 5504 πανημέριον
1100 5432 1464 5501 ὑφαινόμενον
1505 5433 1566 5483 τὸ
1615 5433 1803 5494 σκότος

1909 5418 2228 5503 rapiendum
2258 5432 2483 5499 dedisti,
2511 5432 2650 5487 nihil
2673 5430 2824 5486 aliud
2852 5429 2959 5485 nisi
2991 5428 3293 5497 Penelopes
3316 5427 3481 5482 telam

178 5534 418 5592 ἀνέλυε
450 5529 550 5598 τῆς
597 5530 833 5583 κατόπιν
866 5524 1078 5588 νυκτός.
1124 5523 1293 5593 Δῆλον
1322 5516 1416 5577 οὖν
1448 5520 1515 5575 ἂν
1550 5519 1801 5575 ἐντεῦθεν

1911 5522 2157 5588 texuisti,
2191 5537 2355 5594 quam
2407 5530 2516 5577 tota
2557 5521 2647 5576 die
2687 5520 3022 5575 elaboratam
3067 5518 3349 5587 sequentis
3383 5532 3487 5572 no-

180 5628 287 5699 εῖη
330 5621 574 5686 καὶτοῖς
614 5620 791 5691 μικρὰ
826 5617 1138 5699 φρονοῦσιν,
1168 5616 1245 5681 ὠς
1284 5616 1415 5687 ὑμῖν
1452 5613 1552 5687 μὲν
1577 5614 1799 5669 ἀδικοῦ-

1909 5614 2015 5670 ctis
2070 5613 2267 5670 umbra
2316 5612 2620 5670 retexebat.
2674 5612 2830 5668 Patet
2876 5610 3067 5680 itaque
3125 5606 3255 5664 inde
3303 5604 3486 5666 cuivis

1537 5727 1873 5822 Variorum
1902 5702 2075 5793 nota;

908 5805 944 5830 ,.

265 5860 412 5934 (97)
443 5858 657 5918 llomcr.
692 5816 964 5918 “indit:
1004 5860 1209 5917 Borvm.
1288 5901 1321 5937 ι
