3988 6210
250 326 364 397 8'33

645 333 720 407 [Α.
763 353 813 391 c.
863 339 1016 420 ἰδίη

1283 345 1455 407 ΒΥΖᾹ
1469 350 1715 409 ΝἸ¹ΙΝ.Ε
1758 351 1835 409 ΙΙΙ

1938 351 2136 412 Olim
2160 347 2494 414 LIB,Xl1[_
2560 427 2572 434 ί
2617 350 2748 422 [inin
2792 366 2833 405 ι.
2878 365 3116 404 τιλμιεοι..
3156 349 3211 420 3]

3391 353 3499 416 89's

249 453 479 522 Θαλμοῖς
515 459 603 508 τὸν
634 458 746 510 ἴσον
776 459 954 523 ἔξεστι
994 464 1220 532 τρόπον.
1253 462 1407 517 Ὤστ⁹
1451 464 1511 517 οὐ
1546 466 1772 527 δικαίως
1799 467 1828 519 ὁ

1938 483 2064 523 num
2102 454 2299 534 oculis,
2328 471 2479 524 velut
2503 485 2656 524 novae
2705 481 2890 537 nupta:
2935 470 3119 540 posito
3164 470 3495 532 ﬂammeolo.

251 545 713 615 Καντακουζηνὸς
741 549 842 619 τὴν
870 552 1090 620 γραρὴν
1127 555 1250 622 ἐμοὶ
1276 555 1370 607 τοῦ
1405 555 1722 624 ψεύδεσθαι,
1751 556 1825 618 ὦς

245 654 316 704 γε
343 638 517 706 οἶμαι,
553 645 970 714 προστρίϐεται,
1009 646 1102 699 τοῦ
1139 647 1448 712 λυσιτελοῦς
1487 650 1560 711 ὡς
1591 650 1825 718 μάλιστα

246 735 565 801 ποιουμένῳ
615 735 714 805 τὴν
752 737 1034 805 πρόνοιαν.
1083 740 1222 805 Ἐγὼ
1269 739 1378 808 γὰρ
1427 741 1718 810 ἐλάττωμα
1759 742 1824 796 ἂν

245 826 549 894 ἡγησάμην
595 827 645 879 εί
698 830 772 897 μὴ
803 829 1043 892 τοιοῦτος
1093 833 1246 900 είηνο
1300 833 1536 902 κάκείνῳ
1579 832 1628 886 δ’
1657 831 1746 898 αὖ,
1776 835 1824 887 εί

247 919 562 987 στρατηγοῦ
620 923 794 973 ποιεῖν
849 921 1100 976 ἐϐούλετο
1155 926 1424 995 πρᾶγμα,
1479 927 1592 979 τότ’
1643 927 1708 980 ἄν
1756 945 1824 997 με

243 1008 508 1080 λοιδορεῖν
546 1013 736 1081 ὲχρῆν,
775 1013 862 1066 ὅτε
905 1015 981 1084 μὴ
1015 1014 1153 1068 οὗτοι)
1187 1019 1301 1077 τοῖς
1325 1018 1427 1069 ἀνὰ
1455 1022 1645 1087 χεῖρας
1675 1019 1824 1090 ἑώρα

248 1118 326 1169 με
374 1103 665 1171 πράγμασι
715 1107 1035 1173 προσιόντα.
1085 1107 1217 1179 Ἐμὲ
1263 1109 1310 1162 δ’
1355 1112 1534 1164 ἐκεῖνο
1587 1112 1826 1180 μάλιστα

244 1195 474 1248 πάντων
504 1197 724 1268 ἐπαίρει
755 1198 1061 1268 θαυμάζειν
1091 1201 1324 1268 ἐκείνου,
1351 1205 1468 1264 πῶς
1495 1205 1650 1257 ταῦτ’
1677 1206 1828 1258 ἐπεί-

243 1287 592 1356 γεταιδρᾷν,
629 1287 718 1359 [Ρ.
749 1288 880 1362 417]
937 1287 1018 1355 οἷς
1080 1293 1356 1358 ὀνειδίζων
1406 1295 1652 1357 ἐκτόπως
1701 1298 1827 1366 ἐμοὶ

177 1374 193 1404 θ
245 1377 595 1449 λοιδορεῖναι,
646 1381 749 1451 τὴν
806 1383 1151 1454 βαρϐαρικήν
1181 1405 1322 1457 φημι
1373 1392 1468 1441 καὶ
1524 1390 1826 1458 ἀλλόφυλον

175 1489 178 1492 ’
246 1471 594 1540 συμμαχίαν.
625 1473 690 1527 Et
718 1475 826 1545 γὰρ
856 1476 915 1528 ὲν
959 1473 1259 1546 ἀλλοτρίοις
1301 1480 1643 1551 πταίσμασιν
1685 1482 1821 1535 ίδίαν

241 1561 557 1627 ἀσφάλειαν
581 1565 874 1633 ἐγκωμίων
899 1567 1062 1629 αὐτὸς
1087 1570 1382 1640 ὲπορίσατο
1405 1573 1500 1624 καὶ
1526 1572 1602 1640 τῷ
1621 1571 1734 1624 ὄντι
1758 1573 1828 1626 τά

167 1655 174 1664 ’
243 1670 349 1720 μοι
379 1655 746 1724 πεπραγμένα
781 1658 1082 1728 μεμίσηκε,
1134 1663 1321 1714 ποθεῖν
1352 1663 1451 1716 οὐκ
1487 1664 1679 1732 ἐχρῆν,
1703 1664 1824 1717 οὐδὲ

246 1744 569 1810 μιμεῖσθαι,
621 1743 695 1798 Τὸ
729 1747 835 1816 γὰρ
877 1749 1166 1817 μιμεῖσθαι
1217 1750 1500 1820 φιλοῦντὸς
1540 1753 1705 1816 ἐστιν,
1761 1755 1822 1807 οὐ

1930 572 2158 632 possunt
2183 565 2432 618 eamdem
2463 566 2535 618 ob
2564 579 2785 618 causam
2813 565 3111 633 spectanda
3145 564 3355 628 oll‘erri.
3374 565 3496 620 Non

1919 655 2068 724 justo
2112 656 2296 726 itaque
2345 641 2764 711 Cantacuzenus
2816 656 3024 709 crimen
3061 656 3193 713 mihi
3227 656 3495 711 mendacii

1929 749 2011 815 (ut
2037 747 2256 816 quidem
2308 746 2462 816 puto)
2502 746 2675 802 inurit
2706 765 2722 802 ι
2759 748 2896 801 tnihi
2941 748 3185 816 inquam,
3216 751 3310 819 qui
3346 749 3497 803 utili—

1929 838 2058 893 tatis
2104 837 2446 908 potissimam
2501 842 2770 896 rationem
2821 838 3022 895 habeo.
3083 839 3197 893 lmo
3249 858 3350 910 ego
3409 857 3501 893 me

1927 927 2156 981 minoris
2199 929 2580 983 :estimandum
2634 939 2904 998 putarem.
2952 930 2997 985 si
3059 931 3329 998 ejusmodi
3386 946 3496 982 nou

1925 1033 2127 1074 essem.
2163 1018 2269 1072 Iste
2319 1020 2605 1089 autem.si
2670 1021 2723 1075 id
2785 1021 2932 1090 quod
2982 1021 3334 1089 imperatoris
3377 1036 3499 1076 erat

1927 1110 2105 1166 facere
2137 1110 2428 1176 voluisset,
2454 1123 2585 1168 tunc
2615 1114 2746 1168 mihi
2797 1114 2990 1170 debuit
3021 1113 3340 1173 convitiari.
3369 1129 3494 1166 cum
3541 1149 3552 1164 .

1925 1205 2148 1259 videbat
2184 1222 2267 1260 me
2299 1223 2407 1260 non
2443 1207 2662 1276 aggredi
2685 1221 2748 1260 ea
2777 1223 2896 1275 qun
2926 1209 3148 1275 exsequi
3185 1217 3293 1260 tam
3335 1206 3500 1261 facile

1925 1305 1979 1350 et
2004 1297 2170 1366 668
2196 1311 2505 1366 promptum
2538 1307 2706 1352 esset.
2744 1296 2861 1350 Jam
2905 1314 3034 1351 vero
3071 1313 3197 1351 eum
3235 1307 3294 1351 ut
3336 1299 3507 1352 mirer

1925 1383 2030 1438 hoc
2060 1386 2290 1439 maxime
2331 1386 2582 1448 inducor,
2612 1386 2758 1456 quod
2789 1403 2853 1440 ea
2889 1387 3069 1441 facere
3097 1388 3345 1450 molitur,
3374 1405 3496 1456 qua:

1926 1477 2057 1530 mihi
2091 1487 2149 1531 ut
2183 1478 2380 1545 probra
2423 1479 2722 1533 insolenter
2768 1479 2959 1546 objicit
2995 1496 3009 1532 :
3047 1494 3324 1534 armorum
3379 1479 3509 1533 dico

1925 1583 2052 1622 cum
2086 1567 2337 1623 Barbaris
2377 1577 2432 1624 et
2475 1568 2796 1636 alienigenis
2829 1569 3172 1624 sticietatem.
3202 1569 3337 1624 Nam
3369 1570 3413 1623 si
3449 1569 3506 1622 in

1925 1660 2115 1714 alienis
2154 1661 2330 1714 ruinis
2379 1659 2598 1714 laudum
2645 1674 2868 1714 suarum
2926 1661 3284 1716 stabilitatem
3330 1661 3504 1715 collo—

1925 1751 2089 1812 cavit.
2118 1762 2175 1806 et
2219 1767 2408 1806 revera
2461 1752 2588 1806 odio
2622 1754 2696 1806 illi
2735 1763 2865 1807 sunt
2911 1767 2971 1806 ea
3023 1768 3143 1822 quae
3187 1751 3350 1824 gessi,
3378 1751 3509 1805 atie-

249 1835 581 1903 μισοῦντος,
633 1840 726 1892 καὶ
777 1839 1152 1908 θαυμάζοντος
1213 1843 1413 1910 μᾶλλον
1461 1846 1495 1916 ἢ
1544 1846 1824 1914 ψέγοντος.

1938 1855 2078 1898 ctare
2110 1853 2273 1912 atque
2316 1844 2520 1898 imitari
2552 1845 2696 1899 haud
2730 1846 3040 1913 oportebat.
3070 1845 3275 1897 Imitari
3305 1843 3506 1911 quippe

244 1927 447 1990 Οὐδεὶς
488 1930 599 1997 γὰρ
627 1930 664 1984 ἃ
695 1935 846 1999 μισεῖ
886 1933 1022 2003 δρᾷν
1063 1936 1127 1987 ὲκ
1179 1934 1359 2006 ψυχῆς
1388 1937 1686 2005 ἐπείγεται,
1732 1939 1826 1992 τοῦ

247 2017 582 2090 βιαζομένου
638 2025 838 2088 παντὸς
904 2028 971 2079 ὲκ
1033 2027 1208 2080 ποδῶν
1286 2030 1599 2095 ἱσταμένου.
1656 2032 1718 2084 Εἰ
1769 2031 1826 2084 δὲ

242 2113 475 2183 γλώττῃ
513 2114 610 2183 μὲν
649 2115 971 2184 λοιδορεῖται
1000 2118 1214 2182 τούτοις
1259 2114 1342 2181 οἷς
1385 2121 1484 2190 ἐμὲ
1517 2121 1830 2191 πράττοντα

247 2203 473 2272 βλέπει,
528 2205 710 2274 ἔργοις
755 2208 800 2260 δ’
845 2209 944 2279 οὐχ
995 2209 1146 2273 ὅπως
1193 2210 1295 2263 οὔκ
1347 2212 1678 2267 ἀποσπεύδει
1727 2216 1829 2283 τὴν

249 2297 519 2366 μίμησιν,
569 2300 705 2354 ἀλλὰ
752 2302 848 2354 καὶ
899 2305 1519 2372 προσεπιδαφιλεύεται,
1569 2307 1728 2376 δῆλον
1755 2308 1830 2370 ὡς

245 2388 360 2457 οὐχ
388 2390 471 2442 ὃτι
497 2392 670 2459 μισῶν
688 2393 1034 2462 λοιδορεῖται,
1069 2397 1184 2449 ἀλλ’
1212 2400 1294 2451 ὅτι
1325 2400 1400 2469 μὴ
1425 2400 1638 2468 πρῶτος
1668 2400 1830 2460 αὐτὸς

249 2481 572 2551 ἐπεπράχει
604 2483 984 2554 δυσχεραίνει·
1021 2488 1161 2541 ὥστε
1209 2491 1354 2543 δυοῖν
1405 2493 1663 2561 ὁπότερον
1706 2491 1830 2545 καθ’

251 2573 457 2642 ἑτέρου
483 2574 805 2646 ψηφισθείη,
842 2581 937 2634 καὶ
983 2581 1197 2652 θατέρῳ
1240 2583 1398 2636 τοῦτο
1441 2585 1664 2647 δικαίως
1706 2587 1832 2637 ἀκο-

249 2663 527 2736 λουθήσῃ,
565 2668 660 2720 καὶ
683 2669 884 2736 ὁμοίως
913 2671 1241 2741 ἀμφοτέροις
1277 2674 1310 2743 ἢ
1351 2675 1418 2727 τὰ
1449 2675 1547 2742 τῆς
1571 2674 1832 2744 ἐπιτιμῆ“

251 2772 406 2813 csso:
437 2759 468 2826 ἢ
517 2758 584 2810 τὰ
612 2760 712 2828 τῆς
743 2761 1076 2832 συγγνώμης
1108 2764 1196 2834 ἐφ’
1228 2765 1439 2834 ὁμοίοις
1489 2767 1600 2829 τοῖς
1647 2767 1831 2838 πράγ-

252 2865 439 2918 μασιν
466 2849 682 2918 ἕψεται.
720 2871 738 2902 ι

1929 1937 2162 1992 amantis
2203 1947 2306 2000 est,
2368 1953 2475 1990 non
2535 1939 2862 2001 aversantis,
2918 1947 2975 1992 et
3022 1938 3140 2007 ejus
3193 1937 3363 2006 magis
3411 1935 3507 2003 qui

1929 2028 2253 2094 admiretur,
2283 2046 2447 2099 quam
2483 2030 2603 2098 ejus
2659 2030 2754 2104 qui
2796 2031 3092 2098 vituperet.
3141 2029 3314 2084 Nemo
3360 2029 3506 2084 enim

1921 2110 2066 2189 quas
2099 2136 2187 2174 res
2205 2120 2450 2180 odit.eas
2472 2135 2601 2175 vere
2635 2131 2690 2175 et
2725 2136 2791 2174 ex
2822 2121 3026 2182 animo,
3058 2135 3182 2174 cum
3212 2120 3396 2174 omnis
3425 2120 3510 2173 vis

1929 2212 2107 2276 abest,
2140 2211 2321 2266 facere
2349 2211 2553 2266 studet.
2589 2211 2744 2278 Quod
2784 2213 2828 2267 si
2861 2228 2948 2276 ea,
2974 2227 3098 2282 qua:
3137 2227 3235 2280 per
3269 2226 3356 2265 me
3390 2211 3508 2265 ﬁeri

1929 2304 2100 2366 videt,
2133 2303 2319 2372 lingua
2382 2303 2606 2372 quidem
2663 2303 2753 2357 ille
2812 2303 3165 2366 criminatur,
3202 2319 3260 2356 re
3316 2313 3500 2356 autem

1931 2392 2048 2461 ipsa
2078 2407 2186 2447 non
2215 2392 2391 2446 solum
2429 2409 2539 2447 non
2578 2392 2842 2447 abhorret
2891 2392 2960 2446 ab
3008 2392 3297 2454 imitando,
3331 2391 3423 2446 sed
3455 2400 3512 2445 et

1931 2483 2157 2552 insuper
2209 2484 2489 2539 cumulum
2546 2484 2701 2539 addit
2735 2484 3006 2538 :evideus
3057 2493 3142 2538 est
3192 2498 3353 2546 eum,
3398 2498 3510 2536 non

1932 2574 2060 2643 quia
2095 2575 2295 2640 oderit,
2323 2576 2642 2640 criminari,
2675 2575 2771 2630 sed
2814 2575 2942 2643 quia
2997 2575 3208 2643 primus
3256 2573 3402 2628 haud
3434 2573 3514 2628 fe-

1932 2666 2090 2731 cerit,
2139 2665 2264 2719 ideo
2318 2667 2546 2720 moleste
2602 2665 2769 2720 ferre.
2824 2665 3180 2732 Utracunque
3234 2665 3403 2734 igitur
3457 2664 3512 2718 in

1936 2773 2102 2811 unum
2139 2772 2170 2813 e
2199 2757 2362 2812 nobis
2394 2758 2480 2813 lex
2511 2759 2617 2812 lata
2645 2757 2836 2820 fuerit,
2870 2773 2934 2812 ea
2973 2758 3026 2811 in
3061 2758 3292 2811 alterum
3344 2757 3508 2810 etiam

1936 2852 2130 2906 merito
2182 2851 2342 2906 cadat
2395 2866 2624 2907 necesse
2670 2858 2776 2913 est,
2807 2859 2864 2904 et
2917 2865 2981 2902 ex
3033 2849 3308 2903 similibus
3355 2849 3515 2902 factis

1936 2942 2170 2997 similem
2225 2942 2486 3012 utrinque
2550 2941 2815 3012 consequi
2873 2941 3362 3012 reprehensionem
3413 2949 3514 2994 aut

1937 3048 2176 3088 veniam.
2225 3053 2242 3086 Ι

331 3122 411 3174 B’.
466 3121 699 3183 Ἐκεῖνος
753 3125 850 3193 μὲν
903 3123 997 3178 οὖν
1049 3126 1201 3180 ’.ταῦτ’
1237 3127 1417 3198 [ἔλεξε.
1476 3129 1683 3198 σφόδρα
1735 3111 1835 3200 τῖῆς

2010 3127 2074 3181 ll.
2105 3126 2230 3181 Haec
2259 3138 2410 3186 sunt.
2445 3143 2566 3198 qua:
2625 3127 2715 3181 ille
2759 3125 2924 3190 dixit,
2972 3128 3040 3181 de
3072 3141 3168 3180 sua
3205 3125 3387 3179 indole
3417 3124 3516 3177 ad-

254 3212 464 3266 ἑαυτοῦ
529 3214 1003 3286 καταψευδόμενος
1061 3219 1313 3286 φύσεως,
1367 3221 1462 3273 καί⁷
1513 3221 1831 3293 πιθανότητι

250 3307 514 3374 γλώττης
535 3308 634 3377 τὴν
657 3311 765 3362 τῶν
795 3312 1140 3380 πραγμάτιον
1159 3313 1517 3387 ὕποχλέπτων
1546 3314 1829 3386 ἀλήθειαν.

257 3399 432 3462 Ἐθος
457 3404 567 3469 γὰρ
598 3400 747 3472 αὖτῷ
772 3403 1019 3474 διηνεκὲς
1044 3406 1215 3467 τουτὶ,
1239 3407 1334 3459 καὶ
1360 3406 1625 3470 πολλάκις
1655 3407 1830 3476 τούτῳ

257 3495 588 3562 περιφανῶς
630 3496 1122 3562 ἐνεκαλλωπίσατο,
1157 3499 1321 3568 ἔτερα
1377 3499 1478 3567 μὲν
1512 3502 1579 3570 τῇ
1614 3499 1830 3570 γλώττῃ

260 3587 588 3656 προφέρειν,
634 3588 797 3656 ἕτερα
835 3590 879 3643 δ’
907 3592 966 3644 ὲν
1013 3594 1080 3661 τῇ
1125 3590 1334 3661 διανοίᾳ
1373 3592 1700 3658 καλύπτειν,
1740 3594 1836 3644 καὶ

261 3681 594 3748 μαχομένην
623 3681 892 3735 δεικνύειν
938 3685 1020 3753 ei]!
1048 3681 1262 3754 γλώττῃ
1296 3683 1404 3737 τῶν
1432 3685 1710 3754 λογισμῶν
1738 3685 1837 3756 τὴν

263 3771 534 3841 μελέτην.
575 3773 752 3826 Πολλὰ
790 3773 891 3844 μὲν
923 3771 1016 3829 οὖν
1050 3773 1328 3829 κάνταῦθα
1356 3777 1421 3848 τῇ
1461 3777 1675 3848 γλώττῃ
1709 3776 1838 3847 θρα-

254 3863 569 3932 συνόμενος
593 3868 703 3929 τοῖς
734 3865 913 3935 ἔργοις
938 3866 1220 3937 ἠλέγχετο.
1266 3869 1438 3931 Αὐτὸς
1476 3870 1576 3937 μὲν
1604 3869 1714 3939 γὰρ
1748 3869 1838 3922 διὰ

252 3957 387 4018 δέος
417 3959 478 4008 ὲν
509 3957 874 4030 Θεσσαλονίκῃ
928 3961 1237 4028 παρέμεινε
1262 3975 1276 3991 ο
1333 3959 1433 4030 τὴν
1465 3960 1522 4013 δὲ
1576 3959 1838 4031 στρατιὰν

250 4055 374 4106 τῶν
405 4053 698 4119 ἐπισήμων
729 4051 808 4103 ἑνὶ
852 4052 1131 4120 παραδοὺς
1180 4053 1275 4104 ἐπὶ
1307 4053 1570 4124 Βέῥροιαν
1602 4052 1838 4122 ἔπεμψε,

253 4143 651 4212 παραγγείλας
682 4143 810 4212 ἄχρι
841 4161 1008 4214 τριων
1060 4145 1178 4196 ἐκεῖ
1236 4143 1669 4214 παραδείξαντας
1713 4141 1842 4197 ἑαυ-

141 4287 152 4305 ι
250 4239 394 4298 τοὺς
423 4233 650 4303 ἡμερῶν
693 4235 792 4303 τὴν
819 4235 1082 4304 ταχίστην
1127 4236 1436 4288 ἐπανιέναι.
1471 4236 1544 4289 Οὐ
1577 4234 1684 4305 γὰρ
1715 4235 1848 4304 δρά-

256 4328 472 4390 σοντάς
507 4343 559 4378 τι
597 4329 844 4394 γενναῖον
877 4328 1016 4394 σφᾶς
1042 4326 1355 4394 ἐπεπόμφει
1377 4340 1393 4356 ·
1428 4326 1536 4378 τῶν
1564 4325 1670 4396 γὰρ
1697 4328 1844 4395 ἀμη-

255 4419 456 4488 χάνων
498 4415 557 4466 ἒν
593 4416 772 4468 ἐδόκει
799 4415 946 4468 τοῦτ’
969 4415 1150 4486 αὐτῷ’
1182 4411 1299 4467 ἀλλ’
1331 4413 1455 4466 ὅσον
1486 4413 1560 4481 μὴ
1586 4414 1844 4482 φωραθῆο

1936 3217 2158 3272 modum
2193 3217 2486 3280 mentiens.
2507 3235 2571 3273 ac
2597 3220 2872 3275 sermonis
2902 3217 3292 3288 probabilitate
3331 3230 3515 3270 rerum

1935 3302 2221 3364 veritatem
2258 3310 2584 3365 obscurans.
2618 3310 2732 3366 Mos
2780 3311 2929 3364 enim
2971 3309 3062 3363 hic
3108 3309 3184 3364 illi
3217 3317 3518 3378 perpetuus

1935 3400 2090 3456 fuit:
2131 3416 2307 3471 eoque
2356 3417 2416 3454 se
2468 3401 2648 3470 palam
2696 3416 2839 3469 saepe
2877 3414 3135 3468 tanquam
3189 3407 3517 3452 ornamento

1939 3495 2122 3563 aliquo
2174 3494 2494 3556 venditavit,
2556 3494 2700 3562 quod
2749 3492 2898 3546 aliud
2954 3506 3051 3545 ore
3102 3491 3513 3559 pronuntiaret.

1938 3583 2084 3636 aliud
2117 3583 2170 3636 in
2207 3584 2389 3639 animo
2413 3582 2688 3637 occultum
2737 3581 2984 3642 haberet,
3015 3589 3070 3634 et
3103 3595 3346 3650 pugnare
3385 3594 3514 3633 eum

1938 3673 2124 3740 lingua
2177 3672 2402 3726 consilia
2459 3673 2579 3742 ejus
2655 3683 2711 3726 ct
2783 3671 3148 3741 cogitationes
3200 3680 3514 3739 appareret.

1939 3763 2160 3818 Multam
2207 3761 2371 3833 igitur
2414 3767 2527 3817 tum
2573 3778 2791 3833 quoque
2823 3761 3108 3816 audaciam
3144 3760 3333 3815 verbis
3380 3774 3513 3828 pro-

1940 3855 2118 3910 fessus
2178 3854 2336 3909 factis
2394 3853 2849 3924 redarguebatur.
2913 3853 3048 3908 Nam
3111 3854 3226 3918 ipse
3288 3850 3514 3920 quidem

1943 3945 2346 4000 Thessalonica:
2393 3947 2592 4000 mansit
2636 3961 2744 4014 pra:
2794 3955 2940 3999 metu
2981 3943 3189 4015 :669
3215 3943 3518 3997 exercitum

1945 4047 2128 4092 autem
2176 4039 2269 4092 uni
2317 4053 2383 4092 ex
2428 4038 2762 4108 primoribus
2805 4037 3158 4092 commissum
3193 4036 3510 4090 Berrhoeatn

1911 4127 2131 4192 .misit,
2165 4127 2553 4197 praecepitque,
2613 4137 2901 4197 postquam
2961 4141 3018 4180 se
3079 4127 3189 4180 illic
3246 4142 3342 4195 per
3402 4136 3514 4178 tres

1945 4216 2062 4271 dies
2121 4227 2515 4281 ostentasseut,
2581 4226 2639 4271 ut
2690 4217 2932 4272 redirent
2981 4232 3143 4286 quam
3193 4216 3506 4270 celerrime.

1946 4308 2064 4362 Non
2108 4309 2253 4363 enim
2284 4320 2343 4362 ut
2384 4305 2592 4376 aliquid
2629 4306 2875 4374 praeclari
2915 4305 3176 4369 facerent,
3208 4322 3303 4360 eos
3337 4308 3503 4360 mise-

1948 4408 2070 4464 rat;
2107 4400 2201 4468 qui
2252 4399 2402 4452 nullo
2451 4397 2612 4452 modo
2661 4396 2777 4451 ﬁeri
2831 4397 2883 4450 id
2930 4411 3090 4467 posse
3128 4394 3516 4459 existimabat;

252 4525 362 4561 ναι
393 4507 493 4575 τὴν
526 4506 713 4569 τούτου
746 4505 950 4559 δειλίαν
977 4506 1088 4566 τοῖς
1120 4503 1422 4566 πλείστοις.
1469 4502 1582 4555 Τοῦ
1627 4503 1737 4571 γάρ
1763 4518 1835 4554 τοι

1948 4485 2042 4542 sed
2083 4495 2142 4538 ut
2169 4501 2237 4538 ne
2283 4502 2314 4542 a
2365 4486 2639 4556 plerisque
2671 4487 2938 4540 timiditas
2966 4485 3085 4552 ejus
3120 4485 3505 4554 deprehende-

255 4599 519 4667 Θράσους
556 4597 747 4667 ἀνδρίᾳ
778 4600 874 4650 καὶ
917 4597 1096 4666 τόλμῃ
1135 4596 1406 4665 πολεμικῇ
1458 4596 1725 4646 συνοικεῖν
1758 4593 1849 4646 οὒ-

252 4691 430 4758 61315;
457 4690 779 4758 δυναμένου,
835 4688 952 4752 πῶς
983 4688 1049 4741 ἂν
1084 4688 1266 4761 αὐτὸς,
1314 4685 1526 4755 μακρὸν
1573 4685 1672 4755 μὲν
1700 4686 1757 4738 ὲν
1783 4687 1845 4755 τῇ

257 4782 497 4849 γλώττῃ
533 4781 595 4833 τὸ
626 4780 828 4848 θράσος
858 4779 1016 4849 ἔχων,
1053 4778 1400 4847 μακροτέραν
1444 4776 1488 4830 δ’
1519 4779 1576 4829 ὲν
1603 4781 1670 4847 τῇ
1701 4777 1847 4846 ψυχῇ

252 4873 380 4941 τὴν
431 4870 637 4922 δειλίαν
679 4872 1132 4938 γεγυμνωμένοις
1184 4867 1396 4934 ξίφεσιν
1447 4866 1481 4936 ἢ
1528 4869 1688 4928 αὑτός
1731 4867 1850 4920 ποθ’

249 4961 614 5031 ὁμιλήσειεν,
650 4961 683 5029 ἢ
713 4962 958 5014 πείσειεν
988 4959 1212 5024 ἄλλουςς
1257 4959 1450 5011 θᾶττον
1507 4958 1707 5029 μεντᾶν
1755 4957 1849 5010 τοῦ

255 5051 536 5118 σώματος
597 5051 1096 5120 ἁποῤῥηγνυμὲνην
1149 5051 1407 5103 θεάσαιτο
1460 5051 1560 5117 τὴν
1587 5049 1849 5118 ψυχὴν,ἢ

256 5141 737 5212 συρῤηγνυμένου
765 5141 1008 5211 πολέμου
1055 5143 1305 5210 πάταγον
1327 5143 1507 5194 ὅπλων
1537 5141 1848 5193 ἀκούσειεν.

349 5319 433 5373 ιν.
473 5319 628 5378 Ἐπεὶ
665 5321 847 5372 τοίνυν
872 5321 1402 5392 πεπαρρησιασμένῃ
1448 5319 1598 5390 μάχῃ
1629 5319 1723 5371 τὸν
1750 5335 1850 5371 τιο-

256 5418 477 5484 λέμιον
499 5413 600 5465 οὐκ
629 5414 756 5483 ὲνῆν
779 5413 1246 5482 κατεργάσασθαι,
1299 5413 1433 5481 πρὸς
1457 5411 1568 5480 τὰς,
1581 5413 1638 5463 ἐν
1669 5413 1851 5480 κρυφῇ

1943 4587 2120 4633 retur.
2149 4578 2439 4632 Enimvero
2492 4579 2538 4632 si
2597 4579 2744 4633 nulla
2790 4592 2909 4633 esse
2976 4587 3154 4647 potest
3188 4575 3512 4646 arrogantie

1947 4685 2076 4726 cum
2109 4669 2433 4724 fortitudine
2463 4677 2519 4722 et
2547 4669 2741 4723 bellica
2768 4667 3212 4738 magnanimitate
3241 4667 3516 4730 societas;

1949 4762 2226 4833 quomodo
2277 4762 2390 4821 ille.
2430 4760 2518 4814 cui
2574 4769 2784 4814 tantum
2846 4761 2900 4812 in
2957 4759 3139 4828 lingua
3185 4755 3515 4825 arrogantiae

1949 4863 2090 4916 erat,
2123 4853 2175 4906 iu
2217 4852 2401 4905 animo
2444 4860 2628 4905 autem
2687 4849 3005 4923 timiditatis,
3047 4849 3218 4902 multo
3250 4847 3392 4916 plus,
3424 4863 3526 4900 nu-

1957 4945 2102 5000 datis
2152 4945 2380 4999 ensibus
2428 4953 2525 5016 aut
2573 4943 2688 5013 ipse
2739 4941 3099 5004 interfuisset,
3157 4949 3250 4994 aut
3299 4939 3421 4993 aliis
3469 4947 3529 4990 ut

1959 5035 2296 5089 interessent
2341 5032 2750 5101 persuasisset?
2799 5032 2973 5086 Citius
3031 5031 3275 5100 profecto
3333 5042 3529 5084 erum-

1956 5141 2174 5201 penteui
2226 5143 2452 5196 corpore
2493 5127 2732 5180 animam
2788 5126 3043 5190 vidisset,
3069 5139 3234 5194 quam
3293 5123 3350 5176 in
3395 5119 3526 5175 belli

1956 5223 2214 5278 conﬂictu
2247 5221 2488 5275 sonitum
2521 5219 2784 5273 audiisset
2814 5234 3118 5272 armorum.

2029 5316 2118 5371 lll.
2148 5316 2287 5380 Qu‘a
2337 5312 2506 5382 igitur
2549 5321 2741 5380 aperto
2781 5311 2954 5366 Marte
2997 5310 3209 5364 hostem
3247 5305 3536 5377 profligare

1963 5407 2110 5464 haud
2148 5416 2385 5475 poterat,
2422 5403 2490 5458 ad
2544 5419 2676 5458 suas
2721 5403 2842 5458 illas
2890 5403 3074 5456 denuo
3103 5401 3346 5454 occultas
3388 5407 3538 5453 artes

1592 5548 1919 5610 Vat'iorum
1951 5551 2140 5607 notio.

259 5705 518 5772 PrOprie
545 5704 746 5760 dicitur
775 5705 840 5758 de
889 5704 1044 5758 navis
1074 5706 1280 5773 nuptis,
1313 5721 1381 5771 qu
1403 5720 1431 5756 e
1468 5719 1576 5770 quo
1599 5703 1688 5755 die
1720 5702 1870 5756 ﬂam-

268 5777 534 5834 meolum
569 5775 863 5847 ponebant,
895 5777 1038 5828 dona
1078 5793 1106 5827 ιι
1140 5787 1332 5829 mutatu
1365 5784 1418 5829 ct
1452 5775 1517 5826 ab
1537 5774 1726 5826 amicis
1755 5788 1868 5826 ina-

1977 5697 2067 5752 riti
2089 5695 2452 5766 accipiebant,
2490 5696 2634 5752 dicta
2665 5694 2870 5750 idcirco
2900 5692 3373 5761 ἀνικκλυπτήρια.
3415 5690 3540 5743 Bet-

1973 5783 2082 5822 VIN.
