  <div class='ocr_page' id='page_1' title='image "/cluster/home/n/w/nwhite01/storage/ocr_20150623/148/hvd.32044073502627/476.png"; bbox 0 0 3988 6210; ppageno 0'>
   <div class='ocr_carea' id='block_1_1' title="bbox 247 273 1813 348">
    <p class='ocr_par' dir='ltr' id='par_1_1' title="bbox 247 273 1813 348">
     <span class='ocr_line' id='line_1_1' title="bbox 247 273 1813 348; baseline -0.01 0"><span class='ocrx_word' id='word_1_1' title='bbox 247 276 349 348; x_wconf 80' lang='lat' dir='ltr'><strong>stt</strong></span> <span class='ocrx_word' id='word_1_2' title='bbox 641 273 712 346; x_wconf 67' lang='grc' dir='ltr'><strong>[λι</strong></span> <span class='ocrx_word' id='word_1_3' title='bbox 756 290 804 329; x_wconf 80' lang='lat' dir='ltr'><strong>c-</strong></span> <span class='ocrx_word' id='word_1_4' title='bbox 848 274 1009 345; x_wconf 63' lang='grc'><strong>1544]</strong></span> <span class='ocrx_word' id='word_1_5' title='bbox 1265 279 1704 340; x_wconf 69' lang='lat' dir='ltr'><strong>BYZANTIN/E</strong></span> <span class='ocrx_word' id='word_1_6' title='bbox 1744 278 1813 338; x_wconf 70' lang='lat' dir='ltr'><strong>H1</strong></span> 
     </span>
    </p>
   </div>
   <div class='ocr_carea' id='block_1_2' title="bbox 1918 273 3483 348">
    <p class='ocr_par' dir='ltr' id='par_1_2' title="bbox 1918 275 3483 347">
     <span class='ocr_line' id='line_1_2' title="bbox 1918 275 3483 347; baseline 0.007 -11"><span class='ocrx_word' id='word_1_7' title='bbox 1918 277 2131 336; x_wconf 71' lang='grc' dir='ltr'><strong>ὈΒΙΕ</strong></span> <span class='ocrx_word' id='word_1_8' title='bbox 2170 277 2309 335; x_wconf 84' lang='lat' dir='ltr'><strong>LIB.</strong></span> <span class='ocrx_word' id='word_1_9' title='bbox 2341 278 2467 337; x_wconf 63' lang='lat' dir='ltr'><strong>XIV</strong></span> <span class='ocrx_word' id='word_1_10' title='bbox 2593 275 2725 342; x_wconf 65' lang='lat'><strong>1””-</strong></span> <span class='ocrx_word' id='word_1_11' title='bbox 2766 292 2809 329; x_wconf 79' lang='grc' dir='ltr'><strong>³ο</strong></span> <span class='ocrx_word' id='word_1_12' title='bbox 2854 293 3091 332; x_wconf 64' lang='grc' dir='ltr'><strong>Ριιιηεοιι·</strong></span> <span class='ocrx_word' id='word_1_13' title='bbox 3129 278 3190 344; x_wconf 65' lang='grc'><strong>4]</strong></span> <span class='ocrx_word' id='word_1_14' title='bbox 3374 284 3483 347; x_wconf 64' lang='grc'>942</span> 
     </span>
    </p>
   </div>
   <div class='ocr_carea' id='block_1_3' title="bbox 242 389 1813 466">
    <p class='ocr_par' dir='ltr' id='par_1_3' title="bbox 242 390 1806 466">
     <span class='ocr_line' id='line_1_3' title="bbox 242 390 1806 466; baseline -0.003 -17"><span class='ocrx_word' id='word_1_15' title='bbox 242 396 342 466; x_wconf 71' lang='grc' dir='ltr'>τήν</span> <span class='ocrx_word' id='word_1_16' title='bbox 362 410 422 447; x_wconf 88' lang='grc' dir='ltr'><strong>τε</strong></span> <span class='ocrx_word' id='word_1_17' title='bbox 458 392 570 445; x_wconf 91' lang='grc' dir='ltr'><strong>τῶν</strong></span> <span class='ocrx_word' id='word_1_18' title='bbox 609 390 886 462; x_wconf 84' lang='grc' dir='ltr'>πολεμίων</span> <span class='ocrx_word' id='word_1_19' title='bbox 919 393 1144 464; x_wconf 86' lang='grc' dir='ltr'>βαρεῖαν</span> <span class='ocrx_word' id='word_1_20' title='bbox 1191 392 1425 463; x_wconf 79' lang='grc' dir='ltr'>δρῶντες</span> <span class='ocrx_word' id='word_1_21' title='bbox 1477 392 1662 459; x_wconf 78' lang='grc' dir='ltr'>ἔφοδον</span> <span class='ocrx_word' id='word_1_22' title='bbox 1710 392 1806 445; x_wconf 66' lang='grc' dir='ltr'>καὶ</span> 
     </span>
    </p>
   </div>
   <div class='ocr_carea' id='block_1_4' title="bbox 1918 389 3690 466">
    <p class='ocr_par' dir='ltr' id='par_1_4' title="bbox 1920 389 3690 457">
     <span class='ocr_line' id='line_1_4' title="bbox 1920 389 3690 457; baseline 0.005 -18"><span class='ocrx_word' id='word_1_23' title='bbox 1920 405 2065 457; x_wconf 85' lang='lat' dir='ltr'><strong>pars,</strong></span> <span class='ocrx_word' id='word_1_24' title='bbox 2094 404 2217 441; x_wconf 87' lang='lat' dir='ltr'><strong>cum</strong></span> <span class='ocrx_word' id='word_1_25' title='bbox 2249 398 2303 442; x_wconf 82' lang='lat' dir='ltr'><strong>et</strong></span> <span class='ocrx_word' id='word_1_26' title='bbox 2325 389 2563 442; x_wconf 84' lang='lat' dir='ltr'><strong>hostium</strong></span> <span class='ocrx_word' id='word_1_27' title='bbox 2602 391 2747 445; x_wconf 75' lang='lat' dir='ltr'><strong>vires</strong></span> <span class='ocrx_word' id='word_1_28' title='bbox 2808 393 3170 449; x_wconf 73' lang='lat' dir='ltr'><strong>validissimas</strong></span> <span class='ocrx_word' id='word_1_29' title='bbox 3230 395 3480 451; x_wconf 69' lang='lat' dir='ltr'><strong>viderrnt</strong></span> <span class='ocrx_word' id='word_1_30' title='bbox 3658 418 3690 443; x_wconf 69' lang='grc' dir='ltr'><strong>κ</strong></span> 
     </span>
    </p>
   </div>
   <div class='ocr_carea' id='block_1_5' title="bbox 244 478 1813 557">
    <p class='ocr_par' dir='ltr' id='par_1_5' title="bbox 244 482 1813 557">
     <span class='ocr_line' id='line_1_5' title="bbox 244 482 1813 557; baseline -0.004 -16"><span class='ocrx_word' id='word_1_31' title='bbox 244 487 360 557; x_wconf 72' lang='grc' dir='ltr'>ἅμα</span> <span class='ocrx_word' id='word_1_32' title='bbox 412 484 507 539; x_wconf 78' lang='grc' dir='ltr'><strong>τὸν</strong></span> <span class='ocrx_word' id='word_1_33' title='bbox 544 483 690 537; x_wconf 62' lang='grc' dir='ltr'>ἔνδον</span> <span class='ocrx_word' id='word_1_34' title='bbox 726 483 883 553; x_wconf 71' lang='grc' dir='ltr'>λιμὸν</span> <span class='ocrx_word' id='word_1_35' title='bbox 920 482 1007 555; x_wconf 85' lang='grc' dir='ltr'>[Ρ.</span> <span class='ocrx_word' id='word_1_36' title='bbox 1056 483 1183 556; x_wconf 71' lang='grc'><strong>4441</strong></span> <span class='ocrx_word' id='word_1_37' title='bbox 1219 485 1473 553; x_wconf 76' lang='grc' dir='ltr'>πολέμιον</span> <span class='ocrx_word' id='word_1_38' title='bbox 1520 482 1813 554; x_wconf 71' lang='grc' dir='ltr'>ἡγούμενοι</span> 
     </span>
    </p>
   </div>
   <div class='ocr_carea' id='block_1_6' title="bbox 1918 478 3486 557">
    <p class='ocr_par' dir='ltr' id='par_1_6' title="bbox 1918 478 3486 555">
     <span class='ocr_line' id='line_1_6' title="bbox 1918 478 3486 555; baseline 0.006 -25"><span class='ocrx_word' id='word_1_39' title='bbox 1918 478 2238 540; x_wconf 84' lang='lat' dir='ltr'><strong>adventare,</strong></span> <span class='ocrx_word' id='word_1_40' title='bbox 2266 487 2322 533; x_wconf 90' lang='lat' dir='ltr'><strong>et</strong></span> <span class='ocrx_word' id='word_1_41' title='bbox 2356 480 2518 532; x_wconf 77' lang='lat' dir='ltr'><strong>simul</strong></span> <span class='ocrx_word' id='word_1_42' title='bbox 2546 479 2769 540; x_wconf 73' lang='lat' dir='ltr'><strong>(amem,</strong></span> <span class='ocrx_word' id='word_1_43' title='bbox 2805 496 2926 550; x_wconf 76' lang='lat' dir='ltr'><strong>qua:</strong></span> <span class='ocrx_word' id='word_1_44' title='bbox 2984 483 3133 538; x_wconf 87' lang='lat' dir='ltr'><strong>intus</strong></span> <span class='ocrx_word' id='word_1_45' title='bbox 3156 496 3294 550; x_wconf 88' lang='lat' dir='ltr'><strong>erat,</strong></span> <span class='ocrx_word' id='word_1_46' title='bbox 3347 502 3486 555; x_wconf 58' lang='lat' dir='ltr'><strong>qui»</strong></span> 
     </span>
    </p>
   </div>
   <div class='ocr_carea' id='block_1_7' title="bbox 2593 275 3190 344">
    <p class='ocr_par' dir='ltr' id='par_1_7' title="bbox 2593 275 3190 344">
     <span class='ocr_line' id='line_1_7' title="bbox 2593 275 3190 344; baseline 0.017 -20"><span class='ocrx_word' id='word_1_47' title='bbox 2593 275 2725 342; x_wconf 63' lang='lat' dir='ltr'><strong>itur.</strong></span> <span class='ocrx_word' id='word_1_48' title='bbox 2766 292 2809 329; x_wconf 78' lang='grc' dir='ltr'><strong>ι.</strong></span> <span class='ocrx_word' id='word_1_49' title='bbox 2854 293 3091 332; x_wconf 55' lang='lat' dir='ltr'><strong>nugor&quot;</strong></span> <span class='ocrx_word' id='word_1_50' title='bbox 3129 278 3190 344; x_wconf 71' lang='lat' dir='ltr'><strong>H</strong></span> 
     </span>
    </p>
   </div>
   <div class='ocr_carea' id='block_1_8' title="bbox 243 574 1814 647">
    <p class='ocr_par' dir='ltr' id='par_1_8' title="bbox 243 574 1814 647">
     <span class='ocr_line' id='line_1_8' title="bbox 243 574 1814 647; baseline -0.003 -18"><span class='ocrx_word' id='word_1_51' title='bbox 243 576 486 647; x_wconf 80' lang='grc' dir='ltr'>χείρονα,</span> <span class='ocrx_word' id='word_1_52' title='bbox 524 574 623 628; x_wconf 72' lang='grc' dir='ltr'>καὶ</span> <span class='ocrx_word' id='word_1_53' title='bbox 645 574 784 643; x_wconf 88' lang='grc' dir='ltr'>πρός</span> <span class='ocrx_word' id='word_1_54' title='bbox 809 589 872 641; x_wconf 89' lang='grc' dir='ltr'><strong>γε</strong></span> <span class='ocrx_word' id='word_1_55' title='bbox 903 575 1031 637; x_wconf 83' lang='grc' dir='ltr'><strong>τούς</strong></span> <span class='ocrx_word' id='word_1_56' title='bbox 1055 574 1269 629; x_wconf 70' lang='grc' dir='ltr'>ἑαυτῶν</span> <span class='ocrx_word' id='word_1_57' title='bbox 1298 574 1639 644; x_wconf 70' lang='grc' dir='ltr'><strong>ἱπποκόμους</strong></span> <span class='ocrx_word' id='word_1_58' title='bbox 1675 576 1814 642; x_wconf 86' lang='grc' dir='ltr'>ἀκη-</span> 
     </span>
    </p>
   </div>
   <div class='ocr_carea' id='block_1_9' title="bbox 244 663 1815 736">
    <p class='ocr_par' dir='ltr' id='par_1_9' title="bbox 244 663 1815 736">
     <span class='ocr_line' id='line_1_9' title="bbox 244 663 1815 736; baseline -0.001 -18"><span class='ocrx_word' id='word_1_59' title='bbox 244 664 428 728; x_wconf 72' lang='grc' dir='ltr'>κοότες</span> <span class='ocrx_word' id='word_1_60' title='bbox 459 664 598 736; x_wconf 86' lang='grc' dir='ltr'>όμοῦ</span> <span class='ocrx_word' id='word_1_61' title='bbox 622 666 733 728; x_wconf 84' lang='grc' dir='ltr'>τοῖς</span> <span class='ocrx_word' id='word_1_62' title='bbox 764 664 955 728; x_wconf 85' lang='grc' dir='ltr'>ῖπποις</span> <span class='ocrx_word' id='word_1_63' title='bbox 979 664 1176 735; x_wconf 88' lang='grc' dir='ltr'>ἀθρόον</span> <span class='ocrx_word' id='word_1_64' title='bbox 1195 666 1254 729; x_wconf 72' lang='grc' dir='ltr'>ις</span> <span class='ocrx_word' id='word_1_65' title='bbox 1295 664 1636 718; x_wconf 77' lang='grc' dir='ltr'>Ἀπόκαυκον</span> <span class='ocrx_word' id='word_1_66' title='bbox 1652 663 1815 733; x_wconf 78' lang='grc' dir='ltr'>ηὐτο-</span> 
     </span>
    </p>
   </div>
   <div class='ocr_carea' id='block_1_10' title="bbox 244 744 1814 827">
    <p class='ocr_par' dir='ltr' id='par_1_10' title="bbox 244 744 1814 827">
     <span class='ocr_line' id='line_1_10' title="bbox 244 744 1814 827; baseline -0.002 -17"><span class='ocrx_word' id='word_1_67' title='bbox 244 757 576 827; x_wconf 85' lang='grc' dir='ltr'>μοληκότας,</span> <span class='ocrx_word' id='word_1_68' title='bbox 628 755 860 827; x_wconf 87' lang='grc' dir='ltr'>δρασμῷ</span> <span class='ocrx_word' id='word_1_69' title='bbox 886 772 947 810; x_wconf 85' lang='grc' dir='ltr'><strong>τε</strong></span> <span class='ocrx_word' id='word_1_70' title='bbox 977 744 1284 827; x_wconf 65' lang='grc' dir='ltr'>ἐχρήσαντο</span> <span class='ocrx_word' id='word_1_71' title='bbox 1320 759 1413 810; x_wconf 74' lang='grc' dir='ltr'>καὶ</span> <span class='ocrx_word' id='word_1_72' title='bbox 1437 757 1590 810; x_wconf 80' lang='grc' dir='ltr'>αὐτοὶ</span> <span class='ocrx_word' id='word_1_73' title='bbox 1618 756 1712 811; x_wconf 79' lang='grc' dir='ltr'>καὶ</span> <span class='ocrx_word' id='word_1_74' title='bbox 1738 755 1814 825; x_wconf 81' lang='grc' dir='ltr'>τῷ</span> 
     </span>
    </p>
   </div>
   <div class='ocr_carea' id='block_1_11' title="bbox 241 845 1814 920">
    <p class='ocr_par' dir='ltr' id='par_1_11' title="bbox 241 845 1814 920">
     <span class='ocr_line' id='line_1_11' title="bbox 241 845 1814 920; baseline -0.001 -19"><span class='ocrx_word' id='word_1_75' title='bbox 241 849 349 902; x_wconf 86' lang='grc' dir='ltr'><strong>τῶν</strong></span> <span class='ocrx_word' id='word_1_76' title='bbox 364 847 644 918; x_wconf 86' lang='grc' dir='ltr'>πολεμίων</span> <span class='ocrx_word' id='word_1_77' title='bbox 664 847 1084 920; x_wconf 82' lang='grc' dir='ltr'>προσεῤῥύησαν</span> <span class='ocrx_word' id='word_1_78' title='bbox 1113 846 1485 918; x_wconf 74' lang='grc' dir='ltr'>στρατοπίδῳ,</span> <span class='ocrx_word' id='word_1_79' title='bbox 1505 845 1601 900; x_wconf 81' lang='grc' dir='ltr'><strong>τοῦ</strong></span> <span class='ocrx_word' id='word_1_80' title='bbox 1624 847 1814 917; x_wconf 82' lang='grc' dir='ltr'><strong>θέρους</strong></span> 
     </span>
    </p>
   </div>
   <div class='ocr_carea' id='block_1_12' title="bbox 243 932 1814 1009">
    <p class='ocr_par' dir='ltr' id='par_1_12' title="bbox 243 932 1814 1009">
     <span class='ocr_line' id='line_1_12' title="bbox 243 932 1814 1009; baseline -0.001 -17"><span class='ocrx_word' id='word_1_81' title='bbox 243 939 304 992; x_wconf 80' lang='grc' dir='ltr'>ὲν</span> <span class='ocrx_word' id='word_1_82' title='bbox 333 938 549 1006; x_wconf 85' lang='grc' dir='ltr'>ἀκμαῖς</span> <span class='ocrx_word' id='word_1_83' title='bbox 574 936 729 1000; x_wconf 74' lang='grc' dir='ltr'>ὄντος</span> <span class='ocrx_word' id='word_1_84' title='bbox 760 938 863 1009; x_wconf 71' lang='grc' dir='ltr'>ήδη</span> <span class='ocrx_word' id='word_1_85' title='bbox 888 936 983 991; x_wconf 87' lang='grc' dir='ltr'><strong>τοῦ</strong></span> <span class='ocrx_word' id='word_1_86' title='bbox 1016 939 1185 991; x_wconf 83' lang='grc' dir='ltr'>σίτου.</span> <span class='ocrx_word' id='word_1_87' title='bbox 1216 938 1325 993; x_wconf 80' lang='grc' dir='ltr'><strong>Καὶ</strong></span> <span class='ocrx_word' id='word_1_88' title='bbox 1355 933 1425 1007; x_wconf 73' lang='grc' dir='ltr'>ἦν</span> <span class='ocrx_word' id='word_1_89' title='bbox 1480 938 1541 990; x_wconf 71' lang='grc' dir='ltr'><strong>εν</strong></span> <span class='ocrx_word' id='word_1_90' title='bbox 1563 932 1625 991; x_wconf 77' lang='grc' dir='ltr'>οὗ</span> <span class='ocrx_word' id='word_1_91' title='bbox 1668 937 1814 1007; x_wconf 76' lang='grc' dir='ltr'>μάλα</span> 
     </span>
    </p>
   </div>
   <div class='ocr_carea' id='block_1_13' title="bbox 243 1025 1816 1099">
    <p class='ocr_par' dir='ltr' id='par_1_13' title="bbox 243 1025 1816 1099">
     <span class='ocr_line' id='line_1_13' title="bbox 243 1025 1816 1099; baseline -0.001 -18"><span class='ocrx_word' id='word_1_92' title='bbox 243 1028 510 1099; x_wconf 78' lang='grc' dir='ltr'>φορηταῖς</span> <span class='ocrx_word' id='word_1_93' title='bbox 552 1026 624 1079; x_wconf 83' lang='grc' dir='ltr'><strong>τά</strong></span> <span class='ocrx_word' id='word_1_94' title='bbox 682 1026 948 1097; x_wconf 72' lang='grc' dir='ltr'>βασιλέως</span> <span class='ocrx_word' id='word_1_95' title='bbox 978 1027 1335 1097; x_wconf 68' lang='grc' dir='ltr'><strong>περιστάσεσι</strong></span> <span class='ocrx_word' id='word_1_96' title='bbox 1370 1025 1696 1096; x_wconf 81' lang='grc' dir='ltr'>πράγματα,</span> <span class='ocrx_word' id='word_1_97' title='bbox 1724 1027 1816 1079; x_wconf 67' lang='grc' dir='ltr'><strong>καλ⁸</strong></span> 
     </span>
    </p>
   </div>
   <div class='ocr_carea' id='block_1_14' title="bbox 245 1117 1817 1190">
    <p class='ocr_par' dir='ltr' id='par_1_14' title="bbox 245 1117 1817 1190">
     <span class='ocr_line' id='line_1_14' title="bbox 245 1117 1817 1190; baseline 0.001 -19"><span class='ocrx_word' id='word_1_98' title='bbox 245 1122 431 1173; x_wconf 78' lang='grc' dir='ltr'>πᾶσαν</span> <span class='ocrx_word' id='word_1_99' title='bbox 488 1119 665 1170; x_wconf 73' lang='grc' dir='ltr'>εἰπεῖν</span> <span class='ocrx_word' id='word_1_100' title='bbox 698 1119 1054 1190; x_wconf 79' lang='grc' dir='ltr'>ἀνθρωπίνως</span> <span class='ocrx_word' id='word_1_101' title='bbox 1112 1117 1484 1189; x_wconf 81' lang='grc' dir='ltr'>ἀποσειόμενα</span> <span class='ocrx_word' id='word_1_102' title='bbox 1533 1117 1817 1184; x_wconf 77' lang='grc' dir='ltr'><strong>σώζουσαν</strong></span> 
     </span>
    </p>
   </div>
   <div class='ocr_carea' id='block_1_15' title="bbox 243 1209 1331 1282">
    <p class='ocr_par' dir='ltr' id='par_1_15' title="bbox 243 1209 1331 1282">
     <span class='ocr_line' id='line_1_15' title="bbox 243 1209 1331 1282; baseline 0.006 -20"><span class='ocrx_word' id='word_1_103' title='bbox 243 1211 592 1282; x_wconf 76' lang='grc' dir='ltr'>προσδοκίαν.</span> <span class='ocrx_word' id='word_1_104' title='bbox 1326 1209 1331 1215; x_wconf 75' lang='grc'><strong>’</strong></span> 
     </span>
    </p>
   </div>
   <div class='ocr_carea' id='block_1_16' title="bbox 312 1297 1816 1370">
    <p class='ocr_par' dir='ltr' id='par_1_16' title="bbox 312 1297 1816 1370">
     <span class='ocr_line' id='line_1_16' title="bbox 312 1297 1816 1370; baseline 0.002 -18"><span class='ocrx_word' id='word_1_105' title='bbox 312 1297 390 1354; x_wconf 87' lang='grc' dir='ltr'><strong>Δ’.</strong></span> <span class='ocrx_word' id='word_1_106' title='bbox 435 1301 525 1353; x_wconf 81' lang='grc' dir='ltr'>Ἐν</span> <span class='ocrx_word' id='word_1_107' title='bbox 548 1300 814 1363; x_wconf 83' lang='grc' dir='ltr'>τοιούτοις</span> <span class='ocrx_word' id='word_1_108' title='bbox 864 1300 911 1353; x_wconf 83' lang='grc' dir='ltr'>δ’</span> <span class='ocrx_word' id='word_1_109' title='bbox 959 1300 1074 1353; x_wconf 82' lang='grc' dir='ltr'>δντι</span> <span class='ocrx_word' id='word_1_110' title='bbox 1110 1299 1189 1370; x_wconf 81' lang='grc' dir='ltr'>τῷ</span> <span class='ocrx_word' id='word_1_111' title='bbox 1229 1299 1441 1369; x_wconf 87' lang='grc' dir='ltr'>βασιλεῖ</span> <span class='ocrx_word' id='word_1_112' title='bbox 1482 1305 1593 1364; x_wconf 85' lang='grc' dir='ltr'>τοῖς</span> <span class='ocrx_word' id='word_1_113' title='bbox 1621 1302 1816 1364; x_wconf 78' lang='grc' dir='ltr'>δεινοῖς</span> 
     </span>
    </p>
   </div>
   <div class='ocr_carea' id='block_1_17' title="bbox 244 1390 1815 1461">
    <p class='ocr_par' dir='ltr' id='par_1_17' title="bbox 244 1390 1815 1461">
     <span class='ocr_line' id='line_1_17' title="bbox 244 1390 1815 1461; baseline 0.002 -18"><span class='ocrx_word' id='word_1_114' title='bbox 244 1391 595 1461; x_wconf 60' lang='grc' dir='ltr'>προσετίθετο</span> <span class='ocrx_word' id='word_1_115' title='bbox 620 1392 715 1445; x_wconf 80' lang='grc' dir='ltr'>καὶ</span> <span class='ocrx_word' id='word_1_116' title='bbox 743 1392 774 1461; x_wconf 77' lang='grc' dir='ltr'>ἡ</span> <span class='ocrx_word' id='word_1_117' title='bbox 802 1391 912 1444; x_wconf 86' lang='grc' dir='ltr'><strong>τῶν</strong></span> <span class='ocrx_word' id='word_1_118' title='bbox 950 1390 1070 1460; x_wconf 82' lang='grc' dir='ltr'><strong>ἀμα</strong></span> <span class='ocrx_word' id='word_1_119' title='bbox 1101 1391 1259 1461; x_wconf 81' lang='grc' dir='ltr'><strong>αὐτῷ</strong></span> <span class='ocrx_word' id='word_1_120' title='bbox 1296 1390 1647 1459; x_wconf 81' lang='grc' dir='ltr'>στρατιωτῶν</span> <span class='ocrx_word' id='word_1_121' title='bbox 1678 1391 1815 1460; x_wconf 89' lang='grc' dir='ltr'>όμοῦ</span> 
     </span>
    </p>
   </div>
   <div class='ocr_carea' id='block_1_18' title="bbox 241 1480 1816 1554">
    <p class='ocr_par' dir='ltr' id='par_1_18' title="bbox 241 1480 1816 1554">
     <span class='ocr_line' id='line_1_18' title="bbox 241 1480 1816 1554; baseline 0.001 -19"><span class='ocrx_word' id='word_1_122' title='bbox 241 1486 339 1537; x_wconf 71' lang='grc' dir='ltr'><strong>καὶ</strong></span> <span class='ocrx_word' id='word_1_123' title='bbox 370 1484 692 1553; x_wconf 79' lang='grc' dir='ltr'>στρατηγῶν</span> <span class='ocrx_word' id='word_1_124' title='bbox 742 1483 837 1535; x_wconf 78' lang='grc' dir='ltr'>καὶ</span> <span class='ocrx_word' id='word_1_125' title='bbox 880 1480 1160 1551; x_wconf 83' lang='grc' dir='ltr'>συγγενῶν</span> <span class='ocrx_word' id='word_1_126' title='bbox 1209 1481 1475 1547; x_wconf 74' lang='grc' dir='ltr'>ἐπίθεσις.</span> <span class='ocrx_word' id='word_1_127' title='bbox 1533 1483 1661 1552; x_wconf 70' lang='grc' dir='ltr'>’ἰδίᾳ</span> <span class='ocrx_word' id='word_1_128' title='bbox 1705 1486 1816 1554; x_wconf 82' lang='grc' dir='ltr'>γὰρ</span> 
     </span>
    </p>
   </div>
   <div class='ocr_carea' id='block_1_19' title="bbox 128 1572 1817 1644">
    <p class='ocr_par' dir='ltr' id='par_1_19' title="bbox 128 1572 1817 1644">
     <span class='ocr_line' id='line_1_19' title="bbox 128 1572 1817 1644; baseline 0.001 -17"><span class='ocrx_word' id='word_1_129' title='bbox 128 1582 173 1627; x_wconf 62' lang='grc'>⁵.</span> <span class='ocrx_word' id='word_1_130' title='bbox 242 1574 559 1644; x_wconf 81' lang='grc' dir='ltr'>προσιόντες</span> <span class='ocrx_word' id='word_1_131' title='bbox 589 1573 811 1627; x_wconf 69' lang='grc' dir='ltr'>ἕκαστοι</span> <span class='ocrx_word' id='word_1_132' title='bbox 839 1573 928 1625; x_wconf 60' lang='lat' dir='ltr'><strong>sta</strong></span> <span class='ocrx_word' id='word_1_133' title='bbox 960 1573 1050 1625; x_wconf 83' lang='grc' dir='ltr'>τὸν</span> <span class='ocrx_word' id='word_1_134' title='bbox 1079 1572 1271 1644; x_wconf 82' lang='grc' dir='ltr'>καιρὸν</span> <span class='ocrx_word' id='word_1_135' title='bbox 1302 1572 1399 1627; x_wconf 76' lang='grc' dir='ltr'>καὶ</span> <span class='ocrx_word' id='word_1_136' title='bbox 1420 1574 1817 1643; x_wconf 67' lang='grc' dir='ltr'>τούς-ἑφεστῶ-</span> 
     </span>
    </p>
   </div>
   <div class='ocr_carea' id='block_1_20' title="bbox 240 1663 1813 1735">
    <p class='ocr_par' dir='ltr' id='par_1_20' title="bbox 240 1663 1813 1735">
     <span class='ocr_line' id='line_1_20' title="bbox 240 1663 1813 1735; baseline -0.002 -17"><span class='ocrx_word' id='word_1_137' title='bbox 240 1683 344 1729; x_wconf 86' lang='grc' dir='ltr'><strong>τας</strong></span> <span class='ocrx_word' id='word_1_138' title='bbox 377 1665 657 1725; x_wconf 79' lang='grc' dir='ltr'>κινδύνους</span> <span class='ocrx_word' id='word_1_139' title='bbox 686 1664 929 1735; x_wconf 79' lang='grc' dir='ltr'>ἀπῄτουν</span> <span class='ocrx_word' id='word_1_140' title='bbox 956 1664 1007 1716; x_wconf 75' lang='grc' dir='ltr'>οἱ</span> <span class='ocrx_word' id='word_1_141' title='bbox 1035 1664 1132 1734; x_wconf 69' lang='grc' dir='ltr'>μὲν</span> <span class='ocrx_word' id='word_1_142' title='bbox 1160 1663 1387 1731; x_wconf 81' lang='grc' dir='ltr'>Λέσϐον,</span> <span class='ocrx_word' id='word_1_143' title='bbox 1414 1665 1465 1717; x_wconf 77' lang='lat' dir='ltr'><strong>oi</strong></span> <span class='ocrx_word' id='word_1_144' title='bbox 1490 1664 1546 1719; x_wconf 83' lang='grc' dir='ltr'>δὲ</span> <span class='ocrx_word' id='word_1_145' title='bbox 1576 1666 1813 1735; x_wconf 78' lang='grc' dir='ltr'>Λῆμνον,</span> 
     </span>
    </p>
   </div>
   <div class='ocr_carea' id='block_1_21' title="bbox 1920 567 3483 644">
    <p class='ocr_par' dir='ltr' id='par_1_21' title="bbox 1920 567 3483 644">
     <span class='ocr_line' id='line_1_21' title="bbox 1920 567 3483 644; baseline 0.006 -25"><span class='ocrx_word' id='word_1_146' title='bbox 1920 567 2052 622; x_wconf 84' lang='lat' dir='ltr'><strong>libet</strong></span> <span class='ocrx_word' id='word_1_147' title='bbox 2084 568 2323 638; x_wconf 84' lang='lat' dir='ltr'><strong>pejorem</strong></span> <span class='ocrx_word' id='word_1_148' title='bbox 2356 567 2514 623; x_wconf 80' lang='lat' dir='ltr'><strong>hoste</strong></span> <span class='ocrx_word' id='word_1_149' title='bbox 2569 570 2856 637; x_wconf 77' lang='lat' dir='ltr'><strong>ducerent,</strong></span> <span class='ocrx_word' id='word_1_150' title='bbox 2902 572 3263 644; x_wconf 77' lang='lat' dir='ltr'><strong>audirentque</strong></span> <span class='ocrx_word' id='word_1_151' title='bbox 3316 578 3483 631; x_wconf 86' lang='lat' dir='ltr'><strong>etiam</strong></span> 
     </span>
    </p>
   </div>
   <div class='ocr_carea' id='block_1_22' title="bbox 1917 661 3486 736">
    <p class='ocr_par' dir='ltr' id='par_1_22' title="bbox 1917 661 3486 736">
     <span class='ocr_line' id='line_1_22' title="bbox 1917 661 3486 736; baseline 0.007 -24"><span class='ocrx_word' id='word_1_152' title='bbox 1917 673 2185 728; x_wconf 70' lang='lat' dir='ltr'><strong>agasones</strong></span> <span class='ocrx_word' id='word_1_153' title='bbox 2206 674 2337 714; x_wconf 87' lang='lat' dir='ltr'><strong>suos</strong></span> <span class='ocrx_word' id='word_1_154' title='bbox 2364 674 2489 715; x_wconf 89' lang='lat' dir='ltr'><strong>cum</strong></span> <span class='ocrx_word' id='word_1_155' title='bbox 2521 662 2680 731; x_wconf 87' lang='lat' dir='ltr'><strong>equis</strong></span> <span class='ocrx_word' id='word_1_156' title='bbox 2728 661 2793 714; x_wconf 85' lang='lat' dir='ltr'><strong>ad</strong></span> <span class='ocrx_word' id='word_1_157' title='bbox 2848 662 3202 732; x_wconf 84' lang='lat' dir='ltr'><strong>Apocaucum</strong></span> <span class='ocrx_word' id='word_1_158' title='bbox 3260 675 3486 736; x_wconf 81' lang='lat' dir='ltr'><strong>repente</strong></span> 
     </span>
    </p>
   </div>
   <div class='ocr_carea' id='block_1_23' title="bbox 1919 748 3483 828">
    <p class='ocr_par' dir='ltr' id='par_1_23' title="bbox 1919 748 3483 828">
     <span class='ocr_line' id='line_1_23' title="bbox 1919 748 3483 828; baseline 0.006 -25"><span class='ocrx_word' id='word_1_159' title='bbox 1919 748 2297 820; x_wconf 79' lang='lat' dir='ltr'><strong>transfugisse,</strong></span> <span class='ocrx_word' id='word_1_160' title='bbox 2354 750 2540 821; x_wconf 79' lang='lat' dir='ltr'><strong>fugam</strong></span> <span class='ocrx_word' id='word_1_161' title='bbox 2592 761 2646 806; x_wconf 92' lang='lat' dir='ltr'><strong>et</strong></span> <span class='ocrx_word' id='word_1_162' title='bbox 2708 752 2806 821; x_wconf 81' lang='lat' dir='ltr'><strong>ipsi</strong></span> <span class='ocrx_word' id='word_1_163' title='bbox 2845 767 3198 823; x_wconf 84' lang='lat' dir='ltr'><strong>capessentes</strong></span> <span class='ocrx_word' id='word_1_164' title='bbox 3225 756 3389 828; x_wconf 80' lang='lat'><strong>709</strong></span> <span class='ocrx_word' id='word_1_165' title='bbox 3416 760 3483 813; x_wconf 86' lang='lat' dir='ltr'><strong>ad</strong></span> 
     </span>
    </p>
   </div>
   <div class='ocr_carea' id='block_1_24' title="bbox 1916 840 3485 919">
    <p class='ocr_par' dir='ltr' id='par_1_24' title="bbox 1916 840 3485 919">
     <span class='ocr_line' id='line_1_24' title="bbox 1916 840 3485 919; baseline 0.005 -25"><span class='ocrx_word' id='word_1_166' title='bbox 1916 847 2093 894; x_wconf 81' lang='lat' dir='ltr'><strong>castra</strong></span> <span class='ocrx_word' id='word_1_167' title='bbox 2122 841 2356 895; x_wconf 84' lang='lat' dir='ltr'><strong>hostium</strong></span> <span class='ocrx_word' id='word_1_168' title='bbox 2390 840 2696 907; x_wconf 83' lang='lat' dir='ltr'><strong>conﬂuunt,</strong></span> <span class='ocrx_word' id='word_1_169' title='bbox 2758 852 2948 899; x_wconf 66' lang='lat' dir='ltr'><strong>testate</strong></span> <span class='ocrx_word' id='word_1_170' title='bbox 3002 859 3060 899; x_wconf 82' lang='lat' dir='ltr'><strong>et</strong></span> <span class='ocrx_word' id='word_1_171' title='bbox 3123 846 3330 904; x_wconf 76' lang='lat' dir='ltr'><strong>adultis</strong></span> <span class='ocrx_word' id='word_1_172' title='bbox 3371 848 3485 919; x_wconf 88' lang='lat' dir='ltr'><strong>jam</strong></span> 
     </span>
    </p>
   </div>
   <div class='ocr_carea' id='block_1_25' title="bbox 1917 930 3484 1005">
    <p class='ocr_par' dir='ltr' id='par_1_25' title="bbox 1917 930 3484 1005">
     <span class='ocr_line' id='line_1_25' title="bbox 1917 930 3484 1005; baseline 0.008 -22"><span class='ocrx_word' id='word_1_173' title='bbox 1917 930 2192 1000; x_wconf 77' lang='lat' dir='ltr'><strong>irugibus.</strong></span> <span class='ocrx_word' id='word_1_174' title='bbox 2214 932 2494 1003; x_wconf 74' lang='lat' dir='ltr'><strong>Erantque</strong></span> <span class='ocrx_word' id='word_1_175' title='bbox 2529 948 2619 988; x_wconf 89' lang='lat' dir='ltr'><strong>res</strong></span> <span class='ocrx_word' id='word_1_176' title='bbox 2640 934 2991 1005; x_wconf 78' lang='lat' dir='ltr'><strong>imperatoris</strong></span> <span class='ocrx_word' id='word_1_177' title='bbox 3024 936 3079 990; x_wconf 91' lang='lat' dir='ltr'><strong>in</strong></span> <span class='ocrx_word' id='word_1_178' title='bbox 3110 952 3206 992; x_wconf 91' lang='lat' dir='ltr'><strong>eas</strong></span> <span class='ocrx_word' id='word_1_179' title='bbox 3234 939 3484 995; x_wconf 72' lang='lat' dir='ltr'><strong>adductae</strong></span> 
     </span>
    </p>
   </div>
   <div class='ocr_carea' id='block_1_26' title="bbox 1870 1020 3479 1099">
    <p class='ocr_par' dir='ltr' id='par_1_26' title="bbox 1870 1020 3479 1099">
     <span class='ocr_line' id='line_1_26' title="bbox 1870 1020 3479 1099; baseline 0.007 -25"><span class='ocrx_word' id='word_1_180' title='bbox 1870 1020 1882 1028; x_wconf 83' lang='grc'><strong>’</strong></span> <span class='ocrx_word' id='word_1_181' title='bbox 1918 1022 2219 1092; x_wconf 75' lang='lat' dir='ltr'><strong>angustias,</strong></span> <span class='ocrx_word' id='word_1_182' title='bbox 2247 1038 2370 1093; x_wconf 72' lang='lat' dir='ltr'><strong>qua:</strong></span> <span class='ocrx_word' id='word_1_183' title='bbox 2396 1023 2487 1078; x_wconf 81' lang='lat' dir='ltr'><strong>vix</strong></span> <span class='ocrx_word' id='word_1_184' title='bbox 2511 1033 2698 1080; x_wconf 88' lang='lat' dir='ltr'><strong>essent</strong></span> <span class='ocrx_word' id='word_1_185' title='bbox 2721 1027 3239 1099; x_wconf 86' lang='lat' dir='ltr'><strong>tolcrabiles,atque</strong></span> <span class='ocrx_word' id='word_1_186' title='bbox 3260 1046 3479 1085; x_wconf 86' lang='lat' dir='ltr'><strong>omnem</strong></span> 
     </span>
    </p>
   </div>
   <div class='ocr_carea' id='block_1_27' title="bbox 1918 1113 3064 1187">
    <p class='ocr_par' dir='ltr' id='par_1_27' title="bbox 1918 1113 3064 1187">
     <span class='ocr_line' id='line_1_27' title="bbox 1918 1113 3064 1187; baseline 0.006 -21"><span class='ocrx_word' id='word_1_187' title='bbox 1918 1113 2237 1169; x_wconf 85' lang='lat' dir='ltr'><strong>humanitus</strong></span> <span class='ocrx_word' id='word_1_188' title='bbox 2260 1115 2460 1171; x_wconf 85' lang='lat' dir='ltr'><strong>salutis</strong></span> <span class='ocrx_word' id='word_1_189' title='bbox 2496 1131 2652 1187; x_wconf 84' lang='lat' dir='ltr'><strong>spem</strong></span> <span class='ocrx_word' id='word_1_190' title='bbox 2685 1118 3064 1173; x_wconf 72' lang='lat' dir='ltr'><strong>excluderent.</strong></span> 
     </span>
    </p>
   </div>
   <div class='ocr_carea' id='block_1_28' title="bbox 1988 1296 3486 1372">
    <p class='ocr_par' dir='ltr' id='par_1_28' title="bbox 1988 1296 3486 1372">
     <span class='ocr_line' id='line_1_28' title="bbox 1988 1296 3486 1372; baseline 0.007 -22"><span class='ocrx_word' id='word_1_191' title='bbox 1988 1297 2072 1351; x_wconf 84' lang='lat' dir='ltr'><strong>IV.</strong></span> <span class='ocrx_word' id='word_1_192' title='bbox 2103 1296 2181 1352; x_wconf 85' lang='lat' dir='ltr'><strong>Ad</strong></span> <span class='ocrx_word' id='word_1_193' title='bbox 2215 1298 2305 1352; x_wconf 84' lang='lat' dir='ltr'><strong>illa</strong></span> <span class='ocrx_word' id='word_1_194' title='bbox 2356 1298 2624 1368; x_wconf 89' lang='lat' dir='ltr'><strong>pericula,</strong></span> <span class='ocrx_word' id='word_1_195' title='bbox 2691 1300 2746 1352; x_wconf 92' lang='lat' dir='ltr'><strong>in</strong></span> <span class='ocrx_word' id='word_1_196' title='bbox 2788 1299 2992 1372; x_wconf 87' lang='lat' dir='ltr'><strong>quibus</strong></span> <span class='ocrx_word' id='word_1_197' title='bbox 3022 1303 3350 1359; x_wconf 83' lang='lat' dir='ltr'><strong>versabatur</strong></span> <span class='ocrx_word' id='word_1_198' title='bbox 3383 1307 3486 1360; x_wconf 86' lang='lat' dir='ltr'><strong>im-</strong></span> 
     </span>
    </p>
   </div>
   <div class='ocr_carea' id='block_1_29' title="bbox 1917 1392 3482 1466">
    <p class='ocr_par' dir='ltr' id='par_1_29' title="bbox 1917 1392 3482 1466">
     <span class='ocr_line' id='line_1_29' title="bbox 1917 1392 3482 1466; baseline 0.006 -24"><span class='ocrx_word' id='word_1_199' title='bbox 1917 1398 2153 1456; x_wconf 87' lang='lat' dir='ltr'><strong>perator,</strong></span> <span class='ocrx_word' id='word_1_200' title='bbox 2195 1392 2426 1445; x_wconf 87' lang='lat' dir='ltr'><strong>accessit</strong></span> <span class='ocrx_word' id='word_1_201' title='bbox 2458 1392 2623 1446; x_wconf 88' lang='lat' dir='ltr'><strong>etiam</strong></span> <span class='ocrx_word' id='word_1_202' title='bbox 2655 1407 2846 1447; x_wconf 85' lang='lat' dir='ltr'><strong>eorum</strong></span> <span class='ocrx_word' id='word_1_203' title='bbox 2878 1395 2970 1463; x_wconf 87' lang='lat' dir='ltr'><strong>qui</strong></span> <span class='ocrx_word' id='word_1_204' title='bbox 2998 1410 3120 1449; x_wconf 89' lang='lat' dir='ltr'><strong>cum</strong></span> <span class='ocrx_word' id='word_1_205' title='bbox 3153 1398 3269 1466; x_wconf 81' lang='lat' dir='ltr'><strong>ipso</strong></span> <span class='ocrx_word' id='word_1_206' title='bbox 3305 1410 3482 1463; x_wconf 81' lang='lat' dir='ltr'><strong>erant,</strong></span> 
     </span>
    </p>
   </div>
   <div class='ocr_carea' id='block_1_30' title="bbox 1918 1482 3486 1553">
    <p class='ocr_par' dir='ltr' id='par_1_30' title="bbox 1918 1482 3486 1553">
     <span class='ocr_line' id='line_1_30' title="bbox 1918 1482 3486 1553; baseline 0.008 -20"><span class='ocrx_word' id='word_1_207' title='bbox 1918 1487 2026 1535; x_wconf 80' lang='lat' dir='ltr'><strong>tam</strong></span> <span class='ocrx_word' id='word_1_208' title='bbox 2060 1482 2292 1537; x_wconf 87' lang='lat' dir='ltr'><strong>militum</strong></span> <span class='ocrx_word' id='word_1_209' title='bbox 2320 1499 2481 1553; x_wconf 88' lang='lat' dir='ltr'><strong>quam</strong></span> <span class='ocrx_word' id='word_1_210' title='bbox 2515 1487 2717 1541; x_wconf 88' lang='lat' dir='ltr'><strong>ducum</strong></span> <span class='ocrx_word' id='word_1_211' title='bbox 2740 1525 2755 1548; x_wconf 89' lang='lat'><strong>.</strong></span> <span class='ocrx_word' id='word_1_212' title='bbox 2791 1503 2855 1542; x_wconf 87' lang='lat' dir='ltr'><strong>ac</strong></span> <span class='ocrx_word' id='word_1_213' title='bbox 2892 1493 3332 1547; x_wconf 69' lang='lat' dir='ltr'><strong>necessariorum</strong></span> <span class='ocrx_word' id='word_1_214' title='bbox 3386 1494 3486 1546; x_wconf 90' lang='lat' dir='ltr'><strong>im-</strong></span> 
     </span>
    </p>
   </div>
   <div class='ocr_carea' id='block_1_31' title="bbox 1918 1575 3485 1654">
    <p class='ocr_par' dir='ltr' id='par_1_31' title="bbox 1918 1575 3485 1654">
     <span class='ocr_line' id='line_1_31' title="bbox 1918 1575 3485 1654; baseline 0.01 -29"><span class='ocrx_word' id='word_1_215' title='bbox 1918 1581 2156 1640; x_wconf 88' lang='lat' dir='ltr'><strong>portuna</strong></span> <span class='ocrx_word' id='word_1_216' title='bbox 2190 1575 2530 1633; x_wconf 82' lang='lat' dir='ltr'><strong>sollicitatio.</strong></span> <span class='ocrx_word' id='word_1_217' title='bbox 2585 1578 2847 1633; x_wconf 80' lang='lat' dir='ltr'><strong>Privatim</strong></span> <span class='ocrx_word' id='word_1_218' title='bbox 2898 1581 3048 1636; x_wconf 84' lang='lat' dir='ltr'><strong>enim</strong></span> <span class='ocrx_word' id='word_1_219' title='bbox 3106 1585 3485 1654; x_wconf 78' lang='lat' dir='ltr'><strong>unusquisque</strong></span> 
     </span>
    </p>
   </div>
   <div class='ocr_carea' id='block_1_32' title="bbox 1915 1650 3485 1739">
    <p class='ocr_par' dir='ltr' id='par_1_32' title="bbox 1915 1650 3485 1739">
     <span class='ocr_line' id='line_1_32' title="bbox 1915 1650 3485 1739; baseline 0.008 -22"><span class='ocrx_word' id='word_1_220' title='bbox 1915 1661 2208 1730; x_wconf 84' lang='lat' dir='ltr'><strong>adeuntes,</strong></span> <span class='ocrx_word' id='word_1_221' title='bbox 2239 1676 2464 1736; x_wconf 82' lang='lat' dir='ltr'><strong>propter</strong></span> <span class='ocrx_word' id='word_1_222' title='bbox 2501 1666 2681 1739; x_wconf 90' lang='lat' dir='ltr'><strong>ipsum</strong></span> <span class='ocrx_word' id='word_1_223' title='bbox 2719 1685 2903 1725; x_wconf 90' lang='lat' dir='ltr'><strong>rerum</strong></span> <span class='ocrx_word' id='word_1_224' title='bbox 2954 1650 3156 1729; x_wconf 66' lang='lat' dir='ltr'><strong>statuin</strong></span> <span class='ocrx_word' id='word_1_225' title='bbox 3192 1650 3485 1729; x_wconf 16' lang='lat' dir='ltr'><strong>etiirnnii-</strong></span> 
     </span>
    </p>
   </div>
   <div class='ocr_carea' id='block_1_33' title="bbox 241 1741 1813 1831">
    <p class='ocr_par' dir='ltr' id='par_1_33' title="bbox 241 1754 1812 1829">
     <span class='ocr_line' id='line_1_33' title="bbox 241 1754 1812 1829; baseline -0.001 -20"><span class='ocrx_word' id='word_1_226' title='bbox 241 1759 290 1810; x_wconf 86' lang='grc' dir='ltr'><strong>οί</strong></span> <span class='ocrx_word' id='word_1_227' title='bbox 326 1756 385 1808; x_wconf 71' lang='grc' dir='ltr'>δὲ</span> <span class='ocrx_word' id='word_1_228' title='bbox 434 1757 600 1808; x_wconf 82' lang='grc' dir='ltr'>Χίον’</span> <span class='ocrx_word' id='word_1_229' title='bbox 629 1755 777 1810; x_wconf 74' lang='grc' dir='ltr'>ἄλλοι</span> <span class='ocrx_word' id='word_1_230' title='bbox 823 1754 870 1808; x_wconf 84' lang='grc' dir='ltr'>δ’</span> <span class='ocrx_word' id='word_1_231' title='bbox 912 1755 1051 1809; x_wconf 74' lang='grc' dir='ltr'>ἄλλα</span> <span class='ocrx_word' id='word_1_232' title='bbox 1079 1772 1138 1807; x_wconf 87' lang='grc' dir='ltr'><strong>τε</strong></span> <span class='ocrx_word' id='word_1_233' title='bbox 1160 1754 1347 1829; x_wconf 51' lang='grc' dir='ltr'>,χωρία</span> <span class='ocrx_word' id='word_1_234' title='bbox 1388 1756 1483 1809; x_wconf 70' lang='grc' dir='ltr'>καὶ</span> <span class='ocrx_word' id='word_1_235' title='bbox 1537 1756 1812 1825; x_wconf 87' lang='grc' dir='ltr'>προσόδων</span> 
     </span>
    </p>
   </div>
   <div class='ocr_carea' id='block_1_34' title="bbox 1918 1741 3483 1831">
    <p class='ocr_par' dir='ltr' id='par_1_34' title="bbox 1919 1756 3483 1831">
     <span class='ocr_line' id='line_1_34' title="bbox 1919 1756 3483 1831; baseline 0.006 -20"><span class='ocrx_word' id='word_1_236' title='bbox 1919 1756 2103 1824; x_wconf 84' lang='lat' dir='ltr'><strong>nentia</strong></span> <span class='ocrx_word' id='word_1_237' title='bbox 2133 1757 2397 1827; x_wconf 89' lang='lat' dir='ltr'><strong>pericula,</strong></span> <span class='ocrx_word' id='word_1_238' title='bbox 2438 1760 2697 1830; x_wconf 85' lang='lat' dir='ltr'><strong>petebant</strong></span> <span class='ocrx_word' id='word_1_239' title='bbox 2726 1762 2831 1817; x_wconf 84' lang='lat' dir='ltr'><strong>sibi</strong></span> <span class='ocrx_word' id='word_1_240' title='bbox 2866 1763 2921 1818; x_wconf 88' lang='lat' dir='ltr'><strong>hi</strong></span> <span class='ocrx_word' id='word_1_241' title='bbox 2949 1763 3187 1831; x_wconf 84' lang='lat' dir='ltr'><strong>Lesbon,</strong></span> <span class='ocrx_word' id='word_1_242' title='bbox 3218 1766 3483 1823; x_wconf 85' lang='lat' dir='ltr'><strong>Lemnum</strong></span> 
     </span>
    </p>
   </div>
   <div class='ocr_carea' id='block_1_35' title="bbox 240 1844 1815 1917">
    <p class='ocr_par' dir='ltr' id='par_1_35' title="bbox 240 1844 1815 1917">
     <span class='ocr_line' id='line_1_35' title="bbox 240 1844 1815 1917; baseline 0.003 -19"><span class='ocrx_word' id='word_1_243' title='bbox 240 1848 524 1915; x_wconf 82' lang='grc' dir='ltr'>εὐπορίας,</span> <span class='ocrx_word' id='word_1_244' title='bbox 559 1847 693 1907; x_wconf 83' lang='grc' dir='ltr'>τέως</span> <span class='ocrx_word' id='word_1_245' title='bbox 752 1847 851 1916; x_wconf 80' lang='grc' dir='ltr'>μὲν</span> <span class='ocrx_word' id='word_1_246' title='bbox 884 1847 942 1900; x_wconf 69' lang='grc' dir='ltr'>ἂν</span> <span class='ocrx_word' id='word_1_247' title='bbox 985 1844 1212 1914; x_wconf 63' lang='grc' dir='ltr'>ἐγγύαις</span> <span class='ocrx_word' id='word_1_248' title='bbox 1261 1849 1560 1917; x_wconf 65' lang='grc' dir='ltr'>ἐγγράφοις</span> <span class='ocrx_word' id='word_1_249' title='bbox 1588 1864 1602 1879; x_wconf 78' lang='grc' dir='ltr'><strong>ο</strong></span> <span class='ocrx_word' id='word_1_250' title='bbox 1651 1849 1738 1902; x_wconf 82' lang='grc' dir='ltr'>ὅτε</span> <span class='ocrx_word' id='word_1_251' title='bbox 1771 1849 1815 1901; x_wconf 77' lang='grc' dir='ltr'>δ’</span> 
     </span>
    </p>
   </div>
   <div class='ocr_carea' id='block_1_36' title="bbox 241 1934 1817 2006">
    <p class='ocr_par' dir='ltr' id='par_1_36' title="bbox 241 1934 1817 2006">
     <span class='ocr_line' id='line_1_36' title="bbox 241 1934 1817 2006; baseline 0 -17"><span class='ocrx_word' id='word_1_252' title='bbox 241 1936 519 2006; x_wconf 60' lang='grc' dir='ltr'>ἐγκρατὴς</span> <span class='ocrx_word' id='word_1_253' title='bbox 559 1934 813 2000; x_wconf 71' lang='grc' dir='ltr'>καθάπαξ</span> <span class='ocrx_word' id='word_1_254' title='bbox 835 1936 933 2004; x_wconf 81' lang='grc' dir='ltr'>τῆς</span> <span class='ocrx_word' id='word_1_255' title='bbox 962 1935 1093 2004; x_wconf 86' lang='grc' dir='ltr'>ὃλης</span> <span class='ocrx_word' id='word_1_256' title='bbox 1123 1937 1331 2003; x_wconf 79' lang='grc' dir='ltr'>γένοιτο</span> <span class='ocrx_word' id='word_1_257' title='bbox 1357 1937 1651 2006; x_wconf 75' lang='grc' dir='ltr'>βασιλείας,</span> <span class='ocrx_word' id='word_1_258' title='bbox 1693 1939 1817 1991; x_wconf 70' lang='grc' dir='ltr'>ἑπι-</span> 
     </span>
    </p>
   </div>
   <div class='ocr_carea' id='block_1_37' title="bbox 238 2028 1814 2097">
    <p class='ocr_par' dir='ltr' id='par_1_37' title="bbox 238 2028 1814 2097">
     <span class='ocr_line' id='line_1_37' title="bbox 238 2028 1814 2097; baseline 0.001 -17"><span class='ocrx_word' id='word_1_259' title='bbox 238 2029 373 2096; x_wconf 76' lang='grc' dir='ltr'>τελῆ</span> <span class='ocrx_word' id='word_1_260' title='bbox 405 2029 496 2081; x_wconf 77' lang='grc' dir='ltr'>καὶ</span> <span class='ocrx_word' id='word_1_261' title='bbox 528 2028 598 2081; x_wconf 85' lang='grc' dir='ltr'>τὰ</span> <span class='ocrx_word' id='word_1_262' title='bbox 638 2028 698 2085; x_wconf 80' lang='grc' dir='ltr'>ἐν</span> <span class='ocrx_word' id='word_1_263' title='bbox 725 2028 952 2095; x_wconf 79' lang='grc' dir='ltr'>ὲγγύαις</span> <span class='ocrx_word' id='word_1_264' title='bbox 997 2028 1391 2097; x_wconf 70' lang='grc' dir='ltr'><strong>ἐπηγγελμένα</strong></span> <span class='ocrx_word' id='word_1_265' title='bbox 1432 2028 1814 2083; x_wconf 84' lang='grc' dir='ltr'>καθίστασθαι.</span> 
     </span>
    </p>
   </div>
   <div class='ocr_carea' id='block_1_38' title="bbox 241 2118 1818 2191">
    <p class='ocr_par' dir='ltr' id='par_1_38' title="bbox 241 2118 1818 2191">
     <span class='ocr_line' id='line_1_38' title="bbox 241 2118 1818 2191; baseline -0.001 -16"><span class='ocrx_word' id='word_1_266' title='bbox 241 2120 400 2191; x_wconf 65' lang='lat' dir='ltr'><strong>Ilth</strong></span> <span class='ocrx_word' id='word_1_267' title='bbox 425 2119 536 2189; x_wconf 76' lang='grc' dir='ltr'><strong>γὰρ</strong></span> <span class='ocrx_word' id='word_1_268' title='bbox 570 2119 656 2173; x_wconf 64' lang='grc' dir='ltr'>ἀπ’</span> <span class='ocrx_word' id='word_1_269' title='bbox 684 2120 901 2190; x_wconf 79' lang='grc' dir='ltr'>ἀδήλοις</span> <span class='ocrx_word' id='word_1_270' title='bbox 950 2119 1163 2173; x_wconf 73' lang='grc' dir='ltr'>ἐλπίσιν</span> <span class='ocrx_word' id='word_1_271' title='bbox 1206 2118 1349 2172; x_wconf 86' lang='grc' dir='ltr'>οῦτω</span> <span class='ocrx_word' id='word_1_272' title='bbox 1385 2120 1733 2175; x_wconf 68' lang='grc' dir='ltr'>δωκυὸεύειν</span> <span class='ocrx_word' id='word_1_273' title='bbox 1758 2124 1818 2174; x_wconf 76' lang='grc' dir='ltr'><strong>τὸ</strong></span> 
     </span>
    </p>
   </div>
   <div class='ocr_carea' id='block_1_39' title="bbox 242 2210 1817 2283">
    <p class='ocr_par' dir='ltr' id='par_1_39' title="bbox 242 2210 1817 2283">
     <span class='ocr_line' id='line_1_39' title="bbox 242 2210 1817 2283; baseline -0.001 -17"><span class='ocrx_word' id='word_1_274' title='bbox 242 2212 369 2283; x_wconf 77' lang='grc' dir='ltr'>ζῇν,</span> <span class='ocrx_word' id='word_1_275' title='bbox 393 2214 452 2265; x_wconf 75' lang='grc' dir='ltr'>ιν</span> <span class='ocrx_word' id='word_1_276' title='bbox 478 2211 779 2281; x_wconf 75' lang='grc' dir='ltr'>ὀφθαλμοῖς</span> <span class='ocrx_word' id='word_1_277' title='bbox 815 2210 917 2282; x_wconf 79' lang='grc' dir='ltr'>ἥδη</span> <span class='ocrx_word' id='word_1_278' title='bbox 946 2210 1054 2265; x_wconf 83' lang='grc' dir='ltr'><strong>τῶν</strong></span> <span class='ocrx_word' id='word_1_279' title='bbox 1103 2210 1364 2265; x_wconf 79' lang='grc' dir='ltr'>κινδύνων</span> <span class='ocrx_word' id='word_1_280' title='bbox 1400 2211 1670 2276; x_wconf 73' lang='grc' dir='ltr'>ἑστώτων,</span> <span class='ocrx_word' id='word_1_281' title='bbox 1708 2213 1817 2265; x_wconf 83' lang='grc' dir='ltr'>οῖε-</span> 
     </span>
    </p>
   </div>
   <div class='ocr_carea' id='block_1_40' title="bbox 242 2303 1814 2375">
    <p class='ocr_par' dir='ltr' id='par_1_40' title="bbox 242 2303 1814 2375">
     <span class='ocr_line' id='line_1_40' title="bbox 242 2303 1814 2375; baseline -0.001 -16"><span class='ocrx_word' id='word_1_282' title='bbox 242 2306 372 2359; x_wconf 84' lang='grc' dir='ltr'>σθαι</span> <span class='ocrx_word' id='word_1_283' title='bbox 403 2305 502 2374; x_wconf 79' lang='grc' dir='ltr'>τὴν</span> <span class='ocrx_word' id='word_1_284' title='bbox 526 2303 620 2357; x_wconf 84' lang='grc' dir='ltr'><strong>τοῦ</strong></span> <span class='ocrx_word' id='word_1_285' title='bbox 654 2303 934 2374; x_wconf 76' lang='grc' dir='ltr'>βελτίστου</span> <span class='ocrx_word' id='word_1_286' title='bbox 974 2304 1127 2371; x_wconf 85' lang='grc' dir='ltr'>σφίσι</span> <span class='ocrx_word' id='word_1_287' title='bbox 1159 2305 1351 2374; x_wconf 89' lang='grc' dir='ltr'>μοῖραν</span> <span class='ocrx_word' id='word_1_288' title='bbox 1387 2304 1656 2375; x_wconf 87' lang='grc' dir='ltr'>ἰδρύσθαι,</span> <span class='ocrx_word' id='word_1_289' title='bbox 1700 2307 1814 2361; x_wconf 84' lang='grc' dir='ltr'>ἀλλ’</span> 
     </span>
    </p>
   </div>
   <div class='ocr_carea' id='block_1_41' title="bbox 239 2386 1817 2465">
    <p class='ocr_par' dir='ltr' id='par_1_41' title="bbox 239 2386 1817 2465">
     <span class='ocr_line' id='line_1_41' title="bbox 239 2386 1817 2465; baseline 0.001 -17"><span class='ocrx_word' id='word_1_290' title='bbox 239 2395 498 2465; x_wconf 72' lang='grc' dir='ltr'>ἐνέχυρον</span> <span class='ocrx_word' id='word_1_291' title='bbox 528 2390 667 2448; x_wconf 74' lang='grc' dir='ltr'>εἶναι</span> <span class='ocrx_word' id='word_1_292' title='bbox 699 2410 753 2446; x_wconf 90' lang='grc' dir='ltr'><strong>τι</strong></span> <span class='ocrx_word' id='word_1_293' title='bbox 787 2393 1026 2461; x_wconf 72' lang='grc' dir='ltr'>βιδαιον,</span> <span class='ocrx_word' id='word_1_294' title='bbox 1067 2386 1129 2445; x_wconf 74' lang='grc' dir='ltr'><strong>οὐ</strong></span> <span class='ocrx_word' id='word_1_295' title='bbox 1145 2395 1466 2464; x_wconf 82' lang='grc' dir='ltr'>,πριάμενος</span> <span class='ocrx_word' id='word_1_296' title='bbox 1513 2396 1581 2448; x_wconf 84' lang='grc' dir='ltr'><strong>ἀν</strong></span> <span class='ocrx_word' id='word_1_297' title='bbox 1610 2412 1693 2459; x_wconf 89' lang='grc' dir='ltr'><strong>τις</strong></span> <span class='ocrx_word' id='word_1_298' title='bbox 1725 2400 1817 2449; x_wconf 75' lang='grc' dir='ltr'><strong>τὸν</strong></span> 
     </span>
    </p>
   </div>
   <div class='ocr_carea' id='block_1_42' title="bbox 240 2483 1816 2560">
    <p class='ocr_par' dir='ltr' id='par_1_42' title="bbox 240 2483 1816 2560">
     <span class='ocr_line' id='line_1_42' title="bbox 240 2483 1816 2560; baseline 0.001 -21"><span class='ocrx_word' id='word_1_299' title='bbox 240 2488 476 2539; x_wconf 82' lang='grc' dir='ltr'>θάνατον</span> <span class='ocrx_word' id='word_1_300' title='bbox 512 2484 869 2553; x_wconf 84' lang='grc' dir='ltr'>ἀνεπίφθονον</span> <span class='ocrx_word' id='word_1_301' title='bbox 903 2483 1030 2553; x_wconf 88' lang='grc' dir='ltr'>γοῦν</span> <span class='ocrx_word' id='word_1_302' title='bbox 1069 2483 1175 2557; x_wconf 56' lang='grc' dir='ltr'><strong>τὴν</strong></span> <span class='ocrx_word' id='word_1_303' title='bbox 1214 2484 1331 2560; x_wconf 60' lang='grc' dir='ltr'><strong>τῶν</strong></span> <span class='ocrx_word' id='word_1_304' title='bbox 1359 2486 1816 2555; x_wconf 78' lang='grc' dir='ltr'>περιλειφθέντων</span> 
     </span>
    </p>
   </div>
   <div class='ocr_carea' id='block_1_43' title="bbox 237 2575 953 2649">
    <p class='ocr_par' dir='ltr' id='par_1_43' title="bbox 237 2575 953 2649">
     <span class='ocr_line' id='line_1_43' title="bbox 237 2575 953 2649; baseline -0.003 -17"><span class='ocrx_word' id='word_1_305' title='bbox 237 2581 421 2649; x_wconf 65' lang='grc' dir='ltr'>ψῆφον</span> <span class='ocrx_word' id='word_1_306' title='bbox 449 2578 562 2648; x_wconf 75' lang='grc' dir='ltr'>ἔχοι</span> <span class='ocrx_word' id='word_1_307' title='bbox 587 2575 953 2649; x_wconf 82' lang='grc' dir='ltr'>καρποῦσθαι.</span> 
     </span>
    </p>
   </div>
   <div class='ocr_carea' id='block_1_44' title="bbox 308 2838 1816 2914">
    <p class='ocr_par' dir='ltr' id='par_1_44' title="bbox 308 2838 1816 2914">
     <span class='ocr_line' id='line_1_44' title="bbox 308 2838 1816 2914; baseline 0.001 -19"><span class='ocrx_word' id='word_1_308' title='bbox 308 2838 393 2895; x_wconf 77' lang='lat' dir='ltr'><strong>E&#39;.</strong></span> <span class='ocrx_word' id='word_1_309' title='bbox 436 2839 678 2896; x_wconf 84' lang='grc' dir='ltr'>Τοιαῦτά</span> <span class='ocrx_word' id='word_1_310' title='bbox 708 2856 773 2909; x_wconf 87' lang='grc' dir='ltr'><strong>γε</strong></span> <span class='ocrx_word' id='word_1_311' title='bbox 802 2839 910 2910; x_wconf 78' lang='grc' dir='ltr'>μὴν</span> <span class='ocrx_word' id='word_1_312' title='bbox 936 2839 1259 2896; x_wconf 84' lang='grc' dir='ltr'>ἀπαιτοῦσιν</span> <span class='ocrx_word' id='word_1_313' title='bbox 1306 2840 1535 2905; x_wconf 65' lang='grc' dir='ltr'>ἐκείνοις</span> <span class='ocrx_word' id='word_1_314' title='bbox 1563 2844 1697 2914; x_wconf 77' lang='grc' dir='ltr'>πρὸς</span> <span class='ocrx_word' id='word_1_315' title='bbox 1723 2844 1816 2896; x_wconf 86' lang='grc' dir='ltr'>οὐ-</span> 
     </span>
    </p>
   </div>
   <div class='ocr_carea' id='block_1_45' title="bbox 234 2929 1814 3001">
    <p class='ocr_par' dir='ltr' id='par_1_45' title="bbox 234 2929 1814 3001">
     <span class='ocr_line' id='line_1_45' title="bbox 234 2929 1814 3001; baseline 0.001 -16"><span class='ocrx_word' id='word_1_316' title='bbox 234 2932 330 2986; x_wconf 78' lang='grc' dir='ltr'>δὲν</span> <span class='ocrx_word' id='word_1_317' title='bbox 355 2929 563 3001; x_wconf 80' lang='grc' dir='ltr'>οὐδαμῆ</span> <span class='ocrx_word' id='word_1_318' title='bbox 590 2946 652 2999; x_wconf 87' lang='grc' dir='ltr'><strong>γε</strong></span> <span class='ocrx_word' id='word_1_319' title='bbox 674 2929 927 2984; x_wconf 67' lang='grc' dir='ltr'>ἐνδιδόναι</span> <span class='ocrx_word' id='word_1_320' title='bbox 953 2930 1112 3001; x_wconf 66' lang='grc' dir='ltr'>ἐπῄει</span> <span class='ocrx_word' id='word_1_321' title='bbox 1142 2929 1220 3000; x_wconf 84' lang='grc' dir='ltr'>τῷ</span> <span class='ocrx_word' id='word_1_322' title='bbox 1291 2930 1522 3000; x_wconf 83' lang='grc' dir='ltr'>βασιλεῖ,</span> <span class='ocrx_word' id='word_1_323' title='bbox 1555 2934 1814 3000; x_wconf 79' lang='grc' dir='ltr'>φάσκοντι</span> 
     </span>
    </p>
   </div>
   <div class='ocr_carea' id='block_1_46' title="bbox 240 3020 1814 3095">
    <p class='ocr_par' dir='ltr' id='par_1_46' title="bbox 240 3020 1814 3095">
     <span class='ocr_line' id='line_1_46' title="bbox 240 3020 1814 3095; baseline 0.003 -22"><span class='ocrx_word' id='word_1_324' title='bbox 240 3024 321 3092; x_wconf 78' lang='grc' dir='ltr'>μὴ</span> <span class='ocrx_word' id='word_1_325' title='bbox 349 3020 610 3074; x_wconf 85' lang='grc' dir='ltr'>δύνασθαι</span> <span class='ocrx_word' id='word_1_326' title='bbox 637 3021 929 3092; x_wconf 84' lang='grc' dir='ltr'>τάλλότρια</span> <span class='ocrx_word' id='word_1_327' title='bbox 963 3023 1101 3092; x_wconf 85' lang='grc' dir='ltr'>μήτε</span> <span class='ocrx_word' id='word_1_328' title='bbox 1133 3022 1226 3074; x_wconf 86' lang='grc' dir='ltr'><strong>νῦν</strong></span> <span class='ocrx_word' id='word_1_329' title='bbox 1251 3022 1651 3092; x_wconf 76' lang='grc' dir='ltr'>ὑπισχνεῖσθαι,</span> <span class='ocrx_word' id='word_1_330' title='bbox 1677 3026 1814 3095; x_wconf 86' lang='grc' dir='ltr'>μήτε</span> 
     </span>
    </p>
   </div>
   <div class='ocr_carea' id='block_1_47' title="bbox 240 3111 1816 3186">
    <p class='ocr_par' dir='ltr' id='par_1_47' title="bbox 240 3111 1816 3186">
     <span class='ocr_line' id='line_1_47' title="bbox 240 3111 1816 3186; baseline 0.001 -21"><span class='ocrx_word' id='word_1_331' title='bbox 240 3117 355 3184; x_wconf 74' lang='grc' dir='ltr'>μὴν</span> <span class='ocrx_word' id='word_1_332' title='bbox 401 3112 544 3182; x_wconf 87' lang='grc' dir='ltr'><strong>μετά</strong></span> <span class='ocrx_word' id='word_1_333' title='bbox 587 3127 652 3180; x_wconf 88' lang='grc' dir='ltr'><strong>γε</strong></span> <span class='ocrx_word' id='word_1_334' title='bbox 680 3111 777 3182; x_wconf 82' lang='grc' dir='ltr'>τὴν</span> <span class='ocrx_word' id='word_1_335' title='bbox 812 3114 913 3178; x_wconf 81' lang='grc' dir='ltr'>τῆς</span> <span class='ocrx_word' id='word_1_336' title='bbox 967 3113 1396 3182; x_wconf 66' lang='grc' dir='ltr'>αὐτοκρατορίας</span> <span class='ocrx_word' id='word_1_337' title='bbox 1428 3114 1731 3186; x_wconf 79' lang='grc' dir='ltr'>ἀντίληψιν,</span> <span class='ocrx_word' id='word_1_338' title='bbox 1767 3118 1816 3167; x_wconf 79' lang='grc' dir='ltr'>εἰ</span> 
     </span>
    </p>
   </div>
   <div class='ocr_carea' id='block_1_48' title="bbox 238 3202 1818 3275">
    <p class='ocr_par' dir='ltr' id='par_1_48' title="bbox 238 3202 1818 3275">
     <span class='ocr_line' id='line_1_48' title="bbox 238 3202 1818 3275; baseline -0.003 -14"><span class='ocrx_word' id='word_1_339' title='bbox 238 3206 477 3273; x_wconf 69' lang='grc' dir='ltr'>γένοιτο,</span> <span class='ocrx_word' id='word_1_340' title='bbox 515 3204 801 3275; x_wconf 77' lang='grc' dir='ltr'>προῖεσθαι</span> <span class='ocrx_word' id='word_1_341' title='bbox 847 3206 959 3267; x_wconf 83' lang='grc' dir='ltr'>τοῖς</span> <span class='ocrx_word' id='word_1_342' title='bbox 988 3202 1087 3256; x_wconf 89' lang='grc' dir='ltr'><strong>οὐκ</strong></span> <span class='ocrx_word' id='word_1_343' title='bbox 1127 3205 1186 3258; x_wconf 74' lang='grc' dir='ltr'>ὲν</span> <span class='ocrx_word' id='word_1_344' title='bbox 1219 3203 1361 3273; x_wconf 86' lang='grc' dir='ltr'>λόγῳ</span> <span class='ocrx_word' id='word_1_345' title='bbox 1392 3205 1665 3275; x_wconf 78' lang='grc' dir='ltr'>ζητοῦσιν.</span> <span class='ocrx_word' id='word_1_346' title='bbox 1705 3205 1818 3258; x_wconf 79' lang='grc' dir='ltr'>Νῦν</span> 
     </span>
    </p>
   </div>
   <div class='ocr_carea' id='block_1_49' title="bbox 240 3293 1818 3368">
    <p class='ocr_par' dir='ltr' id='par_1_49' title="bbox 240 3293 1818 3368">
     <span class='ocr_line' id='line_1_49' title="bbox 240 3293 1818 3368; baseline 0.002 -21"><span class='ocrx_word' id='word_1_347' title='bbox 240 3296 349 3365; x_wconf 74' lang='grc' dir='ltr'>μὲν</span> <span class='ocrx_word' id='word_1_348' title='bbox 377 3295 491 3365; x_wconf 80' lang='grc' dir='ltr'>γὰρ</span> <span class='ocrx_word' id='word_1_349' title='bbox 519 3294 580 3346; x_wconf 84' lang='grc' dir='ltr'><strong>τδ</strong></span> <span class='ocrx_word' id='word_1_350' title='bbox 605 3297 869 3363; x_wconf 72' lang='grc' dir='ltr'>παράπαν</span> <span class='ocrx_word' id='word_1_351' title='bbox 891 3293 1162 3366; x_wconf 83' lang='grc' dir='ltr'>ὑπάρχειν</span> <span class='ocrx_word' id='word_1_352' title='bbox 1193 3293 1472 3365; x_wconf 81' lang='grc' dir='ltr'>ἀλλότρια,</span> <span class='ocrx_word' id='word_1_353' title='bbox 1498 3297 1818 3368; x_wconf 86' lang='grc' dir='ltr'>πολιορκου-</span> 
     </span>
    </p>
   </div>
   <div class='ocr_carea' id='block_1_50' title="bbox 242 3384 1819 3457">
    <p class='ocr_par' dir='ltr' id='par_1_50' title="bbox 242 3384 1819 3457">
     <span class='ocr_line' id='line_1_50' title="bbox 242 3384 1819 3457; baseline 0 -16"><span class='ocrx_word' id='word_1_354' title='bbox 242 3391 427 3457; x_wconf 76' lang='grc' dir='ltr'>μένων</span> <span class='ocrx_word' id='word_1_355' title='bbox 453 3386 516 3438; x_wconf 81' lang='grc' dir='ltr'><strong>τε</strong></span> <span class='ocrx_word' id='word_1_356' title='bbox 556 3386 652 3440; x_wconf 69' lang='grc' dir='ltr'><strong>κα)⁵</strong></span> <span class='ocrx_word' id='word_1_357' title='bbox 676 3385 775 3455; x_wconf 76' lang='grc' dir='ltr'><strong>ζῇν</strong></span> <span class='ocrx_word' id='word_1_358' title='bbox 808 3384 1069 3453; x_wconf 76' lang='grc' dir='ltr'>ἀσφαλῶς</span> <span class='ocrx_word' id='word_1_359' title='bbox 1113 3385 1339 3455; x_wconf 87' lang='grc' dir='ltr'>μηδαμῆ</span> <span class='ocrx_word' id='word_1_360' title='bbox 1371 3401 1460 3440; x_wconf 89' lang='grc' dir='ltr'><strong>πω</strong></span> <span class='ocrx_word' id='word_1_361' title='bbox 1507 3401 1819 3457; x_wconf 75' lang='grc' dir='ltr'>συγχωρου-</span> 
     </span>
    </p>
   </div>
   <div class='ocr_carea' id='block_1_51' title="bbox 242 3472 1813 3549">
    <p class='ocr_par' dir='ltr' id='par_1_51' title="bbox 242 3472 1813 3549">
     <span class='ocr_line' id='line_1_51' title="bbox 242 3472 1813 3549; baseline -0.001 -17"><span class='ocrx_word' id='word_1_362' title='bbox 242 3480 426 3549; x_wconf 71' lang='grc' dir='ltr'>μένων</span> <span class='ocrx_word' id='word_1_363' title='bbox 448 3494 464 3509; x_wconf 87' lang='grc'><strong>·</strong></span> <span class='ocrx_word' id='word_1_364' title='bbox 497 3476 592 3531; x_wconf 73' lang='grc' dir='ltr'>καὶ</span> <span class='ocrx_word' id='word_1_365' title='bbox 650 3477 772 3530; x_wconf 87' lang='grc' dir='ltr'>τότε</span> <span class='ocrx_word' id='word_1_366' title='bbox 806 3474 863 3528; x_wconf 79' lang='grc' dir='ltr'>δ’</span> <span class='ocrx_word' id='word_1_367' title='bbox 909 3472 976 3531; x_wconf 81' lang='grc' dir='ltr'>αὖ</span> <span class='ocrx_word' id='word_1_368' title='bbox 1035 3476 1221 3546; x_wconf 68' lang='grc' dir='ltr'>ἕτερον</span> <span class='ocrx_word' id='word_1_369' title='bbox 1271 3476 1525 3546; x_wconf 82' lang='grc' dir='ltr'>ἀλλότρια</span> <span class='ocrx_word' id='word_1_370' title='bbox 1572 3478 1772 3545; x_wconf 86' lang='grc' dir='ltr'>τρόπον</span> <span class='ocrx_word' id='word_1_371' title='bbox 1799 3494 1813 3508; x_wconf 81' lang='grc'><em>’</em></span> 
     </span>
    </p>
   </div>
   <div class='ocr_carea' id='block_1_52' title="bbox 242 3564 1818 3639">
    <p class='ocr_par' dir='ltr' id='par_1_52' title="bbox 242 3564 1818 3639">
     <span class='ocr_line' id='line_1_52' title="bbox 242 3564 1818 3639; baseline 0.001 -18"><span class='ocrx_word' id='word_1_372' title='bbox 242 3569 465 3622; x_wconf 68' lang='grc' dir='ltr'>πάντων</span> <span class='ocrx_word' id='word_1_373' title='bbox 491 3567 601 3637; x_wconf 79' lang='grc' dir='ltr'><strong>γὰρ</strong></span> <span class='ocrx_word' id='word_1_374' title='bbox 628 3566 788 3622; x_wconf 76' lang='grc' dir='ltr'>πάντ’</span> <span class='ocrx_word' id='word_1_375' title='bbox 815 3564 959 3620; x_wconf 82' lang='grc' dir='ltr'>εῐναι</span> <span class='ocrx_word' id='word_1_376' title='bbox 978 3567 1087 3621; x_wconf 85' lang='grc' dir='ltr'><strong>τῶν</strong></span> <span class='ocrx_word' id='word_1_377' title='bbox 1110 3567 1445 3621; x_wconf 85' lang='grc' dir='ltr'>ὑπεικόντων</span> <span class='ocrx_word' id='word_1_378' title='bbox 1477 3570 1542 3639; x_wconf 77' lang='grc' dir='ltr'><strong>τῇ</strong></span> <span class='ocrx_word' id='word_1_379' title='bbox 1571 3566 1818 3639; x_wconf 78' lang='grc' dir='ltr'>βασιλείᾳ</span> 
     </span>
    </p>
   </div>
   <div class='ocr_carea' id='block_1_53' title="bbox 237 3657 1815 3729">
    <p class='ocr_par' dir='ltr' id='par_1_53' title="bbox 237 3657 1815 3729">
     <span class='ocr_line' id='line_1_53' title="bbox 237 3657 1815 3729; baseline -0.001 -16"><span class='ocrx_word' id='word_1_380' title='bbox 237 3660 308 3713; x_wconf 89' lang='grc' dir='ltr'><strong>τά</strong></span> <span class='ocrx_word' id='word_1_381' title='bbox 340 3660 442 3729; x_wconf 82' lang='grc' dir='ltr'>τῆς</span> <span class='ocrx_word' id='word_1_382' title='bbox 473 3658 750 3728; x_wconf 87' lang='grc' dir='ltr'>βασιλείας</span> <span class='ocrx_word' id='word_1_383' title='bbox 796 3658 1104 3727; x_wconf 83' lang='grc' dir='ltr'>πράγματα</span> <span class='ocrx_word' id='word_1_384' title='bbox 1133 3672 1148 3687; x_wconf 85' lang='grc'><strong>’</strong></span> <span class='ocrx_word' id='word_1_385' title='bbox 1189 3657 1301 3710; x_wconf 85' lang='grc' dir='ltr'><strong>τῶν</strong></span> <span class='ocrx_word' id='word_1_386' title='bbox 1344 3658 1740 3728; x_wconf 81' lang='grc' dir='ltr'>βασιλευόντων</span> <span class='ocrx_word' id='word_1_387' title='bbox 1770 3660 1815 3729; x_wconf 55' lang='grc' dir='ltr'>δ’</span> 
     </span>
    </p>
   </div>
   <div class='ocr_carea' id='block_1_54' title="bbox 237 3746 1811 3821">
    <p class='ocr_par' dir='ltr' id='par_1_54' title="bbox 237 3746 1811 3821">
     <span class='ocr_line' id='line_1_54' title="bbox 237 3746 1811 3821; baseline -0.001 -16"><span class='ocrx_word' id='word_1_388' title='bbox 237 3750 326 3805; x_wconf 86' lang='grc' dir='ltr'><strong>οὐ.</strong></span> <span class='ocrx_word' id='word_1_389' title='bbox 365 3746 463 3815; x_wconf 69' lang='grc' dir='ltr'><strong>οἷς</strong></span> <span class='ocrx_word' id='word_1_390' title='bbox 491 3749 585 3805; x_wconf 83' lang='grc' dir='ltr'><strong>οῦν</strong></span> <span class='ocrx_word' id='word_1_391' title='bbox 616 3751 756 3821; x_wconf 82' lang='grc' dir='ltr'>πρὸς</span> <span class='ocrx_word' id='word_1_392' title='bbox 804 3750 1112 3821; x_wconf 79' lang='grc' dir='ltr'>βουλήσεως</span> <span class='ocrx_word' id='word_1_393' title='bbox 1149 3749 1237 3819; x_wconf 87' lang='grc' dir='ltr'><strong>εῖη</strong></span> <span class='ocrx_word' id='word_1_394' title='bbox 1281 3748 1349 3804; x_wconf 81' lang='grc' dir='ltr'><strong>ἀν</strong></span> <span class='ocrx_word' id='word_1_395' title='bbox 1386 3750 1515 3814; x_wconf 81' lang='grc' dir='ltr'>τοὺς</span> <span class='ocrx_word' id='word_1_396' title='bbox 1544 3750 1811 3820; x_wconf 78' lang='grc' dir='ltr'>παρόντας</span> 
     </span>
    </p>
   </div>
   <div class='ocr_carea' id='block_1_55' title="bbox 241 3838 1814 3912">
    <p class='ocr_par' dir='ltr' id='par_1_55' title="bbox 241 3838 1814 3912">
     <span class='ocr_line' id='line_1_55' title="bbox 241 3838 1814 3912; baseline -0.003 -14"><span class='ocrx_word' id='word_1_397' title='bbox 241 3843 646 3912; x_wconf 84' lang='grc' dir='ltr'>συνδιενεγκεῖν</span> <span class='ocrx_word' id='word_1_398' title='bbox 685 3842 818 3912; x_wconf 76' lang='grc' dir='ltr'>ἡμῖν</span> <span class='ocrx_word' id='word_1_399' title='bbox 870 3840 978 3895; x_wconf 89' lang='grc' dir='ltr'><strong>τῶν</strong></span> <span class='ocrx_word' id='word_1_400' title='bbox 1006 3838 1263 3895; x_wconf 79' lang='grc' dir='ltr'>κινδύνων</span> <span class='ocrx_word' id='word_1_401' title='bbox 1304 3840 1574 3907; x_wconf 88' lang='grc' dir='ltr'>διαύλους,</span> <span class='ocrx_word' id='word_1_402' title='bbox 1620 3842 1721 3895; x_wconf 87' lang='grc' dir='ltr'><strong>οὐκ</strong></span> <span class='ocrx_word' id='word_1_403' title='bbox 1748 3842 1814 3894; x_wconf 85' lang='grc' dir='ltr'>ἂν</span> 
     </span>
    </p>
   </div>
   <div class='ocr_carea' id='block_1_56' title="bbox 236 3930 1811 4005">
    <p class='ocr_par' dir='ltr' id='par_1_56' title="bbox 236 3930 1811 4005">
     <span class='ocr_line' id='line_1_56' title="bbox 236 3930 1811 4005; baseline -0.002 -15"><span class='ocrx_word' id='word_1_404' title='bbox 236 3934 623 4005; x_wconf 74' lang='grc' dir='ltr'>ἀμελήσαιμεν</span> <span class='ocrx_word' id='word_1_405' title='bbox 678 3930 787 3985; x_wconf 86' lang='grc' dir='ltr'>οὐδ’</span> <span class='ocrx_word' id='word_1_406' title='bbox 819 3930 995 3997; x_wconf 75' lang='grc' dir='ltr'>αὐτοὶ,</span> <span class='ocrx_word' id='word_1_407' title='bbox 1045 3933 1094 3986; x_wconf 81' lang='grc' dir='ltr'><strong>εί</strong></span> <span class='ocrx_word' id='word_1_408' title='bbox 1153 3930 1537 4001; x_wconf 77' lang='grc' dir='ltr'>περιγενέσθαι</span> <span class='ocrx_word' id='word_1_409' title='bbox 1581 3932 1811 4001; x_wconf 73' lang='grc' dir='ltr'>γένοιτο,</span> 
     </span>
    </p>
   </div>
   <div class='ocr_carea' id='block_1_57' title="bbox 240 4019 1812 4096">
    <p class='ocr_par' dir='ltr' id='par_1_57' title="bbox 240 4019 1812 4096">
     <span class='ocr_line' id='line_1_57' title="bbox 240 4019 1812 4096; baseline -0.003 -18"><span class='ocrx_word' id='word_1_410' title='bbox 240 4025 321 4096; x_wconf 83' lang='grc' dir='ltr'>μὴ</span> <span class='ocrx_word' id='word_1_411' title='bbox 364 4024 468 4076; x_wconf 80' lang='grc' dir='ltr'><strong>οὐκ</strong></span> <span class='ocrx_word' id='word_1_412' title='bbox 498 4019 841 4093; x_wconf 75' lang='grc' dir='ltr'>ἀμείψασθαι</span> <span class='ocrx_word' id='word_1_413' title='bbox 890 4023 1002 4083; x_wconf 87' lang='grc' dir='ltr'>τοῖς</span> <span class='ocrx_word' id='word_1_414' title='bbox 1055 4020 1337 4091; x_wconf 79' lang='grc' dir='ltr'>ἀνήκουσι¹</span> <span class='ocrx_word' id='word_1_415' title='bbox 1356 4021 1601 4091; x_wconf 84' lang='grc' dir='ltr'>τρόποις,</span> <span class='ocrx_word' id='word_1_416' title='bbox 1638 4022 1812 4075; x_wconf 87' lang='grc' dir='ltr'>όπόσα</span> 
     </span>
    </p>
   </div>
   <div class='ocr_carea' id='block_1_58' title="bbox 239 4100 1812 4186">
    <p class='ocr_par' dir='ltr' id='par_1_58' title="bbox 239 4100 1812 4186">
     <span class='ocr_line' id='line_1_58' title="bbox 239 4100 1812 4186; baseline -0.003 -14"><span class='ocrx_word' id='word_1_417' title='bbox 239 4119 352 4172; x_wconf 91' lang='grc' dir='ltr'><strong>τῶν</strong></span> <span class='ocrx_word' id='word_1_418' title='bbox 370 4100 487 4186; x_wconf 58' lang='grc' dir='ltr'><strong>Ὶφ⁹</strong></span> <span class='ocrx_word' id='word_1_419' title='bbox 516 4117 648 4185; x_wconf 77' lang='grc' dir='ltr'>ημῖν</span> <span class='ocrx_word' id='word_1_420' title='bbox 673 4128 689 4147; x_wconf 88' lang='grc'><strong>·</strong></span> <span class='ocrx_word' id='word_1_421' title='bbox 722 4109 806 4177; x_wconf 81' lang='grc' dir='ltr'>οἷς</span> <span class='ocrx_word' id='word_1_422' title='bbox 857 4113 906 4163; x_wconf 76' lang='grc' dir='ltr'>δ’</span> <span class='ocrx_word' id='word_1_423' title='bbox 966 4111 1051 4175; x_wconf 79' lang='grc' dir='ltr'><strong>οὐ,</strong></span> <span class='ocrx_word' id='word_1_424' title='bbox 1095 4111 1308 4177; x_wconf 79' lang='grc' dir='ltr'>τούτοις</span> <span class='ocrx_word' id='word_1_425' title='bbox 1351 4112 1397 4166; x_wconf 85' lang='grc' dir='ltr'>δ’</span> <span class='ocrx_word' id='word_1_426' title='bbox 1442 4114 1543 4168; x_wconf 85' lang='grc' dir='ltr'><strong>οὐκ</strong></span> <span class='ocrx_word' id='word_1_427' title='bbox 1575 4116 1638 4170; x_wconf 87' lang='grc' dir='ltr'><strong>ἀν</strong></span> <span class='ocrx_word' id='word_1_428' title='bbox 1693 4116 1812 4168; x_wconf 78' lang='grc' dir='ltr'>ποτ’</span> 
     </span>
    </p>
   </div>
   <div class='ocr_carea' id='block_1_59' title="bbox 236 4203 1813 4281">
    <p class='ocr_par' dir='ltr' id='par_1_59' title="bbox 236 4203 1813 4281">
     <span class='ocr_line' id='line_1_59' title="bbox 236 4203 1813 4281; baseline -0.003 -18"><span class='ocrx_word' id='word_1_429' title='bbox 236 4209 665 4281; x_wconf 70' lang='grc' dir='ltr'>ἰνοχλησαιμεν,</span> <span class='ocrx_word' id='word_1_430' title='bbox 713 4205 974 4275; x_wconf 78' lang='grc' dir='ltr'>ὁπότερον</span> <span class='ocrx_word' id='word_1_431' title='bbox 1016 4203 1207 4259; x_wconf 78' lang='grc' dir='ltr'>ἓλοιντ’</span> <span class='ocrx_word' id='word_1_432' title='bbox 1230 4204 1297 4259; x_wconf 81' lang='grc' dir='ltr'><strong>ἀν</strong></span> <span class='ocrx_word' id='word_1_433' title='bbox 1342 4205 1497 4277; x_wconf 76' lang='grc' dir='ltr'>δρᾷν,</span> <span class='ocrx_word' id='word_1_434' title='bbox 1530 4206 1638 4259; x_wconf 85' lang='grc' dir='ltr'>εῖτε</span> <span class='ocrx_word' id='word_1_435' title='bbox 1677 4206 1813 4275; x_wconf 72' lang='grc' dir='ltr'>πρὸς</span> 
     </span>
    </p>
   </div>
   <div class='ocr_carea' id='block_1_60' title="bbox 232 4295 1807 4369">
    <p class='ocr_par' dir='ltr' id='par_1_60' title="bbox 232 4295 1807 4369">
     <span class='ocr_line' id='line_1_60' title="bbox 232 4295 1807 4369; baseline -0.004 -13"><span class='ocrx_word' id='word_1_436' title='bbox 232 4303 339 4365; x_wconf 70' lang='grc' dir='ltr'>τὰς</span> <span class='ocrx_word' id='word_1_437' title='bbox 376 4298 489 4353; x_wconf 81' lang='grc' dir='ltr'><strong>τῶν</strong></span> <span class='ocrx_word' id='word_1_438' title='bbox 512 4297 784 4369; x_wconf 82' lang='grc' dir='ltr'>πολεμίων</span> <span class='ocrx_word' id='word_1_439' title='bbox 814 4295 1145 4365; x_wconf 71' lang='grc' dir='ltr'>ἐπαγγελίας</span> <span class='ocrx_word' id='word_1_440' title='bbox 1178 4296 1519 4365; x_wconf 75' lang='grc' dir='ltr'>αὐτομολεῖν,</span> <span class='ocrx_word' id='word_1_441' title='bbox 1551 4299 1661 4353; x_wconf 83' lang='grc' dir='ltr'>είτε</span> <span class='ocrx_word' id='word_1_442' title='bbox 1676 4298 1807 4351; x_wconf 87' lang='grc' dir='ltr'>καθ-</span> 
     </span>
    </p>
   </div>
   <div class='ocr_carea' id='block_1_61' title="bbox 1918 1845 3485 1923">
    <p class='ocr_par' dir='ltr' id='par_1_61' title="bbox 1918 1845 3485 1923">
     <span class='ocr_line' id='line_1_61' title="bbox 1918 1845 3485 1923; baseline 0.01 -24"><span class='ocrx_word' id='word_1_443' title='bbox 1918 1845 1993 1900; x_wconf 88' lang='lat' dir='ltr'><strong>illi</strong></span> <span class='ocrx_word' id='word_1_444' title='bbox 2023 1864 2039 1912; x_wconf 86' lang='lat'><strong>;</strong></span> <span class='ocrx_word' id='word_1_445' title='bbox 2076 1848 2167 1903; x_wconf 85' lang='lat' dir='ltr'><strong>alii</strong></span> <span class='ocrx_word' id='word_1_446' title='bbox 2195 1848 2418 1917; x_wconf 87' lang='lat' dir='ltr'><strong>Chium,</strong></span> <span class='ocrx_word' id='word_1_447' title='bbox 2451 1851 2542 1906; x_wconf 91' lang='lat' dir='ltr'><strong>alii</strong></span> <span class='ocrx_word' id='word_1_448' title='bbox 2579 1852 2818 1923; x_wconf 88' lang='lat' dir='ltr'><strong>denique</strong></span> <span class='ocrx_word' id='word_1_449' title='bbox 2848 1853 2967 1910; x_wconf 90' lang='lat' dir='ltr'><strong>loca</strong></span> <span class='ocrx_word' id='word_1_450' title='bbox 3021 1856 3164 1921; x_wconf 85' lang='lat' dir='ltr'><strong>alia;</strong></span> <span class='ocrx_word' id='word_1_451' title='bbox 3226 1867 3283 1911; x_wconf 89' lang='lat' dir='ltr'><strong>et</strong></span> <span class='ocrx_word' id='word_1_452' title='bbox 3341 1861 3485 1914; x_wconf 80' lang='lat' dir='ltr'><strong>unde</strong></span> 
     </span>
    </p>
   </div>
   <div class='ocr_carea' id='block_1_62' title="bbox 1919 1940 3485 2022">
    <p class='ocr_par' dir='ltr' id='par_1_62' title="bbox 1919 1940 3485 2022">
     <span class='ocr_line' id='line_1_62' title="bbox 1919 1940 3485 2022; baseline 0.006 -29"><span class='ocrx_word' id='word_1_453' title='bbox 1919 1955 2032 1994; x_wconf 90' lang='lat' dir='ltr'><strong>rem</strong></span> <span class='ocrx_word' id='word_1_454' title='bbox 2060 1940 2164 1996; x_wconf 88' lang='lat' dir='ltr'><strong>sibi</strong></span> <span class='ocrx_word' id='word_1_455' title='bbox 2202 1941 2485 2009; x_wconf 83' lang='lat' dir='ltr'><strong>facerent;</strong></span> <span class='ocrx_word' id='word_1_456' title='bbox 2522 1951 2687 2014; x_wconf 73' lang='lat' dir='ltr'><strong>atque</strong></span> <span class='ocrx_word' id='word_1_457' title='bbox 2705 1956 2764 1999; x_wconf 93' lang='lat' dir='ltr'><strong>ut</strong></span> <span class='ocrx_word' id='word_1_458' title='bbox 2792 1946 3014 2003; x_wconf 83' lang='lat' dir='ltr'><strong>interim</strong></span> <span class='ocrx_word' id='word_1_459' title='bbox 3035 1948 3260 2019; x_wconf 89' lang='lat' dir='ltr'><strong>quidem</strong></span> <span class='ocrx_word' id='word_1_460' title='bbox 3280 1952 3485 2022; x_wconf 85' lang='lat' dir='ltr'><strong>scripto</strong></span> 
     </span>
    </p>
   </div>
   <div class='ocr_carea' id='block_1_63' title="bbox 1916 2028 3483 2110">
    <p class='ocr_par' dir='ltr' id='par_1_63' title="bbox 1916 2028 3483 2110">
     <span class='ocr_line' id='line_1_63' title="bbox 1916 2028 3483 2110; baseline 0.01 -30"><span class='ocrx_word' id='word_1_461' title='bbox 1916 2028 2021 2083; x_wconf 91' lang='lat' dir='ltr'><strong>sibi</strong></span> <span class='ocrx_word' id='word_1_462' title='bbox 2056 2039 2378 2096; x_wconf 86' lang='lat' dir='ltr'><strong>caveretur;</strong></span> <span class='ocrx_word' id='word_1_463' title='bbox 2407 2032 2570 2087; x_wconf 87' lang='lat' dir='ltr'><strong>simul</strong></span> <span class='ocrx_word' id='word_1_464' title='bbox 2604 2043 2784 2087; x_wconf 85' lang='lat' dir='ltr'><strong>autem</strong></span> <span class='ocrx_word' id='word_1_465' title='bbox 2837 2044 3003 2106; x_wconf 90' lang='lat' dir='ltr'><strong>atque</strong></span> <span class='ocrx_word' id='word_1_466' title='bbox 3036 2052 3222 2093; x_wconf 87' lang='lat' dir='ltr'><strong>rerum</strong></span> <span class='ocrx_word' id='word_1_467' title='bbox 3275 2041 3483 2110; x_wconf 86' lang='lat' dir='ltr'><strong>potitu-</strong></span> 
     </span>
    </p>
   </div>
   <div class='ocr_carea' id='block_1_64' title="bbox 1918 2124 3487 2194">
    <p class='ocr_par' dir='ltr' id='par_1_64' title="bbox 1918 2124 3487 2194">
     <span class='ocr_line' id='line_1_64' title="bbox 1918 2124 3487 2194; baseline 0.01 -24"><span class='ocrx_word' id='word_1_468' title='bbox 1918 2133 2012 2173; x_wconf 89' lang='lat' dir='ltr'><strong>rus</strong></span> <span class='ocrx_word' id='word_1_469' title='bbox 2040 2130 2208 2185; x_wconf 82' lang='lat' dir='ltr'><strong>esset,</strong></span> <span class='ocrx_word' id='word_1_470' title='bbox 2246 2130 2306 2175; x_wconf 90' lang='lat' dir='ltr'><strong>ut</strong></span> <span class='ocrx_word' id='word_1_471' title='bbox 2339 2124 2632 2191; x_wconf 89' lang='lat' dir='ltr'><strong>promissa,</strong></span> <span class='ocrx_word' id='word_1_472' title='bbox 2688 2140 2811 2194; x_wconf 65' lang='lat' dir='ltr'><strong>quae</strong></span> <span class='ocrx_word' id='word_1_473' title='bbox 2841 2128 3096 2183; x_wconf 87' lang='lat' dir='ltr'><strong>cautione</strong></span> <span class='ocrx_word' id='word_1_474' title='bbox 3137 2129 3347 2185; x_wconf 77' lang='lat' dir='ltr'><strong>ﬁrmata</strong></span> <span class='ocrx_word' id='word_1_475' title='bbox 3400 2149 3487 2186; x_wconf 85' lang='lat' dir='ltr'><strong>cs-</strong></span> 
     </span>
    </p>
   </div>
   <div class='ocr_carea' id='block_1_65' title="bbox 1917 2212 3486 2293">
    <p class='ocr_par' dir='ltr' id='par_1_65' title="bbox 1917 2212 3486 2293">
     <span class='ocr_line' id='line_1_65' title="bbox 1917 2212 3486 2293; baseline 0.008 -29"><span class='ocrx_word' id='word_1_476' title='bbox 1917 2221 2065 2273; x_wconf 86' lang='lat' dir='ltr'><strong>sent.</strong></span> <span class='ocrx_word' id='word_1_477' title='bbox 2126 2212 2513 2282; x_wconf 84' lang='lat' dir='ltr'><strong>implerentur.</strong></span> <span class='ocrx_word' id='word_1_478' title='bbox 2571 2215 2760 2286; x_wconf 79' lang='lat' dir='ltr'><strong>Neque</strong></span> <span class='ocrx_word' id='word_1_479' title='bbox 2808 2219 2979 2284; x_wconf 89' lang='lat' dir='ltr'><strong>enim,</strong></span> <span class='ocrx_word' id='word_1_480' title='bbox 3027 2221 3153 2275; x_wconf 83' lang='lat' dir='ltr'><strong>dum</strong></span> <span class='ocrx_word' id='word_1_481' title='bbox 3179 2234 3486 2293; x_wconf 82' lang='lat' dir='ltr'><strong>sequuntur</strong></span> 
     </span>
    </p>
   </div>
   <div class='ocr_carea' id='block_1_66' title="bbox 1917 2300 3484 2387">
    <p class='ocr_par' dir='ltr' id='par_1_66' title="bbox 1917 2300 3484 2387">
     <span class='ocr_line' id='line_1_66' title="bbox 1917 2300 3484 2387; baseline 0.01 -35"><span class='ocrx_word' id='word_1_482' title='bbox 1917 2314 2042 2371; x_wconf 85' lang='lat' dir='ltr'><strong>spes</strong></span> <span class='ocrx_word' id='word_1_483' title='bbox 2070 2300 2331 2366; x_wconf 90' lang='lat' dir='ltr'><strong>incertas,</strong></span> <span class='ocrx_word' id='word_1_484' title='bbox 2360 2302 2535 2358; x_wconf 89' lang='lat' dir='ltr'><strong>aleam</strong></span> <span class='ocrx_word' id='word_1_485' title='bbox 2566 2305 2690 2360; x_wconf 77' lang='lat' dir='ltr'><strong>vita:</strong></span> <span class='ocrx_word' id='word_1_486' title='bbox 2720 2307 2927 2372; x_wconf 84' lang='lat' dir='ltr'><strong>subire,</strong></span> <span class='ocrx_word' id='word_1_487' title='bbox 2984 2311 3243 2378; x_wconf 77' lang='lat' dir='ltr'><strong>periculis</strong></span> <span class='ocrx_word' id='word_1_488' title='bbox 3268 2312 3381 2387; x_wconf 74' lang='lat' dir='ltr'><strong>jam</strong></span> <span class='ocrx_word' id='word_1_489' title='bbox 3413 2319 3484 2368; x_wconf 89' lang='lat' dir='ltr'><strong>ob</strong></span> 
     </span>
    </p>
   </div>
   <div class='ocr_carea' id='block_1_67' title="bbox 1918 2390 3488 2476">
    <p class='ocr_par' dir='ltr' id='par_1_67' title="bbox 1918 2390 3488 2476">
     <span class='ocr_line' id='line_1_67' title="bbox 1918 2390 3488 2476; baseline 0.014 -38"><span class='ocrx_word' id='word_1_490' title='bbox 1918 2390 2107 2447; x_wconf 86' lang='lat' dir='ltr'><strong>oculos</strong></span> <span class='ocrx_word' id='word_1_491' title='bbox 2136 2391 2348 2461; x_wconf 76' lang='lat' dir='ltr'><strong>positis,</strong></span> <span class='ocrx_word' id='word_1_492' title='bbox 2405 2396 2672 2464; x_wconf 85' lang='lat' dir='ltr'><strong>optimum</strong></span> <span class='ocrx_word' id='word_1_493' title='bbox 2741 2398 2913 2453; x_wconf 90' lang='lat' dir='ltr'><strong>videri</strong></span> <span class='ocrx_word' id='word_1_494' title='bbox 2969 2400 3072 2455; x_wconf 86' lang='lat' dir='ltr'><strong>sibi</strong></span> <span class='ocrx_word' id='word_1_495' title='bbox 3114 2404 3256 2458; x_wconf 87' lang='lat' dir='ltr'><strong>:sed</strong></span> <span class='ocrx_word' id='word_1_496' title='bbox 3291 2406 3488 2476; x_wconf 73' lang='lat' dir='ltr'><strong>pignus</strong></span> 
     </span>
    </p>
   </div>
   <div class='ocr_carea' id='block_1_68' title="bbox 1916 2480 3485 2562">
    <p class='ocr_par' dir='ltr' id='par_1_68' title="bbox 1916 2480 3485 2562">
     <span class='ocr_line' id='line_1_68' title="bbox 1916 2480 3485 2562; baseline 0.011 -30"><span class='ocrx_word' id='word_1_497' title='bbox 1916 2480 2135 2551; x_wconf 80' lang='lat' dir='ltr'><strong>aliquod</strong></span> <span class='ocrx_word' id='word_1_498' title='bbox 2168 2483 2384 2539; x_wconf 89' lang='lat' dir='ltr'><strong>lirmum</strong></span> <span class='ocrx_word' id='word_1_499' title='bbox 2411 2500 2532 2541; x_wconf 86' lang='lat' dir='ltr'><strong>esse</strong></span> <span class='ocrx_word' id='word_1_500' title='bbox 2564 2487 2789 2555; x_wconf 84' lang='lat' dir='ltr'><strong>debere,</strong></span> <span class='ocrx_word' id='word_1_501' title='bbox 2831 2505 2932 2559; x_wconf 91' lang='lat' dir='ltr'><strong>pro</strong></span> <span class='ocrx_word' id='word_1_502' title='bbox 2960 2506 3070 2562; x_wconf 90' lang='lat' dir='ltr'><strong>quo</strong></span> <span class='ocrx_word' id='word_1_503' title='bbox 3121 2503 3348 2549; x_wconf 87' lang='lat' dir='ltr'><strong>mortem</strong></span> <span class='ocrx_word' id='word_1_504' title='bbox 3384 2500 3485 2550; x_wconf 84' lang='lat' dir='ltr'><strong>ali-</strong></span> 
     </span>
    </p>
   </div>
   <div class='ocr_carea' id='block_1_69' title="bbox 1918 2571 3488 2653">
    <p class='ocr_par' dir='ltr' id='par_1_69' title="bbox 1918 2571 3488 2653">
     <span class='ocr_line' id='line_1_69' title="bbox 1918 2571 3488 2653; baseline 0.011 -29"><span class='ocrx_word' id='word_1_505' title='bbox 1918 2571 2042 2638; x_wconf 89' lang='lat' dir='ltr'><strong>quis</strong></span> <span class='ocrx_word' id='word_1_506' title='bbox 2095 2583 2286 2642; x_wconf 84' lang='lat' dir='ltr'><strong>pactus</strong></span> <span class='ocrx_word' id='word_1_507' title='bbox 2345 2590 2536 2633; x_wconf 91' lang='lat' dir='ltr'><strong>eorum</strong></span> <span class='ocrx_word' id='word_1_508' title='bbox 2587 2578 2819 2645; x_wconf 87' lang='lat' dir='ltr'><strong>saltem,</strong></span> <span class='ocrx_word' id='word_1_509' title='bbox 2879 2584 2975 2652; x_wconf 87' lang='lat' dir='ltr'><strong>qui</strong></span> <span class='ocrx_word' id='word_1_510' title='bbox 3026 2586 3353 2653; x_wconf 75' lang='lat' dir='ltr'><strong>superstites</strong></span> <span class='ocrx_word' id='word_1_511' title='bbox 3401 2587 3488 2642; x_wconf 75' lang='lat' dir='ltr'><strong>fn-</strong></span> 
     </span>
    </p>
   </div>
   <div class='ocr_carea' id='block_1_70' title="bbox 1923 2666 3485 2744">
    <p class='ocr_par' dir='ltr' id='par_1_70' title="bbox 1923 2666 3485 2744">
     <span class='ocr_line' id='line_1_70' title="bbox 1923 2666 3485 2744; baseline 0.013 -28"><span class='ocrx_word' id='word_1_512' title='bbox 1923 2666 2033 2718; x_wconf 88' lang='lat' dir='ltr'><strong>turi</strong></span> <span class='ocrx_word' id='word_1_513' title='bbox 2061 2679 2281 2734; x_wconf 89' lang='lat' dir='ltr'><strong>essent,</strong></span> <span class='ocrx_word' id='word_1_514' title='bbox 2354 2671 2674 2744; x_wconf 67' lang='lat' dir='ltr'><strong>suffragium</strong></span> <span class='ocrx_word' id='word_1_515' title='bbox 2707 2684 3012 2731; x_wconf 88' lang='lat' dir='ltr'><strong>mereretur</strong></span> <span class='ocrx_word' id='word_1_516' title='bbox 3065 2678 3291 2733; x_wconf 84' lang='lat' dir='ltr'><strong>minime</strong></span> <span class='ocrx_word' id='word_1_517' title='bbox 3344 2681 3485 2737; x_wconf 84' lang='lat' dir='ltr'><strong>imi-</strong></span> 
     </span>
    </p>
   </div>
   <div class='ocr_carea' id='block_1_71' title="bbox 1917 2755 2154 2809">
    <p class='ocr_par' dir='ltr' id='par_1_71' title="bbox 1917 2755 2154 2809">
     <span class='ocr_line' id='line_1_71' title="bbox 1917 2755 2154 2809; baseline 0 -2"><span class='ocrx_word' id='word_1_518' title='bbox 1917 2755 2154 2809; x_wconf 86' lang='lat' dir='ltr'><strong>diosum.</strong></span> 
     </span>
    </p>
   </div>
   <div class='ocr_carea' id='block_1_72' title="bbox 1986 2845 3483 2934">
    <p class='ocr_par' dir='ltr' id='par_1_72' title="bbox 1986 2845 3483 2934">
     <span class='ocr_line' id='line_1_72' title="bbox 1986 2845 3483 2934; baseline 0.011 -35"><span class='ocrx_word' id='word_1_519' title='bbox 1986 2846 2050 2899; x_wconf 74' lang='grc' dir='ltr'><strong>ν.</strong></span> <span class='ocrx_word' id='word_1_520' title='bbox 2084 2845 2209 2903; x_wconf 66' lang='lat' dir='ltr'><strong>Haec</strong></span> <span class='ocrx_word' id='word_1_521' title='bbox 2233 2863 2360 2904; x_wconf 90' lang='lat' dir='ltr'><strong>cum</strong></span> <span class='ocrx_word' id='word_1_522' title='bbox 2383 2848 2461 2904; x_wconf 88' lang='lat' dir='ltr'><strong>illi</strong></span> <span class='ocrx_word' id='word_1_523' title='bbox 2485 2852 2787 2934; x_wconf 72' lang='lat' dir='ltr'><strong>exigerent,</strong></span> <span class='ocrx_word' id='word_1_524' title='bbox 2841 2855 3146 2928; x_wconf 79' lang='lat' dir='ltr'><strong>imperator</strong></span> <span class='ocrx_word' id='word_1_525' title='bbox 3164 2860 3300 2917; x_wconf 78' lang='lat' dir='ltr'><strong>nihil</strong></span> <span class='ocrx_word' id='word_1_526' title='bbox 3322 2879 3483 2931; x_wconf 80' lang='lat' dir='ltr'><strong>pror-</strong></span> 
     </span>
    </p>
   </div>
   <div class='ocr_carea' id='block_1_73' title="bbox 1916 2938 3482 3013">
    <p class='ocr_par' dir='ltr' id='par_1_73' title="bbox 1916 2938 3482 3013">
     <span class='ocr_line' id='line_1_73' title="bbox 1916 2938 3482 3013; baseline 0.01 -23"><span class='ocrx_word' id='word_1_527' title='bbox 1916 2952 2010 2993; x_wconf 82' lang='lat' dir='ltr'><strong>sus</strong></span> <span class='ocrx_word' id='word_1_528' title='bbox 2052 2938 2119 2994; x_wconf 93' lang='lat' dir='ltr'><strong>iis</strong></span> <span class='ocrx_word' id='word_1_529' title='bbox 2170 2940 2477 2996; x_wconf 86' lang='lat' dir='ltr'><strong>concedere</strong></span> <span class='ocrx_word' id='word_1_530' title='bbox 2537 2940 2800 3001; x_wconf 84' lang='lat' dir='ltr'><strong>decrevit.</strong></span> <span class='ocrx_word' id='word_1_531' title='bbox 2860 2946 3060 3004; x_wconf 85' lang='lat' dir='ltr'><strong>Aiebat</strong></span> <span class='ocrx_word' id='word_1_532' title='bbox 3113 2952 3283 3013; x_wconf 87' lang='lat' dir='ltr'><strong>enim,</strong></span> <span class='ocrx_word' id='word_1_533' title='bbox 3338 2953 3482 3008; x_wconf 82' lang='lat' dir='ltr'><strong>baut</strong></span> 
     </span>
    </p>
   </div>
   <div class='ocr_carea' id='block_1_74' title="bbox 1919 3031 3483 3113">
    <p class='ocr_par' dir='ltr' id='par_1_74' title="bbox 1919 3031 3483 3113">
     <span class='ocr_line' id='line_1_74' title="bbox 1919 3031 3483 3113; baseline 0.01 -29"><span class='ocrx_word' id='word_1_534' title='bbox 1919 3044 2077 3113; x_wconf 76' lang='lat' dir='ltr'><strong>posse</strong></span> <span class='ocrx_word' id='word_1_535' title='bbox 2107 3044 2186 3095; x_wconf 83' lang='lat' dir='ltr'><strong>se,</strong></span> <span class='ocrx_word' id='word_1_536' title='bbox 2220 3031 2342 3102; x_wconf 69' lang='lat' dir='ltr'><strong>quin</strong></span> <span class='ocrx_word' id='word_1_537' title='bbox 2365 3033 2542 3091; x_wconf 88' lang='lat' dir='ltr'><strong>aliena</strong></span> <span class='ocrx_word' id='word_1_538' title='bbox 2568 3046 2773 3103; x_wconf 76' lang='lat' dir='ltr'><strong>essent,</strong></span> <span class='ocrx_word' id='word_1_539' title='bbox 2804 3037 2921 3094; x_wconf 86' lang='lat' dir='ltr'><strong>sive</strong></span> <span class='ocrx_word' id='word_1_540' title='bbox 2942 3040 3000 3095; x_wconf 89' lang='lat' dir='ltr'><strong>in</strong></span> <span class='ocrx_word' id='word_1_541' title='bbox 3032 3044 3284 3110; x_wconf 63' lang='lat' dir='ltr'><strong>praesenti</strong></span> <span class='ocrx_word' id='word_1_542' title='bbox 3321 3045 3483 3113; x_wconf 90' lang='lat' dir='ltr'><strong>polli-</strong></span> 
     </span>
    </p>
   </div>
   <div class='ocr_carea' id='block_1_75' title="bbox 1920 3108 3483 3206">
    <p class='ocr_par' dir='ltr' id='par_1_75' title="bbox 1920 3108 3483 3206">
     <span class='ocr_line' id='line_1_75' title="bbox 1920 3108 3483 3206; baseline 0.012 -28"><span class='ocrx_word' id='word_1_543' title='bbox 1920 3108 2055 3188; x_wconf 76' lang='lat' dir='ltr'><strong>ceri,</strong></span> <span class='ocrx_word' id='word_1_544' title='bbox 2092 3124 2210 3180; x_wconf 84' lang='lat' dir='ltr'><strong>sive</strong></span> <span class='ocrx_word' id='word_1_545' title='bbox 2237 3140 2492 3196; x_wconf 87' lang='lat' dir='ltr'><strong>suprema</strong></span> <span class='ocrx_word' id='word_1_546' title='bbox 2511 3137 2778 3196; x_wconf 83' lang='lat' dir='ltr'><strong>potestate</strong></span> <span class='ocrx_word' id='word_1_547' title='bbox 2802 3130 2907 3187; x_wconf 86' lang='lat' dir='ltr'><strong>sibi</strong></span> <span class='ocrx_word' id='word_1_548' title='bbox 2935 3131 3001 3203; x_wconf 92' lang='lat' dir='ltr'><strong>(si</strong></span> <span class='ocrx_word' id='word_1_549' title='bbox 3029 3108 3251 3202; x_wconf 77' lang='lat' dir='ltr'><strong>quando</strong></span> <span class='ocrx_word' id='word_1_550' title='bbox 3274 3108 3483 3206; x_wconf 65' lang='lat' dir='ltr'><strong>posset)</strong></span> 
     </span>
    </p>
   </div>
   <div class='ocr_carea' id='block_1_76' title="bbox 1919 3213 3522 3308">
    <p class='ocr_par' dir='ltr' id='par_1_76' title="bbox 1919 3213 3522 3308">
     <span class='ocr_line' id='line_1_76' title="bbox 1919 3213 3522 3308; baseline 0.011 -41"><span class='ocrx_word' id='word_1_551' title='bbox 1919 3213 2213 3278; x_wconf 86' lang='lat' dir='ltr'><strong>vindicata,</strong></span> <span class='ocrx_word' id='word_1_552' title='bbox 2236 3216 2307 3271; x_wconf 88' lang='lat' dir='ltr'><strong>iis</strong></span> <span class='ocrx_word' id='word_1_553' title='bbox 2331 3217 2633 3288; x_wconf 82' lang='lat' dir='ltr'><strong>indulgere,</strong></span> <span class='ocrx_word' id='word_1_554' title='bbox 2652 3221 2747 3290; x_wconf 88' lang='lat' dir='ltr'><strong>qui</strong></span> <span class='ocrx_word' id='word_1_555' title='bbox 2769 3220 2955 3293; x_wconf 91' lang='lat' dir='ltr'><strong>inique</strong></span> <span class='ocrx_word' id='word_1_556' title='bbox 2973 3234 3244 3293; x_wconf 83' lang='lat' dir='ltr'><strong>peterent.</strong></span> <span class='ocrx_word' id='word_1_557' title='bbox 3267 3228 3483 3301; x_wconf 78' lang='lat' dir='ltr'><strong>Quippe</strong></span> <span class='ocrx_word' id='word_1_558' title='bbox 3508 3300 3522 3308; x_wconf 25' lang='grc' dir='ltr'><em>ὀ</em></span> 
     </span>
    </p>
   </div>
   <div class='ocr_carea' id='block_1_77' title="bbox 1916 3307 3483 3389">
    <p class='ocr_par' dir='ltr' id='par_1_77' title="bbox 1916 3307 3483 3389">
     <span class='ocr_line' id='line_1_77' title="bbox 1916 3307 3483 3389; baseline 0.013 -30"><span class='ocrx_word' id='word_1_559' title='bbox 1916 3319 1980 3361; x_wconf 90' lang='lat' dir='ltr'><strong>ea</strong></span> <span class='ocrx_word' id='word_1_560' title='bbox 2010 3321 2160 3362; x_wconf 90' lang='lat' dir='ltr'><strong>nunc</strong></span> <span class='ocrx_word' id='word_1_561' title='bbox 2184 3307 2411 3377; x_wconf 88' lang='lat' dir='ltr'><strong>quidem</strong></span> <span class='ocrx_word' id='word_1_562' title='bbox 2442 3310 2621 3365; x_wconf 89' lang='lat' dir='ltr'><strong>aliena</strong></span> <span class='ocrx_word' id='word_1_563' title='bbox 2656 3327 2887 3381; x_wconf 86' lang='lat' dir='ltr'><strong>prorsus</strong></span> <span class='ocrx_word' id='word_1_564' title='bbox 2911 3328 3054 3378; x_wconf 85' lang='lat' dir='ltr'><strong>esse,</strong></span> <span class='ocrx_word' id='word_1_565' title='bbox 3089 3333 3211 3371; x_wconf 86' lang='lat' dir='ltr'><strong>cum</strong></span> <span class='ocrx_word' id='word_1_566' title='bbox 3244 3320 3343 3389; x_wconf 88' lang='lat' dir='ltr'><strong>ipsi</strong></span> <span class='ocrx_word' id='word_1_567' title='bbox 3387 3324 3483 3378; x_wconf 89' lang='lat' dir='ltr'><strong>ob-</strong></span> 
     </span>
    </p>
   </div>
   <div class='ocr_carea' id='block_1_78' title="bbox 1916 3396 3483 3479">
    <p class='ocr_par' dir='ltr' id='par_1_78' title="bbox 1916 3396 3483 3479">
     <span class='ocr_line' id='line_1_78' title="bbox 1916 3396 3483 3479; baseline 0.013 -30"><span class='ocrx_word' id='word_1_568' title='bbox 1916 3396 2229 3474; x_wconf 80' lang='lat' dir='ltr'><strong>siderentur</strong></span> <span class='ocrx_word' id='word_1_569' title='bbox 2257 3399 2491 3454; x_wconf 87' lang='lat' dir='ltr'><strong>necdum</strong></span> <span class='ocrx_word' id='word_1_570' title='bbox 2528 3400 2636 3456; x_wconf 89' lang='lat' dir='ltr'><strong>sibi</strong></span> <span class='ocrx_word' id='word_1_571' title='bbox 2668 3404 2882 3457; x_wconf 86' lang='lat' dir='ltr'><strong>securis</strong></span> <span class='ocrx_word' id='word_1_572' title='bbox 2916 3408 3102 3461; x_wconf 81' lang='lat' dir='ltr'><strong>vivere</strong></span> <span class='ocrx_word' id='word_1_573' title='bbox 3154 3407 3382 3479; x_wconf 76' lang='lat' dir='ltr'><strong>liceret;</strong></span> <span class='ocrx_word' id='word_1_574' title='bbox 3418 3432 3483 3470; x_wconf 84' lang='lat' dir='ltr'><strong>ac</strong></span> 
     </span>
    </p>
   </div>
   <div class='ocr_carea' id='block_1_79' title="bbox 1916 3486 3482 3555">
    <p class='ocr_par' dir='ltr' id='par_1_79' title="bbox 1916 3486 3482 3555">
     <span class='ocr_line' id='line_1_79' title="bbox 1916 3486 3482 3555; baseline 0.003 -16"><span class='ocrx_word' id='word_1_575' title='bbox 1916 3494 2030 3540; x_wconf 84' lang='lat' dir='ltr'><strong>tum</strong></span> <span class='ocrx_word' id='word_1_576' title='bbox 2058 3501 2253 3541; x_wconf 84' lang='lat' dir='ltr'><strong>rursus</strong></span> <span class='ocrx_word' id='word_1_577' title='bbox 2280 3486 2400 3544; x_wconf 77' lang='lat' dir='ltr'><strong>fore</strong></span> <span class='ocrx_word' id='word_1_578' title='bbox 2431 3488 2611 3546; x_wconf 78' lang='lat' dir='ltr'><strong>aliena</strong></span> <span class='ocrx_word' id='word_1_579' title='bbox 2647 3491 2756 3545; x_wconf 84' lang='lat' dir='ltr'><strong>alio</strong></span> <span class='ocrx_word' id='word_1_580' title='bbox 2792 3491 2975 3545; x_wconf 89' lang='lat' dir='ltr'><strong>modo.</strong></span> <span class='ocrx_word' id='word_1_581' title='bbox 3023 3495 3240 3553; x_wconf 67' lang='lat' dir='ltr'><strong>Ettnini</strong></span> <span class='ocrx_word' id='word_1_582' title='bbox 3276 3502 3482 3555; x_wconf 86' lang='lat' dir='ltr'><strong>resim.</strong></span> 
     </span>
    </p>
   </div>
   <div class='ocr_carea' id='block_1_80' title="bbox 1915 3576 3479 3652">
    <p class='ocr_par' dir='ltr' id='par_1_80' title="bbox 1915 3576 3479 3652">
     <span class='ocr_line' id='line_1_80' title="bbox 1915 3576 3479 3652; baseline 0.011 -22"><span class='ocrx_word' id='word_1_583' title='bbox 1915 3576 2052 3646; x_wconf 90' lang='lat' dir='ltr'><strong>perii</strong></span> <span class='ocrx_word' id='word_1_584' title='bbox 2107 3592 2302 3648; x_wconf 74' lang='lat' dir='ltr'><strong>omnes</strong></span> <span class='ocrx_word' id='word_1_585' title='bbox 2363 3594 2472 3637; x_wconf 88' lang='lat' dir='ltr'><strong>non</strong></span> <span class='ocrx_word' id='word_1_586' title='bbox 2528 3581 2916 3652; x_wconf 85' lang='lat' dir='ltr'><strong>imperantium</strong></span> <span class='ocrx_word' id='word_1_587' title='bbox 2955 3600 3098 3651; x_wconf 87' lang='lat' dir='ltr'><strong>esse,</strong></span> <span class='ocrx_word' id='word_1_588' title='bbox 3159 3592 3253 3641; x_wconf 82' lang='lat' dir='ltr'><strong>sed</strong></span> <span class='ocrx_word' id='word_1_589' title='bbox 3286 3606 3479 3647; x_wconf 76' lang='lat' dir='ltr'><strong>eorum</strong></span> 
     </span>
    </p>
   </div>
   <div class='ocr_carea' id='block_1_81' title="bbox 1914 3669 3480 3751">
    <p class='ocr_par' dir='ltr' id='par_1_81' title="bbox 1914 3669 3480 3751">
     <span class='ocr_line' id='line_1_81' title="bbox 1914 3669 3480 3751; baseline 0.011 -29"><span class='ocrx_word' id='word_1_590' title='bbox 1914 3669 2183 3736; x_wconf 90' lang='lat' dir='ltr'><strong>omnium,</strong></span> <span class='ocrx_word' id='word_1_591' title='bbox 2212 3671 2304 3741; x_wconf 88' lang='lat' dir='ltr'><strong>qui</strong></span> <span class='ocrx_word' id='word_1_592' title='bbox 2333 3672 2567 3742; x_wconf 88' lang='lat' dir='ltr'><strong>imperio</strong></span> <span class='ocrx_word' id='word_1_593' title='bbox 2597 3674 2830 3746; x_wconf 83' lang='lat' dir='ltr'><strong>subjecti</strong></span> <span class='ocrx_word' id='word_1_594' title='bbox 2853 3677 2983 3731; x_wconf 86' lang='lat' dir='ltr'><strong>sint.</strong></span> <span class='ocrx_word' id='word_1_595' title='bbox 3044 3678 3149 3745; x_wconf 87' lang='lat' dir='ltr'><strong>Qui</strong></span> <span class='ocrx_word' id='word_1_596' title='bbox 3173 3680 3355 3751; x_wconf 85' lang='lat' dir='ltr'><strong>itaque</strong></span> <span class='ocrx_word' id='word_1_597' title='bbox 3382 3699 3480 3739; x_wconf 85' lang='lat' dir='ltr'><strong>no-</strong></span> 
     </span>
    </p>
   </div>
   <div class='ocr_carea' id='block_1_82' title="bbox 1917 3758 3481 3842">
    <p class='ocr_par' dir='ltr' id='par_1_82' title="bbox 1917 3758 3481 3842">
     <span class='ocr_line' id='line_1_82' title="bbox 1917 3758 3481 3842; baseline 0.011 -30"><span class='ocrx_word' id='word_1_598' title='bbox 1917 3758 2126 3814; x_wconf 88' lang='lat' dir='ltr'><strong>biscum</strong></span> <span class='ocrx_word' id='word_1_599' title='bbox 2158 3760 2321 3831; x_wconf 76' lang='lat'><strong>710</strong></span> <span class='ocrx_word' id='word_1_600' title='bbox 2349 3762 2625 3817; x_wconf 90' lang='lat' dir='ltr'><strong>voluerint</strong></span> <span class='ocrx_word' id='word_1_601' title='bbox 2651 3764 2703 3818; x_wconf 92' lang='lat' dir='ltr'><strong>in</strong></span> <span class='ocrx_word' id='word_1_602' title='bbox 2748 3767 3005 3834; x_wconf 61' lang='lat' dir='ltr'><strong>praisenti</strong></span> <span class='ocrx_word' id='word_1_603' title='bbox 3030 3769 3313 3826; x_wconf 84' lang='lat' dir='ltr'><strong>curriculo</strong></span> <span class='ocrx_word' id='word_1_604' title='bbox 3335 3777 3481 3842; x_wconf 82' lang='lat' dir='ltr'><strong>peri-</strong></span> 
     </span>
    </p>
   </div>
   <div class='ocr_carea' id='block_1_83' title="bbox 1916 3847 3481 3926">
    <p class='ocr_par' dir='ltr' id='par_1_83' title="bbox 1916 3847 3481 3926">
     <span class='ocr_line' id='line_1_83' title="bbox 1916 3847 3481 3926; baseline 0.013 -27"><span class='ocrx_word' id='word_1_605' title='bbox 1916 3847 2116 3913; x_wconf 76' lang='lat' dir='ltr'><strong>ditari,</strong></span> <span class='ocrx_word' id='word_1_606' title='bbox 2150 3864 2252 3905; x_wconf 82' lang='lat' dir='ltr'><strong>nec</strong></span> <span class='ocrx_word' id='word_1_607' title='bbox 2299 3852 2400 3920; x_wconf 84' lang='lat' dir='ltr'><strong>ipsi</strong></span> <span class='ocrx_word' id='word_1_608' title='bbox 2435 3852 2681 3922; x_wconf 89' lang='lat' dir='ltr'><strong>quidem,</strong></span> <span class='ocrx_word' id='word_1_609' title='bbox 2751 3853 2798 3909; x_wconf 88' lang='lat' dir='ltr'><strong>si</strong></span> <span class='ocrx_word' id='word_1_610' title='bbox 2836 3871 3080 3926; x_wconf 86' lang='lat' dir='ltr'><strong>unquam</strong></span> <span class='ocrx_word' id='word_1_611' title='bbox 3138 3864 3481 3919; x_wconf 83' lang='lat' dir='ltr'><strong>evaserimus</strong></span> 
     </span>
    </p>
   </div>
   <div class='ocr_carea' id='block_1_84' title="bbox 1914 3942 3480 4022">
    <p class='ocr_par' dir='ltr' id='par_1_84' title="bbox 1914 3942 3480 4022">
     <span class='ocr_line' id='line_1_84' title="bbox 1914 3942 3480 4022; baseline 0.011 -29"><span class='ocrx_word' id='word_1_612' title='bbox 1914 3942 2249 4010; x_wconf 83' lang='lat' dir='ltr'><strong>superiores,</strong></span> <span class='ocrx_word' id='word_1_613' title='bbox 2279 3957 2376 3998; x_wconf 87' lang='lat' dir='ltr'><strong>eos</strong></span> <span class='ocrx_word' id='word_1_614' title='bbox 2399 3952 2665 4012; x_wconf 85' lang='lat' dir='ltr'><strong>quantum</strong></span> <span class='ocrx_word' id='word_1_615' title='bbox 2695 3946 2750 4001; x_wconf 92' lang='lat' dir='ltr'><strong>in</strong></span> <span class='ocrx_word' id='word_1_616' title='bbox 2782 3947 2941 4003; x_wconf 90' lang='lat' dir='ltr'><strong>nobis</strong></span> <span class='ocrx_word' id='word_1_617' title='bbox 2980 3951 3087 4004; x_wconf 90' lang='lat' dir='ltr'><strong>erit</strong></span> <span class='ocrx_word' id='word_1_618' title='bbox 3112 3950 3275 4022; x_wconf 80' lang='lat' dir='ltr'><strong>digne</strong></span> <span class='ocrx_word' id='word_1_619' title='bbox 3298 3970 3480 4011; x_wconf 85' lang='lat' dir='ltr'><strong>remu-</strong></span> 
     </span>
    </p>
   </div>
   <div class='ocr_carea' id='block_1_85' title="bbox 1913 4032 3479 4120">
    <p class='ocr_par' dir='ltr' id='par_1_85' title="bbox 1913 4032 3479 4120">
     <span class='ocr_line' id='line_1_85' title="bbox 1913 4032 3479 4120; baseline 0.013 -35"><span class='ocrx_word' id='word_1_620' title='bbox 1913 4032 2093 4087; x_wconf 88' lang='lat' dir='ltr'><strong>nerari</strong></span> <span class='ocrx_word' id='word_1_621' title='bbox 2121 4034 2477 4105; x_wconf 75' lang='lat' dir='ltr'><strong>negligemus.</strong></span> <span class='ocrx_word' id='word_1_622' title='bbox 2516 4038 2619 4103; x_wconf 85' lang='lat' dir='ltr'><strong>Qui</strong></span> <span class='ocrx_word' id='word_1_623' title='bbox 2651 4050 2837 4095; x_wconf 90' lang='lat' dir='ltr'><strong>autem</strong></span> <span class='ocrx_word' id='word_1_624' title='bbox 2870 4042 3173 4108; x_wconf 85' lang='lat' dir='ltr'><strong>noluerint,</strong></span> <span class='ocrx_word' id='word_1_625' title='bbox 3204 4045 3272 4101; x_wconf 88' lang='lat' dir='ltr'><strong>iis</strong></span> <span class='ocrx_word' id='word_1_626' title='bbox 3322 4051 3479 4120; x_wconf 83' lang='lat' dir='ltr'><strong>equi-</strong></span> 
     </span>
    </p>
   </div>
   <div class='ocr_carea' id='block_1_86' title="bbox 1914 4122 3481 4195">
    <p class='ocr_par' dir='ltr' id='par_1_86' title="bbox 1914 4122 3481 4195">
     <span class='ocr_line' id='line_1_86' title="bbox 1914 4122 3481 4195; baseline 0.012 -21"><span class='ocrx_word' id='word_1_627' title='bbox 1914 4122 2037 4176; x_wconf 88' lang='lat' dir='ltr'><strong>dem</strong></span> <span class='ocrx_word' id='word_1_628' title='bbox 2068 4122 2212 4180; x_wconf 84' lang='lat' dir='ltr'><strong>baud</strong></span> <span class='ocrx_word' id='word_1_629' title='bbox 2241 4140 2486 4194; x_wconf 88' lang='lat' dir='ltr'><strong>unquam</strong></span> <span class='ocrx_word' id='word_1_630' title='bbox 2516 4132 2953 4195; x_wconf 77' lang='lat' dir='ltr'><strong>succensusrim,</strong></span> <span class='ocrx_word' id='word_1_631' title='bbox 3006 4134 3332 4191; x_wconf 87' lang='lat' dir='ltr'><strong>utrumlibet</strong></span> <span class='ocrx_word' id='word_1_632' title='bbox 3367 4140 3481 4193; x_wconf 83' lang='lat' dir='ltr'><strong>ele-</strong></span> 
     </span>
    </p>
   </div>
   <div class='ocr_carea' id='block_1_87' title="bbox 1913 4214 3477 4299">
    <p class='ocr_par' dir='ltr' id='par_1_87' title="bbox 1913 4214 3477 4299">
     <span class='ocr_line' id='line_1_87' title="bbox 1913 4214 3477 4299; baseline 0.013 -33"><span class='ocrx_word' id='word_1_633' title='bbox 1913 4214 2112 4295; x_wconf 87' lang='lat' dir='ltr'><strong>gerint,</strong></span> <span class='ocrx_word' id='word_1_634' title='bbox 2148 4217 2264 4272; x_wconf 88' lang='lat' dir='ltr'><strong>sive</strong></span> <span class='ocrx_word' id='word_1_635' title='bbox 2298 4217 2536 4274; x_wconf 83' lang='lat' dir='ltr'><strong>hostium</strong></span> <span class='ocrx_word' id='word_1_636' title='bbox 2564 4220 2848 4290; x_wconf 86' lang='lat' dir='ltr'><strong>promissis</strong></span> <span class='ocrx_word' id='word_1_637' title='bbox 2869 4224 3076 4282; x_wconf 89' lang='lat' dir='ltr'><strong>inducti</strong></span> <span class='ocrx_word' id='word_1_638' title='bbox 3097 4229 3477 4299; x_wconf 76' lang='lat' dir='ltr'><strong>transfugere;</strong></span> 
     </span>
    </p>
   </div>
   <div class='ocr_carea' id='block_1_88' title="bbox 1916 4290 3483 4389">
    <p class='ocr_par' dir='ltr' id='par_1_88' title="bbox 1916 4290 3483 4389">
     <span class='ocr_line' id='line_1_88' title="bbox 1916 4290 3483 4389; baseline 0.011 -30"><span class='ocrx_word' id='word_1_639' title='bbox 1916 4290 2034 4360; x_wconf 81' lang='lat' dir='ltr'><strong>sive</strong></span> <span class='ocrx_word' id='word_1_640' title='bbox 2059 4305 2208 4361; x_wconf 89' lang='lat' dir='ltr'><strong>domi</strong></span> <span class='ocrx_word' id='word_1_641' title='bbox 2245 4308 2502 4365; x_wconf 77' lang='lat' dir='ltr'><strong>sedentes</strong></span> <span class='ocrx_word' id='word_1_642' title='bbox 2551 4310 2675 4389; x_wconf 78' lang='lat' dir='ltr'><strong>telis</strong></span> <span class='ocrx_word' id='word_1_643' title='bbox 2714 4315 2909 4382; x_wconf 89' lang='lat' dir='ltr'><strong>procul</strong></span> <span class='ocrx_word' id='word_1_644' title='bbox 2938 4318 3222 4374; x_wconf 84' lang='lat' dir='ltr'><strong>absistere.</strong></span> <span class='ocrx_word' id='word_1_645' title='bbox 3276 4321 3345 4375; x_wconf 85' lang='lat' dir='ltr'><strong>Et</strong></span> <span class='ocrx_word' id='word_1_646' title='bbox 3368 4323 3483 4377; x_wconf 77' lang='lat' dir='ltr'><strong>lia-c</strong></span> 
     </span>
    </p>
   </div>
   <div class='ocr_carea' id='block_1_89' title="bbox 236 4388 1813 4475">
    <p class='ocr_par' dir='ltr' id='par_1_89' title="bbox 236 4388 1810 4465">
     <span class='ocr_line' id='line_1_89' title="bbox 236 4388 1810 4465; baseline -0.001 -20"><span class='ocrx_word' id='word_1_647' title='bbox 236 4392 480 4465; x_wconf 75' lang='grc' dir='ltr'>ημινους</span> <span class='ocrx_word' id='word_1_648' title='bbox 523 4391 662 4445; x_wconf 80' lang='grc' dir='ltr'>οἴκοι</span> <span class='ocrx_word' id='word_1_649' title='bbox 706 4390 897 4461; x_wconf 79' lang='grc' dir='ltr'>πόρρω</span> <span class='ocrx_word' id='word_1_650' title='bbox 944 4388 1192 4457; x_wconf 78' lang='grc' dir='ltr'>γίνεσθαι</span> <span class='ocrx_word' id='word_1_651' title='bbox 1248 4388 1437 4459; x_wconf 84' lang='grc' dir='ltr'>βελῶν,</span> <span class='ocrx_word' id='word_1_652' title='bbox 1485 4391 1597 4443; x_wconf 75' lang='grc' dir='ltr'><strong>Καὶ</strong></span> <span class='ocrx_word' id='word_1_653' title='bbox 1637 4391 1810 4444; x_wconf 82' lang='grc' dir='ltr'>ταῦτα</span> 
     </span>
    </p>
   </div>
   <div class='ocr_carea' id='block_1_90' title="bbox 1918 4388 2706 4475">
    <p class='ocr_par' dir='ltr' id='par_1_90' title="bbox 1918 4388 2706 4467">
     <span class='ocr_line' id='line_1_90' title="bbox 1918 4388 2706 4467; baseline 0.011 -18"><span class='ocrx_word' id='word_1_654' title='bbox 1918 4400 2133 4467; x_wconf 81' lang='lat' dir='ltr'><strong>quidem</strong></span> <span class='ocrx_word' id='word_1_655' title='bbox 2171 4401 2247 4455; x_wconf 88' lang='lat' dir='ltr'><strong>ita</strong></span> <span class='ocrx_word' id='word_1_656' title='bbox 2280 4416 2339 4455; x_wconf 89' lang='lat' dir='ltr'><strong>se</strong></span> <span class='ocrx_word' id='word_1_657' title='bbox 2372 4388 2706 4458; x_wconf 85' lang='lat' dir='ltr'><strong>habuerunt.</strong></span> 
     </span>
    </p>
   </div>
   <div class='ocr_carea' id='block_1_91' title="bbox 239 4479 1081 4556">
    <p class='ocr_par' dir='ltr' id='par_1_91' title="bbox 239 4479 1081 4556">
     <span class='ocr_line' id='line_1_91' title="bbox 239 4479 1081 4556; baseline -0.005 -17"><span class='ocrx_word' id='word_1_658' title='bbox 239 4488 343 4556; x_wconf 75' lang='grc' dir='ltr'>μὲν</span> <span class='ocrx_word' id='word_1_659' title='bbox 372 4482 566 4539; x_wconf 80' lang='grc' dir='ltr'>τοῦτον</span> <span class='ocrx_word' id='word_1_660' title='bbox 594 4480 718 4552; x_wconf 69' lang='lat' dir='ltr'><strong>laxe</strong></span> <span class='ocrx_word' id='word_1_661' title='bbox 742 4482 833 4534; x_wconf 87' lang='grc' dir='ltr'><strong>τδν</strong></span> <span class='ocrx_word' id='word_1_662' title='bbox 858 4479 1081 4551; x_wconf 83' lang='grc' dir='ltr'>τρόπον.</span> 
     </span>
    </p>
   </div>
   <div class='ocr_carea' id='block_1_92' title="bbox 311 4566 1811 4646">
    <p class='ocr_par' dir='ltr' id='par_1_92' title="bbox 311 4566 1811 4646">
     <span class='ocr_line' id='line_1_92' title="bbox 311 4566 1811 4646; baseline -0.002 -16"><span class='ocrx_word' id='word_1_663' title='bbox 311 4566 412 4644; x_wconf 58' lang='grc' dir='ltr'><strong>ζ’.</strong></span> <span class='ocrx_word' id='word_1_664' title='bbox 450 4572 658 4644; x_wconf 84' lang='grc' dir='ltr'>Χρόνου</span> <span class='ocrx_word' id='word_1_665' title='bbox 694 4573 752 4625; x_wconf 82' lang='grc' dir='ltr'>δὲ</span> <span class='ocrx_word' id='word_1_666' title='bbox 788 4574 917 4643; x_wconf 79' lang='grc' dir='ltr'>περὶ</span> <span class='ocrx_word' id='word_1_667' title='bbox 941 4571 1042 4642; x_wconf 81' lang='grc' dir='ltr'>τὴν</span> <span class='ocrx_word' id='word_1_668' title='bbox 1081 4570 1402 4642; x_wconf 80' lang='grc' dir='ltr'>πολιορκίαν</span> <span class='ocrx_word' id='word_1_669' title='bbox 1453 4574 1650 4644; x_wconf 83' lang='grc' dir='ltr'>συχνοῦ</span> <span class='ocrx_word' id='word_1_670' title='bbox 1680 4592 1811 4646; x_wconf 86' lang='grc' dir='ltr'>τρι-</span> 
     </span>
    </p>
   </div>
   <div class='ocr_carea' id='block_1_93' title="bbox 232 4660 1813 4741">
    <p class='ocr_par' dir='ltr' id='par_1_93' title="bbox 232 4660 1813 4741">
     <span class='ocr_line' id='line_1_93' title="bbox 232 4660 1813 4741; baseline -0.003 -18"><span class='ocrx_word' id='word_1_671' title='bbox 232 4670 498 4741; x_wconf 75' lang='grc' dir='ltr'>ϐομένου,</span> <span class='ocrx_word' id='word_1_672' title='bbox 528 4660 791 4737; x_wconf 68' lang='grc' dir='ltr'>καῖ’περὶ</span> <span class='ocrx_word' id='word_1_673' title='bbox 836 4666 1052 4727; x_wconf 79' lang='grc' dir='ltr'>ἀνέσεις</span> <span class='ocrx_word' id='word_1_674' title='bbox 1093 4664 1506 4734; x_wconf 82' lang='grc' dir='ltr'>ἀσχολουμένων</span> <span class='ocrx_word' id='word_1_675' title='bbox 1542 4667 1650 4719; x_wconf 87' lang='grc' dir='ltr'><strong>τῶν</strong></span> <span class='ocrx_word' id='word_1_676' title='bbox 1677 4668 1813 4721; x_wconf 69' lang='grc' dir='ltr'>νέων</span> 
     </span>
    </p>
   </div>
   <div class='ocr_carea' id='block_1_94' title="bbox 102 4755 1813 4831">
    <p class='ocr_par' dir='ltr' id='par_1_94' title="bbox 102 4755 1813 4831">
     <span class='ocr_line' id='line_1_94' title="bbox 102 4755 1813 4831; baseline -0.005 -13"><span class='ocrx_word' id='word_1_677' title='bbox 102 4756 117 4769; x_wconf 81' lang='grc'><em>’</em></span> <span class='ocrx_word' id='word_1_678' title='bbox 231 4755 296 4817; x_wconf 70' lang='grc' dir='ltr'>ἐν</span> <span class='ocrx_word' id='word_1_679' title='bbox 318 4761 401 4831; x_wconf 84' lang='grc' dir='ltr'><strong>τῷ</strong></span> <span class='ocrx_word' id='word_1_680' title='bbox 433 4759 544 4811; x_wconf 88' lang='grc' dir='ltr'><strong>τῶν</strong></span> <span class='ocrx_word' id='word_1_681' title='bbox 578 4757 856 4828; x_wconf 84' lang='grc' dir='ltr'>πολεμίων</span> <span class='ocrx_word' id='word_1_682' title='bbox 904 4758 1275 4827; x_wconf 77' lang='grc' dir='ltr'>στρατοπέδῳ,</span> <span class='ocrx_word' id='word_1_683' title='bbox 1307 4755 1454 4821; x_wconf 75' lang='grc' dir='ltr'>ἔδοξε</span> <span class='ocrx_word' id='word_1_684' title='bbox 1483 4758 1561 4827; x_wconf 81' lang='grc' dir='ltr'>τῷ</span> <span class='ocrx_word' id='word_1_685' title='bbox 1593 4758 1687 4811; x_wconf 76' lang='grc' dir='ltr'><strong>ἐπὶ</strong></span> <span class='ocrx_word' id='word_1_686' title='bbox 1716 4758 1813 4810; x_wconf 81' lang='grc' dir='ltr'>θυ-</span> 
     </span>
    </p>
   </div>
   <div class='ocr_carea' id='block_1_95' title="bbox 233 4848 1806 4925">
    <p class='ocr_par' dir='ltr' id='par_1_95' title="bbox 233 4848 1806 4925">
     <span class='ocr_line' id='line_1_95' title="bbox 233 4848 1806 4925; baseline -0.005 -17"><span class='ocrx_word' id='word_1_687' title='bbox 233 4854 407 4925; x_wconf 77' lang='grc' dir='ltr'>γατρὶ</span> <span class='ocrx_word' id='word_1_688' title='bbox 437 4850 535 4905; x_wconf 87' lang='grc' dir='ltr'><strong>τοῦ</strong></span> <span class='ocrx_word' id='word_1_689' title='bbox 570 4848 911 4903; x_wconf 77' lang='grc' dir='ltr'>’Δποκαύκου</span> <span class='ocrx_word' id='word_1_690' title='bbox 939 4848 1173 4918; x_wconf 80' lang='grc' dir='ltr'>γαμϐρῷ</span> <span class='ocrx_word' id='word_1_691' title='bbox 1219 4848 1537 4920; x_wconf 82' lang='grc' dir='ltr'>Ἀνδρονίκῳ</span> <span class='ocrx_word' id='word_1_692' title='bbox 1562 4848 1642 4919; x_wconf 80' lang='grc' dir='ltr'>τῷ</span> <span class='ocrx_word' id='word_1_693' title='bbox 1694 4850 1806 4901; x_wconf 82' lang='grc' dir='ltr'><strong>Πα-</strong></span> 
     </span>
    </p>
   </div>
   <div class='ocr_carea' id='block_1_96' title="bbox 230 4941 1806 5016">
    <p class='ocr_par' dir='ltr' id='par_1_96' title="bbox 230 4941 1806 5016">
     <span class='ocr_line' id='line_1_96' title="bbox 230 4941 1806 5016; baseline -0.004 -16"><span class='ocrx_word' id='word_1_694' title='bbox 230 4945 506 5015; x_wconf 85' lang='grc' dir='ltr'>λαιολόγῳ</span> <span class='ocrx_word' id='word_1_695' title='bbox 538 4943 676 5016; x_wconf 80' lang='grc' dir='ltr'>(θ’ί),</span> <span class='ocrx_word' id='word_1_696' title='bbox 699 4941 1019 5012; x_wconf 77' lang='grc' dir='ltr'>ἀναψύξεώς</span> <span class='ocrx_word' id='word_1_697' title='bbox 1058 4959 1118 4995; x_wconf 91' lang='grc' dir='ltr'><strong>τε</strong></span> <span class='ocrx_word' id='word_1_698' title='bbox 1146 4943 1328 4996; x_wconf 79' lang='grc' dir='ltr'>εἵνεκα</span> <span class='ocrx_word' id='word_1_699' title='bbox 1356 4942 1451 4996; x_wconf 74' lang='grc' dir='ltr'>καὶ</span> <span class='ocrx_word' id='word_1_700' title='bbox 1495 4942 1806 5013; x_wconf 76' lang='grc' dir='ltr'>φιλοτιμίας</span> 
     </span>
    </p>
   </div>
   <div class='ocr_carea' id='block_1_97' title="bbox 229 5033 1813 5114">
    <p class='ocr_par' dir='ltr' id='par_1_97' title="bbox 229 5033 1811 5109">
     <span class='ocr_line' id='line_1_97' title="bbox 229 5033 1811 5109; baseline -0.005 -15"><span class='ocrx_word' id='word_1_701' title='bbox 229 5039 359 5109; x_wconf 69' lang='grc' dir='ltr'>ἅμα</span> <span class='ocrx_word' id='word_1_702' title='bbox 385 5034 842 5109; x_wconf 67' lang='grc' dir='ltr'>νεωτεμζούσης,</span> <span class='ocrx_word' id='word_1_703' title='bbox 870 5034 1269 5104; x_wconf 83' lang='grc' dir='ltr'>ἀποδυσαμένῳ</span> <span class='ocrx_word' id='word_1_704' title='bbox 1304 5033 1660 5103; x_wconf 84' lang='grc' dir='ltr'>διανήξασθαι</span> <span class='ocrx_word' id='word_1_705' title='bbox 1702 5036 1811 5088; x_wconf 83' lang='grc' dir='ltr'>πᾶν</span> 
     </span>
    </p>
   </div>
   <div class='ocr_carea' id='block_1_98' title="bbox 1918 5033 3573 5114">
    <p class='ocr_par' dir='ltr' id='par_1_98' title="bbox 1918 5036 3573 5114">
     <span class='ocr_line' id='line_1_98' title="bbox 1918 5036 3573 5114; baseline 0.009 -25"><span class='ocrx_word' id='word_1_706' title='bbox 1918 5036 2090 5090; x_wconf 80' lang='lat' dir='ltr'><strong>exutis</strong></span> <span class='ocrx_word' id='word_1_707' title='bbox 2118 5038 2382 5105; x_wconf 87' lang='lat' dir='ltr'><strong>vestibus,</strong></span> <span class='ocrx_word' id='word_1_708' title='bbox 2414 5048 2587 5095; x_wconf 90' lang='lat' dir='ltr'><strong>totum</strong></span> <span class='ocrx_word' id='word_1_709' title='bbox 2614 5041 2751 5097; x_wconf 90' lang='lat' dir='ltr'><strong>illud</strong></span> <span class='ocrx_word' id='word_1_710' title='bbox 2782 5043 3006 5110; x_wconf 84' lang='lat' dir='ltr'><strong>ﬂumen,</strong></span> <span class='ocrx_word' id='word_1_711' title='bbox 3033 5046 3479 5114; x_wconf 87' lang='lat' dir='ltr'><strong>quamlatissime</strong></span> <span class='ocrx_word' id='word_1_712' title='bbox 3566 5074 3573 5085; x_wconf 89' lang='lat'><strong>-</strong></span> 
     </span>
    </p>
   </div>
   <div class='ocr_carea' id='block_1_99' title="bbox 1988 4576 3479 4657">
    <p class='ocr_par' dir='ltr' id='par_1_99' title="bbox 1988 4576 3479 4657">
     <span class='ocr_line' id='line_1_99' title="bbox 1988 4576 3479 4657; baseline 0.009 -28"><span class='ocrx_word' id='word_1_713' title='bbox 1988 4576 2072 4632; x_wconf 81' lang='lat' dir='ltr'><strong>Vl.</strong></span> <span class='ocrx_word' id='word_1_714' title='bbox 2097 4577 2233 4634; x_wconf 90' lang='lat' dir='ltr'><strong>Cum</strong></span> <span class='ocrx_word' id='word_1_715' title='bbox 2252 4580 2311 4635; x_wconf 89' lang='lat' dir='ltr'><strong>in</strong></span> <span class='ocrx_word' id='word_1_716' title='bbox 2334 4580 2623 4638; x_wconf 88' lang='lat' dir='ltr'><strong>obsidione</strong></span> <span class='ocrx_word' id='word_1_717' title='bbox 2648 4583 2877 4638; x_wconf 89' lang='lat' dir='ltr'><strong>multum</strong></span> <span class='ocrx_word' id='word_1_718' title='bbox 2904 4590 3167 4657; x_wconf 87' lang='lat' dir='ltr'><strong>temporis</strong></span> <span class='ocrx_word' id='word_1_719' title='bbox 3191 4599 3479 4657; x_wconf 52' lang='lat' dir='ltr'><strong>tereretur,</strong></span> 
     </span>
    </p>
   </div>
   <div class='ocr_carea' id='block_1_100' title="bbox 1910 4650 3480 4746">
    <p class='ocr_par' dir='ltr' id='par_1_100' title="bbox 1910 4650 3480 4746">
     <span class='ocr_line' id='line_1_100' title="bbox 1910 4650 3480 4746; baseline 0.008 -25"><span class='ocrx_word' id='word_1_720' title='bbox 1910 4650 2079 4738; x_wconf 73' lang='lat' dir='ltr'><strong>atque</strong></span> <span class='ocrx_word' id='word_1_721' title='bbox 2110 4670 2163 4723; x_wconf 90' lang='lat' dir='ltr'><strong>in</strong></span> <span class='ocrx_word' id='word_1_722' title='bbox 2199 4671 2438 4727; x_wconf 84' lang='lat' dir='ltr'><strong>hostium</strong></span> <span class='ocrx_word' id='word_1_723' title='bbox 2477 4677 2674 4730; x_wconf 85' lang='lat' dir='ltr'><strong>castris</strong></span> <span class='ocrx_word' id='word_1_724' title='bbox 2709 4676 2943 4746; x_wconf 86' lang='lat' dir='ltr'><strong>juvenes</strong></span> <span class='ocrx_word' id='word_1_725' title='bbox 2976 4680 3270 4733; x_wconf 79' lang='lat' dir='ltr'><strong>relaxando</strong></span> <span class='ocrx_word' id='word_1_726' title='bbox 3295 4684 3480 4735; x_wconf 80' lang='lat' dir='ltr'><strong>animo</strong></span> 
     </span>
    </p>
   </div>
   <div class='ocr_carea' id='block_1_101' title="bbox 1915 4760 3476 4842">
    <p class='ocr_par' dir='ltr' id='par_1_101' title="bbox 1915 4760 3476 4842">
     <span class='ocr_line' id='line_1_101' title="bbox 1915 4760 3476 4842; baseline 0.009 -28"><span class='ocrx_word' id='word_1_727' title='bbox 1915 4775 2134 4830; x_wconf 84' lang='lat' dir='ltr'><strong>operam</strong></span> <span class='ocrx_word' id='word_1_728' title='bbox 2173 4760 2401 4830; x_wconf 83' lang='lat' dir='ltr'><strong>darent;</strong></span> <span class='ocrx_word' id='word_1_729' title='bbox 2458 4764 2634 4819; x_wconf 90' lang='lat' dir='ltr'><strong>visum</strong></span> <span class='ocrx_word' id='word_1_730' title='bbox 2678 4775 2762 4822; x_wconf 89' lang='lat' dir='ltr'><strong>est</strong></span> <span class='ocrx_word' id='word_1_731' title='bbox 2790 4768 3106 4825; x_wconf 81' lang='lat' dir='ltr'><strong>Andronico</strong></span> <span class='ocrx_word' id='word_1_732' title='bbox 3153 4771 3476 4842; x_wconf 66' lang='lat' dir='ltr'><strong>P31330103&quot;.</strong></span> 
     </span>
    </p>
   </div>
   <div class='ocr_carea' id='block_1_102' title="bbox 1916 4851 3478 4933">
    <p class='ocr_par' dir='ltr' id='par_1_102' title="bbox 1916 4851 3478 4933">
     <span class='ocr_line' id='line_1_102' title="bbox 1916 4851 3478 4933; baseline 0.01 -31"><span class='ocrx_word' id='word_1_733' title='bbox 1916 4851 2011 4919; x_wconf 81' lang='lat' dir='ltr'><strong>qui</strong></span> <span class='ocrx_word' id='word_1_734' title='bbox 2053 4855 2323 4921; x_wconf 80' lang='lat' dir='ltr'><strong>Apocauci</strong></span> <span class='ocrx_word' id='word_1_735' title='bbox 2363 4870 2533 4924; x_wconf 88' lang='lat' dir='ltr'><strong>gener</strong></span> <span class='ocrx_word' id='word_1_736' title='bbox 2563 4868 2706 4923; x_wconf 85' lang='lat' dir='ltr'><strong>erat,</strong></span> <span class='ocrx_word' id='word_1_737' title='bbox 2769 4867 2885 4915; x_wconf 87' lang='lat' dir='ltr'><strong>tum</strong></span> <span class='ocrx_word' id='word_1_738' title='bbox 2911 4870 3080 4916; x_wconf 74' lang='lat' dir='ltr'><strong>aestus</strong></span> <span class='ocrx_word' id='word_1_739' title='bbox 3114 4862 3478 4933; x_wconf 79' lang='lat' dir='ltr'><strong>refrigerandi</strong></span> 
     </span>
    </p>
   </div>
   <div class='ocr_carea' id='block_1_103' title="bbox 1915 4946 3477 5022">
    <p class='ocr_par' dir='ltr' id='par_1_103' title="bbox 1915 4946 3477 5022">
     <span class='ocr_line' id='line_1_103' title="bbox 1915 4946 3477 5022; baseline 0.01 -25"><span class='ocrx_word' id='word_1_740' title='bbox 1915 4958 2099 5009; x_wconf 83' lang='lat' dir='ltr'><strong>causa,</strong></span> <span class='ocrx_word' id='word_1_741' title='bbox 2161 4952 2272 4999; x_wconf 92' lang='lat' dir='ltr'><strong>tum</strong></span> <span class='ocrx_word' id='word_1_742' title='bbox 2327 4946 2588 5016; x_wconf 87' lang='lat' dir='ltr'><strong>juvenilis</strong></span> <span class='ocrx_word' id='word_1_743' title='bbox 2639 4949 2926 5021; x_wconf 84' lang='lat' dir='ltr'><strong>cujusdam</strong></span> <span class='ocrx_word' id='word_1_744' title='bbox 2972 4953 3219 5022; x_wconf 69' lang='lat' dir='ltr'><strong>gloriola:</strong></span> <span class='ocrx_word' id='word_1_745' title='bbox 3268 4957 3477 5020; x_wconf 87' lang='lat' dir='ltr'><strong>studio,</strong></span> 
     </span>
    </p>
   </div>
   <div class='ocr_carea' id='block_1_104' title="bbox 226 5124 1813 5206">
    <p class='ocr_par' dir='ltr' id='par_1_104' title="bbox 226 5124 1806 5196">
     <span class='ocr_line' id='line_1_104' title="bbox 226 5124 1806 5196; baseline -0.003 -13"><span class='ocrx_word' id='word_1_746' title='bbox 226 5130 293 5183; x_wconf 80' lang='grc' dir='ltr'><strong>τδ</strong></span> <span class='ocrx_word' id='word_1_747' title='bbox 327 5128 425 5181; x_wconf 88' lang='grc' dir='ltr'><strong>τοῦ</strong></span> <span class='ocrx_word' id='word_1_748' title='bbox 454 5125 700 5196; x_wconf 85' lang='grc' dir='ltr'>ποταμοῦ</span> <span class='ocrx_word' id='word_1_749' title='bbox 732 5125 934 5187; x_wconf 78' lang='grc' dir='ltr'>πλάτος</span> <span class='ocrx_word' id='word_1_750' title='bbox 981 5125 1213 5177; x_wconf 75' lang='grc' dir='ltr'>ἐκείνου.</span> <span class='ocrx_word' id='word_1_751' title='bbox 1257 5124 1421 5179; x_wconf 83' lang='grc' dir='ltr'>Ἀλλά</span> <span class='ocrx_word' id='word_1_752' title='bbox 1467 5127 1598 5193; x_wconf 76' lang='grc' dir='ltr'>πρὶν</span> <span class='ocrx_word' id='word_1_753' title='bbox 1642 5128 1806 5195; x_wconf 77' lang='grc' dir='ltr'>μέσον</span> 
     </span>
    </p>
   </div>
   <div class='ocr_carea' id='block_1_105' title="bbox 1918 5124 3477 5206">
    <p class='ocr_par' dir='ltr' id='par_1_105' title="bbox 1918 5131 3477 5206">
     <span class='ocr_line' id='line_1_105' title="bbox 1918 5131 3477 5206; baseline 0.008 -26"><span class='ocrx_word' id='word_1_754' title='bbox 1918 5137 2056 5197; x_wconf 76' lang='lat' dir='ltr'><strong>patet</strong></span> <span class='ocrx_word' id='word_1_755' title='bbox 2086 5137 2394 5184; x_wconf 85' lang='lat' dir='ltr'><strong>transnare.</strong></span> <span class='ocrx_word' id='word_1_756' title='bbox 2431 5131 2536 5186; x_wconf 87' lang='lat' dir='ltr'><strong>Sed</strong></span> <span class='ocrx_word' id='word_1_757' title='bbox 2573 5142 2871 5203; x_wconf 87' lang='lat' dir='ltr'><strong>antequam</strong></span> <span class='ocrx_word' id='word_1_758' title='bbox 2919 5146 3234 5206; x_wconf 85' lang='lat' dir='ltr'><strong>superasset</strong></span> <span class='ocrx_word' id='word_1_759' title='bbox 3265 5138 3477 5194; x_wconf 83' lang='lat' dir='ltr'><strong>medios</strong></span> 
     </span>
    </p>
   </div>
   <div class='ocr_carea' id='block_1_106' title="bbox 227 5213 1809 5290">
    <p class='ocr_par' dir='ltr' id='par_1_106' title="bbox 227 5213 1809 5290">
     <span class='ocr_line' id='line_1_106' title="bbox 227 5213 1809 5290; baseline -0.004 -16"><span class='ocrx_word' id='word_1_760' title='bbox 227 5220 494 5290; x_wconf 69' lang='grc' dir='ltr'>διιδῆναι</span> <span class='ocrx_word' id='word_1_761' title='bbox 540 5217 635 5271; x_wconf 86' lang='grc' dir='ltr'><strong>τοῦ</strong></span> <span class='ocrx_word' id='word_1_762' title='bbox 691 5215 938 5286; x_wconf 85' lang='grc' dir='ltr'>ποταμοῦ</span> <span class='ocrx_word' id='word_1_763' title='bbox 969 5213 1055 5286; x_wconf 76' lang='grc' dir='ltr'><strong>[Ρ.</strong></span> <span class='ocrx_word' id='word_1_764' title='bbox 1088 5213 1217 5287; x_wconf 74' lang='lat' dir='ltr'><strong>M5]</strong></span> <span class='ocrx_word' id='word_1_765' title='bbox 1267 5215 1328 5268; x_wconf 84' lang='grc' dir='ltr'><strong>τδ</strong></span> <span class='ocrx_word' id='word_1_766' title='bbox 1376 5213 1578 5285; x_wconf 78' lang='grc' dir='ltr'>ῥόθιον,</span> <span class='ocrx_word' id='word_1_767' title='bbox 1632 5217 1809 5287; x_wconf 76' lang='grc' dir='ltr'>νάρκῃ</span> 
     </span>
    </p>
   </div>
   <div class='ocr_carea' id='block_1_107' title="bbox 227 5305 1811 5383">
    <p class='ocr_par' dir='ltr' id='par_1_107' title="bbox 227 5305 1811 5383">
     <span class='ocr_line' id='line_1_107' title="bbox 227 5305 1811 5383; baseline -0.005 -16"><span class='ocrx_word' id='word_1_768' title='bbox 227 5313 345 5368; x_wconf 69' lang='grc' dir='ltr'>τινὶ</span> <span class='ocrx_word' id='word_1_769' title='bbox 390 5308 644 5381; x_wconf 82' lang='grc' dir='ltr'>πεδηθεὶς</span> <span class='ocrx_word' id='word_1_770' title='bbox 698 5307 802 5361; x_wconf 75' lang='grc' dir='ltr'><strong>ὐπὸ</strong></span> <span class='ocrx_word' id='word_1_771' title='bbox 848 5306 1075 5377; x_wconf 78' lang='grc' dir='ltr'>ψύχους,</span> <span class='ocrx_word' id='word_1_772' title='bbox 1105 5306 1178 5371; x_wconf 80' lang='grc' dir='ltr'>ὡς</span> <span class='ocrx_word' id='word_1_773' title='bbox 1234 5309 1427 5383; x_wconf 75' lang='grc' dir='ltr'>ἔοικεν,</span> <span class='ocrx_word' id='word_1_774' title='bbox 1487 5305 1679 5376; x_wconf 64' lang='grc' dir='ltr'>ὥσπερ</span> <span class='ocrx_word' id='word_1_775' title='bbox 1727 5324 1811 5370; x_wconf 87' lang='grc' dir='ltr'><strong>τις</strong></span> 
     </span>
    </p>
   </div>
   <div class='ocr_carea' id='block_1_108' title="bbox 1914 5220 3478 5301">
    <p class='ocr_par' dir='ltr' id='par_1_108' title="bbox 1914 5220 3478 5301">
     <span class='ocr_line' id='line_1_108' title="bbox 1914 5220 3478 5301; baseline 0.008 -29"><span class='ocrx_word' id='word_1_776' title='bbox 1914 5220 2064 5273; x_wconf 78' lang='lat' dir='ltr'><strong>ﬂuvii</strong></span> <span class='ocrx_word' id='word_1_777' title='bbox 2089 5222 2347 5290; x_wconf 86' lang='lat' dir='ltr'><strong>vortices,</strong></span> <span class='ocrx_word' id='word_1_778' title='bbox 2373 5225 2633 5279; x_wconf 88' lang='lat' dir='ltr'><strong>membris</strong></span> <span class='ocrx_word' id='word_1_779' title='bbox 2656 5236 2876 5297; x_wconf 90' lang='lat' dir='ltr'><strong>torpore</strong></span> <span class='ocrx_word' id='word_1_780' title='bbox 2903 5234 3139 5298; x_wconf 83' lang='lat' dir='ltr'><strong>quodam</strong></span> <span class='ocrx_word' id='word_1_781' title='bbox 3168 5245 3236 5285; x_wconf 78' lang='lat' dir='ltr'><strong>ex</strong></span> <span class='ocrx_word' id='word_1_782' title='bbox 3276 5229 3478 5301; x_wconf 74' lang='lat' dir='ltr'><strong>frigore</strong></span> 
     </span>
    </p>
   </div>
   <div class='ocr_carea' id='block_1_109' title="bbox 1904 5310 3475 5388">
    <p class='ocr_par' dir='ltr' id='par_1_109' title="bbox 1904 5310 3475 5388">
     <span class='ocr_line' id='line_1_109' title="bbox 1904 5310 3475 5388; baseline 0.008 -28"><span class='ocrx_word' id='word_1_783' title='bbox 1904 5324 1989 5379; x_wconf 73' lang='lat' dir='ltr'><strong>(ut</strong></span> <span class='ocrx_word' id='word_1_784' title='bbox 2045 5310 2279 5381; x_wconf 73' lang='lat' dir='ltr'><strong>videtur)</strong></span> <span class='ocrx_word' id='word_1_785' title='bbox 2334 5315 2587 5384; x_wconf 84' lang='lat' dir='ltr'><strong>alligatis,</strong></span> <span class='ocrx_word' id='word_1_786' title='bbox 2632 5315 2789 5386; x_wconf 85' lang='lat' dir='ltr'><strong>quasi</strong></span> <span class='ocrx_word' id='word_1_787' title='bbox 2837 5317 3196 5373; x_wconf 83' lang='lat' dir='ltr'><strong>inanimatum</strong></span> <span class='ocrx_word' id='word_1_788' title='bbox 3248 5319 3475 5388; x_wconf 69' lang='lat' dir='ltr'><strong>aliquod</strong></span> 
     </span>
    </p>
   </div>
   <div class='ocr_carea' id='block_1_110' title="bbox 1531 5441 2093 5506">
    <p class='ocr_par' dir='ltr' id='par_1_110' title="bbox 1531 5441 2093 5506">
     <span class='ocr_line' id='line_1_110' title="bbox 1531 5441 2093 5506; baseline 0.009 -5"><span class='ocrx_word' id='word_1_789' title='bbox 1531 5441 1866 5503; x_wconf 81' lang='lat' dir='ltr'><strong>Variorum</strong></span> <span class='ocrx_word' id='word_1_790' title='bbox 1911 5458 2093 5506; x_wconf 74' lang='lat' dir='ltr'><strong>noue.</strong></span> 
     </span>
    </p>
   </div>
   <div class='ocr_carea' id='block_1_111' title="bbox 310 5543 1794 5625">
    <p class='ocr_par' dir='ltr' id='par_1_111' title="bbox 310 5543 1794 5625">
     <span class='ocr_line' id='line_1_111' title="bbox 310 5543 1794 5625; baseline -0.004 -21"><span class='ocrx_word' id='word_1_791' title='bbox 310 5548 425 5625; x_wconf 57' lang='lat' dir='ltr'><strong>(G1)</strong></span> <span class='ocrx_word' id='word_1_792' title='bbox 460 5545 514 5600; x_wconf 90' lang='lat' dir='ltr'><strong>Is</strong></span> <span class='ocrx_word' id='word_1_793' title='bbox 538 5543 803 5625; x_wconf 75' lang='lat' dir='ltr'><strong>dignitate</strong></span> <span class='ocrx_word' id='word_1_794' title='bbox 832 5553 1200 5625; x_wconf 40' lang='lat' dir='ltr'><strong>pro-tostr’ator</strong></span> <span class='ocrx_word' id='word_1_795' title='bbox 1217 5553 1274 5599; x_wconf 90' lang='lat' dir='ltr'><strong>et</strong></span> <span class='ocrx_word' id='word_1_796' title='bbox 1315 5544 1794 5625; x_wconf 68' lang='lat' dir='ltr'><strong>stratopedarcba,</strong></span> 
     </span>
    </p>
   </div>
   <div class='ocr_carea' id='block_1_112' title="bbox 227 5613 1797 5695">
    <p class='ocr_par' dir='ltr' id='par_1_112' title="bbox 227 5613 1797 5695">
     <span class='ocr_line' id='line_1_112' title="bbox 227 5613 1797 5695; baseline -0.003 -22"><span class='ocrx_word' id='word_1_797' title='bbox 227 5613 396 5695; x_wconf 72' lang='lat' dir='ltr'><strong>cujus</strong></span> <span class='ocrx_word' id='word_1_798' title='bbox 425 5632 536 5695; x_wconf 77' lang='lat' dir='ltr'><strong>non</strong></span> <span class='ocrx_word' id='word_1_799' title='bbox 570 5613 744 5695; x_wconf 59' lang='lat' dir='ltr'><strong>getnel</strong></span> <span class='ocrx_word' id='word_1_800' title='bbox 780 5613 1029 5695; x_wconf 66' lang='lat' dir='ltr'><strong>meaninit</strong></span> <span class='ocrx_word' id='word_1_801' title='bbox 1068 5613 1507 5695; x_wconf 29' lang='lat' dir='ltr'><strong>Canta‘quzelnuns&#39;</strong></span> <span class='ocrx_word' id='word_1_802' title='bbox 1535 5615 1672 5669; x_wconf 82' lang='lat' dir='ltr'><strong>locis</strong></span> <span class='ocrx_word' id='word_1_803' title='bbox 1710 5616 1797 5669; x_wconf 89' lang='lat' dir='ltr'><strong>in-</strong></span> 
     </span>
    </p>
   </div>
   <div class='ocr_carea' id='block_1_113' title="bbox 229 5683 1798 5755">
    <p class='ocr_par' dir='ltr' id='par_1_113' title="bbox 229 5683 1798 5755">
     <span class='ocr_line' id='line_1_113' title="bbox 229 5683 1798 5755; baseline -0.004 -9"><span class='ocrx_word' id='word_1_804' title='bbox 229 5683 433 5746; x_wconf 72' lang='lat' dir='ltr'><strong>dicatis</strong></span> <span class='ocrx_word' id='word_1_805' title='bbox 465 5688 522 5742; x_wconf 92' lang='lat' dir='ltr'><strong>in</strong></span> <span class='ocrx_word' id='word_1_806' title='bbox 563 5683 764 5740; x_wconf 64' lang='lat' dir='ltr'><strong>Fannii.</strong></span> <span class='ocrx_word' id='word_1_807' title='bbox 799 5684 1025 5755; x_wconf 76' lang='lat' dir='ltr'><strong>Byzant.</strong></span> <span class='ocrx_word' id='word_1_808' title='bbox 1058 5700 1182 5755; x_wconf 81' lang='lat' dir='ltr'><strong>pag.</strong></span> <span class='ocrx_word' id='word_1_809' title='bbox 1211 5684 1337 5739; x_wconf 69' lang='grc'><strong>256.</strong></span> <span class='ocrx_word' id='word_1_810' title='bbox 1363 5684 1534 5755; x_wconf 80' lang='lat' dir='ltr'><strong>Cujus</strong></span> <span class='ocrx_word' id='word_1_811' title='bbox 1564 5697 1798 5742; x_wconf 83' lang='lat' dir='ltr'><strong>mortem</strong></span> 
     </span>
    </p>
   </div>
   <div class='ocr_carea' id='block_1_114' title="bbox 1905 5550 3469 5625">
    <p class='ocr_par' dir='ltr' id='par_1_114' title="bbox 1905 5550 3469 5625">
     <span class='ocr_line' id='line_1_114' title="bbox 1905 5550 3469 5625; baseline 0.006 -24"><span class='ocrx_word' id='word_1_812' title='bbox 1905 5550 2101 5603; x_wconf 79' lang='lat' dir='ltr'><strong>rcci.at</strong></span> <span class='ocrx_word' id='word_1_813' title='bbox 2136 5550 2233 5625; x_wconf 71' lang='lat' dir='ltr'><strong>lib.</strong></span> <span class='ocrx_word' id='word_1_814' title='bbox 2263 5569 2339 5625; x_wconf 79' lang='lat' dir='ltr'><strong>in,</strong></span> <span class='ocrx_word' id='word_1_815' title='bbox 2386 5570 2505 5622; x_wconf 85' lang='lat' dir='ltr'><strong>cap.</strong></span> <span class='ocrx_word' id='word_1_816' title='bbox 2563 5553 2650 5619; x_wconf 88' lang='lat'><strong>7|,</strong></span> <span class='ocrx_word' id='word_1_817' title='bbox 2713 5564 2769 5609; x_wconf 90' lang='lat' dir='ltr'><strong>et</strong></span> <span class='ocrx_word' id='word_1_818' title='bbox 2797 5568 3013 5610; x_wconf 86' lang='lat' dir='ltr'><strong>rursum</strong></span> <span class='ocrx_word' id='word_1_819' title='bbox 3044 5554 3335 5625; x_wconf 83' lang='lat' dir='ltr'><strong>Gregoras,</strong></span> <span class='ocrx_word' id='word_1_820' title='bbox 3373 5557 3469 5611; x_wconf 88' lang='lat' dir='ltr'><strong>lib.</strong></span> 
     </span>
    </p>
   </div>
   <div class='ocr_carea' id='block_1_115' title="bbox 1908 5622 2524 5700">
    <p class='ocr_par' dir='ltr' id='par_1_115' title="bbox 1908 5622 2524 5700">
     <span class='ocr_line' id='line_1_115' title="bbox 1908 5622 2524 5700; baseline 0.015 -29"><span class='ocrx_word' id='word_1_821' title='bbox 1908 5634 2017 5700; x_wconf 68' lang='lat' dir='ltr'><strong>xvi,</strong></span> <span class='ocrx_word' id='word_1_822' title='bbox 2053 5636 2175 5691; x_wconf 87' lang='lat' dir='ltr'><strong>cap.</strong></span> <span class='ocrx_word' id='word_1_823' title='bbox 2211 5622 2261 5676; x_wconf 78' lang='grc'>1.</span> <span class='ocrx_word' id='word_1_824' title='bbox 2294 5624 2524 5680; x_wconf 65' lang='grc' dir='ltr'>υυωλο.</span> 
     </span>
    </p>
   </div>
  </div>
