3988 6210
541 229 649 305 943

822 236 898 307 [Α.
940 253 998 293 ιι.
1039 232 1330 301 6832.:No.
1378 241 1465 310 12]
1554 266 1555 269 η

1718 235 2128 307 NICEPHORI
2170 236 2558 310 esseom:

2930 245 3064 319 [ιιιιι.
3103 265 3147 304 ι.
3180 256 3395 311 tamen.
3428 258 3474 331 ι]
3584 271 3660 334 gn

546 351 789 419 pondus,
846 360 1101 406 mortuus
1159 352 1213 406 in
1254 353 1361 406 ima
1412 354 1680 421 aquarum
1728 354 1944 409 delatus
2001 367 2089 411 est

2214 348 2429 429 ἄψυχοξ
2476 359 2690 428 φόρτος,
2723 359 2780 422 ἐς
2825 360 2949 423 τοὺς
2999 361 3106 415 τῶν
3139 363 3326 418 ὑδάτων
3362 370 3581 439 πυθμένας
3601 398 3664 432 νε.

541 442 784 496 Primum
816 441 920 496 hoc
946 441 1054 496 fuit
1084 444 1378 512 Apocauco
1440 442 1675 497 fortume
1708 444 1930 511 vulnus,
1997 446 2110 515 pri-

537 552 796 604 mumque
832 536 965 591 illud
993 536 1313 607 praesagium
1338 537 1571 603 exstitit,
1598 550 1708 608 quo
1745 548 2013 594 mutatum
2042 540 2108 596 iri

537 631 592 683 in
631 631 788 702 pejus
819 636 875 685 et
929 628 1183 685 funditus
1231 643 1486 685 eversum
1523 631 1589 685 iri
1650 631 1798 687 illius
1831 633 2107 688 fortunam

534 721 871 789 apparuerit.

613 810 723 866 VII.
760 811 864 868 Sed
891 823 947 869 et
981 813 1215 868 alterum
1263 813 1400 869 illud
1447 825 1717 884 pratterea‘
1744 817 2109 874 infortunium

536 904 590 958 ei
620 905 839 969 accidit.
867 905 1107 961 Joannes
1133 906 1388 973 Gabalas,
1433 908 1621 963 multis
1673 909 1783 979 jam
1819 926 2109 979 argumen-

536 996 606 1051 tis
635 1011 759 1050 enm
788 997 1155 1066 persensisset
1176 998 1421 1052 cavillari
1449 998 1824 1069 Apocaucum,
1846 1001 1941 1071 qui
1966 1000 2108 1057 ludi-

535 1088 748 1142 Iicando
804 1088 1125 1143 ostenderet
1192 1091 1349 1154 satis,
1406 1092 1634 1147 minime
1681 1092 1823 1148 velle
1854 1108 1917 1149 se
1938 1094 2104 1149 filiam

532 1195 688 1233 Suam
720 1181 809 1234 isti
875 1184 1232 1251 desponsam;
1301 1184 1613 1238 clanculum
1670 1184 1736 1238 ad
1788 1184 2103 1255 imperatri-

406 1258 421 1273 Χ
532 1283 649 1323 cem
687 1272 899 1326 Annam
928 1272 1141 1328 accedit
1165 1274 1324 1344 eique
1348 1272 1576 1339 indicat,
1605 1275 1807 1330 habere
1839 1276 1892 1330 in
1919 1276 2103 1333 animo

531 1362 906 1430 Apocaucum,
965 1365 1262 1419 transferre
1295 1365 1349 1419 in
1388 1366 1664 1435 propriam
1711 1384 1893 1423 arcem
1939 1368 2103 1441 hujus

532 1455 702 1507 tilium
740 1453 1154 1524 imperatorem,
1188 1466 1352 1526 atque
1384 1458 1432 1511 ei
1467 1457 1635 1513 ﬁliam
1668 1465 1825 1513 suam
1868 1463 2106 1530 patriar-

528 1547 647 1602 chae
678 1549 988 1602 interventu
1031 1558 1258 1603 Uxorem
1291 1548 1445 1605 dare.
1480 1549 1746 1606 «Necesse
1780 1559 1863 1606 est
1914 1550 2107 1622 itaque

530 1639 779 1709 (inquit),
846 1648 906 1693 ut
959 1639 1114 1695 illum
1168 1642 1326 1711 711
1384 1641 1649 1698 Perintho
1692 1643 2098 1713 quamprimum

527 1747 795 1796 arcessas,
833 1741 1126 1803 antequam
1168 1733 1379 1788 retibus
1408 1733 1591 1801 praeda
1623 1735 1834 1789 inclusa
1866 1735 1992 1790 sit.»
2034 1747 2087 1781 οι

614 1814 749 1878 Vlll.
782 1822 989 1881 ldcum
1025 1824 1208 1878 statim
1234 1833 1377 1878 esset
1402 1823 1728 1893 perfectum,
1759 1827 2099 1896 sensitApo-

525 1927 728 1968 canens
761 1914 1058 1981 patefactas
1088 1928 1209 1968 esse
1259 1912 1508 1977 insidias,
1571 1925 1737 1985 atque
1776 1917 1926 1972 illico
1981 1928 2097 1973 sta-

529 2004 652 2067 tuit,
686 2004 865 2060 soluta
897 2004 987 2059 illa
1017 2004 1326 2071 obsidione,
1364 2004 1686 2077 Byzantium
1713 2024 1875 2078 quam
1924 2011 2100 2065 celer-

525 2095 665 2151 rinie
695 2095 967 2163 redire,ac
989 2094 1062 2150 ita
1084 2096 1391 2166 periculum
1416 2096 1709 2153 imminens
1725 2110 2094 2156 antevertere.

527 2188 769 2242 Reverso
802 2187 988 2257 itaque
1014 2187 1191 2243 visum
1218 2196 1325 2249 est.
1357 2195 1654 2260 antequam
1685 2192 1862 2248 oculis
1887 2193 2097 2262 pudore

523 2278 748 2335 suffusis
778 2280 1185 2352 imperatricem
1213 2281 1503 2350 aspiceret,
1541 2297 1741 2354 magna
1765 2285 2015 2353 pecuniae
2042 2285 2099 2340 vi

523 2369 926 2423 circumvenire
959 2368 1165 2424 aulicas
1217 2371 1500 2437 mulieres,
1562 2382 1794 2442 quarum
1858 2376 2092 2431 maxima

527 2471 656 2514 tunc
683 2468 804 2514 erat
829 2460 1151 2525 auctoritas,
1211 2472 1265 2516 et
1306 2477 1470 2517 omne
1515 2463 1679 2517 simul
1737 2464 2090 2532 famulitium,

522 2550 668 2620 quod
729 2550 1133 2617 imperatoriam
1181 2550 1406 2606 domum
1455 2553 1729 2623 impleret.
1788 2553 1942 2620 Quod
1966 2572 2090 2610 cum

520 2640 615 2696 ille
644 2655 857 2695 summa
886 2639 1165 2711 diligentia
1192 2641 1435 2708 fecisset,
1503 2660 1566 2700 ac
1618 2660 1717 2716 per
1776 2647 1899 2701 illas
1922 2649 2095 2704 etiam

519 2733 853 2802 imperatrici
887 2734 1247 2804 promisisset,
1297 2734 1594 2790 allaturum
1633 2752 1691 2791 se
1720 2738 2089 2807 pulcherrima

518 2836 573 2880 et
607 2826 1000 2896 pretiosissima
1027 2826 1096 2883 de
1127 2828 1241 2883 suis
1272 2829 1547 2883 thesauris
1593 2844 1847 2893 munera,
1899 2832 2089 2901 pristi-

520 2930 644 2973 n'am
679 2918 1052 2989 dignationem
1094 2920 1321 2988 recepit.
1380 2920 1518 2974 Tum
1569 2920 1851 3001 festinans
1890 2924 2090 2979 muniit

2125 1701 2175 1762 Β
2200 1748 2312 1797 τον,
2346 1732 2511 1803 πρινὴ
2538 1701 2611 1787 ’τὸ
2651 1731 2881 1809 θήραμα.
2915 1701 3171 1801 γενέσθαι
3195 1701 3416 1789 δικτύων
3442 1735 3588 1797 ἐντός.

2212 450 2340 518 κρδς
2394 452 2808 522 κατενήνεκται.
2868 441 3066 523 Πρώτη
3122 456 3216 524 μὲν
3254 453 3339 511 οὖν
3383 461 3498 531 αὕτη
3529 468 3667 535 γέγονα

2212 540 2438 616 θραῦσις
2483 545 2812 616 Ἀποκαύκῳ
2843 547 2940 616 τῆς
2981 545 3137 616 δόξης
3164 551 3253 602 καὶ
3291 550 3393 621 ἅμα
3419 560 3672 627 προαναφώ-

2207 653 2366 704 νησις
2394 637 2492 707 τῆς
2538 636 2632 689 ἐπὶ
2678 637 2746 690 τὰ
2775 637 2943 708 χείρω
2988 637 3281 710 μεταϐολῆς
3318 642 3404 695 καὶ
3440 660 3676 716 καταοτριά

2208 743 2317 796 φης
2324 766 2339 782 ·

2279 816 2353 871 Ζ’.
2381 816 2646 890 Δεύτερον
2669 819 2716 873 δ’
2738 818 2832 874 ἐπὶ
2854 818 3030 892 τούτῳ
3059 823 3532 889 συνεπεπτώκειτῷ
3563 829 3673 893 ‘Aao;

2205 908 2397 979 καύκιρ
2445 908 2767 981 δυστύχημα
2800 911 2938 965 τόδε.
2965 910 3026 966 '0
3052 913 3295 976 Γαὼλᾶς
3333 917 3548 986 Ἰωάννης
3574 919 3662 990 (68),

2205 1001 2270 1054 ἐκ
2317 1001 2529 1054 πολλῶν
2579 1002 2682 1074 ἤδη
2739 1003 2982 1074 σημείων
3050 1005 3356 1075 αἰσθόμενος
3411 1008 3669 1063 Ἀπόκαυιον

2204 1091 2728 1161 παραλογιζόμενον,
2758 1094 2864 1146 κάν
2906 1093 2982 1162 τῷ
3029 1096 3455 1166 παρακρούεσθαί
3480 1115 3574 1162 πως
3602 1101 3670 1153 6::-

2204 1183 2410 1237 κνύντα
2455 1183 2517 1236 τὸ
2568 1184 2770 1253 ἥκιστα
2818 1184 3104 1253 βούλεσθαι
3150 1187 3243 1256 τὴν
3289 1189 3417 1258 πρὸς
3462 1190 3592 1242 αὐτὸν
3614 1190 3675 1242 τοῦ

2203 1275 2402 1345 κήδους
2451 1274 2679 1344 ἐγγύην,
2728 1276 2904 1346 λάθρα
2954 1278 3193 1348 προσιὼν
3241 1281 3398 1353 ’Δννῃ
3443 1283 3598 1351 μηνύει
3632 1286 3677 1351 τῇ

2204 1364 2455 1435 βασιλίδι,
2494 1364 2568 1428 ὡς
2613 1364 2954 1428 ’Δπόκαυκος
3001 1366 3267 1438 μελετῴη,
3319 1368 3611 1439 μετενεγκὼν
3627 1374 3682 1432 εἰς

2201 1456 2261 1508 τὸ
2296 1453 2495 1509 ἐαυτοῦ
2534 1455 2792 1527 φρούριον
2842 1455 3066 1526 βασιλέα
3115 1458 3207 1511 τὸν
3236 1458 3323 1511 σὺν
3367 1459 3488 1524 υίδν,
3529 1460 3596 1512 διὶ
3618 1460 3685 1512 τοῦ

2201 1550 2544 1620 πατριάρχου
2566 1548 2823 1613 συζεῦξαι
2842 1550 2909 1621 τῇ
2938 1549 3138 1603 ἑαυτοῦ
3162 1549 3381 1622 θυγατρί
3402 1551 3522 1621 (69).
3542 1552 3687 1622 Χρεὼν

2201 1640 2293 1696 οὖν
2333 1643 2397 1693 ἐκ
2434 1640 2722 1710 Πειρίνθου
2759 1656 2819 1693 σε
2864 1641 3093 1711 τάχιστα
3142 1643 3567 1712 μεταπέμψασθαι
3596 1642 3688 1696 smi-

2271 1822 2356 1876 H'.
2389 1816 2466 1877 υῦ
2495 1823 2840 1888 τελεσθέντος
2890 1825 3075 1890 εὐθὺς,
3125 1825 3456 1897 φωραθεῖσαν
3493 1825 3693 1895 αἰσθόμες

2199 1931 2289 1978 νος
2313 1914 2412 1986 τὴν
2442 1914 2734 1985 ἐπιϐουλὴν
2778 1916 2815 1969 ὁ·
2853 1916 3195 1981 Ἀπόκαυκος
3232 1918 3368 1984 ἔγνω
3413 1916 3699 1987 παραχρῆμα

2199 2005 2580 2070 καταλελυκὼς
2629 2007 2727 2079 τὴν
2776 2008 3095 2077 πολιορκίαν
3147 2009 3363 2078 ἐκείνην
3406 2009 3581 2077 φθῆναι
3625 2008 3698 2060 τὸν

2196 2099 2479 2167 ἐφεστῶτα
2506 2097 2769 2164 κίνδυνον,
2821 2097 3011 2164 διαϐὰς
3044 2101 3127 2163 είς
3163 2100 3444 2166 Βυζάντιον
3470 2098 3556 2169 τὴν
3576 2097 3699 2167 ταχί-

2198 2204 2352 2256 στην.
2388 2188 2606 2255 Ἐδοξεν
2638 2182 2733 2245 οὖν
2755 2188 3048 2256 ἐπανιόντι,
3077 2189 3210 2262 πρὶν
3232 2188 3605 2260 αἰσχυνομένως
3624 2188 3703 2252 θμι

2199 2293 2333 2348 μασι
2361 2279 2462 2349 τὴν
2499 2278 2747 2348 βασιλίδα
2777 2279 3099 2346 θεάσασθαι,
3133 2282 3378 2353 χρήμασι
3404 2280 3703 2350 παμπληθέσι

2195 2368 2504 2438 περιελθεῖν
2534 2370 2634 2441 τὴν
2667 2374 3076 2438 γυναικωνῖτιν,
3115 2375 3174 2426 ἐν
3288 2371 3349 2425 τὸ
3388 2371 3591 2441 μάλιστα
3628 2369 3702 2421 δν-

2193 2459 2427 2529 νάμενον
2457 2455 2527 2531 ἧν
2560 2459 2888 2530 τηνικαῦτα,
2914 2461 3007 2513 καὶ
3033 2460 3156 2531 ἅμα
3183 2460 3281 2530 τὴν
3304 2458 3574 2530 θεραπείαν
3593 2455 3703 2509 Επα-

2196 2566 2317 2616 σαν,
2353 2551 2450 2620 ὅση
2494 2551 2595 2619 τὴν
2650 2549 3120 2622 αὐτοκρατορικὴν
3172 2551 3352 2605 οίκίαν
3395 2549 3621 2618 ἐπλήρου.
3653 2546 3707 2596 '0

2191 2641 2257 2713 δὴ
2291 2642 2523 2711 τάχιστα
2575 2641 2897 2715 πεπραχὼς,
2931 2646 3022 2696 καὶ
3047 2642 3120 2697 δι’
3174 2642 3353 2698 αὐτῶν
3387 2643 3475 2695 καὶ
3517 2637 3703 2710 βασιλίδι

2190 2734 2260 2787 τά
2288 2734 2548 2788 κάλλιστά
2576 2752 2635 2788 τε
2664 2737 2757 2788 καὶ
2790 2734 3096 2806 τιμιώτατα
3133 2736 3247 2790 τῶν
3276 2734 3553 2805 κειμηλίων
3576 2743 3707 2800 προσ-⁴

2191 2825 2358 2878 οίσειν
2387 2825 2875 2896 ἐπαγγειλάμενος,
2913 2826 3013 2897 τῆς
3054 2827 3337 2898 προτέρας
3369 2823 3517 2889 αὖθις
3554 2822 3709 2890 ἔτυχεν

2192 2915 2452 2982 εὐδοξίας.
2483 2917 2590 2968 Καὶ
2623 2915 2864 2979 σπεύσας
2891 2915 3194 2987 ὠχύρωσεν
3220 2913 3378 2977 αὖθις
3404 2915 3493 2967 καὶ
3517 2910 3707 2977 άνεπλή·

519 3009 588 3077 cle
627 3024 768 3062 novo
789 3017 843 3062 et
869 3008 1179 3076 resarcivit,
1220 3010 1494 3079 quidquid
1542 3019 1703 3066 terra;
1757 3012 2000 3069 motibus
2030 3013 2084 3068 in

2195 3024 2391 3077 ρωσεν,
2418 3007 2474 3058 εἰ
2514 3006 2567 3058 τί
2604 3023 2708 3059 που
2737 3006 2831 3060 τοῦ
2884 3008 3131 3077 μεγάλου
3174 3009 3385 3079 τείχους
3422 3006 3512 3076 τῆς
3541 3001 3709 3060 πόλεως

519 3110 718 3169 magno
748 3097 902 3154 urbis
928 3112 1088 3152 muro
1124 3098 1309 3153 lmsum
1340 3108 1486 3154 esset
1508 3109 1565 3155 et
1597 3101 1906 3171 neglectum
1932 3114 2086 3158 mart-

517 3190 721 3245 sisset:
750 3190 881 3244 item
904 3190 1172 3261 quidquid
1206 3190 1263 3244 in
1294 3190 1510 3246 duobus
1543 3194 1724 3247 muris
1738 3194 2088 3252 extrinsecus

517 3281 954 3347 circumductis;
993 3296 1227 3350 quorum
1265 3280 1406 3335 alter
1447 3282 1776 3352 jampridem
1813 3300 1843 3339 a
1888 3285 2087 3340 funda-

519 3389 637 3452 tore
664 3375 827 3431 simul
859 3391 982 3431 cum
1013 3390 1209 3446 magno
1240 3390 1396 3452 muro
1425 3374 1680 3431 conditus
1706 3375 1922 3443 fuerat;
1952 3377 2088 3431 alte-

520 3448 641 3522 rum
679 3468 1001 3533 novissime,
1024 3446 1393 3522 Cantaouseni
1425 3466 1738 3538 futuraeque
1787 3467 1855 3524 ab
1885 3483 1952 3523 eo
1976 3469 2080 3524 οὓς

513 3559 746 3615 sidionis
786 3568 958 3624 metu,
1014 3559 1081 3615 ad
1124 3558 1229 3615 viri
1259 3558 1608 3615 altitudinem
1660 3559 1911 3615 exterius
1966 3560 2082 3630 ipse

512 3659 879 3715 exstruxerat,
943 3653 1089 3706 circa
1119 3653 1484 3707 maximarum
1555 3650 2083 3721 admirabilinmqne

512 3743 781 3798 fossarum
813 3743 1176 3811 crepidinem,
1211 3744 1665 3815 dnctoqueinitio
1693 3745 1762 3800 ab
1784 3743 1851 3798 iis
1886 3744 2082 3815 portis,

512 3844 636 3904 qua:
668 3842 797 3889 sunt
818 3844 944 3890 ante
977 3838 1265 3906 palatium,
1297 3836 1363 3890 ad
1388 3837 1597 3891 Aureas
1625 3835 1872 3905 proxime
1896 3843 2084 3905 portas

513 3928 609 3992 per
638 3932 839 3978 terram
880 3939 1143 3979 auroram
1172 3941 1365 3981 versus
1386 3926 1854 3981 circumduxcrat.

2190 3090 2597 3175 τεθραυσμένον
2627 3099 2729 3152 ὑπὸ
2754 3099 2862 3153 τῶν
2893 3100 3142 3171 σεισμῶν
3183 3101 3536 3159 ἐλλέλειπται,
3575 3094 3652 3148 καὶ
3669 3092 3712 3144 εί

2188 3192 2243 3245 τί
2277 3208 2381 3245 που
2417 3191 2526 3245 τῶν
2583 3189 2782 3257 ἔξωθεν
2816 3191 3177 3263 ἐληλαμένων
3218 3191 3316 3246 δύο
3365 3183 3709 3261 προτειχισμάδ

2186 3297 2316 3341 των,
2349 3280 2442 3332 τοῦ
2473 3297 2534 3333 τε
2564 3281 2731 3334 πάλαι
2764 3280 2843 3350 τῷ
2882 3282 2980 3350 τῆς
3015 3282 3234 3344 πόλεως
3266 3282 3475 3350 οίεκιστῇ
3513 3291 3709 3345 συγκατ-

2187 3371 2633 3441 οικοδομηθέντος
2676 3371 2838 3441 νὸμοῦ
2904 3376 3015 3436 τοῖς
3073 3374 3342 3443 μεγάλοις
3406 3368 3594 3440 τείχεσι
3634 3364 3712 3418 καὶ

2187 3454 2361 3528 οὗπερ
2400 3461 2623 3532 ἀρτίως,
2667 3461 2755 3515 διὰ
2780 3462 2872 3514 τὸν
2903 3462 3000 3515 τοῦ
3036 3461 3500 3533 Καντακουζηνοῡ
3523 3459 3605 3511 καὶ
3637 3455 3713 3521 τῆς

2186 3552 2399 3605 ἐκεῖθεν
2450 3553 2767 3623 πολιορκίας
2811 3553 2999 3620 φόϐον,
3042 3555 3185 3625 πρδς
3244 3554 3570 3623 ἀνδρὸμηκες
3608 3545 3713 3614 ὕψος

2184 3645 2345 3708 αὐτὸς
2370 3628 2664 3715 ἀνήγειρεν
2693 3643 2965 3715 ἐξωτέρω,
2998 3648 3135 3717 περὶ
3165 3647 3240 3701 τὰ
3288 3645 3440 3717 χείλη
3466 3643 3568 3697 τῶν
3592 3637 3716 3709 μεγίε

2186 3754 2329 3791 οτων
2360 3737 2454 3790 καὶ
2496 3736 2814 3807 θαυμασίων
2856 3738 3103 3807 τάφρων,
3155 3740 3467 3811 ἀρξάμενος
3509 3734 3605 3787 ἀπὸ
3629 3729 3717 3782 τῶν

2185 3830 2293 3899 πρὸ
2332 3830 2425 3881 τοῦ
2461 3828 2724 3883 παλατίου
2758 3830 2966 3894 πυλῶν,
2997 3832 3093 3884 καὶ
3126 3831 3465 3902 περιελάσας
3484 3828 3601 3897 ἄχρι
3633 3818 3718 3875 τῶν

2185 3919 2450 3987 Χρυσέων
2480 3920 2711 3986 ἔγγιστα
2738 3918 2824 3972 διὰ
2852 3918 2955 3989 τῆς
2979 3917 3185 3989 χέρσου
3219 3918 3361 3989 πρὸς
3385 3918 3476 3971 ἔω.

1949 4049 2174 4107 CAPUT
2218 4047 2306 4102 Vl.

842 4131 847 4136 ’
935 4150 1125 4206 Clades
1155 4167 1218 4205 ea:
1240 4151 1519 4222 grandine.
1546 4151 1623 4206 De
1651 4159 1848 4206 natura
1882 4148 2181 4223 grandinis.
2218 4145 2435 4201 Grande
2463 4144 2662 4216 furoris
2693 4146 2859 4200 divini
2890 4147 3339 4203 instrumentum.

584 4271 625 4324 ι.
651 4269 726 4324 Ea
754 4282 919 4338 porro
967 4274 1293 4335 tempestate
1330 4264 1495 4344 etiam
1553 4263 1839 4336 grandinis
1894 4261 2072 4319 conti-

511 4378 654 4418 nuus
679 4371 735 4415 et
768 4360 1203 4414 violentissimus
1243 4358 1417 4413 imber
1443 4359 1676 4425 exstitit,
1744 4358 1839 4427 qui
1872 4367 1928 4412 et
1955 4357 2072 4425 ipse

508 4455 713 4510 furoris
738 4452 931 4518 divini,
961 4453 1331 4507 Romanorum
1352 4451 1517 4506 rebus
1538 4451 1648 4522 jam
1677 4449 2069 4513 incumbentis,

507 4547 668 4617 712
700 4545 961 4600 indicium
986 4544 1111 4606 fuit,
1149 4553 1205 4599 et
1232 4555 1487 4614 tanquam
1515 4546 1655 4614 ignis
1686 4544 1864 4614 ignem
1880 4556 2075 4611 super-
2104 4572 2152 4629 υ

505 4646 675 4693 venit.
741 4636 959 4691 Etenim
1019 4635 1150 4689 illud
1221 4634 1333 4690 late
1394 4634 1651 4699 dill‘nsnm
1707 4643 1793 4688 est
1841 4633 2068 4696 malum,

509 4730 704 4784 tumin
738 4727 918 4797 spicas
979 4735 1037 4781 et
1090 4717 1145 4779 in
1176 4726 1316 4781 alios
1372 4725 1609 4792 fructus,
1674 4734 1788 4778 tum
1820 4723 2069 4778 omnium

505 4823 741 4877 maxime
766 4822 820 4874 i-n
848 4820 1009 4883 vites,
1044 4821 1121 4873 ita
1161 4829 1220 4874 ut
1247 4835 1316 4874 ne
1350 4829 1538 4889 postea
1596 4817 1821 4889 quidem
1876 4817 2074 4872 revivi-

506 4926 660 4968 scere
694 4912 994 4981 potuerint.

575 5082 640 5138 ιι.
672 5081 887 5137 Norunt
920 5081 1121 5151 quippe
1152 5082 1237 5152 (ut
1264 5080 1483 5152 opinor)
1546 5098 1761 5149 omnes,
1794 5082 2067 5154 ejusmodi

499 5189 620 5231 esse
651 5170 934 5243 grandinis
960 5185 1181 5239 corpus,
1215 5181 1276 5226 ut
1305 5175 1523 5242 quoties
1578 5182 1635 5227 et
1685 5188 1807 5243 quae
1835 5175 2066 5240 invadit,

501 5281 612 5322 non
640 5265 805 5320 modo
835 5274 964 5319 tunc
995 5279 1174 5333 neque
1208 5280 1271 5320 ea
1293 5264 1408 5321 sola
1439 5281 1538 5335 per
1561 5280 1680 5320 eam
1716 5267 2069 5336 exstinguan-

504 5369 594 5413 tur
622 5369 675 5414 et
700 5366 1064 5421 marcescant,
1096 5357 1190 5412 sed
1222 5359 1383 5413 etiam
1423 5372 1509 5424 ea,
1566 5373 1688 5427 quae
1713 5358 1859 5412 circa
1892 5368 2060 5425 sunt;

2249 4259 2330 4331 [P.
2364 4228 2492 4332 446‘]
2537 4262 2614 4314 A'.
2653 4261 2938 4329 Γεγονέναι
2971 4259 3016 4313 δ’
3044 4263 3103 4314 ἐν
3143 4262 3367 4324 τούτοις
3411 4262 3520 4323 τοῖς
3546 4255 3718 4330 χρένίις

2181 4353 2552 4422 συμπέπτωκε
2610 4354 2703 4406 καλ⁸
2750 4352 2997 4422 χαλάζης
3036 4354 3219 4422 φορὰν
3250 4354 3457 4424 συνεχῆ
3504 4354 3590 4406 καί
3615 4352 3721 4422 pay-

2178 4444 2357 4506 δαίαν,
2409 4445 2508 4515 τῆς
2558 4443 2995 4514 ἐπιπολαζούσης
3042 4444 3149 4515 ἥδη
3194 4448 3336 4515 περὶ
3377 4444 3444 4498 τὰ
3478 4439 3718 4512 Ῥωμαίων

2179 4537 2481 4607 πράγματα
2527 4534 2816 4605 θεομηνίας
2850 4535 3122 4604 σύμϐολον
3170 4534 3350 4591 οὖσαν
3398 4538 3491 4591 καὶ
3533 4532 3720 4597 ταύτην.

2176 4628 2269 4680 καί
2309 4622 2420 4680 οἷόν
2455 4645 2505 4680 τι
2546 4629 2656 4698 πῦρ
2687 4628 2777 4681 ἐπὶ
2814 4629 2949 4700 πυρὶ
2998 4631 3609 4700 προσεπενηνεγμένην.
3637 4628 3721 4678 Πο-

2176 4716 2373 4786 λύχουν
2402 4719 2510 4787 γὰρ
2542 4722 2686 4773 κατά
2728 4735 2787 4772 τε
2816 4720 2925 4771 τῶν
2970 4720 3277 4790 ἀσταχύων
3308 4722 3404 4775 καὶ
3432 4719 3539 4775 τῶν
3569 4734 3624 4785 γε
3647 4713 3723 4766 ἄλο

2175 4807 2284 4861 λων
2334 4808 2653 4876 ἐγγενέσθαι
2712 4814 2772 4862 τὸ
2822 4809 3016 4880 βλάϐος
3065 4812 3349 4882 καρπῶν·
3400 4810 3509 4863 τῶν
3539 4826 3595 4874 γε
3638 4804 3722 4875 μὴν

2178 4900 2460 4968 ἀμπέλων,
2497 4899 2705 4954 τούτων
2738 4901 2794 4954 δὲ
2827 4903 2922 4956 καὶ
2956 4902 3177 4956 πάντων
3214 4903 3483 4973 μάλιστα,
3517 4901 3587 4963 ὡς
3617 4894 3722 4968 μηδὲ

2177 4993 2303 5052 τοὺς
2342 4990 2532 5044 ἔπειτα
2558 4991 2779 5061 χρόνους
2812 4992 3113 5046 ἀναϐιῶναι
3141 4994 3434 5047 δύνασθαι.

2247 5082 2321 5136 B’.
2355 5082 2571 5136 Είδέναι
2595 5082 2703 5153 γὰρ
2726 5077 2883 5152 οἶμαι
2908 5084 3137 5148 πάντας,
3168 5084 3251 5148 ὡς
3265 5085 3376 5155 οὐχ
3400 5086 3489 5137 ὅτε
3519 5081 3605 5135 καὶ
3629 5074 3719 5132 καθ’

2174 5168 2249 5230 ὧν
2272 5176 2583 5247 ,ἐνσκήπτει
2616 5176 2676 5229 τὸ
2718 5176 2818 5247 τῆς
2851 5177 3090 5246 χαλάζης
3127 5179 3299 5246 σῶμα
3344 5176 3586 5247 καρπῶν,
3628 5171 3722 5223 τότε

2176 5268 2334 5339 μόνον
2382 5271 2478 5323 καὶ
2506 5268 2727 5333 τούτους
2777 5272 2971 5338 μόνους
3015 5271 3289 5339 ἐκτυφλοί
3338 5274 3431 5325 καὶ
3480 5264 3722 5340 μαραίνειν

2171 5360 2307 5415 ἀλλὰ
2354 5363 2447 5414 καὶ
2480 5360 2549 5414 τὰ
2583 5360 2738 5432 πέριξ
2771 5360 2908 5429 ἅμα,
2939 5363 3034 5417 καὶ
3073 5364 3135 5424 ἐς
3170 5358 3347 5416 πολὺν
3390 5362 3479 5415 τὸν
3511 5350 3723 5431 χρόνογό

1819 5481 2161 5544 Variorum
2208 5490 2394 5545 notm.

549 5583 854 5656 .(68)_'_I‘ur_n
907 5601 1137 5656 niagnns
1172 5584 1468 5654 logotheta,
1521 5591 1709 5652 postea
1771 5585 1938 5641 variis
1972 5602 2072 5639 au-

501 5661 628 5707 ctus
666 5652 1059 5722 dignitatibus.
1096 5652 1464 5711 Cant—acuzcn.
1511 5656 1607 5710 lib.
1674 5672 1754 5722 ιιι,
1799 5672 1919 5726 cap.
1980 5657 2070 5711 72.

2179 5588 2328 5642 lllius
2359 5604 2466 5642 non
2498 5590 2664 5643 semel
2703 5590 2830 5644 alibi
2865 5592 3132 5647 meminit.
3182 5593 3427 5648 Ducam.

2254 5660 2368 5731 (69)
2399 5661 2696 5715 (latitacuz.
2731 5662 2829 5715 lib.
2863 5677 2944 5725 tu,
2966 5678 3080 5732 cap.
3134 5665 3231 5720 87.
3266 5664 3498 5720 Dousa.
