3992 6202
304 316 419 383 949
639 256 746 387 *[Α.
786 328 839 373 c.
884 315 1044 388 1344]

1329 317 1772 382 mamma:
1811 315 2197 378 merome
2229 284 2571 381 uafxw.

3445 302 3554 368 950

2674 308 2805 384 [ιιιιι.
2844 324 2891 363 .t.
2928 316 3167 363 ι’λιεοι..
3209 302 3265 375 4]

299 431 618 501 θρωπίνων,
677 431 939 485 πλουτεῖ·
978 432 1074 485 καὶ
1129 431 1275 501 γένει
1328 433 1598 487 παντοίων
1650 430 1880 499 ὀρνίθων

2012 434 2075 493 is,
2114 432 2399 487 hominum
2433 447 2597 487 manu
2628 430 2897 494 excultis;
2950 436 3007 482 et
3046 425 3194 481 omni
3232 422 3416 478 avium
3461 437 3555 487 ge-

299 530 650 597 περιηχείται
677 543 692 559 ο
728 528 821 589 κα).
869 527 1048 598 σμήνη
1100 525 1365 595 μελιττῶν
1418 529 1534 579 ἐκεῖ
1572 527 1882 596 περιτρέχει

297 618 377 672 τὰ
400 618 557 690 άνθη,
594 619 691 672 καὶ
725 618 908 689 ἠρέμα
945 620 1037 673 τὸν
1075 619 1213 689 ἀέρα
1245 618 1591 688 περιδομδετ.
1626 620 1737 670 Καὶ
1765 617 1886 688 τέρ-

305 707 459 778 ψεώς
482 726 567 772 τις
596 709 802 770 πέπλος
829 709 1084 763 ἐντεῦθεν
1112 710 1397 778 ὑφαίνεται
1427 707 1574 775 ξένος
1603 711 1718 763 ἐκεῖ
1748 726 1882 777 συμ-

310 803 506 873 μιγὴς,
545 804 643 858 οὐκ
673 800 810 875 ἦρος
838 804 959 875 ὥρᾳ
1002 805 1159 876 μόνῃ,
1202 803 1316 857 ἀλλ’
1360 804 1418 857 ἐν
1455 802 1656 858 ἅπαντι
1706 800 1886 871 καιρῷ

310 894 413 946 καὶ
464 894 659 963 χρόνῳ,
717 893 1111 964 δμοζυγοῦντος
1159 894 1245 947 ἀεὶ
1297 893 1390 946 τοῦ
1446 893 1556 946 τῶν
1609 894 1890 958 τεσσάρων

312 985 482 1053 ὡρῶν
513 985 715 1039 κύκλου
748 987 881 1061 πρρς
905 988 1100 1057 ὁμοίαν
1126 988 1226 1055 τὴν
1251 986 1414 1058 χάριν
1440 988 1536 1041 καὶ
1564 986 1757 1055 ἡδονὴν
1783 985 1892 1038 τῶν

1985 536 2116 575 nere
2142 531 2417 588 personat.
2470 518 2590 575 Illic
2634 534 2800 589 apum
2830 515 3082 572 examina
3136 514 3347 568 circum
3393 508 3557 586 liores

1985 612 2237 674 volitant,
2273 622 2330 668 et
2359 612 2467 667 leni
2498 626 2727 666 susurro
2752 625 2847 678 per
2870 622 3050 662 aerem
3083 604 3284 674 passim
3314 618 3558 656 murmu-

1986 718 2130 763 rant.
2162 708 2374 777 Quibus
2407 723 2474 763 ex
2529 706 2693 762 rebus
2719 706 2865 759 inter
2894 719 2953 758 se
2997 700 3304 757 commistis
3327 696 3560 751 efficitur

1990 802 2159 855 mirus
2183 799 2403 868 quidam
2433 797 2725 867 voluptatis
2747 803 3070 859 contextus;
3102 807 3211 847 non
3254 805 3382 843 vere
3421 787 3562 842 dun-

1990 902 2162 956 taxat,
2192 892 2285 949 sed
2323 900 2381 947 et
2429 882 2923 961 quovidtempore,
2967 882 3409 953 conspirantibus
3439 894 3563 946 per-

1992 994 2151 1051 petua
2190 983 2568 1041 vicissitudine
2598 992 2833 1053 quatuor
2860 980 2988 1035 anni
3023 973 3461 1046 tempestatibus;
3494 967 3562 1022 ad

312 1072 674 1144 ἀνθρωπίνων
702 1066 1070 1145 αίσθητῆρίων
1098 1092 1113 1106 ·
1149 1075 1241 1128 καὶ
1277 1074 1494 1139 μάλισθ’
1516 1073 1591 1127 ὅτ’
1626 1076 1691 1127 ἐκ
1724 1074 1891 1143 μέσου

309 1161 411 1214 τοῦ
456 1162 655 1225 άλσους
703 1164 798 1217 καὶ
844 1164 953 1224 τῶν
985 1163 1169 1234 φυτῶν
1200 1164 1424 1218 ἐκείνων
1471 1163 1690 1235 ὄρθριος
1736 1164 1895 1233 ήτῆς

2008 1169 2115 1223 lam
2138 1169 2418 1223 hominum
2436 1167 3026 1247 sensjbttsvoluptatein
3048 1180 3062 1226 ;
3082 1176 3145 1216 ac
3174 1169 3285 1216 tum
3311 1156 3566 1217 maxime,

312 1252 541 1322 ἀηδόνος
591 1254 843 1324 ἠχήσασα
890 1254 1122 1323 μουσικὴ
1159 1255 1374 1326 συνᾴδοι
1417 1257 1533 1318 τοῖς
1586 1257 1702 1308 ἐκεῖ
1734 1255 1896 1323 μονά-

2008 1276 2117 1316 :um
2146 1261 2326 1316 medio
2360 1276 2428 1316 ex
2456 1262 2596 1316 saltu
2631 1268 2687 1315 et
2724 1261 2791 1312 ab
2841 1258 2949 1312 illis
2981 1253 3274 1309 arboribus
3307 1262 3570 1304 resonans

313 1343 507 1406 ζουσιν
555 1345 726 1397 εἰπεῖν
780 1345 869 1397 καὶ
902 1346 1162 1415 συνυμνοῖ
1205 1346 1296 1398 τὸν
1328 1346 1555 1416 Κύριον.
1605 1345 1761 1415 Ἔχει
1790 1347 1898 1416 γὰρ

2008 1352 2300 1405 matutinus
2336 1352 2580 1405 luscinia:
2635 1358 2834 1405 cantus
2873 1346 3023 1401 velut
3065 1336 3567 1398 admodulaturiis,

314 1435 547 1504 κάκείνη
583 1435 675 1488 καὶ
706 1435 941 1507 κιθάραν
979 1439 1072 1491 ἐπὶ
1123 1439 1352 1507 στήθους
1391 1438 1572 1491 ἔνθεὸν
1609 1456 1753 1497 τινα,
1805 1441 1899 1489 καὶ

2008 1442 2090 1511 qui
2116 1443 2227 1497 illic
2258 1442 2489 1497 so'itarii
2524 1444 2736 1506 vivunt,
2770 1439 3050 1506 Deumque
3074 1450 3177 1488 una
3211 1447 3332 1486 eum
3364 1428 3430 1483 iis
3456 1427 3570 1481 cul-

312 1523 620 1630 tiaahﬁptov
645 1526 904 1596 ἔμφυτον,
937 1528 1030 1580 καὶ
1055 1529 1319 1600 μουσικὴν
1348 1530 1684 1598 ἐναρμόνιον,
1723 1530 1782 1595 ἐξ
1802 1532 1899 1584 αὖε

2008 1534 2201 1590 laudat.
2228 1534 2416 1591 Gestat
2447 1535 2594 1590 enim
2645 1543 2700 1588 et
2741 1532 2833 1586 illa
2861 1531 2913 1585 in
2943 1529 3066 1585 sinu
3098 1525 3368 1581 citharam
3400 1534 3575 1589 quan-

313 1614 597 1682 τοσχεδίου
661 1617 1163 1687 περισαλπίζουσαν
1220 1621 1345 1683 τοὺς
1400 1622 1699 1682 ἀκούοντας
1759 1622 1902 1676 πάνυ

2008 1624 2126 1682 dam
2153 1626 2435 1690 entheam,
2471 1623 2889 1693 ingenitumque
2925 1617 3268 1689 psalterium,
3319 1618 3375 1666 et
3408 1607 3580 1664 musi-

315 1723 407 1760 τοι
445 1707 719 1777 ἐμμελῶς.
752 1710 861 1763 Καὶ
895 1709 1010 1782 ἅμα
1056 1715 1260 1782 πηγαῖς
1303 1713 1595 1782 αὐτοφυῶν
1630 1715 1841 1770 ὑδάτων
1874 1716 1901 1767 ό

2008 1734 2122 1773 cam
2156 1718 2459 1772 harmonia:
2488 1716 2725 1786 plenam,
2754 1728 2875 1783 quae
2899 1726 3015 1774 eos,
3049 1726 3078 1764 a
3108 1707 3309 1778 quibus
3335 1702 3576 1762 auditur,

1992 1077 2238 1132 eamdem
2274 1077 2644 1132 amoenitatem
2665 1074 3025 1143 eamdemque
3048 1084 3266 1139 semper
3294 1063 3566 1122 exhiben-

318 1798 502 1869 χῶρος
534 1801 754 1871 άρδεταί
784 1819 842 1855 τε
890 1803 985 1856 καὶ
1037 1805 1441 1869 περιαντλεῖται
1484 1808 1739 1873 πολλαῖς’
1777 1809 1897 1880 ,ρύ-

316 1907 468 1952 ακες
510 1894 904 1958 ἀποδλύζοντες
937 1895 1160 1950 ἄλλοθεν
1208 1898 1356 1952 ἄλλοι
1407 1900 1618 1969 μυρίων
1659 1900 1900 1969 γίνονται

318 1984 517 2048 παῖδες
570 1986 783 2055 πηγῶν,
838 1988 934 2041 καὶ
992 1987 1249 2058 ἀλλήλοις
1301 1990 1483 2059 ἠρέμα
1545 1991 1640 2044 καὶ
1702 1989 1897 2061 λάθρα,

316 2073 652 2140 κλέπτοντες
685 2076 874 2144 ὥσπερ
905 2076 996 2130 τὸν
1021 2076 1244 2148 δρόμον,
1278 2078 1582 2131 κοινοῦνται
1608 2079 1671 2132 τὸ
1698 2079 1900 2149 ῥεῦμα,

316 2161 440 2218 οἷον
472 2165 718 2235 ἐπίτηδες
760 2160 855 2223 καῖ
897 2167 1053 2222 αὐτοὶ
1094 2169 1430 2233 σιωπῶντες,
1466 2171 1559 2224 καί
1602 2188 1747 2235 τινος
1782 2189 1906 2224 παι-

317 2254 478 2318 δείας
504 2228 914 2327 αἰσθανομένοις
957 2258 1160 2328 ὁμοίως
1199 2228 1665 2329 ἀντιποιούμενοι,
1707 2228 1803 2316 καὶ
1828 2263 1907 2316 διν

318 2345 509 2411 δόντες
542 2347 791 2414 ἐξουσίαν
819 2352 1039 2421 μακράν
1069 2354 1180 2417 τοῖς
1214 2354 1332 2405 ἐκεῖ
1368 2355 1681 2422 μοναστατς,
1711 2353 1909 2424 ἀθόρυ-

323 2436 425 2489 ϐον
459 2437 572 2507 βίον
602 2438 884 2507 ἅνύοντας,
910 2442 980 2495 τά
1016 2442 1190 2515 πτερὰ
1235 2443 1333 2514 τῆς
1366 2443 1531 2514 εὐχῆς
1556 2445 1737 2514 ⁴ίισυχῆ
1769 2447 1907 2515 πρὸς

320 2527 463 2583 Θεὸν
496 2531 859 2601 ἀναπέμπειν,
887 2533 968 2587 ὅτι
986 2536 1078 2588 καὶ
1100 2535 1299 2605 πολλὴν
1331 2530 1465 2605 προς
1497 2537 1732 2607 ἡσυχίαν
1765 2555 1908 2608 παρ-

320 2620 445 2688 ἔχει
490 2621 584 2692 τὴν
629 2624 859 2690 εὐφυΐαν
886 2627 996 2689 τοῖς
1031 2626 1129 2696 τὴν
1176 2627 1430 2695 οὐράνιον
1463 2631 1520 2680 ἐν
1552 2630 1623 2698 γῇ
1661 2631 1907 2698 μετιέναι

320 2708 573 2763 ἐθέλουσι
603 2710 897 2779 πολιτείαν,
923 2716 1014 2768 καὶ
1034 2716 1170 2783 πρός
1192 2732 1254 2784 γε
1277 2716 1377 2787 τὴν
1396 2718 1663 2789 χορηγίαν
1691 2717 1800 2770 τῶν
1825 2718 1906 2782 είς

320 2799 538 2871 τροφὴν
567 2804 826 2857 παντοίαν
854 2806 1170 2877 ἐπιτηδείως
1192 2807 1429 2876 ἑχόντων
1451 2807 1681 2876 ἄφθονον
1701 2807 1911 2863 οἴκοθεν

320 2893 514 2947 οἴκαδε
566 2895 658 2948 τὸν
707 2897 918 2950 ἅπαντα
968 2899 1159 2969 χρόνον
1245 2900 1525 2970 πορίζεται
1549 2913 1565 2928 ⁸
1626 2902 1720 2955 καὶ
1794 2900 1910 2970 ἅμα

324 2986 578 3058 θαλάσσῃ
609 2989 795 3058 μακρᾷ
840 2991 1221 3059 στεφανοῦται,
1257 2991 1344 3065 [Ρ.
1366 2994 1495 3067 449]
1525 2994 1719 3064 πολλὴν
1746 2993 1819 3057 ὡς
1848 2993 1911 3045 ἐκ

2006 1822 2130 1882 apte
2189 1808 2482 1865 admodum
2532 1820 2587 1863 et
2634 1820 2947 1868 numerose,
3003 1802 3168 1871 idque
3209 1814 3277 1854 ex
3308 1805 3581 1864 tempora

2001 1904 2390 1961 circumsonat.
2423 1903 2571 1958 idem
2599 1914 2767 1972 porro
2798 1900 2951 1953 locus
2971 1896 3277 1949 nativarum
3310 1902 3576 1958 aquarum

2003 1996 2249 2055 fontibus
2278 1994 2459 2049 multis
2493 1994 2699 2061 rigatur
2721 2000 2777 2045 et
2806 1984 3142 2044 circumﬂuit
3176 1998 3193 2037 :
3232 1980 3444 2048 rivique
3484 1974 3580 2033 alii

2005 2089 2229 2145 aliunde
2253 2087 2618 2143 scaturientes
2642 2099 2712 2139 ex
2744 2078 3052 2137 innumeris
3077 2074 3579 2131 l'ontibusnaseun-

2007 2191 2118 2243 tur,
2171 2178 2545 2250 paulatimque
2597 2182 2655 2229 ct
2707 2173 2875 2234 clam,
2933 2182 3092 2224 suum
3146 2164 3299 2234 quasi
3359 2172 3581 2215 cursum

2006 2270 2265 2330 iurando.
2324 2270 2563 2324 invicem
2627 2279 2799 2331 aquas
2860 2257 3307 2318 communicant;
3359 2252 3584 2307 silentes

2008 2364 2107 2435 ipsi
2128 2376 2349 2435 quoque
2376 2368 2632 2429 tanquam
2654 2353 2925 2415 consulto,
2951 2360 3008 2407 et
3028 2348 3370 2416 disciplinam
3394 2357 3589 2413 quam-

2008 2457 2156 2519 dam,
2186 2471 2250 2510 ac
2279 2456 2322 2509 si
2361 2453 2426 2508 iis
2477 2451 2687 2505 inesset
2721 2459 2939 2505 sensus,
2977 2442 3078 2510 ipsi
3110 2440 3273 2494 etiam
3307 2431 3539 2505 professi
3567 2449 3583 2492 ;

2010 2564 2206 2619 nempe
2234 2556 2295 2603 ut
2335 2548 2453 2618 ejus
2489 2543 2592 2599 loci
2641 2538 2944 2598 monachis,
2974 2536 3138 2589 vitam
3173 2531 3323 2586 nullo
3350 2527 3586 2581 tumultu

2010 2641 2387 2713 perturbatam
2440 2633 2811 2706 exigentibus,
2846 2635 3177 2700 potestatem
3229 2622 3394 2692 716
3443 2619 3586 2672 inte-

2011 2748 2160 2803 gram
2191 2730 2421 2795 faciant,
2451 2727 2731 2795 supplices
2762 2731 3017 2776 votorum
3073 2730 3281 2786 pennas
3321 2712 3385 2766 ad
3423 2712 3588 2764 Deum

2015 2802 2304 2888 tranquille
2356 2815 2661 2871 attollendi.
2718 2812 2927 2879 Quippe
2986 2808 3053 2863 ad
3121 2802 3475 2861 solitudinem
3535 2806 3594 2852 et

2013 2912 2254 2983 quietem
2304 2907 2541 2963 maxime
2573 2905 2787 2960 habiles
2831 2900 3199 2956 reddit.mons
3236 2896 3325 2950 ille
3352 2908 3467 2958 eos,
3498 2888 3591 2960 qui

2014 3004 2298 3060 caelestem
2333 3002 2386 3054 in
2421 3009 2567 3054 terra
2599 2997 2723 3051 vitm
2761 2994 3031 3049 rationem
3065 2987 3273 3059 ingredi
3303 2984 3493 3045 velint,
3531 2997 3596 3035 ac

325 3074 536 3176 κόχλου
579 3078 881 3176 κομιζούσῃ
923 3082 1023 3153 τὴν
1061 3084 1220 3154 χάριν
1258 3064 1431 3152 αὐτῷ,
1476 3064 1624 3154 παρὰ
1657 3089 1905 3143 τοσοῦτον

2018 3097 2086 3152 iis
2116 3095 2299 3149 omnis
2326 3092 2542 3162 generis
2565 3089 2822 3144 alimenta
2849 3093 3112 3153 perpetuo
3139 3089 3197 3135 et
3228 3077 3434 3133 affatim
3468 3064 3597 3143 sup-

333 3168 416 3240 μὴ
449 3169 611 3237 νῆσον
637 3166 778 3225 εἶναι
807 3173 1063 3240 καθάπαξ
1093 3176 1226 3228 αὐτὸ
1259 3179 1636 3248 συγχωρούσῃ.
1668 3182 1909 3251 παρόσον

330 3262 518 3332 ισθμῷ
549 3281 653 3317 τινι
691 3263 764 3335 μὴ
795 3265 892 3317 σὺν
943 3265 1092 3336 πόνῳ
1135 3267 1477 3338 καρποῦσθαι
1525 3252 1625 3323 ’καὶ
1661 3272 1760 3341 τὴν
1808 3272 1912 3338 ἔξω

332 3357 608 3425 χεομένην
633 3357 707 3417 si;
740 3357 913 3427 μῆκος
943 3358 1055 3426 ἅμα
1088 3361 1178 3413 καὶ
1219 3360 1421 3424 πλάτος
1454 3362 1680 3431 ἧπειρον
1707 3364 1910 3421 δίδωσι.

336 3446 453 3498 Καὶ
482 3446 664 3508 ἁπλῶς
696 3449 1029 3519 πανταχόθεν
1063 3452 1181 3504 ἐκεῖ
1210 3451 1276 3503 τὰ
1306 3452 1404 3520 τῆς
1428 3453 1629 3522 ἀρετῆς
1676 3436 1914 3523 συγκρο-

330 3539 510 3589 τεῖται
542 3538 900 3607 γνωρίσματα
934 3540 1070 3610 πρός
1099 3557 1158 3593 τε
1189 3543 1287 3610 τῆς
1310 3518 1524 3609 (plicata;
1551 3518 1686 3612 πρός
1718 3518 1772 3597 τε
1793 3518 1924 3614 τῆς.

331 3627 448 3679 τῶν
480 3628 772 3683 οἰκούντων
800 3631 1109 3700 ἀσκήσεως.
1141 3634 1214 3684 Οὐ
1248 3634 1485 3700 γυναίων
1508 3635 1643 3699 ὅλως
1665 3638 1780 3688 ἐκεῖ
1802 3637 1916 3701 ξυν-

333 3717 527 3784 αυλία,
592 3721 687 3772 καὶ
730 3721 1032 3775 ἀκόλαστον
1063 3722 1237 3792 ὄμμα,
1289 3725 1383 3776 καὶ
1416 3725 1651 3795 χλιδῶσα
1686 3745 1917 3797 κομμω-

336 3813 494 3885 τικὴ,
527 3816 622 3868 καὶ
656 3815 753 3868 ὅσα
783 3818 883 3885 τὴν
911 3817 1143 3887 ἀρχαίαν
1178 3818 1270 3871 τοῦ
1296 3817 1475 3887 ὄφεως
1519 3820 1739 3887 ὁμιλίαν
1775 3822 1921 3874 ὲκεί-

336 3924 445 3977 νην
492 3910 570 3971 εἰς
635 3908 924 3976 ἐγκαινίων
984 3910 1104 3962 τινὰ
1164 3911 1388 3977 συνάγει
1450 3912 1759 3982 πανήγυριν
1825 3917 1922 3968 καὶ

341 3999 565 4071 μακροῦ
610 4001 887 4063 κυκεῶνος
934 4002 1023 4054 καὶ
1059 4001 1327 4066 κλύδωνος
1372 4003 1464 4056 τὴν
1504 4002 1618 4072 βίον
1648 4004 1924 4076 ἐμπίπλη-

340 4110 437 4146 σιν
455 4109 471 4125 ·
500 4093 610 4146 οὐδ’
633 4092 892 4165 ἐμπορίαι
924 4094 1197 4163 δημόσιοι,
1225 4096 1319 4148 καὶ
1348 4095 1566 4164 ἀγοραὶ,
1596 4098 1690 4150 καὶ
1718 4100 1924 4167 ἁγορα-

2018 3188 2226 3258 peditat
2255 3185 2401 3238 domi
2445 3190 2593 3235 nata.
2628 3177 2732 3233 Sed
2767 3185 2823 3231 et
2858 3174 2995 3253 mari
3038 3185 3234 3240 magno
3275 3174 3593 3228 coronatur,

2014 3280 2160 3351 quod
2186 3280 2234 3331 ei
2283 3276 2514 3330 multum
2562 3270 2802 3338 undique
2850 3250 3012 3321 allen
3053 3259 3377 3321 Venustatis,
3419 3273 3485 3312 ac
3529 3271 3598 3310 eo

2017 3347 2228 3425 t‘anIu‘n
2283 3365 2518 3419 insulam
2572 3359 2798 3413 omnino
2831 3357 2950 3409 ﬂeri
3001 3354 3108 3408 non
3144 3351 3294 3413 sinit,
3336 3357 3394 3404 ut
3426 3347 3597 3415 possit

2017 3475 2117 3530 per
2146 3455 2407 3511 isthmum
2430 3448 2781 3530 interiectum
2811 3444 2954 3497 l‘aeili
2979 3443 3169 3496 labore
3204 3439 3443 3493 fructum
3473 3450 3599 3504 per-

2016 3550 2204 3620 cipere
2260 3546 2425 3600 etiam
2485 3556 2551 3595 ex
2608 3522 2789 3602 terra;
2837 3550 2959 3604 quze
2994 3533 3048 3586 in
3081 3533 3297 3600 longum
3344 3520 3506 3582 sim'ul
3538 3542 3601 3582 ac

2021 3619 2191 3694 latum
2240 3650 2411 3708 porro
2456 3628 2711 3689 excurrit
2757 3642 2823 3681 ac
2861 3622 3211 3681 dill‘unditur.
3272 3619 3429 3683 Illuc,
3490 3633 3600 3671 uno

2020 3731 2213 3795 verbo,
2249 3728 2399 3784 omni
2430 3742 2521 3789 ex“
2550 3732 2703 3793 parte
2754 3717 3126 3775 conﬂuuntea
3174 3728 3297 3782 quae
3343 3711 3599 3764 virtutem

2021 3819 2383 3876 excellentem
2414 3821 2675 3884 arguunt,
2729 3810 2844 3864 sive
2907 3805 3013 3862 loci
3066 3812 3316 3858 naturam
3366 3810 3599 3868 spectes,

2021 3911 2137 3967 sive
2164 3906 2526 3963 habitantium
2568 3901 2899 3958 institutum.
2932 3897 3212 3967 Nusquam
3245 3894 3319 3949 ibi
3370 3892 3599 3947 mulier-

2025 4002 2275 4058 cularum
2314 3996 2719 4059 contubernia;
2775 4005 3046 4061 nusquam
3092 3986 3287 4043 oculus
3338 3986 3602 4052 intempe-

2030 4106 2158 4145 rans
2204 4097 2260 4144 et
2288 4086 2642 4144 eﬂeminatus
2667 4081 2777 4137 fuci
2809 4080 2959 4139 nitor
2999 4086 3056 4135 et
3081 4090 3422 4149 quzrcuuque
3449 4082 3603 4127 vete-

340 4186 525 4253 νόμοι,
562 4185 655 4236 καὶ
691 4185 980 4238 δικαστικά
1011 4184 1255 4256 βήματα,
1304 4188 1398 4239 καὶ
1433 4186 1680 4255 γλώττης
1725 4190 1905 4243 ἐπίδει·

2028 4199 2147 4239 rem
2181 4182 2327 4236 illam
2361 4180 2485 4234 vitae
2514 4173 2998 4236 consuetudinem,
3030 4187 3152 4241 quae
3179 4185 3301 4224 cum
3341 4168 3605 4236 Serpente

344 4282 456 4343 ξις,
492 4279 587 4331 καὶ
620 4278 785 4345 τῦφος
816 4277 924 4330 ἀπὸ
948 4276 1139 4349 δίφρου
1167 4276 1437 4341 θεσπίζων
1464 4278 1535 4331 τά
1560 4280 1657 4348 τῆς
1689 4280 1905 4349 ὀρέξεωέ

2029 4278 2157 4335 olim
2207 4277 2331 4339 fuit,
2371 4273 2610 4345 qundam
2640 4270 2804 4326 veluti
2857 4266 3227 4322 enueniorum
3274 4264 3412 4319 festo
3447 4277 3606 4316 reno-

344 4371 580 4442 νόμιμα.
614 4369 748 4423 Οὐδὲ
775 4370 990 4423 δουλεία
1026 4370 1120 4423 καὶ
1154 4370 1411 4425 αὐθεντία
1440 4373 1656 4442 μερίζει
1686 4373 1779 4426 τὸν
1808 4372 1905 4443 βίοι

2031 4376 2183 4433 vant,
2235 4382 2301 4425 ac
2330 4380 2525 4435 magna
2573 4354 2920 4425 conlusibne,
2956 4356 3166 4427 magnis
3195 4357 3477 4410 turbarum
3508 4351 3612 4405 nu-

345 4464 508 4518 ἐκεῖο
549 4461 667 4516 ἀλλ’
725 4462 997 4533 ἰσηγορία,
1057 4464 1153 4517 καὶ
1203 4463 1497 4534 μετριότης
1555 4464 1902 4536 φρονήματος

2032 4460 2216 4515 ctibus
2247 4460 2410 4513 vitam
2445 4456 2695 4526 implent.
2727 4454 3007 4523 Nusquam
3051 4448 3125 4506 ibi
3146 4448 3393 4512 ,veuales
3423 4448 3478 4502 in
3511 4464 3610 4519 pu-

347 4554 448 4607 καὶ
480 4552 647 4624 ῆθους
681 4556 964 4622 σεμνότης,
1001 4555 1096 4607 καὶ
1125 4553 1471 4625 δικαιοσύνης
1513 4554 1762 4624 εὐγένεια
1796 4573 1905 4627 σκηη

2033 4552 2176 4609 blico
2209 4565 2453 4615 merces;
2492 4563 2764 4617 nusquam
2805 4546 2945 4611 l‘ora,
2976 4551 3071 4599 aut
3102 4543 3313 4606 aediles,
3350 4541 3612 4612 autjudi—

350 4644 576 4699 νοὸατεῖ
607 4645 700 4697 καὶ
736 4646 1086 4714 περιχορεύει
1113 4644 1203 4697 τὸν
1244 4644 1420 4716 χῶρον
1453 4647 1681 4712 ἐκεῖνον,
1712 4638 1806 4700 καὶ
1830 4648 1905 4701 ὃσι

2033 4663 2158 4702 cum
2215 4643 2534 4708 tribunalia,
2587 4647 2684 4693 aut
2733 4639 2931 4707 linguae
2990 4634 3332 4698 venditatio,
3393 4641 3491 4688 aut
3542 4633 3611 4687 de

349 4738 454 4807 τὴν
505 4736 688 4791 ἔνθεον
744 4739 803 4793 ἐν
843 4739 913 4807 γῇ
966 4736 1293 4809 δημιουργεῖ
1342 4737 1640 4803 πολιτείαν,
1677 4738 1773 4792 καὶ
1799 4751 1803 4755 '
1831 4739 1899 4809 τὴ

2034 4736 2210 4793 curuli
2241 4735 2373 4790 sella
2409 4732 2603 4795 fastus,
2629 4731 2752 4800 jura
2796 4742 2892 4795 pro
2938 4726 3171 4780 libidine
3215 4726 3606 4788 interpretans.

350 4829 525 4893 ὅντως
571 4832 629 4882 ἐν
655 4828 799 4899 ψυχῇ
852 4829 1172 4897 φιλοσοφίαν
1224 4827 1536 4900 ἐργάζεται.
1584 4830 1660 4882 Οὐ
1702 4829 1902 4883 πλοῠτο

2037 4826 2155 4881 Non
2202 4823 2315 4879 illic
2354 4822 2481 4876 vitae
2514 4817 2762 4875 conditio
2791 4815 2847 4869 in
2874 4814 3200 4869 servitutem
3229 4821 3394 4881 atque
3439 4810 3613 4865 imne-

352 4924 477 4976 ἐκεῖ
512 4923 607 4975 καὶ⁸
645 4922 859 4993 δαπάνη
894 4921 1194 4991 χρημάτων
1228 4899 1321 4974 καὶ
1353 4912 1695 4991 βλακεύουσα
1733 4921 1904 4993 θρύψι

2040 4917 2179 4972 rium
2212 4914 2381 4970 herile
2406 4911 2585 4968 divisa
2607 4919 2713 4965 est.
2744 4905 2853 4962 Sed
2880 4914 2936 4960 et
2969 4903 3232 4974 loquendi
3260 4917 3417 4972 aequa
3452 4899 3616 4955 liber-

357 5014 816 5083 ἐμπολιτεύεται·
858 5015 973 5068 ἀλλ’
1025 5014 1173 5069 ἇπαν
1212 5013 1359 5066 ἐστὶν
1401 5014 1617 5084 ἀληθῶς
1648 5015 1844 5087 σεμνόν
1878 5032 1905 5068 τ

2038 5017 2139 5074 tas,
2170 5016 2226 5061 et
2276 5004 2444 5059 animi
2481 4999 2809 5064 moderatio,
2859 5007 2919 5053 et
2960 5011 3175 5051 morum
3228 4996 3510 5058 honestas,
3558 5000 3617 5048 ct

360 5107 458 5158 καὶ
485 5106 793 5176 ἐλευθέριον
822 5101 975 5176 ἦθος,
1002 5105 1095 5159 καὶ
1123 5106 1179 5167 ἐς
1203 5105 1273 5156 τὰ
1301 5103 1404 5173 τῆς
1428 5105 1633 5175 ἀρετῆς
1661 5106 1905 5175 ἁνάκτορ

2030 5099 2257 5173 iustitiae
2290 5097 2602 5168 ingenuitas
2632 5094 2818 5150 lOcum
2848 5091 3004 5147 illum
3033 5105 3131 5161 pro
3152 5089 3367 5145 theatro
3390 5087 3614 5150 habent,

359 5197 619 5263 σπεῦδον,
660 5197 877 5250 καὶτὸν
922 5194 1126 5266 Δώριον
1161 5194 1359 5265 τρόπον
1402 5194 1479 5256 ὡς
1519 5194 1735 5263 ἀληθῶς
1765 5197 1905 5267 ήρμο

2035 5204 2092 5250 et
2143 5191 2313 5249 choro
2363 5189 2534 5244 veluti
2579 5187 2848 5265 lustrant,
2891 5196 3081 5252 eatque
3127 5193 3321 5236 omnes
3361 5178 3617 5239 virtutes,

363 5288 563 5356 σμένον
598 5287 735 5356 πρὸς
758 5287 827 5341 τὰ
860 5288 1023 5354 καλά,
1872 5341 1877 5347 .

2035 5300 2157 5353 quae
2177 5281 2460 5339 caelestem
2497 5280 2548 5332 in
2581 5291 2728 5334 terra
2761 5290 2946 5331 rerum
2985 5273 3233 5337 ordinem
3279 5269 3523 5340 pariunt.
3554 5281 3621 5323 ac

360 5395 550 5435 veram
600 5379 658 5433 in
686 5380 897 5434 animos
944 5379 1340 5450 philosophiam
1374 5377 1662 5435 invehunt.
1692 5375 1811 5431 Non
1856 5373 1931 5429 ibi
1970 5388 2104 5444 opes
2165 5388 2231 5428 ac
2271 5368 2573 5443 pecuuiarii
2616 5376 2926 5439 sumptus;
2976 5380 3086 5419 non
3120 5361 3195 5417 ibi
3232 5372 3417 5414 socors
3460 5356 3622 5411 luxu—

365 5473 446 5528 ria
489 5485 731 5544 regnat:
790 5474 888 5531 sed
952 5449 1133 5530 totum
1193 5474 1354 5545 717
1398 5474 1523 5528 vitae
1567 5470 1898 5534 institutum,
1940 5470 2233 5526 honestum
2283 5482 2341 5522 re
2388 5466 2503 5536 ipsa
2554 5470 2609 5517 et
2664 5460 2914 5531 liberale,
2982 5456 3226 5513 studiose
3267 5450 3338 5506 ad
3384 5449 3623 5506 sacraria

364 5572 600 5628 Virtutis
625 5571 820 5642 pergit,
846 5580 902 5626 et
927 5573 1115 5626 Dorica
1138 5571 1295 5638 plane
1325 5566 1605 5622 hannonis
1634 5580 1759 5620 cum
1792 5566 1936 5622 bono
1976 5574 2032 5620 et
2074 5563 2306 5634 pulchro
2342 5559 2614 5631 congruit.

438 5668 514 5723 A’.
556 5668 745 5720 Πᾶσαν
775 5666 874 5735 μὲν
898 5665 1007 5737 γὰρ
1030 5664 1354 5734 αὐτομάτως
1387 5661 1560 5713 εἰπεῖν
1586 5660 1681 5719 κού⁸
1710 5660 1738 5711 ὁ
1768 5658 1905 5730 χῶρι

2125 5657 2210 5712 IV.
2251 5656 2480 5711 Omnem
2514 5656 2658 5708 enim
2691 5654 2843 5708 locus
2874 5650 2961 5704 ille
2991 5653 3184 5715 suapte
3219 5641 3625 5714 quodammodo

369 5759 582 5825 ἐκεῖνος
612 5758 942 5814 άποσπεύδει
970 5760 1064 5814 καὶ
1092 5755 1394 5812 ἀπωθεῖται
1425 5751 1645 5819 κακίαν,
1680 5753 1860 5807 πᾶσαν
1896 5753 1905 5804 i

2054 5748 2307 5804 amandat
2339 5747 2526 5817 procul
2574 5754 2736 5816 atque
2777 5739 2999 5813 capellit
3029 5736 3481 5810 improbitatem;
3512 5732 3628 5791 vir-
