3992 6202
489 342 594 407 955
735 337 810 412 [Α.
849 354 899 394 ιι.
945 337 1233 400 assam».
1276 336 1365 411 ιε]

1683 340 2104 405 NXCEPHORI
2141 338 2525 402 GREGORB

2878 334 3009 408 [ηερ.
3058 338 3369 403 inrugat.
3399 332 3459 406 ό]
3622 337 3724 403 936

487 472 609 511 esse
643 458 817 511 visum
848 469 934 514 est
962 458 1309 528 tranquillam
1348 458 1517 514 vitam
1551 459 1778 530 eligere.
1810 460 1880 514 ab
1910 458 2052 514 auii—

2170 464 2437 539 τραγικῶν
2473 460 2705 534 [Ροιὸἳ]
2739 458 3037 515 ἀπολαύειν
3081 460 3193 514 τῶν
3244 458 3585 527 συμφορῶν)·
3614 456 3730 510 τῶν
3778 458 3809 521 λ

487 548 568 623 ris
601 547 1191 604 theatristabsistcndo.
1221 548 1453 605 Sublato
1502 551 1646 605 enim
1698 551 1819 605 mali
1874 550 2057 607 irrita-

490 647 694 703 mento,
738 642 1073 711 remotisque
1122 642 1190 695 iis
1214 657 1359 711 quae,
1384 642 1786 709 contensiosam
1820 658 2055 710 pugnam

489 718 816 797 accendunt,
859 737 1025 789 etiam
1076 734 1246 804 ipsius
1291 735 1414 788 mali
1459 734 2060 804 progressionemoccs-

490 839 613 878 sare
644 825 976 879 existimavi.
1016 825 1152 880 Cum
1190 817 1376 895 itaque
1407 825 1683 881 hortando
1714 826 1852 882 alios
1883 828 2071 889 nemi‘

490 928 615 966 ncm
645 912 738 984 qui
767 916 1015 968 crederet
1044 914 1289 970 invenire
1322 915 1646 984 potuissem,
1673 914 1723 968 id
1754 914 1879 979 feci,
1910 915 2055 984 quod

488 1007 542 1060 in
572 1022 658 1060 me
682 1015 822 1061 erat.
854 1006 1171 1061 Tumultum
1193 1023 1387 1076 nempe
1403 1023 1469 1061 ex
1493 1023 1625 1076 pace
1648 1005 1866 1061 eﬂicere
1892 1008 2056 1060 etiam

486 1098 768 1152 vilissimis
802 1107 855 1152 et
886 1098 1084 1154 ίηηηιεε
1110 1086 1268 1169 721
1320 1101 1495 1169 plebis
1539 1100 1854 1156 hominibus
1898 1099 2059 1155 facile

486 1198 606 1255 est;
652 1206 720 1245 ex
769 1192 1005 1244 tumultu
1055 1206 1184 1245 vero
1237 1206 1446 1258 pacem,
1493 1207 1562 1245 ne
1610 1189 2058 1260 prudentissimis

486 1282 707 1350 quidem
737 1281 895 1335 valde
922 1292 1254 1351 promptum.
1284 1282 1528 1335 Alterum
1554 1282 1755 1351 quippe
1774 1282 2058 1337 liberrimo

485 1383 698 1427 natura;
727 1373 930 1440 impetu
962 1372 1170 1426 fertur:
1204 1382 1450 1426 naturam
1486 1388 1648 1439 porro
1678 1372 2056 1427 inordinatum

486 1466 743 1535 quiddam
770 1480 890 1522 esse
919 1474 1133 1520 constat
1167 1474 1223 1519 et
1259 1465 1528 1534 inzeqnale
1563 1483 1577 1519 :
1605 1465 1838 1519 alterum
1875 1473 2056 1518 autem

489 1565 640 1609 certo
669 1555 837 1609 animi
871 1555 1078 1624 judicio
1107 1563 1162 1608 et
1194 1555 1535 1624 sapientibus
1554 1554 1800 1609 consiliis
1826 1555 2057 1623 regitur.

492 1645 676 1717 Itaque
707 1647 838 1703 illud
863 1650 1103 1717 quidem,
1139 1656 1198 1700 ut
1223 1647 1568 1702 occasionem
1599 1646 1892 1702 discordiis
1919 1662 2058 1724 prse-

442 1776 447 1779 -
494 1739 639 1801 beat,
664 1755 857 1799 causas
905 1741 1339 1800 comminiscitur
1378 1740 1543 1794 etiam
1584 1754 1681 1794 eas
1728 1755 1852 1811 quae
1898 1740 2061 1795 nulla!

492 1842 623 1889 sunt
659 1850 673 1886 :
707 1832 850 1887 istud
879 1847 1009 1888 vero
1042 1832 1203 1885 etiam
1242 1847 1357 1897 eas,
1384 1847 1506 1901 quae
1534 1831 1792 1899 subsunt,
1815 1832 2063 1887 recidere

390 1982 405 1993 _
487 1935 753 1993 conatur;
808 1926 957 1980 velut
1002 1904 1278 1988 medicus,
1338 1926 1435 1995 qui
1488 1923 1716 1989 morbo,
1768 1932 2060 1995 antequam

487 2022 739 2077 crescat,
803 2014 856 2069 in
915 2014 1031 2083 ipsa
1083 2012 1266 2069 radice
1326 2014 1597 2070 medicam
1657 2014 1884 2070 adhibet
1946 2031 2066 2069 ma-

488 2123 640 2163 num.

562 2196 627 2255 ll.
661 2197 790 2253 Mihi
842 2198 1007 2270 igitur
1050 2200 1396 2271 tranquillam
1439 2200 1604 2255 vitam
1648 2199 1848 2270 eligere
1890 2201 2066 2256 satius

488 2288 664 2345 visum
709 2299 813 2357 est,
856 2298 912 2344 et
943 2291 1033 2346 illa
1072 2292 1351 2361 cogitanti,
1392 2300 1449 2347 et
1486 2291 1591 2348 hoc
1631 2291 1792 2347 simul
1836 2291 2069 2348 Zenonis

489 2382 641 2437 illius
682 2382 943 2451 sapientis
991 2360 1398 2452 reminiscenti;
1430 2360 1524 2454 qui
1556 2383 1759 2439 celebri
1789 2383 1844 2438 in
1875 2384 2067 2438 eonvi-

486 2474 599 2537 vio,
630 2487 753 2527 cum
785 2473 1070 2530 ambitiose
1098 2475 1296 2529 caaterii
1332 2475 1639 2544 philosophi
1681 2476 1823 2545 apud
1864 2476 2070 2543 legatos

490 2561 817 2632 Babylonios
837 2562 1201 2632 disputarent,
1233 2564 1429 2620 silebat
1452 2564 1568 2634 ipse
1594 2564 1761 2629 solus,
1787 2573 1843 2620 et
1864 2565 2069 2637 silentii

488 2668 707 2711 causam
757 2642 1161 2710 sciscitantibus
1204 2653 1416 2726 legatis,
1456 2664 1518 2710 ut
1555 2654 1821 2713 haberent
1866 2656 2070 2727 aliquid

489 2746 558 2800 de
589 2761 656 2801 eo
694 2744 850 2812 certi,
899 2746 1043 2813 quod
1077 2746 1190 2817 regi
1235 2746 1613 2802 renuntiarent
1646 2764 1661 2802 :
1695 2763 1717 2799 ι
1746 2747 1929 2811 Abite.
1985 2750 2069 2803 in-

489 2838 629 2907 quit,
660 2853 725 2893 ac
754 2838 1088 2913 renuntiate,
1118 2839 1321 2895 vidisse
1356 2853 1453 2913 vos
1479 2838 1711 2895 Athenis
1739 2854 1865 2896 eum
1895 2840 2073 2897 homi-

490 2946 639 2996 nem,
672 2931 764 3001 qui
791 2931 955 2986 silere
986 2931 1044 2986 in
1070 2930 1323 2987 convivio
1353 2909 1561 3001 posset.
1594 2948 1614 2983 ι

2161 555 2469 624 κρατίστων
2507 549 2648 608 εἶναι
2701 552 2871 615 κάμοὶ
2900 550 2993 606 τὸν
3034 550 3261 622 ἡσύχιον
3292 550 3438 617 ἔδοξε
3468 550 3585 619 βίον
3615 550 3732 603 ἐλέ-

2161 648 2307 711 σθαι,
2338 647 2448 699 τῶν
2495 645 2793 713 βασιλικῶν
2856 643 3116 713 ἀφεμένω
3146 643 3411 711 θεάτρων.
3461 642 3570 695 Τοῦ
3619 645 3732 712 γὰρ

2158 740 2495 810 ἐρεθίζοντος
2551 739 2647 792 καὶ
2684 738 2866 809 μάχην
2911 738 3204 792 ἀντίπαλον
3256 735 3583 797 ἀνιστῶντος
3632 736 3735 788 οὐκ

2158 835 2330 896 ὄντος.
2364 832 2678 887 παύσασθαι
2705 832 2768 886 τὸ
2808 832 3110 899 νεμόμενον
3152 831 3253 901 τῆς
3282 830 3484 888 κακίας
3516 829 3732 899 ᾠήθην.

2160 927 2327 981 Ὅθεν
2367 927 2557 997 ἐπειδὴ
2588 928 2701 989 τοῖς
2729 926 2908 988 ἄλλοις
2954 925 3314 996 παραινοῦντί
3344 942 3434 991 μοι
3459 925 3588 987 τοὺς
3617 941 3735 976 πει-

2159 1017 2417 1087 θομένους
2445 1017 2626 1085 ἥκιστ’
2656 1016 2802 1085 ἔχειν
2830 1016 2979 1085 ἐνῆν,
3004 1018 3064 1069 τὸ
3094 1015 3214 1070 κατ’
3237 1016 3474 1084 ἐμαυτὸν
3516 1016 3734 1069 ἐποίουν

2160 1109 2343 1177 αύτός.
2384 1108 2630 1179 Θόρυϐον
2667 1109 2768 1177 μὲν
2796 1108 2905 1179 γὰρ
2941 1109 3002 1174 ἐξ
3024 1109 3244 1180 εἰρήνης
3281 1096 3464 1180 ῥᾴδιον
3490 1106 3588 1159 καὶ
3616 1108 3726 1169 τοῖς

2160 1201 2517 1270 φαυλοτάτοις
2550 1201 2643 1255 καὶ
2669 1201 2940 1272 βάναυσον
2975 1201 3168 1270 ἄγουσι
3208 1199 3322 1270 βίον
3344 1198 3540 1252 ποιεῖν’
3579 1200 3642 1252 ἐκ
3670 1200 3727 1252 δέ

2161 1293 2408 1364 θορύϐων
2451 1293 2697 1364 εἰρήνην,
2730 1294 2855 1346 οὐδὲ
2880 1295 2992 1356 τοῖς
3040 1293 3251 1363 σφόδρα
3302 1294 3542 1354 συνετοῖς
3585 1289 3730 1359 μάλα

2157 1405 2242 1442 τοι
2292 1386 2496 1441 εὔοδον.
2541 1387 2616 1440 Τὸ
2669 1386 2909 1456 μέν’γὰρ
2938 1385 3238 1455 αὐτονομίᾳ
3264 1383 3731 1452 φύσεωςᾶγετατο

2161 1482 2196 1550 ἡ
2228 1478 2288 1534 δέ
2339 1478 2505 1547 φύσις
2560 1478 2800 1532 ἄτακτον
2832 1477 2927 1530 καὶ
2958 1476 3244 1544 ἀνώμαλον
3259 1474 3619 1545 ’ὡμολόγηται
3656 1468 3739 1526 εἷο

2160 1585 2249 1621 ναι
2275 1583 2290 1599 ⁸
2348 1567 2411 1620 τδ
2452 1567 2510 1620 δέ
2555 1566 2776 1636 παιδείᾳ
2816 1565 2913 1617 καὶ
2959 1564 3175 1618 συνέσει
3208 1562 3611 1634 βεϐουλευμένῃ
3639 1562 3741 1615 καὶ

2163 1661 2408 1728 σώφροσι
2464 1657 2747 1726 λογισμοῖς
2797 1657 3126 1722 οίακίζεται.
3164 1655 3331 1710 Ὅθεν
3386 1655 3446 1707 τδ
3502 1654 3605 1724 μὲν
3640 1653 3741 1706 καὶ

2094 1789 2134 1845 Β
2162 1751 2262 1845 τὰς
2290 1750 2391 1845 οὐκ
2421 1749 2588 1816 οὔσας
2618 1748 2952 1845 ἀναπλαττει
2987 1749 3320 1845 προφάσεις,
3355 1748 3544 1845 ἐφόδια
3562 1746 3742 1845 Δπορί-

2167 1842 2261 1907 ζον
2285 1843 2404 1906 ταῖς
2438 1845 2661 1912 μάχαις
2709 1841 2771 1894 τὸ
2814 1840 2873 1895 δέ
2934 1840 3030 1895 καὶ
3084 1841 3185 1903 τὰς
3229 1839 3399 1903 οὔσας
3451 1840 3742 1909 ἐκτέμνειν

2169 1934 2444 2003 πειρᾶται.
2491 1933 2744 2002 καθάπερ
2778 1930 2960 2005 ἰατρὸς
3011 1932 3121 2003 πρὸ
3168 1932 3269 2001 τῆς
3311 1930 3549 2004 βλάστης
3576 1931 3637 1986 ἐν
3666 1933 3740 2001 τῇ

2170 2022 2296 2094 ῥίζῃ
2330 2022 2431 2095 τὴν
2473 2022 2766 2092 θεραπείαν
2804 2022 3162 2094 τεχνώμενος.

2238 2202 2314 2259 B’.
2356 2203 2512 2274 Ἐμοὶ
2540 2205 2640 2273 μὲν
2667 2203 2762 2258 οὖν
2802 2202 2894 2258 διά
2917 2219 2977 2256 τε
3008 2203 3183 2257 ταῦτα
3232 2201 3442 2272 βέλτιον
3478 2202 3574 2255 τδν
3602 2202 3745 2272 ἠσυ-

2168 2304 2283 2367 χιον
2320 2297 2465 2363 εδοξε
2497 2297 2612 2366 βίον
2656 2296 2899 2360 ἑλέσθαι,
2959 2299 3054 2350 καὶ
3091 2297 3212 2367 ἅμα
3272 2298 3610 2367 μεμνημένῳ
3636 2297 3749 2350 κά·-

2170 2388 2318 2445 κείνο
2361 2387 2424 2439 τὸ
2461 2386 2707 2455 Ζήνωνος
2752 2386 2848 2440 τοῦ
2899 2380 3090 2456 σοφοῦ,
3141 2387 3290 2447 ὅπως
3340 2388 3400 2439 ἐν
3453 2386 3749 2456 συμποσίῳ

2174 2478 2395 2549 μακρῷ,
2456 2479 2567 2532 τῶν
2614 2479 2791 2533 ἄλλων
2837 2480 3021 2549 σοφῶν
3068 2478 3452 2542 ἐπιδεικτικῶς
3498 2481 3614 2543 τοῖς
3676 2480 3747 2532 ἐκ

2172 2572 2490 2635 Βαϐυλῶνος
2558 2572 2892 2641 ὁμιλούντων
2954 2572 3253 2641 πρέσϐεσιν
3279 2615 3294 2639 ,
3357 2573 3520 2642 μόνος
3577 2572 3747 2636 αὐτὸς

2171 2664 2405 2730 ἐσιώπα,
2436 2667 2532 2719 καὶ
2576 2663 2675 2735 τὴν
2710 2664 2893 2718 αἰτίαν
2937 2665 3055 2741 1τῶν
3119 2665 3407 2736 πρέσϐεων
3460 2666 3745 2736 ἐρομένων

2170 2760 2269 2828 τῆς
2328 2756 2569 2826 σιωπῆς,
2630 2758 2697 2810 ἶν’
2753 2757 2930 2827 ἔχοιεν
2990 2758 3359 2826 ἀπαγγέλλειν
3414 2759 3494 2829 τῷ
3528 2758 3746 2829 βασιλεῖ

2175 2851 2345 2919 σαφές
2364 2867 2416 2903 τι
2450 2845 2581 2919 περὶ
2610 2848 2777 2904 αὑτοῦ
2798 2865 2812 2878 ·
2844 2869 2863 2901 ‹
2890 2849 3259 2919 Πορευθέντες
3281 2852 3680 2920 ἀπαγγείλατε,
3718 2873 3739 2905 ι

2175 2942 2363 3008 φησὶν,
2403 2957 2422 2990 ι
2459 2940 2589 2993 ίδεῖν
2633 2940 2690 2991 ἐν
2745 2938 3000 3010 Ἀθήναις
3048 2938 3363 3009 ἄνθρωπον,
3418 2939 3631 3009 σιωπᾷν
3681 2941 3746 2991 ἐν

2176 3029 2463 3098 συμποσίῳ
2507 3028 2831 3098 δυνάμενον.
2872 3046 2892 3079 ι

561 3117 656 3177 ιιι.
694 3118 844 3175 idem
892 3133 993 3181 ego
1027 3132 1153 3172 cum
1204 3116 1478 3185 fecissem,
1522 3118 1922 3189 prospiciebam
1957 3127 2068 3174 tan-

2245 3119 2319 3176 l".
2360 3119 2516 3174 Οὕτω
2542 3120 2608 3190 δὴ
2658 3119 2960 3191 πεπραχὼς
3000 3122 3096 3174 καὶ
3133 3121 3301 3185 αὐτὸς
3332 3123 3524 3193 ἐώρων
3550 3121 3747 3191 ὥσπερ

493 3223 659 3279 quam
690 3224 721 3263 e
759 3209 979 3279 specula
1025 3222 1141 3276 eos,
1175 3209 1271 3279 qui
1313 3208 1569 3280 utrinque
1612 3209 2066 3275 eﬂervescebant,

494 3310 604 3356 tam
656 3301 898 3357 civilium
946 3316 1109 3371 quam
1165 3300 1660 3358 ecclesiasticorum
1728 3302 2069 3372 negotiorum

494 3391 716 3458 ﬂuctus,
762 3394 1031 3449 acerrime
1079 3393 1224 3448 inter
1255 3407 1312 3449 se
1342 3403 1631 3459 certantes,
1678 3394 1872 3464 ecquis
1907 3410 2070 3463 supe-

495 3485 608 3538 rior
647 3483 934 3549 evaderet;
987 3485 1232 3554 atquein
1264 3484 1444 3540 medio
1491 3483 1629 3540 duas
1662 3483 1830 3546 veluti
1881 3498 2067 3549 naves,
2112 3530 2121 3537 .

495 3579 644 3634 nulla
673 3579 813 3648 lege,
846 3578 995 3633 nullo
1023 3578 1217 3633 ordine
1236 3589 1449 3645 euntes,
1473 3579 1567 3633 sed
1593 3579 1799 3647 impetu
1829 3576 2068 3647 quodam

493 3677 757 3736 motuque
811 3666 1101 3723 temerario
1124 3708 1171 3740 ,ε
1194 3682 1340 3724 caeco
1386 3676 1443 3723 et
1491 3669 1740 3739 inaequali
1795 3669 2069 3740 abreptas.

496 3760 712 3831 qualem
759 3758 925 3815 edicit
963 3773 1154 3827 casus;
1202 3770 1262 3814 ut
1301 3769 1685 3831 nec-possent,
1730 3777 1831 3819 nec
1872 3762 2072 3816 vellent

496 3849 752 3919 opitulari
782 3849 888 3904 sibi
921 3849 1152 3907 invicem
1182 3850 1604 3916 circumventis;
1646 3850 1740 3907 sed
1787 3851 1991 3919 pariter
2015 3860 2073 3906 et

499 3945 663 4016 ’122
718 3944 821 3999 sibi
867 3945 1000 4015 ipsis
1046 3944 1312 4017 singulas.
1358 3955 1415 4002 et
1461 3947 1631 4002 altera
1689 3947 1847 4002 alteri
1894 3946 2069 4015 palam

497 4046 662 4107 atque
693 4038 835 4093 ultro
862 4045 1167 4092 extremum
1205 4037 1429 4091 exitium
1458 4037 1804 4098 molirentur,
1838 4026 2070 4106 surgent

501 4130 747 4198 tiumque
778 4130 905 4184 inde
945 4144 1130 4184 coram
1167 4128 1430 4182 tim-tuum
1476 4129 1672 4183 molem
1711 4128 1897 4182 videre
1923 4136 2072 4182 esset

497 4231 776 4277 curvatam
832 4221 1072 4292 undique
1119 4222 1172 4276 in
1222 4222 1575 4296 Olymporum
1617 4230 1674 4275 et
1706 4221 2071 4277 Caucasorum

497 4313 759 4381 speciem,
786 4324 835 4367 et
862 4313 906 4367 si
932 4311 1055 4382 quis
1081 4328 1237 4367 mons
1263 4312 1398 4366 alius
1424 4310 1661 4366 nubibus
1692 4311 1854 4365 altior
1881 4325 2072 4366 exsur-

496 4405 596 4477 git,
637 4414 693 4460 et
723 4405 788 4459 ad
822 4404 1042 4458 aetheris
1081 4412 1252 4472 usque
1283 4402 1514 4458 conliuia
1550 4401 1827 4471 pertingit.

570 4682 661 4740 iV.
696 4682 858 4754 Atqui
889 4672 1084 4753 priscis
1103 4680 1466 4751 sapientibus,
1489 4679 1583 4752 qui
1611 4674 1839 4737 Athenis
1861 4683 2069 4749 vixere,

500 4791 778 4845 nunquam
826 4775 961 4829 alias
1007 4772 1257 4829 altercari
1306 4782 1362 4828 et
1407 4774 1701 4828 verborum
1772 4775 2072 4829 certamina

499 4867 806 4931 instituere,
830 4875 992 4935 atque
1020 4863 1211 4918 obvias
1256 4878 1503 4934 quasque
1533 4880 1695 4920 aures
1719 4864 1918 4937 linguae
1946 4880 2071 4921 ver-

499 4942 722 5011 beribus
768 4957 992 5025 fatigare
1034 4953 1216 5017 libuit,
1255 4951 1522 5009 nisiecum
1566 4956 1812 5009 tumultu.
1849 4964 2075 5009 externo

500 5043 765 5113 bellisque
809 5042 1126 5099 adventitiis
1166 5054 1395 5112 prorsus
1438 5042 1679 5097 defuncti
1723 5051 1903 5097 erant.
1935 5042 2073 5096 Tum

499 5133 706 5202 quippe
746 5132 797 5186 in
839 5132 1054 5188 diversa
1082 5140 1355 5188 sectarum
1391 5133 1605 5203 agmina
1631 5133 1833 5188 scissos
1863 5132 2080 5189 Graecos

499 5224 770 5279 dissidere
840 5232 1055 5293 tempus
1111 5223 1359 5288 ferebat,
1424 5225 1589 5280 modo
1661 5223 2078 5294 Epicureorum,

504 5314 668 5370 modo
717 5315 1177 5386 Pytltagori-orum
1203 5359 1217 5382 ,
1260 5325 1315 5370 et
1357 5314 1673 5386 quicunque
1713 5316 1803 5372 alii
1850 5318 2082 5389 posteris

507 5409 825 5463 memoriam
872 5408 1105 5479 amplam
1158 5407 1451 5477 prodidere
1486 5424 1682 5463 earum
1726 5424 1934 5474 rerum,
1963 5425 2083 5479 quae

505 5500 876 5556 contentionis
904 5503 1186 5554 materiam
1220 5500 1547 5564 prteberent.
1585 5502 1652 5557 At
1682 5500 1774 5557 hic
1807 5516 1931 5558 cum
1961 5501 2085 5555 inli-

2170 3215 2237 3267 ἐκ
2288 3213 2525 3275 σκοπιᾶς
2573 3212 2780 3284 σφόδρα
2830 3212 3406 3280 ἀντιφιλονεικούντας
3454 3214 3581 3276 τοὺς
3610 3213 3748 3267 ἐκα-

2171 3302 2856 3375 τὲρωθεψάναϐράσαντας
2899 3303 3175 3367 κλύδωνας
3206 3302 3269 3357 εκ
3309 3321 3385 3356 τε
3422 3304 3533 3357 τῶν
3571 3304 3749 3374 δημο-

2172 3395 2306 3450 σίων
2336 3396 2402 3449 Ex
2428 3412 2490 3448 τε
2538 3395 2649 3448 τῶν
2683 3393 2846 3463 ἱερῶν
2872 3394 2973 3460 τῆς
3017 3394 3348 3464 Ἐκκλησίας
3379 3396 3747 3464 πραγμάτων,

2169 3486 2316 3548 ὅστις
2345 3484 2486 3555 λάϐῃ
2512 3485 2572 3538 τὸ
2618 3483 2827 3554 μεῖξον,
2855 3485 2957 3536 καὶ
2978 3483 3136 3554 δίκην
3160 3484 3409 3538 ὁλκάδων
3451 3483 3595 3538 δυοῖν
3628 3484 3750 3554 (7‘3)

2171 3578 2231 3630 ἐν
2263 3579 2411 3648 μέσῳ
2473 3575 2814 3647 πλημμελῶς
2864 3577 2959 3631 καὶ
2994 3577 3249 3639 ἀτάκτως
3284 3577 3600 3647 ἀγομένων,
3643 3579 3753 3630 καὶ

2170 3667 2492 3737 φερομένων
2539 3666 2713 3736 φοράν
2746 3684 2871 3743 τινα
2901 3666 2996 3721 καὶ
3021 3667 3649 3738 κίνησινὰκυϐἐρνητύν
3682 3684 3750 3721 τε

2171 3760 2267 3815 καὶ
2318 3760 2513 3827 ἄλογον
2564 3761 2659 3814 καὶ
2703 3758 3016 3829 ἀνώμαλον,
3059 3762 3158 3816 καὶ⁵
3212 3760 3332 3815 οταν
3383 3763 3529 3815 ποιεῖ
3555 3760 3617 3813 τὸ
3646 3760 3754 3813 αὐ-

2170 3856 2427 3923 τόματον·
2457 3854 2536 3916 ὠς
2567 3857 2710 3923 μετὰ
2752 3853 2848 3908 τοῦ
2882 3853 2958 3925 μὴ
2987 3853 3251 3909 δύνασθαι
3289 3852 3424 3924 μηδὲ
3456 3852 3756 3922 βούλεσθαι

2174 3946 2390 4018 βοηθεῖν
2439 3947 2963 4016 περιστατσυμένοις
3018 3947 3274 4016 ἀλλήλοις
3299 3962 3315 3976 ·
3371 3945 3489 3999 ἀλλ’
3541 3944 3757 4014 ὁμοίως

2172 4037 2388 4100 ἑαυτοῖς
2447 4053 2506 4089 τε
2558 4038 2654 4090 καὶ
2712 4036 2968 4102 ἀλλήλοις
3026 4036 3085 4098 ἐς
3135 4031 3448 4105 τούμφανὲς
3494 4034 3635 4089 ἑκών
3678 4052 3756 4102 γε

2171 4122 2310 4181 εἶναι
2338 4130 2431 4181 τὸν
2470 4126 2696 4197 ἔσχατον
2734 4125 2954 4195 δλεθρον
2986 4127 3190 4198 ἀμφοῖν
3220 4125 3712 4196 πραγματεύεσθαι
3734 4140 3761 4159 ο

2171 4221 2249 4284 ὡς
2299 4219 2400 4291 τὴν
2451 4219 2562 4272 τῶν
2611 4217 2863 4272 ἐντεῦθεν
2905 4218 3170 4288 ἄντικρυς
3202 4220 3464 4288 κυμάτων
3513 4219 3759 4289 μίμησιν

2173 4309 2594 4385 κορυφουμένην
2626 4305 2767 4363 εἶναι
2798 4310 2934 4381 όρᾷν
2959 4310 3300 4378 πανταχόθεν
3319 4313 3401 4373 είς
3438 4310 3760 4379 ὀλύμπους

2156 4402 2272 4454 *καὶ
2304 4401 2652 4465 Καυκάσους,
2703 4398 2800 4451 καὶ
2858 4398 3009 4459 ei.“
3035 4398 3147 4451 τῶν
3195 4397 3338 4468 ὀρῶν
3384 4397 3762 4470 ὑπερνέφελόν

2176 4495 2237 4549 τέ
2266 4497 2386 4547 ἐστι
2431 4491 2528 4546 καὶ
2583 4492 2748 4562 μέχρι
2783 4491 2879 4544 καὶ
2932 4496 2990 4554 ἐς
3046 4489 3269 4561 αἰθέρος
3301 4492 3462 4560 φοιτᾷ
3502 4491 3760 4564 γειτονή-

2177 4590 2344 4657 ματα.

2246 4677 2317 4731 Δ’.
2351 4676 2542 4730 Καίτοι
2593 4679 2686 4730 καὶ
2731 4674 3038 4745 Ἀθηναίων
3079 4658 3193 4737 rei;
3225 4673 3395 4727 πάλαι
3442 4674 3628 4741 σοφοῖς
3654 4672 3767 4726 οὐκ

2174 4768 2366 4824 ἄλλοτέ
2411 4784 2541 4822 ποτε
2577 4767 2912 4834 στασιάζειν,
2950 4767 3044 4819 καὶ
3076 4766 3539 4833 γλωττοδαίδαλον
3572 4767 3769 4836 μάχην

2177 4849 2436 4933 ἐγείρειν,
2495 4861 2593 4913 καὶ
2650 4859 2760 4922 πὺξ
2812 4858 2922 4913 ἀπὸ
2976 4859 3244 4926 στόματος
3294 4857 3468 4920 ἀκοὰς
3518 4858 3771 4927 ἐνοχλεῖν

2180 4950 2506 5013 ἀπαντώσας
2538 4944 2779 5020 ἐπῄειξῆ
2819 4950 2907 5002 ὅτε
2924 4938 3038 5001 τῶν
3068 4948 3174 5014 ἔξω
3204 4948 3448 5018 θορύϐων
3478 4963 3539 4998 τε
3561 4949 3772 5000 καὶπο-

2148 5048 2151 5053 “
2182 5043 2628 5113 λέμωνξὲκδήμων
2647 5037 3039 5111 πάμπαν-ἦσαν
3058 5041 3494 5111 ἀπηλλαγμένοι.
3522 5038 3610 5111 [Ρ.

2183 5136 2320 5190 Τότε
2361 5136 2467 5204 γὰρ
2496 5135 2591 5188 καὶ
2640 5135 2779 5203 πρὸς
2819 5133 3110 5204 διαφόρους
3154 5133 3421 5201 αἱρέσεων
3471 5132 3777 5200 φάλαγγας

2181 5225 2339 5294 ὥραν
2394 5220 2954 5299 εἷχερτὰκἙλλήνων
3010 5221 3297 5291 σχίζεσθαι
3330 5222 3615 5291 δόγματα,
3671 5221 3779 5273 νῦν

2188 5319 2287 5386 μὲν
2322 5315 2736 5386 Ἐπικουρείων,
2768 5314 2862 5367 νῦν
2889 5315 2945 5369 δὲ
2969 5314 3378 5386 Πυθαγορείων,
3406 5315 3502 5367 καὶ
3533 5315 3652 5367 ὅσοι
3687 5314 3774 5384 τῷ

2185 5408 2364 5478 χρόνῳ
2390 5408 2490 5477 τὴν
2523 5407 2743 5478 μνήμην
2787 5407 3091 5477 παρέδοσαν
3142 5406 3378 5475 ἄφθονον
3404 5407 3513 5459 τῶν
3538 5405 3641 5477 τὴν
3668 5407 3775 5476 τῆς

2185 5498 2362 5571 ἔριδος
2397 5496 2667 5571 χορηγίαν
2706 5497 3118 5567 παρεχομένων.
3163 5495 3437 5552 Ἐνταῦθα
3471 5495 3529 5548 δὲ
3556 5496 3775 5566 μυρίων

1868 5663 2208 5725 Variorum
2244 5671 2433 5731 notua.

597 5781 707 5851 (75)
737 5782 880 5838 Duas
903 5788 1058 5843 veluti
1084 5805 1259 5858 naves,
1301 5788 1598 5846 Ecclesium
1647 5788 1858 5848 scilicet
1888 5796 1943 5843 et
1976 5789 2289 5858 imperium.
2329 5785 2536 5840 Bonus.
2630 5808 2637 5813 -
