3992 6202
535 295 641 364 96⁸1
819 301 894 373 [λ.
936 315 990 354 ιι.
1028 299 1321 367 6855,1Nb.
1369 293 1460 373 l5]

1747 301 2166 371 NICEPHORI
2206 308 2310 369 GR
2321 306 2586 369 EGOIUZ

2927 293 3062 376 (παρ’.
3105 323 3148 361 ι.
3190 320 3410 365 ροιιιοι..
3448 311 3499 383 4)
3626 317 3713 379 {ﬁs

507 413 802 484 dignitate
843 427 897 471 et
925 433 1125 487 genere
1162 419 1515 488 praestabant,
1541 437 1719 491 neque
1755 423 1899 479 ullus
1929 430 2094 485 esset.

2202 418 2268 492 ἦν
2297 423 2447 493 αὐτῷ
2469 462 2484 487 ,
2514 422 2651 476 ἀλλὰ
2681 421 2882 485 πάντες
2912 423 3211 490 ἐδεδίεσαν,
3241 424 3421 496 ὥσπερ
3453 427 3604 480 πάλαι
3630 430 3716 484 Συ-

534 504 632 573 qui
689 507 878 561 oculos
927 521 1116 565 contra
1167 512 1416 568 attollere
1459 514 1716 580 auderet,
1771 516 1863 570 sed
1913 529 2102 570 omnes

535 595 982 662 extimescerent,
1016 609 1075 654 ut
1108 599 1240 655 olim
1279 601 1605 672 Syracusani
1642 604 1984 675 Dionysium,
2017 603 2104 659 Si-

535 685 676 740 cilia:
708 695 1024 756 tyrannum.

609 777 700 830 Ill.
735 778 1079 851 Quapropter
1104 783 1157 838 in
1183 785 1368 842 veteri
1390 785 1592 856 palatio
1617 788 1883 842 munitam
1912 799 2105 859 quam-

539 857 666 921 dam
701 873 896 925 turrim
921 912 936 937 ,
975 889 1086 943 pra:
1128 877 1340 932 caneris
1394 877 1688 944 delectam,
1739 857 1984 936 decrevit
2025 883 2102 938 ita

538 959 902 1028 exmdilieare,
930 971 991 1016 ιιι
1026 964 1078 1018 in
1114 967 1338 1021 multam
1370 967 1714 1024 altitudinem
1749 971 2101 1036 eveheretur,

539 1051 858 1122 cellulaaque
889 1055 1131 1111 inessent
1179 1059 1458 1126 plurimae,
1495 1071 1747 1130 paterent
1776 1072 1958 1118 autem
1987 1064 2102 1120 sin-

539 1143 699 1210 gula),
741 1154 845 1197 tam
892 1145 948 1199 in
973 1147 1191 1216 longum
1222 1165 1384 1218 quam
1417 1150 1472 1203 in
1498 1150 1690 1216 latum,
1717 1169 1826 1208 non
1862 1155 1983 1224 plus
2010 1170 2103 1210 or-

539 1235 698 1302 gyia:
730 1236 955 1305 crepido
983 1253 1115 1292 vero
1148 1255 1244 1294 seu
1281 1240 1582 1295 ambulatio
1613 1243 1726 1308 illa,
1757 1260 1879 1313 quae
1913 1262 2100 1300 muro-

537 1338 656 1375 rum
674 1324 905 1396 ’faSIigia
938 1328 1128 1392 ambit,
1157 1345 1264 1382 non
1299 1331 1444 1385 intus
1469 1332 1562 1387 sed
1588 1333 1926 1392 extrinsecus
1955 1345 2101 1392 esset

537 1411 912 1469 circumducta
943 1434 956 1481 ;
991 1431 1058 1471 eo
1085 1417 1294 1472 scilicet
1327 1433 1388 1474 ut
1420 1419 1485 1475 iis
1525 1423 1807 1486 omnibus,
1838 1433 1979 1496 “quos
2007 1428 2099 1484 ille

535 1505 630 1550 aut
654 1499 869 1556 vinctos
900 1504 1141 1570 tenebat,
1183 1515 1278 1562 aut
1311 1507 1363 1561 in
1397 1509 1614 1565 vincula
1661 1512 1936 1583 conjicere
1989 1531 2102 1572 me-

535 1588 833 1656 ditabatur,
891 1595 1097 1650 coactis
1150 1596 1304 1652 intus
1352 1608 1517 1668 atque
1561 1604 1860 1668 conclusis,
1892 1607 2098 1664 nullam

535 1691 810 1748 patentem
861 1696 1074 1756 portam
1124 1689 1493 1760 relinqueret,
1544 1709 1642 1764 per
1689 1713 1852 1765 quam
1900 1701 2099 1770 aliquis

2206 512 2482 583 ρακούσιοι
2515 511 2793 568 Διονύσιον
2817 512 2910 568 τὸν
2935 513 3190 579 Σικελίας
3214 516 3483 587 τύραννον.

2273 781 2350 841 Γ.
2377 786 2539 842 Ὅθεν
2575 787 2774 859 ὀχυρόν
2805 802 2928 842 τινα
2967 785 3173 857 πύργον
3209 786 3314 840 τῶν
3348 787 3489 840 ἔνδον
3519 786 3604 840 τοῦ
3639 807 3727 840 πα-

2197 879 2358 933 λαιοῦ
2398 879 2662 932 παλατίου
2701 877 3106 950 ἀπολεξάμενος
3144 880 3557 942 κατασκευάζειν
3589 882 3730 947 ἐγνώ-

2201 989 2285 1025 κει
2313 973 2448 1041 πρὸς
2477 972 2623 1041 μάλα
2649 972 2784 1026 πολὺ
2811 972 2907 1026 τοῦ
2935 971 3096 1043 ἀέρος
3125 971 3211 1043 [Ρ.
3241 971 3368 1043 ὶ59]
3394 972 3452 1023 τὸ
3476 971 3596 1040 ῡψος
3625 973 3729 1024 ἀνά-

2200 1079 2391 1128 γοντα,
2421 1064 2516 1114 καὶ
2545 1063 2824 1126 οἱκίσκους
2852 1064 2909 1117 ἐν
2936 1062 3085 1131 αὐτῷ
3117 1059 3345 1125 πολλοὺς
3378 1061 3473 1131 μὲν
3491 1103 3504 1127 ,
3531 1061 3724 1130 χώρημα

2198 1151 2243 1205 δ’
2262 1153 2491 1206 ἕκαστον
2515 1153 2706 1223 ἔχοντα
2733 1147 2942 1224 μήκους
2967 1154 3080 1224 ἅμα
3103 1157 3198 1208 καὶ
3225 1153 3456 1214 πλάτους
3477 1153 3616 1204 οὐδὲν
3633 1153 3727 1219 ούρι

2201 1246 2326 1313 γιᾶς
2358 1245 2469 1316 (85)
2505 1245 2704 1316 μᾶλλον
2728 1259 2741 1275 ⁸
2773 1247 2863 1298 τόν
2891 1262 2953 1313 γε
2987 1247 3092 1314 μὴν
3127 1246 3218 1297 ἐπὶ
3246 1244 3352 1297 τῶν
3381 1244 3638 1308 ἐπάλξεων
3661 1259 3729 1295 πε-

2203 1321 2456 1407 ρίδρομον
2479 1337 2579 1388 οὐκ
2601 1335 2828 1400 ἔσωθεν,
2861 1333 2975 1388 ἀλλ’
2999 1333 3202 1398 ἔξωθεν
3229 1329 3368 1387 εἶναι
3402 1333 3699 1402 ἐληλαμένον
3717 1349 3728 1362 ⁵

2202 1428 2374 1482 αἴτιον
2398 1427 2444 1481 δ’
2466 1427 2552 1481 ἵνα
2584 1427 2790 1489 πάντας
2824 1426 3056 1488 ὁπόσους
3086 1427 3292 1488 ἐκεῖνος
3320 1420 3433 1493 εἶχε
3461 1424 3730 1495 δεσμώτας,

2201 1519 2294 1572 καὶ
2321 1520 2478 1582 ὅσους
2505 1513 2648 1585 ἕξειν
2669 1517 2756 1570 διὰ
2780 1517 3008 1586 μελέτης
3030 1512 3162 1586 εἷχε,
3197 1514 3516 1583 συναγαγὼν
3533 1517 3618 1567 καὶ
3636 1531 3734 1579 συγ-

2199 1610 2421 1674 κλείσας
2483 1611 2636 1673 ἐντὸς
2699 1611 2969 1680 μηδεμίαν
3010 1607 3368 1679 ἀνεῳγμένην
3412 1607 3584 1669 αὐτοῖς
3620 1605 3735 1676 ἐάσῃ

2201 1703 2412 1774 πύλην,
2444 1703 2513 1757 δι’
2536 1698 2604 1774 ἦς
2641 1703 2706 1759 ἄν
2741 1705 2826 1764 τις
2861 1701 3088 1755 εἰσέλθοι
3123 1717 3184 1753 τε
3221 1698 3320 1753 καὶ⁵
3356 1692 3554 1762 ἐξέλθοι
3575 1712 3589 1728 ο
3623 1696 3738 1749 ἀλλὰ

535 1773 766 1830 introire
811 1785 906 1831 aut
938 1779 1128 1849 egredi
1159 1793 1343 1851 posset
1373 1803 1387 1850 ;
1424 1785 1522 1839 sed
1569 1787 1845 1856 lapidibus
1873 1767 2100 1849 cunctas

2202 1767 2366 1856 λίθοις
2390 1767 2486 1848 καὶ
2504 1767 2701 1864 τιτᾶνῳ
2721 1793 3064 1863 περιφράξας
3086 1792 3310 1853 ἁπάσας
3331 1789 3514 1859 ὥσπερ
3536 1787 3738 1855 ἐντάφφ

531 1875 589 1918 et
639 1883 810 1936 gypso
856 1869 1197 1939 Obstrueret,
1233 1884 1400 1946 atque
1449 1877 1938 1949 ita.quasi'vivos
1978 1885 2100 1941 illos

531 1958 813 2026 sepeliret.

605 2048 696 2104 IV.
737 2051 1032 2122 Postquam
1094 2057 1279 2127 itaque
1317 2059 1629 2117 absolutum
1679 2074 1765 2120 est
1807 2066 2099 2124 editicium

535 2141 670 2195 illud
717 2144 843 2198 novi
876 2150 1116 2215 generis,
1150 2167 1276 2206 cum
1328 2165 1610 2223 oporteret
1660 2157 1903 2212 triduum
1955 2161 2100 2217 intra

531 2246 652 2296 eos,
696 2235 791 2304 qui
838 2236 895 2292 in
941 2241 1177 2296 vinculis
1206 2252 1386 2309 erant,
1432 2247 1640 2302 includi
1673 2263 1862 2327 omnes
1907 2252 2095 2317 simul,

533 2331 792 2394 tanquam
825 2329 878 2383 in
907 2345 1090 2386 arcem
1118 2333 1338 2402 Oblivii,
1365 2347 1460 2391 aut
1509 2340 1818 2409 sepulcrum
1877 2344 2099 2414 aliquod

533 2425 849 2480 commune,
888 2418 1130 2477 incidere
1169 2423 1245 2477 illi
1278 2425 1333 2480 in
1361 2436 1607 2496 apertam
1645 2431 1770 2484 vitae
1819 2435 2101 2502 praesentis

531 2507 954 2578 communisque
1005 2514 1264 2570 omnibus
1295 2517 1436 2572 lueis
1472 2519 1932 2589 desperationem,
1972 2526 2102 2580 sub-

537 2595 752 2667 iitque,
823 2602 1034 2671 abjecta
1087 2607 1171 2660 sui
1227 2611 1468 2678 Ipsorum
1518 2612 1674 2682 731
1725 2629 1879 2678 cura,
1926 2617 2100 2670 aleam

531 2699 751 2745 omnem
782 2693 1044 2751 audacius
1064 2697 1271 2767 jacere,
1303 2709 1358 2755 et
1386 2709 1678 2772 antequam
1719 2706 1824 2759 vivi
1853 2717 2102 2776 paratum

533 2783 589 2837 in
615 2785 884 2840 tumulum
905 2785 1348 2853 detruderentur,
1367 2791 1600 2847 duorum
1626 2786 1856 2850 alterum
1878 2814 2098 2865 navare,

531 2885 696 2945 atque
734 2887 831 2933 aut
877 2886 1110 2950 tyranno
1161 2883 1434 2940 trucidato
1481 2900 1676 2954 parare
1727 2888 1835 2942 sibi
1870 2887 2000 2957 ipsis
2027 2891 2099 2944 li-

532 2965 824 3033 bertatem,
860 2979 952 3023 aut
981 2971 1128 3024 virili
1179 2972 1346 3026 semel
1390 2984 1567 3028 morte
1599 2977 1860 3043 appetita,
1891 2979 2102 3047 gravis-

531 3057 688 3110 simis
731 3061 782 3112 in
816 3069 1094 3129 posterum
1132 3066 1392 3118 aerumnis
1426 3065 1670 3121 liberari.
1709 3069 1762 3122 ld
1810 3070 2098 3125 consilium
2128 3098 2172 3157 ο

531 3162 658 3201 cum
695 3148 840 3203 inter
870 3165 929 3204 se
963 3153 1464 3209 communicassent
1494 3167 1729 3224 quatuor
1765 3174 1833 3214 ex
1867 3161 2101 3216 nobilio-

439 3237 441 3240 ⁴
531 3237 706 3300 ribus.
740 3241 879 3295 ultra
911 3245 1163 3311 progredi
1201 3260 1310 3298 non
1339 3247 1564 3314 placuit,
1594 3264 1661 3301 ne
1694 3250 2096 3320 divulgaretur.

530 3326 745 3384 Etenim
787 3333 900 3398 ipsa
929 3331 1100 3386 futuri
1133 3334 1409 3389 evidentia
1445 3341 1785 3397 manifestam
1821 3341 1981 3396 ﬁdem
2015 3343 2099 3398 fa-

528 3420 727 3481 ciebat.
748 3421 840 3474 ubi
867 3437 979 3476 rem
1004 3428 1238 3494 aggressi
1263 3438 1468 3493 essent,
1493 3430 1706 3485 futuros
1728 3434 1794 3488 iis
1816 3435 2100 3506 adjutores

531 3513 588 3565 in
635 3526 702 3566 eo
753 3513 1026 3568 libertatis
1069 3519 1369 3574 certamine
1417 3536 1512 3576 eos
1559 3539 1773 3587 omnes,
1805 3527 1899 3595 qui
1931 3529 2100 3584 vincti

531 3613 876 3672 tenerentur,
912 3621 1222 3678 quanquam
1256 3609 1401 3665 haud
1436 3597 1866 3682 pra-meditatos.

615 3887 676 3940 ν.
717 3886 852 3943 Cum
903 3889 1070 3959 igitur
1112 3890 1314 3946 soleret
1364 3893 1696 3962 Apoeaucus.
1727 3895 1856 3951 illuc
1901 3899 2101 3968 sapius

530 3979 635 4046 ire,
669 3995 734 4034 ac
767 3991 897 4035 tunc
943 3981 1179 4038 maxime
1223 3983 1408 4038 fabros
1441 3983 1506 4038 ad
1539 4002 1676 4054 opus
1704 3999 1922 4056 urgeret
1960 4009 1975 4055 ;
2007 3991 2100 4047 ubi

531 4086 828 4141 supremus
879 4073 994 4127 dies
1047 4074 1222 4139 alluit,
1277 4091 1386 4144 quo
1437 4075 1726 4145 oportebat
1777 4080 1844 4133 ad
1889 4082 2098 4136 exitum

529 4164 756 4233 perduci
807 4180 870 4217 ea
914 4182 1034 4235 qua:
1070 4166 1372 4221 deliberata
1403 4178 1580 4234 erant,
1616 4171 1765 4226 venit
1796 4182 1921 4242 post
1953 4189 2098 4230 som-

535 4269 664 4306 num
714 4263 769 4307 et
799 4270 1039 4308 mensam
1087 4267 1429 4325 aspecturus,
1465 4273 1659 4328 nempe
1711 4262 2005 4332 singularis
2036 4265 2100 4320 il-

531 4343 642 4397 lius
677 4345 914 4399 carceris
957 4345 1202 4398 ultimam
1257 4347 1744 4402 exaeditieationem
1787 4360 1842 4403 et
1879 4351 2100 4406 absolu-

2204 1883 2415 1948 ζῶντας
2444 1887 2669 1957 κατέχῃ.

2271 2073 2346 2126 Δ’.
2384 2069 2540 2122 Ἐπεὶ
2569 2067 2625 2122 δὲ
2655 2066 2804 2129 τέλος
2836 2064 2948 2137 εἶχε
2981 2068 3047 2121 τὰ
3078 2069 3175 2136 τῆς
3210 2066 3368 2135 ξένης
3397 2065 3596 2133 ἐκείνης
3621 2063 3741 2116 οἰκο-

2200 2160 2418 2228 δομίας,
2439 2161 2530 2211 καὶ
2550 2157 2656 2210 ἔδει
2679 2156 2844 2226 τριῶν
2867 2155 3088 2226 ἡμερῶν
3113 2155 3324 2224 μεταξὺ
3347 2154 3469 2216 τοὺς
3493 2150 3742 2220 δεσμώτας
3799 2183 3806 2185 -

2201 2249 2338 2318 ὁμοῦ
2371 2248 2792 2317 συγκλεισθῆναι
2827 2247 3038 2309 πάντας
3066 2245 3256 2309 ἐντὸς,
3292 2245 3538 2314 καθάπερ
3564 2243 3637 2304 είς
3662 2241 3740 2309 λή-

2202 2341 2299 2408 θης
2329 2340 2587 2410 φρούριον
2615 2340 2724 2407 (86)
2752 2339 2786 2409 ἦ
2817 2339 2993 2392 κοινὸν
3021 2337 3396 2409 πολυάνδριον,
3424 2338 3500 2398 είς
3527 2337 3743 2401 ἀπόγνω-

2203 2449 2288 2485 σιν
2309 2428 2446 2504 ἦκον
2471 2434 2519 2484 οἱ
2546 2431 2756 2500 δέσμιοι
2787 2431 3040 2500 προφανῆ
3068 2431 3165 2501 τῆς
3193 2434 3478 2500 παρούσης
3501 2429 3636 2497 ζώῆς
3657 2427 3741 2479 καὶ

2201 2523 2297 2575 τοῦ
2327 2521 2508 2576 κοινοῦ
2537 2526 2649 2584 τοῖς
2683 2523 2847 2574 πᾶσιν
2876 2521 3027 2590 ἡλίου
3055 2537 3070 2552 ⁸
3102 2523 3202 2597 καὶ
3239 2523 3390 2589 σφῶν
3418 2522 3584 2574 αὐτῶν
3609 2522 3742 2587 ἀφει-

2199 2615 2425 2684 δήσασιν
2459 2614 2551 2665 ἐπὶ
2586 2613 2646 2665 τὸ
2684 2611 3138 2682 παραϐολώτερον
3172 2614 3308 2675 τοῦς
3340 2612 3436 2679 τῆς
3469 2612 3626 2681 τύχης
3658 2609 3742 2662 κύρ

2203 2707 2330 2769 ϐους
2370 2707 2729 2777 ἀναῤῥὶπτειν
2771 2705 2949 2775 ἐπῄει,
2991 2706 3085 2758 καὶ
3130 2707 3269 2776 πρὶν
3316 2706 3516 2768 ζῶντας
3557 2707 3628 2766 είς
3665 2704 3741 2754 τὸν

2203 2799 2569 2868 προκείμενον
2612 2797 2950 2866 ἐμϐληθῆναι
2998 2796 3199 2864 τάφον,
3250 2794 3741 2874 δυοῖν,ὲργάσασοαι

2203 2889 2431 2959 θάτερον
2453 2903 2470 2919 ⁸
2507 2887 2541 2957 ἢ
2580 2887 2723 2954 ξίφει
2756 2888 2846 2939 τὸν
2877 2885 3140 2956 τύραννον
3169 2885 3630 2957 διαχρησαμένους
3659 2883 3741 2949 τὴν

2202 2977 2297 3032 τοῦ
2328 2979 2443 3048 βίου
2465 2980 2656 3048 σφίσιν
2683 2979 2862 3040 αὐτοῖς
2889 2969 3206 3046 ἐλευθερίαν
3236 2975 3586 3046 πορίσασθαι·
3609 2974 3639 3045 ἢ
3661 2972 3738 3023 τὸν

2203 3071 2429 3142 ἀνδράσι
2475 3073 2754 3139 πρέποντα
2797 3069 3026 3123 θάνατον
3065 3068 3214 3133 ἅπαξ
3262 3069 3503 3130 ἐκτίσασι
3544 3065 3740 3136 μακρῶν

2205 3162 2296 3214 τοῦ
2325 3161 2515 3214 λοιποῦ
2543 3163 2733 3214 δεινῶν
2765 3161 3126 3230 ἀπηλλάχθαι.
3160 3163 3259 3224 Εἰς
3290 3162 3549 3231 τέτταρας
3577 3158 3739 3229 μὲνδὴ

2203 3253 2623 3320 τῶν.εύγενεστέ
2634 3272 2742 3319 ρων
2769 3254 2828 3307 τὸ
2855 3254 3091 3306 τοιοῦτον
3117 3253 3449 3324 διασεδηκδς
3475 3253 3738 3323 βούλευμα,

2205 3347 2516 3416 περαιτέρω
2545 3346 2861 3415 προϐαίνειν
2885 3347 2984 3398 οὐκ
3014 3346 3205 3416 ἐκρίθη
3238 3346 3371 3410 δεῖν,
3400 3347 3472 3408 ὡς
3503 3345 3572 3416 μὴ
3599 3345 3738 3396 ἐκπνο

2205 3453 2329 3490 στον
2360 3437 2639 3507 φωραθείη
2667 3438 2976 3506 γενὸμενον.
3007 3434 3081 3489 Τὸ
3111 3438 3220 3505 γάρ
3253 3455 3334 3490 τοι
3366 3437 3626 3507 προφανὲς
3646 3434 3737 3486 τῶν

2204 3527 2434 3580 ἐλπίδων
2471 3529 2996 3598 ἀναμφισϐητήτως
3033 3528 3182 3588 τινὰς
3229 3528 3475 3582 ὑπετίθει
3504 3527 3594 3586 τὰς
3631 3525 3741 3576 ὑποο

2206 3617 2440 3686 σχέσεις,
2471 3617 2722 3687 ἐπιχειρή
2735 3633 2888 3669 σασιν
2917 3616 3068 3685 ἥξειν
3097 3618 3214 3685 ἅμα
3246 3620 3452 3680 πάντας
3479 3616 3744 3683 συλλήπτο-

2205 3727 2306 3779 ρας
2335 3711 2460 3772 τοὺς
2489 3709 2801 3780 δεσμώτας
2826 3713 2922 3762 καὶ
2954 3710 3028 3778 μὴ
3061 3712 3598 3782 προμελετήσαντας,
3621 3709 3671 3770 ἐς
3695 3707 3743 3756 τὸ

2203 3803 2379 3855 κοινὸν
2406 3803 2506 3872 τῆς
2538 3802 2852 3870 ἐλευθερίας
2879 3801 3116 3855 στάδιον.

2273 3891 2348 3950 E'.
2383 3892 2584 3957 Είωθὸς
2631 3893 2737 3946 οὖν’
2773 3892 3097 3963 Ἀποκαύκῳ
3142 3896 3472 3968 συχνότερον
3522 3893 3744 3961 ἐνδημεῖν

2203 3983 2340 4049 ἐκεῖ,
2372 3985 2467 4036 καὶ
2499 3984 2747 4053 μάλιστα.
2776 3982 2870 4036 νῦν
2917 3981 3309 4051 ἐπιταχύνοντι
3368 3983 3502 4052 πρὸς
3546 3979 3695 4048 τοῦργ
3713 3993 3744 4027 -ν

2202 4074 2330 4136 τοὺς
2391 4075 2690 4136 τέκτονας-ν
2737 4072 2926 4142 ἐπειδὴ
2990 4070 3085 4124 καὶ
3138 4073 3170 4142 ἡ
3239 4073 3526 4126 τελευταία
3589 4070 3744 4138 min

2199 4167 2405 4238 ἡμέραν
2439 4165 2561 4217 καθ’
2613 4166 2680 4234 ἢν
2725 4166 2804 4228 είς
2872 4167 3046 4234 πέρας
3100 4165 3205 4218 ἔδει
3259 4163 3646 4236 προενεχθῆναι
3695 4160 3744 4205 τὸ

2203 4257 2498 4326 βούλευμα,
2547 4252 2650 4328 ἧκε
2710 4259 2826 4326 μεθ’
2865 4257 3032 4312 ὕπνον
3083 4260 3178 4312 καὶ
3239 4257 3519 4327 τράπεζαν
3564 4254 3743 4320 ὀψόμε-

2202 4367 2288 4412 νος
2318 4351 2428 4418 (87)
2478 4348 2576 4419 τὴν
2619 4351 2717 4418 τῆς
2758 4350 2934 4423 ξένης,
2960 4351 3180 4420 εἱρκτῆς
3227 4349 3542 4403 τελευταίαν
3570 4343 3745 4398 οἰκοδο·
3815 4377 3818 4380 ~

533 4446 642 4489 tam
682 4438 845 4491 totius
893 4438 1077 4506 operis
1126 4439 1678 4493 consummationem.
1726 4440 1785 4492 Et
1841 4441 1966 4510 quia
1999 4459 2096 4512 per

2205 4430 2334 4512 μίαν
2369 4445 2460 4496 καὶ
2510 4441 2598 4495 τὸν
2653 4443 2876 4495 ἀνενδεᾶ
2923 4442 3021 4512 τῆς
3077 4443 3202 4511 ὅλης
3251 4441 3595 4511 ἀπαρτισμὸν
3636 4439 3745 4488 ὑπν-

531 4545 784 4584 somnum
823 4531 910 4584 illa
944 4533 1031 4586 die
1071 4532 1211 4602 (erat
1259 4542 1441 4586 autem
1476 4533 1764 4586 undecima
1804 4534 1975 4604 Junii)
2007 4552 2098 4604 pa-

531 4636 692 4676 vores
723 4639 845 4675 cum
897 4623 1117 4692 quidam
1165 4626 1234 4677 ab
1285 4625 1565 4679 atrocibus
1603 4626 1832 4692 somniis
1873 4629 2094 4682 excitati

531 4715 1010 4782 perturbaverant,
1029 4715 1208 4784 qualia
1237 4716 1373 4769 solet
1394 4731 1534 4785 saepe
1558 4732 1758 4770 numen
1790 4717 1854 4771 iis
1879 4719 2097 4774 casibus

531 4815 778 4873 portenta
829 4809 1179 4875 przemittere,
1230 4807 1282 4860 id
1335 4808 1584 4875 quidem,
1622 4810 1768 4878 quod
1804 4826 1954 4880 spem
1992 4811 2096 4864 ali-

527 4909 692 4962 quam
737 4897 929 4949 salutis
963 4896 1246 4959 all‘ercbat,
1286 4912 1393 4951 non
1431 4899 1689 4967 providit,
1732 4903 1876 4968 quod
1914 4914 2096 4955 autent

497 5027 504 5036 .
533 4985 634 5054 ipsi
667 4985 733 5039 ad
768 4988 1139 5058 impendentia
1169 4989 1413 5058 pericula
1453 4991 1758 5046 breviorem
1787 4995 1926 5048 viam
1979 5011 2097 5048 mu-

528 5078 738 5142 niebat,
781 5079 915 5134 illud
965 5079 1072 5136 sibi
1105 5081 1173 5134 ad
1229 5080 1460 5136 salutem
1513 5084 1710 5140 melius
1761 5099 1884 5140 esse
1943 5086 2098 5142 duxit

2206 4523 2425 4597 θέσεως.
2456 4534 2564 4586 Καὶ
2599 4532 2786 4603 ἐπειδὴ
2834 4534 2974 4585 κατὰ
3017 4532 3142 4595 τοὺς
3173 4533 3270 4600 τῆς
3308 4533 3519 4601 ἡμέρας
3557 4529 3744 4590 ἐκείνης

2207 4627 2409 4689 ὕπνους
2468 4626 2753 4696 (ἑνδεκάτη
2803 4624 2848 4676 δ’
2902 4621 2968 4695 ἦν
2997 4623 3237 4693 Ἰουνίου)
3279 4623 3502 4693 θόρυΰοὶ
3543 4634 3674 4678 τινες
3702 4613 3748 4675 ἐξ

2202 4718 2428 4787 ὀνείρων
2482 4719 2687 4787 ἀγρίων
2728 4717 2894 4769 αὐτὸν
2929 4715 3289 4784 ἐξεφόβησαν,
3322 4709 3411 4766 οἶα
3453 4712 3592 4782 φὶ).Ξῖ
3636 4707 3747 4758 ππ.

2203 4811 2359 4872 λάκις
2383 4812 2441 4862 έν
2480 4811 2590 4872 τοῖς
2619 4807 2881 4871 τοιούτοις
2919 4810 3335 4877 προαναφωνεῖν
3370 4807 3430 4858 τὸ
3468 4803 3745 4871 δαιμόνιοι,

2201 4903 2230 4954 ὃ
2266 4902 2364 4973 μὲν
2400 4901 2546 4971 αὐτῷ
2585 4900 2862 4970 σωτηρίας
2907 4896 3050 4969 εἶχεν
3085 4899 3328 4965 ἐλπίδας,
3356 4900 3417 4951 ού
3471 4893 3746 4966 μεμελέτη-

2205 5012 2299 5048 κεν
2323 5011 2336 5023 ’
2368 4993 2396 5046 ὃ
2425 4994 2469 5046 δ’
2502 4991 2646 5064 εἶχεν
2677 4993 2756 5055 είς
2795 4993 2919 5056 τοὺς
2954 4993 3363 5063 ἐπηρτημένους
3404 4989 3547 5055 αύτῴ
3596 4982 3752 5036 xw};-

2205 5103 2328 5148 νους
2355 5087 2590 5156 ὀξύτερα
2640 5083 2707 5138 τὰ
2751 5085 2960 5153 ἐφόδια,
2989 5083 3145 5136 τοῦτο
3178 5083 3243 5152 δὴ
3294 5085 3386 5136 καὶ
3427 5079 3631 5151 βέλτιον
3682 5079 3751 5130 εἰς

1874 5226 2213 5287 Variorum
2263 5233 2450 5286 nota).
2501 5275 2513 5281 -

527 5417 570 5470 Β
602 5347 712 5417 (85)
745 5347 982 5405 Barbare
1008 5365 1104 5421 pro
1138 5348 1385 5420 ὀργυιᾶς.
1419 5352 1554 5408 Vide
1573 5354 1814 5411 Glossar.
1851 5357 2092 5426 Ducang.

573 5435 736 5470 OIVIN.
1777 5451 1792 5470 ι

573 5435 736 5471 OIVIN.

526 5451 872 5609 ἓξὲξίὶῖγίόε
901 5493 1133 5562 Procop.
1164 5493 1236 5546 De
1269 5494 1403 5548 bello
1440 5493 1672 5562 Persico,
1700 5451 1798 5551 lib:
1825 5512 1862 5562 I,
1891 5511 2012 5565 cap.
2041 5496 2094 5550 5.

611 5575 734 5609 IVIN-

611 5575 734 5615 lVlN.

598 5629 708 5695 (8")
746 5633 981 5686 Verbum
1017 5633 1182 5688 verbo
1220 5634 1454 5694 reddidi.
1491 5650 1588 5688 nec
1628 5653 1795 5691 ausus
1852 5654 1970 5692 sum
2002 5641 2102 5694 ali-

531 5703 615 5748 ter
644 5708 1034 5773 interpungere
1092 5714 1253 5772 atque
1313 5715 1370 5757 ut
1421 5705 1475 5758 in
1508 5708 1694 5762 codice
1725 5710 1892 5775 Regio
1932 5712 2101 5765 inter-

2199 5366 2463 5426 punctum
2494 5353 2792 5426 erat.Quid
2825 5349 3168 5426 δῖε-τράπεζα
3195 5345 3466 5426 ίιοειοεο,
3491 5356 3593 5395 non
3629 5345 3747 5391 satis

2201 5417 2491 5494 assequor.
2539 5417 2800 5479 Fortasse
2855 5417 2966 5474 hie
2999 5433 3190 5494 sensus
3235 5425 3367 5469 est:
3413 5417 3745 5494 _Apocaucuft_t

2201 5499 2305 5549 diri
2338 5487 2480 5548 illius
2523 5495 2748 5548 carceris
2804 5498 3015 5561 aspectu
3076 5487 3244 5540 oculos
3303 5487 3521 5553 pavisse.
3561 5495 3621 5561 nc
3673 5488 3748 5561 rut:

2200 5584 2383 5619 somno
2408 5568 2697 5628 excitatum
2734 5580 2791 5615 co
2822 5559 3076 5628 tanquam
3109 5562 3175 5610 ad
3205 5573 3439 5608 mensam
3487 5559 3746 5628 ομᾶρι-νξῖεη

2207 5640 2516 5688 cucurrisse.
2550 5639 2630 5688 An
2662 5627 2746 5686 liis
2773 5625 2954 5684 venit:
2981 5630 3172 5693 semel,
3201 5635 3314 5697 post
3349 5640 3606 5684 somnum,
3657 5625 3748 5667 itc-

2208 5722 2326 5760 rum
2357 5717 2471 5775 post
2505 5722 2734 5758 mensum
2769 5704 2790 5754 .9
2821 5703 3026 5755 μῆνιν.
