3944 6206
209 289 318 350 {59
604 285 678 356 [Α.
719 300 768 341 c.
813 285 972 358 l3t5]

1216 291 1655 354 ΒΥΖΑΝΤΙΝίΕ.
1693 291 2072 351 IIlSTORLE
2112 291 2254 351 LIB.
2297 292 2448 352 XIV.

2551 286 2692 357 Ῑιιιιι.
2731 303 2774 342 ι.
2817 305 3054 344 numen.
3096 289 3153 360 ι]

3331 296 3434 356 971)

212 403 486 472 σωτηρίαν
539 398 682 456 εἶναι
744 403 969 475 κέκρικέ
1023 421 1079 458 τε
1143 406 1236 458 καὶ
1283 406 1478 460 εἵλετο.
1507 404 1581 457 Τὸ
1609 404 1655 458 δ’
1683 400 1774 474 ἦν,

1891 404 2121 472 ideoque
2150 402 2409 474 praetulit.
2461 401 2590 457 Erat
2626 405 2792 472 poi-ro
2836 405 2993 467 illud.
3024 405 3287 462 satellites
3317 408 3436 478 ejus

206 492 314 556 ἔξω
348 489 500 562 παρά
525 492 622 554 τὰς
661 489 756 544 τοῦ
799 490 1062 544 παλατίου
1104 491 1314 544 ἐκείνου
1350 491 1524 553 πύλας
1561 490 1766 559 ἀφέντα

205 584 334 644 coit;
355 581 686 652 δορυφόρους
715 581 877 634 αὑτοῦ
907 585 998 636 καὶ
1021 581 1364 643 ὑπασπιστὰς
1391 581 1526 650 ὁμοῦ
1563 581 1768 640 πάντας

199 673 334 744 μεθ’
373 673 490 732 ἑνός
520 690 665 734 τινος
689 673 772 735 είς
813 673 875 725 τὸ
927 673 1020 725 τοῦ
1054 674 1514 742 φιλοτεχνήματος
1543 672 1768 742 θέατρον

208 767 455 820 είσιέναι.
494 766 578 837 [Ρ.
613 765 737 838 460]
765 765 918 819 Οὕτω
945 767 1052 836 γάρ
1071 767 1311 834 ἐνόμισε,
1343 766 1470 836 μήτ’
1495 765 1557 829 ἐξ
1587 764 1770 818 αὐτῶν

206 857 362 919 ἐντὸς
393 856 710 924 ἐγγενέσθαι
736 858 786 910 oi
819 857 1114 926 ἐπιϐουλήν
1141 873 1284 921 τινα,
1319 856 1448 926 μήτ’
1484 855 1683 920 ἔξωθεν
1712 854 1773 919 ἐξ

205 948 504 1019 ἀλλοτρίων
531 947 659 1012 ίσως
682 950 774 1002 καὶ
802 948 1051 1020 δημοτῶν
1074 948 1573 1018 ξυμμελετηθσῐσαν
1593 963 1607 979 ·
1633 944 1772 1000 εἶναι

203 1042 322 1110 γὰρ
355 1039 620 1110 μεγίστην
648 1041 769 1102 ταῖς
804 1040 1002 1102 πύλαις
1053 1039 1350 1107 ἀσφάλειαν
1379 1041 1502 1102 τοὺς
1531 1038 1774 1102 οἰκείους

205 1134 452 1196 ἐκείνους
493 1132 858 1194 ὑπασπιστάς.
912 1129 1098 1192 Οὕτως
1151 1131 1179 1182 ό
1231 1129 1595 1201 δρασσόμενος
1647 1130 1771 1189 τοὺς

207 1225 408 1294 σοφοὺς
433 1227 494 1278 ἐν
521 1227 588 1295 τῇ
617 1222 920 1293 πανουργίᾳ
960 1222 1139 1276 αὐτῶν
1179 1225 1278 1291 τὴν
1311 1222 1503 1274 τούτου
1536 1221 1774 1275 διάνοιαν

207 1315 468 1384 ἔσφηλεν,
521 1316 609 1367 ἵνα
661 1316 789 1384 ῥᾷον
845 1312 1046 1384 μᾶλλον
1095 1311 1204 1363 τῶν
1263 1310 1558 1381 ἀλλοτρίων
1614 1310 1776 1372 αὐτὸς

204 1405 390 1473 ἑαυτῷ
418 1403 733 1472 καταστήσῃ
753 1401 842 1454 τὸν
870 1400 1129 1454 κίνδυνον.
1210 1404 1216 1410 ’

286 1493 375 1560 (τ’.
416 1494 685 1554 Είσιόντος
720 1492 812 1545 οὖν
835 1491 929 1544 καὶ
963 1491 1267 1560 ἀρξαμένου
1315 1491 1431 1553 τοῖς
1470 1488 1776 1558 οἰκοδόμοις

191 1584 552 1652 διαλέγεσθαι
610 1584 737 1656 περὶ
779 1583 887 1636 τῶν
929 1583 1236 1654 πρακτέων,
1277 1583 1339 1636 τὸ
1390 1581 1692 1652 προστυχὸν
1748 1583 1778 1634 ό

219 1676 418 1730 Ῥαοὺλ
465 1675 683 1744 πρῶτος
727 1676 983 1743 ἀρπάσας
1024 1674 1137 1744 (88)
1177 1674 1410 1744 ῥόπαλον
1454 1673 1618 1744 (μηδὲ
1665 1671 1776 1744 γὰρ

1877 500 1933 545 οι
1967 492 2268 561 armigeros
2304 506 2497 547 omnes
2543 493 2707 548 simul
2755 495 3006 550 exclusos
3053 496 3203 551 illius
3249 497 3433 566 palatii

1879 583 2015 634 atria
2050 581 2211 650 732
2263 595 2527 648 servare;
2568 583 2744 652 ipsum
2789 599 2918 638 vero
2956 599 3080 641 cum
3110 601 3222 640 uno
3250 587 3437 655 aliquo

1876 671 2088 740 ingredi
2122 680 2189 724 ait
2238 671 2423 740 operis
2471 672 2610 740 grati
2658 674 3055 742 spectaculum.
3105 675 3182 729 Ita
3233 675 3436 744 quippe

1875 777 1979 817 nec
2009 763 2157 817 intus
2191 763 2260 817 ab
2309 765 2374 817 iis
2415 764 2702 818 imminere
2742 765 2844 818 sibi
2892 766 3118 820 insidias
3162 767 3432 830 credidit;

1877 867 1982 908 nec
2007 853 2162 920 foris,
2193 854 2262 908 ab
2287 854 2480 909 alienis
2511 856 2650 910 forte
2683 871 2780 910 seu
2811 871 2840 909 a
2869 857 3070 926 populo
3105 859 3394 912 meditatas
3421 875 3436 912 ς

1878 945 2174 999 maximum
2207 945 2353 1000 enim
2383 957 2527 1001 stare
2562 962 2661 1016 pro
2696 947 2906 1002 foribus
2939 948 3276 1017 praesidium,
3307 964 3437 1003 suos

1880 1033 2003 1088 illos
2033 1034 2344 1102 stipatores.
2375 1036 2466 1090 Sic
2502 1036 2614 1098 ille,
2642 1037 2734 1105 qui
2771 1036 3192 1105 comprehendit
3220 1036 3439 1106 sapien-

1879 1130 1962 1179 tes
1993 1123 2048 1178 in
2073 1126 2270 1180 astutia
2298 1141 2517 1189 eorum,
2542 1137 2777 1180 mentem
2805 1126 2963 1180 istius
2991 1126 3300 1188 subvertit;
3331 1141 3440 1194 quo

1881 1214 2098 1270 facilius
2131 1217 2246 1285 ipse
2277 1217 2407 1280 sibi,
2437 1226 2493 1272 et
2526 1216 2698 1286 magis
2724 1231 2888 1286 quam
2915 1205 3096 1286 quivis
3117 1225 3439 1282 extraneus,

1883 1305 2194 1377 periculum
2233 1307 2512 1363 conﬂaret.

1953 1490 2041 1544 VI.
2081 1489 2219 1545 Cum
2266 1490 2453 1560 itaque
2495 1497 2644 1544 esset
2677 1490 2977 1559 ingressus,
3005 1504 3069 1542 ac
3115 1488 3183 1542 de
3224 1488 3290 1542 iis
3321 1502 3446 1558 qua:

1881 1581 2090 1653 agenda
2132 1589 2316 1635 essent
2361 1581 2620 1649 cmpisset
2660 1581 2898 1650 colloqui
2949 1595 3072 1634 cum
3123 1580 3446 1634 architectis

1883 1673 2095 1742 primus
2131 1670 2289 1735 Raul,
2323 1682 2541 1739 arrepto
2571 1685 2732 1739 quem
2764 1672 2874 1726 fors
2907 1671 3108 1726 obtulit
3149 1670 3288 1726 fuste
3320 1670 3446 1740 (nec

194 1769 469 1836 παρεῖναι
492 1767 648 1834 ξίφος
674 1766 827 1820 οὐδὲν
847 1767 965 1818 ἐκεῖ
988 1768 1100 1828 τοῖς
1126 1763 1416 1834 δεσμίοις),
1438 1765 1532 1818 καὶ
1562 1764 1698 1834 πρὸς
1719 1762 1782 1816 τὸ

1891 1764 2032 1818 enim
2066 1763 2211 1817 ullus
2260 1761 2586 1832 suppetebat
2639 1762 2754 1816 illic
2785 1763 2983 1816 vinctis
3012 1761 3249 1832 gladius)
3277 1761 3448 1815 furio-

196 1859 587 1930 μανικώτερόν
621 1873 682 1910 τι
727 1859 822 1913 καὶ
870 1855 1221 1919 ἐνθουσιῶδες
1266 1857 1361 1910 τοῦ
1394 1856 1559 1927 ἧθους
1606 1855 1777 1908 ἐλθὼν

203 1949 320 2004 ὑπὸ
365 1949 515 2011 δέους
567 1949 663 2000 καὶ⁸
707 1945 1070 2016 ἀπογνώσεως
1106 1946 1370 2016 ἐξέδραμε
1417 1945 1539 2000 κατ’
1584 1946 1774 2010 αὐτοῦ,

201 2037 395 2091 τοιάδε
423 2035 796 2105 φθεγγόμενος
821 2051 836 2066 ο
870 2051 890 2086 ι
924 2034 1068 2098 Ἕως
1095 2027 1226 2087 πότι
1255 2049 1348 2086 σου
1385 2032 1484 2104 τὴν
1510 2033 1778 2103 ἀπήνειαν

197 2129 527 2201 ήτάπίγεια
573 2126 841 2197 βόσκουσα
891 2123 986 2180 τοῦ
1016 2123 1168 2195 ἡλίου
1219 2124 1441 2196 λαμπάς
1493 2124 1778 2194 διακαρτε-

209 2222 376 2294 ρήσει
423 2220 729 2289 βλέπουσα;
788 2219 928 2282 Ἕως
983 2219 1110 2271 πότε
1175 2217 1308 2271 θεῖοι
1373 2216 1628 2286 κεραυνοὶ
1682 2216 1779 2271 καὶ

205 2310 532 2381 πρηστῆρες
591 2309 653 2363 ἐν
708 2307 884 2377 αἰθέρι
930 2308 1030 2377 τὴν
1073 2307 1172 2379 σὴν
1225 2308 1622 2379 καθευδήσουσι
1675 2324 1777 2360 τα-

209 2399 497 2474 μιεύοντες
544 2397 792 2462 κόλασιν;
855 2395 996 2450 Ἀλλ’
1049 2394 1168 2466 ὥρα
1218 2413 1300 2450 σοι
1346 2395 1464 2461 νῦν,
1503 2396 1776 2467 ἀλιτήριε,

205 2493 361 2547 δυοῖν
391 2490 614 2558 Θάτερον
637 2504 653 2521 ο
686 2489 720 2558 ἢ
747 2490 842 2541 σὺν
870 2487 998 2559 ἐμοὶ⁵
1026 2487 1103 2557 τῷ
1135 2487 1276 2556 ἡλίῳ
1319 2486 1459 2555 τῷδε
1495 2502 1777 2553 συγκατα-

203 2583 370 2636 δῦναι
412 2581 548 2650 πρὸς
582 2580 713 2651 ᾲδην
739 2580 978 2648 τήμερον
1000 2592 1014 2607 ⁸
1049 2578 1082 2648 ἢ
1129 2577 1290 2647 σοῦγε
1339 2577 1590 2640 θανόντος
1629 2576 1779 2630 ἐλευ-

205 2674 394 2743 θέροις
427 2672 664 2742 βλέπειν,
700 2672 748 2724 εί
773 2669 1082 2741 βουλομένῳ
1111 2685 1173 2739 γε
1201 2669 1286 2739 είη
1319 2669 1457 2738 Θεῷ,
1478 2669 1776 2740 βλεφάροις

199 2768 409 2828 λευκὰς
462 2760 782 2817 τούντεῦθεν
831 2761 1046 2833 ἡμέρας
1099 2761 1199 2832 ἐμὲ
1256 2761 1505 2831 ξυνορᾲν.
1541 2779 1560 2812 ι
1609 2761 1652 2813 Τ
1657 2760 1778 2814 αὖτ’

203 2859 367 2926 uera
418 2855 512 2910 καὶ
551 2854 668 2925 ἃμα
706 2852 1118 2924 ἐμϐριθεστέρῳ
1155 2853 1401 2924 βραχίονι
1429 2853 1778 2922 κατενεγκὼν

201 2949 272 3002 τὸ
305 2946 540 3019 ῥόπαλον
565 2945 664 3016 τὴν
689 2944 901 2996 ἐκείνου
939 2942 1206 3011 γενναίως
1235 2943 1472 3007 ἐπάταξε
1503 2944 1778 3014 κεφαλήν.

209 3039 420 3110 Καιρία
445 3038 544 3108 μὲν
571 3037 667 3092 οὖν
704 3037 803 3090 ούκ
829 3035 1046 3104 ἐγένετό
1071 3052 1155 3099 τις
1181 3035 1374 3106 ἐκείνῳ
1401 3035 1523 3089 τότε
1557 3036 1741 3107 πληγή
1762 3052 1778 3066 ο

207 3133 470 3204 ῥιφείσης
515 3131 560 3183 δ’
611 3125 704 3184 οὖν
745 3129 844 3200 τῆς
875 3127 1211 3199 καλύπτρας,
1243 3129 1426 3199 γυμνῇ
1473 3126 1660 3182 λοιπὸν
1686 3143 1798 3180 πει

207 3221 368 3295 ριῖὼν
416 3219 680 3274 ἐπεϐοᾶτο
736 3221 802 3289 τῇ
862 3217 1074 3288 κεφαλῇ
1125 3217 1252 3280 τοὺς
1312 3216 1785 3287 ἐξαιρησομένους

205 3313 309 3382 τῆς
372 3309 573 3379 ἀθρόας
630 3308 846 3377 ἐκείνης
901 3309 997 3360 καὶ
1060 3306 1327 3376 αίφνιδίου
1383 3307 1783 3378 περιστάσεως.

217 3401 370 3457 Ἀλλ’
424 3395 493 3470 ἦν
529 3399 590 3452 τὸ
638 3398 901 3468 παράπαν
941 3396 1140 3462 οὐδεὶς,
1176 3396 1316 3469 πλὴν
1349 3397 1490 3466 ἐνὸς,
1523 3397 1585 3461 δς
1625 3398 1788 3460 εὐθὺς

212 3491 562 3563 συμπλακεὶς
603 3489 680 3561 τῷ
733 3490 924 3558 Ῥαοὺλ
965 3488 1126 3544 ἐπαιέ
1152 3505 1210 3541 τε
1257 3492 1351 3542 καὶ
1389 3489 1611 3542 ἐπαίετο
1636 3503 1650 3518 ·
1692 3489 1788 3541 καὶ

207 3580 284 3656 ἦν
337 3582 584 3652 ὠθισμὸς
629 3582 688 3633 ἐν
744 3579 1075 3650 ἀμφοτέροις
1137 3578 1371 3650 μακρὸς,
1403 3579 1668 3648 ὁπότερος
1718 3577 1789 3631 ἄν

210 3674 397 3727 ἀνέλοι
429 3673 520 3724 τὸν
549 3671 732 3740 ἕτερον
780 3671 1064 3740 πρότερος.
1113 3669 1254 3722 Ἀλλ’
1307 3669 1589 3739 οὐδέτερος
1640 3668 1791 3721 οὐδε-

209 3763 360 3833 τέρῳ
411 3761 650 3814 κίνδυνον
697 3762 940 3829 ἐνεγκεῖν
989 3759 1239 3832 ἐδυνηθῃ.
1270 3759 1489 3811 Τούτων
1540 3757 1588 3812 δ’
1616 3757 1790 3819 οὕτως

209 3855 491 3926 ἑχόντων.
553 3837 740 3924 ἕτερος
799 3850 900 3922 τῆς
967 3851 1082 3914 τῶν,
1151 3849 1531 3918 Παλαιολόγων
1602 3849 1789 3917 σειρᾶς

208 3945 416 4014 ἀθρόον
464 3943 544 4010 τῷ
615 3941 940 4013 Ἀποκαύκῳ
985 3943 1248 4013 ἐπιπηδᾷ,
1307 3943 1374 3996 τὰ
1429 3941 1791 4011 παραπλήσια

208 4037 397 4104 λέγων
443 4035 536 4086 καὶ
586 4032 728 4102 δρῶν
783 4031 860 4102 τῷ
895 4032 1170 4103 προτέρῳ,
1203 4031 1299 4084 καὶ
1327 4029 1444 4100 ἅμα
1481 4030 1664 4094 ἀλλος,
1694 4031 1792 4084 καὶ

207 4131 311 4182 ἐπὶ
366 4126 580 4187 τούτοις
630 4125 851 4195 ἐτερος·
902 4124 998 4177 καὶ
1046 4121 1215 4188 οὓτω,
1265 4121 1541 4176 συνελόντι
1599 4121 1789 4190 φάναι,

210 4222 415 4294 βιαίως
445 4223 650 4283 ἐκεῖνος
681 4217 956 4290 ἀπέρρηξε
980 4217 1077 4288 τῆν
1102 4217 1304 4288 ψυχὴν,
1333 4218 1555 4286 ἀπάσης
1583 4215 1793 4286 ἔρημος

207 4313 505 4385 βοηθείας,
536 4313 565 4365 ό
607 4311 786 4364 πάντα
832 4311 1089 4381 χρήματα
1131 4309 1283 4380 παρά
1331 4311 1506 4362 πάντα
1533 4307 1792 4361 δαπανῶν

205 4412 309 4461 τὸν
339 4406 458 4477 βίον
501 4405 641 4475 ὑπὲρ
669 4404 762 4457 τοῦ
799 4403 874 4473 μὴ
907 4401 1060 4472 βιαία
1091 4401 1398 4471 χρήσασθαι
1425 4400 1682 4471 τελευτῇ.

286 4501 368 4552 Ζ’.
405 4494 602 4550 Ἔλαθε
631 4499 743 4566 γάρ
773 4495 846 4556 ὼς
875 4494 1049 4562 ἐοικεν
1090 4491 1280 4545 ἐαυτὸν
1301 4489 1445 4544 Θεοῦ
1487 4491 1590 4562 μὲν
1635 4494 1798 4558 ἀφαι-

210 4581 335 4662 μῦν
397 4589 496 4660 τὴν
550 4587 845 4658 πρόνοιαν,
903 4584 1278 4654 ἀνθρωπίναις
1344 4582 1404 4635 δὲ
1461 4583 1795 4653 προσαρτῶν

203 4679 491 4739 ἐπινοίαις
545 4692 606 4729 τε
656 4674 752 4727 καί
805 4672 1184 4741 σπουδάσμασι
1235 4670 1336 4740 τῆς
1367 4669 1650 4740 παρούσης
1695 4669 1793 4722 τοῦ

204 4775 338 4843 βίον
366 4770 644 4838 διαγωγῆς
672 4749 740 4820 τά
765 4766 1016 4837 ἐνέχυρα.
1055 4763 1164 4816 Καὶ
1205 4762 1293 4816 διά
1339 4761 1496 4815 τοῦτο
1538 4761 1666 4823 τοὺς
1695 4760 1794 4814 ἀλ-

203 4870 344 4927 λους
379 4861 682 4916 διαϐάλλων
736 4859 830 4912 καὶ
885 4855 1208 4926 καθειργνὺς
1247 4852 1348 4906 ,καὶ
1397 4852 1522 4912 τοὺς
1569 4852 1792 4908 ἐκείνων

201 4955 630 5028 ἀφαιρούμενος
660 4944 812 5020 βίους
857 4949 950 5002 ἐπὶ
1004 4947 1222 5015 σαθροῖς
1254 4944 1524 5014 θεμελίοις
1555 4943 1793 4996 ἐπετίθει

198 5053 276 5103 τὰ
329 5049 432 5115 τῆς
471 5045 607 5105 ἰδίας
663 5040 964 5110 ἀσφαλείας
1015 5036 1382 5109 ὀχυρώματαο
1414 5035 1795 5105 παραπλήσιον

201 5139 422 5200 ποιῶν,
444 5137 634 5205 ὥσπερ
684 5133 750 5186 ἂν
800 5134 849 5185 εί
880 5129 1204 5199 πρηστῆρας
1235 5129 1300 5180 ἐκ
1329 5128 1586 5195 γειτόνων
1619 5126 1798 5194 ἁρπά-

201 5233 333 5298 ζων
377 5228 546 5298 μηδὲν
597 5225 746 5293 αὐτῷ
785 5224 1162 5294 προσήκοντας
1203 5218 1516 5290 αὐτοχειρία
1549 5217 1648 5286 τὴν
1674 5219 1800 5269 tau.

198 5324 312 5380 τοῦ
364 5319 662 5391 προφανῶς
697 5316 944 5387 ὑφῆπτεν
968 5312 1163 5366 οἰκίαν.
1198 5311 1288 5364 Διὸ
1323 5311 1418 5366 καὶ
1449 5309 1799 5381 παραμύθιον

1882 1870 2003 1910 sunt
2035 1854 2328 1924 quemdam
2372 1862 2429 1907 et
2483 1853 2776 1908 fanaticum
2811 1853 3045 1907 induens
3069 1867 3285 1906 morem
3335 1866 3448 1921 pra:

1883 1954 2030 1999 metu
2056 1958 2121 1998 ac
2137 1943 2519 2014 desperatione
2545 1947 2598 1998 in
2624 1959 2749 2000 eum
2779 1943 2942 1998 irruit
2965 1944 3080 1998 haec
3107 1943 3444 1998 vociferans:

1887 2052 1909 2088 ι
1950 2035 2248 2104 Quousque
2281 2036 2502 2091 tandem
2554 2035 2951 2090 immanitatem
2993 2042 3142 2087 tuam
3186 2034 3272 2087 fax
3303 2034 3449 2088 alma

1884 2125 2016 2182 solis
2038 2129 2282 2195 aspicere
2310 2126 2570 2196 perstabit
2593 2127 2616 2179 ?
2639 2126 2931 2196 Quousque
2961 2125 3206 2180 divinum
3229 2123 3446 2179 fulmen

1883 2229 1941 2273 et
1977 2217 2116 2287 ignei
2160 2217 2434 2282 turbines,
2460 2217 2518 2272 in
2544 2217 2750 2272 ethere
2774 2216 3092 2286 consopiti,
3118 2216 3445 2286 supplicium

1889 2318 2044 2364 tuum
2101 2309 2507 2363 reservabunt.’
2557 2307 2664 2364 Sed
2713 2309 2834 2373 tibi,
2865 2325 2898 2364 ο
2955 2308 3158 2373 scelus,
3211 2309 3447 2362 duorum

1888 2405 2122 2459 alterum
2145 2403 2259 2470 jam
2294 2417 2580 2459 necessum
2611 2412 2717 2467 est,
2745 2411 2806 2459 ut
2837 2413 2934 2460 aut
2961 2419 3176 2459 mecum
3211 2404 3312 2458 hac
3353 2405 3454 2458 ho-

1885 2495 2076 2550 dierna
2112 2495 2236 2550 luce
2275 2502 2506 2548 mortem
2534 2502 2800 2564 oppetas;
2830 2504 2924 2550 aut
2959 2504 3177 2549 mortuo
3214 2506 3288 2564 te,
3321 2495 3458 2552 libe-

1887 2585 1964 2641 ris
2001 2583 2201 2640 exinde
2252 2583 2428 2638 oculis
2456 2583 2695 2648 intuear,
2725 2583 2772 2638 si
2824 2583 2970 2638 Deus
2997 2583 3155 2650 velit,
3190 2587 3456 2644 candidos

1886 2674 2024 2730 dies.
2051 2693 2069 2726 ι
2105 2675 2229 2728 llaec
2260 2673 2432 2741 ait,et
2461 2673 2625 2728 simul
2656 2674 2950 2730 valentiori
2977 2677 3207 2732 brachio
3231 2679 3452 2736 clavam

1886 2763 2110 2818 molitus
2146 2763 2293 2817 illius
2326 2771 2491 2832 caput
2515 2774 2740 2818 strenue
2779 2767 3072 2835 percussit.
3112 2767 3232 2822 Non
3270 2779 3456 2826 tamen

1885 2855 2089 2909 letltale
2137 2856 2317 2908 statim
2365 2855 2564 2909 vulnus
2611 2854 2876 2911 inllictum
2927 2866 3032 2912 est.
3080 2856 3215 2913 Cum
3267 2869 3451 2916 autem

1889 2947 2087 3015 capitis
2137 2955 2349 3015 tegmen
2402 2955 2555 3024 esset
2602 2963 2922 3016 excussum,
2965 2949 3056 3005 ille
3107 2951 3314 3008 nudato
3340 2953 3453 3024 jam

1893 3039 2072 3106 capite
2119 3036 2389 3091 oberrans
2415 3051 2518 3091 eos
2544 3036 2900 3102 inclamabat,
2938 3042 3030 3109 qui
3081 3056 3140 3096 se
3169 3043 3239 3096 ab
3269 3045 3453 3099 subita

1890 3127 1981 3181 illa
2016 3129 2413 3197 repentinaque
2447 3128 2600 3183 clade
2645 3129 2968 3186 liberarent.
3002 3121 3304 3202 733-Sed
3327 3140 3456 3188 erat

1885 3219 2109 3273 omnino
2137 3219 2343 3284 nullus,
2377 3233 2486 3273 uno
2523 3231 2772 3291 excepto,
2803 3222 2920 3292 qui,
2945 3226 3221 3280 consertis
3269 3227 3453 3280 statim

1885 3321 2010 3360 cum
2045 3307 2215 3362 Raule
2245 3309 2522 3374 manibus,
2554 3309 2789 3364 feriebat
2834 3313 2996 3367 simul
3025 3323 3080 3368 et
3121 3313 3452 3369 feriebantur.

1881 3396 1956 3451 Et
1981 3396 2037 3450 hi
2070 3398 2292 3466 quidem
2327 3415 2528 3470 magno
2563 3410 2792 3470 uterque
2819 3403 2945 3456 nisu
2982 3404 3291 3470 certabant,
3325 3415 3456 3460 uter

1887 3486 2124 3542 alterum
2165 3488 2504 3544 interficeret
2529 3490 2702 3560 prior.
2745 3491 2849 3546 Sed
2879 3503 3075 3548 neuter
3103 3495 3261 3549 alteri
3301 3497 3455 3565 peri-

1887 3580 2070 3634 culum
2116 3579 2318 3635 inferre
2345 3591 2588 3650 peterat.
2636 3580 2762 3636 litec
2788 3598 2912 3636 cum
2949 3585 3020 3636 ita
3051 3598 3110 3638 se
3167 3584 3452 3650 baberent,

1888 3671 1957 3725 de
1981 3671 2409 3744 Palzeologorutn
2440 3681 2642 3726 catena
2687 3673 2826 3727 alter
2874 3673 3058 3728 statim
3111 3675 3165 3728 in
3202 3673 3455 3743 Apocau-

1891 3777 2017 3816 cum
2068 3761 2254 3827 irruit,
2306 3763 2499 3818 eadem
2549 3763 2723 3819 ferme
2776 3778 2840 3819 ac
2869 3764 3082 3835 primus
3110 3765 3345 3820 dicendo
3379 3765 3458 3820 fa-

1889 3853 2216 3923 ciendoque,
2257 3867 2314 3909 et
2346 3854 2636 3910 confestim
2682 3856 2844 3922 alius,
2883 3865 3050 3926 atque
3077 3860 3238 3912 etiam
3290 3860 3452 3914 alius.

1893 3943 1996 4009 ita,
2033 3955 2091 3999 ut
2120 3948 2312 4013 paucis
2343 3947 2648 4014 absolvam,
2682 3947 2920 4002 violenta
2955 3949 3043 4003 ille
3073 3960 3250 4004 morte
3285 3953 3454 4005 vit‘ant

1892 4039 2132 4109 abrupit,
2163 4041 2312 4094 omni
2345 4041 2549 4095 auxilio
2572 4041 2891 4108 destitutus,
2917 4044 3012 4112 qui
3044 4045 3194 4098 omni
3235 4054 3458 4113 sumptu

1892 4145 1990 4200 per
2023 4144 2240 4183 ontttem
2277 4129 2446 4184 vitam
2477 4140 2788 4198 curaverat,
2815 4148 2885 4188 ne
2916 4133 3218 4188 violentum
3247 4137 3457 4188 exitum

1893 4217 2207 4274 sortiretur.

1972 4491 2081 4548 VII.
2125 4491 2244 4548 Non
2276 4492 2747 4549 animadverterat
2792 4495 3026 4562 scilicet,
3062 4496 3301 4551 divinam
3334 4511 3364 4551 a
3400 4511 3464 4554 se

1891 4584 2015 4640 tolli
2064 4585 2516 4655 providentiam;
2570 4588 2624 4640 in
2672 4586 2956 4641 hominum
2989 4598 3171 4643 autem
3221 4591 3464 4646 consiliis

1897 4691 1961 4731 ac
1989 4675 2268 4745 diligentia
2304 4676 2434 4746 poni
2481 4677 2606 4732 vita:
2655 4677 2818 4749 hujus
2843 4678 3062 4732 tuenda:
3093 4679 3460 4734 certissimam

1899 4767 2188 4821 rationem.
2213 4767 2581 4832 Quamobrem
2625 4783 2750 4823 cum
2800 4769 2938 4822 alios
2967 4768 3375 4836 criminaretur,
3405 4778 3462 4824 et

1901 4858 2141 4912 vinculis
2193 4869 2498 4922 coerceret,
2552 4867 2609 4913 et
2653 4859 2888 4914 fortunis
2933 4860 3213 4929 spoliaret,
3267 4860 3463 4916 salutis

1901 4963 2013 5003 sua:
2043 4947 2291 5017 praesidia
2322 4948 2531 5004 vitiosis
2561 4949 2930 5006 fundamentis
2953 4951 3269 5021 imponebat
3291 4966 3464 5023 yper-

1901 5040 2026 5092 inde
2081 5039 2171 5093 ille
2213 5054 2398 5113 agens.
2422 5055 2484 5094 ac
2515 5041 2560 5096 si
2600 5042 2723 5113 igne
2752 5058 2860 5097 non
2893 5058 3013 5108 suo,
3046 5045 3140 5098 sed
3171 5061 3236 5099 ex
3270 5045 3464 5100 vicinis

1903 5139 2080 5198 rapto,
2117 5146 2270 5184 suant
2319 5131 2434 5201 ipse
2486 5133 2708 5187 domum
2745 5136 2967 5204 propria
3021 5151 3184 5190 tnanu
3237 5151 3468 5192 succen-

1902 5221 2080 5275 deret.
2113 5221 2300 5291 Itaque
2340 5223 2487 5278 illius
2520 5240 2664 5279 mors
2696 5227 2950 5280 solatium
2978 5228 3200 5296 quidem
3233 5227 3299 5282 iis
3332 5227 3460 5294 fuit,

1903 5315 2105 5384 quibus
2150 5316 2220 5368 ob
2253 5317 2495 5385 inopiam
2532 5319 2669 5372 nihil
2714 5329 3019 5388 supererat,
3058 5335 3167 5390 quo
3204 5327 3465 5388 tanquam

1585 5427 1922 5490 Variorum
1963 5442 2147 5493 noue.

284 5544 420 5612 (88)
441 5544 667 5597 Alexius
699 5541 843 5612 forte
876 5541 966 5596 ille
1003 5541 1148 5606 δοὺξ,
1186 5537 1586 5612 _Cantacuzeni
1640 5553 1808 5592 causa

201 5631 266 5674 et
295 5609 304 5612 ἦ
335 5609 495 5684 ipse,
531 5626 755 5684 carcere
806 5609 1332 5684 damnatusahldetn
1393 5610 1810 5684 (latitat-naeuus

207 5678 387 5761 pag:
413 5683 538 5738 657.
572 5683 648 5734 De
684 5681 998 5734 liaulioruut
1031 5681 1236 5732 familia
1265 5678 1747 5746 Constantinopoli
1782 5693 1813 5732 a

523 5779 796 5840 Parant.
826 5780 938 5838 Gn.
988 5773 1282 5836 CXLVIII

1911 5537 2136 5594 Francis
2174 5547 2301 5610 orta
2352 5539 2602 5608 pluribus
2647 5539 2859 5610 egimus
2905 5537 2974 5592 ad
3007 5535 3320 5592 Alexiadem
3363 5539 3476 5593 An-

1914 5623 2104 5676 nzeatn,
2132 5625 2255 5680 pag.
2281 5609 2386 5664 259
2423 5609 2710 5667 Notarum}
2745 5610 2977 5665 Ducam.

3061 5775 3133 5830 3|
