3944 6206
575 149 672 230 97]
827 141 902 214 [Α.
944 158 1002 197 ιι.
1043 141 1329 207 6855,ιλι›.
1380 141 1464 213 l5]

1752 146 2165 211 NICEPIIORI
2201 149 2582 214 GBEGORA!

2918 151 3053 223 [ιιιιι.
3095 170 3135 206 ι.
3170 169 3374 209 mmet.
3409 155 3455 228 4]
3588 163 3660 228 93

555 265 797 320 remedio
824 272 1109 319 uterentur
1135 264 1399 318 adversus
1428 240 1733 333 temporum
1763 264 2037 318 fortunam
2064 273 2115 318 et

2223 267 2324 336 μὲν
2368 270 2401 340 ή
2436 270 2645 324 ἐκείνου
2699 271 2890 342 γέγονε
2933 271 3157 341 τελευτὴ
3201 275 3302 336 τοῖς
3346 291 3397 327 τε
3437 275 3510 329 διὰ
3529 287 3667 338 tum

526 357 930 417 "calamitates,
965 370 1120 424 aeque
1168 365 1226 408 ut
1272 365 1430 410 antea
1478 356 1817 427 subeuntes;
1875 357 2002 410 item
2051 356 2117 410 iis

553 449 647 518 qui
690 446 963 500 vindicata
1024 444 1174 500 illius
1224 444 1510 500 malefacta
1555 445 1744 501 videre
1795 446 2115 516 cupiebant,

553 545 843 606 antequam
874 536 1257 604 desperatione
1292 544 1516 591 auctore
1564 536 1719 590 nefas
1751 535 1854 605 ipsi
1895 537 2116 605 aliquod

553 631 899 701 susciperent
926 647 939 682 :
967 629 1353 684 documentum
1388 643 1518 682 vero
1541 628 1770 691 exstitit,
1814 641 1922 697 quo
1951 627 2120 681 auda-

553 721 752 787 ciores,
782 731 838 776 et
871 722 904 775 ii
954 721 1049 789 qui
1083 720 1236 774 nullo
1272 728 1416 773 metu
1468 718 1717 774 deterriti
1770 735 1834 774 ea
1882 728 2114 785 tentant,

553 829 672 882 qua:
709 815 971 866 intentata
1018 825 1137 864 esse
1183 817 1424 878 Oportet,
1453 810 1519 863 ad
1550 809 1825 864 saniorem
1877 819 2113 864 mentem

552 912 959 955 revocarentur.
984 900 1146 971 734
1168 899 1236 954 Ει
1258 899 1372 953 ἥατο
1399 898 1619 968 quidem
1642 900 1697 953 in
1724 899 1872 953 hunc
1894 898 2115 953 modum

550 1005 698 1062 gesta
730 1001 876 1045 sunt.

478 1094 525 1141 ',
617 1081 759 1136 VIII.
807 1080 1076 1135 Ca'terum
1131 1088 1425 1149 antequam
1474 1077 1609 1133 foris
1656 1079 1947 1148 quisquam
2006 1084 2118 1131 tra-

550 1173 786 1239 gmdiam
841 1171 989 1224 illam
1060 1170 1460 1241 pcrsensisset,
1508 1169 1688 1238 ruptis
1750 1162 2009 1223 omnibus
2061 1176 2117 1222 et

547 1263 784 1317 vinculis
836 1272 892 1316 et
942 1261 1188 1328 catenis,
1242 1261 1479 1314 maxima
1546 1273 1670 1313 cum
1719 1259 1999 1328 voluptate
2048 1258 2116 1313 ad

547 1353 830 1408 cadaveris
863 1352 1233 1422 spectaculum
1276 1364 1568 1405 accurrere
1597 1348 1633 1403 ii
1662 1349 1755 1419 qui
1798 1349 1853 1403 in
1895 1361 2116 1402 carcere

547 1452 726 1509 crant,
764 1443 910 1496 haud
969 1442 1151 1496 minus
1178 1442 1451 1505 ducentis.
1499 1440 1581 1495 Ex
1615 1439 1818 1508 quibus
1860 1452 1999 1493 unus
2038 1437 2119 1491 fa-

545 1534 671 1589 brili
700 1535 845 1590 ascia
873 1534 1099 1606 (etenim
1132 1533 1281 1588 ensis
1306 1532 1495 1587 nullus
1524 1541 1723 1602 praesto
1753 1529 1893 1598 erat)
1925 1536 2110 1598 caput,

545 1628 614 1681 ab
642 1628 872 1696 reliquis
899 1627 1163 1682 membris
1188 1625 1515 1689 abscissum,
1547 1638 1713 1691 super
1739 1620 1972 1690 fastigiis
1999 1634 2118 1673 ntu-
2147 1598 2190 1653 Β

547 1732 731 1771 rerum
757 1718 970 1783 statuit,
1027 1733 1137 1786 quo
1173 1715 1518 1769 manifestum
1566 1712 1873 1767 ﬁeretillud
1902 1711 2116 1765 facinus

544 1809 818 1863 universae
864 1808 1224 1875 multitudini,
1271 1822 1393 1878 quae
1440 1807 1794 1861 extrinsecus
1835 1803 1946 1874 jam
1989 1817 2117 1871 pro-

546 1905 667 1966 pter
710 1912 898 1950 muros
945 1896 1213 1951 torrentis
1263 1896 1434 1950 instar
1468 1892 1819 1957 conﬂuebat;
1862 1900 1919 1945 et
1968 1900 2027 1945 ut
2077 1890 2113 1944 ii

545 1988 766 2055 quidem
813 2003 1024 2052 omnes,
1080 1991 1170 2056 qui
1224 1986 1377 2042 illum
1449 1998 1652 2054 genere
1706 1981 2112 2049 contingebant,

545 2087 643 2133 aut
702 2078 882 2148 aliqua
932 2078 1195 2133 societate
1242 2091 1367 2132 cum
1413 2091 1480 2130 eo
1544 2074 1826 2146 conjuncti
1872 2073 2112 2138 fuerant,

540 2172 734 2225 labore
774 2171 933 2225 irrito
968 2168 1419 2239 supersederent,
1449 2166 1720 2222 exstincta
1744 2178 1975 2236 prorsus
2004 2164 2115 2218 sal-

545 2278 669 2315 vum
714 2260 868 2315 illum
900 2257 1133 2315 habendi
1165 2275 1301 2329 spe:
1347 2271 1710 2328 quoscunque
1735 2271 1869 2311 vero
1908 2256 2001 2311 ille
2032 2257 2117 2309 in-

546 2353 732 2406 fensos
765 2351 1054 2415 habuerat,
1102 2350 1140 2404 ii
1182 2350 1370 2405 animo
1420 2347 1907 2413 confirmarentur,
1952 2347 2114 2402 ades-

544 2452 778 2512 sentque
810 2443 1154 2500 extrinsecus
1207 2442 1327 2498 sine
1367 2441 1479 2497 ullo
1528 2449 1678 2495 metu
1735 2440 1840 2508 iis,
1870 2438 1964 2510 qui
2015 2453 2115 2509 pro

544 2534 831 2589 communi
885 2530 1796 2597 libertate.certavissentrbeinde
1829 2546 1888 2589 se
1934 2532 1987 2586 in
2022 2546 2116 2585 or-

547 2627 703 2683 dines
747 2636 803 2683 et
848 2625 1165 2696 manipulos
1230 2624 1672 2690 distribuerunt,
1722 2632 2116 2695 portarumque

546 2724 602 2769 et
634 2716 1172 2785 propugnaculorum
1197 2713 1513 2769 custodiam
1541 2712 1723 2769 sortiti
1749 2721 1900 2768 sunt.

614 2802 709 2858 IX.
745 2803 815 2858 At
862 2818 1061 2874 magno
1094 2802 1240 2873 .ipsis
1271 2801 1665 2873 impedimento
1693 2809 1840 2867 erat,
1871 2814 1981 2871 quo
2014 2800 2116 2857 mi-

546 2911 651 2950 nus
683 2895 833 2950 illius
866 2896 1155 2966 imperatae
1195 2893 1391 2949 salutis
1439 2892 1828 2948 conservanda:
1879 2891 2115 2946 faculta-

548 2997 656 3038 tem
706 2983 995 3049 baberent,
1029 2998 1222 3037 eorum
1254 2995 1376 3051 qua:
1427 2979 1495 3035 ad
1541 2979 1746 3033 victum
1804 2978 2116 3035 necessaria

546 3084 676 3129 sunt
725 3074 931 3145 inopia,
982 3085 1371 3141 armorumque
1423 3081 1477 3126 et
1536 3070 1772 3124 telorum
1816 3068 2020 3138 quibus
2056 3082 2117 3124 se

547 3151 907 3220 defenderent
969 3161 1218 3233 penuria.
1255 3162 1376 3216 Non
1425 3159 1574 3215 enim
1622 3158 1921 3222 habebant,
1968 3157 2117 3213 unde

547 3260 706 3314 facile
735 3266 791 3313 et
819 3273 850 3313 e
881 3255 1114 3325 vestigio
1143 3269 1207 3310 ea
1234 3268 1356 3324 quae
1382 3252 1506 3308 usui
1539 3259 1724 3307 essent
1754 3250 2112 3316 deveherent;

547 3369 672 3407 tum
696 3351 813 3422 ipsa
850 3350 1068 3406 occasio
1111 3348 1165 3403 id
1193 3348 1337 3419 quod
1371 3356 1744 3417 perpetratum
1775 3353 1920 3409 erat,
1952 3342 2117 3398 mini-

554 3461 638 3500 me
694 3442 1154 3515 praemeditatum,
1202 3454 1270 3496 ex
1323 3449 1567 3508 tempore
1615 3437 1994 3508 suggessisset.
2038 3435 2115 3491 Ea

550 3552 733 3595 tamen
787 3552 907 3608 quae
953 3542 1140 3590 secuta
1197 3541 1283 3587 est
1338 3539 1520 3595 nocte,
1549 3544 1671 3583 cum
1713 3528 1791 3582 illi
1836 3541 2030 3582 omnes
2059 3525 2116 3581 in

550 3632 783 3686 maxima
809 3627 1221 3699 perturbatione
1265 3636 1634 3691 curarumque
1663 3630 1797 3675 testu
1834 3633 2117 3674 versaren-

551 3735 657 3789 tur,
698 3722 850 3777 venit
905 3721 973 3775 de
1009 3716 1327 3772 triremibus
1377 3712 1629 3770 Galataeis
1661 3728 1788 3775 una,
1815 3712 1963 3766 circa
2003 3725 2118 3765 me-

544 3816 692 3869 diam
727 3813 896 3867 ferme
938 3818 1179 3872 noctem,
1228 3806 1297 3861 ab
1333 3804 1605 3860 maritimo
1649 3817 1806 3857 muro
1836 3815 2031 3872 panem
2060 3807 2119 3855 et

546 3906 737 3960 sinum
768 3908 1084 3973 apportans,
1105 3906 1161 3954 et
1190 3896 1351 3969 735
1389 3896 1654 3967 quidquid
1698 3894 1945 3949 ciborum
1971 3892 2118 3948 illius

550 3993 894 4065 tempestatis
928 3988 1192 4059 iniquitas
1229 3985 1613 4041 concedebat:
1647 3985 1777 4038 item
1804 3980 2118 4053 promissio-

552 4099 653 4142 nes
685 4094 739 4140 et
787 4083 1020 4153 benigna
1070 4079 1263 4144 verba,
1290 4076 1608 4131 utrumlibet
1657 4074 1737 4128 illi
1770 4073 1950 4127 facere
1986 4069 2118 4125 mal-

2214 360 2313 412 οὑκ
2380 361 2597 430 ἔχουσιν
2649 365 2757 434 ὅτῳ
2805 364 3099 435 χρήσονται
3157 367 3407 434 φαρμάκῳ
3452 370 3563 438 πρὸς
3600 376 3670 435 τὰς

2215 454 2474 517 ἐπιούσας
2499 454 2701 524 ὁμοίως
2721 452 2815 506 τοῦ
2834 454 3030 525 χρόνου
3049 451 3212 522 τύχας
3228 455 3312 505 καὶ
3333 453 3409 526 [Ρ.
3428 456 3530 530 861]
3546 460 3677 532 κῆρας

2214 543 2312 597 καὶ
2337 538 2418 605 οἷς
2447 543 2636 611 ἔφεσις
2682 542 2790 595 τῶν
2827 543 3015 605 κακῶς
3072 542 3162 595 ὑπ’
3187 543 3339 596 αὑτοῦ
3367 550 3679 615 πραττομένων

2214 632 2491 702 ἐκδίκησιν
2548 633 2847 687 θεάσασθαι
2920 628 3010 703 ἦν,
3070 634 3199 704 πρὶν
3269 634 3537 703 ἀπογνώσει
3580 643 3681 708 σφᾶς

2213 723 2510 786 δεδωκότας
2535 723 2595 776 ἐν
2623 742 2676 777 τι
2705 722 3033 778 πεπονθέναι
3059 724 3163 776 τῶν
3187 724 3438 793 ἀθεμίτων
3459 743 3475 761 ο
3503 728 3577 781 καὶ
3597 731 3677 799 ἃμα

2214 813 2619 883 παιδευτήριον,
2648 813 2704 876 ἐς
2736 812 2797 866 τὸ
2833 813 3051 884 σῶφρον
3103 814 3226 876 τοὺς
3267 814 3586 886 θρασυτέρους
3611 820 3675 873 έν-

2215 901 2421 968 θέλκον,
2451 904 2544 956 καὶ
2573 898 2655 967 οἷς
2683 904 2751 957 τὰ
2781 904 3065 976 άτόλμητα
3094 905 3187 971 ξὺν
3212 905 3378 960 οὐδενὶ
3416 907 3512 960 δέει
3536 909 3668 978 τολμᾶ-

2213 1009 2325 1048 ται.
2358 994 2467 1048 Kal.
2496 994 2668 1048 ταῦτα
2693 996 2793 1065 μὲν
2824 995 3010 1050 τοῦτον
3037 996 3160 1068 ἔσχε
3190 997 3277 1051 τὸν
3304 1000 3505 1067 τρόπον.

2286 1079 2369 1136 H'.
2403 1083 2540 1149 Πρίν
2588 1099 2652 1151 γε
2690 1083 2799 1154 μὴν
2824 1083 3079 1153 αἴσθησιν
3107 1084 3202 1138 τοῦ
3244 1085 3499 1155 δράματος
3521 1089 3675 1156 ἐγγενέ-

2217 1172 2342 1227 σθαι
2364 1175 2478 1237 τοῖς
2506 1174 2632 1241 ἔξω,
2650 1174 2827 1245 δεσμὰ
2851 1176 3030 1229 πάντα
3057 1176 3151 1230 καὶ
3183 1177 3388 1241 κλοιοὺς
3406 1179 3453 1232 οί
3477 1178 3678 1249 δεσμῶται

2217 1261 2477 1331 ῥήξαντες
2507 1263 2587 1326 είς
2619 1263 2719 1334 τὴν
2766 1263 2860 1317 τοῦ
2907 1262 3198 1334 πτώματος
3239 1263 3362 1320 θέαν
3402 1268 3523 1336 μετὰ
3557 1270 3681 1339 πάσης

2215 1351 2501 1418 ἐπεξέθεον
2530 1353 2745 1424 ἡδονῆς,
2777 1355 2838 1407 οὑ
2888 1357 3041 1424 μεῖον
3079 1354 3361 1411 διακοσίων
3388 1357 3683 1428 ὑπάρχοντες·

2214 1438 2288 1499 ὧν
2317 1439 2396 1507 εἷς
2438 1462 2523 1509 τις
2565 1446 2862 1517 σκεπάρνῳ
2891 1447 3190 1517 τεκτονικῷ
3220 1447 3386 1519 (ξίφος
3414 1450 3509 1518 γάρ
3537 1450 3686 1518 lpum

2217 1537 2429 1606 παρῆν)
2483 1535 2577 1589 τοῦ
2623 1537 2812 1591 λοιποῦ
2840 1539 2939 1607 τὴν
2965 1537 3207 1610 κεφαλὴν
3236 1538 3535 1609 ἀφελόμενος
3557 1538 3691 1609 σῶμα·

2217 1644 2309 1690 τος
2359 1628 2451 1681 ἐπὶ
2499 1629 2598 1697 τῆς
2643 1628 2918 1693 ἐπάλξεως
2966 1628 3219 1699 ἔστησεν,
3269 1629 3403 1682 ὥστε
3450 1630 3690 1699 καταφανὲς

2217 1717 2472 1786 γενέσθαι
2505 1719 2568 1772 τὸ
2594 1718 2776 1788 δρᾶμα
2801 1719 2897 1772 καὶ
2928 1721 3065 1772 πᾶσι
3092 1721 3210 1783 τοῖς
3258 1717 3446 1783 ἔξωθεν
3467 1720 3555 1790 ήδη
3584 1718 3694 1789 περὶ

2217 1808 2285 1861 τά
2331 1808 2485 1879 τείχη
2537 1809 2850 1879 ποταμηδδν
2892 1809 3168 1879 είσρέουσι
3222 1809 3440 1880 δήμοις·
3469 1810 3577 1863 ὥσθ’
3614 1811 3696 1863 ὅσοι

2219 1898 2319 1971 μὲν
2346 1899 2497 1971 αὑτῷ
2530 1916 2675 1956 κατα
2721 1898 2880 1969 γένος
2912 1901 2946 1969 ἢ
2982 1900 3112 1955 καθ’
3164 1902 3426 1973 ἑταιρείαν
3451 1896 3547 1955 εῐιν
3573 1916 3698 1969 προσ-

2215 1994 2442 2063 ήκοντες
2471 1994 2668 2063 μηκέτι
2699 1995 2885 2047 πονεῖν
2913 1994 3181 2064 ἀνήνυτα,
3214 1995 3390 2066 πάσης
3421 1993 3590 2057 τελέως
3610 1993 3699 2046 σεε.

2217 2084 2436 2155 σθείσης
2490 2085 2586 2139 τοῦ
2618 2086 2719 2156 ζῇν
2753 2086 2963 2140 ἐκεῖνον
2993 2085 3254 2150 ἐλπίδοςο
3288 2088 3397 2140 ὅσοι
3426 2086 3468 2139 δ’
3505 2085 3699 2155 ἀπεχθῶς

2215 2172 2360 2246 εἶχον
2410 2176 2481 2230 αὖ
2522 2172 2661 2244 πρὸς
2702 2179 2929 2242 ἐκεῖνον,
2967 2176 3200 2241 τούτους
3258 2179 3306 2232 δ’
3361 2176 3599 2249 ἐρρῶσθαι
3628 2176 3702 2238 τὰς

2214 2269 2477 2332 διανοίας,
2518 2269 2614 2322 καὶ
2659 2271 2969 2339 συμμαχεῖν
2997 2270 3201 2335 ἔξωθεν
3231 2269 3397 2333 ἀδεῶς
3421 2271 3519 2333 τοῖς
3544 2267 3701 2321 ἔνδοθεν

2216 2359 2357 2429 ὑπὲρ
2388 2359 2487 2429 τῆς
2521 2358 2709 2429 κοινῆς
2739 2360 3049 2432 ἐλευθερίας
3095 2362 3497 2432 ἠγωνισμένοις.
3527 2361 3702 2414 Ἔπειτα

2214 2451 2481 2515 διελόντες
2536 2451 2761 2516 ἑαυτοὺς
2798 2452 2878 2516 είς
2926 2452 3115 2518 τάξεις
3161 2453 3256 2506 καὶ
3306 2448 3487 2522 μοίρας
3525 2445 3703 2522 τὴντῶν

2215 2542 2399 2597 πυλῶν
2425 2543 2561 2613 ὁμοῦ
2587 2543 2683 2597 καὶ
2713 2541 2989 2609 ἐπάλξεων
3023 2543 3274 2615 διέλαχον
3303 2543 3544 2613 φυλακήν.

2287 2813 2369 2873 9'.
2405 2816 2681 2886 Μέγιστον
2736 2816 2782 2871 δ’
2829 2816 2979 2886 δμως
3026 2816 3250 2889 ὑπῆρχέ
3298 2834 3467 2888 σφισιν
3513 2814 3703 2887 ἐμπόδιον

2141 2929 2186 2990 ο
2217 2910 2296 2972 είς
2321 2907 2422 2977 τὴν
2449 2909 2549 2979 τῆς
2577 2907 2885 2979 παραδόξου
2916 2912 3161 2979 ταυτησὶ
3211 2911 3470 2980 σωτηρίας
3500 2924 3706 2978 συντήρη-

2216 3000 2374 3069 τικὴν
2407 2999 2619 3052 ἑαυτῶν
2662 2998 2898 3070 δύναμιν
2924 3000 2959 3072 ἦ
2989 3019 3049 3054 τε
3079 3004 3198 3056 τῶν
3225 3004 3358 3075 πρὸς
3385 3003 3442 3056 τδ
3479 3001 3563 3074 ζῇν
3584 3003 3707 3068 άναγ·

2216 3092 2388 3145 καίων
2414 3091 2606 3155 σπάνις
2647 3092 2742 3145 καὶ
2771 3092 2804 3163 ή
2834 3093 2943 3146 τῶν
2972 3093 3159 3148 ὅπλων
3184 3111 3246 3149 τε
3275 3097 3365 3149 καὶ
3395 3095 3494 3149 τῶν
3515 3097 3702 3164 ἀμυντη-

2218 3181 2351 3253 ρίων
2409 3180 2582 3253 βελῶν
2645 3181 2843 3239 ἔνδεια.
2879 3183 2956 3237 Οὐ
3017 3186 3133 3256 γὰρ
3195 3182 3341 3255 εἶχον
3392 3186 3503 3241 ὅθεν
3543 3186 3596 3239 ἐκ
3638 3182 3706 3236 τοῦ

2216 3274 2562 3343 παραχρῆμα
2636 3275 2812 3346 ῥᾷστα
2886 3276 3213 3346 κομίσονται
3268 3278 3336 3332 τά
3392 3278 3484 3347 τῆς
3534 3275 3707 3349 χρείας,

2216 3361 2624 3432 ἀπροσδόκητον
2703 3363 3065 3435 σχεδιασάσης
3134 3368 3237 3438 τῆς
3304 3367 3629 3436 περιστάσεως
3663 3363 3707 3415 τὸ

2216 3452 2479 3522 πραχθένσ
2515 3453 2705 3523 Ὅμως
2747 3453 2850 3524 τῆς
2893 3456 3089 3521 νυκτὸς
3127 3457 3386 3530 ἐπιούσης
3413 3458 3616 3528 ἐκείνης,
3643 3453 3709 3507 καὶ

2216 3542 2434 3597 πάντων
2488 3544 2712 3598 ἐκείνων
2754 3544 2813 3597 ἐν
2864 3544 3002 3617 ζάλῃ
3053 3550 3157 3601 καὶ
3200 3550 3457 3620 τρικυμῖᾳ
3496 3547 3709 3616 λογισμῶν

2215 3630 2570 3705 ὑπαρχόντων
2604 3636 2859 3708 μεγίστῃ.
2891 3632 2997 3710 ἧκε
3041 3642 3283 3714 τριήρης
3314 3643 3378 3696 ἐκ
3404 3640 3503 3695 τῶν
3528 3640 3710 3694 Γαλάτου

2215 3724 2346 3794 περὶ
2379 3726 2550 3796 μέσας
2597 3744 2701 3781 που
2750 3729 2973 3799 νύκτας,
3005 3733 3069 3786 ἐκ
3122 3732 3222 3788 τοῦ
3276 3732 3529 3804 παραλίου
3553 3732 3710 3801 τείχους

2216 3816 2514 3887 κομίζουσα
2556 3819 2770 3883 τούτοις
2799 3823 2967 3894 ἄρτον
2999 3825 3098 3879 καὶ
3143 3821 3310 3894 οἶνον,
3342 3827 3432 3883 καὶ
3460 3827 3548 3880 ὅσα
3570 3824 3621 3878 τὸ
3641 3823 3713 3892 τῆς

2217 3908 2367 3980 ῶρας
2416 3911 2715 3985 συνεχώρει
2740 3914 2954 3969 κστενδν
2999 3917 3272 3987 ἐδώδιμα,
3312 3920 3403 3973 καὶ
3444 3919 3546 3990 ἅμα
3581 3918 3707 3982 ἑπαγ-

2215 3999 2403 4067 γελίας
2461 4006 2556 4060 καὶ
2605 4003 3029 4076 φιλανθρώπους
3073 4007 3294 4079 λόγους,
3342 4010 3463 4065 καθ’
3514 4009 3712 4077 ὁπότερον

2218 4089 2493 4161 βούλοιντο
2518 4093 2689 4166 δρᾷνο
2734 4097 2846 4150 εἴτε
2893 4098 3080 4165 μένειν
3132 4102 3475 4172 αἱρουμένοις
3519 4098 3711 4170 κομίζειν

550 4178 681 4230 ient.
717 4173 775 4230 Si
805 4173 951 4228 enim
980 4185 1200 4226 manere
1252 4168 1328 4222 ibi
1373 4166 1545 4222 satius
1581 4166 1867 4229 ducerent,
1891 4162 2115 4217 allatum

2218 4180 2276 4243 ἐς
2330 4178 2430 4250 τὴν
2480 4162 2772 4255 ὑστεραίαν
2822 4162 2963 4241 ὅπλα
3006 4188 3111 4242 καὶ
3162 4162 3315 4262 βέλη-
3347 4162 3594 4261 πολέμιαι
3642 4184 3711 4240 εἶτ’

539 4269 616 4322 .iri
646 4266 908 4337 postridie
952 4279 1102 4319 arma
1135 4261 1269 4332 ipsis
1323 4267 1380 4316 et
1422 4259 1530 4316 tela
1564 4257 1783 4313 hostilia
1813 4272 1828 4310 :
1862 4256 1948 4310 sin
1986 4254 2114 4310 inde

2219 4271 2429 4326 ἐκεῖθεν
2454 4254 2892 4334 ἀπαλλάττεσθαι
2914 4279 3003 4334 διὰ
3036 4254 3180 4347 δέοςξ
3210 4254 3712 4352 δέξασθαιῠπροθΰμως

542 4361 622 4414 ob
644 4366 846 4412 metum
877 4356 1112 4426 migrare
1155 4353 1522 4415 destinarent,
1553 4363 1649 4404 eos
1678 4362 1737 4402 se
1766 4347 2022 4402 alacriter
2056 4344 2113 4399 in

535 4450 865 4516 praesidium
908 4461 1064 4504 suum
1101 4444 1395 4501 Galataeum
1433 4448 1772 4511 recepturos,
1799 4446 1855 4495 et
1895 4452 2113 4494 omnem

552 4542 685 4612 ipsis
718 4540 1067 4596 securitatem
1101 4535 1462 4607 praestituros.
1492 4532 1617 4588 Ilaec
1661 4546 1786 4586 cum
1823 4529 2109 4595 dixissent,

552 4640 773 4689 domum
830 4633 1143 4695 redierunt,
1193 4630 1335 4684 bona
1386 4641 1483 4697 spe
1528 4625 1596 4682 iis
1636 4625 1826 4680 relicta
1848 4624 1942 4695 qui
1974 4624 2114 4678 iutta

552 4740 769 4781 niurum
815 4723 1197 4787 versabantur,
1244 4720 1339 4776 sed
1397 4732 1519 4789 qua:
1571 4717 1638 4772 ad
1673 4715 1878 4771 bonum
1923 4715 2114 4770 :xitum

551 4833 658 4872 non
691 4816 963 4887 pervenit.
1010 4812 1291 4882 Siquidem
1332 4808 1653 4880 imperatrix
1703 4806 1883 4872 Anna,
1930 4806 2120 4863 missis

552 4907 867 4963 hominibus
888 4908 1012 4976 (nec
1040 4906 1188 4959 enim
1223 4915 1342 4956 eam
1369 4899 1422 4953 id
1458 4887 1603 4969 quod
1629 4897 1899 4952 acciderat
1934 4895 2116 4965 latuit)

552 4999 925 5068 praelusoque
974 4995 1149 5057 aditu,
1200 4991 1495 5046 adventum
1528 4987 2117 5059 inhibuit.appulsum-

550 5107 658 5161 que
705 5090 851 5145 illius
901 5088 1220 5142 Latinorum
1250 5099 1462 5150 manus,
1498 5098 1618 5154 qua:
1644 5081 1950 5138 clanculum
1980 5080 2119 5136 allu-

554 5195 674 5238 tura
709 5190 827 5237 erat
856 5179 1145 5250 postridie.

533 5262 543 5273 ’
622 5275 689 5329 Χ.
744 5273 819 5328 Ea
846 5287 934 5327 res
965 5272 1217 5326 obsessos
1246 5269 1369 5324 illos
1396 5268 1463 5323 ad
1504 5265 1940 5337 desperationem
1968 5280 2120 5322 com-

550 5369 705 5441 pulit.
737 5368 947 5437 Quippe
970 5378 1074 5420 nec
1101 5379 1253 5419 arma
1298 5364 1365 5417 iis
1392 5371 1568 5428 erant,
1614 5360 1817 5431 quibus
1869 5369 2118 5429 protege-

550 5472 766 5530 rentur,
802 5475 904 5516 nec
933 5459 1173 5530 clypeus,
1206 5470 1310 5510 nec
1338 5470 1521 5518 arcus,
1561 5466 1662 5508 nec
1706 5452 1877 5507 ullum
1908 5451 1976 5506 ad
2006 5454 2117 5505 vim

552 5555 976 5626 propulsandam
1009 5552 1198 5608 telum.
1230 5550 1309 5605 Ac
1349 5556 1613 5626 praeterea
1673 5546 1956 5617 neglectus
2002 5545 2117 5615 pri-

2218 4363 2275 4424 ἐς
2316 4362 2378 4416 τὸ
2419 4364 2477 4416 ἐν
2526 4367 2639 4430 τοῖς
2669 4367 2912 4424 Γαλάτου
2961 4373 3115 4441 σφῶν
3160 4373 3343 4426 αὐτῶν
3386 4370 3629 4443 φρούριον,
3647 4367 3716 4419 ul

2217 4453 2399 4507 πᾶσαν
2464 4458 2929 4530 περιποιήσασθαι
2993 4478 3181 4531 σφισιν
3245 4464 3547 4534 ἀσφάλειαν.
3588 4452 3714 4514 Ταῦτ’

2217 4545 2465 4611 είπόντες
2522 4548 2833 4620 ἐπανῄεσαν
2858 4552 3063 4616 οίκαδε,
3113 4556 3363 4626 χρηστάς
3403 4553 3599 4614 ἐλπίδας
3645 4548 3717 4619 μὲν

2216 4641 2331 4701 τοῖς
2359 4639 2509 4703 ἐντὸς
2535 4639 2751 4711 τείχους
2780 4643 3203 4710 καταλιπόντες,
3230 4650 3330 4701 οὐκ
3359 4651 3436 4710 είς
3467 4642 3661 4718 χρηστὸν
3681 4638 3714 4691 δ’

2218 4727 2311 4785 οὖν
2368 4733 2543 4803 πέρας
2591 4734 2937 4804 ἐληλυθυίας.
2994 4738 3275 4809 Πέμψασα
3321 4740 3425 4811 γὰρ
3469 4742 3498 4811 ή
3553 4734 3718 4809 βασιλὶς

2223 4825 2391 4879 Ἀννα
2437 4824 2521 4893 (ού
2556 4825 2663 4894 γὰρ
2698 4824 2944 4897 ἐλελήθει
2995 4829 3057 4883 τὸ
3114 4833 3361 4900 γεγονὸς)
3410 4827 3652 4898 ἀπέφραξέ
3674 4838 3716 4874 τε

2219 4913 2316 4967 καὶ
2350 4916 2660 4985 ἀνεχαίτισε
2705 4918 2804 4989 τὴν
2848 4918 3036 4988 ἕφοδόν
3060 4938 3121 4975 τε
3161 4924 3256 4976 καὶ
3295 4925 3382 4977 τὸν
3408 4922 3628 4976 εἴσπλουν
3648 4916 3719 4985 τῆς

2221 5006 2405 5076 κρύφα
2456 5007 2756 5078 μελλούσης
2798 5010 3011 5065 ἐπιέναι
3058 5013 3357 5083 Λατινικῆς
3385 5014 3439 5075 ἐς
3468 5013 3560 5080 τήν
3600 5008 3716 5061 ὑστε-

2218 5096 2382 5167 ραίαν
2418 5098 2720 5167 δυνάμεως.
2822 5126 2825 5129 λ

2293 5277 2380 5350 [Ρ.
2400 5276 2529 5349 4621
2561 5278 2618 5334 1'.
2640 5279 2812 5332 Τοῦτο
2825 5278 2962 5348 πρὸς
2980 5281 3296 5349 ἀπόγνωσιν
3320 5281 3491 5351 νήγαγε
3513 5277 3621 5338 τοὺς
3639 5272 3715 5325 τειέ

2221 5371 2411 5442 χήρεις
2433 5369 2694 5434 ἐκείνους.
2716 5369 2853 5424 Οὔτε
2876 5370 2985 5442 γὰρ
3006 5373 3170 5427 ὅπλον
3199 5369 3268 5445 ἦν
3300 5388 3473 5442 σφισιν
3492 5370 3623 5424 οῦδὲν
3643 5379 3717 5432 φο.

2224 5461 2538 5529 λακτήριον,
2570 5458 2682 5513 οὔτ’
2707 5461 2894 5525 ἀσπὶς,
2923 5461 3047 5516 οὕτε
3081 5463 3257 5530 τόξον,
3291 5463 3409 5518 οὔτε
3429 5462 3572 5532 βέλος
3597 5454 3715 5510 οὐδὲν

2217 5552 2594 5635 άμυντήριοψ
2634 5554 2727 5605 καὶ
2778 5551 2914 5621 πρός
2959 5569 3019 5621 γε
3064 5552 3126 5606 τὸ
3179 5556 3352 5623 τεῖχος
3397 5547 3630 5623 ἀμεληθὲν
3667 5542 3715 5593 ἐκ
