3992 6202
331 157 434 218 973
709 145 782 216 [Α.
824 158 874 197 c.
921 139 1079 210 13451

1341 140 1777 200 ΒΥΖΑΝΤ.Ν.Ε
1820 141 2194 199 IUSTORL'E
2237 142 2375 202 LIB.
2425 142 2572 202 XIV.

2687 136 2820 201 [ιιιιι.
2871 152 2909 188 ι.
2956 149 3192 188 ικ.ιι..ι;‹ιι,.
3241 136 3296 204 ὁ]
3437 139 3543 201 9ῖὶ

335 263 522 321 πολλοῦ
551 263 846 332 διερρωγὸς
882 255 950 330 ἦν
979 258 1047 312 τά
1075 257 1300 311 πλεῖστα
1334 260 1478 327 μέρη
1505 259 1600 310 τοῦ
1635 275 1689 310 τε
1720 276 1845 326 περι

1985 260 2098 313 dem
2141 266 2328 316 nunriis
2378 264 2562 316 hiabat
2602 262 2871 331 plerisque
2927 262 2975 314 in
3012 261 3256 330 partibus
3311 261 3545 316 circum-

335 357 498 412 πάτου
527 356 619 406 καὶ
652 353 760 405 τῶν
783 349 1082 414 ἐπάλξεων.
1108 349 1220 419 Τὴν
1250 348 1349 417 μὲν
1387 347 1480 400 οὖν
1502 347 1672 401 νύκτα
1703 349 1882 401 πᾶσαν

333 448 543 514 ἐκείνην
589 442 762 504 οὕτως
795 441 881 494 ἐπ’
921 439 1134 493 ἐλπίσιν
1180 438 1686 509 ἀμφισϐητησίμοις
1731 439 1882 499 ἐντὸς

329 539 534 607 τείχους
555 535 872 604 ηὐλίσαντο,
903 533 1001 595 τάς
1025 549 1082 584 τε
1112 530 1282 594 πύλας
1304 531 1662 600 φυλάττοντες
1690 531 1785 583 καὶ
1815 530 1882 582 τὰ

328 630 475 699 τείχη
517 626 848 697 περιιόντες.
884 624 1088 677 Ἐωθεν
1127 623 1171 676 δ’
1210 625 1284 686 ὠς
1317 620 1456 678 εἶδον
1497 623 1755 694 σύρφακα
1788 624 1884 675 καὶ

327 719 538 790 χυδαῖον
581 716 757 785 ὄχλον,
790 713 942 785 παρὰ
989 713 1080 767 τὸν
1130 714 1348 781 γείτονα
1400 714 1679 777 συνιόντας
1721 714 1884 766 ἱππό-

325 813 519 880 δρομον
565 811 676 880 (89)
737 809 867 872 θέας
916 809 1121 871 εἵνεκα,
1158 808 1252 860 καὶ
1305 806 1509 876 ἥκιστα
1569 803 1882 873 συμμαχίας

328 902 662 972 ἡστινοσοῦν,
702 901 763 965 ἐξ
793 893 868 954 ὧν
917 916 980 967 γε
1019 898 1312 968 ἢλπίκασιν
1376 895 1577 966 (ᾤοντο
1601 895 1730 964 γὰρ,
1761 895 1884 946 ἐπεὶ

331 992 552 1060 μισητὸς
593 991 804 1060 ὑπῆρχε
833 991 945 1051 τοῖς
971 989 1115 1050 ὅλοις
1165 988 1350 1056 σχεδὸν
1375 985 1688 1049 Βυζαντίοις
1726 985 1886 1038 Ἀπό-

328 1097 548 1143 καυκος,
579 1080 823 1142 ἃπαντας
878 1079 1027 1149 ἥξειν
1071 1078 1252 1140 εὐθὺς,
1296 1077 1696 1137 στασιάσαντας
1741 1073 1883 1126 κατὰ

326 1172 432 1224 τῶν
471 1171 749 1242 ἀρχόντων
798 1170 890 1223 καὶ
931 1168 1212 1239 βασιλέων,
1247 1165 1650 1230 ἀπαλλάξαντος
1704 1164 1764 1216 ὃν
1807 1163 1880 1226 ῶς

326 1260 587 1330 τύραννον
641 1259 968 1328 ἐδεδίεσαν)·
1025 1258 1101 1320 ὡς
1152 1255 1244 1310 οὖν
1293 1255 1457 1324 ἕτερα
1509 1251 1626 1306 ἀνθ’
1678 1253 1880 1324 ἐτέρων

329 1351 512 1421 ἐώρων
559 1349 653 1403 καὶ
689 1350 750 1402 ού
792 1351 930 1402 κατά
981 1345 1209 1417 γνώμην
1247 1345 1444 1416 ἐχώρει
1489 1343 1556 1397 τὰ
1608 1343 1880 1414 δρώμενα,

327 1439 454 1508 περὶ
485 1437 788 1505 διαλλαγῶν
809 1437 1048 1506 ὡμίλουν
1070 1439 1182 1498 τοῖς
1211 1435 1408 1501 ἔξωθεν
1457 1432 1594 1501 πρὸς
1643 1432 1741 1500 τῆς
1783 1431 1881 1501 βα-

330 1531 524 1592 σιλίδος
580 1529 752 1582 ίοῦσιν
807 1529 1029 1596 Ἀννης.
1087 1527 1197 1579 Καὶ
1246 1525 1362 1594 τάχ’
1417 1524 1484 1577 ἂν
1537 1521 1786 1590 ἐγίγνετό
1827 1538 1880 1574 τι

328 1620 560 1689 χρηστὸν
591 1617 847 1682 ἐκείνοις,
871 1619 922 1670 εί
970 1617 1045 1686 μή
1095 1632 1240 1676 τινος
1293 1613 1573 1682 δαιμονίου
1604 1611 1884 1665 κεκώλυκε

328 1711 619 1780 βασκανία.
666 1709 807 1762 Ἀλλ’
856 1709 1043 1781 ἐχρῆν,
1093 1709 1168 1772 ὼς
1222 1707 1418 1769 ἔοικεν,
1481 1707 1540 1757 ὲν
1595 1704 1884 1775 θεομηνίας

327 1804 536 1873 καιροῖς
583 1800 750 1871 μηδὲν
795 1800 1098 1869 ἀτόλμητον
1151 1796 1497 1868 παροφθῆναι
1554 1794 1662 1849 τῶν
1696 1792 1889 1865 ἀθεμίοι

327 1911 450 1949 των.
490 1894 656 1962 Ἔσχε
688 1893 746 1945 δὲ
783 1891 976 1955 οὕτως.

393 2073 503 2126 IA'.
549 2073 615 2125 Ἦ
641 2073 738 2125 τοῦ
780 2073 1124 2126 Ἀποκαύκου
1154 2072 1315 2143 γυνὴ,
1343 2073 1402 2124 τὸ
1443 2072 1722 2141 ἐνδόσιμον
1749 2077 1888 2142 πρὸς

324 2167 419 2233 τῆς
469 2165 738 2239 βασιλίδος
781 2165 980 2233 Ἀννης
1029 2163 1288 2226 λαϐοῦσα,
1345 2163 1735 2233 προσκαλεῖται
1779 2165 1886 2216 πᾶν

325 2257 383 2310 τὸ
419 2257 799 2326 Γασμουλικὸν
831 2255 963 2326 (90),
995 2256 1088 2308 καὶ
1134 2255 1433 2325 χρημάτων
1463 2254 1697 2325 χορηγίᾳ
1725 2253 1886 2322 δαψι-

327 2346 557 2418 λεστέρα
585 2346 782 2410 πείθει,
817 2346 915 2408 τάς
957 2345 1206 2415 τριήρεις
1236 2343 1551 2414 αὐθημερὸν
1577 2344 1888 2414 ἀφεμένους

329 2437 598 2502 ἃπαντας,
627 2435 769 2488 ὅπλα
824 2433 872 2487 δ’
927 2433 1139 2487 ἐκεῖθεν
1195 2432 1557 2502 ἀνειληφότας
1615 2433 1709 2485 καὶ
1759 2429 1887 2503 βέλη

332 2527 534 2591 πάντα,
567 2523 1010 2596 περιεληλυθέναι
1051 2523 1480 2593 πολιορκοῦντας
1503 2523 1564 2576 τὸ
1591 2522 1684 2576 τοῦ
1711 2524 1885 2576 παλα-

325 2617 443 2669 τίου
487 2616 699 2668 ἐκείνου
745 2615 1024 2685 φρούριον,
1055 2615 1161 2676 ἕως
1204 2614 1639 2684 είσπηδήσαντας
1687 2613 1887 2684 ήϐηδδν

326 2706 456 2769 τοὺς
489 2705 637 2769 ἐντὸς
676 2706 907 2769 ἀνελεῖν,
939 2706 1061 2768 τοὺς
1108 2704 1206 2772 μὲν
1237 2703 1312 2767 ὡς
1342 2704 1722 2774 ἀνδροφόνους,
1761 2705 1888 2768 τοὺς

325 2797 364 2849 δ’
389 2796 474 2861 ὥς
507 2798 854 2868 ἀνδροφόνοις
880 2795 1150 2866 δήπουθεν
1177 2795 1487 2866 ὁμόφρονας
1527 2796 1622 2849 καὶ
1652 2797 1888 2866 ὁμοστέ-

1982 348 2160 403 ductm
2205 351 2586 406 ambulationis
2623 359 2678 406 et
2723 366 3055 405 summorum
3111 352 3546 420 propugnaculo-

1982 452 2123 490 rum.
2157 437 2345 492 Totam
2384 442 2563 509 itaque
2599 441 2743 495 illam
2782 451 2996 495 noctem
3049 446 3215 494 nubta
3267 458 3361 512 spe
3405 444 3547 498 intra

1984 544 2197 581 murum
2267 545 2530 595 mansere,
2611 539 2794 599 portas
2841 533 3282 587 custotlienteset
3347 534 3546 589 mmnia

1982 629 2401 673 circumeuntes.
2455 621 2606 674 Mane
2629 631 2831 685 autem,
2889 624 2980 675 ubi
3041 623 3308 690 plebeiam
3355 625 3545 679 faecem

1982 719 2144 778 atque
2167 710 2454 765 colluviem
2483 713 2780 780 conspicati
2825 722 2973 777 sunt,
3011 716 3077 768 ad
3115 716 3354 770 vicinum
3413 716 3546 783 Ilip-

1983 800 2307 869 podromum
2347 803 2556 858 visendi
2583 804 2783 867 studio,
2813 821 2876 860 ac
2902 821 3006 859 non
3058 807 3140 876 (ut
3171 809 3546 879 speraverant)

1982 887 2191 943 ferendi
2232 890 2393 946 ullius
2444 894 2631 946 auxilii
2685 909 2846 950 causa
2891 897 3252 954 conﬂuentem
3322 901 3546 971 (etenim

1982 979 2408 1046 arbitrabantur,
2465 999 2533 1039 eo
2576 985 2720 1053 quod
2779 988 3032 1043 omnibus
3076 991 3188 1046 fere
3241 993 3551 1063 Byzantiuis

1982 1069 2110 1123 odio
2151 1070 2344 1126 fuisset
2409 1076 2748 1143 Apoc-ancus,
2789 1092 3048 1134 venturos
3102 1083 3284 1136 statim
3335 1101 3547 1154 omnes,

1982 1158 2249 1214 seditione
2272 1161 2533 1217 adversus
2587 1179 2867 1236 maguatcs
2896 1178 2952 1223 ct
2995 1172 3350 1240 imperatores
3404 1185 3551 1231 mota

1981 1263 2068 1314 co,
2097 1265 2260 1320 quem
2296 1260 2355 1305 ut
2416 1263 2700 1322 tyranuum
2760 1271 3093 1330 metuerant,
3140 1266 3402 1338 sublato),
3457 1269 3552 1325 ubi

1983 1339 2164 1409 itaque
2189 1341 2336 1397 aliud
2367 1344 2531 1415 736
2553 1361 2654 1414 pro
2693 1349 2800 1404 alio
2824 1351 3082 1406 viderunt
3125 1356 3409 1424 accidisse,
3456 1375 3553 1415 nc-

1981 1444 2090 1496 que
2119 1446 2185 1486 ex
2210 1435 2478 1489 sententia
2507 1437 2803 1492 succedere
2858 1455 2969 1502 res,
3031 1442 3099 1496 de
3147 1448 3550 1505 reconcilianda

1981 1522 2151 1590 gratia
2185 1539 2344 1594 egere
2377 1541 2501 1582 cum
2535 1529 2602 1583 iis
2636 1530 2726 1598 qui
2767 1530 2836 1584 ab
2857 1532 3217 1602 jmperatrice
3253 1539 3405 1593 Anna
3455 1542 3552 1596 ad-

1986 1627 2248 1671 venerant
2289 1632 2305 1670 :
2347 1626 2404 1671 et
2429 1619 2533 1673 nisi
2599 1621 2902 1676 obstitisset
2953 1625 3097 1694 genii
3133 1627 3363 1698 alicujus
3419 1633 3547 1691 mali

1988 1707 2216 1774 invidia,
2245 1707 2476 1764 fortasse
2516 1710 2722 1780 aliquid
2751 1713 2880 1767 boni
2914 1715 3046 1784 ipsis
3077 1723 3393 1780 exstitisset.
3443 1727 3548 1784 Sed

1987 1798 2246 1853 nimirum
2270 1801 2530 1868 oportuit,
2553 1803 2609 1856 in
2649 1803 2756 1858 illis
2807 1803 3008 1862 furoris
3063 1809 3233 1866 divini
3287 1819 3547 1886 tempori-

1990 1890 2114 1957 bus,
2142 1890 2277 1944 nihil
2310 1891 2536 1946 sceleris
2595 1893 2924 1949 intentatum
2960 1898 3159 1954 omitti.
3216 1903 3319 1959 (les
3364 1918 3546 1964 autem

1987 1978 2060 2030 ita
2092 1993 2150 2032 se
2179 1978 2390 2034 habuit.

2058 2071 2151 2125 XI.
2182 2071 2454 2142 Apocanci
2494 2089 2652 2137 uxor,
2691 2077 2760 2130 ab
2789 2077 3139 2146 impcratrice
3170 2082 3324 2139 Anna
3378 2087 3549 2143 licen-

1989 2170 2116 2223 tiam
2143 2169 2654 2238 cumjmpetrasset,
2689 2167 3054 2226 Gasmulicam
3085 2187 3302 2230 omnem
3335 2178 3548 2240 turbam

1986 2261 2232 2326 advocat,
2289 2269 2342 2315 et
2417 2259 2796 2329 pinguioribus
2839 2263 3106 2330 pecuniae
3167 2268 3550 2340 largitionibus

1988 2355 2302 2424 persuadet,
2366 2364 2426 2409 ut
2476 2355 2655 2410 cuncti
2695 2353 3013 2414 triremibus
3057 2376 3120 2415 ea
3167 2363 3254 2419 die
3323 2367 3548 2438 relictis,

1987 2448 2324 2517 sumptisque
2345 2447 2470 2504 inde
2503 2451 2666 2506 armis
2697 2462 2752 2506 et
2775 2452 2896 2508 telis
2925 2469 3262 2525 quacunque
3283 2457 3550 2526 inessent,

1987 2539 2172 2607 palatii
2198 2539 2344 2595 illius
2369 2555 2549 2596 arcem
2582 2543 2868 2599 obsidione
2885 2545 3126 2612 cingant,
3180 2551 3357 2619 quoad
3406 2552 3548 2608 [arta

1989 2629 2294 2698 irruptione
2355 2643 2451 2684 eos
2511 2631 2806 2696 trucident,
2866 2633 2960 2702 qui
3035 2635 3185 2691 intus
3235 2649 3549 2706 versentur,

1987 2719 2124 2773 nulli
2157 2719 2301 2774 aetati
2331 2721 2643 2789 parcendo;
2674 2722 2794 2787 hos,
2822 2731 2880 2776 ut
2913 2724 3254 2791 homicidas;
3310 2729 3449 2795 illos,
3490 2743 3549 2788 ut

1987 2811 2386 2866 homicidarum
2438 2813 2677 2868 fautores
2747 2825 2910 2884 atque
2978 2819 3419 2876 contubernales.
3467 2825 3544 2878 ΛιΙ

326 2905 478 2953 γους.
535 2889 678 2958 Πρὸς
731 2888 796 2959 δὴ
857 2886 1132 2949 τοιούτους
1203 2885 1405 2955 φόνους
1456 2887 1732 2958 ἀγοραίων
1793 2889 1884 2941 καὶ

1987 2903 2254 2974 ejusmodi
2283 2903 2482 2960 andem
2510 2919 2632 2960 cum
2664 2905 2752 2960 illa
2774 2906 3057 2961 hominum
3084 2909 3549 2969 circumforaneu-

330 2980 607 3032 ἀσυνέτων
638 2979 845 3049 ἀνδρῶν
870 2977 1141 3032 ὁπλίσασα
1165 2976 1344 3044 δεξιὰς
1374 2977 1557 3044 ἐκείνη
1588 2979 1888 3049 χρημάτων

327 3069 528 3138 ἁδραῖς
580 3068 676 3139 (ὡς
708 3068 1045 3139 εἰρήκειμεν)
1091 3067 1378 3134 δεξιώσεσι
1423 3070 1516 3121 κα)⁸
1564 3067 1709 3122 οίνου
1752 3087 1889 3140 κρα-

327 3162 512 3229 τήρων
558 3159 770 3212 πολλῶν
818 3159 1175 3228 ἐμφορεῖσθαι
1235 3159 1454 3212 δίδωσιν
1498 3159 1766 3229 ἀφθόνως,
1823 3161 1890 3215 ἵν’

328 3249 528 3302 οὑτωσὶ
569 3248 664 3302 τοῦ
704 3249 1036 3318 καθήκοντος
1087 3251 1380 3313 ἐκστάντες
1411 3251 1671 3320 λογισμοῦ
1703 3269 1890 3321 μαινο-

331 3342 508 3408 μένων
537 3339 692 3410 δίκην
717 3339 936 3410 χωρῶσι
973 3340 1110 3410 πρὸς
1143 3341 1243 3404 τὰς
1284 3341 1392 3396 τῶν
1421 3342 1727 3413 ἀνθρώπων
1753 3360 1890 3412 σφα-

328 3433 449 3497 γάς.
490 3431 642 3484 Ἐπεὶ
663 3431 708 3485 δ’
730 3430 873 3484 οὕτω
900 3431 1051 3484 ταῦτ’
1078 3426 1192 3500 εἶχε
1220 3432 1312 3484 καὶ
1343 3430 1372 3482 ὁ
1393 3431 1488 3484 τοῦ
1520 3431 1669 3501 ήλίου
1691 3431 1890 3502 δρόμος

331 3523 429 3592 ἤδη
471 3522 544 3575 τὰ
577 3523 926 3594 μεσημϐρινὰ
959 3522 1301 3591 παρήλλαττε
1333 3520 1624 3591 ὑψώματα,
1656 3522 1891 3594 δραμόν-

329 3630 415 3676 τες
447 3615 650 3667 ἐκεῖνοι
688 3613 872 3682 κύκλῳ
920 3613 980 3666 τὸ
1019 3611 1278 3684 φρούριον
1323 3614 1691 3683 περιέστησαν
1717 3613 1886 3679 ἅπαν,

333 3704 521 3758 ἀσπίσι
556 3706 652 3758 καὶ
681 3705 867 3766 ὅπλοις
915 3703 1088 3759 ἅπασι
1143 3704 1544 3773 πεφραγμένοι,
1593 3703 1688 3755 καὶ
1743 3703 1889 3756 ἆπαν

335 3793 485 3862 βέλος
541 3795 804 3864 ἑκηϐόλον
859 3795 914 3846 ὲν
962 3796 1144 3864 χεροῖν
1203 3794 1614 3863 περιφέροντες,
1653 3795 1748 3848 καὶ
1787 3797 1888 3850 ὅσα

332 3883 498 3953 θύρας
529 3884 982 3954 ἀναμοχλεύουσιν
1010 3885 1217 3954 ὁργανα
1243 3885 1335 3937 καὶ
1363 3886 1707 3938 κατασείουσι
1734 3887 1886 3958 τείχη

330 3975 422 4027 καὶ
480 3976 770 4028 ἀποσπῶσι
824 3975 1004 4038 λίθους
1048 3977 1112 4029 ὲκ
1162 3975 1462 4045 θεμελίων*
1493 3967 1568 4029 ὧν
1610 3977 1659 4030 οί
1694 3977 1792 4045 μὲν
1821 3979 1887 4032 τὰ

329 4067 455 4137 βέλη
518 4068 830 4136 πέμποντες
890 4065 1090 4130 ἔξωθεν
1137 4069 1280 4119 κατά
1334 4067 1539 4136 πλῆθος
1583 4067 1678 4120 καὶ
1728 4067 1888 4139 δίκην

325 4159 540 4228 βαθέωι
587 4157 767 4226 νεφῶν
816 4158 1025 4221 πάντας
1075 4159 1201 4220 τοὺς
1251 4157 1400 4211 ἔνδον
1448 4158 1556 4213 τῶν
1610 4158 1888 4224 ἐπάλξεων

325 4252 614 4319 ἀπήλασαν
643 4251 707 4303 ὲκ
750 4248 844 4302 τοῦ
891 4250 1255 4320 παραχρῆμα,
1291 4250 1454 4318 μηδὲν
1478 4251 1697 4304 ὁθενοῦν
1736 4251 1888 4322 ἔχον-

322 4359 421 4405 τας
447 4343 634 4407 ὄπῖον,
661 4341 693 4412 ἢ
716 4341 1104 4411 φυλακτήριον,
1136 4340 1255 4409 ῆδι’
1285 4337 1358 4394 ὧν
1377 4343 1664 4411 ἀμυνεῖταί
1686 4360 1768 4405 τις
1796 4343 1887 4397 τὸν

325 4432 547 4484 ἐπιόντα
574 4432 855 4502 πολέμιον.
913 4430 999 4503 [Ρ.
1025 4430 1155 4502 465]
1186 4433 1247 4484 υἱ
1271 4432 1324 4484 δὲ
1355 4431 1424 4484 τά
1451 4433 1886 4503 ἐκμοχλευτήρια

326 4525 585 4590 φέροντες
637 4522 868 4591 δργανα,
916 4523 1235 4592 προσιόντες
1285 4521 1485 4587 ἔξωθεν
1513 4524 1583 4576 τά
1624 4541 1684 4576 τε
1731 4524 1884 4594 τείχη

327 4610 662 4679 πολλαχόθεν
691 4609 988 4681 διώρυττον
1016 4613 1111 4664 καὶ
1138 4611 1240 4675 τὰς
1288 4613 1463 4675 πύλας
1493 4612 1849 4681 ἀνεμόχλευον
1869 4630 1884 4646 ο

321 4705 400 4767 ὡς
437 4705 494 4757 ὲν
529 4705 667 4760 πάνυ
697 4703 926 4776 βραχείᾳ
957 4705 1148 4776 καιροῦ
1184 4707 1347 4776 ῥοπῇ,
1387 4703 1598 4760 πολλῶν
1628 4705 1886 4776 πολλαχό-

324 4795 416 4848 θεν
448 4795 558 4848 τῶν
586 4795 807 4849 εἰσόδων
831 4796 1202 4865 ἀνοιχθεισῶν,
1223 4797 1426 4858 πάντας
1457 4795 1628 4865 ἄρδην
1658 4797 1881 4866 εἰσρυῆ-

324 4904 412 4939 ναι
453 4886 576 4948 τοὺς
607 4886 916 4956 πολεμίους.

395 4976 496 5031 IB'.
516 4973 626 5029 Ἦν
649 4978 766 5030 τότε
797 4978 925 5032 ίδεῖν
949 4978 1070 5040 τοὺς
1094 4978 1192 5047 μὲν
1218 4977 1432 5042 ἀθλίους
1465 4979 1704 5043 ἐκείνους
1733 4981 1889 5049 ἀφει-

322 5071 428 5134 δῶς
457 5072 880 5143 ἀναιρουμένους
916 5074 1008 5125 καὶ
1034 5073 1168 5142 πρὸς
1199 5073 1331 5144 ᾅδην
1357 5075 1420 5127 ἐκ
1451 5076 1559 5127 τῶν
1584 5075 1710 5146 χθὲς
1743 5093 1887 5146 πεμ-

328 5167 594 5234 πομένους
620 5166 837 5234 δεσμῶν
859 5182 873 5197 ·
901 5167 1024 5228 τοὺς
1075 5166 1133 5219 δὲ
1188 5167 1348 5235 φόνου
1384 5169 1640 5230 πνέοντας
1685 5169 1886 5238 ἄνδρας

1991 3010 2108 3049 rum
2143 3004 2198 3050 et
2234 2995 2558 3050 stolidorum
2586 2993 2804 3051 dextras
2847 2998 3167 3056 armavisset
3207 3001 3439 3066 liberali,
3489 3015 3550 3061 ut

1990 3086 2246 3151 diximus,
2281 3086 2528 3155 pecunia:
2570 3087 2922 3156 erogatioue;
2973 3090 3162 3144 multis
3213 3092 3378 3147 etiam
3435 3095 3546 3150 vini

1990 3175 2200 3245 poculis
2234 3175 2456 3245 profuse
2487 3175 2923 3248 eosingurgitat,
2953 3188 3010 3233 ut
3043 3179 3098 3234 in
3150 3181 3295 3237 hunc
3327 3185 3548 3240 modum

1989 3276 2137 3320 recta
2166 3266 2374 3320 ratione
2399 3266 2617 3321 excussi
2646 3266 2945 3321 furentium
2983 3271 3156 3324 instar
3183 3272 3251 3326 ad
3297 3272 3547 3331 homines

1983 3355 2307 3428 jugulandos
2339 3361 2582 3408 ruerent.
2617 3354 2754 3408 Cum
2820 3357 2872 3408 in
2915 3371 2982 3410 eo
3046 3373 3132 3412 res
3169 3371 3373 3426 essent,
3421 3365 3555 3419 solis

1988 3460 2152 3501 cursu
2221 3443 2583 3498 meridianum
2644 3441 2755 3510 jam
2826 3444 3086 3500 verticem
3158 3457 3586 3518 praetereuntc,‘

1989 3551 2152 3594 ruere
2184 3537 2260 3591 illi
2288 3543 2344 3591 et
2387 3544 2553 3590 totam
2600 3534 2840 3605 undique
2889 3550 3068 3590 arcem
3122 3539 3549 3611 circumsistere,

1989 3627 2194 3700 clypeis
2226 3626 2502 3695 armisque
2533 3625 2788 3679 omnibus
2821 3625 3094 3692 instructi,
3122 3636 3177 3682 et
3215 3643 3376 3685 omne
3419 3634 3552 3690 mis-

1989 3721 2172 3776 silium
2205 3719 2431 3773 telorum
2460 3705 2632 3786 genus
2660 3715 2913 3772 manibus
2942 3717 3413 3788 circumferentes,
3451 3740 3552 3779 ea-

1989 3823 2094 3879 que
2129 3807 2312 3861 omnia
2338 3804 2720 3870 instrumenta,
2751 3819 2872 3872 qua:
2894 3804 3076 3869 autad
3136 3815 3416 3874 portarum
3468 3828 3553 3867 re-

1989 3899 2182 3970 pagula
2213 3894 2592 3960 convellenda,
2623 3907 2720 3948 aut
2753 3895 2819 3948 ad
2844 3909 3032 3948 muros
3059 3895 3408 3964 quatiendos.
3455 3911 3552 3956 aut

1987 3992 2054 4046 ad
2075 3989 2284 4060 lapides
2313 4002 2343 4041 e
2376 3984 2745 4041 fundamentis
2772 3983 3102 4040 emovendos
3130 3986 3337 4042 valent.
3364 3989 3441 4044 Ex
3463 3992 3550 4046 his

1989 4081 2080 4136 alii
2101 4079 2322 4150 quidem
2352 4075 2485 4130 foris
2517 4088 2780 4143 magnam,
2817 4073 3051 4129 telorum
3089 4075 3196 4130 vim
3231 4092 3294 4132 ac
3323 4078 3549 4136 densam

1990 4170 2155 4227 veluti
2183 4168 2384 4224 nubem
2411 4164 2570 4236 737
2591 4164 2852 4235 iacientes
2914 4165 3164 4234 repulere
3213 4166 3331 4224 illos
3358 4185 3551 4228 omnes

1990 4264 2308 4332 derepente,
2338 4258 2434 4328 qui
2467 4256 2695 4312 summis
2733 4257 2788 4310 in
2830 4258 3252 4327 propugnaculis
3307 4263 3544 4325 stabant,

1984 4354 2154 4411 armis
2186 4352 2551 4419 undecunque
2581 4347 2896 4412 destitutos,
2927 4357 3035 4403 tam
3062 4350 3130 4404 iis
3158 4353 3362 4422 quibus
3418 4371 3546 4409 cor-

1985 4461 2086 4515 pus
2113 4442 2436 4514 protegitur,
2459 4455 2621 4510 quam
2659 4438 2767 4493 illis
2797 4438 2999 4508 quibus
3061 4441 3320 4512 ingruens
3373 4440 3549 4502 bustis

1988 4536 2356 4607 propulsatur.
2388 4532 2494 4588 Alii
2526 4546 2656 4588 vero
2689 4538 2959 4587 tormenta
3010 4535 3238 4589 muralia
3287 4536 3546 4591 admove-

1987 4629 2139 4690 bant,
2171 4626 2503 4697 propiusque
2527 4623 2850 4681 accedentes
2876 4627 3076 4696 passim
3123 4637 3180 4682 et
3207 4643 3393 4683 muros
3422 4613 3550 4699 per-

1990 4717 2289 4781 fodiebant,
2313 4724 2369 4771 et
2395 4727 2582 4786 portas
2627 4716 2879 4771 vectibus
2905 4716 3352 4782 labefactabant;
3384 4718 3454 4772 ita
3488 4727 3549 4774 ut

1940 4832 1955 4849 ο
1993 4817 2269 4861 momento
2313 4806 2572 4874 temporis
2614 4805 2882 4875 patefacto
2915 4805 3020 4859 sibi
3069 4805 3256 4860 multis
3303 4806 3360 4860 in
3415 4807 3552 4865 locis

1992 4897 2159 4960 aditu,
2207 4895 2442 4951 universi
2465 4912 2686 4966 prorsus
2709 4898 2891 4952 hostes
2914 4897 3232 4965 irruperint.

2063 4987 2179 5042 ΧΗ.
2211 4988 2330 5042 .lam
2362 4986 2547 5040 videre
2577 4996 2714 5052 erat,
2733 4986 3101 5044 infortunatos
3150 4989 3371 5060 quidem
3427 4992 3549 5046 illos

1991 5079 2163 5132 ell'uso
2185 5077 2444 5141 interimi,
2466 5085 2520 5131 et
2547 5076 2613 5130 ab
2645 5076 2915 5132 hesternis
2934 5079 3165 5135 vinculis
3186 5079 3253 5136 ad
3283 5081 3550 5138 tumulum

1995 5169 2277 5223 transferri
2300 5167 2463 5223 :istos
2486 5177 2668 5224 autem
2693 5169 3071 5240 sanguinarios
3092 5171 3243 5228 viros
3262 5172 3330 5228 ad
3353 5172 3554 5227 multas

1664 5284 2001 5346 Variorum
2031 5293 2216 5346 notas.

398 5382 510 5453 (89)
533 5382 707 5448 Quem
735 5382 1070 5453 Ξυλόκερκον
1104 5392 1298 5437 vocant
1333 5381 1646 5453 scriptores,
1688 5383 1755 5437 de
1779 5399 1877 5441 cu-

321 5451 420 5522 jus
446 5452 547 5505 situ
583 5454 796 5522 agimus
849 5453 902 5507 in
940 5451 1397 5522 Constantinopoli
1439 5451 1632 5522 Christ.
1681 5453 1778 5507 lib.
1815 5469 1875 5516 ιι,

341 5532 475 5575 sect.
508 5522 558 5587 l,
592 5521 652 5577 ιι.
706 5521 792 5588 16,
833 5531 888 5580 et
913 5522 1010 5576 lib.
1062 5537 1133 5588 Iv,
1158 5531 1290 5577 scut.
1324 5521 1410 5586 15,
1444 5537 1499 5577 n.
1525 5521 1616 5576 35.
1649 5523 1876 5578 Ducum.

2059 5386 2169 5459 (90)
2200 5387 2460 5459 PAachym.
2497 5388 2594 5444 lib.
2626 5405 2702 5458 IV,
2732 5402 2856 5459 cap.
2885 5388 2975 5445 26.
3004 5387 3138 5445 Vide
3167 5387 3351 5444 Gloss.
3403 5389 3550 5446 med.

1983 5457 2198 5516 Graccit.
2231 5457 2463 5513 Ducam.
