3992 6202
425 114 529 174 975
702 110 773 178 [Α.
817 126 871 164 ιι.
907 110 1191 176 6855,ικι).
1240 109 1325 180 15]

1609 112 1782 173 NICE
1794 111 2023 172 PIIORI
2063 114 2444 175 GREGORE

2773 109 2903 182 [ιιιιι.
2945 127 2987 166 ι.
3022 126 3228 169 rumor.
3292 113 3344 184 41

3509 125 3603 188 976

428 227 715 295 variasque
747 227 1035 279 hominum
1059 223 1232 278 ca!ch
1263 221 1458 293 gladiis
1480 221 1579 285 uti,
1609 237 1732 276 cum
1764 222 1975 276 immani

2091 227 2333 287 ἐκείνευς
2361 227 2440 287 εἰς
2467 225 2762 288 πολυειδεῖς
2814 228 2908 280 καὶ
2953 227 3197 291 ποικίλας
3227 230 3428 298 σφαγὰς
3475 250 3603 300 χρω.

425 333 480 370 et
503 317 682 370 furiali
708 315 940 384 quadam
969 315 1292 368 crudelitate
1315 313 1708 382 harbariraque
1733 311 1981 366 licentia.

427 407 676 462 Destituti
698 407 878 475 itaque
907 406 1113 476 clypeis
1144 404 1430 459 miserrimi
1479 404 1583 466 illi,
1613 418 1734 457 cum
1757 411 1812 456 et
1842 402 1986 454 iner-

424 515 540 555 mes
567 508 770 563 essent,
797 506 852 552 et
880 512 1120 567 praesens
1160 495 1458 564 periculum
1480 493 1722 563 effugere
1765 493 1984 546 minime

424 599 664 660 possent,
696 590 895 658 partim
931 590 1040 658 jam
1072 586 1446 650 czedebantur,
1477 586 1674 654 partim
1727 585 1782 638 in
1803 584 1982 654 fugam

422 682 844 738 cﬂundebantur
875 681 990 735 bini
1026 681 1299 749 ternique,
1335 689 1391 733 ct
1417 678 1758 739 catervatim,
1797 692 1858 730 ac
1888 691 1984 744 per

425 775 743 846 interjectos
805 773 1042 844 parietes
1084 773 1139 826 in
1186 772 1495 840 contiguam
1546 769 1788 832 domum,
1835 767 1979 836 quod

421 875 506 920 est
541 865 666 920 Note
714 863 1129 928 monasterium,
1162 863 1588 924 delabehantur;
1655 858 1981 926 divitiasque

423 956 688 1025 imagines
723 956 866 1010 inter
897 969 955 1008 se
987 969 1083 1022 pro
1109 953 1218 1006 alio
1257 952 1405 1006 omni
1437 964 1592 1005 sacro
1645 947 1983 1018 phylacterio

420 1047 817 1115 partiebantur.
854 1045 1116 1098 Nonnulli
1149 1043 1348 1097 divinae
1377 1056 1578 1095 mensae
1610 1039 1859 1108 imposita
1887 1053 1980 1106 ap-

423 1140 838 1208 prehendebant
893 1154 1046 1192 sacra
1099 1137 1478 1207 mysteriorum
1518 1148 1685 1196 vasa;
1730 1130 1831 1184 rati
1883 1144 1982 1199 per

419 1247 483 1284 ea
519 1231 779 1300 injectum
809 1230 872 1281 iri
907 1229 1170 1298 pudorem
1199 1225 1469 1296 protervis
1498 1225 1604 1277 illis
1631 1232 1684 1276 et
1733 1221 1982 1275 furibun-

417 1320 502 1374 dis
564 1319 888 1374 latronibus.
961 1316 1068 1372 Alii
1118 1315 1586 1385 amplectebantur
1633 1325 1690 1366 et
1738 1323 1980 1364 mensam

420 1413 588 1481 ipsam
618 1418 1022 1464 sacrosanctam
1047 1419 1102 1464 et
1141 1408 1442 1478 subiectam
1505 1404 1699 1459 basim.
1749 1402 1978 1466 Quidam

417 1503 654 1570 denique
680 1501 872 1554 nudati
906 1511 1132 1569 prorsus
1164 1498 1488 1552 vestimenta
1520 1507 1646 1549 ante
1680 1495 1846 1564 pedes
1898 1493 1980 1546 ul-

2089 313 2286 382 μένους
2314 316 2428 376 τοῖς
2461 311 2638 383 ξίφεσι
2678 315 2770 379 ξὺν
2806 316 2973 386 πολλῇ
3026 317 3120 369 καὶ
3155 319 3401 386 μανιώδει
3425 322 3524 374 τινὶ
3547 327 3610 394 τῇ

2085 409 2332 478 ὠμότητι
2362 411 2458 464 καὶ
2495 410 2804 480 βαρϐαρικῇ
2851 414 2918 481 τῇ
2967 410 3278 481 θρασύτητι.
3304 413 3493 483 Γυμνοὶ
3523 417 3614 485 μὲν

2085 496 2178 553 οὖν
2199 499 2440 554 ἀσπίδων
2466 501 2516 554 οἱ
2543 501 2771 563 τάλανες
2787 500 2936 562 ὄντες
2967 501 3164 554 ἐκεῖνοι
3192 501 3282 554 καὶ
3307 500 3502 565 ἄοπλοι,
3527 509 3614 560 καὶ

2083 589 2283 659 ἥκιστα
2311 591 2594 659 διαφυγεῖν
2640 590 2731 644 τὸν
2780 594 3026 659 παρόντα
3063 591 3342 661 δυνάμενοι
3367 595 3612 657 κίνδυνον,

2083 681 2132 732 oi
2160 680 2257 748 μέν
2285 679 2384 751 ἤδη
2419 681 2732 746 ἐκόπτοντο,
2757 681 2808 735 οἱ
2832 682 2876 736 δ’
2903 682 3177 751 ἐξεχέοντο
3205 683 3485 751 φεύγοντες
3506 685 3618 738 σύν-

2084 770 2178 824 δυο
2208 771 2300 822 καὶ
2335 771 2585 840 σύντρεις
2613 774 2706 825 καὶ
2736 773 2876 826 κατὰ
2905 773 3132 841 πλῆθος,
3176 776 3271 828 καὶ
3295 773 3378 826 διὰ
3402 774 3504 827 τῶν
3531 791 3618 837 με-

2087 860 2344 929 σοτοίχων
2373 862 2768 933 καταρρέοντες
2820 865 2880 926 ἐς
2929 863 3028 934 τὴν
3072 865 3332 933 ἐχομένην
3359 865 3454 932 τῆς
3486 864 3618 928 Νέας

2090 951 2255 1021 μονὴν
2281 954 2391 1022 (9|)
2439 954 2805 1025 διεμερίζοντό
2848 973 2908 1009 τε
2949 955 3046 1018 τὰς
3087 956 3236 1020 θείας
3266 956 3472 1016 είκόνας
3515 957 3617 1009 ἀντ’

2085 1041 2244 1094 ἄλλου
2275 1044 2522 1114 φυλακτη
2532 1045 2648 1112 ρίου
2673 1046 2872 1109 παντὸς
2907 1047 3053 1116 ίεροῦ
3070 1062 3085 1076 ο
3113 1048 3164 1099 οἱ
3187 1045 3232 1100 δ’
3254 1047 3623 1117 ἐνεχειρίζοντο

2082 1131 2153 1185 τὰ
2201 1135 2294 1186 ἐπὶ
2345 1136 2444 1203 τῆς
2497 1136 2644 1198 θείας
2677 1137 2957 1206 τραπέζης
2995 1137 3103 1190 τῶν
3160 1138 3472 1208 μυστηρίων
3512 1136 3621 1206 ίερά

2085 1223 2274 1293 σκεύη,
2305 1224 2650 1295 δυσωπήσειν
2699 1228 2933 1296 οἰόμενοι
2982 1229 3106 1290 τοὺς
3141 1229 3372 1288 ἀναιδεῖς
3402 1228 3623 1292 ἐκείνους

2083 1317 2178 1368 καὶ⁵
2204 1315 2489 1384 μανιώδεις
2518 1317 2720 1388 λῃστὰς
2746 1318 2830 1372 διά
2855 1319 2963 1371 τῶν
2990 1318 3248 1372 τοιούτων
3269 1335 3285 1350 ⁸
3313 1319 3361 1372 οί
3393 1319 3439 1372 δ’
3464 1321 3622 1389 ἠγκι-

2081 1405 2290 1470 λίζοντο
2314 1411 2412 1477 τήν
2444 1425 2505 1461 τε
2542 1408 2693 1462 Θείαν
2716 1411 2997 1479 τράπεζαν
3052 1411 3147 1463 καὶ
3195 1411 3285 1464 τὸν
3327 1409 3431 1465 ὑπὸ
3463 1409 3618 1482 ταύτῃ

2084 1497 2368 1551 στυλίσκον
2396 1515 2412 1532 ο
2444 1500 2494 1552 οί
2534 1499 2590 1551 δὲ
2621 1499 2986 1570 γυμνούμενοι
3028 1495 3211 1554 τέλεον
3258 1501 3521 1556 ἐθελονταὶ
3559 1501 3620 1554 τά

421 1607 502 1648 tre
529 1593 825 1664 iaciebant,
867 1591 1140 1654 arbitrati,
1198 1590 1245 1644 si
1296 1587 1658 1649 nudarentur,
1707 1585 1974 1638 mollitum

2079 1587 2269 1658 ίμάτια
2298 1588 2405 1660 πρὸ
2434 1590 2608 1644 ποδῶν
2647 1593 2960 1663 ἐρρίπτουν,
2993 1593 3231 1661 οίόμενοι
3280 1592 3366 1646 διὰ
3415 1595 3506 1662 τῆς
3535 1607 3622 1662 γυ-

418 1687 484 1740 iri
538 1683 915 1739 misericordia
970 1681 1250 1735 crudelem
1307 1679 1528 1734 illorum
1592 1691 1825 1739 morem,
1886 1674 1979 1742 qui

416 1777 578 1846 738
601 1777 828 1829 fortasse
849 1771 1136 1828 reverituri
1155 1779 1341 1825 essent
1367 1783 1711 1824 communem
1732 1774 1980 1819 naturam

415 1869 587 1923 oeulis
616 1867 950 1937 subjectam;
987 1873 1099 1917 tum
1129 1865 1292 1916 etiam
1349 1869 1406 1915 ut
1443 1861 1590 1914 nulla
1623 1857 1859 1925 amplius
1892 1870 1980 1909 re-

413 1959 756 2025 linqueretur
780 1953 921 2007 ratio
952 1950 1264 2020 suspicandi
1297 1950 1364 2004 de
1390 1965 1470 2011 se,
1490 1950 1644 2018 quasi
1671 1946 1977 2002 Caesareum

413 2048 632 2119 aliquod
664 2047 956 2110 numisma,
983 2051 1079 2097 aut
1108 2042 1254 2096 aliud
1275 2041 1566 2111 quidquam
1601 2037 1776 2107 pretio
1797 2035 1980 2105 aliquo

412 2142 636 2212 dignum
665 2137 1089 2194 occultantibus.
1137 2133 1434 2188 Plurimum
1468 2131 1614 2184 enim
1671 2129 1813 2184 valet
1862 2129 1982 2182 ino-

413 2234 595 2302 pinata
631 2230 910 2283 calamitas
955 2227 1024 2280 ad
1065 2223 1404 2295 suggerenda
1451 2237 1520 2276 ex
1573 2231 1820 2290 tempore
1872 2220 1977 2275 alia

411 2321 534 2373 aliis
561 2318 811 2379 consilia,
833 2315 1037 2384 quibus
1056 2329 1114 2368 se
1150 2313 1298 2382 ipsos
1325 2310 1628 2366 defendant
1652 2324 1680 2361 a
1712 2307 1977 2377 periculis

415 2411 726 2481 magistram
781 2407 1048 2460 habentes
1119 2405 1287 2473 ipsam
1343 2399 1724 2454 necessitatem
1779 2412 1976 2467 urgen-

413 2511 544 2565 tem,
581 2513 705 2552 cum
734 2510 831 2550 eos
873 2494 1154 2562 repentina
1187 2506 1332 2546 mors
1368 2491 1436 2544 ad
1464 2490 1587 2542 vita).
1635 2488 1978 2558 desperatio-

412 2605 536 2644 nem
563 2586 866 2657 compellit.

480 2681 616 2737 Xlll.
663 2682 734 2735 At
769 2678 1092 2734 insolentem
1148 2685 1204 2728 et
1246 2673 1536 2728 immanem
1576 2670 1975 2725 homicidarum

412 2774 626 2828 illorum
681 2772 992 2826 violentiam
1043 2768 1255 2822 mollire
1298 2778 1401 2819 nec
1456 2765 1704 2833 lacrymae
1743 2762 1972 2816 alllicto-

412 2884 532 2922 rum
567 2873 844 2937 poterant,
875 2876 975 2916 nec
1013 2860 1230 2914 habitus
1263 2856 1610 2918 miserabilis,
1667 2869 1772 2909 nec
1815 2867 1972 2907 sacer

411 2963 500 3016 ille
532 2936 706 3022 locus,
735 2959 800 3012 ad
857 2970 1020 3024 quem
1075 2950 1317 3005 infelices
1369 2949 1457 3002 isti
1515 2946 1707 3002 salutis
1759 2936 2040 2998 tucndmC

411 3064 574 3103 causa
601 3048 977 3116 confugerant.
1031 3042 1136 3095 Sed
1194 3039 1540 3092 victimarum
1585 3036 1760 3088 instar
1807 3049 1975 3104 super

409 3140 566 3196 altari
604 3148 660 3192 et
691 3138 746 3190 lii
799 3146 1015 3204 quoque
1053 3143 1183 3185 tunc
1248 3127 1422 3204 [inde
1454 3127 1856 3189 mactabantur,
1915 3132 1972 3178 et

407 3225 818 3299 sanguiniuivi
852 3230 1136 3276 manantes
1167 3217 1292 3272 inde
1321 3215 1632 3287 pavimenta
1667 3230 1820 3270 sacra
1868 3213 1973 3268 tin-

409 3320 646 3390 gebant;
698 3325 756 3369 ct
819 3321 1020 3367 sanctae
1084 3308 1387 3378 imagines,
1454 3315 1510 3361 et
1567 3307 1836 3376 supellex,
1917 3316 1974 3360 et

408 3420 751 3480 qumcunque
795 3402 1028 3457 aderant
1059 3415 1208 3464 vasa,
1267 3397 1442 3454 sacris
1500 3397 1778 3467 mysteriis
1832 3397 1969 3450 assi-

403 3510 586 3571 gnata,
615 3496 798 3552 omnia
835 3493 995 3548 facile
1056 3501 1112 3547 et
1165 3491 1390 3560 impune
1431 3487 1848 3558 disjiciebantur
1906 3503 1970 3542 ac

404 3589 824 3660 diripiebantur.
851 3583 998 3651 Quin
1029 3591 1083 3637 et
1115 3596 1381 3638 caesorum
1435 3579 1758 3635 vestimenta
1803 3579 1971 3633 auda-

403 3699 493 3740 ces
549 3682 628 3736 llli
679 3690 736 3734 et
787 3673 1168 3739 inverecundi,
1229 3687 1430 3728 cruore
1497 3672 1646 3741 largo
1692 3672 1850 3741 plena
1879 3687 1970 3725 su-

405 3781 640 3836 mentes,
674 3769 864 3841 divino
886 3765 1044 3820 altari
1093 3763 1468 3832 imponebant.
1527 3761 1633 3817 Sed
1693 3762 1968 3831 quomodo

405 3881 505 3935 ego
524 3862 686 3918 siccis
719 3858 895 3915 oculis
938 3869 1161 3911 narrare
1202 3853 1402 3924 possim
1453 3853 1857 3908 luctuosissima
1913 3863 1970 3908 et

406 3954 667 4010 uberibus
691 3949 944 4020 lacrymis
971 3947 1157 4016 digna,
1215 3960 1336 4014 quze
1389 3945 1462 3998 illi
1515 3955 1644 3999 tunc
1695 3959 1848 3999 sacro
1913 3945 1967 3998 in

402 4048 540 4108 solo,
595 4040 911 4111 tragmdiam
979 4037 1126 4092 illam
1202 4035 1568 4089 miserabilem
1620 4035 1967 4100 adornantes,

2087 1680 2344 1749 μνῶσεως
2357 1682 2491 1754 πρὸς
2515 1679 2696 1736 οἶκτόν
2715 1701 2773 1738 τε
2795 1685 3050 1754 μαλάξειν
3066 1686 3156 1740 τὸν
3181 1685 3400 1754 φονικὸν
3423 1684 3622 1738 ἐκείνοιν

2082 1769 2304 1839 τρόπον,
2357 1770 2711 1826 αίδεσθέντων
2753 1772 2880 1837 ἴσως
2929 1775 3030 1843 τὴν
3078 1775 3270 1845 κοινὴν
3297 1777 3396 1846 τῆς
3427 1773 3623 1842 φύσεως

2082 1859 2363 1929 γύμνωσιν
2385 1878 2400 1893 ·
2429 1865 2524 1917 καὶ
2555 1863 2670 1933 ἅμα
2701 1864 2970 1934 μηδεμίαν
3009 1867 3102 1920 τοῦ
3131 1866 3322 1921 λοικοῦ
3375 1869 3625 1938 πρόφασιν

2085 1949 2320 2019 ὑποψίας
2349 1950 2544 2013 λιπεῖν,
2579 1951 2674 2004 τοῦ
2704 1952 3043 2022 κρύπτεσθαι
3068 1955 3259 2008 εἵνεκα
3285 1955 3550 2026 Καίσαρος
3573 1957 3626 2010 ἐν

2083 2041 2235 2108 σφίσι
2263 2042 2528 2111 νόμισμα,
2562 2042 2686 2112 μηδ’
2715 2043 2842 2096 ἀλλο
2870 2044 2977 2098 τῶν
3005 2046 3226 2101 πάντων
3253 2042 3388 2110 εἶδος
3419 2048 3624 2118 κέρδους

2080 2133 2231 2196 ἀξιον
2256 2132 2399 2202 ἔχειν
2419 2133 2590 2187 οὐδέν.
2617 2136 2797 2188 Δειναὶ
2828 2135 2936 2206 γὰρ
2962 2137 3018 2191 al
3049 2137 3123 2206 μὴ
3151 2139 3625 2210 προμελετηθεῖσαι

2081 2226 2434 2294 περιστάσεις
2457 2226 2699 2289 ἐπινοίας
2717 2227 2853 2296 πρὸς
2873 2228 2930 2280 τὸ
2955 2228 3246 2282 ἀκίνδυνον
3273 2229 3448 2295 ἀλλοις
3473 2230 3624 2292 ἀλλας

2081 2315 2538 2385 αὐτοσχεδιάζειν,
2578 2316 2822 2385 αὐτοφυᾶ
2866 2315 3194 2371 διδάσκαλον
3238 2318 3334 2389 τὴν
3364 2329 3624 2389 περιισταο

2081 2409 2250 2478 μένην
2274 2408 2520 2476 ἀνάγκην
2548 2407 2934 2478 λαμϐάνουσιν,
2957 2409 3083 2462 ὅταν
3121 2410 3390 2478 αἰφνίδιος
3418 2409 3625 2474 Θάνατος

2077 2502 2157 2564 είς
2183 2500 2493 2569 ἀπόγνωσιν
2520 2502 2658 2570 σφᾶς
2683 2501 2962 2574 ἀπελαύνῃ
2994 2503 3134 2572 βίου.

2146 2680 2247 2734 Il".
2289 2679 2451 2733 Ἀ).λά
2481 2679 2578 2748 τὴν
2609 2677 2799 2750 ἀναιδῆ
2835 2681 2931 2734 και
2971 2681 3217 2754 θηριώδη
3255 2684 3359 2738 τῶν
3385 2685 3624 2754 ἀνδροφό-

2073 2789 2180 2827 νων
2211 2773 2434 2825 ἐκείνων
2477 2772 2651 2842 ὁρμὴ-ι
2686 2773 2984 2841 μαλάττειν
3011 2775 3145 2838 ὅλως
3192 2776 3340 2846 ῶραν
3376 2777 3472 2830 οὐκ
3495 2770 3628 2845 εῖχεν

2072 2863 2198 2918 οὔτε
2251 2863 2464 2932 δάκρυα
2497 2863 2606 2916 τῶν
2639 2863 2980 2930 πασχόντων,
3030 2862 3141 2916 οὒτ’
3205 2861 3339 2936 ἦθος
3391 2864 3621 2927 ἐλεεινὸν,

2073 2953 2186 3008 οὗθ’
2220 2953 2248 3006 ό
2280 2955 2422 3024 ἱερὸς
2469 2954 2674 3016 ἐκεῖνος
2723 2953 2909 3016 τόπος,
2941 2955 2999 3006 ἐν
3026 2945 3071 3021 ᾧ
3124 2955 3408 3025 σωτηρίας
3455 2955 3624 3008 εῖνεκα

2074 3045 2560 3114 κατεπεφεύγεσαν
2588 3047 2635 3098 οῖ
2666 3045 3039 3115 ταλαίπωροι·
3075 3045 3220 3100 ἀπλλά
3246 3048 3401 3116 δίκην
3432 3046 3624 3117 ἱερείων

2073 3140 2167 3192 ἐπὶ
2217 3136 2403 3209 βωμοῦ
2446 3136 2747 3208 τηνικαῦτα
2803 3139 2898 3190 καὶ
2946 3133 3091 3192 οὗτοι
3122 3137 3226 3202 ξὺν
3254 3139 3425 3193 οὐδενὶ
3453 3140 3625 3207 κόσμῳ

2073 3232 2275 3292 πάντες
2329 3229 2571 3295 ἐθύοντο,
2626 3229 2720 3282 καὶ
2774 3228 2972 3298 ρύακις
3004 3229 3264 3299 αἱμάτων
3313 3230 3550 3286 ἐντεῦθεν
3577 3231 3625 3284 τὸ

2073 3320 2213 3372 Θεῖον
2249 3319 2486 3372 ἐϐαπτον
2519 3318 2714 3387 ἔδαφος
2738 3336 2754 3350 ο
2783 3321 2990 3383 εἰκόνες
3032 3335 3088 3374 τε
3120 3321 3270 3374 Θεῖαι
3299 3322 3392 3375 καὶ
3415 3320 3624 3388 ἔπιπλα,

2072 3413 2166 3466 καὶ
2230 3412 2330 3464 ὅσα
2374 3411 2475 3479 τῆς
2535 3409 2684 3473 Θείας
2740 3409 3127 3478 μυσταγωγίας
3194 3413 3362 3484 σκεύη
3420 3413 3624 3484 παρῆν.

2071 3499 2322 3568 ἀσμένως
2351 3496 2568 3551 ἃπαντα
2590 3495 2683 3550 καὶ
2714 3495 2884 3558 ἀδεῶς
2905 3496 3268 3567 ἐρῤιπτοῦντό
3287 3513 3345 3551 τε
3373 3498 3464 3551 καὶ
3485 3499 3624 3565 διηρ-

2071 3587 2308 3651 πάζοντο
2329 3602 2344 3617 ο
2371 3587 2442 3642 τά
2473 3585 2520 3639 Θ’
2561 3587 2752 3656 ἱμάτια
2782 3584 2892 3643 τῶν
2929 3583 3303 3657 ἀνῃρημένων
3331 3589 3380 3640 οῖ
3410 3585 3626 3640 πάντολ-

2073 3679 2164 3750 μοί
2183 3696 2241 3732 τε
2267 3678 2362 3733 καὶ
2384 3677 2618 3740 ἀναιδεῖς
2633 3678 2851 3742 ἐκεῖνοι,
2875 3677 3144 3730 πλουσίων
3161 3679 3416 3748 αἱμάτων
3432 3678 3620 3747 πλήρη,

2069 3771 2136 3840 τῇ
2170 3769 2290 3838 θείᾳ
2314 3767 2678 3838 λαμϐάνοντες
2703 3763 2984 3819 ἐπετίθουν
3009 3767 3287 3840 τραπέζῃ.
3320 3767 3440 3828 Πῶς
3461 3765 3523 3820 ἂν
3545 3766 3626 3818 δυ-

2071 3861 2273 3931 ναίμην
2321 3859 2587 3929 ἀδακρυτὶ
2627 3856 2714 3928 [Ρ.
2765 3855 2897 3929 464]
2928 3857 3253 3927 καταλέγειν
3295 3858 3364 3912 τά
3422 3849 3623 3927 θρήνων

2075 3951 2302 4023 μακρῶν
2330 3952 2423 4004 καὶ
2446 3947 2697 4017 δακρύων
2723 3948 2870 4014 ἀξια,
2901 3949 3002 4002 ὅσα
3045 3949 3138 4001 ἐπὶ
3168 3949 3264 4003 τοῦ
3300 3949 3445 4002 Θείου
3471 3943 3624 4018 τεμό-

2071 4059 2196 4106 νους
2222 4042 2342 4095 τότε
2369 4043 2467 4112 τὴν
2490 4039 2730 4110 ἐλεεινὴν
2754 4039 3062 4110 τραγῳδίαν
3113 4042 3336 4112 ἐκείνην
3375 4041 3620 4112 βαρϐαριο

403 4139 657 4195 alacriter
685 4146 740 4191 et
785 4135 1013 4190 barbare
1030 4131 1423 4203 designaruntl
1475 4130 1690 4186 Utinam
1717 4131 1969 4202 lacrytnis

2077 4133 2186 4196 κῶς
2216 4132 2311 4184 καὶ
2337 4131 2586 4200 ἀσμένως
2621 4132 2879 4199 χορηγεῖν
2911 4129 3230 4198 ἐξεγένετος
3265 4131 3392 4185 Elea
3421 4127 3489 4203 ἦν
3511 4129 3626 4185 ἀντὶ

402 4245 502 4299 pro
523 4233 826 4282 atramento
863 4224 940 4278 uti
979 4223 1185 4286 liceret,
1219 4227 1281 4274 ut
1331 4218 1539 4274 calamo
1591 4219 1820 4274 iutincto
1870 4219 1969 4274 de-

2077 4223 2302 4295 μέλανος
2333 4223 2410 4284 είς
2439 4221 2649 4292 δάκρυα
2696 4220 2791 4272 τὸν
2834 4219 3077 4290 κάλαμον
3113 4220 3379 4291 βάπτοντι
3406 4222 3626 4290 γράφειν

401 4321 697 4376 scriberem
746 4317 892 4372 illius
953 4315 1061 4370 diei
1117 4312 1503 4376 calamitatem,
1561 4310 1966 4382 dilucidiusque

2077 4317 2161 4369 καὶ
2183 4313 2486 4384 δ;ηγεῖσθαι
2515 4311 2613 4380 τῆς
2639 4309 2748 4363 τόθ’
2779 4311 2990 4382 ἡμέρας
3017 4310 3116 4382 τὴν
3149 4314 3441 4383 συμφορὰν
3472 4313 3624 4382 ἐναρ-

400 4423 728 4480 exponerem
757 4405 966 4476 singula
998 4412 1056 4457 ut
1085 4411 1234 4472 gesta
1276 4401 1442 4456 suntl
1487 4399 1565 4454 Ita
1601 4401 1749 4455 enim
1805 4402 1968 4472 739

2077 4407 2347 4474 γέστερον,
2382 4403 2464 4465 ὡς
2491 4402 2698 4454 ἕκαστα
2730 4402 3068 4472 πέπρακται.
3123 4401 3286 4456 Οὒτω
3313 4403 3427 4472 γὰρ
3455 4403 3522 4456 ἂν
3550 4396 3626 4453 οἵ·

400 4503 596 4570 opinor
618 4511 934 4567 eXpressum
970 4495 1035 4548 iri
1065 4492 1318 4548 facillime
1373 4507 1404 4546 a
1433 4506 1760 4562 quocunque
1790 4493 1964 4566 lacry-

2077 4513 2170 4565 μαι
2199 4495 2490 4565 δακρύσειν
2521 4493 2764 4556 ἅπαντας
2805 4493 2868 4545 ἐκ
2914 4491 3009 4546 τοῦ
3043 4493 3247 4563 ῥᾴστου
3282 4493 3521 4564 θερμῶς,
3556 4487 3627 4544 ol-

401 4589 611 4646 mar‘um
646 4589 973 4644 uberrimam
993 4585 1124 4649 vim,
1175 4583 1429 4638 omnibus
1483 4582 1858 4637 misericordia
1909 4592 1967 4638 ct

2077 4603 2197 4639 κτου
2232 4587 2327 4638 καὶ
2352 4584 2674 4652 σπλάγχνων
2707 4583 2952 4650 φυσικῶν
2982 4584 3420 4654 ἐμπλησθέντας.
3444 4583 3626 4651 Ὅμως

400 4684 630 4739 naturali
660 4678 1010 4736 humanitatis
1035 4690 1196 4732 sensu
1249 4674 1493 4730 imbutis.
1549 4674 1714 4744 Atqui
1744 4674 1857 4730 haec
1889 4675 1962 4729 ita

2077 4673 2210 4746 εἶχεν
2237 4676 2378 4730 οὕτω
2409 4675 2585 4729 ταυτί.
2620 4675 2728 4727 Καὶ
2756 4673 2816 4726 τὸ
2865 4672 2963 4742 μὲν
2997 4673 3124 4729 ἀλλο
3160 4673 3391 4744 πλῆθος,
3419 4675 3541 4726 ὅσον
3568 4673 3628 4722 ἐκ

398 4791 454 4829 se
484 4774 808 4829 habuerunt.
846 4769 912 4825 Et
942 4769 1146 4838 reliqua
1177 4767 1396 4838 quidem
1451 4765 1631 4820 omnis
1676 4761 1965 4819 multitudo

2077 4767 2164 4820 τοῦ
2199 4767 2473 4838 σύρφακος
2507 4765 2665 4836 ὄχλου
2709 4766 2853 4821 κατά
2897 4766 3172 4836 ποταμοὺς
3227 4769 3504 4838 συνέρρει,
3534 4763 3626 4825 τὰς

1747 4877 2083 4937 Variorum
2125 4887 2310 4940 nota).

2067 5006 2240 5057 sancti
2276 5003 2556 5058 Michaelis
2591 5003 2644 5057 in
2681 5017 2876 5072 magno
2907 5001 3112 5056 Palatio
3137 5001 3261 5072 sita,
3297 4999 3367 5072 de
3400 5013 3504 5072 qua
3529 5012 3624 5068 pa-

2065 5082 2200 5127 riter
2231 5074 2403 5126 multa
2450 5069 2827 5142 congessimus
2875 5073 2929 5124 in
2969 5073 3175 5142 eadem
3219 5069 3626 5142 lucubratione,

2063 5142 2162 5197 lib.
2202 5159 2263 5206 ιι,
2289 5158 2408 5212 pag.
2440 5137 2584 5206 127:
2609 5151 2664 5212 et
2692 5143 2747 5195 in
2767 5139 3130 5212 Gloss._gned._
3147 5138 3327 5192 Latin.
3356 5140 3408 5192 in
3437 5137 3621 5212 £1399.

2063 5222 2120 5267 et
2151 5213 2202 5266 in
2237 5203 2405 5268 Cios}.
2437 5203 2572 5265 med.
2597 5210 2807 5266 Gracit.
2834 5211 2886 5264 in
2940 5209 3071 5263 Νέα.
3105 5210 3340 5264 Ducam.
3380 5237 3448 5246 —
3517 5203 3626 5271 Τῆς

2063 5282 2217 5346 Νέας
2237 5282 2457 5351 μονήν.
2492 5280 2875 5351 Cantacuzcno
2923 5279 3127 5334 dicitur
3174 5279 3303 5351 ναὸς
3338 5276 3445 5329 τῶν
3473 5277 3625 5351 illi”?

2063 5345 2392 5474 ἧαγμᾶτων,
2453 5350 2595 5406 Hist.
2676 5349 2774 5404 lib.
2831 5365 2914 5414 ιιι,
2991 5365 3113 5420 cap.
3166 5349 3256 5412 88,
3317 5362 3439 5416 pag.
3502 5345 3625 5398 658.

2109 5438 2267 5474 omn.

2109 5438 2267 5477 OIVIN.

471 5016 582 5083 (91)
617 5008 1276 5083 lllortasteriutxiyirorum
1337 5005 1509 5083 fuisse
1564 5003 1782 5083 indicat
1832 5016 1952 5071 cap.

397 5070 514 5153 seq.
547 5070 644 5144 τὰς
683 5079 938 5153 καλύϐας
987 5077 1101 5153 τῶν
1148 5079 1278 5153 ἐκεῖ
1307 5073 1649 5153 μοναζόντων
1685 5070 1958 5140 ἠνδραπος

395 5143 598 5219 δίςδντά
628 5143 687 5202 τε
725 5154 819 5204 καὶ
862 5147 1184 5219 διήρπαζον.
1239 5143 1556 5219 canta_cuz._
1587 5143 1683 5219 lib.
1720 5156 1800 5219 In,
1835 5155 1958 5209 cap.

396 5213 485 5278 δέ.
530 5222 649 5274 Ἐπὶ
677 5223 770 5274 τὴν
800 5213 965 5286 ἐγγὺς
993 5218 1300 5286 κατέφυγον
1335 5217 1461 5286 ναὸν
1489 5213 1598 5264 τῶν
1639 5213 1793 5286 ἐννεα
1827 5226 1958 5286 ταγ-

402 5297 586 5362 μάτων
615 5280 1182 5362 προσαγορευόμενον.
1329 5285 1432 5336 hoc
1459 5280 1797 5362 monasterio
1849 5280 1962 5362 cgi-

396 5350 517 5416 iuus
545 5365 598 5416 in
626 5350 1028 5418 (ἐόιιειιίιιὶἰηοιι⁸
1059 5356 1182 5410 Chr.
1217 5356 1318 5409 lib.
1370 5364 1445 5416 tv,
1469 5360 1604 5406 sect.
1636 5350 1724 5413 15,
1753 5364 1809 5401 ιι.
1866 5351 1956 5406 55.

395 5435 662 5500 (Jorrupte
711 5431 876 5500 igitur
917 5427 1028 5500 Νεα
1055 5439 1167 5500 pro
1205 5425 1362 5500 ἐννέα
1403 5421 1766 5500 dicebant‘ea
1801 5428 1958 5500 tetate

392 5489 1007 5569 Constantinopolitani.
1052 5489 1186 5548 Nam
1205 5494 1310 5548 alia
1339 5492 1445 5545 fuit
1495 5491 1640 5546 aedes
1675 5490 1788 5542 Νέα
1815 5489 1961 5545 dicta
