3992 6202
432 2134 434 2136 ,
525 2095 684 2132 suum
718 2078 771 2132 in
809 2079 1084 2134 silentium
1114 2095 1226 2148 prae
1258 2091 1479 2148 stupore
1509 2091 1811 2136 verterunt.
1843 2083 1910 2136 Et
1939 2099 2084 2138 nunc

527 425 633 486 987
812 415 891 488 [Δ.
931 431 988 471 ιι.
1025 412 1187 478 6855,
1229 427 1334 470 tan.
1380 410 1472 483 15]
1723 411 2084 474 ΝῙΕΕΙἯΟἘ

2188 411 2560 475 ΒΠΕΟΟΗᾸΞ
2880 413 3013 486 [tum
3049 431 3088 469 ι.
3129 429 3349 470 riunt.
3390 414 3444 485 51
3602 421 3698 486 988

513 546 724 593 cumet
755 537 881 605 galli
931 536 998 590 ad
1045 544 1343 590 nocturnos
1381 545 1577 589 cantus
1627 535 1741 588 alas
1773 548 1994 588 movere
2029 543 2083 586 et

2188 533 2386 599 ὕπνους
2418 537 2450 605 ἡ
2483 537 2584 606 τῆς
2615 537 2809 599 νυκτὸς
2833 540 3036 606 σιωπὴ,
3069 541 3200 608 πρδς
3232 540 3274 591 δ’
3320 540 3452 611 ᾠδὰς
3478 557 3697 611 νυκτερίς

515 629 783 699 ingenitas
832 627 1092 682 buccinas
1143 626 1416 680 modulate
1443 623 1633 679 inﬂare
1669 623 2073 684 meditantur.e

2188 628 2273 689 νὰς
2295 627 2652 696 ἀλεκτρυόνες
2683 627 2780 690 τάς
2836 645 2896 680 τε
2941 627 3218 697 πτέρυγας
3277 631 3440 682 κινεῖν
3475 631 3560 683 καὶ
3612 628 3698 690 τὰς

514 729 753 788 quatuor
782 719 888 773 illis
917 719 1152 772 arcubus
1175 759 1190 782 ,
1222 717 1366 771 etelo
1397 731 1534 786 pene
1572 716 1800 769 dixerim
1837 715 2069 777 :emulis,

2188 718 2452 788 ἐμφύτους
2506 720 2816 788 σάλπιγγας
2864 720 3100 788 ἀνοίγειν
3149 720 3397 789 ἐμμελῶς
3441 721 3696 790 μελετῶσι,

518 827 662 866 unus
687 850 702 873 ,
733 810 931 865 orienti
969 825 1165 879 nempe
1218 809 1516 872 obversus,
1546 807 1858 876 procubuit,
1886 820 2071 860 secum

2188 811 2273 863 καὶ
2293 809 2594 880 τηνικαῦτα
2639 812 2932 865 πέπτωκεν
2971 814 3004 882 ὴ
3033 813 3128 880 μία
3151 811 3258 864 τῶν
3286 811 3528 882 αίθερίων
3555 813 3699 880 φάναι

515 901 740 956 trahens
775 901 1042 956 eteadem
1066 902 1222 955 ruina
1267 899 1568 962 involvens,
1595 912 1933 968 quaecunque
1976 897 2075 952 he-

2188 900 2445 968 τεττάρων
2483 901 2686 970 ἀψίδων
2725 901 2826 973 (6),
2862 904 2895 970 ἡ
2939 902 3075 972 πρὸς
3101 902 3251 974 ἣλιον
3293 903 3568 971 ἀνίσχοντα
3598 902 3701 972 βλέ-

519 990 891 1059 misphmrium
924 991 1403 1059 superimpositum
1441 989 1737 1043 fn‘lciebant
1764 1006 1778 1042 :
1809 999 1971 1059 atque
2002 992 2075 1044 ita

2188 1007 2371 1054 πουσα,
2407 993 2852 1062 συνεφελκύσασά
2893 1011 2954 1046 τε
2985 994 3080 1047 καὶ
3129 993 3532 1062 συγκαθελούσα
3559 995 3700 1064 ἑαυτῇ

517 1082 697 1135 deleta
729 1093 859 1134 sunt
881 1122 893 1139 .
929 1097 1050 1148 qua:
1076 1082 1129 1134 in
1164 1081 1376 1134 bemalc
1407 1081 1630 1150 pulchra
1658 1081 1871 1133 inerant
1904 1090 1958 1134 et
1994 1097 2078 1134 re-

2188 1081 2270 1135 ιιαὶ
2297 1082 2418 1135 ὅσον
2454 1081 2742 1153 ὐπήρειδεν
2783 1085 2812 1137 ὃ
2844 1085 3154 1155 ἐπεκάθητο
3202 1083 3572 1154 ἠμισφαίριονο
3625 1086 3699 1138 καὶ

517 1169 768 1233 condita;
800 1169 1014 1223 deletus
1031 1177 1116 1222 est
1145 1184 1420 1223 sacrarum
1462 1169 1756 1240 imaginum
1793 1170 1938 1223 nitor
1966 1186 1981 1234 ;
2019 1178 2074 1223 et

2188 1173 2558 1242 συντέτριπται
2600 1173 2700 1243 μὲν
2723 1175 2790 1226 τά
2818 1176 3167 1243 κρυπτόμενα
3225 1175 3390 1244 κάλλη
3430 1173 3521 1226 τοῦ
3552 1173 3700 1242 βήμαο

517 1261 689 1329 gratia
718 1260 804 1313 illa
839 1260 1040 1328 ubique
1065 1260 1262 1313 dimisa
1314 1261 1459 1315 brevi
1508 1261 1753 1325 evanuit,
1782 1261 1947 1314 veluti
1976 1262 2075 1314 ﬂos

2188 1280 2286 1325 τος.
2332 1264 2722 1333 Συντέτριπται
2773 1264 2819 1317 δ’
2851 1265 3009 1318 ὁτῶν
3063 1265 3224 1318 θείων
3273 1266 3491 1318 ἐκείνων
3532 1266 3704 1332 κόσμος

522 1353 576 1406 in
602 1368 750 1420 agro,
781 1362 870 1405 aut
903 1369 1022 1408 rosa
1055 1355 1107 1406 in
1141 1356 1316 1418 horto,
1359 1355 1577 1424 quando
1608 1356 1692 1410 vel
1728 1357 1937 1412 locusta
1989 1357 2072 1411 vel

2188 1353 2420 1407 εἰκόνων·
2469 1354 2584 1422 ήδέ
2637 1354 2726 1408 διὰ
2761 1355 2980 1409 πάντων
3030 1355 3242 1425 ἥκουσα
3291 1356 3446 1424 χάρις
3484 1353 3704 1407 ἔσϐεσται

520 1441 814 1509 improvisa
843 1458 1009 1498 eruca
1041 1444 1224 1498 statim
1259 1445 1568 1500 incurrerit.
1626 1446 1721 1500 Illa
1765 1463 1926 1512 vero,
1957 1466 2078 1519 qnze

2188 1445 2336 1513 ιαχύ,
2366 1445 2613 1516 καθάπερ
2646 1445 2804 1509 ἄνθος
2842 1447 2902 1499 ἐν
2929 1445 3084 1514 ἀγρῷ
3114 1447 3209 1500 καὶ
3235 1446 3385 1514 ῥόδον
3407 1449 3463 1499 ἐν
3486 1445 3701 1514 λειμῶνι,

519 1533 804 1588 columnas
861 1550 1041 1589 sacras
1088 1536 1352 1591 vestiebat
1386 1553 1449 1592 ac
1479 1538 1885 1610 distinguebat,
1916 1556 2078 1595 0nan

2188 1537 2324 1588 Ξπότ’
2337 1537 2497 1608 ἀκρὶς
2520 1539 2614 1592 καὶ
2631 1538 2823 1608 κάμπη
2843 1555 2924 1601 τις
2941 1539 3202 1608 ἀδόκητος
3219 1539 3409 1610 ἁθρόον
3431 1539 3701 1608 ἐπιδράμοι.

521 1627 778 1680 aemulum
805 1641 946 1696 opus
977 1641 1324 1698 supergressa
1354 1629 1558 1684 Phidiae
1581 1632 1879 1699 sculptura,
1909 1632 2077 1687 en‘usa

2188 1627 2251 1681 Ἥ
2283 1629 2338 1682 δέ
2365 1630 2492 1693 τούς
2532 1629 2710 1698 ίερούς
2742 1632 2978 1693 ἐκείνους
3009 1632 3196 1694 κίονας
3228 1630 3619 1701 περιελίττουσά
3654 1649 3704 1684 τε

521 1716 747 1769 omnino
767 1726 822 1770 et
850 1717 1024 1773 deleta
1043 1729 1147 1782 est,
1173 1719 1552 1775 minutissimis
1585 1721 1812 1775 calculis
1833 1738 2081 1791 exequa-

2188 1720 2274 1771 καὶ
2333 1720 2682 1774 ποικίλλουσα
2720 1723 2812 1774 καὶ
2849 1722 3054 1775 νικῶσα
3084 1721 3142 1775 τὺ
3182 1723 3541 1792 ἁμιλλώμενον
3585 1724 3705 1776 ἅπαν

523 1815 599 1858 ta.
633 1805 941 1862 Conciones
989 1818 1193 1873 autem,
1222 1818 1277 1863 et
1319 1820 1642 1876 conventus,
1671 1821 1724 1865 et
1755 1829 1875 1881 qua:
1921 1814 2082 1883 750

2188 1811 2384 1864 Φειδίου
2413 1810 2704 1878 λαξευτικὴ
2736 1814 3094 1866 παντάπασιν
3127 1812 3304 1883 ἐῤῥύη
3348 1830 3406 1865 τε
3436 1815 3526 1866 καὶ
3575 1813 3706 1865 ἐσδε-

487 1896 773 1949 'solebant
819 1897 1005 1950 haberi
1042 1898 1151 1952 illic
1195 1898 1391 1954 diebus
1435 1908 1494 1954 et
1531 1901 1785 1955 noctibus
1806 1881 2083 1972 perpetuis

2189 1913 2332 1959 σται,
2358 1895 2658 1967 λεπτότητα
2691 1899 3048 1980 μιμησαμένη
3079 1881 3352 1969 ψηφίδων.
3395 1901 3704 1970 Πανηγύρεις

527 1987 827 2042 dialectica:
880 1989 1303 2058 theologiczeque
1353 1989 1790 2059 disputationes,
1842 1993 2081 2046 studium

2188 1987 2240 2038 δέ
2271 1987 2364 2040 καὶ
2403 1987 2681 2053 ξυναυλίαι
2713 1991 2805 2041 καὶ
2835 1989 3060 2059 ἅμιλλαι
3089 1991 3344 2060 συνήθεις
3369 1993 3496 2055 ἐκεί,
3520 1993 3708 2059 λογικαί

2186 2094 2243 2128 τε
2272 2077 2364 2128 καὶ
2392 2075 2555 2146 ίεραὶ,
2615 2075 2895 2146 παννύχιοί
2949 2095 3010 2130 τε
3055 2080 3150 2131 καὶ
3208 2080 3545 2150 πανημέριοι,
3594 2079 3710 2147 πρὸς

2188 2167 2429 2232 ἀφωνίαν
2447 2167 2789 2235 μετήνεγκαν
2807 2169 2904 2237 τὴν
2919 2158 3151 2240 σπουδὴν
3170 2171 3265 2224 ὐπ’
3289 2170 3599 2238 ἐκπλήξεως.
3621 2169 3709 2222 Καὶ

2186 2256 2280 2310 νῦν
2299 2256 2382 2328 [Ρ.
2401 2256 2526 2327 670]
2541 2261 2598 2310 τὸ
2622 2259 2964 2327 παγκόσμιον
2977 2261 3229 2332 θέατρον,
3243 2262 3303 2314 τὸ
3313 2263 3482 2330 πάσης
3499 2260 3710 2329 γλώττης

2184 2346 2416 2414 τερπνὶν
2462 2347 2748 2417 ἀφήγημα,
2841 2349 3020 2419 πάσης
3056 2351 3233 2420 ἀκοῆς
3251 2351 3447 2418 γλυκὺς
3481 2348 3702 2417 θόρυϐος,

2185 2437 2414 2508 ἀόρατον
2444 2439 2641 2510 ἕστηκε
2671 2441 2872 2512 θέαμα,
2914 2445 3010 2498 καλ⁸
3058 2445 3234 2515 στήλη
3281 2462 3366 2507 τις
3409 2439 3514 2498 οἷον
3561 2441 3710 2510 ἐμψυο

2185 2545 2277 2598 χος
2297 2531 2366 2584 δι’
2391 2530 2607 2600 αίθέρος
2634 2534 2930 2602 ποιουμένη
2957 2535 3054 2606 τὴν
3077 2537 3408 2605 τραγῳδίαν,
3441 2535 3531 2588 καὶ
3559 2535 3710 2600 πάσης

2187 2619 2289 2688 γῆς
2314 2619 2727 2688 προκαλουμένη
2777 2620 3006 2692 δάκρυα,
3073 2624 3165 2676 καὶ
3195 2624 3382 2693 ὥσπερ
3433 2623 3591 2692 στόμα
3639 2620 3712 2673 διὰ

2187 2710 2288 2777 τῆς
2315 2709 2518 2778 ὀροφῆς
2545 2711 2654 2764 ἄνω
2675 2711 2902 2782 διάρασα
2933 2715 3247 2783 περιφανῶς
3263 2717 3396 2786 ἡλίῳ
3421 2717 3508 2768 καὶ
3542 2712 3713 2781 ἄστρα-

2188 2816 2241 2851 σι
2271 2798 2368 2869 τὴν
2399 2798 2615 2852 ἀδικίαν
2637 2801 3053 2870 προσαγγέλλει,
3079 2806 3176 2858 καὶ
3204 2804 3331 2868 τοὺς
3364 2804 3603 2875 οὐρανοὺς
3634 2817 3713 2869 μο-

2187 2887 2398 2958 νονουχ)⁵
2427 2889 2876 2960 προσκαλουμένη
2910 2891 3198 2962 μάρτυρας
3231 2895 3409 2948 ἐκεῖνα
3457 2893 3515 2962 δὴ
3540 2892 3602 2944 τὰ
3624 2891 3714 2941 τῶν

2187 2979 2478 3050 προφητῶν
2495 2981 2738 3051 περιᾴδει
2763 2981 2896 3051 πρὸς
2916 2983 3136 3054 Κύριον·
3160 2985 3312 3038 «Υἱοὶ
3339 2983 3528 3055 μητρὸς
3552 2997 3638 3049 μου
3649 2978 3712 3049 (7)

527 2169 798 2222 theatrum
849 2167 979 2221 illud
1013 2169 1266 2222 universo
1297 2169 1418 2222 orbi
1448 2185 1734 2224 commune
1755 2211 1769 2235 ,
1809 2172 2083 2239 jucundus

522 2259 704 2314 omnis
739 2260 939 2328 linguae
965 2274 1167 2323 sermo,
1196 2261 1568 2315 dulcissimum
1602 2261 1830 2316 auribus
1857 2264 2083 2331 quibus-

524 2352 662 2404 libet
713 2366 983 2414 murmur,
1021 2350 1354 2419 inaspectum
1396 2359 1533 2405 astat
1584 2353 1994 2420 spectaculum,
2029 2361 2085 2407 et

524 2439 772 2508 quzedam
801 2440 948 2493 velut
976 2441 1230 2493 columna
1261 2441 1497 2494 animata
1544 2441 1859 2510 ttagcediam
1905 2443 2084 2497 medio

525 2546 649 2584 aere
683 2531 929 2596 exhibet,
959 2531 1231 2596 totiusque
1254 2531 1402 2584 orbis
1433 2533 1694 2600 lacrymas
1725 2532 1857 2598 ciet;
1893 2543 1948 2586 et
1991 2549 2086 2588 ore

527 2621 683 2690 quasi
742 2638 840 2692 per
877 2623 1094 2676 culmen
1141 2638 1376 2690 superne
1411 2621 1653 2687 diducto,
1697 2623 1798 2676 soli
1838 2632 1893 2678 et
1925 2625 2086 2680 astris

527 2712 807 2781 indignum
838 2714 1048 2767 facinus
1080 2713 1251 2781 palam
1271 2713 1599 2779 annuntiat;
1630 2714 1824 2769 uelum
1850 2715 2085 2784 denique

526 2811 736 2856 tantum
766 2818 874 2857 non
909 2811 1100 2857 testem
1135 2804 1380 2866 advocat.
1413 2813 1468 2858 et
1508 2803 1824 2872 prepheliea
1856 2803 1944 2858 illa
1978 2805 2085 2860 Deo

527 2892 730 2945 occinit
780 2909 794 2944 :
855 2910 873 2941 ι
931 2891 1053 2944 Filii
1088 2891 1278 2944 matris
1314 2907 1445 2944 mea:
1481 2901 1856 2960 pugnaverunt
1895 2901 2083 2946 contra

527 2995 614 3031 me
651 2994 664 3031 :
710 2989 1101 3048 percusserunt
1131 2993 1238 3040 me,
1290 2979 1719 3031 vulneraverunt
1748 2994 1874 3045 me;
1905 2988 1960 3034 ct
1989 2994 2086 3034 su-

526 3068 716 3135 perbia
774 3083 987 3131 eorum,
1040 3068 1135 3134 qui
1186 3067 1421 3120 oderunt
1479 3081 1600 3128 me,
1662 3069 1907 3124 ascendit
1940 3085 2084 3126 sem-

2188 3069 2524 3138 ἐμαχέσαντό
2545 3087 2630 3140 με·
2661 3071 2938 3136 ἐπάταξάν
2975 3089 3062 3142 με,
3090 3075 3496 3146 ἐτραυμάτισαν
3528 3089 3608 3143 με·
3633 3072 3714 3123 καὶ

526 3173 646 3226 ίδθτο
686 3175 706 3208 θ
2115 3205 2159 3263 C
2190 3161 2223 3232 ἡ
2250 3163 2592 3232 ὐπερηφανία
2616 3164 2726 3218 τῶν
2748 3165 3048 3234 μισούντων
3083 3185 3149 3236 με
3181 3168 3355 3239 ἀνέϐη
3376 3168 3462 3222 διὰ
3487 3166 3710 3226 tandm

602 3259 666 3313 ll.
699 3258 756 3313 Id
789 3273 912 3312 cum
945 3259 1016 3312 ita
1046 3258 1370 3325 accidisset,
1403 3268 1654 3314 manante
1693 3262 1876 3316 statim
1923 3261 2084 3326 fama,

2267 3252 2343 3308 B’.
2375 3253 2592 3308 Τούτων
2645 3254 2853 3310 δὀὐτω
2912 3257 3361 3328 συμϐεϐηκότων,
3421 3259 3516 3328 τῆς
3555 3257 3716 3325 φήμης

528 3360 586 3406 et
635 3365 730 3419 per
762 3358 929 3403 totam
958 3348 1149 3404 urbem
1211 3364 1370 3404 mane
1425 3350 1800 3418 disseminata,
1843 3355 2018 3421 major
2042 3361 2084 3407 el

2195 3343 2364 3397 ἕωθεν
2388 3345 2610 3416 ῥυείσης
2637 3345 2732 3398 καὶ
2762 3344 2864 3397 ἀνὰ
2916 3348 3095 3401 πᾶσαν
3126 3349 3463 3418 διαδοθείσης
3519 3345 3605 3416 τὴν
3632 3342 3716 3397 πό-

531 3441 743 3494 clamor
768 3450 823 3494 et
849 3440 1032 3494 luctus
1052 3441 1320 3494 excitatus
1351 3450 1458 3507 est,
1490 3456 1660 3510 quam
1693 3442 1824 3495 olim
1863 3442 2084 3507 exstitit,

2194 3434 2298 3502 λιν,
2324 3435 2421 3507 βοὴ
2452 3436 2546 3489 καὶ
2568 3435 2762 3506 θρῆνος
2791 3437 3038 3506 ἠγείρετο
3063 3439 3269 3508 μείζων
3292 3440 3365 3511 (8)
3408 3440 3440 3507 ἢ
3464 3439 3573 3492 κατ’
3598 3437 3716 3489 hu:-

528 3548 650 3584 cnm
697 3531 972 3600 Assyrius,
1014 3531 1529 3596 Nabuchodonosor,
1574 3532 1789 3603 Solyma
1850 3533 2084 3588 funditus

2195 3545 2285 3582 vov
2313 3528 2403 3582 τόν
2444 3528 2632 3595 πάλαι,
2662 3529 2824 3581 ὁπότε
2875 3529 3352 3602 Ναϐουχοδονόσορ
3385 3533 3412 3586 ό
3449 3528 3716 3599 Ἀσσύριος,

449 3645 454 3647 -
529 3637 740 3684 eversa,
784 3621 1115 3676 Salomonici
1147 3636 1364 3690 quoque
1399 3622 1586 3690 templi
1635 3622 2084 3693 magnificentiam

2195 3621 2360 3691 ἄρδην
2392 3621 2977 3692 ἐξανδραποδισάμενος
3020 3623 3415 3696 Ἰερουσαλὴμ,
3468 3620 3592 3693 ὁμοῦ
3641 3618 3719 3672 καὶ

528 3713 884 3780 diruitatque
915 3712 1156 3766 sustulit.
1187 3711 1383 3767 Omnia
1412 3713 1595 3782 itaque
1628 3724 1680 3768 et
1719 3723 1855 3770 tecta
1889 3725 1944 3770 et
1978 3715 2084 3768 fora

2192 3712 2365 3766 τὸτοῦ
2407 3712 2802 3783 Σολομωντείου
2837 3713 2943 3766 νεὼ
2999 3715 3223 3768 καθεῖλέ
3251 3733 3309 3768 τε
3357 3716 3448 3768 καὶ
3475 3713 3718 3784 ἀφῄρηται

539 3813 595 3856 et
629 3804 839 3856 theatra
885 3803 1304 3865 deserebantur,
1335 3804 1591 3858 omnibus
1624 3805 1690 3858 ad
1744 3805 1887 3859 illius
1925 3805 2084 3862 cladis

2194 3800 2366 3862 κλέος.
2407 3800 2716 3853 Ἐκενοῦντο
2744 3800 3100 3854 τοίνυνοίκίαι
3128 3803 3305 3856 πᾶσαι
3329 3802 3417 3855 καὶ
3448 3796 3719 3869 ἀγοραὶκαὶ

529 3894 908 3962 spectaculum
964 3893 1252 3947 confestim
1312 3894 1732 3948 accurrentibus
1769 3911 1783 3948 :
1825 3903 1880 3948 et
1932 3912 2084 3951 nemo

2194 3889 2419 3960 θέατρα,
2453 3892 2546 3942 καὶ
2566 3891 2765 3952 πάντες
2802 3891 2895 3944 ἐπὶ
2925 3889 3020 3961 τὴν
3050 3889 3179 3944 θέαν
3202 3892 3298 3945 τοῦ
3331 3891 3528 3971 πάθους
3554 3887 3718 3954 ἀθρόον

527 3993 644 4037 erat
693 3983 778 4037 cui
823 3983 967 4036 aliud
1000 3982 1298 4050 quidquam
1339 3998 1480 4038 cura:
1533 3983 1880 4052 impcnsioris
1908 3993 2084 4047 esset,

2195 3977 2428 4042 ἐξέθεον·
2464 3976 2558 4030 καὶ
2587 3977 2761 4038 οὐδεὶς
2799 3971 2889 4046 ἦν,
2949 3978 3054 4047 ὅτῳ
3085 3979 3536 4050 προύργιαίτερον
3559 3977 3718 4042 ἕτερον

535 4074 681 4142 quod
713 4073 780 4126 ab
807 4072 984 4126 ollieio
1021 4073 1110 4127 illo
1144 4083 1324 4142 posset
1355 4089 1606 4127 avocare.
1635 4073 1960 4128 Circumfusi
1997 4074 2084 4143 igi-

2191 4060 2259 4136 ἦν
2291 4064 2399 4116 τῶν
2435 4064 2708 4128 ἁπάντων,
2765 4064 2794 4117 δ
2823 4065 2921 4128 τῆς
2952 4064 3183 4132 σπουδῆς
3223 4063 3584 4134 ἀπασχολῆσαι
3611 4057 3718 4110 ταύ-

532 4175 624 4218 tur
652 4175 707 4218 et
739 4164 1022 4218 lamentati
1080 4179 1290 4229 omnes,
1320 4175 1582 4234 quantum
1639 4179 1735 4233 par
1779 4173 1916 4227 erat,
1967 4180 2084 4219 mox

2193 4154 2370 4223 τηςᾶν
2414 4153 2687 4223 δυνηθείη.
2738 4153 3098 4222 Περιστάντες
3131 4151 3228 4206 οὖν
3282 4154 3376 4207 καὶ⁵
3414 4145 3719 4217 ἀπολοφυρά-

530 4254 793 4309 inclinato
822 4269 1051 4322 corpore
1079 4254 1364 4307 materiem
1401 4263 1456 4307 et
1483 4252 1680 4306 rudera
1713 4253 2084 4321 exportabant;

2197 4262 2346 4314 μενοι
2370 4244 2566 4306 πάντες
2592 4245 2788 4296 ὁπόσον
2816 4244 2984 4308 είκδς,
3033 4242 3222 4297 ἔπειτα
3259 4244 3524 4313 κύψαντες
3554 4237 3718 4305 ἐξεφόο

529 4361 632 4399 nec
665 4354 776 4398 lnm
802 4344 1087 4412 quisquam
1129 4360 1192 4398 ex
1223 4343 1479 4398 omnibus
1509 4353 1628 4396 erat
1659 4343 1957 4407 immunis;
1989 4358 2084 4398 nec

2195 4353 2321 4406 ρουν
2342 4335 2441 4405 τὴν
2488 4333 2621 4404 ὕλην
2664 4335 2770 4388 τῶν
2825 4335 3102 4404 ἐρειπίωνσ
3136 4338 3233 4389 καὶ
3295 4333 3365 4407 ἦν
3412 4335 3576 4396 οὐδεὶς
3629 4328 3720 4382 τῶν

530 4436 603 4489 ibi
661 4435 883 4489 divitem
922 4451 951 4488 a
986 4450 1220 4504 paupere
1259 4435 1633 4498 discerneres,
1686 4448 1784 4487 nec
1824 4434 2087 4488 illustrem

2192 4429 2447 4483 ἀπάντων
2498 4427 2634 4492 τέως
2697 4426 3011 4500 ἀξυντελήςο
3057 4425 3258 4500 οὐδ’ἦν
3303 4430 3420 4482 ἐκεῖ
3464 4424 3721 4492 διακρίνειν

529 4525 598 4578 ah
625 4527 879 4588 obscuro,
912 4539 1014 4577 nec
1045 4523 1201 4593 751
1228 4537 1442 4576 servum
1479 4538 1506 4575 a
1535 4521 1776 4585 domino,
1805 4537 1905 4576 nec
1935 4522 2084 4575 nobi-

2192 4515 2441 4569 πλούσιον
2520 4517 2584 4568 ἐκ
2664 4517 2906 4585 πενήτων
2982 4516 3091 4568 οὐδ’
3175 4515 3236 4580 ἐξ
3315 4513 3511 4579 ἀδόξων
3599 4507 3722 4562 ἔνδον

526 4613 632 4670 lem
672 4614 740 4669 ab
766 4613 947 4684 operis
982 4612 1351 4668 mercenariis.
1377 4611 1481 4666 Sed
1515 4612 1568 4664 in
1599 4613 1850 4666 eumdem
1874 4611 2086 4666 ardoris

529 4705 790 4772 impetum
827 4705 1070 4760 omnium
1098 4703 1299 4772 pariter
1320 4703 1568 4756 voluntas
1588 4703 1940 4758 coalescebat.
1967 4702 2085 4756 Mu-

528 4795 724 4850 lierum
760 4806 939 4850 tamen
995 4795 1258 4849 sedulitas
1302 4795 1475 4848 multo
1519 4795 1691 4863 major
1719 4810 1880 4864 quam
1913 4794 2087 4848 homi-

527 4901 656 4939 num
692 4887 742 4939 in
777 4886 1025 4941 navanda
1064 4899 1230 4954 opera
1259 4883 1381 4938 fuit.
1433 4885 1646 4939 Etenim
1697 4885 1799 4939 illze
1824 4925 1837 4947 .
1894 4894 2082 4954 utpote

526 4989 658 5028 sexu
712 4975 777 5027 ad
829 4977 1054 5030 uberem
1110 4975 1472 5045 lacrymarum
1531 4975 1635 5027 vim
1690 4973 2079 5043 propensiore,

527 5066 679 5132 largo
710 5066 924 5120 demum
973 5065 1098 5120 ﬂetu
1134 5067 1332 5120 lateres
1377 5080 1440 5120 ac
1477 5064 1686 5134 lapides
1717 5064 1837 5120 illos
1863 5079 2080 5133 resper-

525 5157 740 5226 gebant;
766 5155 1001 5210 humeris
1023 5155 1214 5210 deinde
1230 5155 1603 5225 imponebant,
1621 5155 1933 5224 neutiquam
1953 5164 2084 5210 tunc

526 5246 770 5300 sollicitae
809 5246 876 5299 de
918 5246 1248 5314 sumptuosis
1273 5243 1628 5308 vestimentis,
1655 5260 1776 5312 quae
1806 5254 1860 5298 et
1885 5244 2088 5297 lacera-

529 5337 622 5392 bat
653 5346 705 5390 et
733 5337 957 5406 pulvere
1011 5337 1265 5407 opplebat
1313 5346 1424 5390 tum
1466 5334 1689 5390 confusa
1716 5335 1805 5390 illa
1837 5334 2085 5396 materia,

2192 4609 2324 4674 εον,
2399 4605 2507 4659 οὐδ’
2579 4606 2642 4658 ἐκ
2720 4605 2977 4659 δεσπότου
3045 4605 3273 4670 δοῦλον,
3333 4607 3395 4660 οὐ
3501 4600 3641 4671 μέντ’
3666 4597 3722 4649 ἂν

2191 4696 2303 4750 οὐδ’
2341 4697 2404 4749 ἐκ
2445 4695 2731 4764 βαναύσων
2762 4694 2979 4765 εὐγενῆ.
3018 4695 3178 4747 Ἀλλὰ
3207 4694 3344 4765 πρὸς
3377 4693 3503 4764 μίαν
3553 4686 3723 4753 ἐπίσης

2192 4787 2511 4857 ἀνεκίρνατο
2555 4787 2769 4839 πάντων
2801 4787 2832 4853 ἡ
2870 4786 3120 4854 πρόθεσις
3158 4785 3319 4854 ζήλου
3369 4781 3550 4852 φοράν.
3603 4775 3721 4830 Πολύ

2195 4893 2258 4944 γε
2297 4878 2403 4945 μὴν
2429 4875 2534 4927 τῶν
2556 4874 2765 4943 ἀνδρῶν
2814 4874 2848 4943 ἡ
2879 4874 2987 4926 τῶν
3043 4873 3317 4942 γυναικῶν
3354 4871 3627 4939 ὑπερεῖχεν
3655 4864 3722 4924 εἰς

2188 4967 2418 5038 τοῦργον
2463 4965 2694 5036 σπουδή.
2727 4965 2861 5020 "At:
2901 4965 3009 5036 γὰρ
3053 4965 3449 5034 εὐπαθέστερον
3482 4961 3606 5030 πρὸς
3639 4957 3724 5008 δαί

2190 5058 2372 5130 κρύων
2396 5056 2454 5110 τὸ
2482 5058 2634 5124 γένος
2655 5056 2846 5126 φορὰν.
2877 5055 3148 5118 πλουσίοις
3174 5053 3359 5108 λοιπόν
3387 5053 3495 5114 τοῖς
3513 5049 3720 5115 δάκρυσι

2192 5149 2468 5218 ραίνουσαι
2533 5150 2633 5211 τάς
2683 5165 2742 5200 τε
2804 5147 3053 5209 πλίνθους
3123 5147 3216 5200 καὶ
3279 5145 3481 5213 πέτρας
3528 5138 3719 5195 ἐκείνας

2189 5239 2383 5291 ἔπειτα
2416 5239 2702 5291 ἐπετίθουν
2735 5241 2847 5301 τοῖς
2878 5238 3072 5305 ὤμοις,
3111 5237 3319 5305 οὐδαμῆ
3351 5231 3719 5300 περιλάμπρων

2196 5331 2504 5398 ἐνδυμάτων
2537 5331 2768 5384 ἐνταῦθα
2819 5335 3220 5402 φροντίζουσαι,
3263 5324 3604 5398 ῥηγνυμένων
3639 5313 3718 5369 καὶ

1863 5471 2196 5533 Variorum
2235 5475 2424 5528 notae.

599 5606 676 5676 (ὅ)
715 5607 1078 5661 Cantaeuzen.
1116 5607 1212 5660 lih.
1248 5623 1319 5660 tv.
1379 5621 1498 5674 cap.
1547 5607 1596 5660 4.
1631 5605 1864 5660 Ducasc.

606 5676 680 5740 t7)
709 5675 848 5728 Cant
901 5686 1045 5730 cant.
1081 5692 1198 5744 cap.
1238 5694 1274 5732 l.
1320 5693 1370 5727 v.
1407 5677 1458 5737 5,
1484 5685 1545 5730 et-
1569 5690 1686 5744 cap.
1746 5692 1799 5739 γ,
1835 5691 1887 5728 v.
1921 5675 1974 5739 7,
2027 5682 2084 5728 et

531 5743 729 5798 Psatm.
769 5759 953 5804 Lum,
987 5762 1038 5798 ν.
1076 5743 1165 5798 ‘2‘).
1205 5747 1410 5799 lhnvm.

608 5813 685 5882 (ὃ)
716 5811 941 5865 Videtur
985 5815 1252 5879 Grt‘gm’as
1285 5816 1583 5884 respexisse
1611 5813 1675 5868 ad
1713 5815 1798 5868 illa
1831 5813 2079 5885 Gregorii

2192 5602 2514 5657 Naziat'zeni
2548 5604 2614 5658 de
2642 5603 2936 5657 Anastasire
2970 5603 3193 5672 templo,
3477 5667 3491 5672 _
3520 5664 3561 5672 η
3673 5657 3684 5672 ,

2189 5675 2271 5726 Ob
2302 5675 2507 5737 τόσον,
2556 5675 2974 5741 Ἀσσυρίοισιν
3023 5664 3108 5725 6t"
3160 5669 3334 5739 ἤγετο
3388 5664 3577 5803 τηλόθι
3613 5664 3712 5711 mt-

3469 5751 3617 5796 τρης.

2194 5813 2350 5881 Λαὸς
2368 5813 2696 5882 δουρταλίῖς
2719 5814 2870 5882 νηὸν
2889 5805 3149 5868 ἔκλαυσας
3176 5809 3378 5880 μέγαν.
3447 5768 3644 5856 'uin‘vii.
