  <div class='ocr_page' id='page_1' title='image "/cluster/home/n/w/nwhite01/storage/ocr_20150623/148/hvd.32044073502627/500.png"; bbox 0 0 3992 6202; ppageno 0'>
   <div class='ocr_carea' id='block_1_1' title="bbox 245 396 1028 482">
    <p class='ocr_par' dir='ltr' id='par_1_1' title="bbox 245 396 1028 482">
     <span class='ocr_line' id='line_1_1' title="bbox 245 396 1028 482; baseline -0.004 -15"><span class='ocrx_word' id='word_1_1' title='bbox 245 396 389 467; x_wconf 74' lang='grc'><strong>⁸989</strong></span> <span class='ocrx_word' id='word_1_2' title='bbox 679 402 751 477; x_wconf 76' lang='grc' dir='ltr'><strong>[Α.</strong></span> <span class='ocrx_word' id='word_1_3' title='bbox 792 420 842 463; x_wconf 89' lang='lat' dir='ltr'><strong>c.</strong></span> <span class='ocrx_word' id='word_1_4' title='bbox 868 406 1028 482; x_wconf 59' lang='grc'><strong>1545]</strong></span> 
     </span>
    </p>
   </div>
   <div class='ocr_carea' id='block_1_2' title="bbox 255 528 1428 603">
    <p class='ocr_par' dir='ltr' id='par_1_2' title="bbox 255 528 1428 603">
     <span class='ocr_line' id='line_1_2' title="bbox 255 528 1428 603; baseline 0.005 -23"><span class='ocrx_word' id='word_1_5' title='bbox 255 528 482 591; x_wconf 78' lang='grc' dir='ltr'><strong>κόνεως</strong></span> <span class='ocrx_word' id='word_1_6' title='bbox 548 528 948 600; x_wconf 79' lang='grc' dir='ltr'><strong>πληρουμένων</strong></span> <span class='ocrx_word' id='word_1_7' title='bbox 1017 530 1124 586; x_wconf 84' lang='grc' dir='ltr'><strong>ύπό</strong></span> <span class='ocrx_word' id='word_1_8' title='bbox 1200 548 1260 585; x_wconf 83' lang='grc' dir='ltr'><strong>τε</strong></span> <span class='ocrx_word' id='word_1_9' title='bbox 1326 534 1428 603; x_wconf 81' lang='grc' dir='ltr'>τῆς</span> 
     </span>
    </p>
   </div>
   <div class='ocr_carea' id='block_1_3' title="bbox 256 619 1850 699">
    <p class='ocr_par' dir='ltr' id='par_1_3' title="bbox 256 619 1850 699">
     <span class='ocr_line' id='line_1_3' title="bbox 256 619 1850 699; baseline 0.006 -28"><span class='ocrx_word' id='word_1_10' title='bbox 256 619 496 691; x_wconf 71' lang='grc' dir='ltr'>ἐκείνης</span> <span class='ocrx_word' id='word_1_11' title='bbox 533 619 666 692; x_wconf 80' lang='grc' dir='ltr'>ὕλης</span> <span class='ocrx_word' id='word_1_12' title='bbox 695 622 799 676; x_wconf 83' lang='grc' dir='ltr'>ὑπό</span> <span class='ocrx_word' id='word_1_13' title='bbox 842 639 903 676; x_wconf 79' lang='grc' dir='ltr'><strong>τε</strong></span> <span class='ocrx_word' id='word_1_14' title='bbox 926 623 1026 693; x_wconf 82' lang='grc' dir='ltr'>τῆς</span> <span class='ocrx_word' id='word_1_15' title='bbox 1063 623 1123 689; x_wconf 74' lang='grc' dir='ltr'><strong>ἐξ</strong></span> <span class='ocrx_word' id='word_1_16' title='bbox 1150 624 1397 696; x_wconf 82' lang='grc' dir='ltr'>ἀλλήλων</span> <span class='ocrx_word' id='word_1_17' title='bbox 1433 628 1528 681; x_wconf 74' lang='grc' dir='ltr'>καὶ</span> <span class='ocrx_word' id='word_1_18' title='bbox 1579 629 1648 681; x_wconf 76' lang='grc' dir='ltr'>δι’</span> <span class='ocrx_word' id='word_1_19' title='bbox 1680 628 1850 699; x_wconf 64' lang='grc' dir='ltr'>άλλής</span> 
     </span>
    </p>
   </div>
   <div class='ocr_carea' id='block_1_4' title="bbox 1304 413 2522 483">
    <p class='ocr_par' dir='ltr' id='par_1_4' title="bbox 1304 413 2522 483">
     <span class='ocr_line' id='line_1_4' title="bbox 1304 413 2522 483; baseline 0.007 -9"><span class='ocrx_word' id='word_1_20' title='bbox 1304 413 1750 477; x_wconf 67' lang='lat' dir='ltr'><strong>BYZANTINI‘E</strong></span> <span class='ocrx_word' id='word_1_21' title='bbox 1790 417 2174 479; x_wconf 62' lang='lat' dir='ltr'><strong>HISTORIE</strong></span> <span class='ocrx_word' id='word_1_22' title='bbox 2214 420 2363 481; x_wconf 84' lang='lat' dir='ltr'><strong>LIB.</strong></span> <span class='ocrx_word' id='word_1_23' title='bbox 2404 421 2522 483; x_wconf 83' lang='lat' dir='ltr'><strong>XV.</strong></span> 
     </span>
    </p>
   </div>
   <div class='ocr_carea' id='block_1_5' title="bbox 2672 415 3269 495">
    <p class='ocr_par' dir='ltr' id='par_1_5' title="bbox 2672 415 3269 495">
     <span class='ocr_line' id='line_1_5' title="bbox 2672 415 3269 495; baseline 0.012 -24"><span class='ocrx_word' id='word_1_24' title='bbox 2672 415 2804 489; x_wconf 74' lang='grc' dir='ltr'>[ιιιιι.</span> <span class='ocrx_word' id='word_1_25' title='bbox 2840 433 2884 473; x_wconf 76' lang='lat'><strong><em>1.</em></strong></span> <span class='ocrx_word' id='word_1_26' title='bbox 2925 434 3163 477; x_wconf 66' lang='grc' dir='ltr'><strong>ριιηεοι.</strong></span> <span class='ocrx_word' id='word_1_27' title='bbox 3205 421 3269 495; x_wconf 75' lang='grc' dir='ltr'><strong>5Ῑ</strong></span> 
     </span>
    </p>
   </div>
   <div class='ocr_carea' id='block_1_6' title="bbox 3423 426 3534 491">
    <p class='ocr_par' dir='ltr' id='par_1_6' title="bbox 3423 426 3534 491">
     <span class='ocr_line' id='line_1_6' title="bbox 3423 426 3534 491; baseline -0.036 1"><span class='ocrx_word' id='word_1_28' title='bbox 3423 426 3534 491; x_wconf 82' lang='grc'><strong>990</strong></span> 
     </span>
    </p>
   </div>
   <div class='ocr_carea' id='block_1_7' title="bbox 1513 535 1845 619">
    <p class='ocr_par' dir='ltr' id='par_1_7' title="bbox 1513 535 1845 607">
     <span class='ocr_line' id='line_1_7' title="bbox 1513 535 1845 607; baseline 0.006 -19"><span class='ocrx_word' id='word_1_29' title='bbox 1513 536 1651 589; x_wconf 88' lang='grc' dir='ltr'>πολυ</span> <span class='ocrx_word' id='word_1_30' title='bbox 1660 535 1845 607; x_wconf 67' lang='grc' dir='ltr'>μιγοῦς</span> 
     </span>
    </p>
   </div>
   <div class='ocr_carea' id='block_1_8' title="bbox 1953 535 3535 619">
    <p class='ocr_par' dir='ltr' id='par_1_8' title="bbox 1963 540 3535 619">
     <span class='ocr_line' id='line_1_8' title="bbox 1963 540 3535 619; baseline 0.01 -28"><span class='ocrx_word' id='word_1_31' title='bbox 1963 546 2076 592; x_wconf 88' lang='lat' dir='ltr'><strong>tum</strong></span> <span class='ocrx_word' id='word_1_32' title='bbox 2118 541 2380 595; x_wconf 88' lang='lat' dir='ltr'><strong>continua</strong></span> <span class='ocrx_word' id='word_1_33' title='bbox 2400 550 2457 597; x_wconf 90' lang='lat' dir='ltr'><strong>et</strong></span> <span class='ocrx_word' id='word_1_34' title='bbox 2489 540 2689 597; x_wconf 90' lang='lat' dir='ltr'><strong>crebro</strong></span> <span class='ocrx_word' id='word_1_35' title='bbox 2717 543 2907 600; x_wconf 88' lang='lat' dir='ltr'><strong>iterata</strong></span> <span class='ocrx_word' id='word_1_36' title='bbox 2938 545 3006 601; x_wconf 89' lang='lat' dir='ltr'><strong>ab</strong></span> <span class='ocrx_word' id='word_1_37' title='bbox 3037 547 3157 603; x_wconf 90' lang='lat' dir='ltr'><strong>aliis</strong></span> <span class='ocrx_word' id='word_1_38' title='bbox 3183 547 3249 602; x_wconf 89' lang='lat' dir='ltr'><strong>ad</strong></span> <span class='ocrx_word' id='word_1_39' title='bbox 3277 547 3535 619; x_wconf 77' lang='lat' dir='ltr'><strong>aliusper</strong></span> 
     </span>
    </p>
   </div>
   <div class='ocr_carea' id='block_1_9' title="bbox 1967 630 3535 709">
    <p class='ocr_par' dir='ltr' id='par_1_9' title="bbox 1967 630 3535 709">
     <span class='ocr_line' id='line_1_9' title="bbox 1967 630 3535 709; baseline 0.007 -25"><span class='ocrx_word' id='word_1_40' title='bbox 1967 644 2162 685; x_wconf 90' lang='lat' dir='ltr'><strong>manus</strong></span> <span class='ocrx_word' id='word_1_41' title='bbox 2195 630 2500 688; x_wconf 78' lang='lat' dir='ltr'><strong>translatio.</strong></span> <span class='ocrx_word' id='word_1_42' title='bbox 2536 632 2775 689; x_wconf 82' lang='lat' dir='ltr'><strong>Dixisses</strong></span> <span class='ocrx_word' id='word_1_43' title='bbox 2832 636 3116 691; x_wconf 85' lang='lat' dir='ltr'><strong>materiam</strong></span> <span class='ocrx_word' id='word_1_44' title='bbox 3172 639 3365 702; x_wconf 83' lang='lat' dir='ltr'><strong>illam,</strong></span> <span class='ocrx_word' id='word_1_45' title='bbox 3411 656 3535 709; x_wconf 71' lang='lat' dir='ltr'><strong>qua:</strong></span> 
     </span>
    </p>
   </div>
   <div class='ocr_carea' id='block_1_10' title="bbox 259 709 1845 794">
    <p class='ocr_par' dir='ltr' id='par_1_10' title="bbox 259 709 1845 789">
     <span class='ocr_line' id='line_1_10' title="bbox 259 709 1845 789; baseline 0.008 -28"><span class='ocrx_word' id='word_1_46' title='bbox 259 709 383 763; x_wconf 79' lang='grc' dir='ltr'><strong>λων</strong></span> <span class='ocrx_word' id='word_1_47' title='bbox 419 711 682 782; x_wconf 78' lang='grc' dir='ltr'><strong>συνεχοῦς</strong></span> <span class='ocrx_word' id='word_1_48' title='bbox 701 730 761 767; x_wconf 84' lang='grc' dir='ltr'><strong>τε</strong></span> <span class='ocrx_word' id='word_1_49' title='bbox 788 714 881 768; x_wconf 72' lang='grc' dir='ltr'>καὶ</span> <span class='ocrx_word' id='word_1_50' title='bbox 910 715 1285 787; x_wconf 81' lang='grc' dir='ltr'>άγχιστρόφου</span> <span class='ocrx_word' id='word_1_51' title='bbox 1326 719 1659 789; x_wconf 79' lang='grc' dir='ltr'>περιφορᾶς.</span> <span class='ocrx_word' id='word_1_52' title='bbox 1688 714 1845 773; x_wconf 57' lang='lat' dir='ltr'><strong>Ernst</strong></span> 
     </span>
    </p>
   </div>
   <div class='ocr_carea' id='block_1_11' title="bbox 1953 709 3536 794">
    <p class='ocr_par' dir='ltr' id='par_1_11' title="bbox 1962 720 3536 794">
     <span class='ocr_line' id='line_1_11' title="bbox 1962 720 3536 794; baseline 0.005 -18"><span class='ocrx_word' id='word_1_53' title='bbox 1962 720 2384 791; x_wconf 83' lang='lat' dir='ltr'><strong>exportabatur,</strong></span> <span class='ocrx_word' id='word_1_54' title='bbox 2416 722 2779 794; x_wconf 87' lang='lat' dir='ltr'><strong>lacrymarum</strong></span> <span class='ocrx_word' id='word_1_55' title='bbox 2810 724 3052 782; x_wconf 82' lang='lat' dir='ltr'><strong>fontibus</strong></span> <span class='ocrx_word' id='word_1_56' title='bbox 3078 729 3376 784; x_wconf 86' lang='lat' dir='ltr'><strong>scaturire:</strong></span> <span class='ocrx_word' id='word_1_57' title='bbox 3396 730 3536 785; x_wconf 84' lang='lat' dir='ltr'><strong>adeo</strong></span> 
     </span>
    </p>
   </div>
   <div class='ocr_carea' id='block_1_12' title="bbox 257 801 1845 890">
    <p class='ocr_par' dir='ltr' id='par_1_12' title="bbox 257 801 1845 880">
     <span class='ocr_line' id='line_1_12' title="bbox 257 801 1845 880; baseline 0.006 -26"><span class='ocrx_word' id='word_1_58' title='bbox 257 801 339 855; x_wconf 74' lang='grc' dir='ltr'>ἄν</span> <span class='ocrx_word' id='word_1_59' title='bbox 357 818 447 865; x_wconf 89' lang='grc' dir='ltr'><strong>τις</strong></span> <span class='ocrx_word' id='word_1_60' title='bbox 486 802 670 873; x_wconf 79' lang='grc' dir='ltr'>πηγὰς</span> <span class='ocrx_word' id='word_1_61' title='bbox 701 803 916 873; x_wconf 78' lang='grc' dir='ltr'>ἀφιέναι</span> <span class='ocrx_word' id='word_1_62' title='bbox 938 806 1187 877; x_wconf 88' lang='grc' dir='ltr'>δακρύων</span> <span class='ocrx_word' id='word_1_63' title='bbox 1224 806 1323 878; x_wconf 78' lang='grc' dir='ltr'>τὴν</span> <span class='ocrx_word' id='word_1_64' title='bbox 1350 808 1482 880; x_wconf 87' lang='grc' dir='ltr'>ῦλην</span> <span class='ocrx_word' id='word_1_65' title='bbox 1516 809 1845 880; x_wconf 76' lang='grc' dir='ltr'>ἐκφορουμὲ-</span> 
     </span>
    </p>
   </div>
   <div class='ocr_carea' id='block_1_13' title="bbox 1953 801 3534 890">
    <p class='ocr_par' dir='ltr' id='par_1_13' title="bbox 1963 812 3534 890">
     <span class='ocr_line' id='line_1_13' title="bbox 1963 812 3534 890; baseline 0.005 -24"><span class='ocrx_word' id='word_1_66' title='bbox 1963 820 2096 867; x_wconf 80' lang='grc' dir='ltr'><strong>ωηο</strong></span> <span class='ocrx_word' id='word_1_67' title='bbox 2135 812 2464 867; x_wconf 77' lang='lat' dir='ltr'><strong>torrentium</strong></span> <span class='ocrx_word' id='word_1_68' title='bbox 2517 812 2690 869; x_wconf 88' lang='lat' dir='ltr'><strong>instar</strong></span> <span class='ocrx_word' id='word_1_69' title='bbox 2741 815 2894 870; x_wconf 83' lang='lat' dir='ltr'><strong>ibant</strong></span> <span class='ocrx_word' id='word_1_70' title='bbox 2926 820 3171 873; x_wconf 88' lang='lat' dir='ltr'><strong>omnium</strong></span> <span class='ocrx_word' id='word_1_71' title='bbox 3209 836 3329 890; x_wconf 86' lang='lat' dir='ltr'><strong>quae</strong></span> <span class='ocrx_word' id='word_1_72' title='bbox 3375 829 3534 875; x_wconf 82' lang='lat' dir='ltr'><strong>erant</strong></span> 
     </span>
    </p>
   </div>
   <div class='ocr_carea' id='block_1_14' title="bbox 260 893 1857 970">
    <p class='ocr_par' dir='ltr' id='par_1_14' title="bbox 260 893 1857 970">
     <span class='ocr_line' id='line_1_14' title="bbox 260 893 1857 970; baseline 0.005 -24"><span class='ocrx_word' id='word_1_73' title='bbox 260 910 373 963; x_wconf 89' lang='grc' dir='ltr'><strong>νην</strong></span> <span class='ocrx_word' id='word_1_74' title='bbox 402 893 646 964; x_wconf 74' lang='grc' dir='ltr'>ἐκείνην·</span> <span class='ocrx_word' id='word_1_75' title='bbox 674 893 818 949; x_wconf 77' lang='grc' dir='ltr'>οὕτω</span> <span class='ocrx_word' id='word_1_76' title='bbox 850 897 993 951; x_wconf 76' lang='grc' dir='ltr'>κατὰ</span> <span class='ocrx_word' id='word_1_77' title='bbox 1025 899 1306 966; x_wconf 77' lang='grc' dir='ltr'>ποταμοὺς</span> <span class='ocrx_word' id='word_1_78' title='bbox 1363 900 1561 970; x_wconf 72' lang='grc' dir='ltr'>ἐχώρει</span> <span class='ocrx_word' id='word_1_79' title='bbox 1616 899 1738 955; x_wconf 89' lang='grc' dir='ltr'>τότε</span> <span class='ocrx_word' id='word_1_80' title='bbox 1763 900 1857 954; x_wconf 81' lang='grc' dir='ltr'>δάο</span> 
     </span>
    </p>
   </div>
   <div class='ocr_carea' id='block_1_15' title="bbox 262 983 1857 1060">
    <p class='ocr_par' dir='ltr' id='par_1_15' title="bbox 262 983 1857 1060">
     <span class='ocr_line' id='line_1_15' title="bbox 262 983 1857 1060; baseline 0.005 -24"><span class='ocrx_word' id='word_1_81' title='bbox 262 998 422 1051; x_wconf 81' lang='grc' dir='ltr'>κρυα</span> <span class='ocrx_word' id='word_1_82' title='bbox 457 983 650 1037; x_wconf 85' lang='grc' dir='ltr'>πασῶν</span> <span class='ocrx_word' id='word_1_83' title='bbox 675 985 795 1038; x_wconf 72' lang='grc' dir='ltr'>ἐκεῖ</span> <span class='ocrx_word' id='word_1_84' title='bbox 814 987 1109 1055; x_wconf 86' lang='grc' dir='ltr'>γυναικῶν,</span> <span class='ocrx_word' id='word_1_85' title='bbox 1161 986 1389 1056; x_wconf 70' lang='grc' dir='ltr'>ἐνδόξων</span> <span class='ocrx_word' id='word_1_86' title='bbox 1412 989 1547 1060; x_wconf 83' lang='grc' dir='ltr'>ὁμοῦ</span> <span class='ocrx_word' id='word_1_87' title='bbox 1606 989 1699 1044; x_wconf 73' lang='grc' dir='ltr'><strong>καὶ</strong></span> <span class='ocrx_word' id='word_1_88' title='bbox 1729 989 1857 1044; x_wconf 85' lang='grc' dir='ltr'>ἀδό-</span> 
     </span>
    </p>
   </div>
   <div class='ocr_carea' id='block_1_16' title="bbox 1960 904 3532 983">
    <p class='ocr_par' dir='ltr' id='par_1_16' title="bbox 1960 904 3532 983">
     <span class='ocr_line' id='line_1_16' title="bbox 1960 904 3532 983; baseline 0.004 -24"><span class='ocrx_word' id='word_1_89' title='bbox 1960 904 2078 959; x_wconf 89' lang='lat' dir='ltr'><strong>illic</strong></span> <span class='ocrx_word' id='word_1_90' title='bbox 2120 904 2457 969; x_wconf 90' lang='lat' dir='ltr'><strong>mulierum,</strong></span> <span class='ocrx_word' id='word_1_91' title='bbox 2515 904 2814 961; x_wconf 77' lang='lat' dir='ltr'><strong>illustrium</strong></span> <span class='ocrx_word' id='word_1_92' title='bbox 2869 908 3031 963; x_wconf 85' lang='lat' dir='ltr'><strong>simul</strong></span> <span class='ocrx_word' id='word_1_93' title='bbox 3080 920 3137 965; x_wconf 89' lang='lat' dir='ltr'><strong>et</strong></span> <span class='ocrx_word' id='word_1_94' title='bbox 3175 911 3532 983; x_wconf 77' lang='lat' dir='ltr'><strong>ignobilium,</strong></span> 
     </span>
    </p>
   </div>
   <div class='ocr_carea' id='block_1_17' title="bbox 1957 994 3528 1067">
    <p class='ocr_par' dir='ltr' id='par_1_17' title="bbox 1957 994 3528 1067">
     <span class='ocr_line' id='line_1_17' title="bbox 1957 994 3528 1067; baseline 0.004 -17"><span class='ocrx_word' id='word_1_95' title='bbox 1957 994 2210 1067; x_wconf 68' lang='lat' dir='ltr'><strong>lacryma:</strong></span> <span class='ocrx_word' id='word_1_96' title='bbox 2254 1014 2268 1050; x_wconf 86' lang='lat'><strong>:</strong></span> <span class='ocrx_word' id='word_1_97' title='bbox 2305 994 2441 1051; x_wconf 91' lang='lat' dir='ltr'><strong>adeo</strong></span> <span class='ocrx_word' id='word_1_98' title='bbox 2475 995 2682 1067; x_wconf 80' lang='lat' dir='ltr'><strong>ingenti</strong></span> <span class='ocrx_word' id='word_1_99' title='bbox 2727 997 2880 1053; x_wconf 88' lang='lat' dir='ltr'><strong>luctu</strong></span> <span class='ocrx_word' id='word_1_100' title='bbox 2918 1000 3115 1056; x_wconf 86' lang='lat' dir='ltr'><strong>mistus</strong></span> <span class='ocrx_word' id='word_1_101' title='bbox 3160 1011 3280 1057; x_wconf 90' lang='lat' dir='ltr'><strong>erat</strong></span> <span class='ocrx_word' id='word_1_102' title='bbox 3315 1002 3528 1059; x_wconf 84' lang='lat' dir='ltr'><strong>illarum</strong></span> 
     </span>
    </p>
   </div>
   <div class='ocr_carea' id='block_1_18' title="bbox 258 1072 1845 1160">
    <p class='ocr_par' dir='ltr' id='par_1_18' title="bbox 258 1072 1845 1154">
     <span class='ocr_line' id='line_1_18' title="bbox 258 1072 1845 1154; baseline 0.006 -26"><span class='ocrx_word' id='word_1_103' title='bbox 258 1072 401 1140; x_wconf 80' lang='grc' dir='ltr'>ξων,</span> <span class='ocrx_word' id='word_1_104' title='bbox 424 1076 523 1129; x_wconf 82' lang='grc' dir='ltr'>καὶ</span> <span class='ocrx_word' id='word_1_105' title='bbox 553 1073 697 1131; x_wconf 77' lang='grc' dir='ltr'>οὕτω</span> <span class='ocrx_word' id='word_1_106' title='bbox 726 1082 958 1150; x_wconf 77' lang='grc' dir='ltr'><strong>μακροῖς</strong></span> <span class='ocrx_word' id='word_1_107' title='bbox 1010 1080 1339 1151; x_wconf 83' lang='grc' dir='ltr'>ἀνεμίγνυτο</span> <span class='ocrx_word' id='word_1_108' title='bbox 1370 1082 1589 1154; x_wconf 75' lang='grc' dir='ltr'><strong>θρήνοις</strong></span> <span class='ocrx_word' id='word_1_109' title='bbox 1629 1086 1656 1137; x_wconf 87' lang='grc' dir='ltr'><strong>ό</strong></span> <span class='ocrx_word' id='word_1_110' title='bbox 1687 1082 1845 1153; x_wconf 78' lang='grc' dir='ltr'>ζῆλος</span> 
     </span>
    </p>
   </div>
   <div class='ocr_carea' id='block_1_19' title="bbox 1953 1072 3530 1160">
    <p class='ocr_par' dir='ltr' id='par_1_19' title="bbox 1957 1085 3530 1160">
     <span class='ocr_line' id='line_1_19' title="bbox 1957 1085 3530 1160; baseline 0.004 -19"><span class='ocrx_word' id='word_1_111' title='bbox 1957 1087 2113 1142; x_wconf 85' lang='lat' dir='ltr'><strong>zelus</strong></span> <span class='ocrx_word' id='word_1_112' title='bbox 2136 1093 2191 1141; x_wconf 90' lang='lat' dir='ltr'><strong>et</strong></span> <span class='ocrx_word' id='word_1_113' title='bbox 2230 1085 2471 1142; x_wconf 82' lang='lat' dir='ltr'><strong>olliciosa</strong></span> <span class='ocrx_word' id='word_1_114' title='bbox 2501 1086 2783 1158; x_wconf 79' lang='lat' dir='ltr'><strong>diligentia</strong></span> <span class='ocrx_word' id='word_1_115' title='bbox 2821 1106 2837 1143; x_wconf 89' lang='lat'><strong>:</strong></span> <span class='ocrx_word' id='word_1_116' title='bbox 2864 1089 3135 1160; x_wconf 88' lang='lat' dir='ltr'><strong>siquidem</strong></span> <span class='ocrx_word' id='word_1_117' title='bbox 3178 1092 3299 1147; x_wconf 88' lang='lat' dir='ltr'><strong>illos</strong></span> <span class='ocrx_word' id='word_1_118' title='bbox 3326 1107 3530 1147; x_wconf 82' lang='lat' dir='ltr'><strong>cursus</strong></span> 
     </span>
    </p>
   </div>
   <div class='ocr_carea' id='block_1_20' title="bbox 258 1166 1845 1248">
    <p class='ocr_par' dir='ltr' id='par_1_20' title="bbox 258 1166 1845 1245">
     <span class='ocr_line' id='line_1_20' title="bbox 258 1166 1845 1245; baseline 0.006 -26"><span class='ocrx_word' id='word_1_119' title='bbox 258 1166 503 1222; x_wconf 70' lang='grc' dir='ltr'>ἐκείνων</span> <span class='ocrx_word' id='word_1_120' title='bbox 530 1170 623 1222; x_wconf 66' lang='grc' dir='ltr'><strong>καὶ⁵</strong></span> <span class='ocrx_word' id='word_1_121' title='bbox 652 1171 686 1240; x_wconf 76' lang='grc' dir='ltr'><strong>ἡ</strong></span> <span class='ocrx_word' id='word_1_122' title='bbox 723 1171 951 1242; x_wconf 78' lang='grc' dir='ltr'>σπουδὴ,</span> <span class='ocrx_word' id='word_1_123' title='bbox 977 1172 1259 1245; x_wconf 79' lang='grc' dir='ltr'><strong>ῥᾳστώνης</strong></span> <span class='ocrx_word' id='word_1_124' title='bbox 1316 1174 1571 1243; x_wconf 72' lang='grc' dir='ltr'>οὐδεμιᾶς</span> <span class='ocrx_word' id='word_1_125' title='bbox 1610 1171 1845 1244; x_wconf 83' lang='grc' dir='ltr'>δυνηθεί-</span> 
     </span>
    </p>
   </div>
   <div class='ocr_carea' id='block_1_21' title="bbox 1953 1166 3532 1248">
    <p class='ocr_par' dir='ltr' id='par_1_21' title="bbox 1954 1176 3532 1248">
     <span class='ocr_line' id='line_1_21' title="bbox 1954 1176 3532 1248; baseline 0.001 -15"><span class='ocrx_word' id='word_1_126' title='bbox 1954 1185 2012 1233; x_wconf 90' lang='lat' dir='ltr'><strong>et</strong></span> <span class='ocrx_word' id='word_1_127' title='bbox 2044 1177 2340 1233; x_wconf 92' lang='lat' dir='ltr'><strong>continuos</strong></span> <span class='ocrx_word' id='word_1_128' title='bbox 2388 1176 2607 1233; x_wconf 80' lang='lat' dir='ltr'><strong>labores</strong></span> <span class='ocrx_word' id='word_1_129' title='bbox 2641 1177 2788 1234; x_wconf 89' lang='lat' dir='ltr'><strong>nulla</strong></span> <span class='ocrx_word' id='word_1_130' title='bbox 2834 1180 3015 1248; x_wconf 87' lang='lat' dir='ltr'><strong>potuit</strong></span> <span class='ocrx_word' id='word_1_131' title='bbox 3056 1181 3313 1237; x_wconf 83' lang='lat' dir='ltr'><strong>mollities</strong></span> <span class='ocrx_word' id='word_1_132' title='bbox 3358 1181 3532 1237; x_wconf 89' lang='lat' dir='ltr'><strong>inter-</strong></span> 
     </span>
    </p>
   </div>
   <div class='ocr_carea' id='block_1_22' title="bbox 259 1260 1845 1343">
    <p class='ocr_par' dir='ltr' id='par_1_22' title="bbox 259 1260 1845 1337">
     <span class='ocr_line' id='line_1_22' title="bbox 259 1260 1845 1337; baseline 0.007 -27"><span class='ocrx_word' id='word_1_133' title='bbox 259 1274 372 1330; x_wconf 86' lang='grc' dir='ltr'><strong>σης</strong></span> <span class='ocrx_word' id='word_1_134' title='bbox 404 1260 665 1332; x_wconf 77' lang='grc' dir='ltr'>διακόψαι</span> <span class='ocrx_word' id='word_1_135' title='bbox 679 1263 770 1317; x_wconf 80' lang='grc' dir='ltr'>τὸν</span> <span class='ocrx_word' id='word_1_136' title='bbox 795 1264 996 1335; x_wconf 81' lang='grc' dir='ltr'>δρόμον</span> <span class='ocrx_word' id='word_1_137' title='bbox 1018 1266 1111 1320; x_wconf 75' lang='grc' dir='ltr'>καὶ</span> <span class='ocrx_word' id='word_1_138' title='bbox 1128 1265 1225 1337; x_wconf 81' lang='grc' dir='ltr'>τὴν</span> <span class='ocrx_word' id='word_1_139' title='bbox 1252 1267 1556 1337; x_wconf 75' lang='grc' dir='ltr'>συνέχειαν,</span> <span class='ocrx_word' id='word_1_140' title='bbox 1596 1268 1684 1334; x_wconf 67' lang='grc' dir='ltr'><strong>ἐφ’</strong></span> <span class='ocrx_word' id='word_1_141' title='bbox 1712 1268 1845 1332; x_wconf 79' lang='grc' dir='ltr'>ὅλοις</span> 
     </span>
    </p>
   </div>
   <div class='ocr_carea' id='block_1_23' title="bbox 1953 1260 3529 1343">
    <p class='ocr_par' dir='ltr' id='par_1_23' title="bbox 1956 1267 3529 1343">
     <span class='ocr_line' id='line_1_23' title="bbox 1956 1267 3529 1343; baseline 0.001 -18"><span class='ocrx_word' id='word_1_142' title='bbox 1956 1285 2215 1339; x_wconf 86' lang='lat' dir='ltr'><strong>rumpere</strong></span> <span class='ocrx_word' id='word_1_143' title='bbox 2238 1308 2253 1335; x_wconf 97' lang='lat'><strong>,</strong></span> <span class='ocrx_word' id='word_1_144' title='bbox 2280 1267 2566 1341; x_wconf 78' lang='lat' dir='ltr'><strong>perpetuis</strong></span> <span class='ocrx_word' id='word_1_145' title='bbox 2611 1268 2784 1325; x_wconf 85' lang='lat' dir='ltr'><strong>l&#39;erme</strong></span> <span class='ocrx_word' id='word_1_146' title='bbox 2818 1271 3039 1343; x_wconf 77' lang='lat' dir='ltr'><strong>triginta</strong></span> <span class='ocrx_word' id='word_1_147' title='bbox 3073 1271 3270 1329; x_wconf 89' lang='lat' dir='ltr'><strong>diebus</strong></span> <span class='ocrx_word' id='word_1_148' title='bbox 3324 1281 3382 1328; x_wconf 90' lang='lat' dir='ltr'><strong>et</strong></span> <span class='ocrx_word' id='word_1_149' title='bbox 3426 1287 3529 1326; x_wconf 89' lang='lat' dir='ltr'><strong>no-</strong></span> 
     </span>
    </p>
   </div>
   <div class='ocr_carea' id='block_1_24' title="bbox 258 1348 1316 1427">
    <p class='ocr_par' dir='ltr' id='par_1_24' title="bbox 258 1348 1316 1427">
     <span class='ocr_line' id='line_1_24' title="bbox 258 1348 1316 1427; baseline 0.009 -26"><span class='ocrx_word' id='word_1_150' title='bbox 258 1348 443 1417; x_wconf 73' lang='grc' dir='ltr'>ὲγγύς</span> <span class='ocrx_word' id='word_1_151' title='bbox 472 1368 575 1406; x_wconf 88' lang='grc' dir='ltr'><strong>που</strong></span> <span class='ocrx_word' id='word_1_152' title='bbox 605 1354 971 1425; x_wconf 82' lang='grc' dir='ltr'>νυχθημὲροις</span> <span class='ocrx_word' id='word_1_153' title='bbox 999 1356 1316 1427; x_wconf 87' lang='grc' dir='ltr'>τριάκοντα.</span> 
     </span>
    </p>
   </div>
   <div class='ocr_carea' id='block_1_25' title="bbox 333 1439 1853 1521">
    <p class='ocr_par' dir='ltr' id='par_1_25' title="bbox 333 1439 1853 1521">
     <span class='ocr_line' id='line_1_25' title="bbox 333 1439 1853 1521; baseline 0.005 -24"><span class='ocrx_word' id='word_1_154' title='bbox 333 1439 417 1498; x_wconf 72' lang='grc' dir='ltr'><strong>Γ.</strong></span> <span class='ocrx_word' id='word_1_155' title='bbox 460 1442 708 1514; x_wconf 80' lang='grc' dir='ltr'>Ἐλέγετο</span> <span class='ocrx_word' id='word_1_156' title='bbox 742 1446 927 1517; x_wconf 79' lang='grc' dir='ltr'>μέντοι</span> <span class='ocrx_word' id='word_1_157' title='bbox 960 1448 1098 1518; x_wconf 75' lang='grc' dir='ltr'>πρὸς</span> <span class='ocrx_word' id='word_1_158' title='bbox 1116 1448 1228 1501; x_wconf 88' lang='grc' dir='ltr'><strong>τῶν</strong></span> <span class='ocrx_word' id='word_1_159' title='bbox 1271 1447 1502 1516; x_wconf 80' lang='grc' dir='ltr'>πολλῶν,</span> <span class='ocrx_word' id='word_1_160' title='bbox 1535 1448 1611 1511; x_wconf 87' lang='grc' dir='ltr'><strong>ὡς</strong></span> <span class='ocrx_word' id='word_1_161' title='bbox 1659 1450 1709 1504; x_wconf 87' lang='grc' dir='ltr'><strong>εί</strong></span> <span class='ocrx_word' id='word_1_162' title='bbox 1777 1451 1853 1521; x_wconf 76' lang='grc' dir='ltr'>μὴ</span> 
     </span>
    </p>
   </div>
   <div class='ocr_carea' id='block_1_26' title="bbox 1952 1368 2156 1426">
    <p class='ocr_par' dir='ltr' id='par_1_26' title="bbox 1952 1368 2156 1426">
     <span class='ocr_line' id='line_1_26' title="bbox 1952 1368 2156 1426; baseline -0.005 -1"><span class='ocrx_word' id='word_1_163' title='bbox 1952 1368 2156 1426; x_wconf 89' lang='lat' dir='ltr'><strong>ctibus.</strong></span> 
     </span>
    </p>
   </div>
   <div class='ocr_carea' id='block_1_27' title="bbox 2025 1452 3528 1536">
    <p class='ocr_par' dir='ltr' id='par_1_27' title="bbox 2025 1452 3528 1536">
     <span class='ocr_line' id='line_1_27' title="bbox 2025 1452 3528 1536; baseline -0.01 -16"><span class='ocrx_word' id='word_1_164' title='bbox 2025 1465 2114 1521; x_wconf 90' lang='lat' dir='ltr'><strong>ill.</strong></span> <span class='ocrx_word' id='word_1_165' title='bbox 2148 1463 2419 1521; x_wconf 64' lang='lat' dir='ltr'><strong>Caeterum</strong></span> <span class='ocrx_word' id='word_1_166' title='bbox 2453 1480 2483 1521; x_wconf 86' lang='lat' dir='ltr'><strong>a</strong></span> <span class='ocrx_word' id='word_1_167' title='bbox 2506 1464 2786 1536; x_wconf 80' lang='lat' dir='ltr'><strong>plerisque</strong></span> <span class='ocrx_word' id='word_1_168' title='bbox 2804 1456 3179 1521; x_wconf 87' lang='lat' dir='ltr'><strong>dictitabatur,</strong></span> <span class='ocrx_word' id='word_1_169' title='bbox 3214 1454 3319 1508; x_wconf 89' lang='lat' dir='ltr'><strong>nisi</strong></span> <span class='ocrx_word' id='word_1_170' title='bbox 3342 1452 3528 1508; x_wconf 85' lang='lat' dir='ltr'><strong>orien-</strong></span> 
     </span>
    </p>
   </div>
   <div class='ocr_carea' id='block_1_28' title="bbox 257 1533 1845 1623">
    <p class='ocr_par' dir='ltr' id='par_1_28' title="bbox 257 1533 1845 1611">
     <span class='ocr_line' id='line_1_28' title="bbox 257 1533 1845 1611; baseline 0.007 -26"><span class='ocrx_word' id='word_1_171' title='bbox 257 1533 652 1606; x_wconf 73' lang='grc' dir='ltr'>προϋπάρχειν</span> <span class='ocrx_word' id='word_1_172' title='bbox 673 1536 962 1592; x_wconf 75' lang='grc' dir='ltr'>συνέϐαινε</span> <span class='ocrx_word' id='word_1_173' title='bbox 1011 1536 1111 1602; x_wconf 75' lang='grc' dir='ltr'><strong>τὰς</strong></span> <span class='ocrx_word' id='word_1_174' title='bbox 1138 1540 1280 1610; x_wconf 77' lang='grc' dir='ltr'>πρὸς</span> <span class='ocrx_word' id='word_1_175' title='bbox 1340 1540 1416 1595; x_wconf 74' lang='grc' dir='ltr'>ἕω</span> <span class='ocrx_word' id='word_1_176' title='bbox 1468 1542 1737 1611; x_wconf 80' lang='grc' dir='ltr'>κρηπῖδας</span> <span class='ocrx_word' id='word_1_177' title='bbox 1758 1541 1845 1596; x_wconf 71' lang='grc' dir='ltr'>καὶ</span> 
     </span>
    </p>
   </div>
   <div class='ocr_carea' id='block_1_29' title="bbox 1953 1533 3533 1623">
    <p class='ocr_par' dir='ltr' id='par_1_29' title="bbox 1953 1533 3533 1623">
     <span class='ocr_line' id='line_1_29' title="bbox 1953 1533 3533 1623; baseline -0.011 -11"><span class='ocrx_word' id='word_1_178' title='bbox 1953 1564 2061 1612; x_wconf 90' lang='lat' dir='ltr'><strong>tem</strong></span> <span class='ocrx_word' id='word_1_179' title='bbox 2089 1569 2283 1612; x_wconf 87' lang='lat' dir='ltr'><strong>versus</strong></span> <span class='ocrx_word' id='word_1_180' title='bbox 2319 1533 2690 1611; x_wconf 83' lang='lat' dir='ltr'><strong>occurrissent</strong></span> <span class='ocrx_word' id='word_1_181' title='bbox 2717 1549 3075 1623; x_wconf 78' lang='lat' dir='ltr'><strong>fundamenta</strong></span> <span class='ocrx_word' id='word_1_182' title='bbox 3096 1554 3152 1601; x_wconf 90' lang='lat' dir='ltr'><strong>et</strong></span> <span class='ocrx_word' id='word_1_183' title='bbox 3184 1543 3533 1611; x_wconf 88' lang='lat' dir='ltr'><strong>moles,quas</strong></span> 
     </span>
    </p>
   </div>
   <div class='ocr_carea' id='block_1_30' title="bbox 258 1626 1853 1704">
    <p class='ocr_par' dir='ltr' id='par_1_30' title="bbox 258 1626 1853 1704">
     <span class='ocr_line' id='line_1_30' title="bbox 258 1626 1853 1704; baseline 0.006 -25"><span class='ocrx_word' id='word_1_184' title='bbox 258 1626 333 1681; x_wconf 74' lang='grc' dir='ltr'><strong>τά</strong></span> <span class='ocrx_word' id='word_1_185' title='bbox 356 1627 687 1698; x_wconf 73' lang='grc' dir='ltr'>ιρείσματα,</span> <span class='ocrx_word' id='word_1_186' title='bbox 724 1632 899 1686; x_wconf 79' lang='grc' dir='ltr'>ὁπόσα</span> <span class='ocrx_word' id='word_1_187' title='bbox 922 1633 1063 1702; x_wconf 80' lang='grc' dir='ltr'>πρὸς</span> <span class='ocrx_word' id='word_1_188' title='bbox 1098 1634 1440 1704; x_wconf 81' lang='grc' dir='ltr'>Ἀνδρονίκου</span> <span class='ocrx_word' id='word_1_189' title='bbox 1471 1633 1565 1688; x_wconf 92' lang='grc' dir='ltr'><strong>τοῦ</strong></span> <span class='ocrx_word' id='word_1_190' title='bbox 1584 1633 1853 1704; x_wconf 75' lang='grc' dir='ltr'>βασιλέως</span> 
     </span>
    </p>
   </div>
   <div class='ocr_carea' id='block_1_31' title="bbox 260 1718 1850 1797">
    <p class='ocr_par' dir='ltr' id='par_1_31' title="bbox 260 1718 1850 1797">
     <span class='ocr_line' id='line_1_31' title="bbox 260 1718 1850 1797; baseline 0.004 -22"><span class='ocrx_word' id='word_1_191' title='bbox 260 1718 347 1789; x_wconf 86' lang='grc'><strong>(9)</strong></span> <span class='ocrx_word' id='word_1_192' title='bbox 395 1720 567 1775; x_wconf 86' lang='grc' dir='ltr'>πάλαι</span> <span class='ocrx_word' id='word_1_193' title='bbox 599 1722 1045 1795; x_wconf 78' lang='grc' dir='ltr'>ἀνῳκοδόμηνται</span> <span class='ocrx_word' id='word_1_194' title='bbox 1076 1726 1219 1780; x_wconf 85' lang='grc' dir='ltr'>πάνυ</span> <span class='ocrx_word' id='word_1_195' title='bbox 1249 1744 1332 1781; x_wconf 87' lang='grc' dir='ltr'><strong>τοι</strong></span> <span class='ocrx_word' id='word_1_196' title='bbox 1383 1725 1706 1797; x_wconf 76' lang='grc' dir='ltr'>φιλοτίμως,</span> <span class='ocrx_word' id='word_1_197' title='bbox 1732 1725 1850 1782; x_wconf 82' lang='grc' dir='ltr'><strong>’κᾶν</strong></span> 
     </span>
    </p>
   </div>
   <div class='ocr_carea' id='block_1_32' title="bbox 258 1812 1849 1893">
    <p class='ocr_par' dir='ltr' id='par_1_32' title="bbox 258 1812 1849 1893">
     <span class='ocr_line' id='line_1_32' title="bbox 258 1812 1849 1893; baseline 0.005 -26"><span class='ocrx_word' id='word_1_198' title='bbox 258 1812 675 1869; x_wconf 77' lang='grc' dir='ltr'>πολλαπλάσιον</span> <span class='ocrx_word' id='word_1_199' title='bbox 722 1818 966 1887; x_wconf 69' lang='grc' dir='ltr'>ἐγεγόνει</span> <span class='ocrx_word' id='word_1_200' title='bbox 1002 1817 1083 1893; x_wconf 85' lang='grc' dir='ltr'><strong>[Ρ.</strong></span> <span class='ocrx_word' id='word_1_201' title='bbox 1112 1819 1238 1893; x_wconf 79' lang='grc'><strong>471]</strong></span> <span class='ocrx_word' id='word_1_202' title='bbox 1268 1820 1330 1874; x_wconf 75' lang='grc' dir='ltr'>τὸ</span> <span class='ocrx_word' id='word_1_203' title='bbox 1379 1819 1578 1888; x_wconf 82' lang='grc' dir='ltr'>πτῶμα</span> <span class='ocrx_word' id='word_1_204' title='bbox 1613 1820 1707 1873; x_wconf 77' lang='grc' dir='ltr'><strong>καὶ</strong></span> <span class='ocrx_word' id='word_1_205' title='bbox 1739 1820 1849 1877; x_wconf 82' lang='grc' dir='ltr'><strong>τῶν</strong></span> 
     </span>
    </p>
   </div>
   <div class='ocr_carea' id='block_1_33' title="bbox 257 1908 1847 1992">
    <p class='ocr_par' dir='ltr' id='par_1_33' title="bbox 257 1908 1847 1992">
     <span class='ocr_line' id='line_1_33' title="bbox 257 1908 1847 1992; baseline 0.008 -32"><span class='ocrx_word' id='word_1_206' title='bbox 257 1923 328 1973; x_wconf 79' lang='grc' dir='ltr'><strong>γε</strong></span> <span class='ocrx_word' id='word_1_207' title='bbox 361 1910 602 1966; x_wconf 80' lang='grc' dir='ltr'>ἀνιάτων</span> <span class='ocrx_word' id='word_1_208' title='bbox 632 1912 689 1967; x_wconf 76' lang='grc' dir='ltr'>ἓν</span> <span class='ocrx_word' id='word_1_209' title='bbox 731 1908 820 1984; x_wconf 77' lang='grc' dir='ltr'><strong>ἦν.</strong></span> <span class='ocrx_word' id='word_1_210' title='bbox 861 1917 963 1968; x_wconf 66' lang='lat' dir='ltr'><strong>Kal</strong></span> <span class='ocrx_word' id='word_1_211' title='bbox 1012 1915 1181 1970; x_wconf 84' lang='grc' dir='ltr'>ταῦτα</span> <span class='ocrx_word' id='word_1_212' title='bbox 1217 1917 1318 1987; x_wconf 78' lang='grc' dir='ltr'>μὲν</span> <span class='ocrx_word' id='word_1_213' title='bbox 1361 1934 1553 1974; x_wconf 85' lang='grc' dir='ltr'>τουτον</span> <span class='ocrx_word' id='word_1_214' title='bbox 1582 1931 1708 1992; x_wconf 80' lang='grc' dir='ltr'>εσχε</span> <span class='ocrx_word' id='word_1_215' title='bbox 1754 1916 1847 1973; x_wconf 78' lang='grc' dir='ltr'>τὸν</span> 
     </span>
    </p>
   </div>
   <div class='ocr_carea' id='block_1_34' title="bbox 257 2002 1503 2077">
    <p class='ocr_par' dir='ltr' id='par_1_34' title="bbox 257 2002 1503 2077">
     <span class='ocr_line' id='line_1_34' title="bbox 257 2002 1503 2077; baseline 0.008 -22"><span class='ocrx_word' id='word_1_216' title='bbox 257 2002 491 2073; x_wconf 80' lang='grc' dir='ltr'>τρόπον·</span> <span class='ocrx_word' id='word_1_217' title='bbox 522 2007 620 2059; x_wconf 73' lang='grc' dir='ltr'><strong>καὶ</strong></span> <span class='ocrx_word' id='word_1_218' title='bbox 644 2007 704 2060; x_wconf 79' lang='grc' dir='ltr'>τὸ</span> <span class='ocrx_word' id='word_1_219' title='bbox 724 2007 877 2077; x_wconf 81' lang='grc' dir='ltr'>Θέρος</span> <span class='ocrx_word' id='word_1_220' title='bbox 905 2011 964 2063; x_wconf 84' lang='grc' dir='ltr'>ὲν</span> <span class='ocrx_word' id='word_1_221' title='bbox 990 2010 1203 2069; x_wconf 79' lang='grc' dir='ltr'>τούτοις</span> <span class='ocrx_word' id='word_1_222' title='bbox 1225 2010 1503 2065; x_wconf 80' lang='grc' dir='ltr'>ἐτελεύτα.</span> 
     </span>
    </p>
   </div>
   <div class='ocr_carea' id='block_1_35' title="bbox 329 2095 1848 2175">
    <p class='ocr_par' dir='ltr' id='par_1_35' title="bbox 329 2095 1848 2175">
     <span class='ocr_line' id='line_1_35' title="bbox 329 2095 1848 2175; baseline 0.006 -26"><span class='ocrx_word' id='word_1_223' title='bbox 329 2095 410 2153; x_wconf 86' lang='grc' dir='ltr'><strong>Δ’.</strong></span> <span class='ocrx_word' id='word_1_224' title='bbox 428 2097 632 2152; x_wconf 86' lang='grc' dir='ltr'>Κακῶν</span> <span class='ocrx_word' id='word_1_225' title='bbox 647 2098 693 2152; x_wconf 87' lang='grc' dir='ltr'>δ’</span> <span class='ocrx_word' id='word_1_226' title='bbox 703 2101 958 2171; x_wconf 78' lang='grc' dir='ltr'>ἀνακωχή</span> <span class='ocrx_word' id='word_1_227' title='bbox 977 2120 1059 2158; x_wconf 79' lang='grc' dir='ltr'><strong>τις</strong></span> <span class='ocrx_word' id='word_1_228' title='bbox 1072 2101 1185 2156; x_wconf 73' lang='grc' dir='ltr'>οὔτ’</span> <span class='ocrx_word' id='word_1_229' title='bbox 1199 2099 1288 2173; x_wconf 81' lang='grc' dir='ltr'>ἦν,</span> <span class='ocrx_word' id='word_1_230' title='bbox 1305 2103 1417 2175; x_wconf 49' lang='grc' dir='ltr'>αὔτ’</span> <span class='ocrx_word' id='word_1_231' title='bbox 1437 2104 1713 2175; x_wconf 75' lang='grc' dir='ltr'>ἠλπίζετο·</span> <span class='ocrx_word' id='word_1_232' title='bbox 1731 2103 1848 2173; x_wconf 75' lang='grc' dir='ltr'>ἀλλ’</span> 
     </span>
    </p>
   </div>
   <div class='ocr_carea' id='block_1_36' title="bbox 260 2185 1850 2267">
    <p class='ocr_par' dir='ltr' id='par_1_36' title="bbox 260 2185 1850 2267">
     <span class='ocr_line' id='line_1_36' title="bbox 260 2185 1850 2267; baseline 0.008 -29"><span class='ocrx_word' id='word_1_233' title='bbox 260 2185 349 2254; x_wconf 81' lang='grc' dir='ltr'><strong>ἐφ’</strong></span> <span class='ocrx_word' id='word_1_234' title='bbox 382 2186 593 2257; x_wconf 77' lang='grc' dir='ltr'>ἑτέροις</span> <span class='ocrx_word' id='word_1_235' title='bbox 614 2189 778 2259; x_wconf 74' lang='grc' dir='ltr'>ἕτερα</span> <span class='ocrx_word' id='word_1_236' title='bbox 805 2191 1067 2259; x_wconf 81' lang='grc' dir='ltr'>διηνεκῶς</span> <span class='ocrx_word' id='word_1_237' title='bbox 1088 2194 1333 2265; x_wconf 76' lang='grc' dir='ltr'>ὲπέῤῥει,</span> <span class='ocrx_word' id='word_1_238' title='bbox 1350 2194 1446 2248; x_wconf 66' lang='grc' dir='ltr'>καὶ</span> <span class='ocrx_word' id='word_1_239' title='bbox 1465 2196 1559 2250; x_wconf 70' lang='grc' dir='ltr'>ἐπὶ</span> <span class='ocrx_word' id='word_1_240' title='bbox 1575 2198 1634 2249; x_wconf 80' lang='grc' dir='ltr'>τὸ</span> <span class='ocrx_word' id='word_1_241' title='bbox 1667 2198 1850 2267; x_wconf 83' lang='grc' dir='ltr'>χεῖρον</span> 
     </span>
    </p>
   </div>
   <div class='ocr_carea' id='block_1_37' title="bbox 254 2277 1849 2359">
    <p class='ocr_par' dir='ltr' id='par_1_37' title="bbox 254 2277 1849 2359">
     <span class='ocr_line' id='line_1_37' title="bbox 254 2277 1849 2359; baseline 0.007 -26"><span class='ocrx_word' id='word_1_242' title='bbox 254 2277 396 2349; x_wconf 78' lang='grc' dir='ltr'>ηῦξε</span> <span class='ocrx_word' id='word_1_243' title='bbox 431 2282 527 2335; x_wconf 75' lang='grc' dir='ltr'>καὶ</span> <span class='ocrx_word' id='word_1_244' title='bbox 575 2283 894 2354; x_wconf 78' lang='grc' dir='ltr'>προύϐαινε.</span> <span class='ocrx_word' id='word_1_245' title='bbox 952 2286 1027 2340; x_wconf 88' lang='grc' dir='ltr'><strong>Ἦ</strong></span> <span class='ocrx_word' id='word_1_246' title='bbox 1077 2304 1138 2340; x_wconf 89' lang='grc' dir='ltr'><strong>τε</strong></span> <span class='ocrx_word' id='word_1_247' title='bbox 1186 2291 1299 2358; x_wconf 82' lang='grc' dir='ltr'><strong>γάρ</strong></span> <span class='ocrx_word' id='word_1_248' title='bbox 1364 2289 1434 2359; x_wconf 87' lang='grc' dir='ltr'>γῆ</span> <span class='ocrx_word' id='word_1_249' title='bbox 1497 2290 1849 2344; x_wconf 81' lang='grc' dir='ltr'>παντάπασιν</span> 
     </span>
    </p>
   </div>
   <div class='ocr_carea' id='block_1_38' title="bbox 259 2374 1849 2450">
    <p class='ocr_par' dir='ltr' id='par_1_38' title="bbox 259 2374 1849 2450">
     <span class='ocr_line' id='line_1_38' title="bbox 259 2374 1849 2450; baseline 0.006 -24"><span class='ocrx_word' id='word_1_250' title='bbox 259 2374 450 2428; x_wconf 84' lang='grc' dir='ltr'>είπεῐν</span> <span class='ocrx_word' id='word_1_251' title='bbox 498 2374 738 2447; x_wconf 79' lang='grc' dir='ltr'>ἄσπορός</span> <span class='ocrx_word' id='word_1_252' title='bbox 785 2395 844 2432; x_wconf 87' lang='grc' dir='ltr'><strong>τε</strong></span> <span class='ocrx_word' id='word_1_253' title='bbox 901 2379 995 2432; x_wconf 76' lang='grc' dir='ltr'>καὶ</span> <span class='ocrx_word' id='word_1_254' title='bbox 1043 2380 1399 2450; x_wconf 76' lang='grc' dir='ltr'>ἀγεώργητος</span> <span class='ocrx_word' id='word_1_255' title='bbox 1440 2382 1703 2436; x_wconf 77' lang='grc' dir='ltr'>ἐλείπετο·</span> <span class='ocrx_word' id='word_1_256' title='bbox 1737 2381 1849 2435; x_wconf 89' lang='grc' dir='ltr'><strong>τῶν</strong></span> 
     </span>
    </p>
   </div>
   <div class='ocr_carea' id='block_1_39' title="bbox 258 2466 1848 2543">
    <p class='ocr_par' dir='ltr' id='par_1_39' title="bbox 258 2466 1848 2543">
     <span class='ocr_line' id='line_1_39' title="bbox 258 2466 1848 2543; baseline 0.006 -25"><span class='ocrx_word' id='word_1_257' title='bbox 258 2466 309 2518; x_wconf 84' lang='grc' dir='ltr'>τ’</span> <span class='ocrx_word' id='word_1_258' title='bbox 334 2467 667 2537; x_wconf 69' lang='grc' dir='ltr'>ἐπιτηδείων</span> <span class='ocrx_word' id='word_1_259' title='bbox 704 2470 900 2543; x_wconf 84' lang='grc' dir='ltr'>μακρά</span> <span class='ocrx_word' id='word_1_260' title='bbox 925 2488 1011 2532; x_wconf 89' lang='grc' dir='ltr'><strong>τις</strong></span> <span class='ocrx_word' id='word_1_261' title='bbox 1033 2471 1340 2537; x_wconf 72' lang='grc' dir='ltr'><strong>ἐπεπόλαζε</strong></span> <span class='ocrx_word' id='word_1_262' title='bbox 1370 2472 1565 2536; x_wconf 83' lang='grc' dir='ltr'>σπάνις</span> <span class='ocrx_word' id='word_1_263' title='bbox 1609 2473 1697 2529; x_wconf 78' lang='grc' dir='ltr'>διὰ</span> <span class='ocrx_word' id='word_1_264' title='bbox 1747 2476 1848 2537; x_wconf 76' lang='grc' dir='ltr'><strong>τὰς</strong></span> 
     </span>
    </p>
   </div>
   <div class='ocr_carea' id='block_1_40' title="bbox 258 2559 1850 2636">
    <p class='ocr_par' dir='ltr' id='par_1_40' title="bbox 258 2559 1850 2636">
     <span class='ocr_line' id='line_1_40' title="bbox 258 2559 1850 2636; baseline 0.006 -25"><span class='ocrx_word' id='word_1_265' title='bbox 258 2559 376 2614; x_wconf 81' lang='grc' dir='ltr'><strong>τῶν</strong></span> <span class='ocrx_word' id='word_1_266' title='bbox 413 2559 595 2613; x_wconf 75' lang='grc' dir='ltr'>ἄλλοτ’</span> <span class='ocrx_word' id='word_1_267' title='bbox 616 2560 794 2616; x_wconf 74' lang='grc' dir='ltr'>ἄλλων</span> <span class='ocrx_word' id='word_1_268' title='bbox 821 2562 1095 2633; x_wconf 85' lang='grc' dir='ltr'>πολεμίων</span> <span class='ocrx_word' id='word_1_269' title='bbox 1121 2565 1365 2633; x_wconf 73' lang='grc' dir='ltr'>ἐφόδους·</span> <span class='ocrx_word' id='word_1_270' title='bbox 1428 2565 1525 2619; x_wconf 75' lang='grc' dir='ltr'>καὶ</span> <span class='ocrx_word' id='word_1_271' title='bbox 1557 2566 1677 2636; x_wconf 74' lang='grc' dir='ltr'>ἅμα</span> <span class='ocrx_word' id='word_1_272' title='bbox 1713 2583 1850 2636; x_wconf 80' lang='grc' dir='ltr'>χρη·-</span> 
     </span>
    </p>
   </div>
   <div class='ocr_carea' id='block_1_41' title="bbox 265 2652 1851 2731">
    <p class='ocr_par' dir='ltr' id='par_1_41' title="bbox 265 2652 1851 2731">
     <span class='ocr_line' id='line_1_41' title="bbox 265 2652 1851 2731; baseline 0.004 -24"><span class='ocrx_word' id='word_1_273' title='bbox 265 2654 460 2720; x_wconf 80' lang='grc' dir='ltr'>μάτων</span> <span class='ocrx_word' id='word_1_274' title='bbox 491 2655 659 2727; x_wconf 82' lang='grc' dir='ltr'>πόρος</span> <span class='ocrx_word' id='word_1_275' title='bbox 691 2652 760 2726; x_wconf 77' lang='grc' dir='ltr'>ἦν</span> <span class='ocrx_word' id='word_1_276' title='bbox 775 2657 947 2723; x_wconf 66' lang='grc' dir='ltr'>οὐδεὶς</span> <span class='ocrx_word' id='word_1_277' title='bbox 978 2659 1292 2729; x_wconf 78' lang='grc' dir='ltr'>οὐδαμόθεν,</span> <span class='ocrx_word' id='word_1_278' title='bbox 1318 2658 1441 2713; x_wconf 80' lang='grc' dir='ltr'>οὔτε</span> <span class='ocrx_word' id='word_1_279' title='bbox 1476 2662 1587 2722; x_wconf 78' lang='grc' dir='ltr'>τοῖς</span> <span class='ocrx_word' id='word_1_280' title='bbox 1624 2661 1851 2731; x_wconf 79' lang='grc' dir='ltr'>πένησιν</span> 
     </span>
    </p>
   </div>
   <div class='ocr_carea' id='block_1_42' title="bbox 264 2742 1848 2821">
    <p class='ocr_par' dir='ltr' id='par_1_42' title="bbox 264 2742 1848 2821">
     <span class='ocr_line' id='line_1_42' title="bbox 264 2742 1848 2821; baseline 0.004 -26"><span class='ocrx_word' id='word_1_281' title='bbox 264 2742 531 2821; x_wconf 75' lang='grc' dir='ltr'>ἰννοῆσαι</span> <span class='ocrx_word' id='word_1_282' title='bbox 573 2745 641 2798; x_wconf 84' lang='grc' dir='ltr'><strong>δι’</strong></span> <span class='ocrx_word' id='word_1_283' title='bbox 666 2745 928 2814; x_wconf 73' lang='grc' dir='ltr'>ἐργασίας</span> <span class='ocrx_word' id='word_1_284' title='bbox 954 2746 1327 2818; x_wconf 63' lang='grc' dir='ltr'>ἣήστινοσοῦν,</span> <span class='ocrx_word' id='word_1_285' title='bbox 1356 2744 1478 2800; x_wconf 76' lang='grc' dir='ltr'>οὔτε</span> <span class='ocrx_word' id='word_1_286' title='bbox 1510 2749 1622 2809; x_wconf 79' lang='grc' dir='ltr'>τοῖς</span> <span class='ocrx_word' id='word_1_287' title='bbox 1649 2747 1848 2818; x_wconf 76' lang='grc' dir='ltr'>ἄρχου-</span> 
     </span>
    </p>
   </div>
   <div class='ocr_carea' id='block_1_43' title="bbox 260 2835 1841 2908">
    <p class='ocr_par' dir='ltr' id='par_1_43' title="bbox 260 2835 1841 2908">
     <span class='ocr_line' id='line_1_43' title="bbox 260 2835 1841 2908; baseline 0 -21"><span class='ocrx_word' id='word_1_288' title='bbox 260 2850 367 2898; x_wconf 86' lang='grc' dir='ltr'>σιν,</span> <span class='ocrx_word' id='word_1_289' title='bbox 400 2836 527 2890; x_wconf 78' lang='grc' dir='ltr'>ὅθεν</span> <span class='ocrx_word' id='word_1_290' title='bbox 554 2835 744 2906; x_wconf 72' lang='grc' dir='ltr'>ἔρανόν</span> <span class='ocrx_word' id='word_1_291' title='bbox 768 2854 891 2891; x_wconf 88' lang='grc' dir='ltr'>τινα</span> <span class='ocrx_word' id='word_1_292' title='bbox 934 2836 1408 2906; x_wconf 79' lang='grc' dir='ltr'>δασμολογοῦντες</span> <span class='ocrx_word' id='word_1_293' title='bbox 1467 2836 1841 2908; x_wconf 68' lang='grc' dir='ltr'>άργυρολογήυ</span> 
     </span>
    </p>
   </div>
   <div class='ocr_carea' id='block_1_44' title="bbox 260 2923 1849 2999">
    <p class='ocr_par' dir='ltr' id='par_1_44' title="bbox 260 2923 1849 2999">
     <span class='ocr_line' id='line_1_44' title="bbox 260 2923 1849 2999; baseline 0.002 -20"><span class='ocrx_word' id='word_1_294' title='bbox 260 2944 443 2981; x_wconf 69' lang='lat' dir='ltr'><strong>eoum.</strong></span> <span class='ocrx_word' id='word_1_295' title='bbox 484 2929 595 2982; x_wconf 73' lang='grc' dir='ltr'><strong>Καὶ</strong></span> <span class='ocrx_word' id='word_1_296' title='bbox 621 2923 691 2998; x_wconf 80' lang='grc' dir='ltr'>ἦν</span> <span class='ocrx_word' id='word_1_297' title='bbox 714 2929 842 2983; x_wconf 78' lang='grc' dir='ltr'><strong>ίδείν</strong></span> <span class='ocrx_word' id='word_1_298' title='bbox 868 2926 1204 2999; x_wconf 83' lang='grc' dir='ltr'>κενουμένας</span> <span class='ocrx_word' id='word_1_299' title='bbox 1226 2930 1329 2994; x_wconf 75' lang='grc' dir='ltr'><strong>τὰς</strong></span> <span class='ocrx_word' id='word_1_300' title='bbox 1354 2928 1565 2995; x_wconf 77' lang='grc' dir='ltr'>πόλεις,</span> <span class='ocrx_word' id='word_1_301' title='bbox 1596 2928 1691 2982; x_wconf 74' lang='grc' dir='ltr'><strong>καὶ</strong></span> <span class='ocrx_word' id='word_1_302' title='bbox 1721 2928 1849 2992; x_wconf 81' lang='grc' dir='ltr'>τοὺς</span> 
     </span>
    </p>
   </div>
   <div class='ocr_carea' id='block_1_45' title="bbox 262 3018 1845 3092">
    <p class='ocr_par' dir='ltr' id='par_1_45' title="bbox 262 3018 1845 3092">
     <span class='ocr_line' id='line_1_45' title="bbox 262 3018 1845 3092; baseline 0.001 -18"><span class='ocrx_word' id='word_1_303' title='bbox 262 3020 368 3090; x_wconf 70' lang='grc' dir='ltr'><strong>μὲν</strong></span> <span class='ocrx_word' id='word_1_304' title='bbox 402 3021 462 3083; x_wconf 66' lang='grc' dir='ltr'>ις</span> <span class='ocrx_word' id='word_1_305' title='bbox 489 3021 798 3092; x_wconf 78' lang='grc' dir='ltr'>ἀλλοδαπὴν</span> <span class='ocrx_word' id='word_1_306' title='bbox 827 3018 1239 3092; x_wconf 82' lang='grc' dir='ltr'>μετοικοῦντας,</span> <span class='ocrx_word' id='word_1_307' title='bbox 1278 3022 1413 3086; x_wconf 72' lang='grc' dir='ltr'>τοὺς</span> <span class='ocrx_word' id='word_1_308' title='bbox 1429 3020 1477 3075; x_wconf 81' lang='grc' dir='ltr'>δ’</span> <span class='ocrx_word' id='word_1_309' title='bbox 1504 3021 1565 3074; x_wconf 79' lang='grc' dir='ltr'>ὲν</span> <span class='ocrx_word' id='word_1_310' title='bbox 1586 3019 1845 3089; x_wconf 79' lang='grc' dir='ltr'>ἀπογνώ-</span> 
     </span>
    </p>
   </div>
   <div class='ocr_carea' id='block_1_46' title="bbox 261 3111 658 3182">
    <p class='ocr_par' dir='ltr' id='par_1_46' title="bbox 261 3111 658 3182">
     <span class='ocr_line' id='line_1_46' title="bbox 261 3111 658 3182; baseline 0.008 -17"><span class='ocrx_word' id='word_1_311' title='bbox 261 3128 348 3166; x_wconf 77' lang='grc' dir='ltr'><strong>σει</strong></span> <span class='ocrx_word' id='word_1_312' title='bbox 373 3111 658 3182; x_wconf 83' lang='grc' dir='ltr'>μένοντας.</span> 
     </span>
    </p>
   </div>
   <div class='ocr_carea' id='block_1_47' title="bbox 333 3268 1848 3341">
    <p class='ocr_par' dir='ltr' id='par_1_47' title="bbox 333 3268 1848 3341">
     <span class='ocr_line' id='line_1_47' title="bbox 333 3268 1848 3341; baseline 0.002 -20"><span class='ocrx_word' id='word_1_313' title='bbox 333 3268 417 3321; x_wconf 81' lang='lat' dir='ltr'><strong>E’.</strong></span> <span class='ocrx_word' id='word_1_314' title='bbox 469 3270 579 3322; x_wconf 77' lang='grc' dir='ltr'><strong>Καὶ</strong></span> <span class='ocrx_word' id='word_1_315' title='bbox 635 3269 1061 3341; x_wconf 84' lang='grc' dir='ltr'>Λακεδαιμόνιοι</span> <span class='ocrx_word' id='word_1_316' title='bbox 1115 3272 1214 3341; x_wconf 80' lang='grc' dir='ltr'>μὲν</span> <span class='ocrx_word' id='word_1_317' title='bbox 1269 3270 1437 3325; x_wconf 86' lang='grc' dir='ltr'>πάλαι</span> <span class='ocrx_word' id='word_1_318' title='bbox 1485 3271 1848 3340; x_wconf 76' lang='grc' dir='ltr'>χρυσοφορεῖν</span> 
     </span>
    </p>
   </div>
   <div class='ocr_carea' id='block_1_48' title="bbox 255 3346 1846 3431">
    <p class='ocr_par' dir='ltr' id='par_1_48' title="bbox 255 3346 1846 3431">
     <span class='ocr_line' id='line_1_48' title="bbox 255 3346 1846 3431; baseline 0.003 -21"><span class='ocrx_word' id='word_1_319' title='bbox 255 3346 358 3423; x_wconf 73' lang='grc' dir='ltr'><strong>τάς</strong></span> <span class='ocrx_word' id='word_1_320' title='bbox 392 3360 659 3427; x_wconf 75' lang='grc' dir='ltr'>γυναῖκας</span> <span class='ocrx_word' id='word_1_321' title='bbox 687 3360 953 3423; x_wconf 77' lang='grc' dir='ltr'>ἔπαυσαν.</span> <span class='ocrx_word' id='word_1_322' title='bbox 989 3362 1086 3415; x_wconf 77' lang='grc' dir='ltr'>καὶ</span> <span class='ocrx_word' id='word_1_323' title='bbox 1140 3362 1257 3430; x_wconf 79' lang='grc' dir='ltr'>ἅμα</span> <span class='ocrx_word' id='word_1_324' title='bbox 1303 3363 1354 3415; x_wconf 85' lang='grc' dir='ltr'>οἱ</span> <span class='ocrx_word' id='word_1_325' title='bbox 1413 3363 1475 3416; x_wconf 75' lang='grc' dir='ltr'><strong>τὸ</strong></span> <span class='ocrx_word' id='word_1_326' title='bbox 1531 3362 1629 3431; x_wconf 84' lang='grc' dir='ltr'>τῆς</span> <span class='ocrx_word' id='word_1_327' title='bbox 1677 3362 1846 3416; x_wconf 83' lang='grc' dir='ltr'>πάλαι</span> 
     </span>
    </p>
   </div>
   <div class='ocr_carea' id='block_1_49' title="bbox 271 3451 1850 3525">
    <p class='ocr_par' dir='ltr' id='par_1_49' title="bbox 271 3451 1850 3525">
     <span class='ocr_line' id='line_1_49' title="bbox 271 3451 1850 3525; baseline 0.001 -20"><span class='ocrx_word' id='word_1_328' title='bbox 271 3451 503 3522; x_wconf 83' lang='grc' dir='ltr'>Ῥώμης</span> <span class='ocrx_word' id='word_1_329' title='bbox 536 3453 865 3518; x_wconf 79' lang='grc' dir='ltr'>διοικοῦντες</span> <span class='ocrx_word' id='word_1_330' title='bbox 896 3454 1139 3525; x_wconf 79' lang='grc' dir='ltr'>ἀξίωμα,</span> <span class='ocrx_word' id='word_1_331' title='bbox 1165 3455 1487 3525; x_wconf 72' lang='grc' dir='ltr'>ψηφίσμασί</span> <span class='ocrx_word' id='word_1_332' title='bbox 1518 3471 1579 3507; x_wconf 70' lang='grc' dir='ltr'><strong>τε</strong></span> <span class='ocrx_word' id='word_1_333' title='bbox 1604 3455 1697 3507; x_wconf 79' lang='grc' dir='ltr'>καὶ</span> <span class='ocrx_word' id='word_1_334' title='bbox 1726 3453 1850 3521; x_wconf 85' lang='grc' dir='ltr'>δόγ-</span> 
     </span>
    </p>
   </div>
   <div class='ocr_carea' id='block_1_50' title="bbox 263 3545 1848 3619">
    <p class='ocr_par' dir='ltr' id='par_1_50' title="bbox 263 3545 1848 3619">
     <span class='ocr_line' id='line_1_50' title="bbox 263 3545 1848 3619; baseline 0.001 -20"><span class='ocrx_word' id='word_1_335' title='bbox 263 3562 402 3616; x_wconf 81' lang='grc' dir='ltr'>μασι</span> <span class='ocrx_word' id='word_1_336' title='bbox 428 3546 714 3616; x_wconf 84' lang='grc' dir='ltr'>δημοσίοις</span> <span class='ocrx_word' id='word_1_337' title='bbox 746 3548 843 3602; x_wconf 82' lang='grc' dir='ltr'>καὶ</span> <span class='ocrx_word' id='word_1_338' title='bbox 864 3548 1186 3612; x_wconf 86' lang='grc' dir='ltr'>ἀσαλεύτοις</span> <span class='ocrx_word' id='word_1_339' title='bbox 1213 3550 1491 3619; x_wconf 79' lang='grc' dir='ltr'>ἑκάτεροι·</span> <span class='ocrx_word' id='word_1_340' title='bbox 1535 3549 1588 3601; x_wconf 75' lang='grc' dir='ltr'>οἱ</span> <span class='ocrx_word' id='word_1_341' title='bbox 1623 3545 1724 3616; x_wconf 81' lang='grc' dir='ltr'>μὲν</span> <span class='ocrx_word' id='word_1_342' title='bbox 1757 3545 1848 3600; x_wconf 78' lang='grc' dir='ltr'>διὰ</span> 
     </span>
    </p>
   </div>
   <div class='ocr_carea' id='block_1_51' title="bbox 256 3637 1846 3712">
    <p class='ocr_par' dir='ltr' id='par_1_51' title="bbox 256 3637 1846 3712">
     <span class='ocr_line' id='line_1_51' title="bbox 256 3637 1846 3712; baseline -0.001 -20"><span class='ocrx_word' id='word_1_343' title='bbox 256 3637 401 3692; x_wconf 72' lang='grc' dir='ltr'>τὸὲν</span> <span class='ocrx_word' id='word_1_344' title='bbox 451 3638 754 3710; x_wconf 80' lang='grc' dir='ltr'>Λεύκτροις</span> <span class='ocrx_word' id='word_1_345' title='bbox 774 3639 882 3694; x_wconf 73' lang='grc' dir='ltr'><strong>ὑπὸ</strong></span> <span class='ocrx_word' id='word_1_346' title='bbox 918 3641 1175 3712; x_wconf 74' lang='grc' dir='ltr'>Θηϐαίων</span> <span class='ocrx_word' id='word_1_347' title='bbox 1207 3643 1359 3710; x_wconf 88' lang='grc' dir='ltr'>σφίσι</span> <span class='ocrx_word' id='word_1_348' title='bbox 1408 3641 1699 3709; x_wconf 86' lang='grc' dir='ltr'>γενόμενον</span> <span class='ocrx_word' id='word_1_349' title='bbox 1739 3638 1846 3691; x_wconf 83' lang='grc' dir='ltr'>πά-</span> 
     </span>
    </p>
   </div>
   <div class='ocr_carea' id='block_1_52' title="bbox 258 3729 1845 3804">
    <p class='ocr_par' dir='ltr' id='par_1_52' title="bbox 258 3729 1845 3804">
     <span class='ocr_line' id='line_1_52' title="bbox 258 3729 1845 3804; baseline -0.003 -19"><span class='ocrx_word' id='word_1_350' title='bbox 258 3731 373 3796; x_wconf 87' lang='grc' dir='ltr'>θος,</span> <span class='ocrx_word' id='word_1_351' title='bbox 403 3731 567 3785; x_wconf 79' lang='grc' dir='ltr'>ὁπότε</span> <span class='ocrx_word' id='word_1_352' title='bbox 604 3731 669 3803; x_wconf 82' lang='grc' dir='ltr'>δὴ</span> <span class='ocrx_word' id='word_1_353' title='bbox 706 3731 908 3804; x_wconf 87' lang='grc' dir='ltr'>μικροῦ</span> <span class='ocrx_word' id='word_1_354' title='bbox 943 3733 1039 3802; x_wconf 83' lang='grc' dir='ltr'>τὴν</span> <span class='ocrx_word' id='word_1_355' title='bbox 1071 3734 1255 3787; x_wconf 79' lang='grc' dir='ltr'>πᾶσαν</span> <span class='ocrx_word' id='word_1_356' title='bbox 1281 3733 1499 3803; x_wconf 74' lang='grc' dir='ltr'>ἔκειρεν</span> <span class='ocrx_word' id='word_1_357' title='bbox 1550 3729 1845 3798; x_wconf 76' lang='grc' dir='ltr'>ὁπλιτικὴν</span> 
     </span>
    </p>
   </div>
   <div class='ocr_carea' id='block_1_53' title="bbox 255 3820 1845 3895">
    <p class='ocr_par' dir='ltr' id='par_1_53' title="bbox 255 3820 1845 3895">
     <span class='ocr_line' id='line_1_53' title="bbox 255 3820 1845 3895; baseline -0.003 -18"><span class='ocrx_word' id='word_1_358' title='bbox 255 3820 447 3893; x_wconf 80' lang='grc' dir='ltr'>ἀκμὴν</span> <span class='ocrx_word' id='word_1_359' title='bbox 474 3821 576 3892; x_wconf 84' lang='grc' dir='ltr'>τῆς</span> <span class='ocrx_word' id='word_1_360' title='bbox 598 3821 856 3895; x_wconf 84' lang='grc' dir='ltr'>Σπάρτης</span> <span class='ocrx_word' id='word_1_361' title='bbox 908 3822 1349 3892; x_wconf 82' lang='grc' dir='ltr'>Ἐπαμεινώνδας</span> <span class='ocrx_word' id='word_1_362' title='bbox 1380 3823 1607 3885; x_wconf 79' lang='grc' dir='ltr'>ἐκεῖνος,</span> <span class='ocrx_word' id='word_1_363' title='bbox 1673 3821 1845 3873; x_wconf 75' lang='grc' dir='ltr'>Βοιωο</span> 
     </span>
    </p>
   </div>
   <div class='ocr_carea' id='block_1_54' title="bbox 254 3910 1846 3985">
    <p class='ocr_par' dir='ltr' id='par_1_54' title="bbox 254 3910 1846 3985">
     <span class='ocr_line' id='line_1_54' title="bbox 254 3910 1846 3985; baseline -0.004 -16"><span class='ocrx_word' id='word_1_364' title='bbox 254 3913 477 3985; x_wconf 80' lang='grc' dir='ltr'>ταρχῶν</span> <span class='ocrx_word' id='word_1_365' title='bbox 500 3914 825 3985; x_wconf 84' lang='grc' dir='ltr'>τηνικαῦτα·</span> <span class='ocrx_word' id='word_1_366' title='bbox 860 3914 910 3967; x_wconf 86' lang='grc' dir='ltr'><strong>οί</strong></span> <span class='ocrx_word' id='word_1_367' title='bbox 935 3913 993 3967; x_wconf 73' lang='grc' dir='ltr'>δὲ</span> <span class='ocrx_word' id='word_1_368' title='bbox 1023 3913 1091 3967; x_wconf 84' lang='grc' dir='ltr'><strong>δι’</strong></span> <span class='ocrx_word' id='word_1_369' title='bbox 1130 3913 1380 3968; x_wconf 77' lang='grc' dir='ltr'>Ἀννίϐαν</span> <span class='ocrx_word' id='word_1_370' title='bbox 1419 3916 1512 3966; x_wconf 81' lang='grc' dir='ltr'>τὸν</span> <span class='ocrx_word' id='word_1_371' title='bbox 1561 3910 1846 3981; x_wconf 76' lang='grc' dir='ltr'>Καρχηδό-</span> 
     </span>
    </p>
   </div>
   <div class='ocr_carea' id='block_1_55' title="bbox 256 4001 1844 4075">
    <p class='ocr_par' dir='ltr' id='par_1_55' title="bbox 256 4001 1844 4075">
     <span class='ocr_line' id='line_1_55' title="bbox 256 4001 1844 4075; baseline -0.003 -17"><span class='ocrx_word' id='word_1_372' title='bbox 256 4022 372 4058; x_wconf 91' lang='grc' dir='ltr'>νιον</span> <span class='ocrx_word' id='word_1_373' title='bbox 409 4004 574 4059; x_wconf 78' lang='grc' dir='ltr'>ὁπότε</span> <span class='ocrx_word' id='word_1_374' title='bbox 610 4003 738 4075; x_wconf 89' lang='grc' dir='ltr'>περί</span> <span class='ocrx_word' id='word_1_375' title='bbox 774 4021 835 4058; x_wconf 81' lang='grc' dir='ltr'><strong>τε</strong></span> <span class='ocrx_word' id='word_1_376' title='bbox 866 4003 1139 4059; x_wconf 81' lang='grc' dir='ltr'>Κανύσιον</span> <span class='ocrx_word' id='word_1_377' title='bbox 1193 4004 1375 4057; x_wconf 79' lang='grc' dir='ltr'>πεδίον</span> <span class='ocrx_word' id='word_1_378' title='bbox 1427 4004 1521 4056; x_wconf 70' lang='grc' dir='ltr'>καὶ</span> <span class='ocrx_word' id='word_1_379' title='bbox 1575 4001 1844 4069; x_wconf 84' lang='grc' dir='ltr'>Ἀφείδιον</span> 
     </span>
    </p>
   </div>
   <div class='ocr_carea' id='block_1_56' title="bbox 254 4093 1837 4168">
    <p class='ocr_par' dir='ltr' id='par_1_56' title="bbox 254 4093 1837 4168">
     <span class='ocr_line' id='line_1_56' title="bbox 254 4093 1837 4168; baseline -0.003 -17"><span class='ocrx_word' id='word_1_380' title='bbox 254 4098 512 4168; x_wconf 77' lang='grc' dir='ltr'>ποταμὸν</span> <span class='ocrx_word' id='word_1_381' title='bbox 531 4099 644 4161; x_wconf 84' lang='grc' dir='ltr'>τοῖς</span> <span class='ocrx_word' id='word_1_382' title='bbox 667 4096 812 4151; x_wconf 77' lang='grc' dir='ltr'>κατὰ</span> <span class='ocrx_word' id='word_1_383' title='bbox 854 4097 1143 4166; x_wconf 85' lang='grc' dir='ltr'>Ῥωμαίων</span> <span class='ocrx_word' id='word_1_384' title='bbox 1173 4097 1405 4165; x_wconf 81' lang='grc' dir='ltr'>μακροῖς</span> <span class='ocrx_word' id='word_1_385' title='bbox 1442 4093 1679 4157; x_wconf 72' lang='grc' dir='ltr'>ἐκείνοις</span> <span class='ocrx_word' id='word_1_386' title='bbox 1709 4110 1837 4160; x_wconf 90' lang='grc' dir='ltr'>τρο-</span> 
     </span>
    </p>
   </div>
   <div class='ocr_carea' id='block_1_57' title="bbox 257 4185 1843 4253">
    <p class='ocr_par' dir='ltr' id='par_1_57' title="bbox 257 4185 1843 4253">
     <span class='ocr_line' id='line_1_57' title="bbox 257 4185 1843 4253; baseline -0.003 -11"><span class='ocrx_word' id='word_1_387' title='bbox 257 4191 449 4252; x_wconf 83' lang='grc' dir='ltr'>παίοις</span> <span class='ocrx_word' id='word_1_388' title='bbox 524 4190 835 4243; x_wconf 82' lang='grc' dir='ltr'>τελευταῖον</span> <span class='ocrx_word' id='word_1_389' title='bbox 888 4187 1035 4242; x_wconf 86' lang='grc' dir='ltr'>τοῦτ’</span> <span class='ocrx_word' id='word_1_390' title='bbox 1086 4188 1298 4250; x_wconf 68' lang='grc' dir='ltr'>ἐπιθεὶς</span> <span class='ocrx_word' id='word_1_391' title='bbox 1360 4188 1456 4240; x_wconf 76' lang='grc' dir='ltr'>καὶ</span> <span class='ocrx_word' id='word_1_392' title='bbox 1517 4185 1843 4253; x_wconf 74' lang='grc' dir='ltr'>συγκλείσας</span> 
     </span>
    </p>
   </div>
   <div class='ocr_carea' id='block_1_58' title="bbox 258 4275 1842 4351">
    <p class='ocr_par' dir='ltr' id='par_1_58' title="bbox 258 4275 1842 4351">
     <span class='ocr_line' id='line_1_58' title="bbox 258 4275 1842 4351; baseline -0.003 -18"><span class='ocrx_word' id='word_1_393' title='bbox 258 4283 362 4349; x_wconf 70' lang='grc' dir='ltr'>τὴν</span> <span class='ocrx_word' id='word_1_394' title='bbox 416 4278 791 4351; x_wconf 83' lang='grc' dir='ltr'>μυριάριθμον</span> <span class='ocrx_word' id='word_1_395' title='bbox 836 4279 1052 4348; x_wconf 69' lang='grc' dir='ltr'>ὲκείνην</span> <span class='ocrx_word' id='word_1_396' title='bbox 1098 4277 1385 4349; x_wconf 86' lang='grc' dir='ltr'>Ῥωμαίων</span> <span class='ocrx_word' id='word_1_397' title='bbox 1429 4275 1842 4346; x_wconf 82' lang='grc' dir='ltr'>κατηγωνίσατο</span> 
     </span>
    </p>
   </div>
   <div class='ocr_carea' id='block_1_59' title="bbox 257 4366 1843 4440">
    <p class='ocr_par' dir='ltr' id='par_1_59' title="bbox 257 4366 1843 4440">
     <span class='ocr_line' id='line_1_59' title="bbox 257 4366 1843 4440; baseline -0.003 -15"><span class='ocrx_word' id='word_1_398' title='bbox 257 4372 543 4440; x_wconf 85' lang='grc' dir='ltr'>στρατιάν·</span> <span class='ocrx_word' id='word_1_399' title='bbox 568 4371 645 4435; x_wconf 86' lang='grc' dir='ltr'>ὡς</span> <span class='ocrx_word' id='word_1_400' title='bbox 681 4374 796 4435; x_wconf 76' lang='grc' dir='ltr'>τοῖς</span> <span class='ocrx_word' id='word_1_401' title='bbox 824 4370 1104 4433; x_wconf 75' lang='grc' dir='ltr'>πλουσίοις</span> <span class='ocrx_word' id='word_1_402' title='bbox 1136 4369 1369 4431; x_wconf 82' lang='grc' dir='ltr'>ἐκείνοις</span> <span class='ocrx_word' id='word_1_403' title='bbox 1428 4369 1629 4436; x_wconf 75' lang='grc' dir='ltr'>αἵμασι</span> <span class='ocrx_word' id='word_1_404' title='bbox 1665 4366 1843 4435; x_wconf 80' lang='grc' dir='ltr'>βαφῆ-</span> 
     </span>
    </p>
   </div>
   <div class='ocr_carea' id='block_1_60' title="bbox 255 4458 1841 4533">
    <p class='ocr_par' dir='ltr' id='par_1_60' title="bbox 255 4458 1841 4533">
     <span class='ocr_line' id='line_1_60' title="bbox 255 4458 1841 4533; baseline -0.003 -18"><span class='ocrx_word' id='word_1_405' title='bbox 255 4463 344 4517; x_wconf 79' lang='grc' dir='ltr'>ναι</span> <span class='ocrx_word' id='word_1_406' title='bbox 374 4479 435 4515; x_wconf 79' lang='grc' dir='ltr'><strong>τε</strong></span> <span class='ocrx_word' id='word_1_407' title='bbox 466 4461 714 4533; x_wconf 85' lang='grc' dir='ltr'>ποταμοῦ</span> <span class='ocrx_word' id='word_1_408' title='bbox 749 4462 809 4515; x_wconf 85' lang='grc' dir='ltr'>τὸ</span> <span class='ocrx_word' id='word_1_409' title='bbox 844 4462 1046 4532; x_wconf 75' lang='grc' dir='ltr'>ῥόθιον,</span> <span class='ocrx_word' id='word_1_410' title='bbox 1081 4461 1176 4514; x_wconf 76' lang='grc' dir='ltr'>καὶ</span> <span class='ocrx_word' id='word_1_411' title='bbox 1198 4459 1327 4514; x_wconf 80' lang='grc' dir='ltr'>ἄνευ</span> <span class='ocrx_word' id='word_1_412' title='bbox 1361 4458 1572 4524; x_wconf 77' lang='grc' dir='ltr'>ὓδατος,</span> <span class='ocrx_word' id='word_1_413' title='bbox 1592 4458 1841 4529; x_wconf 77' lang='grc' dir='ltr'>αἱμάτων</span> 
     </span>
    </p>
   </div>
   <div class='ocr_carea' id='block_1_61' title="bbox 253 4550 1373 4626">
    <p class='ocr_par' dir='ltr' id='par_1_61' title="bbox 253 4550 1373 4626">
     <span class='ocr_line' id='line_1_61' title="bbox 253 4550 1373 4626; baseline -0.001 -18"><span class='ocrx_word' id='word_1_414' title='bbox 253 4555 404 4626; x_wconf 70' lang='grc' dir='ltr'>ἔχειν</span> <span class='ocrx_word' id='word_1_415' title='bbox 428 4554 637 4607; x_wconf 78' lang='grc' dir='ltr'>ἄνωθεν</span> <span class='ocrx_word' id='word_1_416' title='bbox 662 4550 803 4608; x_wconf 70' lang='grc' dir='ltr'>εἶναι</span> <span class='ocrx_word' id='word_1_417' title='bbox 833 4553 1016 4607; x_wconf 79' lang='grc' dir='ltr'>δοκεῖν</span> <span class='ocrx_word' id='word_1_418' title='bbox 1052 4553 1149 4614; x_wconf 70' lang='grc' dir='ltr'><strong>τὰς</strong></span> <span class='ocrx_word' id='word_1_419' title='bbox 1165 4551 1373 4623; x_wconf 87' lang='grc' dir='ltr'>πηγάς.</span> 
     </span>
    </p>
   </div>
   <div class='ocr_carea' id='block_1_62' title="bbox 323 4641 1833 4717">
    <p class='ocr_par' dir='ltr' id='par_1_62' title="bbox 323 4641 1833 4717">
     <span class='ocr_line' id='line_1_62' title="bbox 323 4641 1833 4717; baseline -0.006 -15"><span class='ocrx_word' id='word_1_420' title='bbox 323 4652 419 4717; x_wconf 67' lang='grc' dir='ltr'><strong>ς’.</strong></span> <span class='ocrx_word' id='word_1_421' title='bbox 450 4647 567 4701; x_wconf 77' lang='grc' dir='ltr'>Νῦν</span> <span class='ocrx_word' id='word_1_422' title='bbox 590 4646 636 4699; x_wconf 86' lang='grc' dir='ltr'>δ’</span> <span class='ocrx_word' id='word_1_423' title='bbox 667 4647 857 4717; x_wconf 85' lang='grc' dir='ltr'>ὥσπερ</span> <span class='ocrx_word' id='word_1_424' title='bbox 881 4646 939 4712; x_wconf 75' lang='grc' dir='ltr'><strong>ἐξ</strong></span> <span class='ocrx_word' id='word_1_425' title='bbox 964 4646 1083 4709; x_wconf 80' lang='grc' dir='ltr'>ἑνός</span> <span class='ocrx_word' id='word_1_426' title='bbox 1108 4661 1250 4707; x_wconf 85' lang='grc' dir='ltr'>τινος</span> <span class='ocrx_word' id='word_1_427' title='bbox 1280 4643 1588 4712; x_wconf 79' lang='grc' dir='ltr'>αὐτομάτου</span> <span class='ocrx_word' id='word_1_428' title='bbox 1621 4641 1833 4711; x_wconf 82' lang='grc' dir='ltr'>κηρύγ-</span> 
     </span>
    </p>
   </div>
   <div class='ocr_carea' id='block_1_63' title="bbox 257 4730 1833 4810">
    <p class='ocr_par' dir='ltr' id='par_1_63' title="bbox 257 4730 1833 4810">
     <span class='ocr_line' id='line_1_63' title="bbox 257 4730 1833 4810; baseline -0.007 -19"><span class='ocrx_word' id='word_1_429' title='bbox 257 4756 468 4808; x_wconf 77' lang='grc' dir='ltr'>ματος,</span> <span class='ocrx_word' id='word_1_430' title='bbox 529 4738 920 4810; x_wconf 78' lang='grc' dir='ltr'>διαδραμόντος</span> <span class='ocrx_word' id='word_1_431' title='bbox 987 4736 1205 4798; x_wconf 79' lang='grc' dir='ltr'>ἁπάσας</span> <span class='ocrx_word' id='word_1_432' title='bbox 1260 4733 1445 4795; x_wconf 78' lang='grc' dir='ltr'>πόλεις</span> <span class='ocrx_word' id='word_1_433' title='bbox 1511 4730 1833 4801; x_wconf 78' lang='grc' dir='ltr'>Ῥωμαίων,</span> 
     </span>
    </p>
   </div>
   <div class='ocr_carea' id='block_1_64' title="bbox 255 4823 1907 4900">
    <p class='ocr_par' dir='ltr' id='par_1_64' title="bbox 255 4823 1907 4900">
     <span class='ocr_line' id='line_1_64' title="bbox 255 4823 1907 4900; baseline -0.005 -17"><span class='ocrx_word' id='word_1_434' title='bbox 255 4835 395 4900; x_wconf 76' lang='grc' dir='ltr'>μήτε</span> <span class='ocrx_word' id='word_1_435' title='bbox 430 4830 643 4900; x_wconf 71' lang='grc' dir='ltr'>μηδέ-ια</span> <span class='ocrx_word' id='word_1_436' title='bbox 678 4828 886 4898; x_wconf 78' lang='grc' dir='ltr'>ἀνδρῶν</span> <span class='ocrx_word' id='word_1_437' title='bbox 918 4829 1055 4898; x_wconf 77' lang='grc' dir='ltr'>μήτε</span> <span class='ocrx_word' id='word_1_438' title='bbox 1083 4826 1361 4895; x_wconf 88' lang='grc' dir='ltr'>γυναικῶν</span> <span class='ocrx_word' id='word_1_439' title='bbox 1388 4825 1664 4895; x_wconf 79' lang='grc' dir='ltr'>μηδεμίαν</span> <span class='ocrx_word' id='word_1_440' title='bbox 1684 4823 1830 4892; x_wconf 73' lang='grc' dir='ltr'>λαμ·</span> <span class='ocrx_word' id='word_1_441' title='bbox 1880 4858 1907 4883; x_wconf 71' lang='grc' dir='ltr'><strong><em>ο</em></strong></span> 
     </span>
    </p>
   </div>
   <div class='ocr_carea' id='block_1_65' title="bbox 254 4915 1835 4991">
    <p class='ocr_par' dir='ltr' id='par_1_65' title="bbox 254 4915 1835 4991">
     <span class='ocr_line' id='line_1_65' title="bbox 254 4915 1835 4991; baseline -0.004 -17"><span class='ocrx_word' id='word_1_442' title='bbox 254 4921 578 4991; x_wconf 62' lang='grc' dir='ltr'>προφορεῦθ,</span> <span class='ocrx_word' id='word_1_443' title='bbox 640 4919 758 4972; x_wconf 74' lang='grc' dir='ltr'>ἀλλ’</span> <span class='ocrx_word' id='word_1_444' title='bbox 778 4919 944 4989; x_wconf 77' lang='grc' dir='ltr'>ὁμόσε</span> <span class='ocrx_word' id='word_1_445' title='bbox 1013 4918 1222 4981; x_wconf 79' lang='grc' dir='ltr'>πάντας</span> <span class='ocrx_word' id='word_1_446' title='bbox 1274 4917 1490 4971; x_wconf 78' lang='grc' dir='ltr'>ἑλέσθαι</span> <span class='ocrx_word' id='word_1_447' title='bbox 1537 4915 1835 4985; x_wconf 74' lang='grc' dir='ltr'>μελαίναις</span> 
     </span>
    </p>
   </div>
   <div class='ocr_carea' id='block_1_66' title="bbox 254 5005 1839 5077">
    <p class='ocr_par' dir='ltr' id='par_1_66' title="bbox 254 5005 1839 5077">
     <span class='ocr_line' id='line_1_66' title="bbox 254 5005 1839 5077; baseline -0.003 -16"><span class='ocrx_word' id='word_1_448' title='bbox 254 5009 449 5077; x_wconf 71' lang='grc' dir='ltr'>ἐσθῆσι</span> <span class='ocrx_word' id='word_1_449' title='bbox 472 5007 878 5072; x_wconf 78' lang='grc' dir='ltr'>ξυνεπεπτώκει</span> <span class='ocrx_word' id='word_1_450' title='bbox 903 5007 1228 5077; x_wconf 78' lang='grc' dir='ltr'>κεχρῆσθαι,</span> <span class='ocrx_word' id='word_1_451' title='bbox 1243 5005 1338 5070; x_wconf 82' lang='grc' dir='ltr'>οὓς</span> <span class='ocrx_word' id='word_1_452' title='bbox 1367 5008 1465 5076; x_wconf 85' lang='grc' dir='ltr'>μὲν</span> <span class='ocrx_word' id='word_1_453' title='bbox 1483 5006 1658 5075; x_wconf 84' lang='grc' dir='ltr'>λύπης</span> <span class='ocrx_word' id='word_1_454' title='bbox 1675 5005 1839 5059; x_wconf 71' lang='grc' dir='ltr'>ἕνεκα</span> 
     </span>
    </p>
   </div>
   <div class='ocr_carea' id='block_1_67' title="bbox 254 5097 1840 5170">
    <p class='ocr_par' dir='ltr' id='par_1_67' title="bbox 254 5097 1840 5170">
     <span class='ocr_line' id='line_1_67' title="bbox 254 5097 1840 5170; baseline -0.002 -18"><span class='ocrx_word' id='word_1_455' title='bbox 254 5100 685 5170; x_wconf 70' lang='grc' dir='ltr'>προῦπαρξάσης</span> <span class='ocrx_word' id='word_1_456' title='bbox 698 5097 959 5164; x_wconf 54' lang='lat' dir='ltr'><strong>animi);</strong></span> <span class='ocrx_word' id='word_1_457' title='bbox 977 5100 1031 5152; x_wconf 80' lang='grc' dir='ltr'>δὲ</span> <span class='ocrx_word' id='word_1_458' title='bbox 1045 5099 1133 5153; x_wconf 74' lang='grc' dir='ltr'>διὰ</span> <span class='ocrx_word' id='word_1_459' title='bbox 1146 5100 1237 5158; x_wconf 72' lang='grc' dir='ltr'>τὰς</span> <span class='ocrx_word' id='word_1_460' title='bbox 1252 5098 1433 5157; x_wconf 69' lang='grc' dir='ltr'>κοινάς</span> <span class='ocrx_word' id='word_1_461' title='bbox 1447 5100 1533 5151; x_wconf 63' lang='grc' dir='ltr'><strong>καῖ</strong></span> <span class='ocrx_word' id='word_1_462' title='bbox 1550 5097 1840 5167; x_wconf 77' lang='grc' dir='ltr'>δημοσίους</span> 
     </span>
    </p>
   </div>
   <div class='ocr_carea' id='block_1_68' title="bbox 255 5188 1830 5261">
    <p class='ocr_par' dir='ltr' id='par_1_68' title="bbox 255 5188 1830 5261">
     <span class='ocr_line' id='line_1_68' title="bbox 255 5188 1830 5261; baseline -0.003 -17"><span class='ocrx_word' id='word_1_463' title='bbox 255 5191 436 5260; x_wconf 79' lang='grc' dir='ltr'>κῆράς</span> <span class='ocrx_word' id='word_1_464' title='bbox 450 5207 505 5242; x_wconf 80' lang='grc' dir='ltr'><strong>τε</strong></span> <span class='ocrx_word' id='word_1_465' title='bbox 528 5192 623 5243; x_wconf 79' lang='grc' dir='ltr'>καὶ</span> <span class='ocrx_word' id='word_1_466' title='bbox 666 5191 955 5261; x_wconf 76' lang='grc' dir='ltr'>συμφορᾶς</span> <span class='ocrx_word' id='word_1_467' title='bbox 977 5190 1087 5243; x_wconf 85' lang='grc' dir='ltr'><strong>τῶν</strong></span> <span class='ocrx_word' id='word_1_468' title='bbox 1105 5188 1417 5258; x_wconf 75' lang='grc' dir='ltr'>ὁμοφύλων·</span> <span class='ocrx_word' id='word_1_469' title='bbox 1488 5188 1562 5250; x_wconf 84' lang='grc' dir='ltr'>ὡς</span> <span class='ocrx_word' id='word_1_470' title='bbox 1581 5189 1656 5257; x_wconf 84' lang='grc' dir='ltr'>μὴ</span> <span class='ocrx_word' id='word_1_471' title='bbox 1677 5189 1830 5241; x_wconf 80' lang='grc' dir='ltr'>πόλει</span> 
     </span>
    </p>
   </div>
   <div class='ocr_carea' id='block_1_69' title="bbox 254 5278 1827 5354">
    <p class='ocr_par' dir='ltr' id='par_1_69' title="bbox 254 5278 1827 5354">
     <span class='ocr_line' id='line_1_69' title="bbox 254 5278 1827 5354; baseline -0.004 -18"><span class='ocrx_word' id='word_1_472' title='bbox 254 5285 350 5336; x_wconf 75' lang='grc' dir='ltr'>καὶ</span> <span class='ocrx_word' id='word_1_473' title='bbox 382 5281 632 5354; x_wconf 60' lang='grc' dir='ltr'>ππλιτείᾳ</span> <span class='ocrx_word' id='word_1_474' title='bbox 658 5284 728 5334; x_wconf 80' lang='grc' dir='ltr'>τὰ</span> <span class='ocrx_word' id='word_1_475' title='bbox 760 5281 1049 5351; x_wconf 82' lang='grc' dir='ltr'>Ῥωμαίων</span> <span class='ocrx_word' id='word_1_476' title='bbox 1077 5281 1315 5334; x_wconf 80' lang='grc' dir='ltr'>ἐοικέναι</span> <span class='ocrx_word' id='word_1_477' title='bbox 1360 5282 1685 5351; x_wconf 69' lang='grc' dir='ltr'>πράγματα,</span> <span class='ocrx_word' id='word_1_478' title='bbox 1712 5278 1827 5332; x_wconf 81' lang='grc' dir='ltr'>ἀλλ’</span> 
     </span>
    </p>
   </div>
   <div class='ocr_carea' id='block_1_70' title="bbox 256 5369 1829 5445">
    <p class='ocr_par' dir='ltr' id='par_1_70' title="bbox 256 5369 1829 5445">
     <span class='ocr_line' id='line_1_70' title="bbox 256 5369 1829 5445; baseline -0.004 -17"><span class='ocrx_word' id='word_1_479' title='bbox 256 5376 483 5445; x_wconf 81' lang='grc' dir='ltr'>ἀμαυρά</span> <span class='ocrx_word' id='word_1_480' title='bbox 524 5392 645 5428; x_wconf 84' lang='grc' dir='ltr'>τινα</span> <span class='ocrx_word' id='word_1_481' title='bbox 680 5373 996 5443; x_wconf 82' lang='grc' dir='ltr'>καμνόντων</span> <span class='ocrx_word' id='word_1_482' title='bbox 1022 5373 1221 5426; x_wconf 81' lang='grc' dir='ltr'>εἴδωλα</span> <span class='ocrx_word' id='word_1_483' title='bbox 1250 5369 1415 5435; x_wconf 67' lang='grc' dir='ltr'>εἶναι,</span> <span class='ocrx_word' id='word_1_484' title='bbox 1479 5373 1575 5425; x_wconf 73' lang='grc' dir='ltr'>καὶ</span> <span class='ocrx_word' id='word_1_485' title='bbox 1612 5373 1829 5443; x_wconf 72' lang='grc' dir='ltr'>πόρῤιυ-</span> 
     </span>
    </p>
   </div>
   <div class='ocr_carea' id='block_1_71' title="bbox 258 5467 1829 5537">
    <p class='ocr_par' dir='ltr' id='par_1_71' title="bbox 258 5467 1829 5537">
     <span class='ocr_line' id='line_1_71' title="bbox 258 5467 1829 5537; baseline -0.003 -16"><span class='ocrx_word' id='word_1_486' title='bbox 258 5471 349 5522; x_wconf 81' lang='grc' dir='ltr'><strong>θεν</strong></span> <span class='ocrx_word' id='word_1_487' title='bbox 385 5469 610 5536; x_wconf 71' lang='grc' dir='ltr'>μονονοὺ</span> <span class='ocrx_word' id='word_1_488' title='bbox 668 5468 1161 5535; x_wconf 72' lang='grc' dir='ltr'>προαναφωνοῦιτα</span> <span class='ocrx_word' id='word_1_489' title='bbox 1215 5469 1470 5537; x_wconf 70' lang='grc' dir='ltr'>ἀλλήλοις</span> <span class='ocrx_word' id='word_1_490' title='bbox 1516 5471 1616 5536; x_wconf 69' lang='grc' dir='ltr'>τὴν</span> <span class='ocrx_word' id='word_1_491' title='bbox 1683 5467 1829 5519; x_wconf 57' lang='grc' dir='ltr'>ἔνδος)</span> 
     </span>
    </p>
   </div>
   <div class='ocr_carea' id='block_1_72' title="bbox 257 5559 1833 5631">
    <p class='ocr_par' dir='ltr' id='par_1_72' title="bbox 257 5559 1833 5631">
     <span class='ocr_line' id='line_1_72' title="bbox 257 5559 1833 5631; baseline -0.005 -16"><span class='ocrx_word' id='word_1_492' title='bbox 257 5563 353 5631; x_wconf 73' lang='grc' dir='ltr'>τῆς</span> <span class='ocrx_word' id='word_1_493' title='bbox 382 5560 562 5630; x_wconf 61' lang='grc' dir='ltr'>ψυχῆς</span> <span class='ocrx_word' id='word_1_494' title='bbox 592 5561 924 5629; x_wconf 79' lang='grc' dir='ltr'>φλεγμονὴν,</span> <span class='ocrx_word' id='word_1_495' title='bbox 957 5562 1089 5630; x_wconf 84' lang='grc' dir='ltr'>ὅσην</span> <span class='ocrx_word' id='word_1_496' title='bbox 1124 5562 1338 5628; x_wconf 74' lang='grc' dir='ltr'>ἑκάστῳ</span> <span class='ocrx_word' id='word_1_497' title='bbox 1380 5559 1617 5629; x_wconf 68' lang='grc' dir='ltr'>δαψιλῶς</span> <span class='ocrx_word' id='word_1_498' title='bbox 1667 5574 1833 5627; x_wconf 81' lang='grc' dir='ltr'>χορη-</span> 
     </span>
    </p>
   </div>
   <div class='ocr_carea' id='block_1_73' title="bbox 1946 1633 3532 1720">
    <p class='ocr_par' dir='ltr' id='par_1_73' title="bbox 1946 1633 3532 1720">
     <span class='ocr_line' id='line_1_73' title="bbox 1946 1633 3532 1720; baseline -0.01 -18"><span class='ocrx_word' id='word_1_499' title='bbox 1946 1647 2279 1720; x_wconf 85' lang='lat' dir='ltr'><strong>jampridem</strong></span> <span class='ocrx_word' id='word_1_500' title='bbox 2310 1648 2616 1716; x_wconf 84' lang='lat' dir='ltr'><strong>imperator</strong></span> <span class='ocrx_word' id='word_1_501' title='bbox 2650 1642 2998 1700; x_wconf 80' lang='lat' dir='ltr'><strong>Andronicus</strong></span> <span class='ocrx_word' id='word_1_502' title='bbox 3020 1636 3306 1707; x_wconf 78' lang='lat' dir='ltr'><strong>magniﬁce</strong></span> <span class='ocrx_word' id='word_1_503' title='bbox 3341 1633 3532 1689; x_wconf 86' lang='lat' dir='ltr'><strong>admo-</strong></span> 
     </span>
    </p>
   </div>
   <div class='ocr_carea' id='block_1_74' title="bbox 1950 1725 3528 1800">
    <p class='ocr_par' dir='ltr' id='par_1_74' title="bbox 1950 1725 3528 1800">
     <span class='ocr_line' id='line_1_74' title="bbox 1950 1725 3528 1800; baseline -0.013 -4"><span class='ocrx_word' id='word_1_504' title='bbox 1950 1738 2081 1796; x_wconf 89' lang='lat' dir='ltr'><strong>dum</strong></span> <span class='ocrx_word' id='word_1_505' title='bbox 2126 1739 2509 1795; x_wconf 84' lang='lat' dir='ltr'><strong>substruxerat</strong></span> <span class='ocrx_word' id='word_1_506' title='bbox 2531 1777 2548 1800; x_wconf 89' lang='lat'><strong>.</strong></span> <span class='ocrx_word' id='word_1_507' title='bbox 2582 1736 2826 1790; x_wconf 83' lang='lat' dir='ltr'><strong>futuram</strong></span> <span class='ocrx_word' id='word_1_508' title='bbox 2859 1732 3033 1787; x_wconf 91' lang='lat' dir='ltr'><strong>multo</strong></span> <span class='ocrx_word' id='word_1_509' title='bbox 3101 1728 3363 1797; x_wconf 81' lang='lat' dir='ltr'><strong>majorem</strong></span> <span class='ocrx_word' id='word_1_510' title='bbox 3398 1725 3528 1778; x_wconf 81' lang='lat' dir='ltr'><strong>rui-</strong></span> 
     </span>
    </p>
   </div>
   <div class='ocr_carea' id='block_1_75' title="bbox 1952 1818 3529 1898">
    <p class='ocr_par' dir='ltr' id='par_1_75' title="bbox 1952 1818 3529 1898">
     <span class='ocr_line' id='line_1_75' title="bbox 1952 1818 3529 1898; baseline -0.013 -13"><span class='ocrx_word' id='word_1_511' title='bbox 1952 1845 2114 1896; x_wconf 87' lang='lat' dir='ltr'><strong>nam,</strong></span> <span class='ocrx_word' id='word_1_512' title='bbox 2167 1838 2335 1898; x_wconf 85' lang='lat' dir='ltr'><strong>atque</strong></span> <span class='ocrx_word' id='word_1_513' title='bbox 2388 1828 2520 1883; x_wconf 91' lang='lat' dir='ltr'><strong>illud</strong></span> <span class='ocrx_word' id='word_1_514' title='bbox 2570 1827 2771 1881; x_wconf 84' lang='lat' dir='ltr'><strong>vulnus</strong></span> <span class='ocrx_word' id='word_1_515' title='bbox 2831 1820 3134 1878; x_wconf 80' lang='lat' dir='ltr'><strong>insanabile</strong></span> <span class='ocrx_word' id='word_1_516' title='bbox 3193 1818 3529 1873; x_wconf 77' lang='lat' dir='ltr'><strong>exstiturum</strong></span> 
     </span>
    </p>
   </div>
   <div class='ocr_carea' id='block_1_76' title="bbox 1954 1908 3527 1984">
    <p class='ocr_par' dir='ltr' id='par_1_76' title="bbox 1954 1908 3527 1984">
     <span class='ocr_line' id='line_1_76' title="bbox 1954 1908 3527 1984; baseline -0.01 -7"><span class='ocrx_word' id='word_1_517' title='bbox 1954 1921 2152 1977; x_wconf 76' lang='lat' dir='ltr'><strong>fuisse.</strong></span> <span class='ocrx_word' id='word_1_518' title='bbox 2181 1920 2354 1975; x_wconf 87' lang='lat' dir='ltr'><strong>Porro</strong></span> <span class='ocrx_word' id='word_1_519' title='bbox 2388 1920 2503 1984; x_wconf 67' lang='lat' dir='ltr'><strong>haec</strong></span> <span class='ocrx_word' id='word_1_520' title='bbox 2535 1919 2609 1975; x_wconf 87' lang='lat' dir='ltr'><strong>ita</strong></span> <span class='ocrx_word' id='word_1_521' title='bbox 2627 1934 2685 1973; x_wconf 87' lang='lat' dir='ltr'><strong>se</strong></span> <span class='ocrx_word' id='word_1_522' title='bbox 2706 1916 3056 1981; x_wconf 86' lang='lat' dir='ltr'><strong>habuerunt;</strong></span> <span class='ocrx_word' id='word_1_523' title='bbox 3092 1926 3154 1968; x_wconf 89' lang='lat' dir='ltr'><strong>ac</strong></span> <span class='ocrx_word' id='word_1_524' title='bbox 3185 1910 3241 1966; x_wconf 91' lang='lat' dir='ltr'><strong>in</strong></span> <span class='ocrx_word' id='word_1_525' title='bbox 3273 1908 3341 1963; x_wconf 91' lang='lat' dir='ltr'><strong>iis</strong></span> <span class='ocrx_word' id='word_1_526' title='bbox 3364 1916 3527 1965; x_wconf 64' lang='lat' dir='ltr'><strong>aestas</strong></span> 
     </span>
    </p>
   </div>
   <div class='ocr_carea' id='block_1_77' title="bbox 1954 2021 2416 2083">
    <p class='ocr_par' dir='ltr' id='par_1_77' title="bbox 1954 2021 2416 2083">
     <span class='ocr_line' id='line_1_77' title="bbox 1954 2021 2416 2083; baseline -0.006 -12"><span class='ocrx_word' id='word_1_527' title='bbox 1954 2023 2279 2083; x_wconf 88' lang='lat' dir='ltr'><strong>consumpta</strong></span> <span class='ocrx_word' id='word_1_528' title='bbox 2312 2021 2416 2068; x_wconf 88' lang='lat' dir='ltr'><strong>est.</strong></span> 
     </span>
    </p>
   </div>
   <div class='ocr_carea' id='block_1_78' title="bbox 2026 2096 3525 2163">
    <p class='ocr_par' dir='ltr' id='par_1_78' title="bbox 2026 2096 3525 2163">
     <span class='ocr_line' id='line_1_78' title="bbox 2026 2096 3525 2163; baseline -0.009 -4"><span class='ocrx_word' id='word_1_529' title='bbox 2026 2103 2121 2159; x_wconf 83' lang='lat' dir='ltr'><strong>iV.</strong></span> <span class='ocrx_word' id='word_1_530' title='bbox 2150 2102 2417 2158; x_wconf 84' lang='lat' dir='ltr'><strong>Malorum</strong></span> <span class='ocrx_word' id='word_1_531' title='bbox 2465 2110 2647 2157; x_wconf 88' lang='lat' dir='ltr'><strong>autem</strong></span> <span class='ocrx_word' id='word_1_532' title='bbox 2691 2098 2943 2155; x_wconf 88' lang='lat' dir='ltr'><strong>remissio</strong></span> <span class='ocrx_word' id='word_1_533' title='bbox 2978 2096 3129 2151; x_wconf 88' lang='lat' dir='ltr'><strong>nulla</strong></span> <span class='ocrx_word' id='word_1_534' title='bbox 3161 2107 3344 2163; x_wconf 88' lang='lat' dir='ltr'><strong>neque</strong></span> <span class='ocrx_word' id='word_1_535' title='bbox 3369 2098 3525 2155; x_wconf 87' lang='lat' dir='ltr'><strong>erat,</strong></span> 
     </span>
    </p>
   </div>
   <div class='ocr_carea' id='block_1_79' title="bbox 1954 2182 3529 2266">
    <p class='ocr_par' dir='ltr' id='par_1_79' title="bbox 1954 2182 3529 2266">
     <span class='ocr_line' id='line_1_79' title="bbox 1954 2182 3529 2266; baseline -0.009 -15"><span class='ocrx_word' id='word_1_536' title='bbox 1954 2212 2136 2266; x_wconf 87' lang='lat' dir='ltr'><strong>neque</strong></span> <span class='ocrx_word' id='word_1_537' title='bbox 2166 2194 2526 2266; x_wconf 86' lang='lat' dir='ltr'><strong>sperabatur;</strong></span> <span class='ocrx_word' id='word_1_538' title='bbox 2548 2192 2643 2249; x_wconf 91' lang='lat' dir='ltr'><strong>sed</strong></span> <span class='ocrx_word' id='word_1_539' title='bbox 2677 2201 2943 2262; x_wconf 89' lang='lat' dir='ltr'><strong>perpetuo</strong></span> <span class='ocrx_word' id='word_1_540' title='bbox 2967 2187 3073 2243; x_wconf 91' lang='lat' dir='ltr'><strong>alia</strong></span> <span class='ocrx_word' id='word_1_541' title='bbox 3099 2202 3167 2243; x_wconf 82' lang='lat' dir='ltr'><strong>ex</strong></span> <span class='ocrx_word' id='word_1_542' title='bbox 3194 2184 3314 2239; x_wconf 89' lang='lat' dir='ltr'><strong>aliis</strong></span> <span class='ocrx_word' id='word_1_543' title='bbox 3335 2182 3529 2237; x_wconf 80' lang='lat' dir='ltr'><strong>aﬂlue—</strong></span> 
     </span>
    </p>
   </div>
   <div class='ocr_carea' id='block_1_80' title="bbox 1955 2276 3523 2359">
    <p class='ocr_par' dir='ltr' id='par_1_80' title="bbox 1955 2276 3523 2359">
     <span class='ocr_line' id='line_1_80' title="bbox 1955 2276 3523 2359; baseline -0.01 -13"><span class='ocrx_word' id='word_1_544' title='bbox 1955 2291 2111 2354; x_wconf 81' lang='lat' dir='ltr'><strong>bant,</strong></span> <span class='ocrx_word' id='word_1_545' title='bbox 2132 2286 2695 2359; x_wconf 75' lang='lat' dir='ltr'><strong>ingravescebantque</strong></span> <span class='ocrx_word' id='word_1_546' title='bbox 2719 2293 2775 2339; x_wconf 90' lang='lat' dir='ltr'><strong>et</strong></span> <span class='ocrx_word' id='word_1_547' title='bbox 2800 2280 3244 2354; x_wconf 86' lang='lat' dir='ltr'><strong>provebebantur</strong></span> <span class='ocrx_word' id='word_1_548' title='bbox 3265 2278 3320 2332; x_wconf 91' lang='lat' dir='ltr'><strong>in</strong></span> <span class='ocrx_word' id='word_1_549' title='bbox 3348 2276 3523 2345; x_wconf 85' lang='lat' dir='ltr'><strong>pejus.</strong></span> 
     </span>
    </p>
   </div>
   <div class='ocr_carea' id='block_1_81' title="bbox 1956 2366 3522 2440">
    <p class='ocr_par' dir='ltr' id='par_1_81' title="bbox 1956 2366 3522 2440">
     <span class='ocr_line' id='line_1_81' title="bbox 1956 2366 3522 2440; baseline -0.013 -3"><span class='ocrx_word' id='word_1_550' title='bbox 1956 2381 2091 2437; x_wconf 84' lang='lat' dir='ltr'><strong>Nam</strong></span> <span class='ocrx_word' id='word_1_551' title='bbox 2118 2389 2174 2436; x_wconf 89' lang='lat' dir='ltr'><strong>et</strong></span> <span class='ocrx_word' id='word_1_552' title='bbox 2210 2389 2356 2435; x_wconf 91' lang='lat' dir='ltr'><strong>terra</strong></span> <span class='ocrx_word' id='word_1_553' title='bbox 2382 2376 2688 2433; x_wconf 88' lang='lat' dir='ltr'><strong>seminibus</strong></span> <span class='ocrx_word' id='word_1_554' title='bbox 2712 2374 2943 2430; x_wconf 92' lang='lat' dir='ltr'><strong>omnino</strong></span> <span class='ocrx_word' id='word_1_555' title='bbox 2966 2385 3110 2440; x_wconf 91' lang='lat' dir='ltr'><strong>pene</strong></span> <span class='ocrx_word' id='word_1_556' title='bbox 3137 2366 3522 2426; x_wconf 77' lang='lat' dir='ltr'><strong>fraudabatur,</strong></span> 
     </span>
    </p>
   </div>
   <div class='ocr_carea' id='block_1_82' title="bbox 1954 2454 3527 2531">
    <p class='ocr_par' dir='ltr' id='par_1_82' title="bbox 1954 2454 3527 2531">
     <span class='ocr_line' id='line_1_82' title="bbox 1954 2454 3527 2531; baseline -0.013 -2"><span class='ocrx_word' id='word_1_557' title='bbox 1954 2483 2012 2529; x_wconf 95' lang='lat' dir='ltr'><strong>et</strong></span> <span class='ocrx_word' id='word_1_558' title='bbox 2047 2471 2252 2528; x_wconf 90' lang='lat' dir='ltr'><strong>inculta</strong></span> <span class='ocrx_word' id='word_1_559' title='bbox 2302 2467 2654 2531; x_wconf 86' lang='lat' dir='ltr'><strong>remanebat,</strong></span> <span class='ocrx_word' id='word_1_560' title='bbox 2682 2476 2740 2521; x_wconf 92' lang='lat' dir='ltr'><strong>et</strong></span> <span class='ocrx_word' id='word_1_561' title='bbox 2798 2478 2983 2520; x_wconf 88' lang='lat' dir='ltr'><strong>rerqu</strong></span> <span class='ocrx_word' id='word_1_562' title='bbox 3013 2462 3079 2516; x_wconf 90' lang='lat' dir='ltr'><strong>ad</strong></span> <span class='ocrx_word' id='word_1_563' title='bbox 3115 2463 3319 2514; x_wconf 89' lang='lat' dir='ltr'><strong>victum</strong></span> <span class='ocrx_word' id='word_1_564' title='bbox 3362 2454 3527 2527; x_wconf 73' lang='lat'><strong>752</strong></span> 
     </span>
    </p>
   </div>
   <div class='ocr_carea' id='block_1_83' title="bbox 1955 2546 3529 2629">
    <p class='ocr_par' dir='ltr' id='par_1_83' title="bbox 1955 2546 3529 2629">
     <span class='ocr_line' id='line_1_83' title="bbox 1955 2546 3529 2629; baseline -0.012 -12"><span class='ocrx_word' id='word_1_565' title='bbox 1955 2561 2396 2617; x_wconf 88' lang='lat' dir='ltr'><strong>necessariarum</strong></span> <span class='ocrx_word' id='word_1_566' title='bbox 2424 2572 2675 2629; x_wconf 79' lang='lat' dir='ltr'><strong>magnam</strong></span> <span class='ocrx_word' id='word_1_567' title='bbox 2714 2554 3004 2625; x_wconf 86' lang='lat' dir='ltr'><strong>quamdam</strong></span> <span class='ocrx_word' id='word_1_568' title='bbox 3035 2549 3274 2619; x_wconf 88' lang='lat' dir='ltr'><strong>inopiam</strong></span> <span class='ocrx_word' id='word_1_569' title='bbox 3299 2546 3529 2602; x_wconf 77' lang='lat' dir='ltr'><strong>induxe-</strong></span> 
     </span>
    </p>
   </div>
   <div class='ocr_carea' id='block_1_84' title="bbox 1960 2643 3529 2708">
    <p class='ocr_par' dir='ltr' id='par_1_84' title="bbox 1960 2643 3529 2708">
     <span class='ocr_line' id='line_1_84' title="bbox 1960 2643 3529 2708; baseline -0.012 0"><span class='ocrx_word' id='word_1_570' title='bbox 1960 2661 2088 2708; x_wconf 88' lang='lat' dir='ltr'><strong>rant</strong></span> <span class='ocrx_word' id='word_1_571' title='bbox 2140 2650 2376 2706; x_wconf 88' lang='lat' dir='ltr'><strong>bostium</strong></span> <span class='ocrx_word' id='word_1_572' title='bbox 2439 2649 2574 2704; x_wconf 86' lang='lat' dir='ltr'><strong>alias</strong></span> <span class='ocrx_word' id='word_1_573' title='bbox 2607 2647 2840 2703; x_wconf 89' lang='lat' dir='ltr'><strong>aliorum</strong></span> <span class='ocrx_word' id='word_1_574' title='bbox 2892 2643 3267 2706; x_wconf 86' lang='lat' dir='ltr'><strong>incursiones;</strong></span> <span class='ocrx_word' id='word_1_575' title='bbox 3303 2652 3404 2692; x_wconf 91' lang='lat' dir='ltr'><strong>nec</strong></span> <span class='ocrx_word' id='word_1_576' title='bbox 3432 2651 3529 2705; x_wconf 86' lang='lat' dir='ltr'><strong>pa-</strong></span> 
     </span>
    </p>
   </div>
   <div class='ocr_carea' id='block_1_85' title="bbox 1884 2726 3526 2809">
    <p class='ocr_par' dir='ltr' id='par_1_85' title="bbox 1884 2726 3526 2809">
     <span class='ocr_line' id='line_1_85' title="bbox 1884 2726 3526 2809; baseline -0.012 -10"><span class='ocrx_word' id='word_1_577' title='bbox 1884 2727 1902 2745; x_wconf 72' lang='grc'><strong>’</strong></span> <span class='ocrx_word' id='word_1_578' title='bbox 1952 2742 2138 2798; x_wconf 70' lang='lat' dir='ltr'><strong>randa:</strong></span> <span class='ocrx_word' id='word_1_579' title='bbox 2191 2740 2444 2797; x_wconf 85' lang='lat' dir='ltr'><strong>alicunde</strong></span> <span class='ocrx_word' id='word_1_580' title='bbox 2494 2737 2741 2809; x_wconf 73' lang='lat' dir='ltr'><strong>pecunia:</strong></span> <span class='ocrx_word' id='word_1_581' title='bbox 2774 2735 2913 2790; x_wconf 87' lang='lat' dir='ltr'><strong>ratio</strong></span> <span class='ocrx_word' id='word_1_582' title='bbox 2978 2733 3148 2789; x_wconf 88' lang='lat' dir='ltr'><strong>uliaa</strong></span> <span class='ocrx_word' id='word_1_583' title='bbox 3185 2726 3526 2801; x_wconf 86' lang='lat' dir='ltr'><strong>pauperibus</strong></span> 
     </span>
    </p>
   </div>
   <div class='ocr_carea' id='block_1_86' title="bbox 1957 2824 3525 2904">
    <p class='ocr_par' dir='ltr' id='par_1_86' title="bbox 1957 2824 3525 2904">
     <span class='ocr_line' id='line_1_86' title="bbox 1957 2824 3525 2904; baseline -0.011 -14"><span class='ocrx_word' id='word_1_584' title='bbox 1957 2833 2253 2904; x_wconf 74' lang='lat' dir='ltr'><strong>excogitari</strong></span> <span class='ocrx_word' id='word_1_585' title='bbox 2295 2840 2545 2902; x_wconf 87' lang='lat' dir='ltr'><strong>poterat,</strong></span> <span class='ocrx_word' id='word_1_586' title='bbox 2571 2840 2956 2899; x_wconf 90' lang='lat' dir='ltr'><strong>quamcunque</strong></span> <span class='ocrx_word' id='word_1_587' title='bbox 2997 2824 3074 2879; x_wconf 90' lang='lat' dir='ltr'><strong>illi</strong></span> <span class='ocrx_word' id='word_1_588' title='bbox 3102 2831 3276 2877; x_wconf 88' lang='lat' dir='ltr'><strong>artem</strong></span> <span class='ocrx_word' id='word_1_589' title='bbox 3303 2833 3525 2876; x_wconf 62' lang='lat' dir='ltr'><strong>eteree-</strong></span> 
     </span>
    </p>
   </div>
   <div class='ocr_carea' id='block_1_87' title="bbox 1952 2912 3525 2993">
    <p class='ocr_par' dir='ltr' id='par_1_87' title="bbox 1952 2912 3525 2993">
     <span class='ocr_line' id='line_1_87' title="bbox 1952 2912 3525 2993; baseline -0.01 -11"><span class='ocrx_word' id='word_1_590' title='bbox 1952 2937 2083 2982; x_wconf 87' lang='lat' dir='ltr'><strong>rent</strong></span> <span class='ocrx_word' id='word_1_591' title='bbox 2116 2942 2129 2979; x_wconf 92' lang='lat'><strong>:</strong></span> <span class='ocrx_word' id='word_1_592' title='bbox 2162 2940 2264 2980; x_wconf 91' lang='lat' dir='ltr'><strong>nec</strong></span> <span class='ocrx_word' id='word_1_593' title='bbox 2289 2932 2411 2980; x_wconf 89' lang='lat' dir='ltr'><strong>erat</strong></span> <span class='ocrx_word' id='word_1_594' title='bbox 2448 2921 2816 2993; x_wconf 79' lang='lat' dir='ltr'><strong>magnatibus,</strong></span> <span class='ocrx_word' id='word_1_595' title='bbox 2853 2918 3002 2973; x_wconf 90' lang='lat' dir='ltr'><strong>unde</strong></span> <span class='ocrx_word' id='word_1_596' title='bbox 3030 2923 3312 2985; x_wconf 78' lang='lat' dir='ltr'><strong>corrogata</strong></span> <span class='ocrx_word' id='word_1_597' title='bbox 3340 2912 3525 2980; x_wconf 81' lang='lat' dir='ltr'><strong>aliqua</strong></span> 
     </span>
    </p>
   </div>
   <div class='ocr_carea' id='block_1_88' title="bbox 1954 3004 3522 3088">
    <p class='ocr_par' dir='ltr' id='par_1_88' title="bbox 1954 3004 3522 3088">
     <span class='ocr_line' id='line_1_88' title="bbox 1954 3004 3522 3088; baseline -0.013 -15"><span class='ocrx_word' id='word_1_598' title='bbox 1954 3017 2101 3088; x_wconf 85' lang='lat' dir='ltr'><strong>stipe</strong></span> <span class='ocrx_word' id='word_1_599' title='bbox 2126 3015 2418 3087; x_wconf 88' lang='lat' dir='ltr'><strong>pecuniam</strong></span> <span class='ocrx_word' id='word_1_600' title='bbox 2464 3022 2753 3084; x_wconf 73' lang='lat' dir='ltr'><strong>cogerent;</strong></span> <span class='ocrx_word' id='word_1_601' title='bbox 2783 3019 2840 3066; x_wconf 89' lang='lat' dir='ltr'><strong>et</strong></span> <span class='ocrx_word' id='word_1_602' title='bbox 2872 3010 3040 3064; x_wconf 87' lang='lat' dir='ltr'><strong>urbes</strong></span> <span class='ocrx_word' id='word_1_603' title='bbox 3068 3006 3253 3060; x_wconf 83' lang='lat' dir='ltr'><strong>videre</strong></span> <span class='ocrx_word' id='word_1_604' title='bbox 3286 3012 3404 3057; x_wconf 82' lang='lat' dir='ltr'><strong>erat</strong></span> <span class='ocrx_word' id='word_1_605' title='bbox 3424 3004 3522 3055; x_wconf 87' lang='lat' dir='ltr'><strong>de-</strong></span> 
     </span>
    </p>
   </div>
   <div class='ocr_carea' id='block_1_89' title="bbox 1952 3092 3525 3181">
    <p class='ocr_par' dir='ltr' id='par_1_89' title="bbox 1952 3092 3525 3181">
     <span class='ocr_line' id='line_1_89' title="bbox 1952 3092 3525 3181; baseline -0.013 -17"><span class='ocrx_word' id='word_1_606' title='bbox 1952 3108 2188 3181; x_wconf 84' lang='lat' dir='ltr'><strong>solatas,</strong></span> <span class='ocrx_word' id='word_1_607' title='bbox 2223 3105 2346 3161; x_wconf 87' lang='lat' dir='ltr'><strong>aliis</strong></span> <span class='ocrx_word' id='word_1_608' title='bbox 2366 3100 2975 3175; x_wconf 64' lang='lat' dir='ltr'><strong>peregre&#39;abeuntibus,</strong></span> <span class='ocrx_word' id='word_1_609' title='bbox 3007 3097 3129 3151; x_wconf 90' lang='lat' dir='ltr'><strong>aliis</strong></span> <span class='ocrx_word' id='word_1_610' title='bbox 3154 3092 3304 3150; x_wconf 85' lang='lat' dir='ltr'><strong>domi</strong></span> <span class='ocrx_word' id='word_1_611' title='bbox 3337 3093 3525 3162; x_wconf 78' lang='lat' dir='ltr'><strong>despe-</strong></span> 
     </span>
    </p>
   </div>
   <div class='ocr_carea' id='block_1_90' title="bbox 1872 3194 2731 3278">
    <p class='ocr_par' dir='ltr' id='par_1_90' title="bbox 1872 3194 2731 3278">
     <span class='ocr_line' id='line_1_90' title="bbox 1872 3194 2731 3278; baseline -0.01 -22"><span class='ocrx_word' id='word_1_612' title='bbox 1872 3217 1919 3278; x_wconf 69' lang='grc' dir='ltr'>ο</span> <span class='ocrx_word' id='word_1_613' title='bbox 1953 3210 2070 3255; x_wconf 89' lang='lat' dir='ltr'><strong>rata</strong></span> <span class='ocrx_word' id='word_1_614' title='bbox 2098 3199 2276 3254; x_wconf 69' lang='lat' dir='ltr'><strong>Salute</strong></span> <span class='ocrx_word' id='word_1_615' title='bbox 2296 3194 2731 3254; x_wconf 88' lang='lat' dir='ltr'><strong>remanentibus.</strong></span> 
     </span>
    </p>
   </div>
   <div class='ocr_carea' id='block_1_91' title="bbox 2026 3275 3523 3357">
    <p class='ocr_par' dir='ltr' id='par_1_91' title="bbox 2026 3275 3523 3357">
     <span class='ocr_line' id='line_1_91' title="bbox 2026 3275 3523 3357; baseline -0.014 -9"><span class='ocrx_word' id='word_1_616' title='bbox 2026 3293 2094 3348; x_wconf 69' lang='grc' dir='ltr'>ν.</span> <span class='ocrx_word' id='word_1_617' title='bbox 2120 3289 2260 3346; x_wconf 90' lang='lat' dir='ltr'><strong>Olim</strong></span> <span class='ocrx_word' id='word_1_618' title='bbox 2294 3288 2514 3357; x_wconf 86' lang='lat' dir='ltr'><strong>quidem</strong></span> <span class='ocrx_word' id='word_1_619' title='bbox 2552 3283 2949 3341; x_wconf 63' lang='lat' dir='ltr'><strong>Lacedaemonii</strong></span> <span class='ocrx_word' id='word_1_620' title='bbox 2986 3279 3308 3337; x_wconf 84' lang='lat' dir='ltr'><strong>mulieribus</strong></span> <span class='ocrx_word' id='word_1_621' title='bbox 3334 3275 3523 3331; x_wconf 81' lang='lat' dir='ltr'><strong>edixe-</strong></span> 
     </span>
    </p>
   </div>
   <div class='ocr_carea' id='block_1_92' title="bbox 1951 3364 3520 3449">
    <p class='ocr_par' dir='ltr' id='par_1_92' title="bbox 1951 3364 3520 3449">
     <span class='ocr_line' id='line_1_92' title="bbox 1951 3364 3520 3449; baseline -0.012 -13"><span class='ocrx_word' id='word_1_622' title='bbox 1951 3388 2102 3445; x_wconf 88' lang='lat' dir='ltr'><strong>runt,</strong></span> <span class='ocrx_word' id='word_1_623' title='bbox 2130 3388 2425 3449; x_wconf 82' lang='lat' dir='ltr'><strong>utgestare</strong></span> <span class='ocrx_word' id='word_1_624' title='bbox 2467 3391 2662 3430; x_wconf 90' lang='lat' dir='ltr'><strong>aurum</strong></span> <span class='ocrx_word' id='word_1_625' title='bbox 2688 3364 3029 3432; x_wconf 75' lang='lat' dir='ltr'><strong>desinerent.</strong></span> <span class='ocrx_word' id='word_1_626' title='bbox 3080 3384 3182 3423; x_wconf 90' lang='lat' dir='ltr'><strong>nec</strong></span> <span class='ocrx_word' id='word_1_627' title='bbox 3209 3382 3319 3422; x_wconf 92' lang='lat' dir='ltr'><strong>non</strong></span> <span class='ocrx_word' id='word_1_628' title='bbox 3355 3366 3393 3421; x_wconf 93' lang='lat' dir='ltr'><strong>ii</strong></span> <span class='ocrx_word' id='word_1_629' title='bbox 3425 3364 3520 3433; x_wconf 90' lang='lat' dir='ltr'><strong>qui</strong></span> 
     </span>
    </p>
   </div>
   <div class='ocr_carea' id='block_1_93' title="bbox 1949 3456 3521 3538">
    <p class='ocr_par' dir='ltr' id='par_1_93' title="bbox 1949 3456 3521 3538">
     <span class='ocr_line' id='line_1_93' title="bbox 1949 3456 3521 3538; baseline -0.01 -12"><span class='ocrx_word' id='word_1_630' title='bbox 1949 3471 2156 3527; x_wconf 82' lang='lat' dir='ltr'><strong>veteris</strong></span> <span class='ocrx_word' id='word_1_631' title='bbox 2189 3471 2377 3525; x_wconf 67' lang='lat' dir='ltr'><strong>Romm</strong></span> <span class='ocrx_word' id='word_1_632' title='bbox 2410 3467 2705 3538; x_wconf 91' lang='lat' dir='ltr'><strong>imperium</strong></span> <span class='ocrx_word' id='word_1_633' title='bbox 2742 3461 3220 3522; x_wconf 88' lang='lat' dir='ltr'><strong>administrabant,</strong></span> <span class='ocrx_word' id='word_1_634' title='bbox 3252 3456 3521 3511; x_wconf 87' lang='lat' dir='ltr'><strong>consultis</strong></span> 
     </span>
    </p>
   </div>
   <div class='ocr_carea' id='block_1_94' title="bbox 1949 3545 3517 3630">
    <p class='ocr_par' dir='ltr' id='par_1_94' title="bbox 1949 3545 3517 3630">
     <span class='ocr_line' id='line_1_94' title="bbox 1949 3545 3517 3630; baseline -0.011 -14"><span class='ocrx_word' id='word_1_635' title='bbox 1949 3561 2168 3630; x_wconf 89' lang='lat' dir='ltr'><strong>utrique</strong></span> <span class='ocrx_word' id='word_1_636' title='bbox 2201 3571 2257 3614; x_wconf 91' lang='lat' dir='ltr'><strong>et</strong></span> <span class='ocrx_word' id='word_1_637' title='bbox 2287 3556 2524 3613; x_wconf 88' lang='lat' dir='ltr'><strong>decretis</strong></span> <span class='ocrx_word' id='word_1_638' title='bbox 2577 3554 2855 3625; x_wconf 90' lang='lat' dir='ltr'><strong>publicis,</strong></span> <span class='ocrx_word' id='word_1_639' title='bbox 2911 3552 3086 3619; x_wconf 88' lang='lat' dir='ltr'><strong>iisque</strong></span> <span class='ocrx_word' id='word_1_640' title='bbox 3127 3545 3517 3602; x_wconf 87' lang='lat' dir='ltr'><strong>inconcussis:</strong></span> 
     </span>
    </p>
   </div>
   <div class='ocr_carea' id='block_1_95' title="bbox 1949 3637 3516 3723">
    <p class='ocr_par' dir='ltr' id='par_1_95' title="bbox 1949 3637 3516 3723">
     <span class='ocr_line' id='line_1_95' title="bbox 1949 3637 3516 3723; baseline -0.013 -14"><span class='ocrx_word' id='word_1_641' title='bbox 1949 3653 2027 3709; x_wconf 91' lang='lat' dir='ltr'><strong>illi</strong></span> <span class='ocrx_word' id='word_1_642' title='bbox 2055 3658 2286 3723; x_wconf 89' lang='lat' dir='ltr'><strong>propter</strong></span> <span class='ocrx_word' id='word_1_643' title='bbox 2315 3648 2568 3704; x_wconf 88' lang='lat' dir='ltr'><strong>Leuctris</strong></span> <span class='ocrx_word' id='word_1_644' title='bbox 2606 3652 2885 3714; x_wconf 88' lang='lat' dir='ltr'><strong>acceptam</strong></span> <span class='ocrx_word' id='word_1_645' title='bbox 2923 3660 2952 3697; x_wconf 90' lang='lat' dir='ltr'><strong>a</strong></span> <span class='ocrx_word' id='word_1_646' title='bbox 2982 3639 3260 3697; x_wconf 84' lang='lat' dir='ltr'><strong>Thebanis</strong></span> <span class='ocrx_word' id='word_1_647' title='bbox 3283 3637 3516 3701; x_wconf 87' lang='lat' dir='ltr'><strong>cladem,</strong></span> 
     </span>
    </p>
   </div>
   <div class='ocr_carea' id='block_1_96' title="bbox 1947 3732 3521 3813">
    <p class='ocr_par' dir='ltr' id='par_1_96' title="bbox 1947 3732 3521 3813">
     <span class='ocr_line' id='line_1_96' title="bbox 1947 3732 3521 3813; baseline -0.011 -11"><span class='ocrx_word' id='word_1_648' title='bbox 1947 3760 2073 3802; x_wconf 92' lang='lat' dir='ltr'><strong>cum</strong></span> <span class='ocrx_word' id='word_1_649' title='bbox 2101 3746 2274 3800; x_wconf 89' lang='lat' dir='ltr'><strong>robur</strong></span> <span class='ocrx_word' id='word_1_650' title='bbox 2299 3743 2508 3813; x_wconf 66' lang='lat' dir='ltr'><strong>Sparta;</strong></span> <span class='ocrx_word' id='word_1_651' title='bbox 2536 3740 2777 3794; x_wconf 83' lang='lat' dir='ltr'><strong>militare</strong></span> <span class='ocrx_word' id='word_1_652' title='bbox 2808 3745 2980 3793; x_wconf 89' lang='lat' dir='ltr'><strong>totum</strong></span> <span class='ocrx_word' id='word_1_653' title='bbox 3016 3735 3125 3789; x_wconf 82' lang='lat' dir='ltr'><strong>lere</strong></span> <span class='ocrx_word' id='word_1_654' title='bbox 3155 3732 3400 3787; x_wconf 82' lang='lat' dir='ltr'><strong>excisum</strong></span> <span class='ocrx_word' id='word_1_655' title='bbox 3436 3739 3521 3784; x_wconf 88' lang='lat' dir='ltr'><strong>cst</strong></span> 
     </span>
    </p>
   </div>
   <div class='ocr_carea' id='block_1_97' title="bbox 1946 3822 3519 3902">
    <p class='ocr_par' dir='ltr' id='par_1_97' title="bbox 1946 3822 3519 3902">
     <span class='ocr_line' id='line_1_97' title="bbox 1946 3822 3519 3902; baseline -0.011 -10"><span class='ocrx_word' id='word_1_656' title='bbox 1946 3837 2150 3892; x_wconf 89' lang='lat' dir='ltr'><strong>virtute</strong></span> <span class='ocrx_word' id='word_1_657' title='bbox 2178 3834 2328 3889; x_wconf 87' lang='lat' dir='ltr'><strong>illius</strong></span> <span class='ocrx_word' id='word_1_658' title='bbox 2370 3829 2765 3902; x_wconf 65' lang='lat' dir='ltr'><strong>Epaminondae</strong></span> <span class='ocrx_word' id='word_1_659' title='bbox 2787 3869 2801 3893; x_wconf 92' lang='lat'><strong>,</strong></span> <span class='ocrx_word' id='word_1_660' title='bbox 2839 3829 2931 3898; x_wconf 90' lang='lat' dir='ltr'><strong>qui</strong></span> <span class='ocrx_word' id='word_1_661' title='bbox 2968 3837 3080 3882; x_wconf 92' lang='lat' dir='ltr'><strong>tum</strong></span> <span class='ocrx_word' id='word_1_662' title='bbox 3110 3824 3313 3880; x_wconf 78' lang='lat' dir='ltr'><strong>Bmotis</strong></span> <span class='ocrx_word' id='word_1_663' title='bbox 3342 3822 3519 3892; x_wconf 85' lang='lat' dir='ltr'><strong>impe-</strong></span> 
     </span>
    </p>
   </div>
   <div class='ocr_carea' id='block_1_98' title="bbox 1949 3914 3517 3993">
    <p class='ocr_par' dir='ltr' id='par_1_98' title="bbox 1949 3914 3517 3993">
     <span class='ocr_line' id='line_1_98' title="bbox 1949 3914 3517 3993; baseline -0.01 -10"><span class='ocrx_word' id='word_1_664' title='bbox 1949 3928 2108 3984; x_wconf 88' lang='lat' dir='ltr'><strong>rabat</strong></span> <span class='ocrx_word' id='word_1_665' title='bbox 2142 3944 2157 3981; x_wconf 90' lang='lat'><strong>:</strong></span> <span class='ocrx_word' id='word_1_666' title='bbox 2191 3926 2247 3981; x_wconf 80' lang='lat' dir='ltr'><strong>lii</strong></span> <span class='ocrx_word' id='word_1_667' title='bbox 2281 3941 2436 3990; x_wconf 85' lang='lat' dir='ltr'><strong>vero,</strong></span> <span class='ocrx_word' id='word_1_668' title='bbox 2468 3939 2535 3980; x_wconf 89' lang='lat' dir='ltr'><strong>eo</strong></span> <span class='ocrx_word' id='word_1_669' title='bbox 2582 3924 2726 3993; x_wconf 86' lang='lat' dir='ltr'><strong>quod</strong></span> <span class='ocrx_word' id='word_1_670' title='bbox 2774 3921 3009 3976; x_wconf 85' lang='lat' dir='ltr'><strong>Annibal</strong></span> <span class='ocrx_word' id='word_1_671' title='bbox 3051 3914 3517 3986; x_wconf 78' lang='lat' dir='ltr'><strong>Carthaginiensis</strong></span> 
     </span>
    </p>
   </div>
   <div class='ocr_carea' id='block_1_99' title="bbox 1947 4005 3519 4083">
    <p class='ocr_par' dir='ltr' id='par_1_99' title="bbox 1947 4005 3519 4083">
     <span class='ocr_line' id='line_1_99' title="bbox 1947 4005 3519 4083; baseline -0.009 -11"><span class='ocrx_word' id='word_1_672' title='bbox 1947 4020 2001 4073; x_wconf 90' lang='lat' dir='ltr'><strong>iu</strong></span> <span class='ocrx_word' id='word_1_673' title='bbox 2028 4017 2306 4073; x_wconf 89' lang='lat' dir='ltr'><strong>Cannensi</strong></span> <span class='ocrx_word' id='word_1_674' title='bbox 2353 4030 2485 4083; x_wconf 75' lang='lat' dir='ltr'><strong>agro</strong></span> <span class='ocrx_word' id='word_1_675' title='bbox 2511 4056 2525 4079; x_wconf 92' lang='lat'><strong>,</strong></span> <span class='ocrx_word' id='word_1_676' title='bbox 2557 4013 2700 4083; x_wconf 90' lang='lat' dir='ltr'><strong>apud</strong></span> <span class='ocrx_word' id='word_1_677' title='bbox 2750 4011 3001 4067; x_wconf 76' lang='lat' dir='ltr'><strong>Aufidum</strong></span> <span class='ocrx_word' id='word_1_678' title='bbox 3036 4009 3238 4063; x_wconf 78' lang='lat' dir='ltr'><strong>flumen</strong></span> <span class='ocrx_word' id='word_1_679' title='bbox 3260 4048 3274 4070; x_wconf 88' lang='lat'><strong>,</strong></span> <span class='ocrx_word' id='word_1_680' title='bbox 3305 4005 3519 4075; x_wconf 80' lang='lat' dir='ltr'><strong>magnis</strong></span> 
     </span>
    </p>
   </div>
   <div class='ocr_carea' id='block_1_100' title="bbox 1946 4096 3518 4177">
    <p class='ocr_par' dir='ltr' id='par_1_100' title="bbox 1946 4096 3518 4177">
     <span class='ocr_line' id='line_1_100' title="bbox 1946 4096 3518 4177; baseline -0.01 -14"><span class='ocrx_word' id='word_1_681' title='bbox 1946 4109 2079 4171; x_wconf 91' lang='lat' dir='ltr'><strong>illis,</strong></span> <span class='ocrx_word' id='word_1_682' title='bbox 2112 4121 2250 4177; x_wconf 86' lang='lat' dir='ltr'><strong>quas</strong></span> <span class='ocrx_word' id='word_1_683' title='bbox 2282 4105 2351 4160; x_wconf 89' lang='lat' dir='ltr'><strong>de</strong></span> <span class='ocrx_word' id='word_1_684' title='bbox 2383 4105 2643 4160; x_wconf 81' lang='lat' dir='ltr'><strong>Romanis</strong></span> <span class='ocrx_word' id='word_1_685' title='bbox 2675 4110 3085 4171; x_wconf 80' lang='lat' dir='ltr'><strong>reportaverat,</strong></span> <span class='ocrx_word' id='word_1_686' title='bbox 3118 4096 3367 4153; x_wconf 80' lang='lat' dir='ltr'><strong>victoriis</strong></span> <span class='ocrx_word' id='word_1_687' title='bbox 3415 4110 3518 4149; x_wconf 90' lang='lat' dir='ltr'><strong>no-</strong></span> 
     </span>
    </p>
   </div>
   <div class='ocr_carea' id='block_1_101' title="bbox 1945 4190 3521 4268">
    <p class='ocr_par' dir='ltr' id='par_1_101' title="bbox 1945 4190 3521 4268">
     <span class='ocr_line' id='line_1_101' title="bbox 1945 4190 3521 4268; baseline -0.009 -15"><span class='ocrx_word' id='word_1_688' title='bbox 1945 4199 2166 4254; x_wconf 85' lang='lat' dir='ltr'><strong>vissima</strong></span> <span class='ocrx_word' id='word_1_689' title='bbox 2190 4197 2422 4268; x_wconf 89' lang='lat' dir='ltr'><strong>adjecta,</strong></span> <span class='ocrx_word' id='word_1_690' title='bbox 2447 4204 2665 4251; x_wconf 90' lang='lat' dir='ltr'><strong>coactas</strong></span> <span class='ocrx_word' id='word_1_691' title='bbox 2699 4194 2756 4248; x_wconf 91' lang='lat' dir='ltr'><strong>in</strong></span> <span class='ocrx_word' id='word_1_692' title='bbox 2796 4208 2965 4248; x_wconf 91' lang='lat' dir='ltr'><strong>unum</strong></span> <span class='ocrx_word' id='word_1_693' title='bbox 2993 4192 3171 4245; x_wconf 91' lang='lat' dir='ltr'><strong>locum</strong></span> <span class='ocrx_word' id='word_1_694' title='bbox 3206 4190 3521 4243; x_wconf 84' lang='lat' dir='ltr'><strong>innumera-</strong></span> 
     </span>
    </p>
   </div>
   <div class='ocr_carea' id='block_1_102' title="bbox 1945 4281 3519 4359">
    <p class='ocr_par' dir='ltr' id='par_1_102' title="bbox 1945 4281 3519 4359">
     <span class='ocr_line' id='line_1_102' title="bbox 1945 4281 3519 4359; baseline -0.009 -12"><span class='ocrx_word' id='word_1_695' title='bbox 1945 4293 2085 4348; x_wconf 86' lang='lat' dir='ltr'><strong>biles</strong></span> <span class='ocrx_word' id='word_1_696' title='bbox 2122 4293 2501 4347; x_wconf 78' lang='lat' dir='ltr'><strong>Romanorum</strong></span> <span class='ocrx_word' id='word_1_697' title='bbox 2537 4289 2726 4359; x_wconf 88' lang='lat' dir='ltr'><strong>copias</strong></span> <span class='ocrx_word' id='word_1_698' title='bbox 2764 4288 2838 4342; x_wconf 90' lang='lat' dir='ltr'><strong>ita</strong></span> <span class='ocrx_word' id='word_1_699' title='bbox 2889 4284 3231 4356; x_wconf 82' lang='lat' dir='ltr'><strong>proﬂigavit,</strong></span> <span class='ocrx_word' id='word_1_700' title='bbox 3266 4291 3325 4337; x_wconf 90' lang='lat' dir='ltr'><strong>ut</strong></span> <span class='ocrx_word' id='word_1_701' title='bbox 3367 4281 3519 4349; x_wconf 75' lang='lat' dir='ltr'><strong>largo</strong></span> 
     </span>
    </p>
   </div>
   <div class='ocr_carea' id='block_1_103' title="bbox 1945 4374 3519 4445">
    <p class='ocr_par' dir='ltr' id='par_1_103' title="bbox 1945 4374 3519 4445">
     <span class='ocr_line' id='line_1_103' title="bbox 1945 4374 3519 4445; baseline -0.007 -8"><span class='ocrx_word' id='word_1_702' title='bbox 1945 4398 2143 4438; x_wconf 85' lang='lat' dir='ltr'><strong>cruore</strong></span> <span class='ocrx_word' id='word_1_703' title='bbox 2197 4382 2382 4437; x_wconf 92' lang='lat' dir='ltr'><strong>tinctis</strong></span> <span class='ocrx_word' id='word_1_704' title='bbox 2420 4380 2698 4441; x_wconf 84' lang='lat' dir='ltr'><strong>ﬂuctibus,</strong></span> <span class='ocrx_word' id='word_1_705' title='bbox 2746 4394 2857 4433; x_wconf 88' lang='lat' dir='ltr'><strong>non</strong></span> <span class='ocrx_word' id='word_1_706' title='bbox 2913 4393 2981 4432; x_wconf 84' lang='lat' dir='ltr'><strong>ex</strong></span> <span class='ocrx_word' id='word_1_707' title='bbox 3026 4391 3182 4445; x_wconf 65' lang='lat' dir='ltr'><strong>aqua:</strong></span> <span class='ocrx_word' id='word_1_708' title='bbox 3216 4374 3310 4429; x_wconf 90' lang='lat' dir='ltr'><strong>sed</strong></span> <span class='ocrx_word' id='word_1_709' title='bbox 3338 4387 3519 4428; x_wconf 86' lang='lat' dir='ltr'><strong>esau-</strong></span> 
     </span>
    </p>
   </div>
   <div class='ocr_carea' id='block_1_104' title="bbox 1953 4467 3210 4544">
    <p class='ocr_par' dir='ltr' id='par_1_104' title="bbox 1953 4467 3210 4544">
     <span class='ocr_line' id='line_1_104' title="bbox 1953 4467 3210 4544; baseline -0.007 -16"><span class='ocrx_word' id='word_1_710' title='bbox 1953 4473 2136 4544; x_wconf 73' lang='lat' dir='ltr'><strong>guinis</strong></span> <span class='ocrx_word' id='word_1_711' title='bbox 2156 4472 2398 4528; x_wconf 80' lang='lat' dir='ltr'><strong>fontibus</strong></span> <span class='ocrx_word' id='word_1_712' title='bbox 2426 4469 2667 4526; x_wconf 86' lang='lat' dir='ltr'><strong>derivari</strong></span> <span class='ocrx_word' id='word_1_713' title='bbox 2697 4469 2875 4524; x_wconf 90' lang='lat' dir='ltr'><strong>amnis</strong></span> <span class='ocrx_word' id='word_1_714' title='bbox 2904 4467 3210 4524; x_wconf 76' lang='lat' dir='ltr'><strong>videretur.</strong></span> 
     </span>
    </p>
   </div>
   <div class='ocr_carea' id='block_1_105' title="bbox 2006 4644 3519 4715">
    <p class='ocr_par' dir='ltr' id='par_1_105' title="bbox 2006 4644 3519 4715">
     <span class='ocr_line' id='line_1_105' title="bbox 2006 4644 3519 4715; baseline -0.002 -13"><span class='ocrx_word' id='word_1_715' title='bbox 2006 4644 2097 4703; x_wconf 72' lang='lat' dir='ltr'><strong>Vl.</strong></span> <span class='ocrx_word' id='word_1_716' title='bbox 2127 4645 2281 4701; x_wconf 86' lang='lat' dir='ltr'><strong>Nunc</strong></span> <span class='ocrx_word' id='word_1_717' title='bbox 2311 4659 2467 4709; x_wconf 82' lang='lat' dir='ltr'><strong>vero,</strong></span> <span class='ocrx_word' id='word_1_718' title='bbox 2504 4646 2658 4711; x_wconf 89' lang='lat' dir='ltr'><strong>quasi</strong></span> <span class='ocrx_word' id='word_1_719' title='bbox 2688 4646 2871 4702; x_wconf 87' lang='lat' dir='ltr'><strong>edicto</strong></span> <span class='ocrx_word' id='word_1_720' title='bbox 2910 4647 3094 4715; x_wconf 90' lang='lat' dir='ltr'><strong>aliquo</strong></span> <span class='ocrx_word' id='word_1_721' title='bbox 3136 4654 3277 4700; x_wconf 85' lang='lat' dir='ltr'><strong>tutas</strong></span> <span class='ocrx_word' id='word_1_722' title='bbox 3317 4646 3519 4699; x_wconf 80' lang='lat' dir='ltr'><strong>Roma-</strong></span> 
     </span>
    </p>
   </div>
   <div class='ocr_carea' id='block_1_106' title="bbox 1938 4736 3518 4806">
    <p class='ocr_par' dir='ltr' id='par_1_106' title="bbox 1938 4736 3518 4806">
     <span class='ocr_line' id='line_1_106' title="bbox 1938 4736 3518 4806; baseline 0.001 -17"><span class='ocrx_word' id='word_1_723' title='bbox 1938 4752 2140 4790; x_wconf 77' lang='lat' dir='ltr'><strong>norum</strong></span> <span class='ocrx_word' id='word_1_724' title='bbox 2176 4736 2344 4791; x_wconf 84' lang='lat' dir='ltr'><strong>urbes</strong></span> <span class='ocrx_word' id='word_1_725' title='bbox 2394 4748 2585 4806; x_wconf 87' lang='lat' dir='ltr'><strong>suapte</strong></span> <span class='ocrx_word' id='word_1_726' title='bbox 2617 4746 2910 4806; x_wconf 73' lang='lat' dir='ltr'><strong>pervagato</strong></span> <span class='ocrx_word' id='word_1_727' title='bbox 2936 4776 2952 4798; x_wconf 88' lang='lat'><strong>,</strong></span> <span class='ocrx_word' id='word_1_728' title='bbox 2985 4737 3064 4790; x_wconf 90' lang='lat' dir='ltr'><strong>sic</strong></span> <span class='ocrx_word' id='word_1_729' title='bbox 3117 4752 3217 4789; x_wconf 82' lang='lat' dir='ltr'><strong>usu</strong></span> <span class='ocrx_word' id='word_1_730' title='bbox 3249 4736 3432 4801; x_wconf 85' lang='lat' dir='ltr'><strong>venit,</strong></span> <span class='ocrx_word' id='word_1_731' title='bbox 3460 4745 3518 4790; x_wconf 88' lang='lat' dir='ltr'><strong>ut</strong></span> 
     </span>
    </p>
   </div>
   <div class='ocr_carea' id='block_1_107' title="bbox 1939 4823 3519 4886">
    <p class='ocr_par' dir='ltr' id='par_1_107' title="bbox 1939 4823 3519 4886">
     <span class='ocr_line' id='line_1_107' title="bbox 1939 4823 3519 4886; baseline -0.001 -6"><span class='ocrx_word' id='word_1_732' title='bbox 1939 4825 2125 4880; x_wconf 78' lang='lat' dir='ltr'><strong>nullus</strong></span> <span class='ocrx_word' id='word_1_733' title='bbox 2147 4826 2249 4886; x_wconf 90' lang='lat' dir='ltr'><strong>vir,</strong></span> <span class='ocrx_word' id='word_1_734' title='bbox 2286 4824 2433 4879; x_wconf 89' lang='lat' dir='ltr'><strong>nulla</strong></span> <span class='ocrx_word' id='word_1_735' title='bbox 2462 4825 2662 4880; x_wconf 88' lang='lat' dir='ltr'><strong>mulier</strong></span> <span class='ocrx_word' id='word_1_736' title='bbox 2702 4836 2855 4880; x_wconf 90' lang='lat' dir='ltr'><strong>veste</strong></span> <span class='ocrx_word' id='word_1_737' title='bbox 2887 4824 3176 4883; x_wconf 81' lang='lat' dir='ltr'><strong>candente.</strong></span> <span class='ocrx_word' id='word_1_738' title='bbox 3210 4823 3301 4878; x_wconf 87' lang='lat' dir='ltr'><strong>sed</strong></span> <span class='ocrx_word' id='word_1_739' title='bbox 3327 4838 3519 4879; x_wconf 86' lang='lat' dir='ltr'><strong>omnes</strong></span> 
     </span>
    </p>
   </div>
   <div class='ocr_carea' id='block_1_108' title="bbox 1941 4914 3513 4984">
    <p class='ocr_par' dir='ltr' id='par_1_108' title="bbox 1941 4914 3513 4984">
     <span class='ocr_line' id='line_1_108' title="bbox 1941 4914 3513 4984; baseline 0 -17"><span class='ocrx_word' id='word_1_740' title='bbox 1941 4914 2085 4983; x_wconf 90' lang='lat' dir='ltr'><strong>pulla</strong></span> <span class='ocrx_word' id='word_1_741' title='bbox 2124 4924 2434 4977; x_wconf 88' lang='lat' dir='ltr'><strong>uterentur;</strong></span> <span class='ocrx_word' id='word_1_742' title='bbox 2467 4915 2559 4968; x_wconf 90' lang='lat' dir='ltr'><strong>alii</strong></span> <span class='ocrx_word' id='word_1_743' title='bbox 2591 4915 2780 4970; x_wconf 85' lang='lat' dir='ltr'><strong>dolore</strong></span> <span class='ocrx_word' id='word_1_744' title='bbox 2806 4915 2991 4984; x_wconf 87' lang='lat' dir='ltr'><strong>aliquo</strong></span> <span class='ocrx_word' id='word_1_745' title='bbox 3025 4916 3193 4969; x_wconf 85' lang='lat' dir='ltr'><strong>semel</strong></span> <span class='ocrx_word' id='word_1_746' title='bbox 3220 4923 3513 4984; x_wconf 66' lang='lat' dir='ltr'><strong>prmCt‘piO,</strong></span> 
     </span>
    </p>
   </div>
   <div class='ocr_carea' id='block_1_109' title="bbox 1948 5006 3516 5077">
    <p class='ocr_par' dir='ltr' id='par_1_109' title="bbox 1948 5006 3516 5077">
     <span class='ocr_line' id='line_1_109' title="bbox 1948 5006 3516 5077; baseline -0.002 -17"><span class='ocrx_word' id='word_1_747' title='bbox 1948 5006 2040 5061; x_wconf 89' lang='lat' dir='ltr'><strong>alii</strong></span> <span class='ocrx_word' id='word_1_748' title='bbox 2072 5006 2418 5060; x_wconf 87' lang='lat' dir='ltr'><strong>communem</strong></span> <span class='ocrx_word' id='word_1_749' title='bbox 2459 5022 2523 5061; x_wconf 86' lang='lat' dir='ltr'><strong>ac</strong></span> <span class='ocrx_word' id='word_1_750' title='bbox 2570 5007 2845 5077; x_wconf 85' lang='lat' dir='ltr'><strong>publicam</strong></span> <span class='ocrx_word' id='word_1_751' title='bbox 2886 5008 3058 5062; x_wconf 89' lang='lat' dir='ltr'><strong>vicem</strong></span> <span class='ocrx_word' id='word_1_752' title='bbox 3091 5015 3147 5061; x_wconf 93' lang='lat' dir='ltr'><strong>et</strong></span> <span class='ocrx_word' id='word_1_753' title='bbox 3177 5022 3401 5061; x_wconf 89' lang='lat' dir='ltr'><strong>suorum</strong></span> <span class='ocrx_word' id='word_1_754' title='bbox 3437 5006 3516 5058; x_wconf 85' lang='lat' dir='ltr'><strong>ci-</strong></span> 
     </span>
    </p>
   </div>
   <div class='ocr_carea' id='block_1_110' title="bbox 1948 5096 3516 5163">
    <p class='ocr_par' dir='ltr' id='par_1_110' title="bbox 1948 5096 3516 5163">
     <span class='ocr_line' id='line_1_110' title="bbox 1948 5096 3516 5163; baseline -0.002 -11"><span class='ocrx_word' id='word_1_755' title='bbox 1948 5098 2097 5152; x_wconf 89' lang='lat' dir='ltr'><strong>vium</strong></span> <span class='ocrx_word' id='word_1_756' title='bbox 2128 5098 2425 5151; x_wconf 86' lang='lat' dir='ltr'><strong>iul&#39;ortunia</strong></span> <span class='ocrx_word' id='word_1_757' title='bbox 2479 5097 2758 5163; x_wconf 88' lang='lat' dir='ltr'><strong>dolentes;</strong></span> <span class='ocrx_word' id='word_1_758' title='bbox 2793 5100 2865 5154; x_wconf 88' lang='lat' dir='ltr'><strong>ita</strong></span> <span class='ocrx_word' id='word_1_759' title='bbox 2895 5109 2954 5153; x_wconf 89' lang='lat' dir='ltr'><strong>ut</strong></span> <span class='ocrx_word' id='word_1_760' title='bbox 2981 5117 3088 5153; x_wconf 89' lang='lat' dir='ltr'><strong>nun</strong></span> <span class='ocrx_word' id='word_1_761' title='bbox 3122 5100 3331 5154; x_wconf 81' lang='lat' dir='ltr'><strong>civitati</strong></span> <span class='ocrx_word' id='word_1_762' title='bbox 3366 5096 3516 5151; x_wconf 84' lang='lat' dir='ltr'><strong>rcive</strong></span> 
     </span>
    </p>
   </div>
   <div class='ocr_carea' id='block_1_111' title="bbox 1938 5188 3515 5261">
    <p class='ocr_par' dir='ltr' id='par_1_111' title="bbox 1938 5188 3515 5261">
     <span class='ocr_line' id='line_1_111' title="bbox 1938 5188 3515 5261; baseline 0.001 -22"><span class='ocrx_word' id='word_1_763' title='bbox 1938 5189 2173 5259; x_wconf 68' lang='lat' dir='ltr'><strong>publica!</strong></span> <span class='ocrx_word' id='word_1_764' title='bbox 2205 5189 2383 5244; x_wconf 90' lang='lat' dir='ltr'><strong>simile</strong></span> <span class='ocrx_word' id='word_1_765' title='bbox 2414 5200 2556 5244; x_wconf 74' lang='lat' dir='ltr'><strong>esset</strong></span> <span class='ocrx_word' id='word_1_766' title='bbox 2593 5192 2896 5245; x_wconf 81' lang='lat' dir='ltr'><strong>Romanum</strong></span> <span class='ocrx_word' id='word_1_767' title='bbox 2931 5192 3255 5261; x_wconf 88' lang='lat' dir='ltr'><strong>imperium,</strong></span> <span class='ocrx_word' id='word_1_768' title='bbox 3288 5190 3381 5243; x_wconf 90' lang='lat' dir='ltr'><strong>sed</strong></span> <span class='ocrx_word' id='word_1_769' title='bbox 3415 5188 3515 5241; x_wconf 85' lang='lat' dir='ltr'><strong>ub-</strong></span> 
     </span>
    </p>
   </div>
   <div class='ocr_carea' id='block_1_112' title="bbox 1939 5280 3511 5352">
    <p class='ocr_par' dir='ltr' id='par_1_112' title="bbox 1939 5280 3511 5352">
     <span class='ocr_line' id='line_1_112' title="bbox 1939 5280 3511 5352; baseline -0.001 -17"><span class='ocrx_word' id='word_1_770' title='bbox 1939 5296 2099 5335; x_wconf 85' lang='lat' dir='ltr'><strong>scura</strong></span> <span class='ocrx_word' id='word_1_771' title='bbox 2161 5280 2408 5350; x_wconf 70' lang='lat' dir='ltr'><strong>quaedam</strong></span> <span class='ocrx_word' id='word_1_772' title='bbox 2465 5282 2626 5352; x_wconf 83' lang='lat'><strong>753</strong></span> <span class='ocrx_word' id='word_1_773' title='bbox 2685 5283 2978 5337; x_wconf 85' lang='lat' dir='ltr'><strong>simulacra</strong></span> <span class='ocrx_word' id='word_1_774' title='bbox 3034 5283 3154 5336; x_wconf 90' lang='lat' dir='ltr'><strong>luce</strong></span> <span class='ocrx_word' id='word_1_775' title='bbox 3206 5280 3511 5334; x_wconf 87' lang='lat' dir='ltr'><strong>carentium</strong></span> 
     </span>
    </p>
   </div>
   <div class='ocr_carea' id='block_1_113' title="bbox 1938 5372 3511 5444">
    <p class='ocr_par' dir='ltr' id='par_1_113' title="bbox 1938 5372 3511 5444">
     <span class='ocr_line' id='line_1_113' title="bbox 1938 5372 3511 5444; baseline -0.002 -17"><span class='ocrx_word' id='word_1_776' title='bbox 1938 5388 2058 5427; x_wconf 82' lang='lat' dir='ltr'><strong>esse</strong></span> <span class='ocrx_word' id='word_1_777' title='bbox 2115 5374 2458 5438; x_wconf 77' lang='lat' dir='ltr'><strong>viderentur,</strong></span> <span class='ocrx_word' id='word_1_778' title='bbox 2505 5390 2627 5443; x_wconf 80' lang='lat' dir='ltr'><strong>quae</strong></span> <span class='ocrx_word' id='word_1_779' title='bbox 2681 5390 2711 5429; x_wconf 88' lang='lat' dir='ltr'><strong>c</strong></span> <span class='ocrx_word' id='word_1_780' title='bbox 2764 5374 3066 5444; x_wconf 77' lang='lat' dir='ltr'><strong>longinquo</strong></span> <span class='ocrx_word' id='word_1_781' title='bbox 3122 5372 3225 5427; x_wconf 87' lang='lat' dir='ltr'><strong>sibi</strong></span> <span class='ocrx_word' id='word_1_782' title='bbox 3275 5372 3511 5426; x_wconf 87' lang='lat' dir='ltr'><strong>invicem</strong></span> 
     </span>
    </p>
   </div>
   <div class='ocr_carea' id='block_1_114' title="bbox 1938 5458 3591 5535">
    <p class='ocr_par' dir='ltr' id='par_1_114' title="bbox 1938 5458 3591 5535">
     <span class='ocr_line' id='line_1_114' title="bbox 1938 5458 3591 5535; baseline 0.002 -20"><span class='ocrx_word' id='word_1_783' title='bbox 1938 5465 2094 5535; x_wconf 80' lang='lat' dir='ltr'><strong>quasi</strong></span> <span class='ocrx_word' id='word_1_784' title='bbox 2131 5465 2495 5534; x_wconf 65' lang='lat' dir='ltr'><strong>prtedicarcnt</strong></span> <span class='ocrx_word' id='word_1_785' title='bbox 2549 5466 2802 5522; x_wconf 88' lang='lat' dir='ltr'><strong>intimum</strong></span> <span class='ocrx_word' id='word_1_786' title='bbox 2849 5468 3012 5522; x_wconf 87' lang='lat' dir='ltr'><strong>animi</strong></span> <span class='ocrx_word' id='word_1_787' title='bbox 3049 5468 3335 5532; x_wconf 89' lang='lat' dir='ltr'><strong>dolorem;</strong></span> <span class='ocrx_word' id='word_1_788' title='bbox 3383 5480 3510 5519; x_wconf 86' lang='lat' dir='ltr'><strong>eum</strong></span> <span class='ocrx_word' id='word_1_789' title='bbox 3586 5458 3591 5462; x_wconf 71' lang='grc'><strong>’</strong></span> 
     </span>
    </p>
   </div>
   <div class='ocr_carea' id='block_1_115' title="bbox 1940 5560 3511 5630">
    <p class='ocr_par' dir='ltr' id='par_1_115' title="bbox 1940 5560 3511 5630">
     <span class='ocr_line' id='line_1_115' title="bbox 1940 5560 3511 5630; baseline 0.001 -18"><span class='ocrx_word' id='word_1_790' title='bbox 1940 5574 2158 5628; x_wconf 82' lang='lat' dir='ltr'><strong>nempe,</strong></span> <span class='ocrx_word' id='word_1_791' title='bbox 2197 5573 2359 5629; x_wconf 88' lang='lat' dir='ltr'><strong>quem</strong></span> <span class='ocrx_word' id='word_1_792' title='bbox 2392 5560 2686 5630; x_wconf 81' lang='lat' dir='ltr'><strong>unicuique</strong></span> <span class='ocrx_word' id='word_1_793' title='bbox 2717 5577 2824 5616; x_wconf 91' lang='lat' dir='ltr'><strong>non</strong></span> <span class='ocrx_word' id='word_1_794' title='bbox 2859 5560 3058 5616; x_wconf 84' lang='lat' dir='ltr'><strong>desinit</strong></span> <span class='ocrx_word' id='word_1_795' title='bbox 3103 5560 3378 5616; x_wconf 77' lang='lat' dir='ltr'><strong>attinulate</strong></span> <span class='ocrx_word' id='word_1_796' title='bbox 3421 5575 3511 5615; x_wconf 75' lang='grc' dir='ltr'>εκ-</span> 
     </span>
    </p>
   </div>
   <div class='ocr_carea' id='block_1_116' title="bbox 1598 5675 2155 5737">
    <p class='ocr_par' dir='ltr' id='par_1_116' title="bbox 1598 5675 2155 5737">
     <span class='ocr_line' id='line_1_116' title="bbox 1598 5675 2155 5737; baseline -0.002 -3"><span class='ocrx_word' id='word_1_797' title='bbox 1598 5675 1933 5737; x_wconf 76' lang='lat' dir='ltr'><strong>Variorum</strong></span> <span class='ocrx_word' id='word_1_798' title='bbox 1968 5685 2155 5735; x_wconf 72' lang='lat' dir='ltr'><strong>noun.</strong></span> 
     </span>
    </p>
   </div>
   <div class='ocr_carea' id='block_1_117' title="bbox 330 5778 1824 5849">
    <p class='ocr_par' dir='ltr' id='par_1_117' title="bbox 330 5778 1824 5849">
     <span class='ocr_line' id='line_1_117' title="bbox 330 5778 1824 5849; baseline -0.003 -13"><span class='ocrx_word' id='word_1_799' title='bbox 330 5781 404 5840; x_wconf 76' lang='lat' dir='ltr'><strong>t9)</strong></span> <span class='ocrx_word' id='word_1_800' title='bbox 431 5780 605 5849; x_wconf 76' lang='lat' dir='ltr'><strong>Atque</strong></span> <span class='ocrx_word' id='word_1_801' title='bbox 642 5780 770 5835; x_wconf 85' lang='lat' dir='ltr'><strong>hinc</strong></span> <span class='ocrx_word' id='word_1_802' title='bbox 796 5779 1064 5835; x_wconf 85' lang='lat' dir='ltr'><strong>discimus</strong></span> <span class='ocrx_word' id='word_1_803' title='bbox 1091 5796 1118 5834; x_wconf 89' lang='lat' dir='ltr'><strong>a</strong></span> <span class='ocrx_word' id='word_1_804' title='bbox 1146 5796 1254 5849; x_wconf 82' lang='lat' dir='ltr'><strong>quo</strong></span> <span class='ocrx_word' id='word_1_805' title='bbox 1300 5778 1564 5833; x_wconf 75' lang='lat' dir='ltr'><strong>exstructi</strong></span> <span class='ocrx_word' id='word_1_806' title='bbox 1620 5778 1824 5832; x_wconf 83' lang='lat' dir='ltr'><strong>fuerint</strong></span> 
     </span>
    </p>
   </div>
   <div class='ocr_carea' id='block_1_118' title="bbox 263 5849 1823 5922">
    <p class='ocr_par' dir='ltr' id='par_1_118' title="bbox 263 5849 1823 5922">
     <span class='ocr_line' id='line_1_118' title="bbox 263 5849 1823 5922; baseline 0 -20"><span class='ocrx_word' id='word_1_807' title='bbox 263 5852 404 5905; x_wconf 78' lang='lat' dir='ltr'><strong>ntu.i</strong></span> <span class='ocrx_word' id='word_1_808' title='bbox 439 5852 516 5905; x_wconf 72' lang='lat' dir='ltr'><strong>illi</strong></span> <span class='ocrx_word' id='word_1_809' title='bbox 565 5851 878 5906; x_wconf 82' lang='lat' dir='ltr'><strong>ubniteutes</strong></span> <span class='ocrx_word' id='word_1_810' title='bbox 905 5862 1143 5921; x_wconf 84' lang='lat' dir='ltr'><strong>quatuor</strong></span> <span class='ocrx_word' id='word_1_811' title='bbox 1167 5852 1466 5922; x_wconf 76' lang='lat' dir='ltr'><strong>majoribus</strong></span> <span class='ocrx_word' id='word_1_812' title='bbox 1496 5850 1620 5919; x_wconf 74' lang='lat' dir='ltr'><strong>pilis</strong></span> <span class='ocrx_word' id='word_1_813' title='bbox 1659 5849 1823 5904; x_wconf 79' lang='lat' dir='ltr'><strong>susti-</strong></span> 
     </span>
    </p>
   </div>
   <div class='ocr_carea' id='block_1_119' title="bbox 1935 5774 3503 5847">
    <p class='ocr_par' dir='ltr' id='par_1_119' title="bbox 1935 5774 3503 5847">
     <span class='ocr_line' id='line_1_119' title="bbox 1935 5774 3503 5847; baseline 0.001 -20"><span class='ocrx_word' id='word_1_814' title='bbox 1935 5775 2195 5847; x_wconf 62' lang='lat' dir='ltr'><strong>neutibus</strong></span> <span class='ocrx_word' id='word_1_815' title='bbox 2260 5776 2727 5842; x_wconf 66' lang='lat' dir='ltr'><strong>hemispbarrium,</strong></span> <span class='ocrx_word' id='word_1_816' title='bbox 2781 5780 2849 5833; x_wconf 85' lang='lat' dir='ltr'><strong>de</strong></span> <span class='ocrx_word' id='word_1_817' title='bbox 2920 5778 3123 5847; x_wconf 80' lang='lat' dir='ltr'><strong>quibus</strong></span> <span class='ocrx_word' id='word_1_818' title='bbox 3182 5778 3393 5844; x_wconf 68' lang='lat' dir='ltr'><strong>egimus</strong></span> <span class='ocrx_word' id='word_1_819' title='bbox 3446 5774 3503 5829; x_wconf 82' lang='lat' dir='ltr'><strong>in</strong></span> 
     </span>
    </p>
   </div>
   <div class='ocr_carea' id='block_1_120' title="bbox 1934 5845 3425 5915">
    <p class='ocr_par' dir='ltr' id='par_1_120' title="bbox 1934 5845 3425 5915">
     <span class='ocr_line' id='line_1_120' title="bbox 1934 5845 3425 5915; baseline -0.001 -16"><span class='ocrx_word' id='word_1_820' title='bbox 1934 5845 2337 5915; x_wconf 65' lang='lat' dir='ltr'><strong>Conslzmtt&#39;tmp.</strong></span> <span class='ocrx_word' id='word_1_821' title='bbox 2389 5848 2580 5903; x_wconf 72' lang='lat' dir='ltr'><strong>Christ.</strong></span> <span class='ocrx_word' id='word_1_822' title='bbox 2620 5851 2710 5905; x_wconf 80' lang='lat' dir='ltr'><strong>lib.</strong></span> <span class='ocrx_word' id='word_1_823' title='bbox 2753 5866 2832 5915; x_wconf 86' lang='lat' dir='ltr'><strong>lit,</strong></span> <span class='ocrx_word' id='word_1_824' title='bbox 2869 5845 3000 5905; x_wconf 61' lang='lat' dir='ltr'><strong>seet.</strong></span> <span class='ocrx_word' id='word_1_825' title='bbox 3046 5850 3134 5905; x_wconf 76' lang='grc'><strong>56.</strong></span> <span class='ocrx_word' id='word_1_826' title='bbox 3192 5850 3425 5905; x_wconf 61' lang='lat' dir='ltr'><strong>Ducam.</strong></span> 
     </span>
    </p>
   </div>
  </div>
