3944 6206
147 190 237 256 θυι
479 185 556 257 [Α.
594 198 644 240 c.
687 183 848 256 1546]
880 163 899 264 ς

1130 189 1570 252 BYZANTINJS
1627 188 2008 255 HISTORIA!
2050 197 2188 261 LIB.
2235 194 2336 260 XV

2485 190 2618 270 [ηιμ.
2658 216 2702 256 .t.
2743 217 2972 262 passos.
3017 201 3076 278 5]

3243 206 3356 279 994

145 315 241 374 λοις
263 307 392 363 ἀλλα
415 308 522 361 τῶν
555 325 612 360 τε
645 306 932 376 ὁμοφύλων
987 307 1081 358 καὶ
1119 306 1452 376 ἀλλοφύλων,
1509 325 1657 377 παρα

1796 313 2077 367 hominum
2103 319 2370 385 exempla,
2399 319 2492 388 qui
2522 319 2574 374 in
2605 321 2874 379 similibus
2907 335 3070 396 atque
3095 329 3260 385 etiam
3294 333 3353 389 in

148 402 389 467 πλησίαις
431 400 522 453 καὶ
572 397 814 468 μείζοσιν
846 398 1280 467 ἐντετυχηκότων
1313 398 1489 451 ἄλλοτ’
1517 399 1690 463 ἄλλως

147 493 304 545 ἄλλων
334 489 690 560 περιστάσεσι
732 488 924 551 βιαίων
972 489 1064 540 καὶ¹
1118 488 1686 555 δυσανταγωνιστικωο

148 581 301 649 τὲρων
341 579 484 648 μάλα
510 578 871 646 πραγμάτων.

208 668 274 721 Γ’.
312 669 503 734 Ὅμως
533 668 653 719 ἐπεὶ
678 669 789 728 τοῖς
811 667 908 738 τῆς
939 669 1196 738 προνοίας
1220 669 1553 741 ἀπορρήτοις
1599 685 1695 722 πε·

146 761 319 828 λάγεσι
344 764 403 812 τὸ
427 758 534 811 τῶν
565 760 822 812 τοιούτοιν
861 759 1035 827 λόγων
1068 763 1432 832 ἐπαφήκαμεν
1463 762 1690 828 σκάφος,

148 851 263 921 φέρε
286 851 388 921 τὴν
421 850 710 919 ὑπόσχεσιν
741 850 1050 920 ἀποδῶμεν,
1095 855 1222 922 μιᾶς
1249 871 1392 917 τινος
1414 854 1520 906 τῶν
1550 853 1694 906 Καν-

147 941 466 1010 τακουζηνοῦ
497 941 723 1010 μακρῶν
757 942 814 1002 ἐς
850 941 1180 1006 Βυζαντίους
1212 943 1512 997 ἐπιστολῶν
1535 961 1692 1011 ποιηο

148 1034 624 1102 σάμενοιμνήμην.
678 1031 773 1085 τοῦ
818 1050 878 1085 τε
939 1033 1147 1104 μήκους
1195 1035 1588 1104 ὐφαιρούμενοι
1624 1036 1691 1088 τὰ

146 1123 381 1184 πλεῖστα,
414 1121 509 1176 τοῦ
536 1123 806 1192 ἐπαχθοῦς
836 1123 1040 1190 εἵνεκα,
1075 1128 1168 1178 καὶ
1195 1125 1310 1195 ἅμα
1334 1126 1396 1178 τὸ
1455 1116 1692 1189 ἀκαλλὲς

144 1211 240 1267 τῶν
268 1213 471 1278 λέξεων
499 1211 578 1281 πὴ
613 1213 710 1282 μὲν
744 1213 938 1284 μικρὸν
970 1215 1340 1282 ὑπερείδοντες
1371 1218 1535 1268 τεκαὶ
1571 1217 1693 1269 ἀνε-

146 1304 427 1373 γείροντες,
450 1303 543 1356 τοῦ
576 1304 886 1372 εὐπρεποῦς
927 1304 1108 1357 εἵνεκα
1129 1306 1239 1358 τῶν
1269 1306 1525 1359 ἀκούσειν
1562 1307 1691 1376 μελ-

145 1395 353 1459 λόντων,
391 1395 468 1463 πὴ
497 1393 542 1447 δ’
576 1393 792 1458 ἐῶντες,
822 1394 911 1447 διά
937 1398 1035 1465 τὴν
1059 1396 1154 1464 τῆς
1180 1395 1433 1466 ἀληθείας
1461 1383 1689 1469 ἐναργε-

148 1490 328 1554 στέραν
351 1485 459 1538 τῶν
485 1486 798 1553 λεγομένων
840 1485 1095 1554 δήλωσιν.

205 1580 276 1627 Δ’.
309 1592 327 1624 ι
368 1567 557 1635 Οἶσθα,
595 1592 614 1625 ι
681 1575 844 1643 φησὶν
897 1576 1029 1646 (ii),
1079 1594 1098 1628 ι
1138 1576 1400 1645 ἀγιώτατε
1450 1579 1686 1632 ’δέσποτα

147 1655 466 1734 πατριάρχαι,
519 1665 619 1734 τὴν
683 1664 885 1734 φιλίαν,
927 1656 1131 1737 ὁπόσην
1168 1668 1516 1738 ἐνεδειξάμην
1551 1671 1684 1740 πρὸς

147 1751 200 1804 σὲ
219 1754 311 1805 καὶ
335 1755 433 1824 τὴν
454 1752 552 1824 σὴν
582 1753 768 1824 τιμὴν,
826 1757 920 1808 καὶ
971 1757 1158 1810 ὁπόσοι
1214 1773 1296 1810 σοι
1353 1761 1491 1811 κατά
1531 1760 1686 1828 γένος

144 1845 405 1914 προσῆκον
437 1860 452 1876 ο
487 1846 619 1915 ὅσην
639 1862 699 1898 τε
745 1846 980 1916 σπουδὴν
1033 1847 1346 1920 εἰσήνεγκα,
1403 1851 1538 1920 πρὸς
1586 1852 1686 1924 τὴν

144 1935 536 2005 πιτριαρχικὴν
561 1935 860 2006 ἀναχθῆναί
906 1953 965 1990 σε
1002 1939 1310 2010 περιωπήν,
1345 1941 1484 2012 μήτε
1519 1943 1684 2013 μηδε-

147 2029 263 2094 μιᾶς
289 2028 583 2095 γενομένης
635 2028 854 2097 μνήμης
884 2028 1058 2081 οὐδενὶ
1093 2022 1201 2082 τῶν
1243 2019 1564 2086 ἐπισκόπων
1593 2035 1687 2088 καὶ

148 2118 519 2186 πρεσϐυτέρων
559 2120 616 2169 ὲν
653 2119 770 2176 ταῖς
835 2121 1256 2190 πατριαρχικαῖς
1310 2121 1685 2192 ψηφηφορίαις

147 2209 259 2275 περὶ
308 2207 420 2273 σοῦ,
454 2206 582 2277 μήτ’
604 2207 670 2261 αὖ
700 2208 856 2277 ἡμῶν
885 2205 1288 2278 εἰσαγαγόντων
1337 2213 1435 2283 τὴν
1462 2215 1685 2285 μνήμην

146 2298 228 2366 ιψι
249 2299 344 2369 τὴν
373 2303 494 2368 σὴν,
524 2296 930 2368 ἀναμφίλεκτον
962 2297 1278 2373 εὑρηκότων
1306 2303 1404 2374 τὴν
1452 2306 1686 2372 είσαγω-

146 2386 253 2456 τὴν,
288 2391 522 2461 ἀφανείᾳ
546 2392 918 2461 τετιμημένην
947 2392 1085 2455 τέως
1127 2393 1314 2464 μακρᾷ
1349 2395 1443 2447 καὶ
1469 2394 1682 2467 βαθείᾳ.

151 2482 320 2551 Ὅμως
342 2477 519 2549 οἶσθα,
542 2484 768 2546 ὁπόσους
788 2485 1088 2554 τηνικαῦτα
1118 2486 1517 2558 διηντλήκαμεν
1542 2489 1683 2559 ὑπὲρ

145 2575 229 2642 τῆς
260 2574 359 2644 σῆς
385 2575 508 2637 τοῦς
536 2575 728 2638 πόνους
782 2577 968 2646 τιμῆς,
1009 2580 1224 2631 πάντων
1275 2579 1685 2649 ἀνθισταμένων

150 2667 354 2736 μικροῦ,
385 2665 478 2717 καὶ
510 2659 837 2736 τυραννικὴν
885 2666 1196 2721 καλούντων
1249 2669 1466 2739 ἐκείνην
1527 2671 1684 2741 ἡμῶν

144 2755 229 2823 τὴν
256 2755 510 2826 σπουδήν.
539 2752 707 2810 Οἶσθα
740 2756 787 2809 δ’
838 2755 905 2810 αὖ
953 2759 1047 2811 καὶ
1099 2747 1237 2828 μετά
1293 2758 1353 2811 τὸ
1406 2760 1679 2828 γενέσθαι,

146 2843 318 2906 πόσαις
351 2843 602 2912 ἐνέτυχες
626 2846 982 2910 περιστάσεσι
1015 2845 1152 2914 πρὸς
1179 2845 1275 2899 τοῦ
1315 2847 1679 2914 Ἀποκαύκου,

141 2936 225 2996 τὰς
280 2934 564 3004 βασιλικὰς
633 2934 1022 3002 ὐπορύττοντος
1096 2934 1284 2999 ἀκοὰς,
1358 2936 1453 2989 καὶ
1515 2939 1682 3006 συχνά
1709 2973 1752 3032 c

143 3026 236 3077 τῶν
265 3026 468 3094 θρόνων
501 3042 560 3077 σε
612 3025 887 3088 πείθοντος
942 3019 1210 3082 καθελεῖν.
1272 3019 1372 3079 ’ον
1429 3028 1682 3081 ἀπάντων

141 3113 458 3187 καθαιρέτης
485 3117 728 3188 ὑπῆρχον
763 3118 946 3183 αὐτὸς,
997 3118 1388 3189 μηχανήμασιν
1424 3119 1682 3184 ἀνθιστάς

143 3207 500 3280 μηχανήματα
528 3211 621 3262 καὶ
653 3209 964 3262 ὲλεπόλεσιν
994 3210 1290 3275 ἑλεπόλεις,
1343 3211 1438 3266 καὶ
1473 3212 1683 3282 πύργος

140 3315 213 3350 σοι
238 3301 522 3369 γινόμενος
548 3300 838 3370 κράτιστος
868 3301 964 3353 καὶ
989 3299 1237 3364 θεμέλιος
1257 3301 1528 3366 ἄσειστος.
1550 3304 1681 3356 Δέον

136 3387 218 3440 οὖν
249 3391 344 3442 καὶ
374 3389 431 3442 σὲ
457 3393 569 3452 τοίς
603 3389 808 3459 ὁμοίοις
835 3390 981 3459 ἡμᾶς
1017 3391 1365 3460 ἀμείϐεσθαι,
1399 3393 1464 3445 σὺ
1496 3393 1552 3446 δὲ
1589 3393 1681 3446 καὶ

135 3479 673 3550 προσεπιδαψιλεύσω
701 3483 770 3532 τὰ
801 3482 1048 3550 χείριστα
1094 3479 1217 3534 καθ’
1255 3481 1434 3551 ἡμῶν.
1472 3484 1677 3555 Δεηθῆ-

135 3572 214 3623 ναί
255 3588 314 3624 σε
346 3571 521 3643 χρεὼν
573 3563 751 3625 τοίνυν
802 3571 898 3624 τοῦ
951 3571 1107 3636 Θεοῦ,
1171 3573 1246 3642 μὴ
1297 3576 1677 3644 παραπλησίου

131 3666 309 3731 τυχεῖν
340 3665 549 3717 ἐκείνου
573 3663 781 3734 κριτοῦ.
826 3665 934 3717 Καὶ
973 3666 1022 3718 εί
1065 3665 1164 3734 μὲν
1198 3668 1277 3728 είς
1335 3671 1529 3739 πεῖραν
1586 3669 1680 3722 ίὼν

131 3745 394 3826 πρότερον
425 3755 814 3819 συνεϐούλευες
848 3756 948 3825 μὲν
972 3757 1095 3826 ἐμοὶ
1126 3758 1192 3809 τά
1245 3746 1505 3812 δοκοῦντα
1547 3777 1681 3832 χρη-

129 3845 252 3908 στὰ,
279 3842 535 3915 εῦρισκες
563 3838 730 3896 δ”οῦν
753 3842 1254 3912 δυσανασχετοῦντα
1298 3849 1392 3898 καὶ
1421 3847 1494 3915 μὴ
1551 3864 1678 3899 πει-

129 3933 374 4001 θόμενον,
405 3938 470 3989 ἀν
493 3949 612 3988 τινα
643 3935 758 4005 (12)
779 3936 1053 4005 πρόφασιν
1083 3937 1115 4005 ἠ
1144 3935 1210 4004 σὴ
1265 3935 1382 3988 καθ’
1415 3937 1570 4005 ἡμῶν
1585 3939 1680 4007 τῆς

127 4029 321 4092 κακίας
359 4025 564 4096 ταύτης
598 4027 856 4096 συσκευὴ.
903 4026 1018 4080 Νῦν
1068 4026 1111 4078 δ’
1164 4027 1351 4079 οὐδένα
1407 4043 1489 4078 σοι
1524 4029 1679 4094 λόγον

127 4115 561 4184 εὐπροφάσιστον
581 4111 734 4186 οἶμαι
761 4115 1058 4183 λελεῖφθαι,
1083 4115 1219 4183 πρὸς
1249 4115 1548 4182 ἀπολογίαν
1573 4117 1679 4168 τῶν

125 4203 262 4258 οὓτω
294 4206 590 4276 δρωμένων
639 4206 794 4258 ίόντι.
841 4204 1024 4270 Ἀπαξ
1054 4205 1163 4273 γὰρ
1187 4205 1514 4276 ἀπειρηκότι
1543 4222 1681 4261 παν-

123 4297 329 4349 τάπασι
359 4297 457 4364 τὴν
478 4296 616 4365 πρὸς
683 4295 783 4366 ἐμὲ
845 4295 937 4348 τοῦ
992 4295 1177 4348 λοιποῦ
1231 4296 1574 4364 συμφωνίαν,
1621 4297 1683 4360 ἐξ

1791 4297 1978 4361 semel,
2017 4295 2168 4349 nullo
2203 4305 2490 4364 praetextu,
2531 4296 2678 4349 onmi
2715 4311 2928 4369 mecum
2969 4298 3021 4349 in
3066 4307 3348 4366 posterum
3446 4370 3450 4372 Π

125 4385 380 4454 οὐδεμιᾶς
399 4387 743 4456 προφάσεως,
759 4382 948 4438 οὐδένα
970 4386 1095 4455 περὶ
1141 4389 1247 4439 τῶν
1275 4388 1681 4441 ἀποϐαινὸντων

122 4475 374 4528 ἐντεῦθεν
393 4479 504 4538 τοίς
539 4475 823 4546 Ῥωμαίων
852 4475 1071 4548 [ΡᾸἸι]
1086 4479 1373 4546 πράγμασι
1403 4480 1681 4549 δυσχερῶν

123 4563 396 4615 ποιεῖσθαι
431 4563 588 4630 λόγον
617 4563 1002 4632 πεφρόντικας.
1029 4564 1089 4615 Εί
1117 4561 1211 4616 οὐν
1232 4564 1328 4631 ὀψὲ
1362 4559 1515 4631 γοῦν,
1543 4572 1681 4635 μετὰ

117 4655 211 4721 τὴν
253 4657 456 4722 πεῖραν
485 4653 583 4721 τῆς
611 4653 933 4716 ἀποϐάσεως
964 4656 1058 4706 καὶ
1088 4655 1197 4707 τῶν
1252 4657 1310 4706 ὲν
1341 4655 1462 4722 δψει
1501 4657 1680 4726 διηνε·

118 4745 200 4796 κεῖ
234 4746 448 4807 κακῶν,
487 4747 564 4805 είς
598 4744 658 4795 τὸ
690 4745 789 4812 τῆς
827 4745 1050 4814 εἰρήνης
1107 4745 1441 4815 ἀποϐλέψαις
1491 4747 1675 4814 καλὸν,

116 4838 312 4900 σώζεις
349 4840 447 4908 μὲν
469 4835 545 4891 cs
572 4838 920 4908 κατάλειμμα
967 4837 1075 4890 τῶν
1122 4836 1424 4907 Ῥωμαίων,
1483 4839 1678 4903 σώζεις

113 4927 166 4978 δὲ
197 4929 425 4994 σαυτὸν,
460 4931 556 4982 καὶ
583 4927 807 4996 βασιλέα
830 4930 921 4982 τὸν
949 4927 1089 4992 νέον,
1135 4922 1276 4998 μετά
1323 4930 1421 4999 τῆς
1475 4930 1678 5000 μητρὸς

112 5022 201 5070 καὶ
229 5019 509 5089 βασιλίδος
534 5021 752 5087 Ἀννης.
786 5020 848 5072 Ei
869 5019 926 5072 δὲ
971 5021 1082 5080 τοῖς
1115 5020 1320 5089 ὁμοίοις
1367 5021 1449 5071 ἔτι
1507 5019 1681 5082 θέλεις

111 5112 402 5180 ἐμμένειν,
451 5113 607 5182 ἡμεῖς
634 5113 733 5180 μὲν
765 5111 861 5164 οὐκ
890 5110 1164 5164 ἐθελονταὶ
1193 5110 1584 5180 βουληθείημεν
1615 5111 1682 5164 ἄν

111 5221 241 5257 ποτε
271 5205 534 5271 γενέσθαι
561 5206 656 5270 τῆς
688 5203 896 5265 οἰκείας
941 5202 1110 5273 τύχης
1145 5204 1238 5255 καὶ
1299 5203 1445 5271 ζωῆς
1492 5202 1685 5272 προδό-

1796 403 2096 472 majoribus
2126 406 2469 474 negotiorum
2499 410 2937 466 turbulentorum
2963 415 3358 476 diﬂiciliorumc

1794 508 1899 562 quc
1930 495 2197 552 molestiis
2225 491 2361 553 alias
2392 499 2550 555 aliter
2581 490 2782 559 versati
2808 494 2965 560 Vsunt.

1864 669 1954 725 Ill.
1999 671 2199 727 Verum
2244 674 2372 743 quia
2423 673 2626 732 arcano
2674 676 3036 740 Providentia:
3082 685 3360 757 profundo

1792 775 1980 814 earum
2031 779 2214 816 rerum
2263 780 2455 822 causas
2483 776 2538 822 et
2592 771 2853 836 rationes,
2893 777 3056 831 veluti
3105 782 3355 850 cymbam

1793 851 2051 920 aliquam,
2101 853 2486 924 permisimus;
2547 873 2668 929 age,
2727 866 3054 931 promissum
3108 869 3356 926 absolva-

1792 957 1935 1007 mus,
1970 960 2033 997 ac
2073 943 2235 1000 unam
2284 963 2350 1000 ex
2401 944 2741 1018 longioribus
2786 943 2943 1024 755
2986 948 3354 1016 Cantacuzeni

1793 1029 1860 1086 ad
1904 1031 2194 1103 Byzantios
2224 1036 2473 1104 epistolis
2503 1038 2583 1092 sic
2616 1040 2931 1110 aﬂ'eramus,
2971 1057 3031 1102 ut
3078 1058 3134 1102 et
3177 1041 3356 1118 pieraa

1791 1141 1897 1194 que
1941 1127 2085 1180 tadii
2127 1127 2335 1184 vitandi
2366 1132 2535 1200 gratia
2572 1134 2904 1201 recidamus,
2937 1148 2994 1193 et
3035 1140 3360 1199 iuvenustas

1791 1209 2081 1279 dictiones,
2114 1216 2276 1272 modo
2307 1220 2618 1277 auditorum
2653 1233 2709 1279 et
2758 1226 2944 1281 decori
2979 1227 3150 1298 ipsius
3188 1247 3357 1290 causa
3399 1256 3416 1274 ο

1790 1301 2081 1359 fulciamus
2107 1306 2300 1361 leviter
2329 1317 2382 1362 et
2411 1306 2708 1379 erigamus,
2741 1314 2904 1370 modo
2944 1317 3011 1370 ad
3049 1333 3234 1375 rerum
3262 1336 3358 1376 ves

1793 1393 2010 1450 ritatem
2042 1395 2354 1453 evidentius
2381 1395 2764 1458 declarandam
2799 1405 3036 1463 intactas
3066 1411 3351 1482 reiinquaa

1791 1498 1934 1538 mus.

1859 1575 1950 1631 Ν.
1997 1595 2014 1629 ι
2057 1576 2200 1658 Scis,
2251 1572 2452 1652 inquit.
2489 1579 2829 1641 sanctiSsime
2867 1573 3087 1644 domine
3117 1582 3352 1662 patriai-‘4

1792 1665 1915 1728 cha.
1949 1684 2110 1738 quam
2140 1671 2449 1726 studiosum
2473 1664 2558 1729 me
2586 1684 2642 1728 et
2676 1677 2753 1731 tui
2782 1687 2836 1733 et
2863 1678 3143 1749 dignitatis
3168 1696 3268 1739 tua:
3292 1695 3350 1742 et

1792 1753 1980 1842 eorum
2041 1753 2310 1826 omnium,
2366 1764 2461 1833 qui
2517 1779 2567 1819 te
2621 1767 2943 1838 cognatione
2995 1773 3349 1844 attingerent,

1792 1863 2010 1918 semper
2036 1850 2296 1921 gesserim
2324 1872 2340 1914 :
2373 1863 2430 1910 et
2465 1855 2730 1926 quantum
2775 1859 3069 1930 diligentiae
3102 1869 3364 1923 contule-

1793 1938 1919 2024 rint,
1954 1949 2013 1995 ut
2045 1951 2102 1996 tu
2142 1941 2208 1996 ad
2250 1936 2677 2019 patriarchalem
2713 1937 2978 2007 honorem
3028 1957 3364 2026 eveherere,

1791 2043 1918 2117 cum
1960 2032 2144 2086 nullus
2184 2025 2253 2088 de
2299 2033 2350 2089 te
2395 2037 2511 2091 sive
2539 2040 2853 2109 episcopus,
2890 2045 3004 2097 sive
3043 2047 3364 2118 presbyter;

1791 2121 2126 2204 mentionem
2175 2123 2230 2178 in
2274 2124 2518 2182 ferendis
2561 2130 2833 2200 suffragiis
2862 2134 3222 2206 eligendoque
3255 2155 3363 2209 ρος

1795 2214 2034 2269 triarcha
2067 2210 2366 2288 injecisset,
2399 2214 2504 2275 nec
2543 2213 2658 2292 ipsa
2701 2225 2777 2278 tui
2828 2209 3150 2294 nominatio,
3184 2211 3358 2300 quam!

1792 2297 1985 2385 magna
2017 2317 2072 2362 et
2105 2301 2376 2384 profunda
2416 2305 2644 2382 caligine
2675 2314 2743 2367 ad
2790 2315 2936 2384 illam
2982 2333 3153 2388 usque
3201 2297 3349 2375 diem

1791 2395 1997 2468 dignati
2023 2393 2255 2464 fuerant,
2281 2393 2651 2458 controversia
2682 2396 2968 2463 caruisset.
2998 2391 3119 2464 Scis
3145 2419 3352 2479 tamen,

1790 2495 2027 2556 quantos
2065 2485 2293 2544 hOnoris
2329 2491 2406 2544 tui
2453 2507 2615 2548 causa
2647 2483 3029 2565 laboreSItum
3073 2503 3353 2562 sustinue-

1794 2578 1987 2644 rimus,
2018 2569 2276 2636 omnibus
2321 2573 2494 2638 ferme
2531 2574 2954 2655 refragantibus,
2986 2603 3050 2644 ac
3098 2601 3350 2646 nostrum

1790 2665 1926 2722 illud
1956 2659 2195 2724 studium
2225 2671 2572 2750 tyrannicum
2599 2661 2985 2734 Voeitantibus.
3011 2659 3360 2750 Scisprursus-

1789 2765 1845 2810 et
1890 2759 2133 2827 quantis,
2170 2747 2463 2836 postquam
2508 2755 2818 2830 patriarcha
2869 2747 3216 2836 renuntiatus
3264 2747 3353 2835 es,

1789 2841 2024 2914 negotiis
2061 2835 2369 2915 implicatus
2403 2837 2596 2914 fueris,
2631 2835 2971 2908 obtundente
3001 2837 3360 2926 imperatoris

1789 2947 1951 2987 aures
1985 2925 2295 3003 Apocauco,
2333 2939 2498 3006 atque
2545 2947 2604 2992 ut
2657 2935 2708 2994 te
2761 2941 2828 2994 de
2869 2944 3040 3012 gradu
3085 2933 3358 3015 dejiceret.

1783 3022 2019 3077 subinde
2066 3017 2350 3098 suadente.
2401 3026 2480 3081 Ea"
2529 3026 2630 3099 ego
2664 3019 2846 3084 omnia
2876 3023 3198 3103 compressi,
3235 3053 3350 3092 ma-

1784 3113 2132 3170 chinationes
2164 3117 2688 3187 machinationibus,
2731 3122 2876 3177 vires
2923 3117 3135 3180 viribus
3178 3144 3350 3199 oppo'

1782 3201 1986 3271 nendo,
2017 3221 2083 3262 ac
2116 3205 2201 3262 me
2246 3205 2419 3279 ipsum
2457 3210 2554 3265 tibi
2594 3207 3059 3284 propugnaculum
3092 3221 3349 3275 munitis-

1781 3297 1979 3371 simum
2026 3297 2553 3368 fundamentumque
2593 3295 2980 3358 inconcussum
3030 3307 3345 3376 przebcndo.

1780 3389 1916 3442 Cum
1954 3387 2139 3456 itaque
2175 3385 2399 3456 paribus
2431 3387 2584 3458 paria
2609 3389 2805 3445 referri
2834 3404 3130 3462 Oporterct,
3160 3405 3216 3449 tu
3247 3414 3348 3454 nos

1782 3476 1996 3547 injuriis
2025 3477 2331 3531 cumulatos
2363 3477 2598 3546 pessime
2618 3469 2996 3538 remuneratus
3021 3499 3099 3538 es.
3137 3475 3346 3554 Super-

1778 3576 1862 3622 est
1895 3563 2075 3637 igitur,
2115 3567 2376 3641 utDeum
2413 3583 2593 3641 roges,
2646 3567 2711 3624 n'e
2742 3565 2867 3625 eum
2909 3566 3145 3640 iudicem
3182 3590 3346 3644 expe-

1781 3659 1923 3715 riare
1957 3659 2031 3712 tui
2069 3659 2327 3713 similem.
2355 3653 2519 3725 Quod
2568 3657 2730 3730 756
2769 3662 2837 3740 si,
2879 3661 3020 3740 fac-to
3055 3653 3206 3732 prius
3238 3666 3344 3720 mei

1781 3742 2046 3818 periculo,
2077 3765 2141 3804 ea
2165 3747 2388 3819 quidem
2418 3745 2687 3805 su‘asiss’es'
2713 3737 2870 3812 mihi,
2898 3737 3019 3820 quas
3049 3761 3105 3830 tu
3141 3743 3344 3822 optima

1780 3841 2108 3903 censuisSes,
2138 3857 2223 3894 me
2246 3857 2375 3896 vero
2397 3829 2770 3911 impatientem
2797 3837 2852 3896 et
2877 3833 3100 3898 minime
3121 3829 3353 3900 audien-

1784 3923 1889 3986 tem
1922 3933 2068 3986 dieto
2096 3931 2442 3992 offentiis's'es,
2477 3923 2672 3986 fuisset
2699 3931 2867 3986 certe
2898 3923 3095 4002 aliquis
3141 3943 3247 3988 tua:
3291 3937 3349 3991 in

1782 4037 1884 4075 nos
1918 4023 2118 4090 iniquae
2147 4005 2450 4076 molitionis
2479 4017 2793 4090 praetextas.
2827 4023 2982 4076 Nunc
3014 4039 3140 4078 vero
3175 4026 3352 4090 nulla,

1781 4107 1996 4183 opinor,
2045 4115 2142 4167 tibi
2191 4112 2500 4182 plausibilis
2549 4113 2693 4167 ratio
2729 4113 2916 4168 relicta
2965 4124 3068 4180 est,
3100 4116 3145 4168 si
3181 4118 3246 4170 ad
3283 4133 3353 4172 ea

1783 4222 1905 4276 qua:
1937 4205 2114 4260 fecisti
2146 4205 2488 4260 defendenda
2535 4206 2870 4276 aggrediare.
2925 4207 3147 4276 Abjecta
3199 4210 3353 4263 enim

1785 4386 2193 4458 conjunctione,
2226 4386 2429 4439 nullam
2467 4379 2669 4439 deinde
2701 4401 2909 4452 curam,
2944 4375 3149 4440 nullam
3179 4375 3352 4442 ratio-

1784 4481 1906 4533 nem
1947 4477 2190 4531 habuisti
2222 4491 2411 4531 eorum
2455 4476 2746 4540 malorum,
2791 4491 2912 4544 qua:
2951 4475 3008 4530 in
3043 4473 3351 4530 Romanum

1783 4546 2073 4636 imperium
2105 4565 2234 4620 inde
2258 4565 2650 4619 redundarent.
2678 4564 2813 4618 At'si
2841 4563 2962 4619 sero
2989 4566 3204 4631 saltem,
3231 4567 3355 4637 ipso

1781 4667 1977 4714 eventu
2008 4665 2062 4711 et
2093 4658 2354 4711 continuo
2388 4657 2653 4710 malorum
2682 4650 2980 4725 conspectu
3009 4650 3256 4718 edoCtus,
3280 4657 3351 4712 ad

1784 4749 1938 4821 pacis
1973 4744 2116 4802 bona
2149 4749 2433 4816 rcSpicias,
2466 4745 2707 4802 servabis
2733 4735 3032 4800 etiamnum
3062 4757 3118 4801 ct
3148 4747 3352 4800 Roma.-

1785 4856 1978 4895 norum
2001 4837 2145 4908 quod
2170 4846 2443 4907 superest,
2467 4847 2521 4892 et
2553 4849 2600 4892 te
2634 4839 2830 4907 ipsmn,
2863 4847 2919 4892 et
2941 4833 3215 4906 jUniOrem
3249 4839 3359 4892 ima

1787 4939 2091 5002 peratorem
2124 4944 2248 4983 cum
2282 4937 2456 4983 matre
2495 4929 2650 4982 Anna
2681 4927 3048 4999 imperatrice.
3081 4927 3175 4984 Sin
3215 4931 3359 4988 velis

1787 5023 1843 5075 in
1873 5020 2059 5074 eodem
2090 5033 2307 5086 semper
2342 5016 2590 5074 instituto
2617 5031 2882 5087 perstare,
2915 5019 3081 5075 nobis.
3104 5036 3256 5086 sane,
3289 5031 3355 5077 ut

1789 5110 2062 5166 fortunam
2095 5123 2157 5162 ac
2187 5109 2352 5161 vitam
2388 5119 2626 5162 nostram
2662 5109 2804 5163 ultro
2851 5110 3170 5178 prodamus,
3209 5129 3359 5168 nun.-

1788 5216 1949 5271 quam
1982 5199 2291 5253 volentibus
2334 5199 2588 5254 accidet:
2642 5208 2692 5254 te
2742 5209 2923 5255 autem
2975 5203 3350 5272 nequidquam

1468 5317 1803 5380 Variorum
1832 5326 2018 5378 noue.

179 5423 298 5490 (ll)
338 5421 556 5475 Annum
586 5422 785 5477 Christi
840 5422 978 5476 1546
1011 5421 1384 5491 ascripsimus,
1410 5490 1415 5491 γ
1445 5435 1554 5489 quo
1593 5422 1676 5473 in-

110 5503 273 5544 eunte
304 5494 488 5544 datam
548 5504 801 5560 putamus
861 5494 1006 5546 illam
1059 5490 1419 5560 Cantacuzeni
1479 5496 1542 5542 ait
1580 5507 1675 5558 pa-

111 5563 419 5615 tmrcham
479 5559 738 5617 Joannem
796 5563 1104 5631 epistolam.
1154 5559 1292 5614 lluic
1347 5561 1677 5628 conjecturae

1774 5420 1920 5474 favet
1973 5419 2107 5489 ordo
2145 5421 2262 5489 ipse
2316 5433 2498 5489 rerum
2564 5429 2931 5489 narratarum.
2962 5417 3168 5474 Borvuv.

1852 5491 1962 5556 (ιε)
1994 5486 2250 5560 Εἶχεναν
2283 5506 2426 5541 τινα.
2455 5488 2638 5560 Codex
2689 5487 2976 5544 Vaticanus
2999 5528 3013 5557 ,
3048 5498 3106 5544 ut
3158 5490 3352 5560 accepi

1775 5576 1838 5615 ex
1883 5560 1953 5614 cl.
1987 5559 2048 5615 V.
2085 5557 2146 5612 ι..
2185 5557 2439 5629 Targnio.
2467 5559 2674 5614 Boxvm.
