3992 6202
515 194 628 256 993
807 183 888 251 [Α.
927 197 983 236 tu.
1021 179 1180 237 6854.
1217 193 1332 233 mn.
1378 175 1468 246 Ml

1715 179 2132 241 NICEPIIORI
2171 176 2552 238 GREGOREE

2872 171 3004 240 [ηερ.
3046 187 3088 224 ι.
3127 183 3360 224 vitiumet.
3401 167 3461 240 5]

3633 175 3729 235 96

518 296 825 370 paenitebit,
857 296 1062 365 pudore
1092 293 1368 356 allectum,
1407 303 1460 346 ct
1495 292 1550 346 in
1582 291 1832 346 maximis
1859 290 2078 360 pericli-

2195 308 2268 342 ται
2293 304 2308 319 °
2343 291 2426 342 col.
2459 289 2505 341 δ’
2545 288 2696 338 ἔσται
2727 284 3035 355 μετάμελος
3071 286 3348 354 ἀνόνητος,
3366 284 3736 351 αἰσχυνομένῳ

519 399 744 449 tantem,
792 402 915 440 cum
965 385 1032 438 iis
1061 384 1152 454 qui
1185 383 1376 437 eadem
1411 391 1588 436 tecum
1642 382 1934 436 senserint.
1970 380 2082 449 Ego

517 495 650 532 vero
701 485 1105 531 sacrosanctam
1157 474 1466 541 almamque
1514 471 1863 533 Trinitatem,
1911 471 2082 523 Deum

519 569 760 632 unicum,
789 567 935 636 juro,
971 580 1056 618 me
1086 578 1186 618 nec
1218 564 1343 616 vivo
1371 561 1508 616 diva:
1539 561 1814 616 memoriae
1848 561 2084 629 impera-

524 670 660 722 tore,
694 673 795 712 nec
821 659 1010 711 eodem
1045 665 1284 718 mortuo,
1321 653 1640 707 meditatum
1677 668 1797 707 esse
1827 663 1917 706 aut
1950 667 2084 706 con-

522 750 769 804 stituissc
804 749 1100 818 quidquam
1136 746 1339 808 facere,
1373 745 1519 814 quod
1550 759 1654 798 non
1690 745 1763 797 illi
1798 745 2084 813 probatum

521 841 738 903 fuisset,
779 850 1040 906 quantum
1092 837 1300 891 scilicet
1351 839 1416 890 ad
1472 835 1820 904 imperatoria
1871 834 2085 902 negotia

518 930 827 992 attinuerit,
861 945 968 982 non
1019 927 1239 997 quidem
1278 927 1538 980 adversus
1584 927 1730 979 illius
1778 926 2084 995 coniugem,

524 1036 704 1091 neque
750 1023 912 1075 etiam
948 1021 1209 1074 adversus
1237 1019 1511 1088 juniorem
1554 1016 1964 1085 imperatorem,
1993 1030 2088 1069 co-

526 1129 640 1165 t'uzu
675 1113 880 1175 lilium;
913 1126 1088 1179 neque
1119 1109 1381 1162 honorem
1409 1108 1581 1169 illum,
1608 1121 1766 1175 quem
1800 1107 1930 1160 mihi
1966 1117 2089 1175 post

523 1201 872 1268 imperatoris
897 1209 1124 1252 mortem
1155 1198 1392 1268 propriis
1412 1197 1570 1267 equis
1598 1190 1913 1251 desilientes
1939 1196 2087 1250 obvii

523 1290 726 1358 quique
755 1289 1082 1351 tribuebant,
1110 1288 1177 1341 de
1211 1287 1481 1341 sententia
1513 1302 1630 1340 mea
1659 1286 1790 1339 mihi
1822 1300 2085 1354 unquam,

525 1379 618 1432 sed
662 1378 879 1446 pmprio
924 1377 1160 1445 quodam
1192 1376 1412 1429 illorum
1444 1375 1603 1445 757
1635 1383 1807 1440 motu,
1848 1375 2087 1428 delatum

527 1467 714 1520 fuisse.
749 1466 1036 1520 Enimvero
1077 1466 1213 1519 nihil
1265 1482 1372 1519 non
1423 1465 1522 1519 feci
1573 1467 1771 1533 quovis
1820 1473 2087 1533 tempore,

527 1557 663 1611 meis
688 1557 850 1611 etiam
880 1557 1164 1625 impensis,
1193 1572 1302 1625 quo
1327 1556 1640 1611 conservari
1671 1571 1859 1610 eorum
1892 1556 2003 1609 vita
2034 1565 2089 1610 et

2185 384 2279 436 καὶ
2303 378 2664 432 κινδυνεύοντι
2698 378 2824 446 περὶ
2855 378 2921 429 τὰ
2980 377 3233 444 μέγιστα,
3286 374 3382 426 σύν
3423 390 3486 441 γε
3520 373 3584 442 δὴ
3631 375 3744 432 τοῖς

2183 470 2357 524 ταυτά
2403 485 2486 520 σοι
2547 465 3097 535 συμϐουλευομένοις.
3136 462 3379 529 Ὄμνυμι
3429 459 3484 511 δέ
3535 474 3616 510 σοι
3647 457 3750 524 τὴι

2184 563 2345 629 ἁγίαν
2396 562 2487 614 καὶ
2543 557 2856 628 ζωαρχικὴν
2891 558 2970 625 Τρ
2996 557 3117 618 diu,
3165 555 3252 606 τδν
3314 554 3409 604 ἐνα
3461 551 3616 610 Θεὸν,
3669 548 3750 612 ὡς

2183 650 2306 704 οὕτε
2343 650 2544 714 ζῶντος
2573 649 2664 700 τοῦ
2701 645 3008 715 μακαρίτου
3067 642 3352 712 βατιλέωτ,
3387 639 3507 692 οὔτε
3561 639 3755 690 θανόν-

2185 761 2299 806 τος,
2339 741 2690 811 μεμελέτηκα
2716 737 2838 789 οὒτε
2869 734 3225 805 βεϐούλευμαι
3258 733 3388 800 δρᾷ-ι
3435 731 3542 782 τῶν
3568 730 3754 782 aziw-

2186 853 2293 887 των
2323 833 2496 897 οὐδὲν,
2524 831 2552 884 ὃ
2583 831 2656 898 μὴ
2681 829 2819 881 κατὰ
2850 827 3077 896 γνώμην
3107 820 3173 894 ἦν
3205 823 3417 888 ἐκείνῳ,
3449 820 3557 872 τῶν
3589 819 3753 889 βασι-

2190 925 2349 978 λείων
2372 924 2535 977 ἕνεκα
2565 921 2905 991 πραγμάτων
2941 917 3163 986 δηλαδὴ,
3194 913 3316 967 οὕτε
3349 914 3454 982 μὴν
3479 913 3621 965 κατὰ
3647 910 3757 978 τῆς

2188 1015 2398 1069 ἐκείνου
2428 1013 2687 1079 συζύγου,
2741 1009 2853 1064 οῦτ’
2887 1008 2954 1062 αὖ
2999 1009 3142 1060 κατά
3170 1005 3266 1057 τοῦ
3325 1005 3448 1057 νέου
3482 1003 3752 1072 βασιλέως

2188 1106 2457 1159 κάκείνων
2499 1105 2679 1166 υίέοςο
2712 1101 2826 1154 οὗθ’
2876 1101 2942 1171 ἣν
2993 1098 3276 1152 ἀπεδίδουν
3332 1097 3470 1165 μετά
3529 1095 3619 1146 τὸν
3650 1091 3743 1144 τοῦ

2193 1197 2458 1268 βασιλέως
2482 1195 2710 1248 θάνατον
2743 1192 3028 1264 βασιλικὴν
3055 1190 3242 1258 ἔμοιγε
3270 1187 3458 1256 τιμὴν,
3521 1187 3578 1237 ἐν
3629 1187 3744 1247 ταῖς

2189 1279 2526 1354 ὑπαντήσεσι
2575 1284 2685 1337 τῶν
2739 1283 2953 1336 οἰκείων
3028 1280 3331 1340 ἀποϐάντες
3390 1277 3594 1342 ἵππων,
3649 1276 3748 1342 τῆς

2189 1381 2333 1451 ἐμῆς
2367 1377 2631 1447 ἐτύγχανε
2657 1373 2906 1443 γνώμης,
2939 1371 3074 1425 ἀλλά
3101 1387 3184 1432 τις
3209 1368 3503 1437 ίδιότροπος
3526 1365 3754 1419 ἐκείνων

2190 1472 2357 1541 ὁρμή.
2401 1467 2544 1536 Ἐγὼ
2579 1466 2634 1518 δὲ
2670 1465 2825 1518 πάντ’
2855 1463 3023 1534 ἔδρων
3055 1461 3143 1514 ἀεὶ
3205 1459 3343 1529 μετά
3379 1459 3480 1524 τῆς
3538 1456 3761 1510 οῐκοθεν

2190 1563 2456 1631 δαπάνης,
2515 1559 2614 1612 ὅσα
2649 1556 2980 1626 συντήρησιν
3013 1549 3126 1623 εἶχε
3180 1551 3280 1620 τῆς
3341 1549 3545 1603 τούτων
3581 1547 3762 1614 ζωῆς,

525 1649 719 1702 salutis
751 1647 1066 1717 praesidium
1113 1648 1179 1700 iis
1223 1647 1422 1700 muniri
1462 1655 1661 1715 posset.
1708 1646 1826 1700 Non
1873 1659 2088 1714 semper

2195 1656 2286 1708 καὶ
2317 1650 2622 1720 ἀσφαλείας
2676 1650 2860 1717 σφίσιν
2915 1646 3160 1714 ὑπῆρχεν
3190 1641 3508 1714 ἀκρόπολις.
3531 1639 3604 1691 Οὐ
3639 1637 3762 1689 τοί-

530 1741 731 1807 itaque,
761 1739 974 1806 opinor,
1006 1737 1188 1791 divina
1225 1738 1426 1792 tacebit
1465 1737 1698 1803 juSIitia,
1746 1751 1868 1790 cum
1907 1745 2087 1789 vestra

533 1830 586 1880 in
622 1843 705 1880 me
729 1838 783 1881 et
808 1842 958 1880 meos
980 1827 1239 1895 iniquitas
1262 1842 1328 1881 co
1359 1828 1702 1897 promperit;
1728 1841 1850 1881 cum
1873 1825 2091 1896 sangui-

530 1921 616 1974 nis
649 1928 856 1973 tantum
899 1919 1132 1974 ell‘usutn
1166 1919 1269 1982 sit;
1306 1935 1428 1974 cum
1468 1929 1546 1973 tot
1577 1919 1732 1974 factm
1763 1920 1895 1982 sint,
1927 1926 2091 1986 atque

529 2010 825 2063 ctiamnum
873 2012 1003 2063 [iant
1041 2011 1201 2079 culpa
1247 2022 1444 2077 testra,
1492 2010 1786 2065 barbarica:
1818 2009 2091 2064 incursio-

531 2118 664 2163 nes;
703 2119 825 2156 cum
859 2104 1091 2170 denique
1125 2112 1202 2154 tot
1234 2102 1434 2170 captivi
1474 2112 1635 2156 noctu
1678 2101 1881 2171 pariter
1908 2107 1962 2154 et
2004 2099 2089 2153 in-

485 2205 491 2211 '
531 2194 709 2249 terdiu
745 2195 1106 2248 abducantur.
1152 2193 1258 2248 Sed
1308 2195 1514 2248 celeres
1557 2209 1586 2248 a
1633 2194 1788 2248 vobis
1837 2201 1891 2247 et
1931 2205 2091 2260 pares

534 2285 741 2338 meritis
770 2300 957 2354 poenas
985 2293 1369 2354 persequetur,
1396 2284 1476 2339 uti
1511 2283 1766 2338 nimirum
1798 2299 1827 2336 a
1855 2281 2088 2344 caneris,

531 2388 672 2439 quos
703 2382 914 2428 tacente
944 2389 1049 2438 me,
1082 2375 1183 2428 sub
1211 2374 1381 2428 oculis
1412 2375 1631 2439 vestris,
1665 2383 1725 2428 ut
1766 2387 1862 2426 vos
1902 2369 2093 2425 alienis

532 2463 780 2517 cladibus
800 2464 1176 2530 erudiremini,
1202 2465 1446 2519 divinum
1473 2480 1675 2519 numen
1707 2463 1853 2518 ferro
1877 2464 2095 2517 absum-

535 2555 662 2625 psit.
692 2555 846 2622 Quod
890 2556 935 2611 si
985 2557 1091 2611 mei
1138 2571 1302 2610 causa
1357 2565 1558 2611 tantam
1604 2556 1788 2611 animo
1830 2556 2093 2611 adversus

531 2661 724 2702 omnes
751 2646 1096 2702 Christianos
1142 2647 1287 2702 alitis
1335 2647 1751 2713 immanitatem,
1800 2656 1854 2702 et
1900 2649 2094 2717 quovis

533 2741 677 2792 ferro
724 2738 981 2809 rigidiora
1010 2737 1173 2792 corda
1205 2737 1415 2808 geritis,
1455 2739 1634 2792 omnis
1673 2743 1855 2792 autem
1889 2749 1944 2793 et
1979 2752 2096 2793 mo-

535 2827 746 2882 deratio
774 2841 832 2883 et
862 2827 1244 2882 misericordia
1272 2826 1440 2882 semel
1475 2825 1699 2880 omnino
1731 2841 1762 2884 e
1791 2826 2094 2880 visceribus

2193 1767 2290 1803 νυν
2315 1746 2617 1816 σιωπήσειν
2653 1745 2732 1806 είς
2763 1741 2918 1803 τέλος
2972 1739 3072 1809 τὴν
3121 1737 3274 1790 θείαν
3325 1735 3506 1803 οἴομαι
3568 1731 3764 1800 δίκην,

2189 1837 2462 1908 τοσαύτης
2495 1837 2592 1905 μὲν
2655 1832 2916 1900 ῥαγείσης
2981 1831 3101 1884 κατ’
3163 1825 3296 1896 ἐμοῦ
3352 1825 3446 1878 καὶ¹
3494 1823 3600 1875 τῶν
3656 1822 3771 1874 σὺν

2191 1929 2319 1998 ἐμοὶ
2365 1928 2462 1996 τῆς
2507 1924 2722 1986 ἀδικίας
2752 1923 2812 1988 ἐξ
2843 1921 3020 1991 ὑμῶν,
3073 1919 3340 1972 τοσούτων
3367 1917 3424 1970 δὲ
3480 1913 3773 1985 χυθέντων

2191 2015 2463 2086 αἱμάτων,
2519 2012 2788 2068 τοσούτων
2845 2011 2901 2064 δὲ
2947 2009 3258 2080 γενομένων
3312 2006 3407 2060 καὶ
3454 2002 3774 2074 γινομένων

2191 2109 2278 2162 διὰ
2311 2108 2406 2178 τὴν
2435 2106 2706 2176 ὑμετέραν
2746 2103 2946 2158 κακίαν
2991 2100 3194 2170 ἐφόδων
3231 2095 3602 2168 βαρϐαρικῶν,
3635 2108 3775 2145 τοσ-

2192 2200 2367 2254 ούτων
2390 2199 2435 2253 δ’
2462 2197 2824 2267 αἰχμαλώτων
2855 2194 3071 2263 νύκτωρ
3113 2192 3210 2244 καὶ
3232 2189 3350 2258 μεθ’
3380 2185 3594 2258 ἡμέραν
3616 2185 3776 2236 ἁπα-

2193 2291 2475 2360 γομένων·
2506 2288 2644 2343 ἀλλά
2678 2289 2902 2358 ταχεῖαν
2956 2285 3052 2340 καὶ
3086 2281 3420 2352 ἀποχρῶσαν
3481 2279 3577 2332 καὶ
3630 2276 3771 2330 καθ’

2194 2382 2348 2452 ὑμῶν
2373 2380 2613 2433 ἐποίσειν
2650 2379 2748 2450 τὴν
2779 2377 3082 2445 ἐκδίκησιν,
3112 2375 3303 2442 ὥσπερ
3329 2373 3465 2442 δῆτα
3493 2371 3587 2424 καὶ
3612 2369 3773 2423 κατὰ

2191 2474 2299 2526 τῶν
2350 2471 2548 2536 ἄλλων,
2609 2470 2702 2530 οὓς
2753 2468 2915 2539 ἔργον
2963 2468 3172 2534 ξίφους,
3218 2462 3352 2534 ἐμοῦ
3415 2461 3768 2525 σιωπῶντος,

2193 2561 2496 2631 ἐπεπράχει
2533 2558 2594 2612 τὸ
2633 2558 2777 2611 θεῖον
2836 2557 2943 2628 πρὸ
2963 2555 3259 2624 ὀφθαλμῶν
3291 2553 3464 2623 ὑμῶν,
3503 2552 3571 2605 ἵν’
3597 2553 3768 2621 ὑμεῖς

2193 2653 2309 2715 τοῖς
2363 2652 2470 2705 τῶν
2526 2650 2704 2704 ἀλλων
2752 2651 2941 2711 κακοῖς
2985 2646 3386 2714 παιδευθείητε.
3436 2645 3498 2698 Ei
3567 2646 3767 2713 μέντοι

2192 2744 2458 2813 τοσαύτην
2494 2741 2760 2811 ἐθρέψατε
2819 2738 2889 2793 δι’
2927 2739 3028 2808 ἐμὲ
3064 2737 3165 2808 τὴν
3230 2736 3546 2807 θηριωδίαψ
3577 2737 3637 2788 ἐν
3691 2740 3764 2807 τῇ

2193 2833 2337 2904 ψυχῇ
2367 2831 2507 2886 κατὰ
2532 2832 2748 2885 πάντων
2777 2829 2962 2892 ἁπλῶς
2986 2827 3345 2898 Χριστιανῶν,
3397 2827 3489 2879 καὶ
3528 2827 3764 2895 σιδήρου

535 2919 764 2982 «illuxit,
792 2919 951 2973 testis
976 2928 1096 2973 esto
1126 2917 1362 2987 primum
1391 2917 1612 2986 quidem
1639 2917 1751 2981 ille,
1780 2933 1810 2971 a
1842 2933 1951 2987 quo
1978 2933 2090 2972 om-

2200 2927 2302 2996 μὲν
2336 2923 2539 2986 παντὸς
2573 2920 2940 2992 σκληροτέραν
2996 2917 3300 2990 ἐκτήσασθε
3351 2918 3450 2985 τὴν
3502 2918 3764 2987 καρδίαν,

535 3011 626 3063 nia
656 3007 1086 3077 perspiciuntur,
1123 3006 1349 3076 pervigil
1377 3006 1474 3060 Dei
1506 3005 1699 3060 oculus
1731 3021 1745 3059 :
1777 3005 1976 3060 deinde
2005 3006 2092 3059 fax

536 3105 652 3167 ipsa
685 3098 839 3162 solis,
878 3098 1216 3152 terrestrium
1253 3096 1500 3150 omnium
1546 3096 1747 3162 altrix;
1791 3110 1900 3161 me,
1947 3095 2093 3165 quod

531 3188 598 3240 ad
632 3203 716 3241 me
754 3187 1046 3249 attinebat,
1075 3186 1451 3241 defensionem
1499 3201 1675 3240 meam
1717 3185 1933 3240 abunde
1963 3202 2092 3257 pro-

536 3278 773 3339 bavisse,
813 3292 915 3332 nec
962 3277 1273 3331 rationibus
1321 3278 1455 3332 mihi
1491 3277 1743 3346 pluribus
1777 3293 1916 3347 opus
1948 3293 2093 3331 esse.

534 3369 693 3422 Omni
728 3368 893 3437 igitur
927 3368 1094 3421 animi
1134 3367 1417 3421 voluntate
1444 3381 1618 3436 genua
1656 3379 1744 3420 tua
1774 3367 2094 3435 amplector,

533 3469 591 3514 et
617 3472 713 3528 per
739 3457 985 3512 omnium
1036 3472 1219 3512 rerum
1259 3456 1601 3512 conditorem
1641 3457 1873 3512 obsecro
1908 3464 1980 3521 te,
2030 3472 2096 3512 ne

537 3549 860 3619 negligentia
889 3557 976 3602 tua
1003 3548 1238 3614 accidat,
1273 3555 1332 3602 ut
1361 3547 1478 3602 hac
1496 3559 1682 3602 n05tra
1707 3547 1936 3617 epistola
1959 3548 2098 3602 obli-

534 3642 694 3694 vione
720 3649 815 3694 aut
840 3641 949 3693 alto
975 3639 1194 3693 silentio
1223 3653 1401 3692 mersa
1428 3639 1726 3705 obruatur;
1759 3637 1852 3694 sed
1888 3646 1948 3692 ut
1969 3655 2094 3693 cum

535 3731 742 3784 intimis
770 3745 834 3784 ac
866 3727 1192 3783 necessariis
1220 3727 1354 3793 tuis,
1390 3743 1515 3782 cum
1563 3729 1699 3784 viris
1746 3728 2098 3797 intelligenti-

540 3824 800 3875 Lu’s'eam
837 3819 1234 3874 communices.
1258 3819 1338 3873 ita
1371 3820 1570 3905 quippe
1596 3821 1829 3874 duorum
1861 3821 2094 3874 alterum

537 3913 783 3967 futurum
811 3924 913 3978 est,
941 3922 999 3967 ut
1029 3925 1126 3967 aut
1146 3911 1390 3968 melioris
1413 3913 1626 3967 consilii
1655 3922 1929 3977 auctores,
1959 3926 2097 3981 quos

535 4020 787 4074 sequare,
839 4005 1077 4072 habeas;
1126 4003 1290 4074 758
1343 4011 1441 4058 aut
1489 4005 1679 4059 saltem
1727 4018 1941 4069 eorum,
1975 4018 2097 4073 qua:

537 4105 804 4166 geruntur
832 4110 1062 4166 qumque
1101 4097 1379 4162 accidunt,
1416 4095 1518 4166 ipsi
1553 4103 1718 4150 testes
1745 4095 2032 4148 exsistant.
2070 4111 2090 4147 ι

604 4366 667 4421 V.
702 4364 904 4421 Rubris
935 4364 1025 4418 ille
1058 4365 1254 4418 litteris
1284 4373 1338 4418 et
1374 4362 1595 4433 prepria
1625 4377 1787 4416 manu
1824 4377 1946 4416 cum
1980 4363 2096 4431 epi-

532 4459 725 4514 stolam
769 4457 983 4526 longius
1015 4457 1378 4527 produxisset,
1409 4466 1464 4510 ct
1524 4455 1746 4508 multam
1787 4456 1840 4510 in
1881 4455 2093 4525 suppli-

535 4547 710 4603 cando
758 4548 937 4617 pusilli
999 4547 1166 4600 animi
1231 4543 1676 4616 signiﬁcationem
1721 4543 1978 4608 dedisset,
2032 4555 2094 4599 ut

535 4640 715 4696 medio
748 4648 1054 4694 extremum
1089 4636 1464 4707 responderet,
1489 4635 1789 4691 orationem
1822 4636 1894 4690 ibi
1921 4635 2093 4691 ferme

532 4731 826 4785 t-onelusit.
883 4729 994 4784 Nos
1041 4742 1173 4782 vero
1228 4742 1348 4796 quae
1404 4727 1470 4780 ad
1505 4741 1744 4796 pra-scus
1786 4725 2095 4780 institutum

533 4822 768 4874 maxime
825 4818 1196 4890 pertinebant,
1225 4817 1350 4872 inde
1393 4817 1791 4886 excerpsimus,
1814 4826 1870 4872 et
1905 4832 2095 4872 eorum

533 4911 930 4980 expositionem
989 4911 1094 4963 hoc
1151 4908 1292 4973 loco,
1358 4907 1430 4962 ita
1483 4917 1543 4962 ut
1589 4908 1921 4964 conveniens
1954 4920 2094 4974 erat,

533 5003 828 5057 edidimus.

2197 3015 2363 3084 φειδὼ
2393 3013 2450 3068 δὲ
2491 3016 2642 3068 πᾶσα
2695 3016 2788 3066 καὶ
2848 3009 3025 3074 οῑκτος
3080 3011 3226 3073 ἄπας
3275 3009 3525 3073 καθάπαξ
3583 3011 3764 3080 έρρςη

2195 3107 2306 3159 τῶν
2336 3105 2680 3172 σπλάγχνων,
2740 3102 2948 3173 μάρτυς
3004 3100 3143 3152 ἔστω
3178 3100 3395 3169 πρῶτον
3453 3099 3553 3166 μὲν
3609 3103 3640 3153 ὁ
3693 3100 3770 3154 τὰ

2195 3195 2378 3249 πάντα
2441 3194 2654 3263 βλέπων
2734 3191 3032 3261 ἀκοίμητος
3085 3189 3362 3260 οφθαλμὸς
3418 3189 3514 3244 τοῦ
3571 3190 3715 3244 Θεοῦ
3749 3209 3766 3222 ·

2197 3284 2449 3354 δεύτερον
2483 3281 2550 3345 δ’,
2578 3283 2612 3351 ὴ
2660 3280 2728 3334 τά
2756 3282 2935 3335 πάντα
2966 3279 3237 3349 βόσκουσα
3280 3281 3379 3334 τάν
3429 3281 3502 3349 γῇ
3528 3280 3769 3348 λαμπὰς

2197 3377 2371 3445 ἡλίου,
2403 3375 2478 3438 ὡς
2509 3374 2571 3427 τό
2593 3372 2642 3442 γ’
2676 3373 2808 3441 ἐμὸν
2840 3373 3152 3425 παντάπασι
3209 3371 3374 3441 μέρος
3423 3370 3770 3442 ἀπολελόγη-

2199 3483 2324 3536 μαι,
2349 3465 2444 3517 καὶ
2476 3463 2738 3516 πλειόνων
2766 3461 2826 3514 οὗ
2873 3462 3064 3530 δέομαι
3114 3460 3307 3529 λόγων.
3371 3461 3652 3531 ’Δπτομαι
3718 3463 3766 3514 δ’

2196 3555 2290 3608 οὖν
2321 3555 2416 3608 καὶ
2443 3553 2552 3606 τῶν
2579 3552 2688 3604 σῶν
2717 3551 2959 3619 γονάτων
3019 3550 3204 3620 ἁπάσῃ
3258 3549 3514 3620 προθέσει
3552 3549 3764 3621 ψυχῆς,

2198 3649 2294 3702 καὶ
2319 3646 2456 3717 πρὸς
2482 3647 2572 3701 τὸν
2599 3646 2854 3699 ἁπάντων
2877 3643 3082 3714 ὁρκίζω
3118 3659 3177 3695 σε
3223 3642 3476 3712 ποιητὴν,
3529 3644 3610 3712 μὴ
3652 3659 3766 3696 κα-

2200 3739 2532 3808 τοκνήσαντι
2565 3735 2776 3803 γένοιτό
2817 3751 2899 3786 σοι
2925 3733 3025 3802 τὴν
3047 3733 3324 3804 ἡμετέραν
3373 3731 3581 3802 ταύτην
3622 3748 3767 3802 γρα-

2197 3829 2306 3897 φὴν
2338 3828 2511 3898 λήθης
2546 3825 2795 3879 ἐκδοῦναι
2835 3823 3031 3895 ῥοθίοις
3062 3827 3158 3877 καὶ
3217 3823 3480 3892 ἀφανείας
3513 3821 3767 3890 πυθμέσι

2199 3920 2460 3989 καλύψαισ
2495 3919 2631 3972 ἀλλά
2677 3918 2929 3970 κοινῶσαι
2967 3916 3139 3984 φίλοις
3173 3917 3268 3970 καὶ
3295 3914 3608 3982 συγγενέσι,
3642 3930 3768 3966 κοι-

2198 4013 2367 4065 νῶσαι
2403 4013 2640 4072 συνετοῖς
2697 4009 2983 4077 ἀνδράσινο
3022 4007 3108 4059 ἴνα
3131 4006 3276 4060 δυοῖν
3320 4005 3569 4076 θάτερον,
3625 4007 3661 4076 ἢ
3696 4009 3770 4060 τὰ

2201 4101 2518 4155 συνοίσοντα
2547 4097 2981 4169 συμὸουλεύσασι
3015 4096 3297 4150 πείθεσθαι
3323 4097 3412 4170 [Ρ.
3442 4096 3572 4168 475]
3606 4098 3765 4168 ἔχῃς,

2198 4193 2233 4264 ἢ
2261 4193 2538 4262 μάρτυρες
2567 4189 2698 4258 γοῦν
2743 4189 2848 4242 τῶν
2882 4190 3180 4259 γινομένων
3219 4205 3278 4241 τε
3311 4190 3404 4242 καλ⁵
3435 4189 3768 4243 ἀποϐαινόνο

2126 4271 2174 4328 ι)
2201 4298 2308 4336 των
2352 4274 2464 4332 εἷεν
2497 4279 2671 4333 αὐτοί.
2702 4295 2721 4330 ι

2271 4372 2343 4426 Ε’.
2389 4371 2627 4433 Ἐκεῖνος
2659 4368 2760 4438 μὲν
2778 4367 2870 4422 οῦν
2895 4369 3146 4441 ἐρυθροῖς
3165 4386 3222 4421 τε
3255 4369 3349 4423 καὶ
3379 4370 3768 4442 οίκειοχείροις

2202 4463 2282 4525 εἰς
2311 4463 2483 4532 μῆκος
2517 4460 2764 4523 ἐκτείνας
2814 4461 3106 4531 γράμμασι
3157 4461 3255 4532 τὴν
3302 4461 3590 4530 ἐπιστολὴν
3620 4461 3764 4532 (13).

2203 4555 2298 4608 καὶ
2325 4552 2494 4622 πολλῇ
2519 4553 2586 4621 τῇ
2625 4551 2752 4620 περὶ
2794 4551 2893 4620 τὴν
2939 4551 3131 4620 δέησιν
3177 4551 3620 4622 σμικροπρεπείᾳ
3663 4550 3766 4604 τοῦ

2204 4645 2372 4714 ἦθους
2409 4636 2776 4713 χρησάμενος,
2831 4643 2916 4695 ἵνα
2947 4642 3024 4712 τῷ
3054 4643 3208 4712 ἄκρῳ
3259 4642 3352 4695 τοῦ
3391 4641 3560 4712 μέσον
3597 4640 3767 4713 τύχῃ,

2198 4735 2290 4787 τὸν
2337 4734 2492 4802 λόγον
2549 4729 2784 4786 ἐνταῦθά
2837 4749 2938 4784 που
3006 4733 3369 4786 κατέπαυσεν.
3435 4731 3627 4800 Ἡμεῖς
3679 4731 3767 4796 δὲ,

2198 4822 2642 4892 τάναγκαιότερα
2690 4822 2787 4891 τῆς
2835 4822 3143 4892 προθέσεως
3208 4821 3421 4873 ἐκεῖθεν
3507 4820 3768 4890 ἐρανισά-

2200 4931 2372 4984 μενοι,
2431 4913 2534 4984 τὴν
2593 4912 2975 4982 προσήκουσαν
3028 4911 3324 4982 ἐξεθέμεθα
3394 4909 3629 4980 δήλωσιν
3677 4912 3773 4964 tv-

2197 5005 2408 5058 ταυθοῑ.

1964 5114 2188 5171 CAPUT
2232 5117 2318 5172 IV.

537 5211 849 5285 l'ttlriat‘rha
888 5209 1319 5285 minore‘tmulcm
1361 5209 1500 5285 fastu
1553 5209 1847 5285 respondet.
1901 5207 2023 5285 Sese
2053 5218 2100 5262 et
2153 5209 2787 5285 Cantacuzcnttmpartim
2815 5227 3055 5285 excusat,
3095 5217 3287 5285 partim
3322 5217 3556 5268 deamat.
3592 5214 3768 5267 litbus

603 5283 763 5349 lapsis
791 5281 1201 5332 succurrendum
1234 5295 1423 5333 censet.
1460 5279 1651 5333 Pacem
1688 5280 1956 5332 suadendo
1985 5281 2193 5332 Annam
2218 5283 2451 5349 offendit.
2485 5279 2656 5351 Hujus
2691 5285 2742 5336 in
2787 5279 3214 5339 Cantacuzcnum
3261 5296 3306 5338 et
3338 5285 3525 5339 lrencn
3555 5285 3762 5348 odium,

1860 5403 2195 5462 Variorum
2236 5411 2419 5465 notae.

603 5504 713 5572 (νό)
751 5499 896 5575 More
930 5501 1314 5569 imperatorum
1339 5501 2088 5575 Constantinopolitanorum,
2127 5501 2194 5557 de
2217 5517 2324 5570 quo
2361 5500 2596 5557 diximus
2655 5500 2721 5555 ad
2751 5500 3087 5573 rAlexiadem
3149 5499 3429 5565 Aunzram,
3478 5515 3601 5571 pag.
3650 5498 3764 5556 253

529 5573 814 5625 Nutarum.
840 5573 1070 5626 Decus.
