3992 6202
455 198 564 262 919
746 192 822 266 [Α.
863 208 920 248 ιι.
963 149 1121 257 6834,
1165 204 1272 246 nvo.
1315 189 1429 262 Ml"

1687 194 2104 258 NICEPHORI
2143 197 2524 259 GREGUlle

3545 153 3662 256 ιιι

2810 191 2944 262 [tum
2985 206 3024 244 ι.
3068 203 3302 244 ιπλιλεοι..
3344 186 3400 260 5]

458 318 740 356 manorum
797 303 946 357 vires
1007 285 1339 366 attrivimus,
1360 310 1417 355 et
1464 299 1648 370 siqua
1689 300 1831 356 forte
1863 301 2025 356 bona:

2153 307 2464 376 ;γεμονικὴν
2494 304 2763 369 ἐξουσίαν.
2807 305 2898 357 Διὸ
2957 304 3052 356 καὶ
3098 302 3462 372 πεπράχαμεν
3521 306 3672 372 ἄμφω

461 392 579 462 spei
604 391 904 446 scintillula
943 390 996 444 in
1048 390 1215 446 rebus
1263 389 1472 458 reliqua
1500 398 1666 451 esset,
1693 404 1814 444 eam
1844 389 2031 444 fundi-

463 493 552 538 tus
581 481 928 538 sustuiimus.
958 483 1065 537 Eos
1085 481 1258 556 enim,
1285 482 1378 551 qui
1418 482 1601 535 omnia
1632 480 1700 535 ad
1736 467 2032 536 humanam

465 567 792 643 industriam
849 560 1246 646 imprudentes
1280 572 1551 646 referunt,
1601 587 1666 626 eo
1704 572 2035 627 calamitatis

460 663 674 716 devolvi
705 649 837 715 nihil
872 662 1068 732 mirum
1097 677 1111 726 ;
1172 644 1283 714 im'o
1329 644 1593 737 ‘maxime
1627 661 1883 730 congruit
1910 645 2035 736 cum:

464 753 644 807 divina
677 753 1028 808 Providentia
1057 770 1071 819 ;
1096 752 1256 821 cujus
1281 760 1366 804 est
1406 751 1495 804 hic
1524 765 1743 818 SCOpUS,
1764 761 1822 803 ut
1849 751 2039 803 huma-

468 845 521 899 ni
584 845 751 899 animi
804 845 1128 913 arrogantia:
1196 843 1410 896 frenum
1461 850 1667 895 certum
1717 827 1944 910 injiciat,
1983 849 2040 894 et

467 952 565 1007 per
597 939 766 1006 ipsam
801 935 1408 1006 rcruntcxperientiattt
1438 933 1664 1008 evidens
1693 931 1761 986 ad
1790 941 2040 1008 posteros

465 1005 862 1083 documentum
919 1037 1104 1096 aperte
1159 1005 1517 1098 transmittat.
1557 1022 1726 1088 Nobis
1760 1006 1946 1091 itaque
1987 1021 2036 1074 id

465 1121 634 1192 plane
666 1134 766 1172 usu
793 1118 963 1179 venit,
996 1117 1142 1184 quod
1174 1115 1384 1184 vulgari
1421 1114 1714 1183 proverbio
1740 1113 1846 1167 dici
1881 1113 2038 1166 solet:

461 1211 752 1266 Camelum
787 1223 992 1263 cornua
1038 1197 1386 1277 appetentem
1417 1206 1584 1260 etiam
1619 1205 1846 1259 auribus
1883 1205 2044 1258 orba-

465 1310 582 1354 itam
623 1315 766 1354 esse.
796 1299 930 1352 Nam
963 1308 1018 1352 et
1058 1297 1162 1365 ipsi
1203 1311 1326 1350 cum
1365 1296 1687 1365 ampliorem
1722 1280 2042 1366 dignitatem

473 1392 858 1456 fortunamque
907 1394 1319 1456 appeteremus,
1341 1394 1398 1440 et
1446 1374 1792 1440 occasionem
1825 1386 2045 1462 utrique

356 1490 364 1497 '
464 1483 748 1536 Romanos
766 1479 980 1533 limites
1024 1476 1379 1546 promovendi
1414 1467 1653 1538 oblatam
1693 1476 1854 1546 nobis
1887 1486 2045 1545 puta-

467 1572 876 1636 -remus,etiam
932 1569 1020 1632 iis,
1048 1569 1142 1639 qui
1196 1579 1311 1622 tum
1364 1567 1761 1638 erant,dejecti
1817 1582 2040 1634 sumus;

464 1665 749 1732 iidemque
788 1677 857 1716 ex
905 1659 1186 1729 opulentis
1234 1658 1447 1727 inopes,
1471 1672 1539 1714 ex
1573 1657 1879 1726 illustribus
1909 1659 2046 1714 viles
2077 1646 2118 1702 Β

471 1764 529 1808 (τι
580 1755 800 1823 inglorii
852 1752 1151 1828 evasimus.
1179 1750 1312 1820 Quae
1357 1750 1523 1824 igitur
1546 1749 1835 1818 oportebat
1858 1765 1960 1802 nos
1993 1758 2047 1803 rt

475 1845 767 1914 providere
811 1853 867 1898 et
902 1826 1082 1898 facere
1126 1842 1356 1912 publica:
1395 1840 1648 1915 utilitatis
1683 1854 1870 1908 causa,
1895 1849 2048 1895 ante-

474 1953 636 2005 quam
669 1936 805 2006 lapsi
855 1951 1125 2000 essemus,
1157 1950 1220 1990 ea
1250 1948 1375 2006 sero
1420 1933 1636 2000 saltem,
1659 1946 1724 1986 ac
1755 1940 2047 2002 postquam

472 2028 609 2097 lapsi
642 2043 853 2091 sumus,
909 2027 1088 2082 facere
1120 2041 1336 2096 mquum
1383 2032 1468 2080 est
1511 2039 1575 2079 ac
1614 2024 1905 2094 providere
1937 2041 1950 2077 :
1977 2037 2049 2077 ne

474 2130 529 2178 et
557 2121 926 2191 piscatoribus
976 2121 1088 2176 illis
1128 2121 1411 2175 stultiores
1443 2134 1564 2176 esse
1589 2119 1896 2182 videamur,
1921 2118 2048 2186 qui-

475 2213 580 2266 bus
608 2228 728 2282 qua:
777 2212 1025 2266 facienda
1086 2211 1293 2266 fuerint
1322 2211 1529 2267 sentire
1562 2219 1693 2266 tunc
1721 2210 1890 2278 subit,
1923 2224 2048 2265 cum

476 2305 681 2361 inflicta
709 2314 788 2359 est
817 2304 992 2374 plaga.
1031 2320 1050 2354 ι

551 2505 645 2561 Ill.
677 2504 803 2560 llaec
849 2502 1162 2573 patriarcha
1213 2516 1338 2556 cum
1374 2509 1430 2554 et
1479 2499 1666 2554 animo
1713 2499 1972 2570 agitasset
1996 2511 2049 2558 et

478 2611 575 2650 ore
607 2594 1042 2665 pronuntiasset,
1073 2593 1234 2647 dictis
1263 2591 1330 2646 ad
1355 2589 1794 2661 persuadendum
1834 2605 2051 2646 accom-

479 2685 878 2742 modatioribus
938 2684 1148 2738 Annam
1179 2681 1422 2747 subibat,
1473 2682 1634 2752 eique
1666 2692 1726 2736 ut
1765 2682 2052 2757 sententiae

481 2794 592 2833 suae
621 2777 910 2833 accederet
955 2778 1297 2853 persuadere
1327 2775 1651 2830 conabatur.
1685 2773 1868 2828 Satius
1899 2788 2053 2828 nemo

480 2884 548 2938 pe
586 2885 708 2924 esse
755 2869 1069 2934 dictitabat,
1115 2883 1246 2939 pace
1288 2881 1412 2920 cum
1446 2867 1830 2920 Cantacuzeuo
1858 2873 2052 2935 sponte

2136 397 2298 450 πλέον
2329 397 2504 458 οὐδὲν,
2560 397 2593 466 ἢ
2650 398 2832 451 πᾶσαν
2883 394 3138 465 ἐκτρῖψαι
3187 394 3478 463 Ῥωμαίων
3522 395 3675 466 ἄρδην

2137 489 2318 558 ίσχὺν,
2361 491 2452 540 καὶ
2483 489 2648 557 μέχρι
2677 487 2946 554 θεμελίων
2995 486 3176 540 αὐτῶν
3230 485 3502 551 καθελεῖν,
3537 486 3586 538 εί
3631 486 3678 539 τί

2136 597 2237 632 που
2265 580 2519 649 χρηστῶν
2566 578 2798 630 ἐλπίδων
2833 581 2946 640 τοῖς
2975 577 3265 648 πράγμασι
3290 575 3562 630 λέλειπται
3587 575 3676 641 ζώ-

2138 688 2333 741 πυρον.
2385 671 2513 733 Τοῖς
2557 670 2665 738 γὰρ
2714 669 3082 738 ἀνθρωπίναις
3143 669 3440 742 άναρτῶσιη
3469 667 3528 721 τδ
3584 670 3679 720 πᾶν

2137 761 2403 832 ἐπινοίαις
2442 759 2502 823 ἐξ
2531 757 2789 820 ἀϐουλίας
2817 758 2874 820 ἐς
2899 756 3152 820 τοιαύτας
3183 754 3565 824 κατενηνέχθαι
3593 754 3681 823 κῆ-

2141 866 2242 918 ρας
2269 849 2422 901 οὐδὲν
2443 848 2672 909 ἀπεικὸς
2711 847 2793 900 ὅτι
2825 847 2902 916 μὴ
2929 847 3026 901 καὶ
3065 846 3142 915 τῷ
3189 845 3322 915 θείῳ
3351 844 3492 914 μάλα
3537 860 3682 913 προσ-

2145 940 2278 1008 ἧκον
2307 940 2518 1008 σκοπῷ,
2551 939 2771 1008 χαλινὸν
2833 940 2931 1008 μὲν
2980 936 3282 990 ἐπιτιθέντι
3319 934 3466 1004 σαφῆ
3499 936 3562 1004 τῇ
3591 934 3681 986 τῶν

2141 1032 2503 1101 ἀνθρωπίνων
2556 1030 2837 1100 λογισμῶν
2901 1028 3188 1099 αὐθαδείᾳ,
3247 1027 3590 1081 διδασκαλίαν
3640 1025 3677 1078 δ’

2140 1118 2346 1187 ἐναργῆ
2371 1118 2461 1170 διὰ
2487 1117 2586 1186 τῆς
2609 1118 2720 1170 τῶν
2751 1119 3094 1187 πραγμάτων
3139 1115 3341 1184 πείρας
3393 1113 3677 1192 περιφανῶς

2140 1211 2254 1272 τοῖς
2282 1209 2481 1278 ἐφεξῆς
2513 1210 2675 1263 αίῶσι
2715 1210 3146 1281 παρναπέμποντι
3176 1223 3194 1239 ο
3240 1207 3316 1271 ὡς
3349 1209 3481 1278 ἡμῖν
3516 1208 3578 1260 τά
3599 1207 3679 1274 τῆς

2144 1300 2444 1371 παροιμίας
2471 1299 2730 1373 ἄντικρυς
2765 1300 3094 1370 συμδαὶνειν
3123 1297 3368 1362 ἐκείνης,
3403 1299 3438 1367 ἡ
3465 1297 3683 1366 κάμηλος

2143 1389 2456 1462 (λεγούσης)
2477 1391 2892 1461 ἐπιθυμιάσασα
2921 1393 3172 1462 κεράτων
3206 1387 3306 1443 καὶ
3330 1389 3401 1442 τὰ
3423 1381 3531 1442 ὦτα
3543 1403 3685 1456 προσ-

2145 1469 2428 1538 απώλεσεν
2449 1483 2595 1555 ’(1-5).
2641 1483 3138 1555 Ἑπιθυμιάσαντες
3161 1481 3275 1551 γὰρ
3299 1481 3399 1535 καὶ
3425 1480 3569 1533 αὐτοὶ
3613 1478 3685 1530 66-

2147 1575 2245 1641 ξης
2267 1575 2365 1627 καὶ
2387 1573 2558 1644 τύχης
2591 1571 2860 1643 μείζονος,
2898 1575 2994 1628 καὶ
3047 1573 3243 1644 καιρὸν
3275 1573 3422 1644 ἔχειν
3465 1571 3684 1640 ἑκάτεροι

2147 1665 2402 1730 δόξαντες
2447 1669 2686 1722 ἐκτεῖναι
2727 1667 2852 1730 τούς
2909 1669 3019 1740 τῶν
3061 1666 3358 1737 Ῥωμαίων
3389 1667 3558 1735 ὄρους.
3607 1663 3686 1715 καὶ

2145 1757 2252 1824 τῶν
2279 1757 2449 1811 ὅντων
2467 1757 2770 1827 ἐξέστημεν
2793 1775 2809 1790 ι
2833 1758 2943 1811 κάκ
2973 1758 3248 1812 πλουσίων
3279 1757 3547 1830 ,πένητες
3596 1753 3685 1819 κάξ

2146 1849 2384 1915 ἐνδόξων
2407 1847 2586 1914 ἄδοξοι
2637 1850 3010 1919 γεγενήμεθα.
3069 1852 3142 1904 "A
3184 1848 3366 1902 τοίνυν
3393 1847 3550 1918 ἐχρῆν
3577 1846 3687 1917 ἡμῖν

2147 1942 2244 1996 καὶ
2267 1942 2725 1997 θὸιανοεῖσθαικαὶ
2755 1944 2889 2014 δρᾷν
2921 1943 3066 2013 ὑπὲρ
3094 1942 3196 1997 τοῦ
3230 1945 3384 2012 κοινῇ
3412 1942 3688 2010 συμφέρον-

2149 2049 2261 2097 τος,
2296 2035 2428 2102 πρὶν
2455 2034 2486 2101 ἢ
2512 2035 2726 2098 παθεῖν,
2761 2033 2860 2102 ὀψὲ
2877 2037 3033 2102 γοῦν,
3066 2035 3212 2103 μετά
3239 2034 3304 2086 τὸ
3334 2034 3534 2095 παθεῖν,
3559 2031 3687 2096 ἄξιον

2148 2124 2243 2177 καὶ
2263 2123 2590 2176 διανοεῖσθαι
2634 2124 2728 2178 καὶ
2755 2125 2918 2196 δρᾷν·
2973 2124 3059 2176 ῖνα
3096 2122 3178 2194 μὴ
3228 2123 3324 2178 καὶ
3369 2122 3472 2175 τῶν
3518 2121 3688 2175 ἁλιέων

2149 2213 2373 2266 ἐκείνων
2398 2208 2550 2283 ὦμεν
2605 2199 2850 2284 χείρους,
2895 2212 2977 2278 οἷς
3011 2215 3254 2286 μετάοτὸ
3310 2211 3686 2285 πληγῆναιῌθ)

2147 2304 2249 2374 τὴν
2298 2305 2408 2358 τῶν
2463 2305 2819 2376 καθηκόντων
2859 2305 3264 2377 προσγίνεσθαι
3295 2305 3499 2358 ἔπεισιν
3522 2303 3690 2372 αἴσθη-

2150 2411 2255 2450 σιν.
2293 2412 2315 2448 ι

2221 2485 2298 2540 Γ’.
2327 2483 2514 2540 Ταῦτα
2539 2485 2846 2557 διανοηθεὶς
2877 2485 2974 2540 καὶ
2999 2485 3383 2557 φθεγξάμενος
3406 2487 3432 2539 ὀ
3449 2483 3688 2556 πατριάρ·

2149 2577 2455 2656 χηςλόγοις
2475 2578 2746 2632 πιθανωτέ
2759 2595 2870 2649 ροις
2897 2577 3061 2650 ὑπῄει
3087 2572 3190 2633 καὶ
3217 2580 3481 2650 ἐπεχείρει
3509 2577 3690 2630 πείθειν

2153 2667 2443 2748 συνθέσθαι
2456 2670 2548 2723 καὶ
2564 2668 2663 2739 τὴν
2683 2669 2932 2739 βασιλίδα
2954 2672 3184 2741 Ἅνναν.
3202 2669 3289 2742 [Ρ.
3306 2669 3430 2743 477]
3449 2665 3584 2724 Εἶναι
3599 2669 3689 2739 γάρ

2151 2759 2356 2830 ἔφασκε
2373 2761 2840 2838 βέλτιον,ᾑέκόντας
2851 2763 3179 2828 Καντακουζ
3182 2763 3296 2834 ηνῷ
3310 2762 3685 2832 σπεισαμένους,

2150 2851 2250 2923 τὴν
2273 2853 2508 2923 κρείττω
2539 2857 2736 2924 μοῖραν
2764 2855 3136 2925 καρποῦσθαι,
3166 2857 3300 2926 πρὶν
3327 2855 3687 2925 ἀφαιρεθέντας

481 2965 644 3026 facta,
692 2961 865 3031 partis
914 2961 1079 3030 potiri
1132 2958 1398 3022 melioris,
1448 2970 1610 3025 quam
1659 2956 1753 3010 ubi
1794 2955 1861 3011 ab
1887 2957 2044 3026 761

2156 2943 2374 3000 ᾶπαντα
2404 2945 2502 3016 οὐχ
2531 2947 2762 3034 ἑκόντας
2801 2947 2939 3017 μηδέ
2990 2950 3092 3018 τῆς
3120 2949 3416 3020 ἐλαχίστης
3451 2949 3687 3016 ἀδακρυτὶ

482 3055 670 3110 invitis
707 3055 890 3108 omnia
927 3053 1110 3108 ablata
1147 3060 1352 3112 essent,
1402 3063 1472 3103 ne
1512 3048 1796 3102 minimam
1827 3049 2049 3118 quidem

481 3160 644 3217 posse
686 3154 900 3216 partem
941 3144 1060 3199 sine
1106 3141 1366 3212 lacrymis
1415 3141 1693 3210 propriam
1728 3139 1954 3195 habere.
1984 3139 2056 3196 At
2097 3127 2100 3130 ’

481 3239 638 3292 Anna
690 3234 1009 3305 imperatrix
1071 3233 1300 3288 moleste
1343 3230 1638 3286 admodum
1701 3231 1817 3286 haec
1875 3231 2058 3287 ferens

482 3343 633 3392 eum,
663 3329 755 3396 qui
807 3341 1000 3381 suasor
1058 3334 1228 3388 esset,
1273 3323 1656 3379 insidiatorem
1711 3323 1976 3389 vocitare,
2001 3333 2058 3379 et

486 3418 616 3473 totis
662 3417 874 3470 viribus
919 3417 1198 3470 hominem
1231 3423 1531 3484 conspectu
1561 3429 1662 3468 suo
1689 3415 1876 3483 procul
1901 3428 2057 3468 amo-

483 3519 635 3561 vere.
663 3505 724 3558 Et
778 3504 894 3558 haec
927 3503 1032 3558 fuit
1064 3503 1220 3572 origo
1251 3515 1315 3556 ac
1347 3501 1585 3571 primum
1633 3501 2054 3557 fundamentum

2161 3036 2500 3106 κληρούχους
2549 3032 2690 3090 εἶναι
2720 3037 3010 3093 δύνασθαι.
3049 3039 3201 3110 Πρὸς
3239 3040 3412 3094 ταῦτα
3459 3036 3688 3108 δυσχερά-

2161 3144 2302 3182 νασα
2329 3127 2451 3180 λίαν
2475 3128 2508 3198 ὴ
2535 3126 2754 3197 βασιλὶς
2807 3127 3094 3183 ἐπίϐουλον
3125 3130 3316 3185 ἐκάλει
3351 3130 3439 3184 τὸν
3481 3127 3689 3198 σύμϐου-

2159 3217 2274 3283 λον,
2302 3219 2400 3271 καὶ
2441 3218 2591 3282 ὅλαις
2623 3218 2904 3286 παλάμαις
2942 3222 3132 3290 πάρῤω
3172 3239 3276 3274 που
3311 3221 3415 3274 τῶν
3433 3217 3689 3288 ὀφθαλμῶν

2158 3309 2319 3378 ἐώθει
2346 3311 2437 3366 τὸν
2467 3312 2779 3380 ἄνθρωπον.
2804 3313 2952 3382 Δύτη
2980 3313 3300 3368 σκανδάλων
3333 3313 3470 3384 ἀρχὴ
3498 3313 3585 3366 καὶ
3609 3326 3690 3363 κιο

2159 3403 2421 3463 τάστασις
2451 3403 2642 3475 πρώτη
2681 3406 2822 3460 κατὰ
2849 3404 2944 3458 τοῦ
2977 3405 3329 3477 πατριάρχου
3381 3407 3445 3475 τῇ
3493 3401 3690 3474 βασιλίδι

2161 3497 2514 3552 καθίσταται.

475 3597 830 3661 offensionis,
872 3609 994 3665 quae
1049 3594 1263 3648 Annam
1303 3594 1448 3649 inter
1481 3603 1538 3650 et
1570 3593 1942 3664 patriarcham
1979 3592 2314 3649 intercessit.

556 3687 648 3743 IV.
681 3689 757 3743 Ex
797 3703 905 3757 quo
933 3686 1080 3740 enim
1112 3688 1382 3757 zelotypia
1429 3687 1742 3754 tenebatur,
1767 3702 1933 3758 quam
1965 3686 2057 3742 illa

475 3778 832 3841 .all‘ectionem
862 3777 1058 3830 malam
1092 3778 1148 3829 in
1182 3775 1626 3831 Cantacuzenum
1671 3778 2058 3846 imperatorem

475 3880 546 3924 et
573 3867 973 3938 iinperatricem
1000 3867 1197 3921 lrenen
1235 3866 1508 3936 impendio
1536 3868 1738 3935 alebat,
1770 3883 1838 3923 ne
1869 3868 2063 3938 primis

489 3962 712 4032 quidem
743 3959 972 4014 auribus
999 3961 1190 4014 audire
1221 3974 1460 4030 unquam
1485 3959 2062 4016 sustinueratverbum

477 4055 660 4108 ullum
693 4053 759 4107 de
815 4051 1217 4107 reconcilianda
1253 4066 1378 4107 cum
1404 4051 1472 4106 iis
1502 4051 1694 4122 gratia.
1728 4051 1831 4107 Sed
1859 4053 1962 4122 ipsi
1993 4053 2058 4108 li-

491 4142 620 4196 bido
672 4140 920 4211 quaedam
961 4141 1196 4212 ﬂagrans
1218 4148 1275 4196 et
1321 4140 1519 4195 mirum
1546 4148 1666 4195 erat
1691 4141 2059 4197 oblectamen-

2227 3683 2307 3739 A'.
2357 3683 2478 3752 Ἀφ’
2506 3675 2566 3738 οὗ
2592 3683 2702 3756 γάρ
2727 3682 2787 3738 τὸ
2815 3684 2916 3755 τῆς
2973 3684 3316 3756 ζηλοτυπίας
3360 3684 3521 3757 αὐτὴν
3564 3679 3694 3736 κατέ·

2161 3792 2257 3846 σχε
2291 3774 2487 3839 πάθος,
2548 3774 2578 3828 ὃ
2610 3775 2753 3828 κατὰ
2805 3773 2898 3829 τοῦ
2950 3774 3224 3846 βασιλέως
3279 3771 3692 3844 Καντακουζηνοῦ

2160 3868 2255 3919 καὶ
2277 3865 2380 3934 τῆς
2405 3864 2675 3934 βασιλίδος
2700 3865 2941 3936 Εἰρήνης
2970 3868 3051 3930 είς
3079 3867 3141 3920 τὸ
3170 3866 3544 3938 δαψιλέστερον
3561 3865 3691 3934 E09:-

2161 3956 2282 4026 ψεν,
2313 3955 2423 4010 οὐδ’
2475 3955 2666 4028 ἄκροις
2705 3954 2840 4010 ὠσὶν
2873 3957 3088 4029 οὐδαμῆ
3115 3957 3244 4012 ποτ’
3269 3958 3509 4029 ἠνείχετο
3557 3955 3691 4022 λόγον

2164 4047 2387 4101 ἀκούειν
2420 4046 2558 4116 ὑπὲρ
2609 4046 2836 4100 ἐκείνων
2887 4047 3242 4117 συμϐατικόν.
3283 4039 3423 4102 Ἅλλ*
3477 4041 3541 4117 ἧν
3576 4042 3690 4112 αὐτῇ

2164 4138 2428 4207 διάπυρος
2451 4137 2592 4206 ἔρως
2627 4137 2721 4189 καὶ⁸
2745 4135 2894 4202 ξένον
2932 4135 3279 4208 ἐντρύφημα,
3308 4137 3561 4208 λοιδορίας
3579 4131 3693 4187 άπά-

483 4243 632 4297 αιιιη,
691 4232 871 4286 omnia
931 4241 987 4287 et
1036 4233 1324 4288 maledicta
1377 4241 1432 4287 et
1481 4232 1623 4287 fmda
1654 4231 1709 4285 in
1737 4247 1832 4287 eos
1865 4233 2053 4303 probra

2171 4247 2270 4291 σας
2291 4231 2388 4283 καὶ
2422 4228 2771 4299 βλασφημίας
2797 4230 3074 4297 ἁσὲμνους
3103 4229 3229 4283 κατ’
3249 4230 3474 4282 ἐκείνων
3499 4225 3584 4279 καὶ
3624 4221 3692 4274 ll-

491 4323 725 4378 subinde
771 4325 975 4394 jacere,
1009 4335 1105 4378 aut
1141 4324 1276 4378 alios
1336 4323 1526 4378 audire
1558 4322 1968 4378 maledicentes.
2002 4324 2060 4379 ld

478 4414 801 4469 evidentem
855 4424 912 4470 et
960 4415 1302 4471 manifestam
1362 4413 1620 4468 omnibus
1675 4412 1829 4468 brevi
1879 4414 2064 4470 effecit

485 4507 666 4560 totius
723 4505 847 4567 mali
909 4506 1140 4582 primam
1198 4506 1456 4571 radicem,
1491 4520 1610 4576 qua:
1638 4511 1695 4559 et
1741 4505 1886 4560 civili
1917 4505 2062 4561 bello

483 4598 764 4668 originem
793 4597 1053 4664 dedisset,
1076 4607 1133 4652 et
1158 4597 1225 4652 ad
1256 4607 1563 4653 extremum
1593 4613 1768 4667 usque
1795 4597 2066 4667 perstitis-

479 4696 577 4740 set
604 4701 716 4739 rem
769 4685 1066 4739 Romanam
1112 4696 1349 4740 atterere
1383 4697 1548 4755 atque
1569 4685 1920 4741 labefactare.
1960 4686 2060 4742 Ni-

493 4777 693 4828 mirum
729 4791 789 4829 ea
820 4785 939 4829 crat
968 4780 1136 4829 Anna:
1177 4776 1534 4845 intperatricis
1571 4775 1834 4846 zelotypia
1861 4785 1918 4830 et
1950 4792 2064 4830 ma-

482 4864 734 4932 lignitas,
786 4866 864 4918 uti
925 4882 1024 4920 nos
1063 4881 1226 4934 supra
1281 4880 1422 4934 srepe
1465 4865 1724 4931 diximus,
1771 4882 1932 4935 quam
1969 4867 2060 4921 illa

484 4956 754 5009 alternante
783 4956 1027 5011 felicitati
1063 4958 1239 5026 palam
1271 4947 1532 5028 praetulit.
1563 4967 1618 5013 et
1654 4959 1811 5029 cujus
1837 4959 2065 5030 explen-

476 5048 576 5101 μύω
605 5062 767 5101 causa
795 5057 967 5102 totum
997 5048 1284 5119 imperium
1315 5049 1572 5120 prodidit.

2167 4337 2286 4390 γειν
2315 4320 2426 4386 ἀεὶ,
2460 4320 2556 4374 καὶ
2595 4319 2864 4386 λεγόντων
2888 4320 3065 4374 ἄλλων
3103 4319 3352 4374 ἀκούειν.
3378 4317 3541 4372 Τοῦτο
3560 4328 3691 4382 περι-

2170 4415 2314 4484 φανῆ
2340 4415 2436 4466 καὶ
2465 4412 2764 4483 κατάδηλον
2788 4415 3040 4483 πέπραχε
3077 4413 3249 4466 πᾶσιν
3299 4413 3358 4464 ἐν
3404 4406 3585 4480 βραχεῖ
3613 4403 3692 4472 τῆς

2166 4505 2296 4575 ὅλης
2332 4505 2531 4566 κακίας
2580 4504 2681 4573 τὴν
2721 4504 2902 4574 ῥίζαν,
2958 4505 3080 4557 ὅθεν
3129 4505 3276 4572 καὶὴ
3321 4502 3417 4572 τῆς
3462 4493 3692 4566 ἐμφυλίου

2172 4596 2352 4666 μάχης
2412 4595 2714 4666 ἐϐλάστησε
2769 4596 3066 4665 πρόφασις,
3104 4595 3203 4648 καὶ
3248 4597 3394 4656 ὅπως
3443 4592 3517 4665 εις
3568 4584 3696 4642 τέλος

2172 4689 2468 4758 παρέμεινε
2499 4687 2801 4741 δαπανῶσα
2846 4689 2941 4739 καὶ
2997 4686 3297 4756 φθείρουσα
3334 4683 3402 4736 τά
3443 4674 3696 4747 Ῥωμαίων

2169 4781 2484 4848 πράγματα.
2533 4775 2640 4831 Ἶίν
2691 4777 2735 4830 δ’
2783 4780 2816 4848 ἠ
2859 4777 2959 4848 τῆς
3022 4778 3286 4848 βασιλίδος
3318 4774 3509 4840 Ἀννης
3559 4763 3697 4835 ζηλὸ-

2170 4887 2339 4930 τυπος
2386 4871 2480 4923 καὶ
2513 4869 2842 4940 χαιρέκακος
2911 4869 3126 4940 γνώμη,
3183 4868 3428 4934 καθάπερ
3482 4859 3603 4930 ἡμῖν
3646 4855 3696 4940 ἓν

2169 4963 2280 5023 τοῖς
2328 4938 2584 5030 ἀνωτέρω
2632 4961 2746 5031 (17)
2811 4938 3101 5026 πολλάκις
3130 4963 3344 5029 εἴρηται
3395 4954 3596 5022 λόγοιςο
3638 4938 3695 5012 ἦῖ

2169 5055 2290 5122 τὴνὲ
2324 5051 2604 5123 Ῥωμαίων
2663 5053 2935 5123 ἠλλάξατο
3014 5053 3296 5124 προδήλως
3377 5034 3689 5124 εὐδαιμονίαν

2169 5121 2333 5215 αὕτη,
2362 5121 2456 5198 καί
2485 5143 2552 5196 δι’
2575 5146 2638 5214 ἣν
2654 5121 2764 5199 τῶν
2793 5144 2930 5198 ὅλων
2964 5121 3211 5213 προδότις
3238 5133 3564 5210 πραγμάτων
3587 5121 3693 5194 if“

2169 5254 2308 5292 νετο.

1833 5397 2160 5460 Variorum
2198 5405 2389 5458 notae.

552 5539 680 5609 ⁸(15)
712 5541 1026 5609 Apostolius
1070 5550 1286 5598 eentur.
1320 5556 1394 5606 rx,
1433 5539 1692 5610 proverb.
1729 5541 1815 5596 70.
1845 5541 2058 5596 BOIVlN.

553 5613 683 5682 ’(46)
710 5613 1023 5680 Apostolius
1042 5625 1256 5668 ccntur.
1287 5627 1344 5680 ll,
1385 5615 1641 5683 proverb.
1709 5613 1795 5679 55,
1820 5622 1887 5667 ιει
1928 5627 2064 5667 cen-

2171 5549 2279 5594 tur.
2311 5557 2425 5601 xm,
2455 5538 2711 5609 proverb.
2742 5536 3088 5609 98._Borvm.

2249 5613 2364 5681 (t7)
2400 5607 2512 5664 Lib
2545 5625 2654 5676 xiv,
2691 5623 2811 5680 cap.
2839 5607 2894 5675 3,
2926 5617 3062 5666 sect.
3096 5612 3150 5668 9,
3186 5608 3390 5670 Bonis.
