  <div class='ocr_page' id='page_1' title='image "/cluster/home/n/w/nwhite01/storage/ocr_20150623/148/hvd.32044073502627/530.png"; bbox 0 0 3992 6202; ppageno 0'>
   <div class='ocr_carea' id='block_1_1' title="bbox 269 285 1031 362">
    <p class='ocr_par' dir='ltr' id='par_1_1' title="bbox 269 285 1031 362">
     <span class='ocr_line' id='line_1_1' title="bbox 269 285 1031 362; baseline -0.01 -10"><span class='ocrx_word' id='word_1_1' title='bbox 269 286 411 352; x_wconf 60' lang='grc'><strong>1949</strong></span> <span class='ocrx_word' id='word_1_2' title='bbox 660 285 739 355; x_wconf 76' lang='grc' dir='ltr'><strong>[Α.</strong></span> <span class='ocrx_word' id='word_1_3' title='bbox 775 303 825 345; x_wconf 87' lang='lat' dir='ltr'><strong>c.</strong></span> <span class='ocrx_word' id='word_1_4' title='bbox 868 288 1031 362; x_wconf 64' lang='grc'><strong>1547]</strong></span> 
     </span>
    </p>
   </div>
   <div class='ocr_carea' id='block_1_2' title="bbox 2127 144 2237 159">
    <p class='ocr_par' dir='ltr' id='par_1_2' title="bbox 2127 144 2237 159">
     <span class='ocr_line' id='line_1_2' title="bbox 2127 144 2237 159; baseline 0.018 -2"><span class='ocrx_word' id='word_1_5' title='bbox 2127 151 2135 157; x_wconf 74' lang='grc'><em>,</em></span> <span class='ocrx_word' id='word_1_6' title='bbox 2158 144 2237 159; x_wconf 60' lang='grc' dir='ltr'>Μ</span> 
     </span>
    </p>
   </div>
   <div class='ocr_carea' id='block_1_3' title="bbox 1255 258 3502 381">
    <p class='ocr_par' dir='ltr' id='par_1_3' title="bbox 1255 258 3502 381">
     <span class='ocr_line' id='line_1_3' title="bbox 1255 258 3502 381; baseline 0.008 -24"><span class='ocrx_word' id='word_1_7' title='bbox 1255 296 1696 361; x_wconf 67' lang='lat' dir='ltr'><strong>BYZANTINAZ</strong></span> <span class='ocrx_word' id='word_1_8' title='bbox 1735 258 2118 369; x_wconf 69' lang='lat' dir='ltr'><strong>ms&#39;ronm</strong></span> <span class='ocrx_word' id='word_1_9' title='bbox 2158 311 2301 373; x_wconf 87' lang='lat' dir='ltr'><strong>LIB.</strong></span> <span class='ocrx_word' id='word_1_10' title='bbox 2343 313 2496 375; x_wconf 83' lang='lat' dir='ltr'><strong>xvr.</strong></span> <span class='ocrx_word' id='word_1_11' title='bbox 2605 306 2741 379; x_wconf 65' lang='grc' dir='ltr'>[περ.</span> <span class='ocrx_word' id='word_1_12' title='bbox 2781 323 2824 364; x_wconf 76' lang='grc' dir='ltr'>ιο</span> <span class='ocrx_word' id='word_1_13' title='bbox 2864 321 3153 365; x_wconf 69' lang='lat' dir='ltr'><strong>unum.</strong></span> <span class='ocrx_word' id='word_1_14' title='bbox 3195 308 3250 381; x_wconf 74' lang='lat' dir='ltr'><strong>tl</strong></span> <span class='ocrx_word' id='word_1_15' title='bbox 3362 310 3502 376; x_wconf 80' lang='lat'><strong>1050</strong></span> 
     </span>
    </p>
   </div>
   <div class='ocr_carea' id='block_1_4' title="bbox 263 403 1832 500">
    <p class='ocr_par' dir='ltr' id='par_1_4' title="bbox 263 403 1830 489">
     <span class='ocr_line' id='line_1_4' title="bbox 263 403 1830 489; baseline 0.008 -33"><span class='ocrx_word' id='word_1_16' title='bbox 263 406 361 458; x_wconf 70' lang='grc' dir='ltr'><strong>ἐπὶ</strong></span> <span class='ocrx_word' id='word_1_17' title='bbox 380 403 443 458; x_wconf 74' lang='grc' dir='ltr'>τὸ</span> <span class='ocrx_word' id='word_1_18' title='bbox 472 403 722 489; x_wconf 76' lang='grc' dir='ltr'>πλεῖστον</span> <span class='ocrx_word' id='word_1_19' title='bbox 756 408 1077 463; x_wconf 71' lang='grc' dir='ltr'>διοικεῖσθαι</span> <span class='ocrx_word' id='word_1_20' title='bbox 1105 409 1333 477; x_wconf 79' lang='grc' dir='ltr'>δέδοται,</span> <span class='ocrx_word' id='word_1_21' title='bbox 1363 414 1459 466; x_wconf 83' lang='grc' dir='ltr'>τοῦ</span> <span class='ocrx_word' id='word_1_22' title='bbox 1507 415 1692 487; x_wconf 81' lang='grc' dir='ltr'>χάριν,</span> <span class='ocrx_word' id='word_1_23' title='bbox 1725 433 1830 469; x_wconf 85' lang='grc' dir='ltr'>πα-</span> 
     </span>
    </p>
   </div>
   <div class='ocr_carea' id='block_1_5' title="bbox 1931 403 3517 500">
    <p class='ocr_par' dir='ltr' id='par_1_5' title="bbox 1932 422 3517 500">
     <span class='ocr_line' id='line_1_5' title="bbox 1932 422 3517 500; baseline 0.006 -28"><span class='ocrx_word' id='word_1_24' title='bbox 1932 422 2134 489; x_wconf 87' lang='lat' dir='ltr'><strong>quibus</strong></span> <span class='ocrx_word' id='word_1_25' title='bbox 2195 424 2515 483; x_wconf 77' lang='lat' dir='ltr'><strong>facillimum</strong></span> <span class='ocrx_word' id='word_1_26' title='bbox 2543 437 2626 482; x_wconf 89' lang='lat' dir='ltr'><strong>est</strong></span> <span class='ocrx_word' id='word_1_27' title='bbox 2679 428 2846 483; x_wconf 88' lang='lat' dir='ltr'><strong>vitam</strong></span> <span class='ocrx_word' id='word_1_28' title='bbox 2897 444 3059 500; x_wconf 80' lang='lat' dir='ltr'><strong>agere</strong></span> <span class='ocrx_word' id='word_1_29' title='bbox 3084 427 3265 482; x_wconf 88' lang='lat' dir='ltr'><strong>onmis</strong></span> <span class='ocrx_word' id='word_1_30' title='bbox 3289 428 3517 497; x_wconf 84' lang='lat' dir='ltr'><strong>periculi</strong></span> 
     </span>
    </p>
   </div>
   <div class='ocr_carea' id='block_1_6' title="bbox 265 494 1835 577">
    <p class='ocr_par' dir='ltr' id='par_1_6' title="bbox 265 494 1835 577">
     <span class='ocr_line' id='line_1_6' title="bbox 265 494 1835 577; baseline 0.01 -34"><span class='ocrx_word' id='word_1_31' title='bbox 265 494 366 562; x_wconf 68' lang='grc' dir='ltr'>ρδν</span> <span class='ocrx_word' id='word_1_32' title='bbox 402 495 554 563; x_wconf 79' lang='grc' dir='ltr'>ἡμᾶς</span> <span class='ocrx_word' id='word_1_33' title='bbox 604 497 668 549; x_wconf 79' lang='grc' dir='ltr'>ἐκ</span> <span class='ocrx_word' id='word_1_34' title='bbox 707 500 799 549; x_wconf 63' lang='grc' dir='ltr'><strong>το)</strong></span> <span class='ocrx_word' id='word_1_35' title='bbox 833 500 1035 569; x_wconf 73' lang='grc' dir='ltr'>ῥᾴστου</span> <span class='ocrx_word' id='word_1_36' title='bbox 1085 502 1434 569; x_wconf 72' lang='grc' dir='ltr'><strong>καρποῦσθαι</strong></span> <span class='ocrx_word' id='word_1_37' title='bbox 1466 506 1527 557; x_wconf 87' lang='grc' dir='ltr'>τδ</span> <span class='ocrx_word' id='word_1_38' title='bbox 1553 506 1652 577; x_wconf 75' lang='grc' dir='ltr'><strong>ζῇν</strong></span> <span class='ocrx_word' id='word_1_39' title='bbox 1684 509 1835 561; x_wconf 80' lang='grc' dir='ltr'>ἀκιν-</span> 
     </span>
    </p>
   </div>
   <div class='ocr_carea' id='block_1_7' title="bbox 261 585 1835 669">
    <p class='ocr_par' dir='ltr' id='par_1_7' title="bbox 261 585 1835 669">
     <span class='ocr_line' id='line_1_7' title="bbox 261 585 1835 669; baseline 0.01 -32"><span class='ocrx_word' id='word_1_40' title='bbox 261 585 461 651; x_wconf 78' lang='grc' dir='ltr'>δύνως,</span> <span class='ocrx_word' id='word_1_41' title='bbox 491 586 776 650; x_wconf 74' lang='grc' dir='ltr'>ἐθελοντὰς</span> <span class='ocrx_word' id='word_1_42' title='bbox 805 591 937 659; x_wconf 86' lang='grc' dir='ltr'>ἡμῖν</span> <span class='ocrx_word' id='word_1_43' title='bbox 967 593 1151 656; x_wconf 73' lang='grc' dir='ltr'>αὐτοῖς</span> <span class='ocrx_word' id='word_1_44' title='bbox 1177 596 1538 651; x_wconf 68' lang='grc' dir='ltr'>παντοδαπῶν</span> <span class='ocrx_word' id='word_1_45' title='bbox 1572 599 1835 669; x_wconf 75' lang='grc' dir='ltr'>περιπλέ-</span> 
     </span>
    </p>
   </div>
   <div class='ocr_carea' id='block_1_8' title="bbox 262 676 1834 759">
    <p class='ocr_par' dir='ltr' id='par_1_8' title="bbox 262 676 1834 759">
     <span class='ocr_line' id='line_1_8' title="bbox 262 676 1834 759; baseline 0.008 -28"><span class='ocrx_word' id='word_1_46' title='bbox 262 692 388 731; x_wconf 75' lang='grc' dir='ltr'>κειν</span> <span class='ocrx_word' id='word_1_47' title='bbox 420 676 614 731; x_wconf 81' lang='grc' dir='ltr'>δίκτυα</span> <span class='ocrx_word' id='word_1_48' title='bbox 660 680 841 748; x_wconf 80' lang='grc' dir='ltr'>φόϐων</span> <span class='ocrx_word' id='word_1_49' title='bbox 865 697 880 744; x_wconf 84' lang='lat'><strong>;</strong></span> <span class='ocrx_word' id='word_1_50' title='bbox 906 678 1079 737; x_wconf 80' lang='grc' dir='ltr'>Οίσθα</span> <span class='ocrx_word' id='word_1_51' title='bbox 1119 684 1249 755; x_wconf 75' lang='grc' dir='ltr'>γὰρ,</span> <span class='ocrx_word' id='word_1_52' title='bbox 1288 684 1364 750; x_wconf 87' lang='grc' dir='ltr'><strong>ώς</strong></span> <span class='ocrx_word' id='word_1_53' title='bbox 1396 689 1626 758; x_wconf 81' lang='grc' dir='ltr'><strong>μυρίους</strong></span> <span class='ocrx_word' id='word_1_54' title='bbox 1671 692 1729 743; x_wconf 83' lang='grc' dir='ltr'><strong>ἐν</strong></span> <span class='ocrx_word' id='word_1_55' title='bbox 1765 691 1834 759; x_wconf 77' lang='grc' dir='ltr'><strong>τῇ</strong></span> 
     </span>
    </p>
   </div>
   <div class='ocr_carea' id='block_1_9' title="bbox 264 770 1838 852">
    <p class='ocr_par' dir='ltr' id='par_1_9' title="bbox 264 770 1838 852">
     <span class='ocr_line' id='line_1_9' title="bbox 264 770 1838 852; baseline 0.01 -31"><span class='ocrx_word' id='word_1_56' title='bbox 264 770 542 841; x_wconf 78' lang='grc' dir='ltr'><strong>ὑπερορίᾳ</strong></span> <span class='ocrx_word' id='word_1_57' title='bbox 579 771 982 843; x_wconf 84' lang='grc' dir='ltr'>διηντλὴκαμεν</span> <span class='ocrx_word' id='word_1_58' title='bbox 1030 777 1265 846; x_wconf 74' lang='grc' dir='ltr'>μόχθους</span> <span class='ocrx_word' id='word_1_59' title='bbox 1303 780 1441 846; x_wconf 80' lang='grc' dir='ltr'>μετὰ</span> <span class='ocrx_word' id='word_1_60' title='bbox 1488 782 1712 852; x_wconf 80' lang='grc' dir='ltr'><strong>μακρῶν</strong></span> <span class='ocrx_word' id='word_1_61' title='bbox 1742 784 1838 837; x_wconf 79' lang='grc' dir='ltr'><strong>καὶ</strong></span> 
     </span>
    </p>
   </div>
   <div class='ocr_carea' id='block_1_10' title="bbox 259 861 1837 941">
    <p class='ocr_par' dir='ltr' id='par_1_10' title="bbox 259 861 1837 941">
     <span class='ocr_line' id='line_1_10' title="bbox 259 861 1837 941; baseline 0.01 -27"><span class='ocrx_word' id='word_1_62' title='bbox 259 861 624 916; x_wconf 73' lang='grc' dir='ltr'><strong>παντοδαπῶν</strong></span> <span class='ocrx_word' id='word_1_63' title='bbox 656 865 767 917; x_wconf 81' lang='grc' dir='ltr'>τῶν</span> <span class='ocrx_word' id='word_1_64' title='bbox 794 866 1070 931; x_wconf 72' lang='grc' dir='ltr'><strong>κινδύνοιν,</strong></span> <span class='ocrx_word' id='word_1_65' title='bbox 1103 871 1295 924; x_wconf 74' lang='grc' dir='ltr'>ὁπόσοι</span> <span class='ocrx_word' id='word_1_66' title='bbox 1338 872 1570 927; x_wconf 77' lang='grc' dir='ltr'>θανάτου</span> <span class='ocrx_word' id='word_1_67' title='bbox 1597 876 1837 941; x_wconf 82' lang='grc' dir='ltr'>γείτονες</span> 
     </span>
    </p>
   </div>
   <div class='ocr_carea' id='block_1_11' title="bbox 259 953 1837 1031">
    <p class='ocr_par' dir='ltr' id='par_1_11' title="bbox 259 953 1837 1031">
     <span class='ocr_line' id='line_1_11' title="bbox 259 953 1837 1031; baseline 0.01 -26"><span class='ocrx_word' id='word_1_68' title='bbox 259 953 638 1020; x_wconf 68' lang='grc' dir='ltr'><strong>ἐπεφύκεσαν,</strong></span> <span class='ocrx_word' id='word_1_69' title='bbox 674 956 755 1026; x_wconf 79' lang='grc' dir='ltr'>τῷ</span> <span class='ocrx_word' id='word_1_70' title='bbox 778 956 854 1027; x_wconf 83' lang='grc' dir='ltr'><strong>σῷ</strong></span> <span class='ocrx_word' id='word_1_71' title='bbox 880 962 1044 1028; x_wconf 71' lang='grc' dir='ltr'>πατρὶ</span> <span class='ocrx_word' id='word_1_72' title='bbox 1062 962 1501 1031; x_wconf 69' lang='grc' dir='ltr'><strong>περιποιούμενοι</strong></span> <span class='ocrx_word' id='word_1_73' title='bbox 1526 967 1588 1018; x_wconf 75' lang='grc' dir='ltr'>τὸ</span> <span class='ocrx_word' id='word_1_74' title='bbox 1613 966 1837 1020; x_wconf 81' lang='grc' dir='ltr'>ἀκίνδυ-</span> 
     </span>
    </p>
   </div>
   <div class='ocr_carea' id='block_1_12' title="bbox 258 1043 1838 1126">
    <p class='ocr_par' dir='ltr' id='par_1_12' title="bbox 258 1043 1838 1126">
     <span class='ocr_line' id='line_1_12' title="bbox 258 1043 1838 1126; baseline 0.011 -31"><span class='ocrx_word' id='word_1_75' title='bbox 258 1061 354 1096; x_wconf 87' lang='grc' dir='ltr'><strong>νον</strong></span> <span class='ocrx_word' id='word_1_76' title='bbox 378 1059 398 1077; x_wconf 79' lang='grc'><em>’</em></span> <span class='ocrx_word' id='word_1_77' title='bbox 423 1045 500 1107; x_wconf 78' lang='grc' dir='ltr'>ὡς</span> <span class='ocrx_word' id='word_1_78' title='bbox 528 1045 757 1117; x_wconf 82' lang='grc' dir='ltr'>δεύτερα</span> <span class='ocrx_word' id='word_1_79' title='bbox 796 1043 936 1102; x_wconf 76' lang='grc' dir='ltr'>εἶναι</span> <span class='ocrx_word' id='word_1_80' title='bbox 972 1049 1043 1103; x_wconf 81' lang='grc' dir='ltr'>τὰ</span> <span class='ocrx_word' id='word_1_81' title='bbox 1074 1054 1421 1121; x_wconf 78' lang='grc' dir='ltr'><strong>Διοσκούρων</strong></span> <span class='ocrx_word' id='word_1_82' title='bbox 1446 1055 1720 1126; x_wconf 80' lang='grc' dir='ltr'>ἐγκώμια,</span> <span class='ocrx_word' id='word_1_83' title='bbox 1745 1063 1838 1113; x_wconf 72' lang='grc' dir='ltr'>καὶ</span> 
     </span>
    </p>
   </div>
   <div class='ocr_carea' id='block_1_13' title="bbox 259 1139 1839 1220">
    <p class='ocr_par' dir='ltr' id='par_1_13' title="bbox 259 1139 1839 1220">
     <span class='ocr_line' id='line_1_13' title="bbox 259 1139 1839 1220; baseline 0.009 -29"><span class='ocrx_word' id='word_1_84' title='bbox 259 1139 316 1191; x_wconf 80' lang='grc' dir='ltr'><strong>εί</strong></span> <span class='ocrx_word' id='word_1_85' title='bbox 339 1154 485 1203; x_wconf 81' lang='grc' dir='ltr'>τινες</span> <span class='ocrx_word' id='word_1_86' title='bbox 544 1140 798 1210; x_wconf 83' lang='grc' dir='ltr'>Ὀρέσται</span> <span class='ocrx_word' id='word_1_87' title='bbox 848 1146 943 1195; x_wconf 83' lang='grc' dir='ltr'><strong>καὶ</strong></span> <span class='ocrx_word' id='word_1_88' title='bbox 980 1143 1219 1198; x_wconf 79' lang='grc' dir='ltr'>Πυλάδαι</span> <span class='ocrx_word' id='word_1_89' title='bbox 1262 1147 1353 1199; x_wconf 78' lang='grc' dir='ltr'>τὸν</span> <span class='ocrx_word' id='word_1_90' title='bbox 1407 1150 1620 1220; x_wconf 64' lang='grc' dir='ltr'>μακρὸν</span> <span class='ocrx_word' id='word_1_91' title='bbox 1664 1152 1839 1218; x_wconf 85' lang='grc' dir='ltr'>ἐμπε-</span> 
     </span>
    </p>
   </div>
   <div class='ocr_carea' id='block_1_14' title="bbox 257 1229 1836 1309">
    <p class='ocr_par' dir='ltr' id='par_1_14' title="bbox 257 1229 1836 1309">
     <span class='ocr_line' id='line_1_14' title="bbox 257 1229 1836 1309; baseline 0.009 -28"><span class='ocrx_word' id='word_1_92' title='bbox 257 1229 538 1300; x_wconf 81' lang='grc' dir='ltr'>πληκότες</span> <span class='ocrx_word' id='word_1_93' title='bbox 572 1232 747 1287; x_wconf 79' lang='grc' dir='ltr'>αἰῶνα</span> <span class='ocrx_word' id='word_1_94' title='bbox 783 1234 1137 1305; x_wconf 72' lang='grc' dir='ltr'>φιλαδελφίας</span> <span class='ocrx_word' id='word_1_95' title='bbox 1184 1238 1621 1309; x_wconf 80' lang='grc' dir='ltr'>ὑποδειγμάτων,</span> <span class='ocrx_word' id='word_1_96' title='bbox 1656 1243 1710 1296; x_wconf 81' lang='grc' dir='ltr'><strong>εί</strong></span> <span class='ocrx_word' id='word_1_97' title='bbox 1752 1261 1836 1308; x_wconf 85' lang='grc' dir='ltr'><strong>τις</strong></span> 
     </span>
    </p>
   </div>
   <div class='ocr_carea' id='block_1_15' title="bbox 257 1322 1838 1396">
    <p class='ocr_par' dir='ltr' id='par_1_15' title="bbox 257 1322 1838 1396">
     <span class='ocr_line' id='line_1_15' title="bbox 257 1322 1838 1396; baseline 0.008 -22"><span class='ocrx_word' id='word_1_98' title='bbox 257 1322 333 1375; x_wconf 79' lang='grc' dir='ltr'>τὰ</span> <span class='ocrx_word' id='word_1_99' title='bbox 365 1322 612 1396; x_wconf 69' lang='grc' dir='ltr'>ἡμέτερα</span> <span class='ocrx_word' id='word_1_100' title='bbox 657 1327 772 1389; x_wconf 84' lang='grc' dir='ltr'>τοῖς</span> <span class='ocrx_word' id='word_1_101' title='bbox 818 1327 1043 1380; x_wconf 85' lang='grc' dir='ltr'><strong>ἐκείνων</strong></span> <span class='ocrx_word' id='word_1_102' title='bbox 1084 1329 1463 1396; x_wconf 75' lang='grc' dir='ltr'>ἀντεξετάζειν</span> <span class='ocrx_word' id='word_1_103' title='bbox 1504 1333 1697 1391; x_wconf 78' lang='grc' dir='ltr'>ἐθέλει.</span> <span class='ocrx_word' id='word_1_104' title='bbox 1732 1336 1838 1388; x_wconf 79' lang='grc' dir='ltr'><strong>Καὶ</strong></span> 
     </span>
    </p>
   </div>
   <div class='ocr_carea' id='block_1_16' title="bbox 257 1409 1834 1496">
    <p class='ocr_par' dir='ltr' id='par_1_16' title="bbox 257 1409 1834 1496">
     <span class='ocr_line' id='line_1_16' title="bbox 257 1409 1834 1496; baseline 0.008 -30"><span class='ocrx_word' id='word_1_105' title='bbox 257 1409 336 1483; x_wconf 74' lang='grc' dir='ltr'><strong>ἦν</strong></span> <span class='ocrx_word' id='word_1_106' title='bbox 362 1416 398 1485; x_wconf 92' lang='grc' dir='ltr'><strong>ἡ</strong></span> <span class='ocrx_word' id='word_1_107' title='bbox 428 1416 554 1474; x_wconf 80' lang='grc' dir='ltr'>τοὺς</span> <span class='ocrx_word' id='word_1_108' title='bbox 584 1415 859 1480; x_wconf 80' lang='grc' dir='ltr'>τοιούτους</span> <span class='ocrx_word' id='word_1_109' title='bbox 890 1419 978 1472; x_wconf 71' lang='grc' dir='ltr'><strong>ἀεὶ</strong></span> <span class='ocrx_word' id='word_1_110' title='bbox 1009 1421 1152 1473; x_wconf 80' lang='grc' dir='ltr'>κατὰ</span> <span class='ocrx_word' id='word_1_111' title='bbox 1190 1421 1286 1474; x_wconf 89' lang='grc' dir='ltr'><strong>τοῦ</strong></span> <span class='ocrx_word' id='word_1_112' title='bbox 1326 1423 1422 1476; x_wconf 87' lang='grc' dir='ltr'>σοῦ</span> <span class='ocrx_word' id='word_1_113' title='bbox 1465 1425 1834 1496; x_wconf 82' lang='grc' dir='ltr'><strong>μηχανωμένη</strong></span> 
     </span>
    </p>
   </div>
   <div class='ocr_carea' id='block_1_17' title="bbox 259 1504 1834 1584">
    <p class='ocr_par' dir='ltr' id='par_1_17' title="bbox 259 1504 1834 1584">
     <span class='ocr_line' id='line_1_17' title="bbox 259 1504 1834 1584; baseline 0.005 -27"><span class='ocrx_word' id='word_1_114' title='bbox 259 1504 475 1575; x_wconf 80' lang='grc' dir='ltr'>πατρὸς</span> <span class='ocrx_word' id='word_1_115' title='bbox 518 1505 804 1575; x_wconf 73' lang='grc' dir='ltr'><strong>διωγμοὺς⁴</strong></span> <span class='ocrx_word' id='word_1_116' title='bbox 846 1509 937 1562; x_wconf 72' lang='grc' dir='ltr'>καὶ</span> <span class='ocrx_word' id='word_1_117' title='bbox 985 1507 1252 1571; x_wconf 74' lang='grc' dir='ltr'><strong>θανάτους</strong></span> <span class='ocrx_word' id='word_1_118' title='bbox 1285 1512 1456 1565; x_wconf 76' lang='grc' dir='ltr'>Ἅννα</span> <span class='ocrx_word' id='word_1_119' title='bbox 1512 1514 1542 1583; x_wconf 86' lang='grc' dir='ltr'><strong>ἡ</strong></span> <span class='ocrx_word' id='word_1_120' title='bbox 1598 1514 1834 1584; x_wconf 77' lang='grc' dir='ltr'><strong>βασιλὶς,</strong></span> 
     </span>
    </p>
   </div>
   <div class='ocr_carea' id='block_1_18' title="bbox 259 1595 1838 1674">
    <p class='ocr_par' dir='ltr' id='par_1_18' title="bbox 259 1595 1838 1674">
     <span class='ocr_line' id='line_1_18' title="bbox 259 1595 1838 1674; baseline 0.006 -25"><span class='ocrx_word' id='word_1_121' title='bbox 259 1598 560 1666; x_wconf 82' lang='grc' dir='ltr'>πρόσωπον</span> <span class='ocrx_word' id='word_1_122' title='bbox 582 1595 842 1666; x_wconf 74' lang='grc' dir='ltr'><strong>ἀληθείας</strong></span> <span class='ocrx_word' id='word_1_123' title='bbox 875 1596 1107 1668; x_wconf 72' lang='grc' dir='ltr'>ἔχουσαν</span> <span class='ocrx_word' id='word_1_124' title='bbox 1127 1600 1237 1654; x_wconf 80' lang='grc' dir='ltr'>οὐδ’</span> <span class='ocrx_word' id='word_1_125' title='bbox 1256 1601 1508 1672; x_wconf 76' lang='grc' dir='ltr'><strong>ἡντινοῦν</strong></span> <span class='ocrx_word' id='word_1_126' title='bbox 1533 1603 1838 1674; x_wconf 83' lang='grc' dir='ltr'>προϐάλλε-</span> 
     </span>
    </p>
   </div>
   <div class='ocr_carea' id='block_1_19' title="bbox 259 1686 1839 1768">
    <p class='ocr_par' dir='ltr' id='par_1_19' title="bbox 259 1686 1839 1768">
     <span class='ocr_line' id='line_1_19' title="bbox 259 1686 1839 1768; baseline 0.006 -28"><span class='ocrx_word' id='word_1_127' title='bbox 259 1688 387 1741; x_wconf 75' lang='grc' dir='ltr'>σθαι</span> <span class='ocrx_word' id='word_1_128' title='bbox 416 1686 690 1768; x_wconf 75' lang='grc' dir='ltr'><strong>δυναμένη</strong></span> <span class='ocrx_word' id='word_1_129' title='bbox 751 1689 1027 1758; x_wconf 76' lang='grc' dir='ltr'>πρόφασιν</span> <span class='ocrx_word' id='word_1_130' title='bbox 1071 1691 1195 1746; x_wconf 89' lang='grc' dir='ltr'>κατ’</span> <span class='ocrx_word' id='word_1_131' title='bbox 1233 1693 1421 1747; x_wconf 77' lang='grc' dir='ltr'>αὑτοῦ.</span> <span class='ocrx_word' id='word_1_132' title='bbox 1457 1695 1596 1765; x_wconf 79' lang='grc' dir='ltr'>Παρ⁹</span> <span class='ocrx_word' id='word_1_133' title='bbox 1621 1690 1689 1768; x_wconf 85' lang='grc' dir='ltr'>ἦς</span> <span class='ocrx_word' id='word_1_134' title='bbox 1726 1696 1839 1765; x_wconf 87' lang='grc' dir='ltr'>ἐγώ</span> 
     </span>
    </p>
   </div>
   <div class='ocr_carea' id='block_1_20' title="bbox 253 1757 1908 1857">
    <p class='ocr_par' dir='ltr' id='par_1_20' title="bbox 253 1757 1908 1857">
     <span class='ocr_line' id='line_1_20' title="bbox 253 1757 1908 1857; baseline 0.008 -27"><span class='ocrx_word' id='word_1_135' title='bbox 253 1794 321 1830; x_wconf 84' lang='grc' dir='ltr'><strong>τε</strong></span> <span class='ocrx_word' id='word_1_136' title='bbox 355 1777 450 1833; x_wconf 76' lang='grc' dir='ltr'><strong>καὶ</strong></span> <span class='ocrx_word' id='word_1_137' title='bbox 486 1765 656 1847; x_wconf 53' lang='lat' dir='ltr'><strong>«ﬁt:</strong></span> <span class='ocrx_word' id='word_1_138' title='bbox 706 1757 935 1848; x_wconf 66' lang='grc' dir='ltr'>ἀδελφὸς</span> <span class='ocrx_word' id='word_1_139' title='bbox 982 1782 1240 1853; x_wconf 79' lang='grc' dir='ltr'>Μανονὴλ</span> <span class='ocrx_word' id='word_1_140' title='bbox 1290 1784 1492 1846; x_wconf 76' lang='grc' dir='ltr'>πολλάς</span> <span class='ocrx_word' id='word_1_141' title='bbox 1537 1757 1836 1857; x_wconf 73' lang='grc' dir='ltr'>ἐδεέάμεθα</span> <span class='ocrx_word' id='word_1_142' title='bbox 1867 1757 1908 1811; x_wconf 65' lang='grc' dir='ltr'><strong>Β</strong></span> 
     </span>
    </p>
   </div>
   <div class='ocr_carea' id='block_1_21' title="bbox 254 1866 1840 1948">
    <p class='ocr_par' dir='ltr' id='par_1_21' title="bbox 254 1866 1840 1948">
     <span class='ocr_line' id='line_1_21' title="bbox 254 1866 1840 1948; baseline 0.008 -29"><span class='ocrx_word' id='word_1_143' title='bbox 254 1866 439 1939; x_wconf 88' lang='grc' dir='ltr'>λάθρα</span> <span class='ocrx_word' id='word_1_144' title='bbox 471 1868 589 1938; x_wconf 83' lang='grc' dir='ltr'>μεθ’</span> <span class='ocrx_word' id='word_1_145' title='bbox 619 1868 800 1938; x_wconf 80' lang='grc' dir='ltr'>ὅρκων</span> <span class='ocrx_word' id='word_1_146' title='bbox 843 1871 1113 1924; x_wconf 76' lang='grc' dir='ltr'><strong>παντοίων</strong></span> <span class='ocrx_word' id='word_1_147' title='bbox 1148 1873 1386 1943; x_wconf 76' lang='grc' dir='ltr'>γραφὰς,</span> <span class='ocrx_word' id='word_1_148' title='bbox 1419 1875 1551 1945; x_wconf 86' lang='grc' dir='ltr'>ἡμῖν</span> <span class='ocrx_word' id='word_1_149' title='bbox 1595 1893 1657 1930; x_wconf 89' lang='grc' dir='ltr'><strong>τε</strong></span> <span class='ocrx_word' id='word_1_150' title='bbox 1707 1895 1840 1948; x_wconf 86' lang='grc' dir='ltr'><strong>κτη-</strong></span> 
     </span>
    </p>
   </div>
   <div class='ocr_carea' id='block_1_22' title="bbox 257 1957 1839 2037">
    <p class='ocr_par' dir='ltr' id='par_1_22' title="bbox 257 1957 1839 2037">
     <span class='ocr_line' id='line_1_22' title="bbox 257 1957 1839 2037; baseline 0.009 -29"><span class='ocrx_word' id='word_1_151' title='bbox 257 1958 455 2027; x_wconf 76' lang='grc' dir='ltr'>μάτων</span> <span class='ocrx_word' id='word_1_152' title='bbox 486 1957 624 2029; x_wconf 81' lang='grc' dir='ltr'><strong>ὁμοῦ</strong></span> <span class='ocrx_word' id='word_1_153' title='bbox 658 1959 755 2014; x_wconf 81' lang='grc' dir='ltr'><strong>καὶ</strong></span> <span class='ocrx_word' id='word_1_154' title='bbox 800 1962 1099 2031; x_wconf 83' lang='grc' dir='ltr'><strong>χρημάτων</strong></span> <span class='ocrx_word' id='word_1_155' title='bbox 1149 1965 1449 2034; x_wconf 75' lang='grc' dir='ltr'><strong>προσόδους</strong></span> <span class='ocrx_word' id='word_1_156' title='bbox 1503 1969 1839 2037; x_wconf 75' lang='grc' dir='ltr'>ἐπαγγελλο-</span> 
     </span>
    </p>
   </div>
   <div class='ocr_carea' id='block_1_23' title="bbox 256 2050 1835 2124">
    <p class='ocr_par' dir='ltr' id='par_1_23' title="bbox 256 2050 1835 2124">
     <span class='ocr_line' id='line_1_23' title="bbox 256 2050 1835 2124; baseline 0.007 -23"><span class='ocrx_word' id='word_1_157' title='bbox 256 2050 433 2119; x_wconf 76' lang='grc' dir='ltr'><strong>μένης</strong></span> <span class='ocrx_word' id='word_1_158' title='bbox 463 2052 559 2103; x_wconf 69' lang='grc' dir='ltr'><strong>καὶ⁵</strong></span> <span class='ocrx_word' id='word_1_159' title='bbox 585 2051 704 2121; x_wconf 82' lang='grc' dir='ltr'><strong>ἅμα</strong></span> <span class='ocrx_word' id='word_1_160' title='bbox 737 2053 850 2115; x_wconf 83' lang='grc' dir='ltr'>τοῖς</span> <span class='ocrx_word' id='word_1_161' title='bbox 886 2054 1308 2123; x_wconf 65' lang='grc' dir='ltr'>καθειργμένοις</span> <span class='ocrx_word' id='word_1_162' title='bbox 1339 2055 1588 2124; x_wconf 89' lang='grc' dir='ltr'>γονεῦσιν</span> <span class='ocrx_word' id='word_1_163' title='bbox 1617 2058 1835 2112; x_wconf 81' lang='grc' dir='ltr'>ἐλεύθε-</span> 
     </span>
    </p>
   </div>
   <div class='ocr_carea' id='block_1_24' title="bbox 256 2140 1838 2219">
    <p class='ocr_par' dir='ltr' id='par_1_24' title="bbox 256 2140 1838 2219">
     <span class='ocr_line' id='line_1_24' title="bbox 256 2140 1838 2219; baseline 0.009 -28"><span class='ocrx_word' id='word_1_164' title='bbox 256 2156 361 2210; x_wconf 87' lang='grc' dir='ltr'>ρον</span> <span class='ocrx_word' id='word_1_165' title='bbox 402 2140 576 2212; x_wconf 71' lang='grc' dir='ltr'>ἥλιον.</span> <span class='ocrx_word' id='word_1_166' title='bbox 620 2142 762 2196; x_wconf 81' lang='grc' dir='ltr'>Ἀλλ’</span> <span class='ocrx_word' id='word_1_167' title='bbox 805 2144 970 2213; x_wconf 78' lang='grc' dir='ltr'>ἡμεῖς</span> <span class='ocrx_word' id='word_1_168' title='bbox 1016 2160 1104 2212; x_wconf 86' lang='grc' dir='ltr'><strong>γε,</strong></span> <span class='ocrx_word' id='word_1_169' title='bbox 1154 2146 1286 2211; x_wconf 77' lang='grc' dir='ltr'>τοὺς</span> <span class='ocrx_word' id='word_1_170' title='bbox 1320 2148 1419 2219; x_wconf 73' lang='grc' dir='ltr'>τῆς</span> <span class='ocrx_word' id='word_1_171' title='bbox 1455 2148 1614 2219; x_wconf 79' lang='grc' dir='ltr'>δίκης</span> <span class='ocrx_word' id='word_1_172' title='bbox 1658 2151 1838 2217; x_wconf 72' lang='grc' dir='ltr'>σέϐειν</span> 
     </span>
    </p>
   </div>
   <div class='ocr_carea' id='block_1_25' title="bbox 252 2230 1838 2311">
    <p class='ocr_par' dir='ltr' id='par_1_25' title="bbox 252 2230 1838 2311">
     <span class='ocr_line' id='line_1_25' title="bbox 252 2230 1838 2311; baseline 0.006 -26"><span class='ocrx_word' id='word_1_173' title='bbox 252 2230 539 2295; x_wconf 77' lang='grc' dir='ltr'>ἐθέλοντες</span> <span class='ocrx_word' id='word_1_174' title='bbox 573 2232 817 2302; x_wconf 84' lang='grc' dir='ltr'>θρόνους,</span> <span class='ocrx_word' id='word_1_175' title='bbox 851 2235 910 2287; x_wconf 89' lang='grc' dir='ltr'>ἐν</span> <span class='ocrx_word' id='word_1_176' title='bbox 937 2235 1427 2309; x_wconf 73' lang='grc' dir='ltr'>ἀσαλεύ-τοιςίέχειν</span> <span class='ocrx_word' id='word_1_177' title='bbox 1452 2241 1597 2308; x_wconf 79' lang='grc' dir='ltr'>ὅροις</span> <span class='ocrx_word' id='word_1_178' title='bbox 1620 2242 1838 2311; x_wconf 76' lang='grc' dir='ltr'><strong>ἐρηρει-</strong></span> 
     </span>
    </p>
   </div>
   <div class='ocr_carea' id='block_1_26' title="bbox 254 2322 1839 2399">
    <p class='ocr_par' dir='ltr' id='par_1_26' title="bbox 254 2322 1839 2399">
     <span class='ocr_line' id='line_1_26' title="bbox 254 2322 1839 2399; baseline 0.006 -25"><span class='ocrx_word' id='word_1_179' title='bbox 254 2322 491 2392; x_wconf 80' lang='grc' dir='ltr'>σμένους</span> <span class='ocrx_word' id='word_1_180' title='bbox 527 2324 653 2383; x_wconf 77' lang='grc' dir='ltr'>τοὺς</span> <span class='ocrx_word' id='word_1_181' title='bbox 679 2326 846 2387; x_wconf 83' lang='grc' dir='ltr'>πόδας</span> <span class='ocrx_word' id='word_1_182' title='bbox 870 2325 1172 2395; x_wconf 72' lang='grc' dir='ltr'><strong>ἐκρίναμεν</strong></span> <span class='ocrx_word' id='word_1_183' title='bbox 1198 2327 1327 2391; x_wconf 77' lang='grc' dir='ltr'>δεῖν,</span> <span class='ocrx_word' id='word_1_184' title='bbox 1357 2329 1450 2382; x_wconf 80' lang='grc' dir='ltr'>καὶ</span> <span class='ocrx_word' id='word_1_185' title='bbox 1478 2328 1557 2399; x_wconf 79' lang='grc' dir='ltr'><strong>μὴ</strong></span> <span class='ocrx_word' id='word_1_186' title='bbox 1586 2330 1673 2382; x_wconf 84' lang='grc' dir='ltr'>διὰ</span> <span class='ocrx_word' id='word_1_187' title='bbox 1700 2347 1839 2398; x_wconf 83' lang='grc' dir='ltr'>φαυ-</span> 
     </span>
    </p>
   </div>
   <div class='ocr_carea' id='block_1_27' title="bbox 250 2412 1836 2492">
    <p class='ocr_par' dir='ltr' id='par_1_27' title="bbox 250 2412 1836 2492">
     <span class='ocr_line' id='line_1_27' title="bbox 250 2412 1836 2492; baseline 0.006 -25"><span class='ocrx_word' id='word_1_188' title='bbox 250 2412 481 2485; x_wconf 85' lang='grc' dir='ltr'>λότερον</span> <span class='ocrx_word' id='word_1_189' title='bbox 507 2415 711 2483; x_wconf 81' lang='grc' dir='ltr'>ἀγαθὸν</span> <span class='ocrx_word' id='word_1_190' title='bbox 741 2415 826 2489; x_wconf 86' lang='grc' dir='ltr'>[Ρ.</span> <span class='ocrx_word' id='word_1_191' title='bbox 849 2416 979 2490; x_wconf 74' lang='grc'><strong>505]</strong></span> <span class='ocrx_word' id='word_1_192' title='bbox 998 2418 1268 2490; x_wconf 70' lang='grc' dir='ltr'>διηνεκεῖς</span> <span class='ocrx_word' id='word_1_193' title='bbox 1287 2437 1444 2485; x_wconf 88' lang='grc' dir='ltr'>τινας</span> <span class='ocrx_word' id='word_1_194' title='bbox 1468 2421 1548 2492; x_wconf 87' lang='grc' dir='ltr'>τῷ</span> <span class='ocrx_word' id='word_1_195' title='bbox 1572 2423 1836 2477; x_wconf 79' lang='grc' dir='ltr'>συνειδότι</span> 
     </span>
    </p>
   </div>
   <div class='ocr_carea' id='block_1_28' title="bbox 251 2504 1833 2580">
    <p class='ocr_par' dir='ltr' id='par_1_28' title="bbox 251 2504 1833 2580">
     <span class='ocr_line' id='line_1_28' title="bbox 251 2504 1833 2580; baseline 0.002 -22"><span class='ocrx_word' id='word_1_196' title='bbox 251 2504 536 2574; x_wconf 83' lang='grc' dir='ltr'>μάστιγας</span> <span class='ocrx_word' id='word_1_197' title='bbox 569 2504 876 2575; x_wconf 82' lang='grc' dir='ltr'><strong>προξενεῖν.</strong></span> <span class='ocrx_word' id='word_1_198' title='bbox 902 2506 977 2561; x_wconf 80' lang='grc' dir='ltr'><strong>Τὸ</strong></span> <span class='ocrx_word' id='word_1_199' title='bbox 1004 2509 1113 2578; x_wconf 75' lang='grc' dir='ltr'><strong>γὰρ</strong></span> <span class='ocrx_word' id='word_1_200' title='bbox 1144 2506 1234 2560; x_wconf 81' lang='grc' dir='ltr'><strong>διά</strong></span> <span class='ocrx_word' id='word_1_201' title='bbox 1256 2505 1356 2580; x_wconf 80' lang='grc' dir='ltr'><strong>τὴν</strong></span> <span class='ocrx_word' id='word_1_202' title='bbox 1389 2506 1629 2579; x_wconf 87' lang='grc' dir='ltr'><strong>ἐμαυτοῦ</strong></span> <span class='ocrx_word' id='word_1_203' title='bbox 1659 2525 1833 2579; x_wconf 85' lang='grc' dir='ltr'><strong>σωτη-</strong></span> 
     </span>
    </p>
   </div>
   <div class='ocr_carea' id='block_1_29' title="bbox 249 2595 1836 2669">
    <p class='ocr_par' dir='ltr' id='par_1_29' title="bbox 249 2595 1836 2669">
     <span class='ocr_line' id='line_1_29' title="bbox 249 2595 1836 2669; baseline 0.003 -21"><span class='ocrx_word' id='word_1_204' title='bbox 249 2595 384 2666; x_wconf 83' lang='grc' dir='ltr'><strong>ρίαν</strong></span> <span class='ocrx_word' id='word_1_205' title='bbox 416 2612 478 2649; x_wconf 90' lang='grc' dir='ltr'><strong>σε</strong></span> <span class='ocrx_word' id='word_1_206' title='bbox 519 2596 661 2666; x_wconf 82' lang='grc' dir='ltr'>μετὰ</span> <span class='ocrx_word' id='word_1_207' title='bbox 710 2596 805 2650; x_wconf 91' lang='grc' dir='ltr'>τοῦ</span> <span class='ocrx_word' id='word_1_208' title='bbox 859 2596 955 2652; x_wconf 88' lang='grc' dir='ltr'>σοῦ</span> <span class='ocrx_word' id='word_1_209' title='bbox 1006 2597 1316 2668; x_wconf 86' lang='grc' dir='ltr'>προδιδόναι</span> <span class='ocrx_word' id='word_1_210' title='bbox 1363 2598 1571 2669; x_wconf 72' lang='grc' dir='ltr'>πατρὸς</span> <span class='ocrx_word' id='word_1_211' title='bbox 1602 2600 1700 2668; x_wconf 83' lang='grc' dir='ltr'><strong>(ἐῶ</strong></span> <span class='ocrx_word' id='word_1_212' title='bbox 1726 2599 1836 2669; x_wconf 78' lang='grc' dir='ltr'><strong>γάρ</strong></span> 
     </span>
    </p>
   </div>
   <div class='ocr_carea' id='block_1_30' title="bbox 246 2684 1839 2763">
    <p class='ocr_par' dir='ltr' id='par_1_30' title="bbox 246 2684 1839 2763">
     <span class='ocr_line' id='line_1_30' title="bbox 246 2684 1839 2763; baseline 0.006 -28"><span class='ocrx_word' id='word_1_213' title='bbox 246 2686 356 2755; x_wconf 66' lang='grc' dir='ltr'><strong>τὴν</strong></span> <span class='ocrx_word' id='word_1_214' title='bbox 379 2685 549 2752; x_wconf 76' lang='grc' dir='ltr'>ἄλλην</span> <span class='ocrx_word' id='word_1_215' title='bbox 587 2685 823 2740; x_wconf 88' lang='grc' dir='ltr'><strong>ἐνταῦθα</strong></span> <span class='ocrx_word' id='word_1_216' title='bbox 862 2686 1045 2755; x_wconf 82' lang='grc' dir='ltr'>λέγειν</span> <span class='ocrx_word' id='word_1_217' title='bbox 1076 2689 1427 2759; x_wconf 81' lang='grc' dir='ltr'>συγγένειαν,</span> <span class='ocrx_word' id='word_1_218' title='bbox 1462 2684 1496 2763; x_wconf 81' lang='grc' dir='ltr'>ᾖ</span> <span class='ocrx_word' id='word_1_219' title='bbox 1524 2689 1839 2762; x_wconf 25' lang='grc' dir='ltr'>τῶνκκινδύο</span> 
     </span>
    </p>
   </div>
   <div class='ocr_carea' id='block_1_31' title="bbox 132 2766 1833 2854">
    <p class='ocr_par' dir='ltr' id='par_1_31' title="bbox 132 2766 1833 2854">
     <span class='ocr_line' id='line_1_31' title="bbox 132 2766 1833 2854; baseline 0.005 -27"><span class='ocrx_word' id='word_1_220' title='bbox 132 2766 136 2773; x_wconf 32' lang='grc' dir='ltr'><strong>δ</strong></span> <span class='ocrx_word' id='word_1_221' title='bbox 247 2794 363 2828; x_wconf 87' lang='grc' dir='ltr'>νων</span> <span class='ocrx_word' id='word_1_222' title='bbox 393 2776 758 2847; x_wconf 62' lang='grc' dir='ltr'>ξυμμτέχειν</span> <span class='ocrx_word' id='word_1_223' title='bbox 796 2793 857 2830; x_wconf 85' lang='grc' dir='ltr'><strong>τε</strong></span> <span class='ocrx_word' id='word_1_224' title='bbox 904 2779 1001 2832; x_wconf 76' lang='grc' dir='ltr'><strong>καὶ</strong></span> <span class='ocrx_word' id='word_1_225' title='bbox 1036 2780 1451 2850; x_wconf 85' lang='grc' dir='ltr'>παραπολαύειν</span> <span class='ocrx_word' id='word_1_226' title='bbox 1502 2780 1833 2854; x_wconf 78' lang='grc' dir='ltr'>ξυνέϐαινεν)</span> 
     </span>
    </p>
   </div>
   <div class='ocr_carea' id='block_1_32' title="bbox 244 2861 1835 2943">
    <p class='ocr_par' dir='ltr' id='par_1_32' title="bbox 244 2861 1835 2943">
     <span class='ocr_line' id='line_1_32' title="bbox 244 2861 1835 2943; baseline 0.004 -24"><span class='ocrx_word' id='word_1_227' title='bbox 244 2865 442 2934; x_wconf 79' lang='grc' dir='ltr'>ὅμοιον</span> <span class='ocrx_word' id='word_1_228' title='bbox 466 2861 557 2937; x_wconf 80' lang='grc' dir='ltr'>ἦν,</span> <span class='ocrx_word' id='word_1_229' title='bbox 579 2865 771 2939; x_wconf 78' lang='grc' dir='ltr'>ὥσπερ</span> <span class='ocrx_word' id='word_1_230' title='bbox 804 2868 871 2921; x_wconf 82' lang='grc' dir='ltr'>ἂν</span> <span class='ocrx_word' id='word_1_231' title='bbox 902 2870 952 2922; x_wconf 84' lang='grc' dir='ltr'><strong>εί</strong></span> <span class='ocrx_word' id='word_1_232' title='bbox 980 2869 1219 2940; x_wconf 78' lang='grc' dir='ltr'><strong>ἐμαυτὸν</strong></span> <span class='ocrx_word' id='word_1_233' title='bbox 1248 2871 1363 2923; x_wconf 81' lang='grc' dir='ltr'>ἀντ’</span> <span class='ocrx_word' id='word_1_234' title='bbox 1392 2871 1635 2940; x_wconf 78' lang='grc' dir='ltr'><strong>ἐμαυτοῦ</strong></span> <span class='ocrx_word' id='word_1_235' title='bbox 1668 2889 1835 2943; x_wconf 83' lang='grc' dir='ltr'>προε-</span> 
     </span>
    </p>
   </div>
   <div class='ocr_carea' id='block_1_33' title="bbox 245 2957 1831 3035">
    <p class='ocr_par' dir='ltr' id='par_1_33' title="bbox 245 2957 1831 3035">
     <span class='ocr_line' id='line_1_33' title="bbox 245 2957 1831 3035; baseline 0.006 -25"><span class='ocrx_word' id='word_1_236' title='bbox 245 2957 453 3023; x_wconf 86' lang='grc' dir='ltr'>δίδουν,</span> <span class='ocrx_word' id='word_1_237' title='bbox 482 2960 579 3012; x_wconf 76' lang='grc' dir='ltr'><strong>καὶ</strong></span> <span class='ocrx_word' id='word_1_238' title='bbox 602 2960 805 3031; x_wconf 78' lang='grc' dir='ltr'>τούμὸν</span> <span class='ocrx_word' id='word_1_239' title='bbox 860 2958 1005 3015; x_wconf 82' lang='grc' dir='ltr'>ἐκὼν</span> <span class='ocrx_word' id='word_1_240' title='bbox 1060 2965 1328 3033; x_wconf 79' lang='grc' dir='ltr'>παρεῖχον</span> <span class='ocrx_word' id='word_1_241' title='bbox 1377 2960 1518 3032; x_wconf 77' lang='grc' dir='ltr'><strong>αἷμα</strong></span> <span class='ocrx_word' id='word_1_242' title='bbox 1550 2963 1693 3017; x_wconf 82' lang='grc' dir='ltr'>κατὰ</span> <span class='ocrx_word' id='word_1_243' title='bbox 1726 2967 1831 3035; x_wconf 77' lang='grc' dir='ltr'>γῆς</span> 
     </span>
    </p>
   </div>
   <div class='ocr_carea' id='block_1_34' title="bbox 1934 514 3522 585">
    <p class='ocr_par' dir='ltr' id='par_1_34' title="bbox 1934 514 3522 585">
     <span class='ocr_line' id='line_1_34' title="bbox 1934 514 3522 585; baseline 0.004 -23"><span class='ocrx_word' id='word_1_244' title='bbox 1934 519 2235 577; x_wconf 81' lang='lat' dir='ltr'><strong>expertem,</strong></span> <span class='ocrx_word' id='word_1_245' title='bbox 2274 514 2417 566; x_wconf 91' lang='lat' dir='ltr'><strong>ultro</strong></span> <span class='ocrx_word' id='word_1_246' title='bbox 2474 514 2576 582; x_wconf 83' lang='lat' dir='ltr'><strong>ipsi</strong></span> <span class='ocrx_word' id='word_1_247' title='bbox 2642 515 2800 570; x_wconf 90' lang='lat' dir='ltr'><strong>nobis</strong></span> <span class='ocrx_word' id='word_1_248' title='bbox 2822 516 3157 585; x_wconf 75' lang='lat' dir='ltr'><strong>multiplices</strong></span> <span class='ocrx_word' id='word_1_249' title='bbox 3201 526 3400 578; x_wconf 84' lang='lat' dir='ltr'><strong>metus,</strong></span> <span class='ocrx_word' id='word_1_250' title='bbox 3430 530 3522 568; x_wconf 79' lang='lat' dir='ltr'><strong>ve-</strong></span> 
     </span>
    </p>
   </div>
   <div class='ocr_carea' id='block_1_35' title="bbox 1935 598 3521 675">
    <p class='ocr_par' dir='ltr' id='par_1_35' title="bbox 1935 598 3521 675">
     <span class='ocr_line' id='line_1_35' title="bbox 1935 598 3521 675; baseline 0.004 -23"><span class='ocrx_word' id='word_1_251' title='bbox 1935 598 2038 654; x_wconf 91' lang='lat' dir='ltr'><strong>luti</strong></span> <span class='ocrx_word' id='word_1_252' title='bbox 2073 600 2208 655; x_wconf 85' lang='lat' dir='ltr'><strong>retia</strong></span> <span class='ocrx_word' id='word_1_253' title='bbox 2251 603 2540 670; x_wconf 70' lang='lat' dir='ltr'><strong>quaedam,</strong></span> <span class='ocrx_word' id='word_1_254' title='bbox 2610 605 2925 660; x_wconf 87' lang='lat' dir='ltr'><strong>nectimus?</strong></span> <span class='ocrx_word' id='word_1_255' title='bbox 2980 605 3098 659; x_wconf 87' lang='lat' dir='ltr'><strong>Scis</strong></span> <span class='ocrx_word' id='word_1_256' title='bbox 3160 606 3360 675; x_wconf 79' lang='lat' dir='ltr'><strong>quippe</strong></span> <span class='ocrx_word' id='word_1_257' title='bbox 3418 618 3521 659; x_wconf 86' lang='lat' dir='ltr'><strong>nos</strong></span> 
     </span>
    </p>
   </div>
   <div class='ocr_carea' id='block_1_36' title="bbox 1936 689 3522 766">
    <p class='ocr_par' dir='ltr' id='par_1_36' title="bbox 1936 689 3522 766">
     <span class='ocr_line' id='line_1_36' title="bbox 1936 689 3522 766; baseline 0.003 -22"><span class='ocrx_word' id='word_1_258' title='bbox 1936 689 2182 747; x_wconf 70' lang='lat' dir='ltr'><strong>infinitos</strong></span> <span class='ocrx_word' id='word_1_259' title='bbox 2228 693 2467 759; x_wconf 76' lang='lat' dir='ltr'><strong>labores,</strong></span> <span class='ocrx_word' id='word_1_260' title='bbox 2521 711 2646 750; x_wconf 90' lang='lat' dir='ltr'><strong>cum</strong></span> <span class='ocrx_word' id='word_1_261' title='bbox 2675 696 2887 766; x_wconf 77' lang='lat' dir='ltr'><strong>magnis</strong></span> <span class='ocrx_word' id='word_1_262' title='bbox 2927 696 3223 765; x_wconf 82' lang='lat' dir='ltr'><strong>multisque</strong></span> <span class='ocrx_word' id='word_1_263' title='bbox 3256 706 3310 750; x_wconf 87' lang='lat' dir='ltr'><strong>et</strong></span> <span class='ocrx_word' id='word_1_264' title='bbox 3340 696 3522 764; x_wconf 79' lang='lat' dir='ltr'><strong>proxi-</strong></span> 
     </span>
    </p>
   </div>
   <div class='ocr_carea' id='block_1_37' title="bbox 1939 782 3513 856">
    <p class='ocr_par' dir='ltr' id='par_1_37' title="bbox 1939 782 3513 856">
     <span class='ocr_line' id='line_1_37' title="bbox 1939 782 3513 856; baseline 0.002 -22"><span class='ocrx_word' id='word_1_265' title='bbox 1939 782 2042 835; x_wconf 88' lang='lat' dir='ltr'><strong>mis</strong></span> <span class='ocrx_word' id='word_1_266' title='bbox 2074 784 2232 837; x_wconf 85' lang='lat' dir='ltr'><strong>morti</strong></span> <span class='ocrx_word' id='word_1_267' title='bbox 2267 785 2524 852; x_wconf 74' lang='lat' dir='ltr'><strong>perirulis</strong></span> <span class='ocrx_word' id='word_1_268' title='bbox 2548 787 2894 856; x_wconf 79' lang='lat' dir='ltr'><strong>coujunctos,</strong></span> <span class='ocrx_word' id='word_1_269' title='bbox 2914 786 3254 845; x_wconf 73' lang='lat' dir='ltr'><strong>exhausisse.</strong></span> <span class='ocrx_word' id='word_1_270' title='bbox 3285 795 3341 838; x_wconf 91' lang='lat' dir='ltr'><strong>ut</strong></span> <span class='ocrx_word' id='word_1_271' title='bbox 3371 785 3513 853; x_wconf 89' lang='lat' dir='ltr'><strong>patri</strong></span> 
     </span>
    </p>
   </div>
   <div class='ocr_carea' id='block_1_38' title="bbox 1938 875 3521 948">
    <p class='ocr_par' dir='ltr' id='par_1_38' title="bbox 1938 875 3521 948">
     <span class='ocr_line' id='line_1_38' title="bbox 1938 875 3521 948; baseline 0.002 -21"><span class='ocrx_word' id='word_1_272' title='bbox 1938 881 2033 927; x_wconf 91' lang='lat' dir='ltr'><strong>tuo</strong></span> <span class='ocrx_word' id='word_1_273' title='bbox 2080 875 2434 931; x_wconf 80' lang='lat' dir='ltr'><strong>securitatem</strong></span> <span class='ocrx_word' id='word_1_274' title='bbox 2488 877 2911 934; x_wconf 87' lang='lat' dir='ltr'><strong>redimeremus.</strong></span> <span class='ocrx_word' id='word_1_275' title='bbox 2964 879 3148 948; x_wconf 82' lang='lat' dir='ltr'><strong>Itaque</strong></span> <span class='ocrx_word' id='word_1_276' title='bbox 3177 887 3231 933; x_wconf 90' lang='lat' dir='ltr'><strong>et</strong></span> <span class='ocrx_word' id='word_1_277' title='bbox 3263 879 3521 948; x_wconf 81' lang='lat' dir='ltr'><strong>gemello-</strong></span> 
     </span>
    </p>
   </div>
   <div class='ocr_carea' id='block_1_39' title="bbox 1935 966 3522 1040">
    <p class='ocr_par' dir='ltr' id='par_1_39' title="bbox 1935 966 3522 1040">
     <span class='ocr_line' id='line_1_39' title="bbox 1935 966 3522 1040; baseline 0.002 -21"><span class='ocrx_word' id='word_1_278' title='bbox 1935 979 2059 1019; x_wconf 88' lang='lat' dir='ltr'><strong>rum</strong></span> <span class='ocrx_word' id='word_1_279' title='bbox 2089 966 2239 1021; x_wconf 83' lang='lat' dir='ltr'><strong>Jovis</strong></span> <span class='ocrx_word' id='word_1_280' title='bbox 2287 968 2610 1034; x_wconf 88' lang='lat' dir='ltr'><strong>liberorum,</strong></span> <span class='ocrx_word' id='word_1_281' title='bbox 2651 978 2705 1025; x_wconf 83' lang='lat' dir='ltr'><strong>et</strong></span> <span class='ocrx_word' id='word_1_282' title='bbox 2739 979 3008 1039; x_wconf 79' lang='lat' dir='ltr'><strong>quotquot</strong></span> <span class='ocrx_word' id='word_1_283' title='bbox 3047 987 3286 1040; x_wconf 82' lang='lat' dir='ltr'><strong>unquam</strong></span> <span class='ocrx_word' id='word_1_284' title='bbox 3314 969 3522 1025; x_wconf 77' lang='lat' dir='ltr'><strong>Oresta:</strong></span> 
     </span>
    </p>
   </div>
   <div class='ocr_carea' id='block_1_40' title="bbox 1936 1056 3513 1135">
    <p class='ocr_par' dir='ltr' id='par_1_40' title="bbox 1936 1056 3513 1135">
     <span class='ocr_line' id='line_1_40' title="bbox 1936 1056 3513 1135; baseline 0.001 -25"><span class='ocrx_word' id='word_1_285' title='bbox 1936 1064 1993 1110; x_wconf 87' lang='lat' dir='ltr'><strong>et</strong></span> <span class='ocrx_word' id='word_1_286' title='bbox 2022 1056 2236 1126; x_wconf 62' lang='lat' dir='ltr'><strong>Pylade</strong></span> <span class='ocrx_word' id='word_1_287' title='bbox 2264 1059 2548 1113; x_wconf 88' lang='lat' dir='ltr'><strong>charitatis</strong></span> <span class='ocrx_word' id='word_1_288' title='bbox 2602 1058 2857 1114; x_wconf 59' lang='lat' dir='ltr'><strong>fraterna;</strong></span> <span class='ocrx_word' id='word_1_289' title='bbox 2881 1061 3148 1128; x_wconf 79' lang='lat' dir='ltr'><strong>exemplis</strong></span> <span class='ocrx_word' id='word_1_290' title='bbox 3197 1061 3385 1135; x_wconf 66' lang='lat' dir='ltr'><strong>longas</strong></span> <span class='ocrx_word' id='word_1_291' title='bbox 3421 1075 3513 1112; x_wconf 68' lang='grc' dir='ltr'>ςιυ.</span> 
     </span>
    </p>
   </div>
   <div class='ocr_carea' id='block_1_41' title="bbox 1937 1149 3518 1220">
    <p class='ocr_par' dir='ltr' id='par_1_41' title="bbox 1937 1149 3518 1220">
     <span class='ocr_line' id='line_1_41' title="bbox 1937 1149 3518 1220; baseline -0.001 -19"><span class='ocrx_word' id='word_1_292' title='bbox 1937 1149 2186 1202; x_wconf 89' lang='lat' dir='ltr'><strong>culorum</strong></span> <span class='ocrx_word' id='word_1_293' title='bbox 2226 1159 2412 1204; x_wconf 71' lang='lat' dir='ltr'><strong>:rtates</strong></span> <span class='ocrx_word' id='word_1_294' title='bbox 2462 1151 2844 1220; x_wconf 80' lang='lat' dir='ltr'><strong>impleverunt,</strong></span> <span class='ocrx_word' id='word_1_295' title='bbox 2892 1152 3071 1205; x_wconf 86' lang='lat' dir='ltr'><strong>minor</strong></span> <span class='ocrx_word' id='word_1_296' title='bbox 3119 1151 3361 1218; x_wconf 75' lang='lat' dir='ltr'><strong>profecto</strong></span> <span class='ocrx_word' id='word_1_297' title='bbox 3401 1149 3518 1201; x_wconf 78' lang='lat' dir='ltr'><strong>laus</strong></span> 
     </span>
    </p>
   </div>
   <div class='ocr_carea' id='block_1_42' title="bbox 1939 1235 3521 1308">
    <p class='ocr_par' dir='ltr' id='par_1_42' title="bbox 1939 1235 3521 1308">
     <span class='ocr_line' id='line_1_42' title="bbox 1939 1235 3521 1308; baseline -0.001 -17"><span class='ocrx_word' id='word_1_298' title='bbox 1939 1235 2135 1302; x_wconf 76' lang='lat' dir='ltr'><strong>fuerit,</strong></span> <span class='ocrx_word' id='word_1_299' title='bbox 2185 1238 2232 1292; x_wconf 87' lang='lat' dir='ltr'><strong>si</strong></span> <span class='ocrx_word' id='word_1_300' title='bbox 2291 1238 2418 1308; x_wconf 85' lang='lat' dir='ltr'><strong>quis</strong></span> <span class='ocrx_word' id='word_1_301' title='bbox 2470 1241 2603 1293; x_wconf 88' lang='lat' dir='ltr'><strong>velit</strong></span> <span class='ocrx_word' id='word_1_302' title='bbox 2642 1254 2767 1293; x_wconf 87' lang='lat' dir='ltr'><strong>cum</strong></span> <span class='ocrx_word' id='word_1_303' title='bbox 2823 1239 3041 1292; x_wconf 86' lang='lat' dir='ltr'><strong>illorum</strong></span> <span class='ocrx_word' id='word_1_304' title='bbox 3095 1239 3258 1292; x_wconf 80' lang='lat' dir='ltr'><strong>rebus</strong></span> <span class='ocrx_word' id='word_1_305' title='bbox 3309 1246 3521 1290; x_wconf 81' lang='lat' dir='ltr'><strong>nostras</strong></span> 
     </span>
    </p>
   </div>
   <div class='ocr_carea' id='block_1_43' title="bbox 1938 1329 3522 1400">
    <p class='ocr_par' dir='ltr' id='par_1_43' title="bbox 1938 1329 3522 1400">
     <span class='ocr_line' id='line_1_43' title="bbox 1938 1329 3522 1400; baseline -0.002 -16"><span class='ocrx_word' id='word_1_306' title='bbox 1938 1330 2212 1386; x_wconf 75' lang='lat' dir='ltr'><strong>conferre.</strong></span> <span class='ocrx_word' id='word_1_307' title='bbox 2277 1329 2402 1385; x_wconf 69' lang='lat' dir='ltr'><strong>llaec</strong></span> <span class='ocrx_word' id='word_1_308' title='bbox 2488 1332 2630 1399; x_wconf 81' lang='lat' dir='ltr'><strong>patri</strong></span> <span class='ocrx_word' id='word_1_309' title='bbox 2691 1340 2786 1384; x_wconf 87' lang='lat' dir='ltr'><strong>tuo</strong></span> <span class='ocrx_word' id='word_1_310' title='bbox 2841 1331 3111 1400; x_wconf 80' lang='lat' dir='ltr'><strong>pericula,</strong></span> <span class='ocrx_word' id='word_1_311' title='bbox 3163 1331 3259 1384; x_wconf 85' lang='lat' dir='ltr'><strong>bas</strong></span> <span class='ocrx_word' id='word_1_312' title='bbox 3319 1339 3522 1382; x_wconf 77' lang='lat' dir='ltr'><strong>mortes</strong></span> 
     </span>
    </p>
   </div>
   <div class='ocr_carea' id='block_1_44' title="bbox 1936 1419 3518 1489">
    <p class='ocr_par' dir='ltr' id='par_1_44' title="bbox 1936 1419 3518 1489">
     <span class='ocr_line' id='line_1_44' title="bbox 1936 1419 3518 1489; baseline -0.002 -14"><span class='ocrx_word' id='word_1_313' title='bbox 1936 1419 2122 1475; x_wconf 73' lang='lat' dir='ltr'><strong>Anna&#39;</strong></span> <span class='ocrx_word' id='word_1_314' title='bbox 2155 1420 2498 1489; x_wconf 80' lang='lat' dir='ltr'><strong>impcratrix,</strong></span> <span class='ocrx_word' id='word_1_315' title='bbox 2561 1421 2719 1476; x_wconf 89' lang='lat' dir='ltr'><strong>nullo</strong></span> <span class='ocrx_word' id='word_1_316' title='bbox 2770 1422 2978 1487; x_wconf 88' lang='lat' dir='ltr'><strong>colore,</strong></span> <span class='ocrx_word' id='word_1_317' title='bbox 3027 1421 3179 1474; x_wconf 80' lang='lat' dir='ltr'><strong>nullo</strong></span> <span class='ocrx_word' id='word_1_318' title='bbox 3248 1420 3518 1489; x_wconf 80' lang='lat' dir='ltr'><strong>probabili</strong></span> 
     </span>
    </p>
   </div>
   <div class='ocr_carea' id='block_1_45' title="bbox 1941 1509 3523 1580">
    <p class='ocr_par' dir='ltr' id='par_1_45' title="bbox 1941 1509 3523 1580">
     <span class='ocr_line' id='line_1_45' title="bbox 1941 1509 3523 1580; baseline -0.001 -16"><span class='ocrx_word' id='word_1_319' title='bbox 1941 1517 2209 1576; x_wconf 63' lang='lat' dir='ltr'><strong>praetextu</strong></span> <span class='ocrx_word' id='word_1_320' title='bbox 2253 1511 2305 1565; x_wconf 91' lang='lat' dir='ltr'><strong>ei</strong></span> <span class='ocrx_word' id='word_1_321' title='bbox 2359 1509 2613 1574; x_wconf 71' lang='lat' dir='ltr'><strong>infensa,</strong></span> <span class='ocrx_word' id='word_1_322' title='bbox 2669 1521 2935 1579; x_wconf 77' lang='lat' dir='ltr'><strong>perpetuo</strong></span> <span class='ocrx_word' id='word_1_323' title='bbox 2996 1525 3169 1580; x_wconf 86' lang='lat' dir='ltr'><strong>usque</strong></span> <span class='ocrx_word' id='word_1_324' title='bbox 3228 1510 3523 1564; x_wconf 78' lang='lat' dir='ltr'><strong>conﬂabat.</strong></span> 
     </span>
    </p>
   </div>
   <div class='ocr_carea' id='block_1_46' title="bbox 1938 1600 3525 1671">
    <p class='ocr_par' dir='ltr' id='par_1_46' title="bbox 1938 1600 3525 1671">
     <span class='ocr_line' id='line_1_46' title="bbox 1938 1600 3525 1671; baseline -0.003 -17"><span class='ocrx_word' id='word_1_325' title='bbox 1938 1601 2051 1671; x_wconf 82' lang='lat' dir='ltr'><strong>Ego</strong></span> <span class='ocrx_word' id='word_1_326' title='bbox 2075 1615 2208 1655; x_wconf 88' lang='lat' dir='ltr'><strong>vero</strong></span> <span class='ocrx_word' id='word_1_327' title='bbox 2237 1610 2293 1655; x_wconf 89' lang='lat' dir='ltr'><strong>et</strong></span> <span class='ocrx_word' id='word_1_328' title='bbox 2323 1600 2496 1656; x_wconf 80' lang='lat' dir='ltr'><strong>frater</strong></span> <span class='ocrx_word' id='word_1_329' title='bbox 2520 1617 2678 1656; x_wconf 79' lang='lat' dir='ltr'><strong>meus</strong></span> <span class='ocrx_word' id='word_1_330' title='bbox 2704 1600 2919 1655; x_wconf 74' lang='lat' dir='ltr'><strong>Mannel</strong></span> <span class='ocrx_word' id='word_1_331' title='bbox 2956 1601 3158 1654; x_wconf 80' lang='lat' dir='ltr'><strong>multas</strong></span> <span class='ocrx_word' id='word_1_332' title='bbox 3191 1601 3263 1653; x_wconf 85' lang='lat' dir='ltr'><strong>ab</strong></span> <span class='ocrx_word' id='word_1_333' title='bbox 3289 1615 3350 1652; x_wconf 73' lang='lat' dir='ltr'><strong>ca</strong></span> <span class='ocrx_word' id='word_1_334' title='bbox 3379 1600 3525 1653; x_wconf 72' lang='lat' dir='ltr'><strong>Iittr-</strong></span> 
     </span>
    </p>
   </div>
   <div class='ocr_carea' id='block_1_47' title="bbox 1940 1687 3527 1759">
    <p class='ocr_par' dir='ltr' id='par_1_47' title="bbox 1940 1687 3527 1759">
     <span class='ocr_line' id='line_1_47' title="bbox 1940 1687 3527 1759; baseline -0.001 -19"><span class='ocrx_word' id='word_1_335' title='bbox 1940 1703 2028 1743; x_wconf 82' lang='lat' dir='ltr'><strong>ras</strong></span> <span class='ocrx_word' id='word_1_336' title='bbox 2052 1687 2190 1742; x_wconf 83' lang='lat' dir='ltr'><strong>clam</strong></span> <span class='ocrx_word' id='word_1_337' title='bbox 2243 1688 2594 1758; x_wconf 86' lang='lat' dir='ltr'><strong>accepimus;</strong></span> <span class='ocrx_word' id='word_1_338' title='bbox 2623 1704 2723 1758; x_wconf 91' lang='lat' dir='ltr'><strong>per</strong></span> <span class='ocrx_word' id='word_1_339' title='bbox 2757 1703 2899 1757; x_wconf 83' lang='lat' dir='ltr'><strong>quas</strong></span> <span class='ocrx_word' id='word_1_340' title='bbox 2952 1689 3064 1750; x_wconf 79' lang='lat' dir='ltr'><strong>illa,</strong></span> <span class='ocrx_word' id='word_1_341' title='bbox 3088 1689 3286 1756; x_wconf 77' lang='lat' dir='ltr'><strong>quovis</strong></span> <span class='ocrx_word' id='word_1_342' title='bbox 3310 1688 3527 1759; x_wconf 80' lang='lat' dir='ltr'><strong>jureju-</strong></span> 
     </span>
    </p>
   </div>
   <div class='ocr_carea' id='block_1_48' title="bbox 1937 1777 3524 1848">
    <p class='ocr_par' dir='ltr' id='par_1_48' title="bbox 1937 1777 3524 1848">
     <span class='ocr_line' id='line_1_48' title="bbox 1937 1777 3524 1848; baseline -0.001 -17"><span class='ocrx_word' id='word_1_343' title='bbox 1937 1777 2106 1834; x_wconf 82' lang='lat' dir='ltr'><strong>rando</strong></span> <span class='ocrx_word' id='word_1_344' title='bbox 2136 1778 2482 1846; x_wconf 82' lang='lat' dir='ltr'><strong>iuterposlto,</strong></span> <span class='ocrx_word' id='word_1_345' title='bbox 2515 1777 2894 1848; x_wconf 77' lang='lat' dir='ltr'><strong>possessiones</strong></span> <span class='ocrx_word' id='word_1_346' title='bbox 2956 1779 3117 1831; x_wconf 82' lang='lat' dir='ltr'><strong>nobis</strong></span> <span class='ocrx_word' id='word_1_347' title='bbox 3149 1778 3524 1846; x_wconf 79' lang='lat' dir='ltr'><strong>pecuniarios—</strong></span> 
     </span>
    </p>
   </div>
   <div class='ocr_carea' id='block_1_49' title="bbox 1937 1866 3526 1936">
    <p class='ocr_par' dir='ltr' id='par_1_49' title="bbox 1937 1866 3526 1936">
     <span class='ocr_line' id='line_1_49' title="bbox 1937 1866 3526 1936; baseline 0 -16"><span class='ocrx_word' id='word_1_348' title='bbox 1937 1881 2045 1935; x_wconf 87' lang='lat' dir='ltr'><strong>que</strong></span> <span class='ocrx_word' id='word_1_349' title='bbox 2096 1866 2333 1928; x_wconf 85' lang='lat' dir='ltr'><strong>reditus.</strong></span> <span class='ocrx_word' id='word_1_350' title='bbox 2391 1867 2717 1936; x_wconf 82' lang='lat' dir='ltr'><strong>parentibus</strong></span> <span class='ocrx_word' id='word_1_351' title='bbox 2767 1882 2902 1923; x_wconf 88' lang='lat' dir='ltr'><strong>vero</strong></span> <span class='ocrx_word' id='word_1_352' title='bbox 2959 1866 3158 1920; x_wconf 84' lang='lat' dir='ltr'><strong>vinctis</strong></span> <span class='ocrx_word' id='word_1_353' title='bbox 3214 1866 3526 1922; x_wconf 84' lang='lat' dir='ltr'><strong>libertatem</strong></span> 
     </span>
    </p>
   </div>
   <div class='ocr_carea' id='block_1_50' title="bbox 1939 1942 3527 2028">
    <p class='ocr_par' dir='ltr' id='par_1_50' title="bbox 1939 1942 3527 2028">
     <span class='ocr_line' id='line_1_50' title="bbox 1939 1942 3527 2028; baseline 0.001 -20"><span class='ocrx_word' id='word_1_354' title='bbox 1939 1942 2318 2027; x_wconf 65' lang='lat' dir='ltr'><strong>pollicebatur.</strong></span> <span class='ocrx_word' id='word_1_355' title='bbox 2348 1944 2457 2014; x_wconf 82' lang='lat' dir='ltr'><strong>Sed</strong></span> <span class='ocrx_word' id='word_1_356' title='bbox 2495 1974 2598 2013; x_wconf 90' lang='lat' dir='ltr'><strong>nos</strong></span> <span class='ocrx_word' id='word_1_357' title='bbox 2634 1959 2863 2028; x_wconf 70' lang='lat' dir='ltr'><strong>justitiaa</strong></span> <span class='ocrx_word' id='word_1_358' title='bbox 2924 1957 3161 2012; x_wconf 87' lang='lat' dir='ltr'><strong>tribunal</strong></span> <span class='ocrx_word' id='word_1_359' title='bbox 3194 1956 3435 2012; x_wconf 85' lang='lat' dir='ltr'><strong>revereri</strong></span> <span class='ocrx_word' id='word_1_360' title='bbox 3469 1963 3527 2010; x_wconf 87' lang='lat' dir='ltr'><strong>et</strong></span> 
     </span>
    </p>
   </div>
   <div class='ocr_carea' id='block_1_51' title="bbox 1939 2047 3527 2117">
    <p class='ocr_par' dir='ltr' id='par_1_51' title="bbox 1939 2047 3527 2117">
     <span class='ocr_line' id='line_1_51' title="bbox 1939 2047 3527 2117; baseline 0 -15"><span class='ocrx_word' id='word_1_361' title='bbox 1939 2049 2081 2102; x_wconf 87' lang='lat' dir='ltr'><strong>intra</strong></span> <span class='ocrx_word' id='word_1_362' title='bbox 2116 2048 2324 2104; x_wconf 84' lang='lat' dir='ltr'><strong>limites</strong></span> <span class='ocrx_word' id='word_1_363' title='bbox 2375 2051 2636 2108; x_wconf 89' lang='lat' dir='ltr'><strong>immotos</strong></span> <span class='ocrx_word' id='word_1_364' title='bbox 2684 2050 2788 2105; x_wconf 76' lang='lat' dir='ltr'><strong>lixa</strong></span> <span class='ocrx_word' id='word_1_365' title='bbox 2828 2058 3019 2103; x_wconf 84' lang='lat' dir='ltr'><strong>tenere</strong></span> <span class='ocrx_word' id='word_1_366' title='bbox 3064 2049 3293 2117; x_wconf 88' lang='lat' dir='ltr'><strong>vestigia</strong></span> <span class='ocrx_word' id='word_1_367' title='bbox 3324 2047 3527 2102; x_wconf 64' lang='lat' dir='ltr'><strong>mului-</strong></span> 
     </span>
    </p>
   </div>
   <div class='ocr_carea' id='block_1_52' title="bbox 1937 2139 3527 2212">
    <p class='ocr_par' dir='ltr' id='par_1_52' title="bbox 1937 2139 3527 2212">
     <span class='ocr_line' id='line_1_52' title="bbox 1937 2139 3527 2212; baseline 0.003 -21"><span class='ocrx_word' id='word_1_368' title='bbox 1937 2154 2086 2200; x_wconf 88' lang='lat' dir='ltr'><strong>mus,</strong></span> <span class='ocrx_word' id='word_1_369' title='bbox 2111 2155 2276 2209; x_wconf 87' lang='lat' dir='ltr'><strong>quam</strong></span> <span class='ocrx_word' id='word_1_370' title='bbox 2304 2139 2517 2195; x_wconf 83' lang='lat' dir='ltr'><strong>vilioris</strong></span> <span class='ocrx_word' id='word_1_371' title='bbox 2545 2141 2710 2211; x_wconf 78' lang='lat'><strong>800</strong></span> <span class='ocrx_word' id='word_1_372' title='bbox 2732 2141 3094 2197; x_wconf 77' lang='lat' dir='ltr'><strong>emolumenti</strong></span> <span class='ocrx_word' id='word_1_373' title='bbox 3130 2146 3301 2212; x_wconf 77' lang='lat' dir='ltr'><strong>gratia</strong></span> <span class='ocrx_word' id='word_1_374' title='bbox 3331 2156 3527 2211; x_wconf 86' lang='lat' dir='ltr'><strong>perpe-</strong></span> 
     </span>
    </p>
   </div>
   <div class='ocr_carea' id='block_1_53' title="bbox 1940 2230 3524 2288">
    <p class='ocr_par' dir='ltr' id='par_1_53' title="bbox 1940 2230 3524 2288">
     <span class='ocr_line' id='line_1_53' title="bbox 1940 2230 3524 2288; baseline 0.002 -4"><span class='ocrx_word' id='word_1_375' title='bbox 1940 2240 2069 2286; x_wconf 81' lang='lat' dir='ltr'><strong>tuos</strong></span> <span class='ocrx_word' id='word_1_376' title='bbox 2117 2232 2475 2288; x_wconf 66' lang='lat' dir='ltr'><strong>conscientia:</strong></span> <span class='ocrx_word' id='word_1_377' title='bbox 2550 2230 2805 2287; x_wconf 86' lang='lat' dir='ltr'><strong>stimulos</strong></span> <span class='ocrx_word' id='word_1_378' title='bbox 2859 2232 3174 2287; x_wconf 73' lang='lat' dir='ltr'><strong>admovere.</strong></span> <span class='ocrx_word' id='word_1_379' title='bbox 3224 2231 3524 2287; x_wconf 81' lang='lat' dir='ltr'><strong>Enimvero</strong></span> 
     </span>
    </p>
   </div>
   <div class='ocr_carea' id='block_1_54' title="bbox 1935 2323 3525 2393">
    <p class='ocr_par' dir='ltr' id='par_1_54' title="bbox 1935 2323 3525 2393">
     <span class='ocr_line' id='line_1_54' title="bbox 1935 2323 3525 2393; baseline 0.002 -17"><span class='ocrx_word' id='word_1_380' title='bbox 1935 2323 2129 2378; x_wconf 89' lang='lat' dir='ltr'><strong>salutis</strong></span> <span class='ocrx_word' id='word_1_381' title='bbox 2168 2340 2302 2378; x_wconf 65' lang='lat' dir='ltr'><strong>mea:</strong></span> <span class='ocrx_word' id='word_1_382' title='bbox 2335 2340 2506 2378; x_wconf 83' lang='lat' dir='ltr'><strong>causa</strong></span> <span class='ocrx_word' id='word_1_383' title='bbox 2537 2332 2699 2393; x_wconf 90' lang='lat' dir='ltr'><strong>teque</strong></span> <span class='ocrx_word' id='word_1_384' title='bbox 2747 2333 2801 2377; x_wconf 88' lang='lat' dir='ltr'><strong>et</strong></span> <span class='ocrx_word' id='word_1_385' title='bbox 2852 2334 3064 2391; x_wconf 89' lang='lat' dir='ltr'><strong>patrem</strong></span> <span class='ocrx_word' id='word_1_386' title='bbox 3103 2330 3256 2378; x_wconf 85' lang='lat' dir='ltr'><strong>tuum</strong></span> <span class='ocrx_word' id='word_1_387' title='bbox 3290 2328 3525 2393; x_wconf 78' lang='lat' dir='ltr'><strong>prodere</strong></span> 
     </span>
    </p>
   </div>
   <div class='ocr_carea' id='block_1_55' title="bbox 1937 2402 3525 2484">
    <p class='ocr_par' dir='ltr' id='par_1_55' title="bbox 1937 2402 3525 2484">
     <span class='ocr_line' id='line_1_55' title="bbox 1937 2402 3525 2484; baseline 0.001 -17"><span class='ocrx_word' id='word_1_388' title='bbox 1937 2411 2022 2482; x_wconf 90' lang='lat' dir='ltr'><strong>(ut</strong></span> <span class='ocrx_word' id='word_1_389' title='bbox 2051 2415 2155 2468; x_wconf 85' lang='lat' dir='ltr'><strong>hoc</strong></span> <span class='ocrx_word' id='word_1_390' title='bbox 2180 2414 2302 2470; x_wconf 85' lang='lat' dir='ltr'><strong>loco</strong></span> <span class='ocrx_word' id='word_1_391' title='bbox 2325 2414 2519 2468; x_wconf 87' lang='lat' dir='ltr'><strong>sileam</strong></span> <span class='ocrx_word' id='word_1_392' title='bbox 2559 2426 2617 2468; x_wconf 88' lang='lat' dir='ltr'><strong>et</strong></span> <span class='ocrx_word' id='word_1_393' title='bbox 2645 2402 2807 2467; x_wconf 86' lang='lat' dir='ltr'><strong>aliam</strong></span> <span class='ocrx_word' id='word_1_394' title='bbox 2835 2413 3247 2484; x_wconf 73' lang='lat' dir='ltr'><strong>cognationem.</strong></span> <span class='ocrx_word' id='word_1_395' title='bbox 3278 2428 3401 2483; x_wconf 68' lang='lat' dir='ltr'><strong>qua:</strong></span> <span class='ocrx_word' id='word_1_396' title='bbox 3431 2429 3525 2482; x_wconf 75' lang='lat' dir='ltr'><strong>pe-</strong></span> 
     </span>
    </p>
   </div>
   <div class='ocr_carea' id='block_1_56' title="bbox 1935 2504 3520 2576">
    <p class='ocr_par' dir='ltr' id='par_1_56' title="bbox 1935 2504 3520 2576">
     <span class='ocr_line' id='line_1_56' title="bbox 1935 2504 3520 2576; baseline 0.002 -19"><span class='ocrx_word' id='word_1_397' title='bbox 1935 2504 2237 2559; x_wconf 89' lang='lat' dir='ltr'><strong>riculorum</strong></span> <span class='ocrx_word' id='word_1_398' title='bbox 2295 2504 2445 2559; x_wconf 84' lang='lat' dir='ltr'><strong>socia</strong></span> <span class='ocrx_word' id='word_1_399' title='bbox 2498 2514 2556 2560; x_wconf 86' lang='lat' dir='ltr'><strong>et</strong></span> <span class='ocrx_word' id='word_1_400' title='bbox 2594 2505 2893 2576; x_wconf 77' lang='lat' dir='ltr'><strong>particeps</strong></span> <span class='ocrx_word' id='word_1_401' title='bbox 2939 2505 3085 2573; x_wconf 78' lang='lat' dir='ltr'><strong>erat)</strong></span> <span class='ocrx_word' id='word_1_402' title='bbox 3116 2504 3346 2574; x_wconf 80' lang='lat' dir='ltr'><strong>perinde</strong></span> <span class='ocrx_word' id='word_1_403' title='bbox 3383 2506 3520 2560; x_wconf 83' lang='lat' dir='ltr'><strong>illud</strong></span> 
     </span>
    </p>
   </div>
   <div class='ocr_carea' id='block_1_57' title="bbox 1933 2594 3522 2668">
    <p class='ocr_par' dir='ltr' id='par_1_57' title="bbox 1933 2594 3522 2668">
     <span class='ocr_line' id='line_1_57' title="bbox 1933 2594 3522 2668; baseline 0 -17"><span class='ocrx_word' id='word_1_404' title='bbox 1933 2594 2058 2661; x_wconf 82' lang='lat' dir='ltr'><strong>fuit,</strong></span> <span class='ocrx_word' id='word_1_405' title='bbox 2092 2611 2156 2651; x_wconf 88' lang='lat' dir='ltr'><strong>ac</strong></span> <span class='ocrx_word' id='word_1_406' title='bbox 2209 2597 2256 2651; x_wconf 89' lang='lat' dir='ltr'><strong>si</strong></span> <span class='ocrx_word' id='word_1_407' title='bbox 2305 2597 2411 2651; x_wconf 85' lang='lat' dir='ltr'><strong>mei</strong></span> <span class='ocrx_word' id='word_1_408' title='bbox 2477 2613 2645 2652; x_wconf 80' lang='lat' dir='ltr'><strong>causa</strong></span> <span class='ocrx_word' id='word_1_409' title='bbox 2690 2613 2776 2652; x_wconf 84' lang='lat' dir='ltr'><strong>me</strong></span> <span class='ocrx_word' id='word_1_410' title='bbox 2826 2598 3002 2667; x_wconf 79' lang='lat' dir='ltr'><strong>ipsum</strong></span> <span class='ocrx_word' id='word_1_411' title='bbox 3036 2598 3423 2668; x_wconf 74' lang='lat' dir='ltr'><strong>prodidissent,</strong></span> <span class='ocrx_word' id='word_1_412' title='bbox 3464 2606 3522 2652; x_wconf 83' lang='lat' dir='ltr'><strong>et</strong></span> 
     </span>
    </p>
   </div>
   <div class='ocr_carea' id='block_1_58' title="bbox 1932 2687 3524 2758">
    <p class='ocr_par' dir='ltr' id='par_1_58' title="bbox 1932 2687 3524 2758">
     <span class='ocr_line' id='line_1_58' title="bbox 1932 2687 3524 2758; baseline -0.001 -16"><span class='ocrx_word' id='word_1_413' title='bbox 1932 2687 2218 2758; x_wconf 76' lang='lat' dir='ltr'><strong>sanguinis</strong></span> <span class='ocrx_word' id='word_1_414' title='bbox 2266 2688 2374 2742; x_wconf 91' lang='lat' dir='ltr'><strong>mei</strong></span> <span class='ocrx_word' id='word_1_415' title='bbox 2427 2688 2792 2742; x_wconf 86' lang='lat' dir='ltr'><strong>conservandi</strong></span> <span class='ocrx_word' id='word_1_416' title='bbox 2854 2688 3042 2743; x_wconf 88' lang='lat' dir='ltr'><strong>studio</strong></span> <span class='ocrx_word' id='word_1_417' title='bbox 3079 2703 3262 2744; x_wconf 82' lang='lat' dir='ltr'><strong>meum</strong></span> <span class='ocrx_word' id='word_1_418' title='bbox 3306 2688 3524 2757; x_wconf 86' lang='lat' dir='ltr'><strong>sangui-</strong></span> 
     </span>
    </p>
   </div>
   <div class='ocr_carea' id='block_1_59' title="bbox 1931 2778 3519 2851">
    <p class='ocr_par' dir='ltr' id='par_1_59' title="bbox 1931 2778 3519 2851">
     <span class='ocr_line' id='line_1_59' title="bbox 1931 2778 3519 2851; baseline 0.001 -19"><span class='ocrx_word' id='word_1_419' title='bbox 1931 2794 2056 2833; x_wconf 91' lang='lat' dir='ltr'><strong>nem</strong></span> <span class='ocrx_word' id='word_1_420' title='bbox 2091 2780 2237 2833; x_wconf 87' lang='lat' dir='ltr'><strong>ultro</strong></span> <span class='ocrx_word' id='word_1_421' title='bbox 2271 2778 2614 2832; x_wconf 70' lang='lat' dir='ltr'><strong>eﬂttdissem.</strong></span> <span class='ocrx_word' id='word_1_422' title='bbox 2647 2778 2802 2833; x_wconf 84' lang='lat' dir='ltr'><strong>Adeo</strong></span> <span class='ocrx_word' id='word_1_423' title='bbox 2832 2780 3098 2850; x_wconf 69' lang='lat' dir='ltr'><strong>ejusmodi</strong></span> <span class='ocrx_word' id='word_1_424' title='bbox 3130 2780 3519 2851; x_wconf 79' lang='lat' dir='ltr'><strong>cogitationum</strong></span> 
     </span>
    </p>
   </div>
   <div class='ocr_carea' id='block_1_60' title="bbox 1930 2870 3520 2941">
    <p class='ocr_par' dir='ltr' id='par_1_60' title="bbox 1930 2870 3520 2941">
     <span class='ocr_line' id='line_1_60' title="bbox 1930 2870 3520 2941; baseline 0.001 -17"><span class='ocrx_word' id='word_1_425' title='bbox 1930 2870 2206 2941; x_wconf 67' lang='lat' dir='ltr'><strong>trnigmati</strong></span> <span class='ocrx_word' id='word_1_426' title='bbox 2264 2871 2506 2925; x_wconf 86' lang='lat' dir='ltr'><strong>similem</strong></span> <span class='ocrx_word' id='word_1_427' title='bbox 2563 2884 2686 2924; x_wconf 86' lang='lat' dir='ltr'><strong>esse</strong></span> <span class='ocrx_word' id='word_1_428' title='bbox 2742 2872 3076 2938; x_wconf 76' lang='lat' dir='ltr'><strong>statuebam;</strong></span> <span class='ocrx_word' id='word_1_429' title='bbox 3134 2874 3272 2927; x_wconf 86' lang='lat' dir='ltr'><strong>adeo</strong></span> <span class='ocrx_word' id='word_1_430' title='bbox 3312 2873 3461 2927; x_wconf 78' lang='lat' dir='ltr'><strong>trulla</strong></span> <span class='ocrx_word' id='word_1_431' title='bbox 3491 2889 3520 2925; x_wconf 88' lang='lat' dir='ltr'><strong>a</strong></span> 
     </span>
    </p>
   </div>
   <div class='ocr_carea' id='block_1_61' title="bbox 1930 2954 3519 3033">
    <p class='ocr_par' dir='ltr' id='par_1_61' title="bbox 1930 2954 3519 3033">
     <span class='ocr_line' id='line_1_61' title="bbox 1930 2954 3519 3033; baseline 0.002 -18"><span class='ocrx_word' id='word_1_432' title='bbox 1930 2977 2015 3015; x_wconf 84' lang='lat' dir='ltr'><strong>me</strong></span> <span class='ocrx_word' id='word_1_433' title='bbox 2047 2962 2250 3016; x_wconf 88' lang='lat' dir='ltr'><strong>solutio</strong></span> <span class='ocrx_word' id='word_1_434' title='bbox 2282 2962 2673 3032; x_wconf 87' lang='lat' dir='ltr'><strong>reperiebatur,</strong></span> <span class='ocrx_word' id='word_1_435' title='bbox 2713 2979 2836 3033; x_wconf 76' lang='lat' dir='ltr'><strong>qua:</strong></span> <span class='ocrx_word' id='word_1_436' title='bbox 2871 2964 3233 3019; x_wconf 88' lang='lat' dir='ltr'><strong>consiliorum</strong></span> <span class='ocrx_word' id='word_1_437' title='bbox 3267 2954 3519 3018; x_wconf 83' lang='lat' dir='ltr'><strong>meorum</strong></span> 
     </span>
    </p>
   </div>
   <div class='ocr_carea' id='block_1_62' title="bbox 245 3048 1832 3156">
    <p class='ocr_par' dir='ltr' id='par_1_62' title="bbox 245 3048 1830 3124">
     <span class='ocr_line' id='line_1_62' title="bbox 245 3048 1830 3124; baseline 0.003 -22"><span class='ocrx_word' id='word_1_438' title='bbox 245 3050 541 3104; x_wconf 81' lang='grc' dir='ltr'>κενοῦσθαι</span> <span class='ocrx_word' id='word_1_439' title='bbox 560 3050 650 3106; x_wconf 80' lang='grc' dir='ltr'>διὰ</span> <span class='ocrx_word' id='word_1_440' title='bbox 680 3052 878 3123; x_wconf 75' lang='grc' dir='ltr'><strong>τούμὸν</strong></span> <span class='ocrx_word' id='word_1_441' title='bbox 907 3054 1084 3108; x_wconf 82' lang='grc' dir='ltr'>είπείν</span> <span class='ocrx_word' id='word_1_442' title='bbox 1114 3048 1276 3124; x_wconf 80' lang='grc' dir='ltr'>αἷμα.</span> <span class='ocrx_word' id='word_1_443' title='bbox 1310 3055 1497 3120; x_wconf 82' lang='grc' dir='ltr'>Οὖτως</span> <span class='ocrx_word' id='word_1_444' title='bbox 1530 3059 1611 3120; x_wconf 84' lang='grc' dir='ltr'><strong>είς</strong></span> <span class='ocrx_word' id='word_1_445' title='bbox 1655 3056 1830 3124; x_wconf 81' lang='grc' dir='ltr'><strong>αίνίγ⁶</strong></span> 
     </span>
    </p>
   </div>
   <div class='ocr_carea' id='block_1_63' title="bbox 1931 3048 3521 3156">
    <p class='ocr_par' dir='ltr' id='par_1_63' title="bbox 1933 3051 3521 3126">
     <span class='ocr_line' id='line_1_63' title="bbox 1933 3051 3521 3126; baseline 0.003 -22"><span class='ocrx_word' id='word_1_446' title='bbox 1933 3051 2118 3105; x_wconf 82' lang='lat' dir='ltr'><strong>ﬁrmas</strong></span> <span class='ocrx_word' id='word_1_447' title='bbox 2160 3052 2399 3107; x_wconf 85' lang='lat' dir='ltr'><strong>rationes</strong></span> <span class='ocrx_word' id='word_1_448' title='bbox 2449 3052 2537 3104; x_wconf 83' lang='lat' dir='ltr'><strong>vel</strong></span> <span class='ocrx_word' id='word_1_449' title='bbox 2589 3052 2880 3106; x_wconf 85' lang='lat' dir='ltr'><strong>minimum</strong></span> <span class='ocrx_word' id='word_1_450' title='bbox 2932 3053 3310 3109; x_wconf 80' lang='lat' dir='ltr'><strong>labefactaret.</strong></span> <span class='ocrx_word' id='word_1_451' title='bbox 3358 3055 3521 3126; x_wconf 68' lang='lat' dir='ltr'><strong>Alea</strong></span> 
     </span>
    </p>
   </div>
   <div class='ocr_carea' id='block_1_64' title="bbox 250 3140 1826 3215">
    <p class='ocr_par' dir='ltr' id='par_1_64' title="bbox 250 3140 1826 3215">
     <span class='ocr_line' id='line_1_64' title="bbox 250 3140 1826 3215; baseline 0.007 -26"><span class='ocrx_word' id='word_1_452' title='bbox 250 3155 427 3206; x_wconf 85' lang='grc' dir='ltr'><strong>ματος</strong></span> <span class='ocrx_word' id='word_1_453' title='bbox 478 3140 640 3207; x_wconf 88' lang='grc' dir='ltr'>λόγον</span> <span class='ocrx_word' id='word_1_454' title='bbox 682 3141 781 3211; x_wconf 80' lang='grc' dir='ltr'><strong>τὴν</strong></span> <span class='ocrx_word' id='word_1_455' title='bbox 835 3141 1087 3196; x_wconf 82' lang='grc' dir='ltr'>ἐντεῦθεν</span> <span class='ocrx_word' id='word_1_456' title='bbox 1141 3144 1410 3215; x_wconf 80' lang='grc' dir='ltr'><strong>ἀνέφερον</strong></span> <span class='ocrx_word' id='word_1_457' title='bbox 1461 3145 1699 3209; x_wconf 80' lang='grc' dir='ltr'>ἔννοιαν,</span> <span class='ocrx_word' id='word_1_458' title='bbox 1733 3148 1826 3200; x_wconf 81' lang='grc' dir='ltr'>καὶ</span> 
     </span>
    </p>
   </div>
   <div class='ocr_carea' id='block_1_65' title="bbox 244 3228 1828 3305">
    <p class='ocr_par' dir='ltr' id='par_1_65' title="bbox 244 3228 1828 3305">
     <span class='ocr_line' id='line_1_65' title="bbox 244 3228 1828 3305; baseline 0.005 -21"><span class='ocrx_word' id='word_1_459' title='bbox 244 3228 406 3285; x_wconf 80' lang='grc' dir='ltr'>λύσιν</span> <span class='ocrx_word' id='word_1_460' title='bbox 428 3232 526 3303; x_wconf 80' lang='grc' dir='ltr'><strong>οὐχ</strong></span> <span class='ocrx_word' id='word_1_461' title='bbox 553 3231 809 3304; x_wconf 77' lang='grc' dir='ltr'>εὕρισκον</span> <span class='ocrx_word' id='word_1_462' title='bbox 829 3233 1108 3304; x_wconf 84' lang='grc' dir='ltr'>οὐδεμίαν,</span> <span class='ocrx_word' id='word_1_463' title='bbox 1133 3233 1275 3289; x_wconf 82' lang='grc' dir='ltr'>ὥστε</span> <span class='ocrx_word' id='word_1_464' title='bbox 1299 3236 1447 3290; x_wconf 81' lang='grc' dir='ltr'>καθ’·</span> <span class='ocrx_word' id='word_1_465' title='bbox 1466 3236 1527 3291; x_wconf 85' lang='grc' dir='ltr'>ἐν</span> <span class='ocrx_word' id='word_1_466' title='bbox 1554 3238 1618 3305; x_wconf 75' lang='grc' dir='ltr'>γέ</span> <span class='ocrx_word' id='word_1_467' title='bbox 1645 3256 1696 3292; x_wconf 92' lang='grc' dir='ltr'><strong>τι</strong></span> <span class='ocrx_word' id='word_1_468' title='bbox 1729 3256 1828 3292; x_wconf 87' lang='grc' dir='ltr'>πα-</span> 
     </span>
    </p>
   </div>
   <div class='ocr_carea' id='block_1_66' title="bbox 248 3322 1827 3398">
    <p class='ocr_par' dir='ltr' id='par_1_66' title="bbox 248 3322 1827 3398">
     <span class='ocr_line' id='line_1_66' title="bbox 248 3322 1827 3398; baseline 0.007 -25"><span class='ocrx_word' id='word_1_469' title='bbox 248 3322 650 3392; x_wconf 83' lang='grc' dir='ltr'>ραλογίσασθαι</span> <span class='ocrx_word' id='word_1_470' title='bbox 677 3325 775 3387; x_wconf 76' lang='grc' dir='ltr'><strong>τὰς</strong></span> <span class='ocrx_word' id='word_1_471' title='bbox 812 3326 1087 3382; x_wconf 72' lang='grc' dir='ltr'>τῶν,τότε</span> <span class='ocrx_word' id='word_1_472' title='bbox 1121 3326 1400 3396; x_wconf 79' lang='grc' dir='ltr'>λογισμῶν</span> <span class='ocrx_word' id='word_1_473' title='bbox 1424 3330 1725 3398; x_wconf 83' lang='grc' dir='ltr'>κρηπῖδας.</span> <span class='ocrx_word' id='word_1_474' title='bbox 1757 3332 1827 3383; x_wconf 75' lang='grc' dir='ltr'>Ἀ</span> 
     </span>
    </p>
   </div>
   <div class='ocr_carea' id='block_1_67' title="bbox 246 3416 1826 3490">
    <p class='ocr_par' dir='ltr' id='par_1_67' title="bbox 246 3416 1826 3490">
     <span class='ocr_line' id='line_1_67' title="bbox 246 3416 1826 3490; baseline 0.004 -21"><span class='ocrx_word' id='word_1_475' title='bbox 246 3416 385 3486; x_wconf 84' lang='grc' dir='ltr'>γοῦν</span> <span class='ocrx_word' id='word_1_476' title='bbox 421 3418 621 3471; x_wconf 85' lang='grc' dir='ltr'>οὑτωσί</span> <span class='ocrx_word' id='word_1_477' title='bbox 656 3434 772 3482; x_wconf 86' lang='grc' dir='ltr'>πως</span> <span class='ocrx_word' id='word_1_478' title='bbox 799 3417 1159 3490; x_wconf 75' lang='grc' dir='ltr'><strong>ἐφυλαξάμην</strong></span> <span class='ocrx_word' id='word_1_479' title='bbox 1187 3420 1348 3483; x_wconf 80' lang='grc' dir='ltr'>αὐτὸς</span> <span class='ocrx_word' id='word_1_480' title='bbox 1380 3421 1439 3474; x_wconf 78' lang='grc' dir='ltr'><strong>ἐν</strong></span> <span class='ocrx_word' id='word_1_481' title='bbox 1466 3421 1544 3489; x_wconf 78' lang='grc' dir='ltr'>τῷ</span> <span class='ocrx_word' id='word_1_482' title='bbox 1568 3422 1691 3474; x_wconf 83' lang='grc' dir='ltr'>τότε</span> <span class='ocrx_word' id='word_1_483' title='bbox 1720 3439 1826 3475; x_wconf 86' lang='grc' dir='ltr'>πα-</span> 
     </span>
    </p>
   </div>
   <div class='ocr_carea' id='block_1_68' title="bbox 248 3508 1827 3580">
    <p class='ocr_par' dir='ltr' id='par_1_68' title="bbox 248 3508 1827 3580">
     <span class='ocr_line' id='line_1_68' title="bbox 248 3508 1827 3580; baseline 0.003 -19"><span class='ocrx_word' id='word_1_484' title='bbox 248 3508 402 3580; x_wconf 83' lang='grc' dir='ltr'>ρόντι</span> <span class='ocrx_word' id='word_1_485' title='bbox 434 3509 511 3579; x_wconf 82' lang='grc' dir='ltr'><strong>μὴ</strong></span> <span class='ocrx_word' id='word_1_486' title='bbox 538 3509 694 3580; x_wconf 79' lang='grc' dir='ltr'>δρᾷν,</span> <span class='ocrx_word' id='word_1_487' title='bbox 718 3509 812 3564; x_wconf 89' lang='grc' dir='ltr'>νῦν</span> <span class='ocrx_word' id='word_1_488' title='bbox 840 3509 934 3564; x_wconf 76' lang='grc' dir='ltr'>τὸν</span> <span class='ocrx_word' id='word_1_489' title='bbox 962 3510 1179 3580; x_wconf 79' lang='grc' dir='ltr'><strong>πατέρα</strong></span> <span class='ocrx_word' id='word_1_490' title='bbox 1206 3510 1299 3564; x_wconf 83' lang='grc' dir='ltr'><strong>τὸν</strong></span> <span class='ocrx_word' id='word_1_491' title='bbox 1331 3510 1423 3564; x_wconf 83' lang='grc' dir='ltr'><strong>σὺν</strong></span> <span class='ocrx_word' id='word_1_492' title='bbox 1446 3513 1586 3565; x_wconf 81' lang='grc' dir='ltr'>κατὰ</span> <span class='ocrx_word' id='word_1_493' title='bbox 1614 3511 1707 3565; x_wconf 85' lang='grc' dir='ltr'><strong>σοῦ</strong></span> <span class='ocrx_word' id='word_1_494' title='bbox 1731 3512 1827 3566; x_wconf 74' lang='grc' dir='ltr'><strong>καὶ</strong></span> 
     </span>
    </p>
   </div>
   <div class='ocr_carea' id='block_1_69' title="bbox 241 3597 1822 3672">
    <p class='ocr_par' dir='ltr' id='par_1_69' title="bbox 241 3597 1822 3672">
     <span class='ocr_line' id='line_1_69' title="bbox 241 3597 1822 3672; baseline 0.006 -24"><span class='ocrx_word' id='word_1_495' title='bbox 241 3597 350 3666; x_wconf 78' lang='grc' dir='ltr'>τῆς</span> <span class='ocrx_word' id='word_1_496' title='bbox 380 3599 479 3664; x_wconf 83' lang='grc' dir='ltr'>σῆς</span> <span class='ocrx_word' id='word_1_497' title='bbox 515 3597 652 3666; x_wconf 82' lang='grc' dir='ltr'><strong>ὁμοῦ</strong></span> <span class='ocrx_word' id='word_1_498' title='bbox 714 3598 1041 3667; x_wconf 82' lang='grc' dir='ltr'>συγγενείας</span> <span class='ocrx_word' id='word_1_499' title='bbox 1079 3599 1295 3669; x_wconf 84' lang='grc' dir='ltr'>ἁπάσης</span> <span class='ocrx_word' id='word_1_500' title='bbox 1326 3600 1437 3671; x_wconf 84' lang='grc' dir='ltr'><strong>δρῶ</strong></span> <span class='ocrx_word' id='word_1_501' title='bbox 1473 3600 1776 3672; x_wconf 76' lang='grc' dir='ltr'>δεδρακότα</span> <span class='ocrx_word' id='word_1_502' title='bbox 1807 3617 1822 3633; x_wconf 91' lang='grc'><strong>·</strong></span> 
     </span>
    </p>
   </div>
   <div class='ocr_carea' id='block_1_70' title="bbox 241 3687 1825 3759">
    <p class='ocr_par' dir='ltr' id='par_1_70' title="bbox 241 3687 1825 3759">
     <span class='ocr_line' id='line_1_70' title="bbox 241 3687 1825 3759; baseline 0.005 -20"><span class='ocrx_word' id='word_1_503' title='bbox 241 3688 337 3740; x_wconf 83' lang='grc' dir='ltr'><strong>ναὶ</strong></span> <span class='ocrx_word' id='word_1_504' title='bbox 373 3687 479 3759; x_wconf 84' lang='grc' dir='ltr'><strong>μὴν</strong></span> <span class='ocrx_word' id='word_1_505' title='bbox 514 3694 608 3742; x_wconf 81' lang='grc' dir='ltr'>καὶ</span> <span class='ocrx_word' id='word_1_506' title='bbox 652 3688 794 3743; x_wconf 85' lang='grc' dir='ltr'>κατὰ</span> <span class='ocrx_word' id='word_1_507' title='bbox 842 3690 1081 3757; x_wconf 82' lang='grc' dir='ltr'>πάντων,</span> <span class='ocrx_word' id='word_1_508' title='bbox 1139 3691 1331 3756; x_wconf 82' lang='grc' dir='ltr'>ἁπλῶς</span> <span class='ocrx_word' id='word_1_509' title='bbox 1367 3694 1567 3758; x_wconf 83' lang='grc' dir='ltr'>εἰπεῖν,</span> <span class='ocrx_word' id='word_1_510' title='bbox 1608 3693 1825 3757; x_wconf 87' lang='grc' dir='ltr'>ὁπόσοις</span> 
     </span>
    </p>
   </div>
   <div class='ocr_carea' id='block_1_71' title="bbox 241 3777 1825 3855">
    <p class='ocr_par' dir='ltr' id='par_1_71' title="bbox 241 3777 1825 3855">
     <span class='ocr_line' id='line_1_71' title="bbox 241 3777 1825 3855; baseline 0.003 -25"><span class='ocrx_word' id='word_1_511' title='bbox 241 3777 377 3838; x_wconf 73' lang='grc' dir='ltr'>τοὺς</span> <span class='ocrx_word' id='word_1_512' title='bbox 418 3780 665 3848; x_wconf 80' lang='grc' dir='ltr'>μακροὺς</span> <span class='ocrx_word' id='word_1_513' title='bbox 704 3781 947 3845; x_wconf 87' lang='grc' dir='ltr'>ἐκείνους</span> <span class='ocrx_word' id='word_1_514' title='bbox 976 3780 1278 3852; x_wconf 85' lang='grc' dir='ltr'>τετύχηκεν</span> <span class='ocrx_word' id='word_1_515' title='bbox 1326 3782 1525 3847; x_wconf 80' lang='grc' dir='ltr'>ἄθλους</span> <span class='ocrx_word' id='word_1_516' title='bbox 1570 3783 1825 3855; x_wconf 80' lang='grc' dir='ltr'><strong>δραμεῖν,</strong></span> 
     </span>
    </p>
   </div>
   <div class='ocr_carea' id='block_1_72' title="bbox 244 3868 1825 3945">
    <p class='ocr_par' dir='ltr' id='par_1_72' title="bbox 244 3868 1825 3945">
     <span class='ocr_line' id='line_1_72' title="bbox 244 3868 1825 3945; baseline 0.004 -26"><span class='ocrx_word' id='word_1_517' title='bbox 244 3868 613 3938; x_wconf 81' lang='grc' dir='ltr'>στρατιώταις</span> <span class='ocrx_word' id='word_1_518' title='bbox 636 3872 732 3925; x_wconf 70' lang='grc' dir='ltr'><strong>καὶ</strong></span> <span class='ocrx_word' id='word_1_519' title='bbox 755 3875 1104 3942; x_wconf 81' lang='grc' dir='ltr'>στρατηγοῖς,</span> <span class='ocrx_word' id='word_1_520' title='bbox 1131 3868 1215 3937; x_wconf 75' lang='grc' dir='ltr'>οἷς</span> <span class='ocrx_word' id='word_1_521' title='bbox 1240 3873 1339 3944; x_wconf 82' lang='grc' dir='ltr'><strong>μὲν</strong></span> <span class='ocrx_word' id='word_1_522' title='bbox 1354 3874 1480 3937; x_wconf 86' lang='grc' dir='ltr'>τοὺς</span> <span class='ocrx_word' id='word_1_523' title='bbox 1502 3873 1825 3945; x_wconf 78' lang='grc' dir='ltr'>ὑπερορίους</span> 
     </span>
    </p>
   </div>
   <div class='ocr_carea' id='block_1_73' title="bbox 242 3957 1823 4034">
    <p class='ocr_par' dir='ltr' id='par_1_73' title="bbox 242 3957 1823 4034">
     <span class='ocr_line' id='line_1_73' title="bbox 242 3957 1823 4034; baseline 0.006 -22"><span class='ocrx_word' id='word_1_524' title='bbox 242 3961 518 4028; x_wconf 81' lang='grc' dir='ltr'>ἐκείνους,</span> <span class='ocrx_word' id='word_1_525' title='bbox 539 3957 620 4027; x_wconf 75' lang='grc' dir='ltr'>οἷς</span> <span class='ocrx_word' id='word_1_526' title='bbox 643 3962 699 4015; x_wconf 77' lang='grc' dir='ltr'>δὲ</span> <span class='ocrx_word' id='word_1_527' title='bbox 731 3965 855 4028; x_wconf 80' lang='grc' dir='ltr'>τοὺς</span> <span class='ocrx_word' id='word_1_528' title='bbox 894 3966 1016 4019; x_wconf 82' lang='grc' dir='ltr'>κατ’</span> <span class='ocrx_word' id='word_1_529' title='bbox 1048 3960 1218 4034; x_wconf 80' lang='grc' dir='ltr'>οἷκον,</span> <span class='ocrx_word' id='word_1_530' title='bbox 1251 3969 1346 4020; x_wconf 75' lang='grc' dir='ltr'><strong>καὶ</strong></span> <span class='ocrx_word' id='word_1_531' title='bbox 1377 3963 1460 4030; x_wconf 83' lang='grc' dir='ltr'>οἷς</span> <span class='ocrx_word' id='word_1_532' title='bbox 1488 3968 1585 4030; x_wconf 83' lang='grc' dir='ltr'>τὰς</span> <span class='ocrx_word' id='word_1_533' title='bbox 1628 3970 1686 4021; x_wconf 86' lang='grc' dir='ltr'>ἐν</span> <span class='ocrx_word' id='word_1_534' title='bbox 1733 3968 1823 4021; x_wconf 84' lang='grc' dir='ltr'>δε-</span> 
     </span>
    </p>
   </div>
   <div class='ocr_carea' id='block_1_74' title="bbox 242 4053 1828 4128">
    <p class='ocr_par' dir='ltr' id='par_1_74' title="bbox 242 4053 1828 4128">
     <span class='ocr_line' id='line_1_74' title="bbox 242 4053 1828 4128; baseline 0.006 -26"><span class='ocrx_word' id='word_1_535' title='bbox 242 4054 588 4121; x_wconf 82' lang='grc' dir='ltr'>σμωτηρίοις</span> <span class='ocrx_word' id='word_1_536' title='bbox 628 4053 924 4117; x_wconf 81' lang='grc' dir='ltr'>κακώσεις.</span> <span class='ocrx_word' id='word_1_537' title='bbox 980 4055 1057 4110; x_wconf 86' lang='grc' dir='ltr'>Ού</span> <span class='ocrx_word' id='word_1_538' title='bbox 1104 4062 1215 4128; x_wconf 83' lang='grc' dir='ltr'>γὰρ</span> <span class='ocrx_word' id='word_1_539' title='bbox 1261 4057 1468 4114; x_wconf 86' lang='grc' dir='ltr'>ἁπλοῦν</span> <span class='ocrx_word' id='word_1_540' title='bbox 1519 4058 1768 4128; x_wconf 70' lang='grc' dir='ltr'>ὑπῆρχεν</span> <span class='ocrx_word' id='word_1_541' title='bbox 1797 4057 1828 4111; x_wconf 83' lang='grc' dir='ltr'><strong>ὃ</strong></span> 
     </span>
    </p>
   </div>
   <div class='ocr_carea' id='block_1_75' title="bbox 238 4144 1825 4222">
    <p class='ocr_par' dir='ltr' id='par_1_75' title="bbox 238 4144 1825 4222">
     <span class='ocr_line' id='line_1_75' title="bbox 238 4144 1825 4222; baseline 0.006 -27"><span class='ocrx_word' id='word_1_542' title='bbox 238 4144 361 4206; x_wconf 81' lang='grc' dir='ltr'>τοῖς</span> <span class='ocrx_word' id='word_1_543' title='bbox 391 4144 762 4215; x_wconf 71' lang='grc' dir='ltr'>ταλαιπώροις</span> <span class='ocrx_word' id='word_1_544' title='bbox 818 4147 938 4200; x_wconf 87' lang='grc' dir='ltr'>τότε</span> <span class='ocrx_word' id='word_1_545' title='bbox 975 4148 1271 4222; x_wconf 77' lang='grc' dir='ltr'><strong>ξυνηνέχθη</strong></span> <span class='ocrx_word' id='word_1_546' title='bbox 1323 4151 1532 4217; x_wconf 81' lang='grc' dir='ltr'>πάθος,</span> <span class='ocrx_word' id='word_1_547' title='bbox 1573 4150 1686 4205; x_wconf 73' lang='grc' dir='ltr'>οὐδ’</span> <span class='ocrx_word' id='word_1_548' title='bbox 1732 4151 1825 4209; x_wconf 72' lang='grc' dir='ltr'><strong>ἐπὶ</strong></span> 
     </span>
    </p>
   </div>
   <div class='ocr_carea' id='block_1_76' title="bbox 239 4236 1827 4313">
    <p class='ocr_par' dir='ltr' id='par_1_76' title="bbox 239 4236 1827 4313">
     <span class='ocr_line' id='line_1_76' title="bbox 239 4236 1827 4313; baseline 0.008 -27"><span class='ocrx_word' id='word_1_549' title='bbox 239 4236 459 4305; x_wconf 82' lang='grc' dir='ltr'>βραχύν</span> <span class='ocrx_word' id='word_1_550' title='bbox 496 4253 620 4290; x_wconf 85' lang='grc' dir='ltr'>τινα</span> <span class='ocrx_word' id='word_1_551' title='bbox 648 4237 738 4292; x_wconf 84' lang='grc' dir='ltr'><strong>τὸν</strong></span> <span class='ocrx_word' id='word_1_552' title='bbox 766 4240 976 4308; x_wconf 88' lang='grc' dir='ltr'>χρόνον,</span> <span class='ocrx_word' id='word_1_553' title='bbox 1007 4242 1090 4296; x_wconf 82' lang='grc' dir='ltr'><strong>ὅτι</strong></span> <span class='ocrx_word' id='word_1_554' title='bbox 1116 4243 1192 4313; x_wconf 85' lang='grc' dir='ltr'><strong>μὴ</strong></span> <span class='ocrx_word' id='word_1_555' title='bbox 1219 4243 1560 4298; x_wconf 84' lang='grc' dir='ltr'>παντοδαπὸν</span> <span class='ocrx_word' id='word_1_556' title='bbox 1587 4244 1682 4298; x_wconf 67' lang='grc' dir='ltr'><strong>κα)⁸</strong></span> <span class='ocrx_word' id='word_1_557' title='bbox 1706 4260 1827 4298; x_wconf 86' lang='grc' dir='ltr'>ποι-</span> 
     </span>
    </p>
   </div>
   <div class='ocr_carea' id='block_1_77' title="bbox 240 4328 1827 4407">
    <p class='ocr_par' dir='ltr' id='par_1_77' title="bbox 240 4328 1827 4407">
     <span class='ocr_line' id='line_1_77' title="bbox 240 4328 1827 4407; baseline 0.007 -27"><span class='ocrx_word' id='word_1_558' title='bbox 240 4329 421 4390; x_wconf 74' lang='grc' dir='ltr'>κίλον,</span> <span class='ocrx_word' id='word_1_559' title='bbox 463 4328 599 4382; x_wconf 70' lang='grc' dir='ltr'><strong>κάπὶ</strong></span> <span class='ocrx_word' id='word_1_560' title='bbox 651 4333 880 4400; x_wconf 79' lang='grc' dir='ltr'>μακροῖς</span> <span class='ocrx_word' id='word_1_561' title='bbox 928 4334 1288 4404; x_wconf 84' lang='grc' dir='ltr'>ἐντεταμένον</span> <span class='ocrx_word' id='word_1_562' title='bbox 1330 4335 1427 4390; x_wconf 89' lang='grc' dir='ltr'><strong>τοῦ</strong></span> <span class='ocrx_word' id='word_1_563' title='bbox 1474 4337 1669 4407; x_wconf 87' lang='grc' dir='ltr'>χρόνου</span> <span class='ocrx_word' id='word_1_564' title='bbox 1712 4340 1827 4403; x_wconf 81' lang='grc' dir='ltr'>τοῖς</span> 
     </span>
    </p>
   </div>
   <div class='ocr_carea' id='block_1_78' title="bbox 1928 3143 3520 3216">
    <p class='ocr_par' dir='ltr' id='par_1_78' title="bbox 1928 3143 3520 3216">
     <span class='ocr_line' id='line_1_78' title="bbox 1928 3143 3520 3216; baseline 0.003 -20"><span class='ocrx_word' id='word_1_565' title='bbox 1928 3158 2050 3212; x_wconf 79' lang='lat' dir='ltr'><strong>qua:</strong></span> <span class='ocrx_word' id='word_1_566' title='bbox 2080 3159 2176 3213; x_wconf 87' lang='lat' dir='ltr'><strong>per</strong></span> <span class='ocrx_word' id='word_1_567' title='bbox 2220 3143 2353 3197; x_wconf 85' lang='lat' dir='ltr'><strong>illud</strong></span> <span class='ocrx_word' id='word_1_568' title='bbox 2398 3155 2612 3215; x_wconf 82' lang='lat' dir='ltr'><strong>tempus</strong></span> <span class='ocrx_word' id='word_1_569' title='bbox 2656 3144 2777 3202; x_wconf 87' lang='lat' dir='ltr'><strong>cavi</strong></span> <span class='ocrx_word' id='word_1_570' title='bbox 2821 3162 2921 3216; x_wconf 84' lang='lat' dir='ltr'><strong>ego</strong></span> <span class='ocrx_word' id='word_1_571' title='bbox 2961 3162 3029 3201; x_wconf 91' lang='lat' dir='ltr'><strong>ne</strong></span> <span class='ocrx_word' id='word_1_572' title='bbox 3059 3147 3429 3209; x_wconf 83' lang='lat' dir='ltr'><strong>admitterem.</strong></span> <span class='ocrx_word' id='word_1_573' title='bbox 3454 3161 3520 3201; x_wconf 84' lang='lat' dir='ltr'><strong>ea</strong></span> 
     </span>
    </p>
   </div>
   <div class='ocr_carea' id='block_1_79' title="bbox 1930 3231 3522 3307">
    <p class='ocr_par' dir='ltr' id='par_1_79' title="bbox 1930 3231 3522 3307">
     <span class='ocr_line' id='line_1_79' title="bbox 1930 3231 3522 3307; baseline 0.002 -20"><span class='ocrx_word' id='word_1_574' title='bbox 1930 3231 2049 3302; x_wconf 87' lang='lat' dir='ltr'><strong>ipsa</strong></span> <span class='ocrx_word' id='word_1_575' title='bbox 2083 3249 2233 3289; x_wconf 90' lang='lat' dir='ltr'><strong>nunc</strong></span> <span class='ocrx_word' id='word_1_576' title='bbox 2278 3234 2331 3288; x_wconf 91' lang='lat' dir='ltr'><strong>in</strong></span> <span class='ocrx_word' id='word_1_577' title='bbox 2365 3243 2418 3290; x_wconf 86' lang='lat' dir='ltr'><strong>te</strong></span> <span class='ocrx_word' id='word_1_578' title='bbox 2453 3244 2508 3289; x_wconf 90' lang='lat' dir='ltr'><strong>et</strong></span> <span class='ocrx_word' id='word_1_579' title='bbox 2551 3236 2605 3290; x_wconf 85' lang='lat' dir='ltr'><strong>in</strong></span> <span class='ocrx_word' id='word_1_580' title='bbox 2641 3244 2810 3291; x_wconf 89' lang='lat' dir='ltr'><strong>totam</strong></span> <span class='ocrx_word' id='word_1_581' title='bbox 2850 3236 3234 3307; x_wconf 76' lang='lat' dir='ltr'><strong>cognationem</strong></span> <span class='ocrx_word' id='word_1_582' title='bbox 3265 3247 3412 3291; x_wconf 89' lang='lat' dir='ltr'><strong>tuam</strong></span> <span class='ocrx_word' id='word_1_583' title='bbox 3441 3237 3522 3290; x_wconf 81' lang='lat' dir='ltr'><strong>vi-</strong></span> 
     </span>
    </p>
   </div>
   <div class='ocr_carea' id='block_1_80' title="bbox 1928 3327 3521 3395">
    <p class='ocr_par' dir='ltr' id='par_1_80' title="bbox 1928 3327 3521 3395">
     <span class='ocr_line' id='line_1_80' title="bbox 1928 3327 3521 3395; baseline 0.003 -14"><span class='ocrx_word' id='word_1_584' title='bbox 1928 3327 2033 3381; x_wconf 88' lang='lat' dir='ltr'><strong>deo</strong></span> <span class='ocrx_word' id='word_1_585' title='bbox 2064 3341 2095 3378; x_wconf 92' lang='lat' dir='ltr'><strong>a</strong></span> <span class='ocrx_word' id='word_1_586' title='bbox 2152 3335 2309 3395; x_wconf 81' lang='lat' dir='ltr'><strong>patre</strong></span> <span class='ocrx_word' id='word_1_587' title='bbox 2363 3336 2457 3379; x_wconf 91' lang='lat' dir='ltr'><strong>tuo</strong></span> <span class='ocrx_word' id='word_1_588' title='bbox 2518 3328 2757 3383; x_wconf 89' lang='lat' dir='ltr'><strong>admissa</strong></span> <span class='ocrx_word' id='word_1_589' title='bbox 2804 3343 2972 3384; x_wconf 89' lang='lat' dir='ltr'><strong>esse:</strong></span> <span class='ocrx_word' id='word_1_590' title='bbox 3005 3331 3116 3382; x_wconf 88' lang='lat' dir='ltr'><strong>imo</strong></span> <span class='ocrx_word' id='word_1_591' title='bbox 3147 3338 3205 3387; x_wconf 78' lang='lat' dir='ltr'><strong>et</strong></span> <span class='ocrx_word' id='word_1_592' title='bbox 3238 3329 3290 3382; x_wconf 91' lang='lat' dir='ltr'><strong>iu</strong></span> <span class='ocrx_word' id='word_1_593' title='bbox 3327 3343 3521 3385; x_wconf 86' lang='lat' dir='ltr'><strong>omnes</strong></span> 
     </span>
    </p>
   </div>
   <div class='ocr_carea' id='block_1_81' title="bbox 1933 3417 3522 3489">
    <p class='ocr_par' dir='ltr' id='par_1_81' title="bbox 1933 3417 3522 3489">
     <span class='ocr_line' id='line_1_81' title="bbox 1933 3417 3522 3489; baseline 0.001 -17"><span class='ocrx_word' id='word_1_594' title='bbox 1933 3434 2159 3489; x_wconf 88' lang='lat' dir='ltr'><strong>prorsus</strong></span> <span class='ocrx_word' id='word_1_595' title='bbox 2190 3417 2395 3473; x_wconf 87' lang='lat' dir='ltr'><strong>milites</strong></span> <span class='ocrx_word' id='word_1_596' title='bbox 2433 3431 2496 3470; x_wconf 85' lang='lat' dir='ltr'><strong>ac</strong></span> <span class='ocrx_word' id='word_1_597' title='bbox 2534 3418 2722 3483; x_wconf 87' lang='lat' dir='ltr'><strong>duces,</strong></span> <span class='ocrx_word' id='word_1_598' title='bbox 2752 3418 2846 3487; x_wconf 88' lang='lat' dir='ltr'><strong>qui</strong></span> <span class='ocrx_word' id='word_1_599' title='bbox 2880 3433 3106 3489; x_wconf 87' lang='lat' dir='ltr'><strong>magnos</strong></span> <span class='ocrx_word' id='word_1_600' title='bbox 3147 3420 3268 3474; x_wconf 89' lang='lat' dir='ltr'><strong>illos</strong></span> <span class='ocrx_word' id='word_1_601' title='bbox 3299 3419 3522 3474; x_wconf 82' lang='lat' dir='ltr'><strong>labores</strong></span> 
     </span>
    </p>
   </div>
   <div class='ocr_carea' id='block_1_82' title="bbox 1926 3507 3521 3578">
    <p class='ocr_par' dir='ltr' id='par_1_82' title="bbox 1926 3507 3521 3578">
     <span class='ocr_line' id='line_1_82' title="bbox 1926 3507 3521 3578; baseline 0.001 -15"><span class='ocrx_word' id='word_1_602' title='bbox 1926 3508 2044 3563; x_wconf 86' lang='lat' dir='ltr'><strong>sive</strong></span> <span class='ocrx_word' id='word_1_603' title='bbox 2098 3507 2234 3563; x_wconf 81' lang='lat' dir='ltr'><strong>foris</strong></span> <span class='ocrx_word' id='word_1_604' title='bbox 2286 3510 2404 3563; x_wconf 85' lang='lat' dir='ltr'><strong>sive</strong></span> <span class='ocrx_word' id='word_1_605' title='bbox 2475 3507 2622 3561; x_wconf 91' lang='lat' dir='ltr'><strong>domi</strong></span> <span class='ocrx_word' id='word_1_606' title='bbox 2673 3508 3074 3573; x_wconf 81' lang='lat' dir='ltr'><strong>decurrerunt;</strong></span> <span class='ocrx_word' id='word_1_607' title='bbox 3117 3521 3284 3578; x_wconf 88' lang='lat' dir='ltr'><strong>atque</strong></span> <span class='ocrx_word' id='word_1_608' title='bbox 3332 3509 3387 3562; x_wconf 88' lang='lat' dir='ltr'><strong>in</strong></span> <span class='ocrx_word' id='word_1_609' title='bbox 3421 3524 3521 3564; x_wconf 89' lang='lat' dir='ltr'><strong>eos</strong></span> 
     </span>
    </p>
   </div>
   <div class='ocr_carea' id='block_1_83' title="bbox 1925 3598 3518 3671">
    <p class='ocr_par' dir='ltr' id='par_1_83' title="bbox 1925 3598 3518 3671">
     <span class='ocr_line' id='line_1_83' title="bbox 1925 3598 3518 3671; baseline 0.001 -15"><span class='ocrx_word' id='word_1_610' title='bbox 1925 3599 2096 3671; x_wconf 89' lang='lat' dir='ltr'><strong>ipsos,</strong></span> <span class='ocrx_word' id='word_1_611' title='bbox 2130 3600 2224 3670; x_wconf 89' lang='lat' dir='ltr'><strong>qui</strong></span> <span class='ocrx_word' id='word_1_612' title='bbox 2258 3599 2500 3655; x_wconf 87' lang='lat' dir='ltr'><strong>carceris</strong></span> <span class='ocrx_word' id='word_1_613' title='bbox 2537 3614 2816 3655; x_wconf 66' lang='lat' dir='ltr'><strong>aerumnas</strong></span> <span class='ocrx_word' id='word_1_614' title='bbox 2871 3598 3171 3668; x_wconf 89' lang='lat' dir='ltr'><strong>pertulere.</strong></span> <span class='ocrx_word' id='word_1_615' title='bbox 3206 3599 3327 3652; x_wconf 87' lang='lat' dir='ltr'><strong>Non</strong></span> <span class='ocrx_word' id='word_1_616' title='bbox 3364 3599 3518 3657; x_wconf 85' lang='lat' dir='ltr'><strong>enim</strong></span> 
     </span>
    </p>
   </div>
   <div class='ocr_carea' id='block_1_84' title="bbox 1925 3690 3513 3763">
    <p class='ocr_par' dir='ltr' id='par_1_84' title="bbox 1925 3690 3513 3763">
     <span class='ocr_line' id='line_1_84' title="bbox 1925 3690 3513 3763; baseline -0.003 -14"><span class='ocrx_word' id='word_1_617' title='bbox 1925 3695 2154 3763; x_wconf 81' lang='lat' dir='ltr'><strong>simplex</strong></span> <span class='ocrx_word' id='word_1_618' title='bbox 2187 3692 2290 3747; x_wconf 78' lang='lat' dir='ltr'><strong>fuit</strong></span> <span class='ocrx_word' id='word_1_619' title='bbox 2334 3707 2420 3757; x_wconf 86' lang='lat' dir='ltr'><strong>ea,</strong></span> <span class='ocrx_word' id='word_1_620' title='bbox 2448 3705 2569 3762; x_wconf 67' lang='lat' dir='ltr'><strong>qua:</strong></span> <span class='ocrx_word' id='word_1_621' title='bbox 2613 3700 2727 3744; x_wconf 90' lang='lat' dir='ltr'><strong>tum</strong></span> <span class='ocrx_word' id='word_1_622' title='bbox 2785 3691 2978 3746; x_wconf 88' lang='lat' dir='ltr'><strong>incidit</strong></span> <span class='ocrx_word' id='word_1_623' title='bbox 3012 3690 3228 3745; x_wconf 82' lang='lat' dir='ltr'><strong>miseris</strong></span> <span class='ocrx_word' id='word_1_624' title='bbox 3286 3692 3513 3746; x_wconf 62' lang='lat' dir='ltr'><strong>calami-r</strong></span> 
     </span>
    </p>
   </div>
   <div class='ocr_carea' id='block_1_85' title="bbox 1926 3783 3517 3863">
    <p class='ocr_par' dir='ltr' id='par_1_85' title="bbox 1926 3783 3517 3863">
     <span class='ocr_line' id='line_1_85' title="bbox 1926 3783 3517 3863; baseline -0.002 -23"><span class='ocrx_word' id='word_1_625' title='bbox 1926 3794 2030 3849; x_wconf 88' lang='lat' dir='ltr'><strong>tas.</strong></span> <span class='ocrx_word' id='word_1_626' title='bbox 2063 3801 2244 3856; x_wconf 87' lang='lat' dir='ltr'><strong>neque</strong></span> <span class='ocrx_word' id='word_1_627' title='bbox 2291 3787 2347 3841; x_wconf 89' lang='lat' dir='ltr'><strong>in</strong></span> <span class='ocrx_word' id='word_1_628' title='bbox 2381 3786 2547 3863; x_wconf 77' lang='lat' dir='ltr'><strong>breve</strong></span> <span class='ocrx_word' id='word_1_629' title='bbox 2590 3794 2808 3856; x_wconf 87' lang='lat' dir='ltr'><strong>tempus</strong></span> <span class='ocrx_word' id='word_1_630' title='bbox 2868 3784 3118 3850; x_wconf 87' lang='lat' dir='ltr'><strong>duravit;</strong></span> <span class='ocrx_word' id='word_1_631' title='bbox 3173 3783 3269 3838; x_wconf 87' lang='lat' dir='ltr'><strong>sed</strong></span> <span class='ocrx_word' id='word_1_632' title='bbox 3331 3783 3517 3837; x_wconf 64' lang='lat' dir='ltr'><strong>multi~</strong></span> 
     </span>
    </p>
   </div>
   <div class='ocr_carea' id='block_1_86' title="bbox 1925 3876 3619 3950">
    <p class='ocr_par' dir='ltr' id='par_1_86' title="bbox 1925 3876 3619 3950">
     <span class='ocr_line' id='line_1_86' title="bbox 1925 3876 3619 3950; baseline -0.002 -18"><span class='ocrx_word' id='word_1_633' title='bbox 1925 3880 2048 3950; x_wconf 81' lang='lat' dir='ltr'><strong>plex</strong></span> <span class='ocrx_word' id='word_1_634' title='bbox 2091 3887 2149 3933; x_wconf 89' lang='lat' dir='ltr'><strong>et</strong></span> <span class='ocrx_word' id='word_1_635' title='bbox 2178 3878 2344 3937; x_wconf 86' lang='lat' dir='ltr'><strong>varia.</strong></span> <span class='ocrx_word' id='word_1_636' title='bbox 2370 3888 2429 3933; x_wconf 90' lang='lat' dir='ltr'><strong>et</strong></span> <span class='ocrx_word' id='word_1_637' title='bbox 2462 3878 2516 3932; x_wconf 91' lang='lat' dir='ltr'><strong>in</strong></span> <span class='ocrx_word' id='word_1_638' title='bbox 2538 3878 2759 3948; x_wconf 89' lang='lat' dir='ltr'><strong>longum</strong></span> <span class='ocrx_word' id='word_1_639' title='bbox 2806 3877 3070 3946; x_wconf 84' lang='lat' dir='ltr'><strong>temporis</strong></span> <span class='ocrx_word' id='word_1_640' title='bbox 3097 3877 3329 3947; x_wconf 86' lang='lat' dir='ltr'><strong>spatium</strong></span> <span class='ocrx_word' id='word_1_641' title='bbox 3358 3876 3520 3930; x_wconf 75' lang='lat' dir='ltr'><strong>tlill‘u-</strong></span> <span class='ocrx_word' id='word_1_642' title='bbox 3616 3908 3619 3915; x_wconf 74' lang='grc' dir='ltr'><strong>ι</strong></span> 
     </span>
    </p>
   </div>
   <div class='ocr_carea' id='block_1_87' title="bbox 1925 3968 3514 4041">
    <p class='ocr_par' dir='ltr' id='par_1_87' title="bbox 1925 3968 3514 4041">
     <span class='ocr_line' id='line_1_87' title="bbox 1925 3968 3514 4041; baseline -0.004 -13"><span class='ocrx_word' id='word_1_643' title='bbox 1925 3972 2400 4038; x_wconf 82' lang='lat' dir='ltr'><strong>sa.Quamobrcm</strong></span> <span class='ocrx_word' id='word_1_644' title='bbox 2432 3971 2537 4026; x_wconf 85' lang='lat' dir='ltr'><strong>etsi</strong></span> <span class='ocrx_word' id='word_1_645' title='bbox 2574 3971 2763 4041; x_wconf 87' lang='lat' dir='ltr'><strong>gravia</strong></span> <span class='ocrx_word' id='word_1_646' title='bbox 2813 3969 2967 4024; x_wconf 87' lang='lat' dir='ltr'><strong>luere</strong></span> <span class='ocrx_word' id='word_1_647' title='bbox 3006 3984 3069 4023; x_wconf 85' lang='lat' dir='ltr'><strong>ea</strong></span> <span class='ocrx_word' id='word_1_648' title='bbox 3113 3968 3280 4031; x_wconf 86' lang='lat' dir='ltr'><strong>mala,</strong></span> <span class='ocrx_word' id='word_1_649' title='bbox 3308 3968 3514 4036; x_wconf 83' lang='lat' dir='ltr'><strong>quibus</strong></span> 
     </span>
    </p>
   </div>
   <div class='ocr_carea' id='block_1_88' title="bbox 1925 4058 3510 4133">
    <p class='ocr_par' dir='ltr' id='par_1_88' title="bbox 1925 4058 3510 4133">
     <span class='ocr_line' id='line_1_88' title="bbox 1925 4058 3510 4133; baseline -0.002 -17"><span class='ocrx_word' id='word_1_650' title='bbox 1925 4063 2029 4133; x_wconf 90' lang='lat' dir='ltr'><strong>ipsi</strong></span> <span class='ocrx_word' id='word_1_651' title='bbox 2087 4079 2189 4118; x_wconf 88' lang='lat' dir='ltr'><strong>nos</strong></span> <span class='ocrx_word' id='word_1_652' title='bbox 2233 4062 2378 4117; x_wconf 78' lang='lat' dir='ltr'><strong>ultro</strong></span> <span class='ocrx_word' id='word_1_653' title='bbox 2430 4071 2546 4116; x_wconf 89' lang='lat' dir='ltr'><strong>tum</strong></span> <span class='ocrx_word' id='word_1_654' title='bbox 2581 4061 2896 4132; x_wconf 86' lang='lat' dir='ltr'><strong>injecimus,</strong></span> <span class='ocrx_word' id='word_1_655' title='bbox 2921 4060 3170 4130; x_wconf 76' lang='lat' dir='ltr'><strong>graviora</strong></span> <span class='ocrx_word' id='word_1_656' title='bbox 3211 4069 3387 4113; x_wconf 86' lang='lat' dir='ltr'><strong>tamen</strong></span> <span class='ocrx_word' id='word_1_657' title='bbox 3418 4058 3510 4113; x_wconf 85' lang='lat' dir='ltr'><strong>illa</strong></span> 
     </span>
    </p>
   </div>
   <div class='ocr_carea' id='block_1_89' title="bbox 1925 4149 3509 4222">
    <p class='ocr_par' dir='ltr' id='par_1_89' title="bbox 1925 4149 3509 4222">
     <span class='ocr_line' id='line_1_89' title="bbox 1925 4149 3509 4222; baseline -0.003 -15"><span class='ocrx_word' id='word_1_658' title='bbox 1925 4161 2078 4216; x_wconf 90' lang='lat' dir='ltr'><strong>sunt,</strong></span> <span class='ocrx_word' id='word_1_659' title='bbox 2108 4154 2310 4222; x_wconf 89' lang='lat' dir='ltr'><strong>quibus</strong></span> <span class='ocrx_word' id='word_1_660' title='bbox 2358 4169 2504 4209; x_wconf 90' lang='lat' dir='ltr'><strong>nunc</strong></span> <span class='ocrx_word' id='word_1_661' title='bbox 2554 4153 2709 4208; x_wconf 89' lang='lat' dir='ltr'><strong>inviti</strong></span> <span class='ocrx_word' id='word_1_662' title='bbox 2750 4168 2781 4207; x_wconf 90' lang='lat' dir='ltr'><strong>a</strong></span> <span class='ocrx_word' id='word_1_663' title='bbox 2820 4160 3046 4221; x_wconf 87' lang='lat' dir='ltr'><strong>parente</strong></span> <span class='ocrx_word' id='word_1_664' title='bbox 3090 4159 3184 4204; x_wconf 87' lang='lat' dir='ltr'><strong>tuo</strong></span> <span class='ocrx_word' id='word_1_665' title='bbox 3217 4158 3274 4204; x_wconf 91' lang='lat' dir='ltr'><strong>et</strong></span> <span class='ocrx_word' id='word_1_666' title='bbox 3300 4149 3509 4219; x_wconf 83' lang='lat' dir='ltr'><strong>indigni</strong></span> 
     </span>
    </p>
   </div>
   <div class='ocr_carea' id='block_1_90' title="bbox 1926 4241 3509 4313">
    <p class='ocr_par' dir='ltr' id='par_1_90' title="bbox 1926 4241 3509 4313">
     <span class='ocr_line' id='line_1_90' title="bbox 1926 4241 3509 4313; baseline -0.004 -14"><span class='ocrx_word' id='word_1_667' title='bbox 1926 4244 2269 4313; x_wconf 73' lang='lat' dir='ltr'><strong>subiicimur.</strong></span> <span class='ocrx_word' id='word_1_668' title='bbox 2318 4243 2453 4299; x_wconf 84' lang='lat' dir='ltr'><strong>Nam</strong></span> <span class='ocrx_word' id='word_1_669' title='bbox 2507 4244 2603 4313; x_wconf 88' lang='lat' dir='ltr'><strong>qui</strong></span> <span class='ocrx_word' id='word_1_670' title='bbox 2653 4244 2814 4298; x_wconf 89' lang='lat' dir='ltr'><strong>beata</strong></span> <span class='ocrx_word' id='word_1_671' title='bbox 2845 4257 2943 4311; x_wconf 90' lang='lat' dir='ltr'><strong>pro</strong></span> <span class='ocrx_word' id='word_1_672' title='bbox 2973 4241 3224 4295; x_wconf 82' lang='lat' dir='ltr'><strong>libertate</strong></span> <span class='ocrx_word' id='word_1_673' title='bbox 3253 4243 3509 4294; x_wconf 82' lang='lat' dir='ltr'><strong>certaba-</strong></span> 
     </span>
    </p>
   </div>
   <div class='ocr_carea' id='block_1_91' title="bbox 1930 4330 3514 4397">
    <p class='ocr_par' dir='ltr' id='par_1_91' title="bbox 1930 4330 3514 4397">
     <span class='ocr_line' id='line_1_91' title="bbox 1930 4330 3514 4397; baseline -0.001 -9"><span class='ocrx_word' id='word_1_674' title='bbox 1930 4349 2072 4397; x_wconf 84' lang='lat' dir='ltr'><strong>mus,</strong></span> <span class='ocrx_word' id='word_1_675' title='bbox 2118 4334 2376 4390; x_wconf 72' lang='lat' dir='ltr'><strong>miseram</strong></span> <span class='ocrx_word' id='word_1_676' title='bbox 2419 4336 2742 4390; x_wconf 86' lang='lat' dir='ltr'><strong>servitutem</strong></span> <span class='ocrx_word' id='word_1_677' title='bbox 2780 4333 3013 4388; x_wconf 88' lang='lat' dir='ltr'><strong>diutinis</strong></span> <span class='ocrx_word' id='word_1_678' title='bbox 3060 4331 3171 4387; x_wconf 86' lang='lat' dir='ltr'><strong>illis</strong></span> <span class='ocrx_word' id='word_1_679' title='bbox 3226 4330 3514 4386; x_wconf 80' lang='lat' dir='ltr'><strong>laboribus</strong></span> 
     </span>
    </p>
   </div>
   <div class='ocr_carea' id='block_1_92' title="bbox 239 4419 1832 4499">
    <p class='ocr_par' dir='ltr' id='par_1_92' title="bbox 239 4419 1823 4499">
     <span class='ocr_line' id='line_1_92' title="bbox 239 4419 1823 4499; baseline 0.004 -25"><span class='ocrx_word' id='word_1_680' title='bbox 239 4420 415 4487; x_wconf 80' lang='grc' dir='ltr'>ὅροις.</span> <span class='ocrx_word' id='word_1_681' title='bbox 444 4419 601 4473; x_wconf 80' lang='grc' dir='ltr'><strong>Οὔτω</strong></span> <span class='ocrx_word' id='word_1_682' title='bbox 636 4421 846 4491; x_wconf 79' lang='grc' dir='ltr'>χαλεπὰ</span> <span class='ocrx_word' id='word_1_683' title='bbox 896 4425 1017 4494; x_wconf 77' lang='grc' dir='ltr'>μὲν,</span> <span class='ocrx_word' id='word_1_684' title='bbox 1048 4420 1133 4490; x_wconf 85' lang='grc' dir='ltr'>οἷς</span> <span class='ocrx_word' id='word_1_685' title='bbox 1180 4426 1467 4490; x_wconf 79' lang='grc' dir='ltr'>ἐθελοντὰς</span> <span class='ocrx_word' id='word_1_686' title='bbox 1502 4430 1666 4499; x_wconf 78' lang='grc' dir='ltr'>ἡμεῖς</span> <span class='ocrx_word' id='word_1_687' title='bbox 1693 4430 1823 4484; x_wconf 78' lang='grc' dir='ltr'><strong>ἐαυ⁹</strong></span> 
     </span>
    </p>
   </div>
   <div class='ocr_carea' id='block_1_93' title="bbox 1931 4419 3514 4499">
    <p class='ocr_par' dir='ltr' id='par_1_93' title="bbox 1934 4422 3514 4497">
     <span class='ocr_line' id='line_1_93' title="bbox 1934 4422 3514 4497; baseline -0.001 -20"><span class='ocrx_word' id='word_1_688' title='bbox 1934 4425 2303 4495; x_wconf 76' lang='lat' dir='ltr'><strong>cursibusque</strong></span> <span class='ocrx_word' id='word_1_689' title='bbox 2380 4425 2764 4497; x_wconf 87' lang='lat' dir='ltr'><strong>imprudentes</strong></span> <span class='ocrx_word' id='word_1_690' title='bbox 2833 4422 3294 4495; x_wconf 89' lang='lat' dir='ltr'><strong>permutavimus.</strong></span> <span class='ocrx_word' id='word_1_691' title='bbox 3363 4422 3514 4488; x_wconf 82' lang='lat' dir='ltr'><strong>Quos</strong></span> 
     </span>
    </p>
   </div>
   <div class='ocr_carea' id='block_1_94' title="bbox 240 4513 1829 4588">
    <p class='ocr_par' dir='ltr' id='par_1_94' title="bbox 240 4513 1829 4588">
     <span class='ocr_line' id='line_1_94' title="bbox 240 4513 1829 4588; baseline 0.006 -24"><span class='ocrx_word' id='word_1_692' title='bbox 240 4514 376 4576; x_wconf 76' lang='grc' dir='ltr'>τοὺς</span> <span class='ocrx_word' id='word_1_693' title='bbox 436 4513 764 4583; x_wconf 84' lang='grc' dir='ltr'>καθήκαμεν</span> <span class='ocrx_word' id='word_1_694' title='bbox 812 4515 1023 4569; x_wconf 86' lang='grc' dir='ltr'>πάθεσι¹</span> <span class='ocrx_word' id='word_1_695' title='bbox 1060 4522 1183 4571; x_wconf 89' lang='grc' dir='ltr'>τότε</span> <span class='ocrx_word' id='word_1_696' title='bbox 1206 4534 1220 4549; x_wconf 73' lang='grc'><strong><em>⁸</em></strong></span> <span class='ocrx_word' id='word_1_697' title='bbox 1284 4519 1640 4588; x_wconf 82' lang='grc' dir='ltr'>χαλεπώτερα</span> <span class='ocrx_word' id='word_1_698' title='bbox 1668 4520 1713 4573; x_wconf 84' lang='grc' dir='ltr'>δ’</span> <span class='ocrx_word' id='word_1_699' title='bbox 1747 4514 1829 4583; x_wconf 74' lang='grc' dir='ltr'>οἷς</span> 
     </span>
    </p>
   </div>
   <div class='ocr_carea' id='block_1_95' title="bbox 241 4603 1831 4683">
    <p class='ocr_par' dir='ltr' id='par_1_95' title="bbox 241 4603 1831 4683">
     <span class='ocr_line' id='line_1_95' title="bbox 241 4603 1831 4683; baseline 0.003 -23"><span class='ocrx_word' id='word_1_700' title='bbox 241 4605 476 4668; x_wconf 81' lang='grc' dir='ltr'>ἄκοντες</span> <span class='ocrx_word' id='word_1_701' title='bbox 511 4603 606 4658; x_wconf 92' lang='grc' dir='ltr'><strong>νῦν</strong></span> <span class='ocrx_word' id='word_1_702' title='bbox 637 4604 774 4674; x_wconf 78' lang='grc' dir='ltr'>πρὸς</span> <span class='ocrx_word' id='word_1_703' title='bbox 795 4606 890 4660; x_wconf 87' lang='grc' dir='ltr'><strong>τοῦ</strong></span> <span class='ocrx_word' id='word_1_704' title='bbox 923 4607 1020 4661; x_wconf 90' lang='grc' dir='ltr'>σοῦ</span> <span class='ocrx_word' id='word_1_705' title='bbox 1046 4610 1257 4681; x_wconf 71' lang='grc' dir='ltr'>πατρὸς</span> <span class='ocrx_word' id='word_1_706' title='bbox 1287 4610 1677 4683; x_wconf 77' lang='grc' dir='ltr'>ὑπεϐλήθημεν</span> <span class='ocrx_word' id='word_1_707' title='bbox 1698 4612 1831 4665; x_wconf 75' lang='grc' dir='ltr'>ἀνα-ν</span> 
     </span>
    </p>
   </div>
   <div class='ocr_carea' id='block_1_96' title="bbox 245 4696 1831 4775">
    <p class='ocr_par' dir='ltr' id='par_1_96' title="bbox 245 4696 1831 4775">
     <span class='ocr_line' id='line_1_96' title="bbox 245 4696 1831 4775; baseline 0.006 -26"><span class='ocrx_word' id='word_1_708' title='bbox 245 4698 379 4761; x_wconf 74' lang='grc' dir='ltr'>ξίως</span> <span class='ocrx_word' id='word_1_709' title='bbox 413 4697 591 4766; x_wconf 82' lang='grc' dir='ltr'>ἡμῶν.</span> <span class='ocrx_word' id='word_1_710' title='bbox 649 4696 820 4769; x_wconf 82' lang='grc' dir='ltr'>’Υπὲρ</span> <span class='ocrx_word' id='word_1_711' title='bbox 855 4699 967 4771; x_wconf 78' lang='grc' dir='ltr'>γὰρ</span> <span class='ocrx_word' id='word_1_712' title='bbox 992 4701 1318 4771; x_wconf 83' lang='grc' dir='ltr'>ἐλευθερίας</span> <span class='ocrx_word' id='word_1_713' title='bbox 1352 4704 1671 4774; x_wconf 77' lang='grc' dir='ltr'>εὐδαίμονος</span> <span class='ocrx_word' id='word_1_714' title='bbox 1704 4705 1831 4775; x_wconf 79' lang='grc' dir='ltr'>τρέ-</span> 
     </span>
    </p>
   </div>
   <div class='ocr_carea' id='block_1_97' title="bbox 240 4788 1826 4863">
    <p class='ocr_par' dir='ltr' id='par_1_97' title="bbox 240 4788 1826 4863">
     <span class='ocr_line' id='line_1_97' title="bbox 240 4788 1826 4863; baseline 0.004 -22"><span class='ocrx_word' id='word_1_715' title='bbox 240 4804 440 4857; x_wconf 82' lang='grc' dir='ltr'>χοντες</span> <span class='ocrx_word' id='word_1_716' title='bbox 468 4788 716 4843; x_wconf 84' lang='grc' dir='ltr'>δουλείαν</span> <span class='ocrx_word' id='word_1_717' title='bbox 757 4790 1023 4862; x_wconf 84' lang='grc' dir='ltr'>ἐλάθομεν</span> <span class='ocrx_word' id='word_1_718' title='bbox 1055 4793 1425 4863; x_wconf 79' lang='grc' dir='ltr'>ἁλλαξάμενοι</span> <span class='ocrx_word' id='word_1_719' title='bbox 1454 4795 1826 4859; x_wconf 85' lang='grc' dir='ltr'>κακοδαίμονα</span> 
     </span>
    </p>
   </div>
   <div class='ocr_carea' id='block_1_98' title="bbox 240 4880 1829 4959">
    <p class='ocr_par' dir='ltr' id='par_1_98' title="bbox 240 4880 1829 4959">
     <span class='ocr_line' id='line_1_98' title="bbox 240 4880 1829 4959; baseline 0.008 -30"><span class='ocrx_word' id='word_1_720' title='bbox 240 4880 361 4934; x_wconf 69' lang='grc' dir='ltr'>τῶν</span> <span class='ocrx_word' id='word_1_721' title='bbox 387 4881 617 4952; x_wconf 81' lang='grc' dir='ltr'>μακρῶν</span> <span class='ocrx_word' id='word_1_722' title='bbox 641 4882 868 4936; x_wconf 79' lang='grc' dir='ltr'>ἐκείνων</span> <span class='ocrx_word' id='word_1_723' title='bbox 929 4885 1111 4938; x_wconf 83' lang='grc' dir='ltr'>πόνων</span> <span class='ocrx_word' id='word_1_724' title='bbox 1162 4887 1260 4942; x_wconf 76' lang='grc' dir='ltr'><strong>καὶ</strong></span> <span class='ocrx_word' id='word_1_725' title='bbox 1310 4887 1547 4957; x_wconf 84' lang='grc' dir='ltr'>δρόμων.</span> <span class='ocrx_word' id='word_1_726' title='bbox 1579 4886 1686 4954; x_wconf 81' lang='grc' dir='ltr'><strong>Οὓς</strong></span> <span class='ocrx_word' id='word_1_727' title='bbox 1722 4890 1829 4959; x_wconf 83' lang='grc' dir='ltr'><strong>γὰρ</strong></span> 
     </span>
    </p>
   </div>
   <div class='ocr_carea' id='block_1_99' title="bbox 240 4972 1829 5053">
    <p class='ocr_par' dir='ltr' id='par_1_99' title="bbox 240 4972 1829 5053">
     <span class='ocr_line' id='line_1_99' title="bbox 240 4972 1829 5053; baseline 0.006 -30"><span class='ocrx_word' id='word_1_728' title='bbox 240 4972 323 5032; x_wconf 77' lang='grc' dir='ltr'>ὡς</span> <span class='ocrx_word' id='word_1_729' title='bbox 363 4972 689 5053; x_wconf 72' lang='grc' dir='ltr'>ἐπιϐούλους</span> <span class='ocrx_word' id='word_1_730' title='bbox 733 4974 996 5046; x_wconf 77' lang='grc' dir='ltr'>σφοδροὺς</span> <span class='ocrx_word' id='word_1_731' title='bbox 1049 4976 1152 5044; x_wconf 81' lang='grc' dir='ltr'>τῆς</span> <span class='ocrx_word' id='word_1_732' title='bbox 1198 4972 1471 5049; x_wconf 80' lang='grc' dir='ltr'>ἡμετέρας</span> <span class='ocrx_word' id='word_1_733' title='bbox 1522 4978 1829 5050; x_wconf 79' lang='grc' dir='ltr'>ἐφεύγομεν</span> 
     </span>
    </p>
   </div>
   <div class='ocr_carea' id='block_1_100' title="bbox 240 5063 1829 5139">
    <p class='ocr_par' dir='ltr' id='par_1_100' title="bbox 240 5063 1829 5139">
     <span class='ocr_line' id='line_1_100' title="bbox 240 5063 1829 5139; baseline 0.006 -24"><span class='ocrx_word' id='word_1_734' title='bbox 240 5063 422 5132; x_wconf 82' lang='grc' dir='ltr'>ζωῆς,</span> <span class='ocrx_word' id='word_1_735' title='bbox 440 5064 665 5130; x_wconf 89' lang='grc' dir='ltr'>τούτους</span> <span class='ocrx_word' id='word_1_736' title='bbox 694 5066 962 5132; x_wconf 84' lang='grc' dir='ltr'>δεσπότας</span> <span class='ocrx_word' id='word_1_737' title='bbox 989 5067 1134 5138; x_wconf 88' lang='grc' dir='ltr'>μάλα</span> <span class='ocrx_word' id='word_1_738' title='bbox 1158 5086 1239 5123; x_wconf 90' lang='grc' dir='ltr'><strong>τοι</strong></span> <span class='ocrx_word' id='word_1_739' title='bbox 1271 5068 1507 5139; x_wconf 80' lang='grc' dir='ltr'>ἄσμενος</span> <span class='ocrx_word' id='word_1_740' title='bbox 1529 5072 1660 5139; x_wconf 85' lang='grc' dir='ltr'>ἡμίν</span> <span class='ocrx_word' id='word_1_741' title='bbox 1680 5073 1707 5124; x_wconf 86' lang='grc' dir='ltr'><strong>ό</strong></span> <span class='ocrx_word' id='word_1_742' title='bbox 1736 5072 1829 5135; x_wconf 73' lang='grc' dir='ltr'><strong>σος</strong></span> 
     </span>
    </p>
   </div>
   <div class='ocr_carea' id='block_1_101' title="bbox 237 5148 1830 5229">
    <p class='ocr_par' dir='ltr' id='par_1_101' title="bbox 237 5148 1830 5229">
     <span class='ocr_line' id='line_1_101' title="bbox 237 5148 1830 5229; baseline 0.009 -30"><span class='ocrx_word' id='word_1_743' title='bbox 237 5148 724 5221; x_wconf 83' lang='grc' dir='ltr'>ἐκεχειροτονήκει</span> <span class='ocrx_word' id='word_1_744' title='bbox 760 5155 942 5227; x_wconf 80' lang='grc' dir='ltr'>πατήρ</span> <span class='ocrx_word' id='word_1_745' title='bbox 969 5171 983 5185; x_wconf 91' lang='grc'><strong>·</strong></span> <span class='ocrx_word' id='word_1_746' title='bbox 1013 5154 1202 5226; x_wconf 83' lang='grc' dir='ltr'>ὥσπερ</span> <span class='ocrx_word' id='word_1_747' title='bbox 1230 5156 1295 5213; x_wconf 83' lang='grc' dir='ltr'><strong>ἂν</strong></span> <span class='ocrx_word' id='word_1_748' title='bbox 1327 5157 1377 5210; x_wconf 85' lang='grc' dir='ltr'>εἰ</span> <span class='ocrx_word' id='word_1_749' title='bbox 1409 5159 1660 5229; x_wconf 81' lang='grc' dir='ltr'>ἐπίτηδες</span> <span class='ocrx_word' id='word_1_750' title='bbox 1687 5159 1830 5214; x_wconf 76' lang='grc' dir='ltr'><strong>οὕτω</strong></span> 
     </span>
    </p>
   </div>
   <div class='ocr_carea' id='block_1_102' title="bbox 242 5240 1828 5315">
    <p class='ocr_par' dir='ltr' id='par_1_102' title="bbox 242 5240 1828 5315">
     <span class='ocr_line' id='line_1_102' title="bbox 242 5240 1828 5315; baseline 0.006 -22"><span class='ocrx_word' id='word_1_751' title='bbox 242 5242 380 5302; x_wconf 75' lang='grc' dir='ltr'>τοὺς</span> <span class='ocrx_word' id='word_1_752' title='bbox 410 5240 640 5305; x_wconf 83' lang='grc' dir='ltr'>πολλοὺς</span> <span class='ocrx_word' id='word_1_753' title='bbox 675 5245 837 5311; x_wconf 86' lang='grc' dir='ltr'>ἡμεῖς</span> <span class='ocrx_word' id='word_1_754' title='bbox 871 5246 1219 5315; x_wconf 72' lang='grc' dir='ltr'>ὑπεμένομεν</span> <span class='ocrx_word' id='word_1_755' title='bbox 1259 5250 1478 5313; x_wconf 86' lang='grc' dir='ltr'>πόνους,</span> <span class='ocrx_word' id='word_1_756' title='bbox 1515 5250 1603 5302; x_wconf 82' lang='grc' dir='ltr'>ἵνα</span> <span class='ocrx_word' id='word_1_757' title='bbox 1632 5250 1699 5303; x_wconf 84' lang='grc' dir='ltr'>τὰ</span> <span class='ocrx_word' id='word_1_758' title='bbox 1718 5252 1828 5305; x_wconf 85' lang='grc' dir='ltr'>τῶν</span> 
     </span>
    </p>
   </div>
   <div class='ocr_carea' id='block_1_103' title="bbox 238 5331 1824 5412">
    <p class='ocr_par' dir='ltr' id='par_1_103' title="bbox 238 5331 1824 5412">
     <span class='ocr_line' id='line_1_103' title="bbox 238 5331 1824 5412; baseline 0.008 -28"><span class='ocrx_word' id='word_1_759' title='bbox 238 5331 551 5393; x_wconf 76' lang='grc' dir='ltr'>διωκόντων</span> <span class='ocrx_word' id='word_1_760' title='bbox 581 5333 709 5405; x_wconf 80' lang='grc' dir='ltr'><strong>ξίφη</strong></span> <span class='ocrx_word' id='word_1_761' title='bbox 739 5335 935 5391; x_wconf 69' lang='grc' dir='ltr'>θᾶττον</span> <span class='ocrx_word' id='word_1_762' title='bbox 965 5338 996 5409; x_wconf 82' lang='grc' dir='ltr'>ἢ</span> <span class='ocrx_word' id='word_1_763' title='bbox 1026 5341 1166 5392; x_wconf 74' lang='grc' dir='ltr'>κατὰ</span> <span class='ocrx_word' id='word_1_764' title='bbox 1189 5342 1288 5409; x_wconf 78' lang='grc' dir='ltr'>τὴν</span> <span class='ocrx_word' id='word_1_765' title='bbox 1312 5342 1539 5394; x_wconf 80' lang='grc' dir='ltr'>ἐκείνων</span> <span class='ocrx_word' id='word_1_766' title='bbox 1569 5342 1824 5412; x_wconf 76' lang='grc' dir='ltr'>βούλησιν</span> 
     </span>
    </p>
   </div>
   <div class='ocr_carea' id='block_1_104' title="bbox 240 5426 1825 5505">
    <p class='ocr_par' dir='ltr' id='par_1_104' title="bbox 240 5426 1825 5505">
     <span class='ocr_line' id='line_1_104' title="bbox 240 5426 1825 5505; baseline 0.009 -28"><span class='ocrx_word' id='word_1_767' title='bbox 240 5428 360 5487; x_wconf 65' lang='lat' dir='ltr'><strong>sit;</strong></span> <span class='ocrx_word' id='word_1_768' title='bbox 388 5426 677 5497; x_wconf 80' lang='grc' dir='ltr'>ἡμετέροις</span> <span class='ocrx_word' id='word_1_769' title='bbox 705 5427 922 5505; x_wconf 82' lang='grc' dir='ltr'>λαιμοίς</span> <span class='ocrx_word' id='word_1_770' title='bbox 950 5432 1405 5502; x_wconf 76' lang='grc' dir='ltr'>προσσράξωμεν,</span> <span class='ocrx_word' id='word_1_771' title='bbox 1437 5436 1533 5488; x_wconf 73' lang='grc' dir='ltr'>καὶ</span> <span class='ocrx_word' id='word_1_772' title='bbox 1559 5434 1646 5493; x_wconf 77' lang='grc' dir='ltr'><strong>ἴνα</strong></span> <span class='ocrx_word' id='word_1_773' title='bbox 1676 5437 1825 5504; x_wconf 73' lang='grc' dir='ltr'>παρὰ</span> 
     </span>
    </p>
   </div>
   <div class='ocr_carea' id='block_1_105' title="bbox 241 5515 1825 5595">
    <p class='ocr_par' dir='ltr' id='par_1_105' title="bbox 241 5515 1825 5595">
     <span class='ocr_line' id='line_1_105' title="bbox 241 5515 1825 5595; baseline 0.008 -29"><span class='ocrx_word' id='word_1_774' title='bbox 241 5515 504 5568; x_wconf 65' lang='grc' dir='ltr'>τοσοῦτον</span> <span class='ocrx_word' id='word_1_775' title='bbox 541 5520 847 5588; x_wconf 81' lang='grc' dir='ltr'>πικρότερα</span> <span class='ocrx_word' id='word_1_776' title='bbox 897 5520 1008 5572; x_wconf 85' lang='grc' dir='ltr'><strong>τῶν</strong></span> <span class='ocrx_word' id='word_1_777' title='bbox 1046 5522 1305 5591; x_wconf 79' lang='grc' dir='ltr'>διωγμῶν</span> <span class='ocrx_word' id='word_1_778' title='bbox 1334 5523 1404 5578; x_wconf 73' lang='grc' dir='ltr'>τὰ</span> <span class='ocrx_word' id='word_1_779' title='bbox 1435 5524 1543 5578; x_wconf 80' lang='grc' dir='ltr'>τῶν</span> <span class='ocrx_word' id='word_1_780' title='bbox 1575 5526 1825 5595; x_wconf 85' lang='grc' dir='ltr'>ἀμοιϐὦν</span> 
     </span>
    </p>
   </div>
   <div class='ocr_carea' id='block_1_106' title="bbox 240 5608 1828 5683">
    <p class='ocr_par' dir='ltr' id='par_1_106' title="bbox 240 5608 1828 5683">
     <span class='ocr_line' id='line_1_106' title="bbox 240 5608 1828 5683; baseline 0.008 -28"><span class='ocrx_word' id='word_1_781' title='bbox 240 5608 673 5677; x_wconf 65' lang='grc' dir='ltr'>καρπωσώμεθα</span> <span class='ocrx_word' id='word_1_782' title='bbox 694 5609 849 5677; x_wconf 79' lang='grc' dir='ltr'>τέλη,</span> <span class='ocrx_word' id='word_1_783' title='bbox 879 5613 1114 5682; x_wconf 87' lang='grc' dir='ltr'>παρόσον</span> <span class='ocrx_word' id='word_1_784' title='bbox 1143 5615 1263 5667; x_wconf 89' lang='grc' dir='ltr'>τότε</span> <span class='ocrx_word' id='word_1_785' title='bbox 1287 5615 1386 5683; x_wconf 82' lang='grc' dir='ltr'><strong>μὲν</strong></span> <span class='ocrx_word' id='word_1_786' title='bbox 1407 5615 1617 5678; x_wconf 74' lang='grc' dir='ltr'>ἐλπίδες</span> <span class='ocrx_word' id='word_1_787' title='bbox 1645 5616 1828 5675; x_wconf 74' lang='grc' dir='ltr'>εὐδαί-</span> 
     </span>
    </p>
   </div>
   <div class='ocr_carea' id='block_1_107' title="bbox 241 5699 1824 5773">
    <p class='ocr_par' dir='ltr' id='par_1_107' title="bbox 241 5699 1824 5773">
     <span class='ocr_line' id='line_1_107' title="bbox 241 5699 1824 5773; baseline 0.011 -27"><span class='ocrx_word' id='word_1_788' title='bbox 241 5714 410 5768; x_wconf 81' lang='grc' dir='ltr'>μονες</span> <span class='ocrx_word' id='word_1_789' title='bbox 441 5699 596 5769; x_wconf 85' lang='grc' dir='ltr'>ἡμῶν</span> <span class='ocrx_word' id='word_1_790' title='bbox 632 5701 692 5754; x_wconf 58' lang='grc' dir='ltr'><strong>τὶ)</strong></span> <span class='ocrx_word' id='word_1_791' title='bbox 723 5702 987 5773; x_wconf 83' lang='grc' dir='ltr'>ἡδόμενον</span> <span class='ocrx_word' id='word_1_792' title='bbox 1040 5704 1265 5761; x_wconf 81' lang='grc' dir='ltr'>ἔϐοσκον</span> <span class='ocrx_word' id='word_1_793' title='bbox 1293 5723 1305 5739; x_wconf 84' lang='grc'><em>’</em></span> <span class='ocrx_word' id='word_1_794' title='bbox 1343 5705 1437 5761; x_wconf 72' lang='grc' dir='ltr'>νῦν</span> <span class='ocrx_word' id='word_1_795' title='bbox 1486 5707 1541 5764; x_wconf 81' lang='grc' dir='ltr'>δὲ</span> <span class='ocrx_word' id='word_1_796' title='bbox 1589 5709 1681 5764; x_wconf 74' lang='grc' dir='ltr'><strong>καὶ</strong></span> <span class='ocrx_word' id='word_1_797' title='bbox 1727 5709 1824 5773; x_wconf 72' lang='grc' dir='ltr'>τὰς</span> 
     </span>
    </p>
   </div>
   <div class='ocr_carea' id='block_1_108' title="bbox 1932 4516 3515 4587">
    <p class='ocr_par' dir='ltr' id='par_1_108' title="bbox 1932 4516 3515 4587">
     <span class='ocr_line' id='line_1_108' title="bbox 1932 4516 3515 4587; baseline -0.001 -16"><span class='ocrx_word' id='word_1_798' title='bbox 1932 4533 2129 4587; x_wconf 89' lang='lat' dir='ltr'><strong>nempe</strong></span> <span class='ocrx_word' id='word_1_799' title='bbox 2186 4531 2247 4573; x_wconf 90' lang='lat' dir='ltr'><strong>ut</strong></span> <span class='ocrx_word' id='word_1_800' title='bbox 2309 4519 2505 4573; x_wconf 77' lang='lat' dir='ltr'><strong>salutis</strong></span> <span class='ocrx_word' id='word_1_801' title='bbox 2561 4530 2763 4572; x_wconf 78' lang='lat' dir='ltr'><strong>nostrae</strong></span> <span class='ocrx_word' id='word_1_802' title='bbox 2822 4516 3171 4571; x_wconf 72' lang='lat' dir='ltr'><strong>insidiatores</strong></span> <span class='ocrx_word' id='word_1_803' title='bbox 3216 4518 3515 4572; x_wconf 76' lang='lat' dir='ltr'><strong>acerrimos</strong></span> 
     </span>
    </p>
   </div>
   <div class='ocr_carea' id='block_1_109' title="bbox 1929 4603 3515 4678">
    <p class='ocr_par' dir='ltr' id='par_1_109' title="bbox 1929 4603 3515 4678">
     <span class='ocr_line' id='line_1_109' title="bbox 1929 4603 3515 4678; baseline -0.004 -15"><span class='ocrx_word' id='word_1_804' title='bbox 1929 4608 2266 4671; x_wconf 85' lang='lat' dir='ltr'><strong>vitabamus.</strong></span> <span class='ocrx_word' id='word_1_805' title='bbox 2317 4625 2414 4664; x_wconf 91' lang='lat' dir='ltr'><strong>eos</strong></span> <span class='ocrx_word' id='word_1_806' title='bbox 2444 4608 2605 4663; x_wconf 87' lang='lat' dir='ltr'><strong>nobis</strong></span> <span class='ocrx_word' id='word_1_807' title='bbox 2638 4622 2835 4678; x_wconf 87' lang='lat' dir='ltr'><strong>parens</strong></span> <span class='ocrx_word' id='word_1_808' title='bbox 2868 4617 2995 4661; x_wconf 87' lang='lat' dir='ltr'><strong>tuus</strong></span> <span class='ocrx_word' id='word_1_809' title='bbox 3044 4606 3296 4660; x_wconf 83' lang='lat' dir='ltr'><strong>dominos</strong></span> <span class='ocrx_word' id='word_1_810' title='bbox 3323 4603 3515 4658; x_wconf 88' lang='lat' dir='ltr'><strong>volens</strong></span> 
     </span>
    </p>
   </div>
   <div class='ocr_carea' id='block_1_110' title="bbox 1930 4694 3515 4765">
    <p class='ocr_par' dir='ltr' id='par_1_110' title="bbox 1930 4694 3515 4765">
     <span class='ocr_line' id='line_1_110' title="bbox 1930 4694 3515 4765; baseline -0.005 -8"><span class='ocrx_word' id='word_1_811' title='bbox 1930 4713 1983 4757; x_wconf 81' lang='lat' dir='ltr'><strong>et</strong></span> <span class='ocrx_word' id='word_1_812' title='bbox 2018 4703 2197 4760; x_wconf 86' lang='lat' dir='ltr'><strong>libens</strong></span> <span class='ocrx_word' id='word_1_813' title='bbox 2254 4704 2649 4758; x_wconf 68' lang='lat' dir='ltr'><strong>destinaverat.</strong></span> <span class='ocrx_word' id='word_1_814' title='bbox 2691 4699 2857 4765; x_wconf 79' lang='lat' dir='ltr'><strong>Quasi</strong></span> <span class='ocrx_word' id='word_1_815' title='bbox 2887 4714 3019 4752; x_wconf 88' lang='lat' dir='ltr'><strong>vero</strong></span> <span class='ocrx_word' id='word_1_816' title='bbox 3060 4712 3161 4751; x_wconf 90' lang='lat' dir='ltr'><strong>nos</strong></span> <span class='ocrx_word' id='word_1_817' title='bbox 3199 4704 3277 4749; x_wconf 86' lang='lat' dir='ltr'><strong>tot.</strong></span> <span class='ocrx_word' id='word_1_818' title='bbox 3300 4694 3515 4749; x_wconf 86' lang='lat' dir='ltr'><strong>labores</strong></span> 
     </span>
    </p>
   </div>
   <div class='ocr_carea' id='block_1_111' title="bbox 1929 4787 3515 4864">
    <p class='ocr_par' dir='ltr' id='par_1_111' title="bbox 1929 4787 3515 4864">
     <span class='ocr_line' id='line_1_111' title="bbox 1929 4787 3515 4864; baseline -0.008 -15"><span class='ocrx_word' id='word_1_819' title='bbox 1929 4795 2182 4851; x_wconf 85' lang='lat' dir='ltr'><strong>consulto</strong></span> <span class='ocrx_word' id='word_1_820' title='bbox 2231 4794 2669 4864; x_wconf 75' lang='lat' dir='ltr'><strong>pertulissemus,</strong></span> <span class='ocrx_word' id='word_1_821' title='bbox 2700 4798 2760 4843; x_wconf 90' lang='lat' dir='ltr'><strong>ut</strong></span> <span class='ocrx_word' id='word_1_822' title='bbox 2808 4803 3024 4852; x_wconf 89' lang='lat' dir='ltr'><strong>eorum,</strong></span> <span class='ocrx_word' id='word_1_823' title='bbox 3053 4787 3148 4856; x_wconf 90' lang='lat' dir='ltr'><strong>qui</strong></span> <span class='ocrx_word' id='word_1_824' title='bbox 3196 4800 3296 4840; x_wconf 92' lang='lat' dir='ltr'><strong>nos</strong></span> <span class='ocrx_word' id='word_1_825' title='bbox 3324 4796 3515 4855; x_wconf 82' lang='lat' dir='ltr'><strong>perse-</strong></span> 
     </span>
    </p>
   </div>
   <div class='ocr_carea' id='block_1_112' title="bbox 1930 4877 3513 4957">
    <p class='ocr_par' dir='ltr' id='par_1_112' title="bbox 1930 4877 3513 4957">
     <span class='ocr_line' id='line_1_112' title="bbox 1930 4877 3513 4957; baseline -0.004 -18"><span class='ocrx_word' id='word_1_826' title='bbox 1930 4888 2263 4957; x_wconf 82' lang='lat' dir='ltr'><strong>quebantur.</strong></span> <span class='ocrx_word' id='word_1_827' title='bbox 2298 4885 2507 4957; x_wconf 76' lang='lat' dir='ltr'><strong>gladios</strong></span> <span class='ocrx_word' id='word_1_828' title='bbox 2548 4884 2758 4955; x_wconf 85' lang='lat' dir='ltr'><strong>jugulis</strong></span> <span class='ocrx_word' id='word_1_829' title='bbox 2787 4882 2988 4938; x_wconf 75' lang='lat' dir='ltr'><strong>nostris</strong></span> <span class='ocrx_word' id='word_1_830' title='bbox 3037 4878 3205 4933; x_wconf 81' lang='lat' dir='ltr'><strong>citius</strong></span> <span class='ocrx_word' id='word_1_831' title='bbox 3234 4891 3401 4947; x_wconf 78' lang='lat' dir='ltr'><strong>quam</strong></span> <span class='ocrx_word' id='word_1_832' title='bbox 3433 4877 3513 4932; x_wconf 87' lang='lat' dir='ltr'><strong>illi</strong></span> 
     </span>
    </p>
   </div>
   <div class='ocr_carea' id='block_1_113' title="bbox 1931 4967 3517 5046">
    <p class='ocr_par' dir='ltr' id='par_1_113' title="bbox 1931 4967 3517 5046">
     <span class='ocr_line' id='line_1_113' title="bbox 1931 4967 3517 5046; baseline -0.005 -15"><span class='ocrx_word' id='word_1_833' title='bbox 1931 4978 2135 5031; x_wconf 87' lang='lat' dir='ltr'><strong>vellent</strong></span> <span class='ocrx_word' id='word_1_834' title='bbox 2185 4976 2347 5046; x_wconf 71' lang='grc' dir='ltr'><strong>θοι</strong></span> <span class='ocrx_word' id='word_1_835' title='bbox 2390 4976 2836 5037; x_wconf 80' lang='lat' dir='ltr'><strong>admoveremus,</strong></span> <span class='ocrx_word' id='word_1_836' title='bbox 2888 4981 3053 5041; x_wconf 88' lang='lat' dir='ltr'><strong>atque</strong></span> <span class='ocrx_word' id='word_1_837' title='bbox 3088 4980 3148 5025; x_wconf 90' lang='lat' dir='ltr'><strong>ut</strong></span> <span class='ocrx_word' id='word_1_838' title='bbox 3178 4984 3301 5025; x_wconf 82' lang='lat' dir='ltr'><strong>eam</strong></span> <span class='ocrx_word' id='word_1_839' title='bbox 3338 4967 3517 5039; x_wconf 84' lang='lat' dir='ltr'><strong>perci-</strong></span> 
     </span>
    </p>
   </div>
   <div class='ocr_carea' id='block_1_114' title="bbox 1931 5064 3516 5141">
    <p class='ocr_par' dir='ltr' id='par_1_114' title="bbox 1931 5064 3516 5141">
     <span class='ocr_line' id='line_1_114' title="bbox 1931 5064 3516 5141; baseline -0.008 -17"><span class='ocrx_word' id='word_1_840' title='bbox 1931 5085 2188 5141; x_wconf 87' lang='lat' dir='ltr'><strong>peremus</strong></span> <span class='ocrx_word' id='word_1_841' title='bbox 2212 5071 2433 5124; x_wconf 87' lang='lat' dir='ltr'><strong>demum</strong></span> <span class='ocrx_word' id='word_1_842' title='bbox 2463 5068 2792 5130; x_wconf 79' lang='lat' dir='ltr'><strong>mercedem,</strong></span> <span class='ocrx_word' id='word_1_843' title='bbox 2818 5079 2939 5134; x_wconf 79' lang='lat' dir='ltr'><strong>qtue</strong></span> <span class='ocrx_word' id='word_1_844' title='bbox 2985 5064 3117 5134; x_wconf 89' lang='lat' dir='ltr'><strong>ipsis</strong></span> <span class='ocrx_word' id='word_1_845' title='bbox 3146 5064 3286 5134; x_wconf 67' lang='lat' dir='ltr'><strong>iuga:</strong></span> <span class='ocrx_word' id='word_1_846' title='bbox 3314 5077 3516 5117; x_wconf 64' lang='lat' dir='ltr'><strong>atrum~</strong></span> 
     </span>
    </p>
   </div>
   <div class='ocr_carea' id='block_1_115' title="bbox 1937 5152 3515 5227">
    <p class='ocr_par' dir='ltr' id='par_1_115' title="bbox 1937 5152 3515 5227">
     <span class='ocr_line' id='line_1_115' title="bbox 1937 5152 3515 5227; baseline -0.006 -12"><span class='ocrx_word' id='word_1_847' title='bbox 1937 5161 2024 5215; x_wconf 91' lang='lat' dir='ltr'><strong>nis</strong></span> <span class='ocrx_word' id='word_1_848' title='bbox 2059 5176 2126 5215; x_wconf 89' lang='lat' dir='ltr'><strong>eo</strong></span> <span class='ocrx_word' id='word_1_849' title='bbox 2163 5168 2310 5214; x_wconf 80' lang='lat' dir='ltr'><strong>esset</strong></span> <span class='ocrx_word' id='word_1_850' title='bbox 2356 5158 2632 5223; x_wconf 87' lang='lat' dir='ltr'><strong>acerbior,</strong></span> <span class='ocrx_word' id='word_1_851' title='bbox 2659 5157 2803 5227; x_wconf 88' lang='lat' dir='ltr'><strong>quod</strong></span> <span class='ocrx_word' id='word_1_852' title='bbox 2856 5157 2965 5223; x_wconf 75' lang='lat' dir='ltr'><strong>illis</strong></span> <span class='ocrx_word' id='word_1_853' title='bbox 2994 5154 3215 5225; x_wconf 87' lang='lat' dir='ltr'><strong>quidem</strong></span> <span class='ocrx_word' id='word_1_854' title='bbox 3250 5152 3515 5222; x_wconf 84' lang='lat' dir='ltr'><strong>tempori-</strong></span> 
     </span>
    </p>
   </div>
   <div class='ocr_carea' id='block_1_116' title="bbox 1932 5236 3511 5321">
    <p class='ocr_par' dir='ltr' id='par_1_116' title="bbox 1932 5236 3511 5321">
     <span class='ocr_line' id='line_1_116' title="bbox 1932 5236 3511 5321; baseline -0.006 -14"><span class='ocrx_word' id='word_1_855' title='bbox 1932 5236 2041 5307; x_wconf 83' lang='lat' dir='ltr'><strong>bus</strong></span> <span class='ocrx_word' id='word_1_856' title='bbox 2086 5250 2361 5321; x_wconf 64' lang='lat' dir='ltr'><strong>prteclarm</strong></span> <span class='ocrx_word' id='word_1_857' title='bbox 2413 5266 2539 5321; x_wconf 85' lang='lat' dir='ltr'><strong>spes</strong></span> <span class='ocrx_word' id='word_1_858' title='bbox 2589 5249 2941 5318; x_wconf 81' lang='lat' dir='ltr'><strong>cupiditatem</strong></span> <span class='ocrx_word' id='word_1_859' title='bbox 2980 5238 3221 5302; x_wconf 83' lang='lat' dir='ltr'><strong>nostram</strong></span> <span class='ocrx_word' id='word_1_860' title='bbox 3255 5245 3511 5309; x_wconf 84' lang='lat' dir='ltr'><strong>alebant;</strong></span> 
     </span>
    </p>
   </div>
   <div class='ocr_carea' id='block_1_117' title="bbox 1934 5340 3537 5414">
    <p class='ocr_par' dir='ltr' id='par_1_117' title="bbox 1934 5340 3537 5414">
     <span class='ocr_line' id='line_1_117' title="bbox 1934 5340 3537 5414; baseline -0.007 -15"><span class='ocrx_word' id='word_1_861' title='bbox 1934 5359 2081 5399; x_wconf 87' lang='lat' dir='ltr'><strong>nunc</strong></span> <span class='ocrx_word' id='word_1_862' title='bbox 2117 5359 2251 5398; x_wconf 87' lang='lat' dir='ltr'><strong>vero</strong></span> <span class='ocrx_word' id='word_1_863' title='bbox 2282 5344 2456 5413; x_wconf 80' lang='lat' dir='ltr'><strong>ipsam</strong></span> <span class='ocrx_word' id='word_1_864' title='bbox 2489 5358 2710 5414; x_wconf 82' lang='lat' dir='ltr'><strong>quoque</strong></span> <span class='ocrx_word' id='word_1_865' title='bbox 2744 5343 2857 5411; x_wconf 85' lang='lat' dir='ltr'><strong>spei</strong></span> <span class='ocrx_word' id='word_1_866' title='bbox 2904 5340 3287 5396; x_wconf 85' lang='lat' dir='ltr'><strong>suavissimam</strong></span> <span class='ocrx_word' id='word_1_867' title='bbox 3321 5350 3537 5403; x_wconf 40' lang='lat' dir='ltr'><strong>autaut</strong></span> 
     </span>
    </p>
   </div>
   <div class='ocr_carea' id='block_1_118' title="bbox 1931 5430 3511 5506">
    <p class='ocr_par' dir='ltr' id='par_1_118' title="bbox 1931 5430 3511 5506">
     <span class='ocr_line' id='line_1_118' title="bbox 1931 5430 3511 5506; baseline -0.004 -16"><span class='ocrx_word' id='word_1_868' title='bbox 1931 5447 2056 5490; x_wconf 87' lang='lat' dir='ltr'><strong>tuus</strong></span> <span class='ocrx_word' id='word_1_869' title='bbox 2106 5436 2268 5491; x_wconf 72' lang='lat' dir='ltr'><strong>nobis</strong></span> <span class='ocrx_word' id='word_1_870' title='bbox 2318 5447 2473 5506; x_wconf 81' lang='lat' dir='ltr'><strong>pater</strong></span> <span class='ocrx_word' id='word_1_871' title='bbox 2523 5446 2712 5504; x_wconf 86' lang='lat' dir='ltr'><strong>aperte</strong></span> <span class='ocrx_word' id='word_1_872' title='bbox 2761 5434 2989 5503; x_wconf 75' lang='lat' dir='ltr'><strong>eripuit.</strong></span> <span class='ocrx_word' id='word_1_873' title='bbox 3037 5430 3324 5487; x_wconf 87' lang='lat' dir='ltr'><strong>Neminem</strong></span> <span class='ocrx_word' id='word_1_874' title='bbox 3359 5431 3511 5485; x_wconf 82' lang='lat' dir='ltr'><strong>enim</strong></span> 
     </span>
    </p>
   </div>
   <div class='ocr_carea' id='block_1_119' title="bbox 1927 5522 3517 5600">
    <p class='ocr_par' dir='ltr' id='par_1_119' title="bbox 1927 5522 3517 5600">
     <span class='ocr_line' id='line_1_119' title="bbox 1927 5522 3517 5600; baseline -0.004 -17"><span class='ocrx_word' id='word_1_875' title='bbox 1927 5539 2062 5600; x_wconf 90' lang='lat' dir='ltr'><strong>puto</strong></span> <span class='ocrx_word' id='word_1_876' title='bbox 2090 5544 2231 5592; x_wconf 85' lang='lat' dir='ltr'><strong>esse,</strong></span> <span class='ocrx_word' id='word_1_877' title='bbox 2260 5530 2353 5598; x_wconf 87' lang='lat' dir='ltr'><strong>qui</strong></span> <span class='ocrx_word' id='word_1_878' title='bbox 2404 5528 2720 5599; x_wconf 78' lang='lat' dir='ltr'><strong>pignoribus</strong></span> <span class='ocrx_word' id='word_1_879' title='bbox 2752 5527 2925 5581; x_wconf 81' lang='lat' dir='ltr'><strong>ﬁrmis</strong></span> <span class='ocrx_word' id='word_1_880' title='bbox 2958 5538 3155 5579; x_wconf 84' lang='lat' dir='ltr'><strong>cavere</strong></span> <span class='ocrx_word' id='word_1_881' title='bbox 3193 5522 3352 5577; x_wconf 73' lang='lat' dir='ltr'><strong>nobis</strong></span> <span class='ocrx_word' id='word_1_882' title='bbox 3387 5538 3517 5595; x_wconf 79' lang='lat' dir='ltr'><strong>pos—</strong></span> 
     </span>
    </p>
   </div>
   <div class='ocr_carea' id='block_1_120' title="bbox 1886 5616 3511 5686">
    <p class='ocr_par' dir='ltr' id='par_1_120' title="bbox 1886 5616 3511 5686">
     <span class='ocr_line' id='line_1_120' title="bbox 1886 5616 3511 5686; baseline -0.002 -9"><span class='ocrx_word' id='word_1_883' title='bbox 1886 5660 1890 5665; x_wconf 57' lang='grc' dir='ltr'><strong>ι</strong></span> <span class='ocrx_word' id='word_1_884' title='bbox 1930 5624 2021 5685; x_wconf 89' lang='lat' dir='ltr'><strong>sit,</strong></span> <span class='ocrx_word' id='word_1_885' title='bbox 2064 5635 2178 5677; x_wconf 87' lang='lat' dir='ltr'><strong>non</strong></span> <span class='ocrx_word' id='word_1_886' title='bbox 2222 5629 2537 5675; x_wconf 77' lang='lat' dir='ltr'><strong>curaturqu</strong></span> <span class='ocrx_word' id='word_1_887' title='bbox 2584 5637 2707 5675; x_wconf 83' lang='lat' dir='ltr'><strong>esse</strong></span> <span class='ocrx_word' id='word_1_888' title='bbox 2750 5623 2963 5674; x_wconf 84' lang='lat' dir='ltr'><strong>Annam</strong></span> <span class='ocrx_word' id='word_1_889' title='bbox 2991 5616 3419 5686; x_wconf 74' lang='lat' dir='ltr'><strong>imperatriccm,</strong></span> <span class='ocrx_word' id='word_1_890' title='bbox 3452 5626 3511 5673; x_wconf 86' lang='lat' dir='ltr'><strong>ut</strong></span> 
     </span>
    </p>
   </div>
   <div class='ocr_carea' id='block_1_121' title="bbox 1929 5708 3504 5782">
    <p class='ocr_par' dir='ltr' id='par_1_121' title="bbox 1929 5708 3504 5782">
     <span class='ocr_line' id='line_1_121' title="bbox 1929 5708 3504 5782; baseline -0.002 -15"><span class='ocrx_word' id='word_1_891' title='bbox 1929 5728 2120 5769; x_wconf 87' lang='lat' dir='ltr'><strong>omnes</strong></span> <span class='ocrx_word' id='word_1_892' title='bbox 2174 5713 2281 5768; x_wconf 82' lang='lat' dir='ltr'><strong>cita</strong></span> <span class='ocrx_word' id='word_1_893' title='bbox 2343 5724 2518 5769; x_wconf 76' lang='lat' dir='ltr'><strong>morte</strong></span> <span class='ocrx_word' id='word_1_894' title='bbox 2573 5714 2755 5768; x_wconf 76' lang='lat' dir='ltr'><strong>statim</strong></span> <span class='ocrx_word' id='word_1_895' title='bbox 2808 5712 3121 5782; x_wconf 71' lang='lat' dir='ltr'><strong>puniamur,</strong></span> <span class='ocrx_word' id='word_1_896' title='bbox 3158 5708 3249 5778; x_wconf 80' lang='lat' dir='ltr'><strong>qui</strong></span> <span class='ocrx_word' id='word_1_897' title='bbox 3296 5709 3504 5778; x_wconf 72' lang='lat' dir='ltr'><strong>parenti</strong></span> 
     </span>
    </p>
   </div>
  </div>
