3992 6202
298 275 444 344 1οη
718 271 793 344 [Α.
833 286 883 327 c.
932 271 1088 343 1547]

1306 278 1749 342 ΒΥΖΧΝΤΙΝΙΕ
1788 279 1871 342 ΙΙΙ

1975 280 2169 343 OHLE
2206 285 2346 349 LIB.
2384 286 2539 359 ΧΗ.
2608 257 2621 262 η
2650 283 2785 357 {tum
2826 304 2871 343 ι.
2912 300 3207 347 οικτιιουα.
3250 291 3298 365 Ι]

3410 295 3551 364 1058

291 393 467 453 δοκεῖ,
494 391 586 446 καὶ
614 393 737 454 τοὺς
765 392 860 463 τῆς
890 390 1060 463 τύχης
1086 391 1249 455 πόδας
1300 392 1533 449 ἕκαστον
1589 397 1676 450 ἐπ’
1699 398 1871 468 ἀσφα-

1985 413 2131 463 rere,
2163 409 2219 455 et
2272 400 2508 456 fortuna:
2539 403 2769 473 vestigia
2799 403 2979 459 stabili
3019 405 3376 462 fundamento
3403 411 3561 479 quis-

289 484 422 547 λούς
455 484 683 554 ἐρείδειν
703 502 719 518 ο
747 486 860 547 τοῖς
886 485 942 537 δὲ
978 485 1148 555 μηδὲν
1173 486 1475 557 κεκτῆσθαι
1502 488 1720 559 βέϐαιον
1753 491 1876 561 μηδ’

287 575 556 644 ἀσφαλές.
585 577 821 647 Βραχεϊα
860 578 968 649 γάρ
1025 594 1110 641 τις
1164 576 1283 648 ὥρα
1336 578 1598 643 πολλάκις
1652 586 1747 635 καὶ⁵
1780 582 1880 652 μία

288 666 439 735 ῥοπὴ
458 666 827 737 διαστήματος
850 668 1100 739 χρονικοῦ
1135 668 1460 738 μετασάλλει
1496 670 1633 740 πρὸς
1659 673 1880 727 τούναν-

286 755 410 809 τίον
444 756 614 825 ἅπαν,
639 759 934 834 καὶηρίπτει
958 759 1129 813 πολλὰ
1161 761 1269 813 τῶν
1304 761 1526 816 ἑστάναι
1579 763 1879 818 δοκούντων

286 849 376 909 είς
400 848 630 917 ἔδαφοςο
656 848 751 903 καὶ
782 848 848 903 αὖ
905 851 1041 921 πρὸς
1093 851 1443 923 ὑπερήφανον
1499 854 1667 908 ἐνίοτε
1709 854 1879 927 τύχην

283 940 488 1008 ἀνάγει
515 942 584 995 τά
604 944 809 1013 ἀφανῆ.
843 942 1042 1011 Θαῦμα
1070 944 1150 1008 δὲ,
1182 946 1300 1009 πῶς
1332 946 1533 1017 ἀμιγὲς
1575 947 1725 1001 οὐδὲν
1768 947 1879 1001 οὐδ’

286 1030 583 1098 αὐτοτελὲς
639 1034 750 1089 τῶν
825 1035 1083 1091 ἁπάντων
1143 1037 1459 1108 εὑρίσκεται
1530 1040 1877 1093 παντάπασιν

285 1124 527 1194 οὐδαμῆ,
581 1124 761 1180 οὐθ⁹ἃ
816 1127 924 1179 τῶν
976 1127 1215 1195 ἀγαθῶν,
1273 1127 1445 1182 οὐθ’ἂ
1497 1129 1607 1182 τῶν
1655 1130 1914 1200 φαύλων·

286 1211 436 1268 εἶναι
460 1215 773 1286 νομίζουσιν
804 1218 1081 1288 ἄνθρωποι
1105 1234 1119 1249 ⁸
1154 1219 1288 1274 ἀλλὰ
1321 1220 1389 1274 τά
1414 1220 1659 1292 ἀλλήλων
1696 1222 1875 1292 διηνε-

284 1308 406 1370 κῶς
430 1309 663 1380 πολέμια
697 1311 790 1363 καὶ
816 1313 1099 1380 μαχόμενα
1121 1312 1417 1384 σύντροφόν
1446 1331 1563 1378 πως
1613 1314 1725 1385 ἔχει
1779 1317 1877 1386 τὴν

285 1397 554 1469 βλάστην,
579 1401 671 1454 καὶ
698 1402 828 1470 μίαν
851 1403 1024 1473 δήπου
1049 1405 1172 1458 τινὰ
1192 1404 1292 1477 τὴν
1319 1409 1399 1469 είς
1449 1406 1565 1475 φῶς
1619 1425 1877 1478 προενεγ-

286 1494 498 1549 κοῦσαν
550 1498 765 1570 μητέρα
799 1500 1156 1573 προΐσχεται·
1183 1505 1277 1556 καὶ
1330 1504 1398 1556 τὰ
1459 1504 1555 1575 τὴν
1594 1503 1874 1558 ἄσπονδον

287 1584 498 1656 ἔχθραν
547 1588 683 1657 πρὸς
746 1590 954 1658 ἄλληλα
1010 1596 1323 1665 κεκτημένα
1390 1593 1542 1660 ξένας
1600 1597 1756 1660 τινὰς
1819 1599 1876 1649 ἐν

283 1677 577 1745 ἀνθρώπου
629 1680 745 1736 θύει
798 1683 942 1753 ψυχῇ
995 1684 1094 1749 τὰς
1148 1686 1411 1750 σπονδαςο
1440 1691 1533 1741 καὶ
1588 1687 1711 1741 οὐτε
1761 1687 1874 1759 βίον

281 1769 497 1822 ἄλυπον
512 1769 638 1824 ὄντα
661 1773 791 1843 παρ’
811 1775 988 1828 οὐδενὶ
1010 1777 1118 1830 τῶν
1132 1778 1388 1833 ἁπάντων
1406 1779 1870 1852 ὁρῶμεν,[Ρ.5081

281 1856 416 1910 οὔτε
444 1859 620 1929 λύπην
637 1862 984 1918 παντάπασιν
1007 1866 1220 1937 ἀτερπῆ
1242 1882 1256 1897 ·
1285 1867 1401 1921 ἀλλ’
1427 1864 1566 1923 εῖναι
1589 1871 1870 1940 συμϐαίνει

281 1950 388 2003 καὶ
439 1950 617 2023 λύπην
669 1954 855 2008 αίτίαν
904 1956 1105 2026 χαρᾶς,
1139 1941 1234 2011 καὶ
1287 1953 1355 2016 αὖ
1425 1965 1637 2030 μητέρα
1696 1960 1869 2031 λύπης

281 2041 487 2109 χαράν.
522 2043 707 2097 Ταῦτα
740 2045 838 2113 μὲν
866 2042 1009 2100 εἶναι
1043 2050 1272 2118 συμφυᾶ
1321 2068 1457 2113 πως,
1490 2053 1585 2104 καὶ
1620 2052 1867 2120 ἐγκατῳ-

281 2129 640 2202 κτδομημένα
696 2136 811 2198 τοῖς
871 2136 1216 2208 πράγμασιν,
1283 2140 1317 2210 ἡ
1373 2142 1540 2212 πεῖρα
1602 2142 1871 2212 ξυγχωρεῖ

283 2224 533 2276 συνιέναι
563 2228 684 2288 ταῖς
722 2228 1140 2297 ’συνετωτέραις
1199 2229 1429 2300 ψυχαῖς·
1465 2232 1526 2286 τὸ
1549 2233 1603 2287 δὲ
1662 2236 1867 2304 μεγέθη

280 2315 387 2368 καὶ
440 2318 811 2388 σμικρότητας
861 2322 1074 2380 τούτοις
1129 2322 1351 2393 διδόναι,
1416 2324 1574 2378 τοῦτο
1600 2325 1645 2378 δ’
1715 2323 1864 2396 οἶμαι

280 2407 558 2476 δήπουθεν
583 2409 656 2471 ὡς
687 2411 757 2463 τὰ
809 2411 979 2465 πολλὰ
1040 2414 1149 2466 τῶν
1209 2416 1297 2483 ἐφ’
1329 2418 1460 2486 ἡμῖν
1488 2416 1756 2489 ὑπάρχειν
1784 2419 1863 2473 ἓν.

284 2499 394 2558 Ὃς
418 2499 528 2570 γὰρ
553 2501 808 2572 μεγάλοις
837 2504 1049 2571 ἐφίεται
1078 2508 1424 2577 πραγμάτων
1480 2508 1668 2563 ὕδασιν
1705 2513 1867 2579 ὲγκυυ

284 2590 519 2662 σιστᾲν,
542 2594 754 2665 ἀνάγκη
776 2595 947 2666 τούτῳ
976 2599 1069 2651 καὶ
1103 2599 1372 2668 μεγάλους
1399 2600 1726 2670 ὑφίστασθαι
1758 2603 1865 2656 τῶν

282 2684 556 2737 κινδύνων
583 2688 706 2750 τοὺς
762 2687 1037 2757 κλύδωνας
1056 2708 1068 2721 ·
1089 2684 1134 2759 ᾧ
1162 2692 1221 2746 δὲ
1277 2688 1643 2765 βραχυτέροις
1670 2695 1866 2748 ἐνδιαι-

282 2773 490 2828 τὶσθαι
519 2775 796 2845 νομίζεται
821 2778 1100 2849 ἀποχρῶν,
1123 2781 1299 2851 τούτῳ
1337 2782 1395 2835 δὲ
1424 2784 1516 2836 καὶ
1571 2785 1866 2855 μετριωτέ-

286 2882 419 2935 ραις
450 2867 746 2938 κεχρῆσθαι
771 2870 890 2934 ταῖς
922 2872 1121 2933 λύπαις
1156 2875 1251 2924 τοῦ
1307 2871 1424 2943 βίου
1479 2873 1675 2943 χρεὼν.
1707 2876 1865 2928 Βασιο

281 2956 412 3008 λεία
432 2958 614 3011 τοίνυν
636 2960 696 3011 ἐν
721 2961 833 3023 τοῖς
851 2960 944 3012 τοῦ
981 2960 1097 3030 βίου
1120 2961 1409 3032 πράγμασι
1440 2964 1694 3034 μέγιστον
1723 2960 1862 3018 εἶναι

1984 506 2090 559 que
2123 490 2289 562 figere
2314 493 2595 556 videatur,
2629 495 2752 549 aliis
2804 496 2944 551 nihil
2979 498 3122 553 [irmi
3172 499 3398 565 habere,
3424 501 3560 555 nihil

1983 583 2143 637 certi.
2176 581 2360 652 Fuga:
2403 585 2549 639 enim
2587 585 2722 641 hora
2775 603 2919 659 saepe
2961 597 3018 643 et
3052 602 3388 647 momentum
3427 603 3563 648 teut-

1983 676 2134 750 pogis
2158 675 2348 739 multa,
2377 691 2499 746 quae
2532 683 2679 733 stare
2724 679 3072 744 videbantur,
3100 682 3326 736 omnino
3349 684 3400 737 in
3428 699 3562 739 con-
3600 744 3615 768 ί

1983 764 2212 818 trarium
2269 775 2495 820 vertunt
2547 778 2602 822 et
2640 770 2705 821 ad
2749 777 2949 823 terram
2973 770 3220 841 aliiiguut
3249 790 3263 825 :
3296 786 3459 843 atque
3489 776 3558 829 ad

1981 845 2257 910 summum
2306 856 2544 912 fortunae
2590 859 2941 928 splendorem
2973 862 3203 918 obscura
3229 866 3562 935 quandoque

1979 941 2239 1003 evehun’t.
2286 948 2481 1003 Mirum
2522 965 2673 1016 vero,
2720 955 2998 1021 quomodo
3024 954 3162 1008 nihil
3191 971 3420 1025 usquam
3447 958 3563 1011 sin-

1979 1054 2189 1102 cerum,
2240 1042 2374 1097 nihil
2423 1043 2492 1098 ab
2537 1045 2687 1100 omni
2717 1055 2873 1116 parte
2914 1048 3217 1117 perfectum
3251 1050 3568 1128 inveniatur

1978 1141 2167 1185 earum
2198 1135 2465 1200 omnium,
2489 1151 2610 1205 quae
2634 1152 2733 1191 seu
2759 1137 2903 1192 bona
2928 1154 3024 1194 seu
3061 1141 3202 1195 mala
3231 1159 3351 1197 esse
3383 1143 3564 1197 homi-

1978 1240 2077 1301 nes
2123 1225 2506 1282 arbitrantur:
2550 1230 2646 1284 sed
2694 1245 2809 1293 res,
2861 1216 2965 1285 sibi
3020 1232 3257 1287 invicem
3292 1242 3559 1289 aeternum

1981 1316 2216 1372 inimica)
2262 1328 2318 1373 et
2361 1330 2691 1389 pugnantes.
2723 1323 2873 1378 velut
2925 1323 3090 1394 807
3139 1324 3472 1389 coalescant,
3504 1333 3566 1381 cl

1981 1408 2150 1462 unius
2185 1409 2346 1479 quasi
2397 1412 2589 1466 matris
2638 1413 2763 1470 sinu
2804 1412 2983 1467 editas
3014 1429 3073 1467 se
3104 1414 3157 1468 in
3190 1414 3368 1469 lucem
3403 1415 3563 1484 proli-

1980 1508 2236 1554 teantur:
2275 1510 2333 1556 et
2373 1517 2460 1567 ea,
2511 1518 2633 1572 quae
2675 1502 2863 1557 odium
2909 1504 3253 1573 implacabile
3296 1506 3443 1561 inter
3498 1521 3561 1561 se

1975 1602 2259 1659 exercent,
2299 1595 2559 1649 inusitata
2614 1597 2863 1666 quaedam
2917 1597 3125 1653 foedera
3177 1598 3231 1652 in
3271 1598 3558 1655 hominum

1977 1684 2175 1739 animis
2206 1684 2445 1751 feriant;
2477 1702 2542 1741 ac
2571 1703 2751 1757 neque
2791 1690 2958 1743 vitam
2995 1690 3229 1745 tristitiae
3251 1692 3563 1761 immunem

1976 1773 2229 1844 cuiquam
2259 1778 2576 1850 contingere
2595 1779 2904 1845 videamus,
2931 1796 3037 1835 nec
3058 1781 3334 1836 tristitiam
3352 1783 3562 1854 jucunv

1973 1864 2164 1919 ditatis
2192 1881 2420 1937 prorsus
2461 1879 2790 1939 expertem;
2828 1874 2925 1928 sed
2961 1888 3083 1929 esse
3113 1876 3287 1931 soleat
3329 1884 3386 1931 et
3417 1875 3560 1932 laeti-

1975 1956 2062 2011 tiae
2096 1957 2254 2028 origo
2282 1959 2526 2027 tristitia,
2560 1972 2616 2017 ct
2647 1979 2844 2018 rursus
2879 1965 3119 2022 tristitiae
3147 1976 3318 2023 mater
3348 1968 3559 2025 laetitia.

1969 2045 2040 2099 Et
2099 2047 2214 2102 haec
2251 2049 2477 2118 quidem
2539 2068 2663 2108 esse
2715 2055 2882 2111 rebus
2932 2057 3095 2112 insita
3149 2060 3559 2128 quodammodo

1969 2144 2136 2206 atque
2187 2137 2353 2193 infixa
2395 2140 2855 2212 intelligentiores
2898 2145 3102 2217 quique
3144 2134 3346 2213 sciutif,
3390 2166 3557 2218 expe-

1972 2229 2169 2282 rientia
2199 2244 2397 2301 nempe
2430 2232 2640 2288 edocti.
2673 2236 2743 2289 At
2777 2245 2837 2290 ut
2860 2236 2952 2291 illa
2984 2239 3096 2308 ipsa
3133 2240 3216 2294 vel
3253 2251 3561 2312 augeantur

1968 2316 2055 2370 vel
2110 2320 2456 2385 minuantur,
2496 2323 2550 2378 id
2595 2339 2697 2394 ego
2741 2328 2996 2383 existimo
3023 2346 3193 2400 penes
3223 2346 3322 2387 nos
3345 2348 3466 2388 esse
3498 2342 3559 2388 ut

1968 2410 2293 2478 plurimum.
2356 2414 2461 2480 Qui
2516 2417 2663 2471 enim
2699 2433 2760 2473 se
2818 2420 2874 2474 in
2924 2436 3153 2491 magnas
3201 2425 3551 2492 negotiorum

1971 2501 2147 2556 undas
2178 2503 2379 2573 gestiat
2419 2506 2769 2577 immergere,
2834 2524 2963 2563 eum
3011 2524 3235 2566 necesse
3300 2523 3385 2566 est
3437 2528 3559 2566 ma-

1966 2607 2103 2661 gnos
2193 2595 2383 2650 subire
2464 2596 2837 2667 periculorum
2916 2599 3117 2656 ﬂuctus
3175 2618 3192 2662 ;
3247 2602 3337 2657 cui
3423 2618 3555 2658 vero

1968 2685 2278 2740 minoribus
2345 2688 2616 2743 interesse
2681 2692 2816 2745 satis
2881 2690 3089 2755 fuerit,
3151 2707 3278 2747 eum
3341 2702 3557 2763 oportet

1967 2774 2434 2832 moderatioribus
2485 2778 2625 2833 allici
2672 2780 2798 2834 vitae
2842 2781 3137 2835 molestiis.
3182 2780 3350 2852 Regia
3401 2798 3554 2840 certe

1965 2863 2204 2933 dignitas
2235 2865 2292 2917 in
2325 2865 2429 2918 hac
2461 2866 2570 2920 vita
2603 2869 2901 2945 maximum
2925 2884 3047 2923 esse
3078 2870 3311 2924 fortuna:
3346 2874 3550 2927 donum

1966 2956 2342 3018 existimatur,
2385 2966 2443 3010 et
2480 2971 2754 3022 summus,
2782 2962 2826 3014 si
2882 2960 2964 3013 fas
3022 2960 3228 3025 dicere,
3269 2962 3554 3020 felicitatis

283 3050 483 3120 χρῆμα
514 3051 791 3122 νομίζεται
819 3052 993 3124 τύχης
1019 3055 1132 3115 καὶ,
1168 3054 1235 3107 ἵν’
1269 3055 1435 3119 εἴπω,
1460 3057 1521 3109 τὸ
1572 3057 1862 3127 κράτιστον

1975 3049 2247 3103 cumulus.
2321 3047 2528 3104 Contra
2587 3049 2782 3119 paucis
2845 3049 3025 3104 obolis
3090 3053 3275 3106 metiri
3338 3056 3552 3137 cupiam

284 3144 394 3213 τῆς
423 3144 772 3214 εὐδαιμονίας
802 3144 955 3214 ὕψος.
987 3145 1062 3199 Τὸ
1109 3147 1167 3199 δὲ
1219 3149 1435 3217 μικροῖς
1481 3165 1623 3201 τισιν
1660 3150 1867 3213 ὀὸολοίς

288 3235 573 3306 ὁρίζεσθαι
592 3254 671 3307 τῳ
714 3236 810 3290 τοῦ
859 3238 974 3308 βίου
1024 3238 1124 3309 τὴν
1164 3240 1424 3309 εὐπορίαν
1461 3240 1556 3293 καὶ
1605 3241 1865 3311 τριϐωνο-

214 3353 221 3359 α
292 3332 506 3399 φορεῖν,
534 3330 627 3382 καὶ
682 3331 867 3384 ἱκανὸν
894 3326 1089 3384 εἴναιό
1147 3334 1213 3403 τῇ
1266 3332 1425 3403 φύσει
1462 3333 1524 3385 τὸ
1572 3332 1866 3400 ἀναγκαῖον

295 3421 464 3491 μόνον
491 3419 796 3490 χαρίζεται,
828 3420 991 3477 τοῦτο
1018 3422 1075 3477 δὲ
1106 3425 1441 3495 κακόδαιμον
1469 3426 1739 3494 φαίνεται,
1774 3426 1868 3479 καὶ

292 3513 505 3568 τούτων
537 3514 676 3581 ἐνὸς,
708 3509 789 3579 οἷς
815 3515 853 3568 δ’
875 3514 1124 3581 πλεῖστος
1176 3515 1333 3587 δχλος
1373 3518 1698 3586 καταρᾶται.
1724 3512 1795 3589 τῼ
1823 3518 1867 3568 δ’

289 3608 581 3678 ἑκατέροις
609 3611 720 3670 τοῖς
749 3609 883 3678 βίοις
919 3610 976 3661 ιν
1009 3610 1177 3680 πείρᾳ,
1206 3600 1495 3677 [γενέσθαι
1541 3609 1865 3679 τετύχηκεν,

290 3700 558 3771 ἄρχεσθαι
584 3699 783 3770 μᾶλλον
813 3693 1022 3771 οὗτοςῆ
1057 3699 1360 3770 βασιλεύειν
1438 3700 1597 3753 ἕλοιτ’
1620 3700 1697 3752 ἂν
1715 3696 1868 3769 οἶμαι

288 3792 448 3862 μάλα
476 3792 792 3862 προθύμως,
810 3791 905 3845 καὶ
927 3794 1133 3862 πένητα
1159 3792 1367 3861 μᾶλλον
1395 3791 1606 3864 τρίὸειν
1659 3790 1796 3861 βίον,
1834 3791 1866 3859 ἢ

288 3890 353 3949 ὗς
384 3885 608 3956 μυρίαις
659 3885 1120 3954 περιστοιχίζεται
1179 3884 1360 3948 δόξαις
1396 3886 1493 3937 καὶ
1554 3884 1865 3954 χρήμασινο

289 3980 345 4030 εί
375 3978 421 4030 δ’
460 3975 577 4040 οὖν,
628 3975 832 4045 λεγέτω
872 3993 954 4040 τις
1002 3976 1310 4046 παρελθὼν,
1349 3976 1466 4039 πῶς
1525 3975 1870 4045 Ἀλέξανδρος

290 4073 508 4132 ἐκεῖνος
541 4070 568 4122 ὁ
600 4069 794 4139 μέγας,
826 4070 854 4122 ὁ
910 4068 1103 4139 μέχρις
1145 4067 1321 4122 Ἰνδῶν
1340 4071 1409 4122 τά
1449 4067 1550 4138 τῆς
1598 4066 1868 4138 Εὐρώπης

288 4162 617 4225 διαϐιϐάσας
647 4161 805 4228 ὅπλα,
845 4161 936 4214 τὸν
980 4160 1174 4231 εὐτελῆ
1220 4160 1316 4214 τοῦ
1361 4163 1649 4228 Διογένους
1709 4161 1867 4213 πίθον

294 4256 397 4307 καὶ
458 4255 558 4323 τὴν
604 4253 969 4325 διερῤωγυῖαν
1028 4251 1375 4324 ἀμπέχεσθαι
1430 4252 1633 4321 μᾶλλον
1667 4252 1871 4321 ἐσθῆτα

1972 3154 2193 3193 omnem
2240 3141 2318 3195 rei
2365 3139 2670 3206 familiaris,
2723 3149 2779 3195 et
2827 3152 2981 3197 veste
3023 3140 3103 3196 uti
3143 3142 3293 3205 trita,
3329 3152 3384 3197 et
3416 3144 3558 3197 satis

1973 3228 2180 3284 habere
2243 3230 2298 3284 id
2362 3230 2513 3299 quod
2578 3239 2795 3286 naturae
2856 3233 3005 3286 solas
3064 3247 3154 3288 res
3214 3237 3553 3287 necessarias

1972 3320 2309 3390 suppeditat,
2374 3322 2426 3374 id
2473 3331 2530 3376 et
2596 3323 2861 3376 miserum
2924 3322 3178 3384 videtur,
3235 3333 3291 3377 et
3358 3340 3559 3377 eorum.

1974 3422 2164 3471 unum,
2192 3423 2315 3477 qua:
2330 3407 2475 3476 vulgi
2501 3408 2732 3461 maxima
2753 3421 2878 3476 pars
2893 3407 3262 3462 detestantur.
3288 3409 3391 3476 Qui
3423 3425 3563 3462 vero.

1973 3508 2263 3568 utramque
2313 3500 2439 3554 vitae
2470 3501 2843 3555 conditionem
2877 3511 3141 3569 expertus
3171 3509 3278 3563 est,
3301 3498 3352 3553 is
3381 3502 3565 3555 multo

1970 3591 2234 3646 libentius
2277 3598 2465 3660 pareat
2513 3608 2678 3662 quam
2731 3591 2985 3661 imperet,
3032 3599 3089 3645 et
3125 3591 3295 3644 vitam
3333 3592 3565 3647 trahere

1971 3684 2191 3753 inepe‘m
2224 3683 2395 3749 audii,
2430 3699 2592 3754 quam
2627 3699 2749 3756 qua:
2783 3683 3031 3739 inﬁnitis
3076 3682 3382 3737 honoribus
3435 3685 3561 3752 opi-

1970 3777 2183 3845 busque
2237 3779 2435 3847 stipata
2497 3778 2589 3832 sit.
2643 3778 2738 3833 Sin
2800 3778 3007 3843 minus,
3056 3774 3297 3849 prodeat
3349 3775 3558 3842 aliquis

1970 3868 2277 3941 doceatque
2330 3884 2451 3931 nos,
2482 3869 2762 3938 quomodo
2807 3868 3119 3923 Alexander
3171 3865 3263 3921 ille
3300 3864 3549 3938 Magnus,

1971 3961 2128 4031 cujus
2180 3960 2442 4032 auspiciis
2506 3977 2659 4015 arma
2714 3962 2946 4031 Europa:
2999 3961 3167 4033 808
3207 3961 3286 4015 .ad
3342 3960 3553 4014 htdia‘m

1972 4068 2144 4123 usque
2169 4064 2551 4123 penetrarunt,
2584 4054 2689 4109 vile
2743 4054 2999 4125 Diogenis
3033 4055 3241 4113 dolium
3272 4054 3561 4120 habitare,

1971 4152 2028 4197 et
2056 4144 2307 4212 ejusdem
2353 4142 2533 4197 lacera
2580 4152 2733 4198 veste
2788 4142 2964 4207 indui,
2991 4143 3238 4212 optatius
3289 4143 3393 4196 sibi
3426 4155 3565 4196 esse.

1971 4237 2259 4291 confessus
2288 4237 2378 4301 sit,
2416 4250 2578 4303 quam
2616 4234 2759 4289 Asia:
2806 4244 2861 4288 et
2906 4234 3139 4303 Europa:
3172 4236 3344 4287 totius
3373 4236 3556 4303 impe-

295 4348 487 4400 ποθεῖν
519 4347 872 4418 ὡμολόγει,ῆ
908 4345 1007 4417 τὴν
1058 4345 1159 4416 τῆς
1217 4347 1348 4416 ὅλης
1417 4345 1602 4410 Ἀσίας
1656 4362 1717 4400 τε
1774 4344 1871 4399 καὶ

1975 4331 2116 4383 rium
2171 4330 2475 4399 possidere,
2523 4338 2580 4384 et
2615 4328 2934 4399 Babyloniis
2989 4327 3205 4382 divitiis
3238 4327 3506 4382 cumulari
3533 4341 3566 4384 ε.

298 4441 571 4510 Εὐρώπης
594 4440 736 4511 ἔχειν
779 4438 977 4509 ἀρχὴν,
1009 4441 1121 4497 καὶ
1148 4438 1240 4491 τὸν
1288 4436 1632 4490 Βαϐυλώνιον
1663 4438 1869 4489 ἐκεῖνον

299 4531 732 4602 περιὸεὗλῆσθαι
801 4530 1067 4583 πλοῦτον·
1133 4529 1258 4582 ὅθεν
1310 4529 1406 4582 καὶ
1465 4529 1523 4582 τὸ
1575 4527 1709 4581 πολὺ
1773 4526 1876 4596 τῆς

300 4623 584 4696 ῥᾳστώνης
610 4623 767 4694 χεθὲν
800 4622 1009 4692 Δαρείῳ
1038 4622 1133 4674 καὶ
1163 4621 1397 4691 Πέρσαις
1417 4620 1629 4691 ὄνειρον
1675 4619 1875 4687 ἔδειξεν

297 4712 442 4769 εἶναι
527 4716 713 4785 σαφῶς
793 4716 893 4779 τὰς
976 4713 1239 4787 δοκούσας
1317 4713 1641 4783 εὐδαίμονας
1712 4712 1877 4782 τύχας

297 4806 394 4860 τοῦ
466 4806 602 4876 βίου.
644 4805 813 4859 Οὐδὲν
860 4805 970 4874 γὰρ
1035 4800 1180 4857 οὕτω
1238 4803 1433 4872 μεστὸν
1492 4802 1726 4871 ὑποψίας
1783 4800 1878 4854 καὶ⁸

302 4898 602 4961 ἀπιστίας,
667 4894 741 4960 ὡς
792 4893 1033 4963 βασιλεία
1099 4893 1197 4952 καὶ
1269 4892 1666 4945 δυναστεύουσα
1729 4892 1872 4961 χείρ.

306 4981 382 5059 ᾯ
438 4989 537 5055 μὲν
616 4988 724 5057 γὰρ
793 4984 1173 5057 βασιλεύεσθαί
1226 5001 1344 5047 πως
1400 4983 1718 5052 τετύχηκεν,
1782 4983 1876 5035 ἕνα

309 5082 472 5151 μόνον
493 5074 645 5141 οὗτος
676 5078 835 5140 δέδιε,
864 5077 956 5130 τὸν
1008 5075 1264 5147 βασιλέα·
1323 5075 1490 5145 φαίην
1533 5073 1579 5127 δ’
1631 5075 1718 5140 ἂν,
1767 5074 1876 5126 οὐδ’

302 5175 487 5237 αὐτὸν,
516 5172 563 5223 εί
587 5172 652 5225 τὰ
676 5172 858 5224 δίκαια
884 5169 1192 5237 φυλάττειν,
1211 5169 1358 5230 ὅστις
1384 5166 1500 5220 ποτ’
1515 5166 1580 5218 ἂν
1602 5161 1658 5239 ᾖ,
1679 5165 1873 5228 ἐθέλει,

305 5268 398 5320 καὶ
434 5266 533 5336 τὴν
561 5264 832 5336 λαχοῦσαν
867 5264 1063 5334 μοῖραν
1108 5263 1357 5331 στέργειν
1404 5260 1496 5312 τοῦ
1530 5258 1669 5330 βίου.
1697 5253 1770 5329 ’ῼ
1817 5257 1874 5311 δὲ

307 5360 614 5431 βασιλεύειν
645 5359 876 5424 ἔξεστιν,
904 5351 1057 5409 οὗτος
1081 5355 1219 5425 μετά
1241 5353 1348 5406 τῶν
1378 5353 1637 5422 ἐμφανῶν
1666 5351 1876 5421 ἐχθρῶν

306 5453 527 5515 πλείους
552 5452 778 5521 ἔχεικαὶ
818 5438 945 5511 τοὺς
971 5448 1155 5519 κρύφα
1189 5446 1286 5508 τὰς
1340 5445 1558 5507 πλείους
1604 5444 1844 5497 συσκευά

307 5526 499 5611 (avra;
548 5545 656 5597 τῶν
691 5542 1010 5595 ἐπιϐουλῶν.
1063 5541 1175 5592 Οὐκ
1215 5538 1430 5607 ὀκνήσω
1459 5536 1506 5589 δ’
1566 5537 1760 5589 εἰπεῖν.
1800 5552 1873 5596 (ις

308 5637 403 5691 καὶ⁵
430 5636 623 5697 αὐτοὺς
655 5634 745 5686 ἀεὶ
775 5633 965 5697 δέδιεν,
994 5630 1179 5682 ὁπόσοι
1224 5630 1479 5695 φυλάκων
1510 5628 1691 5697 ἔχουσι
1722 5626 1874 5690 τάξιν

1902 4391 1949 4447 D

1978 4436 2210 4489 quarum
2261 4419 2434 4474 ellnsa
2487 4420 2827 4474 abundantia
2884 4418 3044 4474 Dario
3070 4426 3127 4474 et
3162 4418 3342 4474 Persis
3368 4428 3562 4472 esten-

1978 4513 2079 4578 dit,
2116 4528 2329 4569 merum
2382 4528 2501 4585 esse
2553 4515 2828 4567 somnium
2885 4527 2951 4566 ea
3011 4528 3135 4581 qua:
3177 4510 3550 4565 conditionem

1976 4605 2105 4658 vitm
2160 4606 2462 4658 beatiorctn
2542 4605 2723 4659 facere
2795 4605 3200 4658 existimantur.
3257 4602 3567 4657 Enimvero

1977 4700 2115 4753 nihil
2167 4708 2251 4753 cst
2285 4702 2356 4751 ita
2414 4698 2742 4767 suspicionis
2776 4706 2833 4751 et
2851 4697 3164 4751 dillidentite
3216 4698 3458 4762 plenum,
3493 4701 3562 4743 ut

1980 4792 2318 4862 principatus
2369 4801 2425 4845 et
2450 4800 2693 4861 potestas
2747 4804 2981 4845 summa.
3026 4787 3162 4842 Nam
3191 4800 3353 4855 quem
3387 4783 3564 4837 alteri.

1978 4885 2259 4939 subditum
2308 4898 2430 4937 esse
2490 4883 2714 4936 fortuna
2758 4881 2956 4945 voluit,
2986 4881 3032 4934 is
3065 4893 3233 4933 unum
3285 4877 3561 4932 duntaxat.

1979 4974 2340 5043 pertimescit,
2391 4975 2777 5042 imperatorem
2833 4971 3086 5026 videlicet
3109 4970 3137 5036 ;’
3157 4971 3252 5025 sed
3292 4985 3361 5025 ne
3402 4969 3552 5023 hune

1979 5067 2203 5135 quidem
2243 5066 2443 5133 (ausim
2478 5064 2706 5130 dicere),
2728 5065 2771 5118 si
2796 5064 2945 5133 jura,
2976 5064 3289 5133 quicunque
3328 5063 3555 5115 laudent

1978 5160 2069 5213 ille
2106 5160 2198 5223 sit,
2232 5158 2362 5212 velit
2411 5173 2652 5223 servare,
2679 5165 2735 5210 et
2789 5172 2853 5210 ea
2885 5171 3007 5225 qua:
3043 5157 3272 5225 contigit
3299 5154 3404 5208 sibi
3435 5153 3548 5205 for-

1982 5260 2109 5304 tuna
2160 5261 2455 5305 contentus
2489 5250 2655 5303 vivat.
2686 5249 2756 5304 At
2798 5249 2885 5302 (ni
2919 5248 3194 5318 imperare
3226 5247 3412 5300 datum
3438 5256 3546 5307 est,

1980 5345 2025 5398 is
2057 5355 2254 5413 pra-ter
2305 5350 2524 5412 apertos
2584 5341 2792 5405 hostes,
2835 5341 3147 5410 Complures
3192 5339 3328 5393 alios
3358 5337 3549 5403 habet,

1978 5442 2070 5508 qui
2135 5438 2334 5492 multas
2389 5437 2439 5490 ci
2496 5437 2805 5489 clanculum
2868 5435 3096 5489 insidias
3148 5438 3383 5487 struant.
3431 5431 3547 5486 Nec

1978 5532 2210 5585 verebor
2249 5530 2380 5585 illud
2425 5529 2712 5594 allirmare,
2742 5529 2921 5584 timeri
2951 5528 3019 5582 ab
3048 5528 3115 5581 eo
3140 5540 3358 5595 semper
3379 5524 3547 5579 etiam

1980 5627 2126 5695 ipsos
2157 5627 2482 5694 stipatores;
2524 5626 2593 5676 ita
2632 5630 2691 5675 ut
2720 5623 2769 5676 ei
2812 5628 3079 5691 perpetuo
3107 5617 3547 5673 contremisceu-

308 5726 479 5797 αὐτῷ,
505 5725 601 5778 καὶ
639 5720 1134 5794 περίεστιτρέμειν
1166 5720 1276 5785 ἀεὶ,
1312 5719 1405 5771 καὶ
1437 5718 1781 5782 lenitis-.01,
1814 5735 1865 5771 τ.

1975 5738 2023 5776 ’11
2049 5730 2102 5774 ct
2157 5718 2446 5783 Tantalea,
2478 5728 2536 5770 ut
2588 5717 2772 5782 aiant,
2806 5725 2917 5769 v.tt
2965 5714 3180 5784 agsala
3227 5720 3320 5797 sit.
3382 5708 3510 5767 Haec
