3992 6202
507 335 646 401 1019
789 332 865 406 [ιι.
906 349 960 390 ιι.
993 328 1155 398 6855,
1197 345 1301 386 tsu.
1346 327 1436 401 15]

1701 325 2119 391 NICEPIIORI
2158 321 2539 385 ΟΒΕὔΟῐὶιΕ

2791 318 2924 387 [um
2965 332 3006 370 ι.
3049 327 3331 367 esuriem.
3374 323 3422 384 ιγ
3555 322 3672 381 Ιυιλο

500 460 766 531 cOgitans,
795 459 869 511 mi
906 457 1000 520 fili,
1032 456 1314 512 benevola:
1361 453 1552 509 matris
1583 452 1826 509 consiliis
1860 461 2069 522 pareto.

2176 448 2239 518 δὴ
2272 446 2588 516 λεγόμενον,
2622 443 2837 515 βόσκειν
2881 440 3017 511 βίον.
3042 438 3205 494 Ταῦτ’
3249 440 3451 506 ὲν·.οῶν,
3478 440 3685 509 φίλτατε.
3774 466 3785 477 ο

500 561 560 606 et
614 551 845 604 aliorum
888 549 1189 613 sententia:
1243 562 1375 601 cave
1415 562 1483 601 ne
1538 550 1787 608 accolas,
1839 545 1956 614 qui,
2003 544 2068 596 ad

414 632 423 637 ⁵
506 645 777 714 propriam
815 641 1102 695 utilitatem
1151 641 1336 695 onmia
1375 641 1695 703 referentes,
1726 648 1777 691 te
1806 638 1924 706 ipso
1953 649 2071 691 tau-

503 752 665 805 quam
722 736 869 788 larva
930 734 1161 804 quadam
1223 742 1471 791 utuntur.
1506 731 1704 800 quoad,
1735 729 1823 784 ubi
1855 744 1918 781 ex
1947 744 2070 781 scn-

505 829 672 882 tcntia
703 828 803 881 sibi
833 826 1180 887 successerit,
1211 826 1311 895 ipsi
1343 824 1537 879 deinde
1567 825 1659 877 tibi
1698 838 1793 892 per
1824 823 2069 875 fraudein

500 921 725 973 ex'lium
759 920 992 973 alii-rant
1023 930 1215 987 repent
1241 936 1392 979 unm;
1420 934 1518 971 nec
1560 920 1637 970 sic
1672 921 1783 969 fere
1818 917 2071 969 consulas

502 1011 668 1065 rebus
728 1014 951 1074 nostr.s,
981 1021 1038 1063 ut
1090 1011 1123 1062 ii
1179 1012 1272 1078 qni
1310 1026 1409 1063 nos
1445 1020 1717 1077 persecuti
1749 1019 1895 1059 sunt.
1934 1008 2067 1061 Nam

501 1111 688 1153 coorta
747 1100 912 1153 semel
970 1110 1311 1168 tempestate.
1360 1099 1495 1152 nihil
1543 1100 1765 1151 oiunino
1799 1098 1939 1150 inter
1973 1113 2072 1150 nos
2142 1148 2147 1153 .

442 1204 445 1205 '
505 1191 736 1259 illosque
793 1201 947 1249 erat,
1005 1190 1171 1257 quod‘
1223 1192 1275 1242 in
1336 1190 1705 1267 concordiam
1762 1188 2068 1243 reduceret.

503 1282 795 1352 Sanguinis
826 1294 1006 1336 autem
1046 1283 1347 1340 vinculum.
1381 1298 1489 1350 quo
1552 1299 1651 1334 tios
1684 1292 1861 1335 tecum
1885 1283 2069 1351 jungi-

506 1392 650 1439 mur,
692 1375 822 1428 nihil
868 1385 951 1428 est
989 1374 1131 1442 quod
1185 1375 1465 1447 dissolvat.
1510 1374 1624 1440 Qua
1682 1374 1827 1427 enim
1886 1389 2070 1443 qua-so

501 1464 668 1534 809
700 1466 911 1517 ratione
939 1464 1250 1532 persuaderi
1284 1446 1453 1534 pessit
1481 1464 1726 1531 cognatis
1750 1465 2069 1531 visceribus,

506 1565 564 1607 ut
598 1572 655 1609 se
688 1557 919 1609 invicem
954 1556 1288 1620 dilacerent;
1340 1571 1572 1623 quorum
1620 1570 1869 1607 arcanam
1917 1569 2069 1607 com-

504 1647 812 1716 pactionem
869 1643 1022 1700 solus
1057 1646 1244 1711 novit,
1294 1646 1387 1715 qni
1427 1663 1489 1699 ea
1547 1648 1687 1700 inter
1736 1663 1795 1700 se
1844 1646 2069 1716 irruptis

502 1734 829 1805 quibusdam
870 1744 923 1790 et
960 1736 1322 1790 adaznantinis
1354 1738 1590 1791 vinculis
1620 1737 1935 1807 colligavit?
1962 1739 2070 1792 Aut

503 1828 636 1896 quid
683 1827 844 1882 nobis
882 1828 1196 1896 parentibus
1225 1828 1333 1882 luis
1359 1829 1461 1881 sub
1495 1830 1611 1883 sole
1644 1840 1699 1883 et
1724 1830 1866 1884 caelo
1904 1845 2073 1885 suave

504 1932 627 1973 csse
657 1918 829 1988 possit
852 1919 1084 1973 absente
1118 1918 1215 1973 te?
1251 1921 1427 1988 Atque
1458 1920 1571 1974 lucc
1606 1920 1952 1975 maxime'res
1970 1932 2074 1985 est,

506 2018 627 2075 quae
675 2023 761 2061 me
808 2022 954 2060 nunc
1005 2017 1097 2061 tuo
1128 2022 1251 2061 cum
1303 2019 1453 2078 patre
1484 2011 1658 2063 vivam
1692 2009 1758 2064 ad
1806 1990 2073 2065 tn'tuulum

503 2095 695 2167 adigit,
747 2096 891 2167 quod
946 2097 1199 2162 istarum,
1227 2115 1363 2166 quas
1412 2099 1596 2154 animo
1630 2100 1837 2165 aluisti,
1869 2102 2075 2171 cogita-

509 2192 715 2244 tionum
740 2206 841 2245 nos
867 2190 968 2259 ipsi
999 2207 1161 2246 causa
1191 2192 1479 2249 fuerimus.
1511 2195 1717 2264 Ecquid
1742 2210 1908 2264 porro
1928 2196 2075 2250 aliud

506 2282 828 2351 parentibus
861 2290 1042 2337 morte
1073 2283 1221 2336 omni
1257 2284 1508 2338 acerbius
1535 2299 1657 2339 esse
1697 2285 1887 2354 possit,
1940 2301 2076 2355 pra:-

506 2374 590 2424 ler
623 2372 835 2424 ruinam
872 2373 1193 2438 liberorum,
1218 2383 1274 2427 ct
1303 2389 1490 2428 eorum
1521 2375 1740 2443 quidem
1771 2377 2071 2439 bonorum;

503 2476 737 2529 quorum
782 2461 866 2515 vel
915 2462 1029 2515 sola
1075 2466 1382 2535 recordatio
1412 2464 1577 2518 eflicit
1618 2474 1677 2519 ut
1719 2466 1754 2520 ii
1788 2466 1990 2527 vivant.
2021 2476 2076 2522 et

502 2566 695 2603 eortun
758 2550 955 2605 anima:
998 2554 1395 2608 viridissimum
1452 2556 1641 2611 florem
1693 2556 2074 2627 largitur?Tu

504 2657 636 2696 vero
676 2644 972 2715 pauliSper,
1012 2645 1056 2701 si
1097 2647 1200 2713 vis,
1255 2660 1535 2718 exspecta,
1567 2651 1744 2719 quoad
1782 2662 1934 2721 pater
1961 2652 2078 2723 ipse

504 2734 605 2789 sis.
636 2735 774 2789 Tum
829 2748 1086 2807 expertus
1124 2740 1295 2809 probe
1324 2742 1485 2808 scies,
1526 2756 1784 2811 quantam
1817 2744 1921 2798 sub
1953 2746 2078 2800 imis

505 2828 812 2884 visceribus
835 2829 1104 2884 ﬂammam
1136 2832 1244 2886 alat
1266 2828 1553 2903 parentum
1579 2834 1631 2887 in
1663 2834 1866 2888 liberos
1898 2850 2074 2889 amor.

505 2916 639 2974 Mihi
690 2931 837 2974 certe
886 2924 1049 2977 verba
1102 2940 1247 2977 nunc
1280 2925 1513 2988 desunt,
1550 2926 1752 2994 quibus
1786 2926 1839 2979 id
1871 2927 2074 2995 possim

505 3012 605 3065 tibi
641 3013 860 3080 penitus
894 3014 1242 3081 pere-uadere,
1268 3025 1559 3084 antequam
1597 3016 1712 3086 ipsc
1737 3033 1924 3072 eorum
1954 3036 2075 3088 qua:

2176 540 2361 590 πείθου
2400 536 2601 606 μητρδ;
2659 532 2950 601 εύνοούσης
2988 532 3222 601 βουλαῖς,
3260 533 3349 584 καὶ
3380 535 3448 601 μὴ
3477 534 3689 601 γνώμαις

2174 630 2373 700 ἑτέρων
2400 614 2776 697 συμφέρεσθαι
2808 625 2971 687 δίδου,
3006 626 3054 677 οἳ
3092 625 3223 694 πρὸς
3268 624 3325 676 ἓν
3360 624 3419 693 δὴ
3473 626 3612 693 μόνον
3638 631 3689 679 τὸ

2172 722 2370 773 οίκεῖον
2396 719 2727 780 σκοποῦντες
2755 719 2998 770 συνοῖσον
3019 715 3341 788 προσωπείῳ
3372 718 3470 768 τινὶ
3496 719 3691 787 κέχρην-

2172 812 2260 863 ταί
2293 828 2396 874 σοι,
2420 811 2612 882 μέχρις
2640 811 2704 863 ἂν
2733 811 2790 861 τὸ
2805 809 3127 878 βουλόμενόν
3143 825 3288 873 σφισι
3310 808 3688 875 κατωρθωκότες

2173 904 2378 964 αὐτοῖς,
2409 901 2593 953 ἔπειτα
2626 902 2719 954 καὶ
2752 901 2833 953 σοὶ
2861 901 2959 971 τὴν
2979 900 3071 952 τοῦ
3105 899 3219 968 βίου
3248 900 3578 968 σχεδιασωσιν
3594 902 3693 954 ἑπι-

2173 995 2379 1056 ϐούλως
2401 993 2721 1079 ἀπαλλαγήν
2744 1010 2758 1024 ’
2796 992 2927 1062 μηδὲ
2954 990 3307 1060 παραπλήσια
3334 992 3572 1053 cinaedi;
3593 992 3691 1044 διώ-

2173 1104 2328 1148 κταις
2344 1087 2500 1155 ἡμῶν
2518 1086 2585 1138 τὰ
2609 1086 2770 1154 ἡμέτ;
2786 1101 2872 1154 ρα.
2895 1084 3137 1153 [Ιαρόσον
3153 1086 3165 1153 |
3184 1080 3366 1153 P.509]
3384 1083 3481 1152 γὰρ
3505 1084 3689 1135 ἐκείνων

2173 1180 2267 1231 καὶ
2291 1180 2449 1247 ἡμῶν
2487 1180 2549 1230 τὸ
2581 1180 2813 1244 συνάγον
2849 1180 2928 1238 είς
2958 1176 3209 1244 ὁμόνοιαν
3238 1170 3306 1246 ἦν
3338 1178 3442 1227 τῶν
3477 1177 3691 1229 ἁπάντων

2176 1273 2313 1340 μετὰ
2342 1270 2437 1341 τὴν
2475 1270 2640 1340 ζάλην
2662 1270 2810 1322 οὐδὲν
2846 1269 3073 1338 μεταξὺ,
3101 1268 3252 1339 παρὰ
3301 1270 3539 1321 τοσοῦτον
3567 1270 3694 1339 ήμῶν
3782 1296 3803 1311 ε

2172 1381 2228 1416 τε
2260 1366 2351 1415 καὶ
2393 1364 2484 1415 σοῦ
2509 1366 2569 1415 τὸ
2602 1362 2699 1430 τὴν
2725 1361 2819 1413 τοῦ
2849 1362 3079 1428 αἵματος
3132 1361 3322 1413 ἕνωσιν
3367 1361 3569 1415 διῖστῶν
3608 1364 3696 1414 τῶν

2174 1456 2429 1509 ἁπάντων
2466 1444 2791 1511 ἓστινόῖῗὸὲν
2812 1455 3040 1524 μεταξύ.
3069 1453 3134 1505 Τί
3158 1454 3264 1523 γὰρ
3287 1453 3351 1507 ἂν
3375 1454 3456 1523 εῐη
3474 1455 3525 1507 τὸ
3543 1454 3697 1508 πεῖσαι

2170 1548 2475 1617 δυνάμενον
2506 1548 2791 1617 σπλάγχνα
2827 1546 3044 1613 φύσεως
3070 1545 3161 1598 ὑπ’
3196 1545 3437 1616 ἀλλήλων
3464 1563 3520 1597 τε
3544 1548 3626 1599 καὶ
3646 1545 3700 1599 δι’

2173 1640 2417 1708 ἀλλήλων
2459 1641 2793 1708 ῥήγνυσθαι·
2850 1633 2926 1693 ὧν
2960 1641 3058 1708 τὴν
3116 1639 3422 1710 ἀπόρρητον
3463 1630 3700 1707 σύμπηξιν

2106 1776 2145 1832 Β
2178 1730 2335 1797 μόνος
2356 1724 2497 1782 οἶδεν
2518 1731 2545 1781 ὁ
2571 1729 2727 1798 ξυνδή
2740 1746 2832 1791 τας
2853 1729 3068 1790 ἀλύτοις
3094 1731 3211 1782 τισὶ
3242 1722 3336 1782 καὶ
3364 1728 3702 1798 ἀδαμαντίνοις

2175 1821 2429 1891 δεσμοῖς;
2472 1821 2544 1873 "H
2572 1820 2623 1872 τί
2667 1821 2774 1872 τῶν
2810 1819 2896 1889 ὑφ’
2928 1822 3061 1890 ἡλίῳ
3114 1821 3213 1871 καὶ
3244 1821 3363 1891 ἀέρι
3396 1819 3592 1873 πάντων
3619 1820 3702 1889 ἡδὺ

2176 1912 2461 1983 γένοιτ’ἂν
2490 1914 2599 1977 τοῖς
2636 1912 2885 1979 γονεῦσιν
2944 1910 3097 1981 ἡμῖν,
3163 1911 3262 1965 σοῦ
3318 1913 3389 1982 μὴ
3442 1915 3703 1983 παρόντοςς

2177 2007 2252 2069 ὡς
2281 2005 2375 2058 νῦν
2407 2023 2468 2074 γε
2491 2004 2635 2058 τοῦτ’
2668 2007 2813 2058 ἔστιν
2837 2005 2864 2058 ὃ
2899 2023 2966 2074 με
3000 2005 3243 2074 μάλιστα
3266 2004 3437 2068 ζῶσαν
3463 2005 3588 2073 μετά
3628 2002 3706 2056 τοῦ

2180 2098 2274 2150 σοῦ
2308 2098 2535 2166 κατάγει
2560 2096 2762 2166 πατρὸς
2797 2097 2876 2159 είς
2931 2096 3216 2165 πυθμένας
3252 2095 3396 2167 ᾅδου,
3422 2097 3499 2176 ὅτι
3552 2095 3607 2149 σύ
3655 2111 3708 2163 γε

2178 2190 2337 2261 ἡμῶν
2360 2191 2523 2243 ἓνεκα
2555 2188 2834 2251 τοιούτους
2864 2186 3095 2257 ἔθρεψας
3113 2190 3170 2241 ὲν
3198 2188 3405 2258 σεαυτῷ
3431 2186 3707 2256 λογισμούς.

2178 2285 2243 2337 Τί
2275 2283 2318 2336 δ’
2342 2283 2468 2337 ἄλλο
2492 2283 2600 2335 τῶν
2627 2281 2846 2334 πάντων
2869 2281 2957 2351 εἴη
3017 2280 3252 2334 θανάτου
3306 2281 3495 2342 παντὸς
3526 2277 3709 2347 γονεῦσι

2179 2374 2520 2444 πικρότερον,
2581 2372 2614 2443 ἢ
2675 2372 2883 2425 τέκνων
2946 2365 3363 2442 καταστροφὴ,’
3397 2372 3487 2424 καὶ
3536 2371 3711 2423 τέκνων

2174 2466 2403 2536 ἀγαθῶν
2426 2480 2441 2495 ⁶
2475 2460 2548 2519 ὧν
2582 2467 2616 2537 ἡ
2647 2467 2833 2535 μνήμη
2856 2464 2951 2516 καὶ
3004 2465 3143 2534 μόνη
3191 2464 3402 2527 τούτοις
3430 2462 3713 2534 δημιουργεῖ

2177 2558 2346 2628 πνοὴν
2374 2558 2467 2611 καὶ
2486 2557 2546 2610 τὸ
2603 2557 2819 2609 θάλλειν
2843 2558 2906 2609 ὲκ
2970 2556 3299 2631 περιουσίας
3349 2556 3610 2628 χαρίζεται
3655 2555 3710 2623 τῇ

2176 2651 2322 2721 ψυχῇ
2343 2668 2358 2715 ;
2376 2649 2694 2717 Ἀνάμεινον
2722 2646 2788 2713 δ’,
2806 2648 2853 2699 εί
2878 2646 3076 2717 βούλει,
3105 2648 3329 2717 μικρὸν,
3354 2648 3532 2717 μέχρις
3558 2647 3615 2699 ἀν
3636 2645 3713 2698 καὶ

2177 2743 2338 2803 αὐτὸς
2362 2742 2568 2794 τέκνων
2599 2740 2733 2811 γένῃ
2758 2742 2939 2810 πατήρ
2960 2755 2974 2769 ·
3008 2740 3103 2791 καὶ
3132 2741 3262 2792 τότε
3309 2738 3396 2791 διὰ
3428 2740 3519 2806 τῆς
3547 2738 3710 2806 πείρας

2178 2835 2300 2904 εἴσῃ
2340 2833 2543 2897 καλῶς,
2580 2832 2782 2901 ὁπόσην
2809 2830 2857 2882 oi
2920 2830 3178 2892 τεκόντες
3234 2828 3329 2882 τοῦ
3390 2830 3595 2897 φίλτρου
3630 2829 3710 2894 τὴν

2180 2924 2353 2993 φλόγα
2382 2922 2669 2992 βόσκουσιν
2721 2921 2778 2972 ὲν
2828 2919 3014 2988 μέσοις
3072 2920 3191 2981 τοῖς
3243 2918 3553 2987 σπλάγχνοις
3597 2916 3711 2983 ὑπὲρ

2177 3016 2287 3069 τῶν
2338 3017 2564 3068 τέκνων.
2621 3011 2735 3066 Νῦν
2789 3012 2896 3082 γὰρ
2942 3012 3042 3064 οὐκ
3091 3010 3225 3082 ἔχω,
3277 3013 3384 3064 τίσι
3429 3012 3710 3081 χρησαμένη

504 3099 628 3154 dico
655 3103 1042 3170 experientiam
1075 3116 1266 3157 nactus
1289 3106 1383 3158 sis.
1411 3107 1479 3158 At
1508 3114 1563 3159 ιιι
1596 3112 1784 3162 matris
1807 3110 2074 3182 lacrytnas

2178 3108 2354 3174 λόγοις
2385 3105 2595 3158 πείθειν
2628 3106 2691 3159 ἄν
2729 3120 2787 3157 σε
2813 3102 3078 3174 δυναίμην
3127 3105 3349 3171 τελέως,
3381 3107 3502 3178 πρὶν
3525 3110 3594 3167 si;
3632 3105 3713 3175 τὴν

506 3196 891 3265 ne'dcspice;
953 3213 1055 3251 nec
1111 3206 1163 3252 te
1226 3200 1386 3268 hujus
1443 3200 1585 3271 longi
1636 3201 1847 3255 itineris
1896 3205 2074 3273 capiat

504 3286 733 3350 oblivio,
769 3287 913 3354 quod
966 3304 1065 3357 ego
1111 3291 1186 3343 tui
1225 3307 1385 3344 causa
1418 3290 1582 3347 citius
1627 3295 1821 3362 qunvis
1852 3295 2074 3352 ιιοεετὶιιο

504 3379 767 3448 expedito
795 3379 1065 3435 coniicere
1096 3392 1151 3435 et
1180 3382 1488 3437 accelerare
1540 3385 1722 3439 studui
1750 3402 1766 3453 ;
1828 3403 1895 3443 ne
1930 3389 2078 3442 scili-

506 3481 594 3525 (ει-ι
627 3483 679 3526 te
731 3471 908 3541 ipsum
942 3473 1102 3527 caecis
1135 3474 1396 3542 periculis
1444 3478 1689 3531 irretircs
1711 3516 1726 3541 ,
1777 3488 1832 3532 ct
1866 3479 2073 3535 fumum

508 3562 722 3632 fugiens
754 3564 808 3616 in
858 3562 1041 3633 ignem
1096 3564 1366 3619 incideres
1394 3606 1407 3624 ,
1444 3568 1787 3637 periculique
1827 3570 2074 3625 umbram

508 3670 734 3721 cavens,
764 3672 885 3725 qua:
916 3658 969 3709 in
1002 3655 1213 3710 incerto
1261 3657 1431 3710 futuri
1467 3669 1614 3712 metu
1661 3670 1988 3735 verteretur,
2021 3663 2075 3716 in

507 3747 741 3817 abrupta
769 3755 819 3801 te
847 3747 1148 3817 praecipitia
1190 3746 1363 3813 palam
1400 3760 1566 3818 atque
1605 3750 1748 3804 ultro
1779 3751 2027 3806 mitteres
2058 3768 2073 3818 ;

509 3836 819 3908 cujusmodi
848 3837 1049 3891 malum
1085 3838 1244 3907 longe
1272 3838 1491 3907 gravius
1523 3851 1610 3894 est
1635 3855 1944 3910 quamqua:
1979 3857 2079 3895 no-

510 3930 750 3985 lentibus
788 3929 1083 3994 accidunt,
1136 3929 1319 4000 qualia
1361 3945 1482 3994 nos,
1532 3943 1592 3986 ut
1641 3932 1770 3995 scis.
1807 3949 1903 4003 per
1944 3935 2075 3989 illud

509 4022 833 4078 sexennium
869 4020 1045 4074 vexati
1107 4020 1467 4090 pertulimus;
1531 4037 1600 4076 nc
1646 4023 1886 4094 denique
1917 4025 2076 4095 ejus,

508 4128 674 4182 quam
709 4122 820 4167 tum
853 4111 1039 4182 ellugi,
1076 4112 1267 4195 mortis
1302 4122 1480 4167 tecum
1530 4114 1807 4184 particeps
1855 4127 2080 4187 prapter

510 4205 678 4275 810
700 4213 752 4258 te
780 4202 1183 4273 quodammodo
1210 4204 1432 4266 ﬁerem.
1485 4205 1628 4262 Sane
1664 4208 1866 4277 quibus
1892 4211 2082 4265 nolen-

495 4295 659 4370 tibus
689 4293 970 4348 calamitas
999 4296 1360 4364 supervenit,
1399 4312 1494 4351 eos
1525 4307 1707 4353 manet
1737 4301 1894 4355 venia
1926 4315 2101 4372 quae~'

509 4385 663 4447 dam,
694 4385 1033 4439 miserationi
1065 4389 1379 4456 conjuncta.
1430 4388 1645 4454 Quibus
1698 4403 1880 4447 autem
1915 4403 2080 4447 teme-

511 4476 671 4525 ritate
706 4487 804 4526 sua
841 4472 1085 4537 accidit,
1144 4484 1203 4528 ut
1251 4474 1517 4530 malorum
1575 4478 1755 4532 fontes
1795 4480 1899 4533 sibi
1944 4480 2077 4550 ipsis

510 4563 783 4628 foderent,
821 4563 889 4617 iis
932 4565 1205 4635 indignari
1252 4581 1319 4620 eo
1352 4582 1522 4637 magis
1548 4584 1762 4636 aequum
1794 4584 1899 4634 est,
1930 4573 2075 4641 quod

516 4673 585 4710 ne.
610 4671 708 4711 eos
747 4657 970 4726 quidem
1002 4659 1105 4711 sibi
1140 4659 1486 4729 relinquant,
1512 4661 1604 4729 qui
1630 4661 1755 4731 jure
1805 4675 1860 4718 ct
1885 4666 2081 4719 merito

513 4750 791 4804 misertnri
824 4750 956 4803 sint.
986 4748 1139 4814 Quod
1168 4751 1213 4803 si
1255 4751 1387 4803 mihi
1416 4753 1582 4805 multa
1613 4753 1667 4806 in
1698 4756 1931 4808 medium
1958 4772 2083 4824 pro-

512 4839 655 4893 feras
684 4849 931 4895 veterum
961 4841 1211 4910 exempla
1239 4881 1254 4905 ,
1314 4857 1436 4911 qua:
1479 4853 1530 4898 te
1574 4846 1642 4897 ad
1680 4845 1889 4900 sinules
1921 4861 2081 4902 casus

516 4922 839 4983 metuendos
896 4930 1259 4998 compellant,
1320 4941 1487 5000 atque
1545 4934 1689 4987 inter
1749 4946 1941 4988 caetera
1979 4935 2078 5002 id,

516 5021 660 5090 quod
696 5019 762 5075 de
792 5020 985 5076 Martio
1019 5021 1144 5088 illo,
1176 5023 1269 5092 qui
1307 5022 1490 5077 Romae
1527 5025 1654 5079 olim
1694 5025 1895 5081 bellum
1933 5028 2082 5081 intuo

518 5108 600 5178 lit,
636 5121 911 5178 narratur;
959 5115 1009 5167 ei
1052 5127 1247 5183 uernpe
1278 5117 1468 5170 matris
1492 5116 1755 5190 lacrynias
1782 5118 1835 5173 in
1870 5127 2078 5175 tantum

514 5206 693 5261 fraudi
720 5206 906 5270 fuisse,
945 5216 1004 5260 ιιι
1032 5223 1059 5259 a
1090 5207 1291 5276 quibus
1318 5211 1569 5263 coronari
1596 5226 1721 5264 cum
1755 5213 2078 5281 oportebat,

518 5300 588 5354 ab
622 5301 689 5353 i-is
728 5298 1054 5353 densissima
1102 5299 1343 5369 lapidum
1381 5302 1648 5371 grandine
1684 5303 1917 5359 obrutus
1946 5306 2083 5359 infe-

516 5391 779 5447 licissime
806 5388 1037 5456 obierit;
1082 5402 1365 5461 postquam
1398 5394 1463 5447 de
1496 5393 1586 5447 illo
1618 5410 1739 5448 vera
1760 5396 2038 5451 audiveris
2062 5437 2077 5461 ,

519 5484 801 5537 meliorem
824 5491 969 5537 certe
999 5483 1326 5537 sententiam
1351 5484 1722 5554 amplecteris.
1753 5485 2083 5543 Praeciderat

517 5575 623 5628 stbi
661 5576 750 5629 ille
786 5590 1003 5631 onmem
1051 5575 1423 5631 defensionem
1465 5594 1480 5632 :
1527 5579 1729 5634 nullam
1764 5580 1867 5635 sibi
1900 5581 1954 5635 in
1986 5596 2082 5651 po-

517 5674 725 5718 sterum
776 5681 926 5735 spcin
968 5666 1139 5721 veniae
1173 5667 1489 5737 reliquerat.
1523 5669 1728 5724 Aderat
1774 5670 1943 5739 igitur
1969 5673 2082 5724 sni-

520 5755 779 5824 metjpsc
808 5769 1113 5828 accusator,
1145 5770 1199 5817 et
1247 5760 1300 5815 in
1352 5761 1468 5832 ejus
1502 5761 1833 5817 conscientia
1870 5761 2077 5817 stiInuli

2175 3203 2283 3255 τῶν
2320 3201 2635 3270 λεγομένων
2683 3218 2741 3254 σε
2791 3203 2989 3273 πεῖραν
3019 3203 3273 3272 ἀφῖχθαι.
3307 3204 3397 3271 Μὴ
3427 3203 3486 3272 δὴ
3516 3199 3714 3272 παρίδῃς

2175 3293 2392 3363 δάκρυα.
2425 3294 2655 3363 μητρὸς,
2689 3291 2825 3362 μηδὲ
2881 3291 3081 3362 μόχθον
3110 3295 3171 3346 ὲν
3204 3294 3361 3364 -λήθῃ
3408 3293 3616 3364 ποιήσῃς
3639 3307 3713 3342 το-

2178 3384 2377 3454 σαύτης
2406 3382 2731 3453 ὁδοιπορίας,
2762 3382 2966 3453 ὁπόσην
3002 3381 3112 3450 ἐγὼ
3151 3382 3403 3437 διανῦσαι
3433 3382 3536 3436 ’καὶ
3561 3396 3717 3434 συντε-

2181 3479 2303 3545 μεῖν
2329 3473 2577 3545 τάχιονῆ
2616 3473 2756 3527 κατά
2782 3474 2961 3526 πάντα
2996 3474 3240 3541 εὔζωνον
3274 3475 3439 3545 ἄνδρα
3486 3470 3716 3544 προτεθύ·

2182 3581 2362 3634 μημαι
2390 3563 2480 3617 διὰ
2530 3564 2613 3630 σὲ,
2646 3563 2734 3616 ἴνα
2758 3562 2930 3632 δήπου
2989 3565 3066 3634 μὴ
3111 3565 3340 3619 σεαυτὸν
3390 3566 3717 3635 ἀτεκμάρτοις

2180 3654 2479 3726 περιϐάλῃς
2507 3652 2794 3722 κινδύνοις,
2851 3655 2946 3708 καὶ
2993 3656 3204 3709 καπνὸν
3253 3657 3466 3726 φεύγων
3517 3658 3589 3718 είς
3622 3653 3716 3722 πῦρ

2180 3747 2469 3817 ὲμπὲσης,
2522 3746 2617 3800 καὶ
2680 3746 2836 3799 σκιὰν
2896 3748 3301 3817 φυλαττόμενος
3364 3748 3621 3818 ὑποψίας,
3668 3746 3716 3797 ἐν

2178 3835 2360 3905 ἀδήλῳ
2390 3833 2675 3909 μέλλοντος
2706 3836 2873 3903 φόϐου
2898 3836 3343 3909 καλινδουμένην,
3372 3841 3448 3901 εἰς
3474 3835 3718 3906 κρημνοὺς

2179 3925 2486 3992 ἀποτόμους
2516 3925 2828 3996 περιφανῶς
2883 3926 3201 4000 συνωθήσῃς
3257 3931 3447 3982 σαυτὸν
3488 3921 3718 3994 ἑκοντὶ(δ

2178 4016 2272 4069 τοῦ
2336 4018 2592 4070 ἀκουσίου
2647 4020 2888 4082 πάθους⁹
2917 4022 3037 4074 ἐστὶ
3094 4023 3299 4093 μακρῷ
3351 4022 3716 4092 χαλεπώτερον,

2177 4110 2364 4162 ὁποῖον
2387 4112 2483 4163 καὶ
2505 4111 2638 4180 ἡμῖν
2670 4113 2761 4163 τὸν
2780 4111 2971 4181 ἑξαέτη
3000 4114 3191 4184 χρόνον
3221 4114 3495 4183 ἐξεγένετο
3519 4112 3719 4183 πάσχειν

2180 4202 2386 4253 ἐκεῖνον
2416 4201 2816 4272 ἐλαυνομένοις,
2849 4203 2924 4265 ὠς
2947 4220 3008 4270 γε
3067 4197 3229 4259 οῐσθα
3244 4221 3264 4275 )
3289 4208 3383 4259 καὶ
3400 4206 3458 4258 ὃν
3497 4205 3719 4272 διέφυγον

2181 4292 2300 4343 τότε
2332 4291 2582 4355 θάνατον,
2613 4293 2803 4346 τούτου
2836 4296 2932 4347 σὺν
2958 4296 3042 4349 σοὶ
3094 4296 3183 4350 διὰ
3239 4300 3298 4351 σέ
3361 4314 3474 4361 πως
3502 4312 3720 4366 παραπο-

2180 4382 2376 4435 λαῦσαι
2433 4400 2524 4453 μοι
2558 4385 2806 4454 γένηται.
2837 4382 2932 4450 Οἷς
2963 4388 3064 4456 μὲν
3098 4390 3209 4457 γὰρ
3266 4391 3539 4452 ἀκουαίοις
3569 4389 3721 4440 ἔπεισι

2185 4477 2251 4528 τὰ
2282 4477 2453 4540 δεινὰ,
2486 4476 2786 4546 συγγνώμη
2811 4495 2895 4540 τις
2922 4477 3111 4532 εἴωθεν
3135 4480 3305 4550 οἴκτῳ
3332 4477 3721 4550 συγκεκραμένη

2127 4633 2143 4649 .
2188 4567 2683 4632 συνεξακολουθεῖν.
2718 4562 2815 4630 Οἷς
2845 4568 2891 4621 δ’
2919 4568 2980 4632 ἐξ
3016 4569 3149 4631 ἰδίας
3176 4569 3437 4632 ἀϐουλίας
3466 4567 3720 4638 συμϐαίνει

2183 4661 2368 4727 πηγὰς
2400 4659 2714 4728 ἀνορύττειν
2744 4659 2932 4712 κακῶν
2963 4660 3197 4725 ἑαυτοῖς,
3232 4660 3484 4713 τοσοῦτον
3517 4657 3721 4729 νεμεσά-

2182 4751 2304 4804 σθαί
2337 4768 2517 4821 σφισιν
2552 4752 2719 4814 εἰκὸς,
2750 4753 2873 4804 ὅσον
2894 4752 3015 4805 ούδὲ
3064 4754 3188 4817 τοὺς
3222 4751 3540 4824 ἐλεήσοντας
3581 4767 3725 4805 κατα.

2181 4843 2543 4911 λιμπάνουσιν
2571 4845 2783 4908 ἑαυτοῖς
2816 4844 2910 4908 ξύν
2946 4861 3005 4915 γε
3035 4846 3180 4917 λόγῳ
3210 4847 3288 4916 τῷ
3341 4848 3616 4916 πρέποντι.
3671 4840 3723 4894 εἰ

2183 4937 2240 4990 δέ
2273 4955 2373 5008 μοι
2406 4937 2575 4991 πολλὰ
2605 4939 2714 4992 τῶν
2740 4939 2906 4993 πάλαι
2933 4939 3067 5010 πρὸς
3100 4940 3263 5009 μέσον
3298 4939 3448 5006 ἄγεις
3495 4935 3724 4999 ύποδειγ·

2184 5031 2393 5099 μάτων,
2419 5029 2589 5082 ὁπόσα
2613 5031 2746 5098 πρὶς
2772 5031 2899 5094 τοὺς
2919 5031 3133 5100 ὁμοίους
3163 5047 3222 5082 σε
3248 5029 3445 5100 φόϐους
3473 5028 3722 5095 ἐνάγουσίν

2182 5119 2280 5172 καὶ
2306 5118 2402 5184 ξύν
2424 5136 2486 5187 γε
2516 5122 2624 5181 τοῖς
2656 5120 2856 5181 ἄλλοις.
2886 5123 2969 5174 ὅτι
3002 5123 3095 5175 καὶ
3116 5120 3365 5192 Μάρκιον
3398 5122 3614 5181 ἐκεῖνον,
3645 5115 3723 5168 τὸν

2182 5214 2249 5282 τῇ
2284 5212 2452 5266 πάλαι
2518 5219 2973 5285 στρατηγήσαντα
3003 5213 3199 5287 Ῥώμῃ
3246 5213 3399 5276 ποτὲ,
3431 5213 3487 5275 ἐς
3532 5205 3723 5261 τοσόνδε

2180 5303 2250 5356 τά
2285 5305 2487 5374 μητρός
2518 5303 2719 5374 ἔσφηλε
2744 5303 2973 5373 δάκρυα,
2995 5305 3070 5367 ὡς
3094 5306 3315 5374 μυρίαις
3345 5298 3435 5370 ὑφ’
3456 5293 3528 5354 ὧν
3546 5314 3724 5364 στεφα-

2182 5393 2405 5448 νοῦσθαι
2463 5396 2626 5465 ἐχρῆν
2686 5395 3036 5463 καλυφθέντα
3101 5396 3267 5449 λίθων
3327 5394 3504 5459 βολαῖς
3557 5389 3721 5442 θανεῖν

2181 5486 2481 5558 δυστυχῶς,
2521 5487 2659 5543 ἀλλὰ
2715 5489 2925 5558 τάληθῆ
2986 5488 3112 5559 περί
3149 5505 3211 5555 γε
3265 5484 3486 5558 τάνδρὸς
3527 5477 3717 5535 ἐκείνου

2184 5579 2375 5651 μαθὼν
2402 5579 2497 5650 τὴν
2521 5581 2727 5650 ἀμείνω
2751 5579 2929 5649 κρίσιν
2953 5581 3092 5634 ἕλοιο
3116 5580 3198 5634 ἄν.
3238 5579 3422 5647 Πάσης
3470 5576 3571 5644 γὰρ
3596 5569 3721 5622 ἐκεῖ-

2182 5688 2268 5734 νος
2287 5670 2613 5745 ἀποκλείσει,
2638 5671 2827 5724 ἑαυτὸν
2849 5671 3160 5741 ἀπολογίας,
3189 5671 3284 5724 καὶ
3300 5669 3466 5741 θύραν
3480 5661 3715 5731 οὐδεμίαν

2186 5763 2523 5834 συγγνώμης
2554 5766 2673 5831 ταῖς
2706 5763 2989 5819 ἐπιούσαις
3045 5762 3441 5826 καταλελοιπὼς
3495 5755 3710 5813 ἐλπίσιν.
