3992 6202
296 274 431 348 1061

689 281 761 352 [ι.
799 297 848 336 c.
895 281 1053 353 ιδτιτ]

1309 287 1749 405 ΒΥΖΛΝΤΙΝἉξ
1789 286 2170 348 IIISTORLE
2215 287 2356 349 LIB.
2389 288 2542 348 XVI.
2621 287 2820 356 itur-1
2886 299 3179 341 ειικτολευι.
3235 288 3282 357 ι]
3401 288 3535 354 106:2

285 400 455 451 αὐτόν
478 399 655 469 ἐαυτῷ
693 403 998 471 κατήγορον
1035 406 1102 457 ἐκ
1129 401 1221 456 τοῦ
1267 404 1533 472 σύνεγγυς
1567 399 1729 474 εἶχε,’
1765 407 1846 458 καῖ

1961 404 2144 472 plures
2183 403 2330 456 infixi
2359 404 2573 472 penitus
2607 404 2932 458 insidebant.
2963 407 3256 474 Plerosque
3289 422 3448 474 agros
3478 417 3534 458 et

286 489 465 542 πολλὰ
480 493 599 553 ταῖς
616 493 708 544 τοῦ
735 494 1028 557 συνειδότος
1051 493 1264 568 [1’.510]
1288 499 1510 566 σκηναῖς
1530 497 1716 560 αὐλιζὸ
1725 499 1861 566 μενά

283 581 344 632 oi
374 598 448 632 πα
461 583 747 650 ραπέπηγε
775 584 995 654 κέντρα.
1029 587 1138 649 Τὰς
1166 587 1272 657 γάρ
1298 589 1553 650 πλείστας
1573 588 1861 658 Ῥωμαίων

282 675 474 742 χώρας
491 674 592 726 καὶ
622 677 806 739 πόλεις
834 676 1088 746 θᾶττονῆ
1139 679 1299 746 λόγος
1374 681 1708 750 ἀφελόμενος
1760 681 1860 742 τὰς

289 764 396 831 μὲν
426 767 536 825 τοῖς
564 765 823 829 ἐναντίοις
851 768 1158 837 ἐχαρίσατο,
1181 770 1278 833 τὰς
1304 771 1349 822 δ’
1375 771 1861 841 ἐξηνδραποδίσατο

282 857 387 907 καὶ
451 856 760 924 κατέσκαψε
823 858 1058 929 χεῖρονῆ
1093 861 1189 922 τὰς
1243 861 1426 930 Θήϐας
1491 862 1856 932 Ἀλέξανδρος.

282 948 404 999 Καὶ
452 948 540 1000 διὰ
593 948 750 1001 τοῦτο
816 951 1061 1020 Μάρκιος
1110 951 1325 1015 εὔελπις
1370 955 1568 1024 ἥκιστα
1594 951 1680 1025 ἦν,
1741 956 1860 1008 οὐδὲ

283 1038 527 1107 πάροδον
579 1041 718 1104 ὅλως
770 1045 850 1103 είς
887 1043 1067 1096 πίστιν
1124 1041 1268 1114 εἶχον
1300 1047 1418 1107 ταῖς
1451 1045 1738 1114 Ῥωμαίων
1760 1051 1859 1116 eo.

287 1133 420 1198 χαῖς
455 1134 508 1183 αί
557 1133 807 1202 Μαρκίου
873 1137 1188 1199 συνθέσεις·
1218 1138 1270 1189 οἵ
1317 1155 1374 1189 τε
1453 1139 1740 1209 Ῥωμαίων
1793 1139 1858 1192 αὗ

282 1221 542 1290 πολέμιοι
569 1224 897 1289 φρικώδεσιν
918 1226 1100 1296 ὅρκοις
1142 1228 1304 1281 αὑτὸν
1337 1230 1859 1299 προκατειληφότες,

281 1311 484 1364 ἔπειτα
524 1315 698 1381 μέγαν
723 1318 779 1380 ἐξ
800 1317 1058 1380 ἀσθενοῦς
1096 1321 1214 1382 ταῖς
1243 1320 1467 1382 οἰκείαις
1500 1313 1864 1390 ξυμμεμαχη-

236 1411 240 1416 ’
282 1408 448 1465 κότες
474 1405 769 1474 δυνάμεσιν
809 1409 1192 1480 ἐπεπράχεσαν
1216 1430 1227 1442 ·
1261 1411 1325 1472 ἃς
1377 1412 1547 1482 βραχύ
1580 1429 1632 1464 τι
1681 1431 1862 1483 παραο

281 1497 626 1566 κρούσασθαι
660 1499 746 1551 διὰ
781 1501 849 1552 τά
881 1503 1085 1572 μητρὸς
1108 1503 1261 1566 δόξας
1291 1504 1501 1574 δάκρυα
1539 1504 1726 1556 ἔλαθεν
1779 1508 1859 1568 είς

278 1589 414 1645 τοῦ,
445 1589 704 1656 ἐσχάτους
751 1591 1002 1660 ὀλέθρους
1042 1593 1381 1663 ὼλισθηκώς.
1415 1596 1486 1647 Σὺ
1514 1595 1558 1647 δ’
1583 1596 1704 1648 οὕτε
1731 1597 1860 1665 βλά-

281 1677 390 1747 ϐην
423 1681 533 1740 τοῖς
582 1678 872 1742 Ῥωμαίων
911 1683 1164 1751 οὐδεμίαν
1196 1686 1470 1755 παρέσχες
1511 1689 1855 1758 πράγμασιν,

277 1766 400 1818 οὗθ’
427 1768 610 1835 ὅρκοις
634 1769 810 1823 οὐδέσι
848 1771 1069 1841 δέσμιον
1098 1776 1324 1828 σεαυτὸν
1381 1777 1855 1846 προκατέστησας.
1891 1766 1911 1832 ξ

277 1858 475 1911 Ταῦτα
503 1861 609 1929 γάρ
639 1860 850 1916 ᾶπαντα
884 1866 1352 1934 προκατειληφυῖα
1389 1867 1726 1939 λαμπρῶςὴ
1758 1869 1858 1937 τῆς

275 1952 423 2017 ἐμῆς
459 1952 696 2018 ἀφίξεως
754 1956 1092 2024 ἀνεχαίτισεν
1135 1957 1272 2026 αῦτη
1328 1961 1561 2031 σπουδή·
1604 1961 1678 2024 ὡς
1719 1958 1858 2016 εἷναί

277 2057 369 2092 σοι
411 2043 575 2110 μηδὲν
620 2044 868 2111 ἐμποδὼν
913 2046 1020 2099 τῶν
1085 2047 1340 2100 ἁπάντων
1385 2052 1502 2111 ταῖς
1565 2053 1860 2122 μητρυιαῖς

278 2135 644 2200 παραινέσεσι
704 2135 1006 2192 πείθεσθαι.
1039 2137 1252 2192 Ἔπειθ’
1278 2141 1408 2211 δρᾷς
1465 2145 1562 2196 καὶ
1606 2146 1686 2205 είς
1733 2143 1856 2196 ὅσον

275 2223 386 2288 μὲν
419 2220 753 2291 βραχύτητος
804 2225 836 2294 ὴ
901 2224 1186 2295 Ῥωμαίων
1229 2229 1371 2299 ἀρχὴ
1414 2232 1734 2299 συνεστάλη,
1777 2235 1856 2298 είς

270 2315 406 2366 ερον
443 2313 498 2367 δὲ
544 2316 732 2378 πενίας
758 2317 827 2370 si
877 2317 1161 2387 Ῥωμαίων
1213 2321 1382 2393 ἐρρύη
1412 2322 1710 2393 πράγματα
1735 2342 1749 2357 '
1780 2326 1851 2389 ῶς

274 2405 426 2473 μηδέ
457 2404 635 2472 λέγειν
668 2406 889 2479 θαρρεῖν
921 2410 1094 2478 φειδοῖ
1149 2411 1249 2480 τῆς
1303 2413 1410 2467 τῶν
1467 2415 1853 2485 ἀκουσομένων

270 2494 485 2558 αἰδοῦς.
517 2497 708 2566 Ὅμως
733 2499 788 2564 ἐξ
822 2501 939 2560 ἐνός
974 2502 1038 2568 γέ
1072 2518 1165 2554 του
1211 2501 1438 2570 δηλώσω
1491 2523 1574 2557 σοι
1623 2508 1850 2576 τρόπου.

273 2587 461 2636 Ἰσασι
493 2585 591 2654 μὲν
614 2587 720 2657 γάρ
738 2589 844 2640 τῶν
884 2589 1170 2659 Ῥωμαίων
1193 2592 1286 2644 καὶ
1309 2591 1602 2664 βαρϐάρων
1624 2596 1673 2647 οἱ
1701 2595 1852 2648 πλεῖ-

269 2693 395 2730 στοι
427 2676 516 2730 τὸν
556 2677 780 2733 πλοῦτον
806 2680 910 2750 πρὸ
937 2682 1034 2750 τῆς
1069 2683 1379 2751 συγχύσεως
1414 2687 1508 2736 καὶ
1545 2686 1653 2738 τῶν
1677 2687 1840 2754 διωγ-

272 2768 402 2836 μῶν
449 2769 694 2833 ἐκείνων,
733 2771 928 2833 ὁπόσος
991 2773 1104 2836 τοῖς
1158 2775 1266 2834 σοῖς
1325 2774 1573 2842 γονεῦσιν
1611 2777 1850 2848 ὑπῆρχεν

266 2861 430 2928 ἡμῖν,
458 2859 516 2912 ἐν
546 2878 601 2912 τε
637 2863 826 2934 χρυσῷ
863 2864 956 2916 καὶ
987 2863 1216 2934 ἀργύρῳ
1245 2867 1339 2919 καὶ
1371 2867 1533 2919 λίθων
1563 2869 1656 2920 καὶ
1713 2888 1852 2939 μαρ-

266 2955 465 3022 γάρων
491 2956 828 3028 πολυτελείᾳ,
868 2955 924 3009 ἐν
951 2973 1009 3009 τε
1071 2959 1331 3026 ποίμναις
1393 2959 1486 3011 καὶ
1550 2961 1849 3030 βουκολίοις

1963 495 2124 548 nrbes
2160 494 2418 548 Romanis
2451 511 2574 549 cum
2604 497 2894 550 ademisset
2923 538 2937 561 ,
2987 498 3149 566 idque
3199 513 3407 551 summa
3441 514 3534 552 ce-

1962 585 2176 638 leritate
2203 625 2217 651 ,
2248 586 2444 654 partim
2489 586 2736 640 hostibus
2765 598 3130 650 concesserat.
3163 588 3355 657 partim
3391 589 3528 640 diri-

1964 684 2178 744 puerat,
2212 689 2267 731 et
2299 677 2474 746 pejus,
2525 694 2686 746 quam
2742 679 2958 733 Thebas
2986 680 3308 742 Alexander,
3352 688 3535 731 vasta-

1963 779 2138 820 verat.
2199 767 2411 822 Idcirco
2451 770 2736 822 minimum
2791 780 2907 823 erat
2939 772 3128 824 Martio
3179 771 3330 824 bona:
3375 771 3530 839 spei;

1961 870 2139 923 neque
2175 855 2324 909 illius
2381 858 2664 924 pactiones
2719 860 2858 924 apud
2916 860 3282 911 Romanorum
3315 862 3532 911 animos

1961 947 2167 998 aditum
2202 947 2370 1000 ullum
2401 947 2673 1002 habebant
2702 949 2766 1001 ad
2803 949 2958 1001 Iidem
2986 950 3395 1017 acquirendam.
3425 949 3530 1002 llo-

1964 1053 2250 1092 manorum
2305 1056 2437 1093 vero
2498 1041 2682 1096 hostes
2741 1043 2992 1094 cinmlein
3051 1042 3341 1096 horrendis
3384 1043 3534 1110 jura-

1962 1131 2162 1184 mentis
2196 1131 2432 1198 primum
2464 1133 2870 1187 obstrinxerant
2893 1173 2905 1195 ,
2942 1133 3138 1187 deinde
3167 1133 3282 1187 suis
3321 1127 3533 1187 viribus

1964 1221 2212 1290 adjutum
2263 1239 2328 1276 ex
2357 1223 2547 1276 humili
2578 1240 2830 1294 magnum
2864 1225 3182 1278 eiiccerant.
3216 1224 3402 1293 Itaque
3437 1225 3527 1278 ille.

1961 1323 2188 1380 propter
2244 1315 2436 1367 matris
2493 1315 2762 1384 laerymas
2811 1332 2934 1368 cum
2985 1331 3080 1368 eos
3131 1315 3529 1383 aliquantulum

1960 1403 2120 1472 811
2156 1405 2305 1457 visus
2333 1414 2475 1458 esset
2507 1406 2759 1467 elusisse,
2820 1407 2870 1458 in
2909 1405 3096 1458 ultima
3145 1405 3283 1457 mala
3319 1405 3534 1472 impru-

1968 1494 2105 1546 dens
2151 1495 2403 1562 delapsus
2431 1505 2534 1548 est.
2568 1496 2648 1548 Tu
2682 1513 2812 1549 vero
2857 1513 2954 1549 nec
3005 1495 3318 1548 detrimenti
3375 1497 3533 1564 quid-

1961 1599 2122 1652 quam
2155 1583 2233 1638 rei
2268 1584 2524 1638 llomanze
2549 1587 2800 1648 attulisti,
2832 1601 2930 1639 nec
2969 1597 3017 1640 te
3056 1586 3177 1638 ullis
3205 1585 3530 1653 juramentis

1965 1675 2352 1748 praepedivisti.
2405 1677 2508 1730 Ista
2545 1680 2689 1732 enim
2721 1681 2900 1732 omnia
2949 1680 3105 1744 plane
3138 1681 3435 1731 antevertit
3473 1687 3529 1731 ct

1962 1761 2203 1816 inhibuit
2233 1765 2504 1820 adventus
2536 1771 2640 1821 mei
2673 1770 2964 1830 celeritas;
3005 1769 3074 1822 ita
3110 1777 3167 1820 ut
3202 1768 3334 1820 nihil
3366 1766 3528 1834 quiil-

1963 1870 2123 1924 quam
2185 1857 2282 1911 tibi
2319 1858 2520 1922 obstet,
2569 1856 2864 1929 quominus
2901 1859 3092 1911 matris
3129 1857 3527 1911 exhortationi-

1962 1944 2064 1997 bus
2105 1961 2315 2013 pareas.
2363 1946 2523 2000 Vides
2585 1955 2878 2015 pneterea,
2929 1962 3089 2013 quam
3151 1947 3204 1999 in
3236 1955 3524 2014 angustum

1962 2045 2238 2090 contracta
2296 2037 2458 2106 hujus
2512 2038 2725 2106 imperii
2768 2037 3082 2106 magnitudo
3113 2076 3126 2098 .
3187 2053 3295 2106 quo
3329 2038 3526 2106 inopia:

1960 2118 2179 2181 redacta
2225 2129 2296 2182 sit
2343 2128 2585 2182 Romana
2622 2144 2730 2181 res.
2764 2127 2966 2182 Vereor
3011 2128 3262 2196 equidem
3297 2129 3481 2183 dicere
3506 2167 3524 2191 ,

1961 2229 2019 2272 ut
2047 2219 2389 2272 audientium
2425 2221 2617 2288 pudori
2650 2235 2890 2289 parcam.
2927 2219 3131 2274 'l‘amen
3173 2221 3227 2274 id
3285 2222 3380 2275 tibi
3415 2238 3524 2276 una

1959 2325 2016 2364 re
2049 2311 2362 2364 declarabo.
2406 2312 2624 2365 Norunt
2657 2311 3024 2364 Romanorum
3059 2322 3135 2366 et
3164 2311 3523 2367 [barbarorum

1955 2399 2230 2470 plerique,
2265 2411 2483 2470 quanta}
2515 2401 2677 2454 nobis
2718 2401 3045 2469 parentibus
3078 2403 3186 2456 tuis
3215 2418 3367 2471 opes,
3397 2417 3524 2459 ante

1955 2491 2334 2546 confusionem
2391 2504 2701 2561 temporum
2739 2502 2794 2546 et
2840 2492 3208 2547 calamitosam
3259 2493 3402 2546 illam
3439 2494 3525 2547 fu-

1955 2597 2098 2650 gam,
2155 2584 2204 2635 in
2252 2599 2388 2636 auro
2417 2584 2650 2645 fuerint,
2709 2583 2768 2636 in
2803 2593 3032 2652 argento
3056 2623 3071 2646 ,
3127 2582 3180 2636 in
3210 2585 3437 2653 gemmis
3466 2595 3523 2639 et

1955 2673 2265 2743 margaritis
2299 2674 2732 2742 pretiosissimis,
2773 2674 2824 2726 in
2852 2674 3106 2744 gregibus
3138 2684 3194 2728 et
3231 2677 3520 2740 armentis,

1953 2765 2188 2834 denique
2236 2768 2286 2819 in
2327 2767 2536 2820 inlinita
2568 2766 2941 2834 quorumlibet
2966 2765 3199 2819 altilium
3231 2781 3519 2835 pecorum-

1951 2872 2056 2926 que
2090 2860 2160 2910 vi.
2188 2857 2399 2911 Norunt
2423 2857 2588 2911 etiam
2614 2856 2834 2925 plurimi
2861 2873 2925 2910 ex
2960 2859 3044 2922 iis,
3073 2858 3164 2927 qui
3185 2858 3518 2923 hicadsunt,

1951 2959 2084 3016 quot
2129 2949 2424 3016 apothecas
2476 2947 2622 3000 omni
2681 2963 2878 3016 genere
2911 2963 3106 3001 earum
3145 2963 3350 3011 rerum,
3382 2961 3520 3016 quas

266 3045 373 3098 καὶ
397 3047 620 3114 μυριάσι
655 3047 921 3100 παντοίων
954 3047 1284 3118 θρεμμάτων
1311 3051 1403 3103 καὶ
1461 3051 1841 3122 βοσκημάτων.

1953 3051 2092 3093 terra
2142 3040 2348 3110 gignit,
2398 3039 2803 3104 redundantes;
2855 3057 2975 3109 qua:
3025 3040 3263 3103 horrea,
3319 3041 3518 3094 annuis

271 3138 528 3191 Ἶσασιδέ
563 3136 790 3192 καὶτῶν
843 3139 1205 3208 παρεστώτων
1235 3143 1282 3194 oi
1351 3140 1572 3204 πλείους
1616 3143 1677 3196 τὸ
1735 3150 1843 3196 τῶν

265 3232 557 3299 ἡμετέρων
582 3229 779 3299 πλῆθος
803 3230 1116 3298 ἀποθηκῶν,
1139 3231 1195 3284 αἳ
1223 3235 1334 3296 τοῖς
1372 3235 1434 3287 ἐκ
1486 3233 1590 3302 γῆς
1643 3237 1842 3288 παντο’

264 3323 462 3384 δαποῐς
491 3326 823 3394 γεννήμασιν
870 3321 1308 3393 ύπερεξεχέοντο,
1357 3327 1452 3377 καὶ
1497 3325 1566 3378 τά
1620 3329 1842 3394 ταμιεῖα

263 3415 474 3477 ἐκεῖνα,
504 3415 674 3468 ὁπόσα
701 3413 951 3484 βρίθοντα
976 3417 1168 3487 κομιδῇ
1192 3419 1304 3480 τοῖς
1337 3417 1570 3486 ἐτησίοις
1603 3421 1838 3486 καρποῖς

263 3522 329 3557 τε
367 3506 460 3558 καὶ
492 3507 780 3576 θησαυροῖς
815 3507 1302 3578 ὲστενοχωροῦντο.
1333 3507 1444 3576 Τῆς
1472 3507 1528 3560 δὲ
1557 3507 1676 3560 καθ’
1704 3509 1843 3576 ἡμέ-

267 3611 375 3663 ραν
393 3594 628 3664 ἑκάστην
645 3596 922 3666 τραπέζης
947 3597 1046 3664 τὴν
1069 3595 1330 3664 ἀφθονίαν
1352 3597 1444 3648 καὶ
1469 3595 1838 3657 πολυτέλειαν,

263 3685 406 3737 ἀλλὰ
441 3686 537 3737 καὶ
553 3685 755 3755 ταύτην
779 3687 892 3739 ὅσοι
937 3688 1186 3756 μετεῖχον
1215 3687 1427 3757 ἐκείνης
1479 3686 1571 3739 καὶ
1619 3703 1840 3755 παραπ-

262 3777 482 3840 ἑλαυον,
511 3777 687 3831 ῐσασιν
715 3777 976 3843 ἅπαντες,
1017 3778 1086 3831 τά
1109 3795 1169 3831 τε
1201 3780 1335 3833 ἄλλα
1360 3778 1454 3852 καὶ·
1473 3777 1547 3840 ὡς
1573 3777 1681 3830 οὐδ’
1713 3779 1839 3846 ἄχρι

262 3871 365 3920 καὶ
390 3869 445 3930 ἐς
479 3869 542 3922 τὸ
574 3869 668 3922 τοῦ
701 3869 924 3922 δεκάτου
954 3869 1117 3940 μέρος
1143 3871 1354 3938 ἐκείνης
1389 3871 1615 3939 ἀνήκειν
1642 3870 1710 3920 τὰ
1737 3869 1837 3937 τῆς

264 3961 556 4030 βασιλικῆς
591 3963 724 4030 ἡμῖν
755 3962 1037 4030 τραπέζης
1065 3961 1290 4014 δύναται
1343 3961 1599 4030 τήμερον.
1650 3960 1836 4022 Οὕτως

261 4053 508 4114 ἀσθενῶς
540 4053 688 4122 ἔσχε,
713 4054 808 4104 καὶ
828 4055 884 4115 ἐς
917 4051 1171 4105 τοσοῦτον
1225 4051 1376 4124 ἔρρει
1409 4053 1502 4105 καὶ
1552 4053 1838 4122 κατενήνε-

261 4163 395 4197 attat
419 4145 704 4214 δυστυχίας
757 4144 824 4197 τὰ
865 4144 1151 4213 Ῥωμαίων
1182 4144 1481 4214 πράγματα
1513 4142 1831 4212 προφανῶςο

262 4235 345 4296 ὡς
379 4235 574 4298 ἐξεῖναι
605 4234 830 4286 σκοπεῖν
863 4250 944 4298 σε,
985 4232 1318 4300 γλυκύτατε,
1351 4232 1404 4285 τί
1431 4230 1833 4294 καταλελοιπὼς

264 4327 350 4396 τῷ
379 4326 547 4396 πατρὶ
576 4327 797 4389 καὶτοῖς
820 4343 880 4390 γε
907 4324 1044 4394 ἀμφ’
1073 4324 1232 4377 αὐτὸν
1263 4323 1394 4392 ὁμοῦ
1426 4325 1520 4376 καὶ
1545 4323 1641 4376 σὺν
1666 4321 1830 4391 αὐτῷ,

265 4418 322 4468 τί
354 4416 475 4468 ποτ’
505 4419 570 4469 ἂν
595 4415 779 4478 λάϐοις
812 4416 970 4478 αὐτὸς
1031 4414 1134 4466 ίδία
1175 4413 1311 4483 πρὸς
1349 4414 1607 4482 εὐπορίαν
1643 4413 1724 4466 σοί
1776 4430 1834 4464 τε

264 4511 365 4562 καὶ
401 4512 512 4572 τοῖς
545 4526 609 4577 γε
667 4510 809 4576 ἀμφὶ
859 4507 918 4559 σὲ
966 4506 1350 4574 στρατιώταις.
1384 4503 1519 4557 Οὔτε
1569 4505 1677 4573 γάρ
1710 4503 1834 4557 ἄνευ

260 4598 445 4652 ὅπλων
471 4600 563 4651 καὶ
587 4597 990 4665 στρατιωτικῶν
1014 4597 1296 4663 δυνάμεων
1313 4595 1534 4648 δυνατὸν
1557 4593 1836 4663 βασιλείαν

266 4688 643 4750 συνίστασθαι,
670 4687 765 4738 καὶ
792 4687 1025 4754 μάλιστα
1067 4684 1165 4754 τὴν
1199 4687 1261 4734 ἐκ
1286 4681 1652 4754 νεωτερισμοῦ
1670 4697 1684 4711 ο
1712 4681 1834 4734 οὔτε

264 4783 562 4850 χρημάτων
592 4778 742 4842 ἄνευ,
765 4777 827 4830 τό
849 4794 913 4844 γε
943 4776 1126 4844 μεῖζον
1155 4777 1348 4838 εἰπεῖν,
1379 4774 1516 4828 ὅπλα
1550 4774 1645 4825 καὶ
1671 4788 1834 4842 στρα-

216 4935 230 4945 ,
263 4876 524 4936 τιωτικάς
579 4874 724 4934 εἰκὸς
771 4871 1116 4940 ἁθροίζεσθαι
1158 4869 1433 4936 δυνάμεις.
1483 4863 1834 4935 Στρατιωτῶν

264 4967 378 5036 γάρ
399 4965 528 5019 ἄνευ
547 4965 714 5018 ἐνίοτε
742 4963 951 5033 μεγάλα
977 4963 1068 5014 καὶ
1086 4960 1209 5014 καθ’
1233 4961 1394 5012 αὑτὸν
1422 4958 1671 5027 ἰσχύοντα
1700 4961 1831 5008 πάν-

264 5073 359 5119 τες
388 5059 536 5108 ἴσασι
574 5057 665 5107 τὸν
697 5054 922 5123 χρυσὸν,
948 5053 1042 5105 καὶ
1071 5053 1246 5120 πάσης
1273 5049 1426 5120 [Ρ.5Ι
1445 5047 1834 5119 ι]Ἐλεπόλεως

269 5148 461 5216 μείζω.
489 5145 625 5215 Πρὶν
653 5147 762 5214 γάρ
791 5143 1070 5195 αἰσθέσθαι
1098 5143 1220 5200 τοῦς
1248 5139 1485 5202 πλείους,
1521 5138 1831 5205 εὑρίσκεται

266 5240 531 5298 πολλάκις
563 5237 757 5306 ρᾳδίω,
787 5234 1149 5304 προδεδομένη
1190 5235 1299 5291 τοῖς
1326 5230 1602 5297 πολεμίοις
1626 5230 1832 5299 ἡπόλις

263 5329 355 5380 διὰ
385 5328 605 5398 χρυσόν.
630 5321 803 5379 Οἶσθα
824 5325 870 5374 δ’
892 5319 960 5375 αὖ
984 5331 1073 5373 καί
1093 5323 1212 5382 ὅσος
1235 5321 1298 5371 ἐκ
1318 5319 1425 5371 τῶν
1459 5316 1830 5387 στρατοπέδων

265 5423 378 5483 τοῖς
450 5422 678 5487 ἄγουσιν
731 5417 884 5486 ὄχλος
940 5414 1078 5484 μετὰ
1126 5411 1382 5464 κινδύνων
1418 5410 1628 5472 ἕπεται,
1691 5409 1828 5477 μήτε

265 5511 515 5582 πολέμων
543 5509 848 5578 παρόντων,
886 5505 1019 5575 μήτε
1052 5501 1258 5572 μισθῶν
1306 5500 1596 5568 διδομένων
1625 5498 1826 5560 αὐτοῖς.

268 5596 361 5662 Οἷς
391 5601 496 5669 γὰρ
522 5598 802 5669 ὁρίζεσθαι
832 5597 922 5648 τὸν
957 5594 1070 5663 βίον
1097 5595 1153 5645 ἐν
1181 5592 1260 5663 τῷ
1294 5590 1484 5660 μισθοῦ
1537 5587 1824 5658 στρατεύε-

1949 3130 2220 3183 fructibus
2246 3139 2300 3184 et
2330 3132 2542 3182 acervis
2587 3129 2810 3198 gravida
2846 3139 2902 3183 et
2931 3139 3226 3193 coarctata,
3255 3130 3518 3184 habueri-

1945 3237 2088 3276 mus.
2120 3221 2238 3276 Jam
2273 3214 2340 3276 de
2370 3221 2587 3275 lautitia
2619 3231 2673 3275 et
2716 3223 3115 3291 magniﬁcentia
3155 3237 3355 3276 mensa:
3377 3238 3517 3291 quo-

1955 3311 2196 3371 tidianae,
2248 3311 2343 3379 qui
2391 3312 2507 3379 ejus
2537 3312 2831 3380 participes
2865 3313 3148 3366 nobiscum
3201 3295 3443 3372 fuerunt,
3478 3311 3515 3368 ii

1943 3401 2129 3454 sciunt
2162 3415 2286 3454 cum
2319 3400 2451 3462 alia,
2493 3409 2607 3453 tum
2637 3415 2738 3453 nec
2769 3401 2834 3452 ad
2866 3401 3133 3455 decimam
3165 3413 3371 3469 partem
3399 3404 3514 3472 pri-
3595 3388 3599 3391 ’

1942 3493 2100 3546 stinte
2126 3491 2274 3545 illius
2305 3489 2722 3559 magniﬁcentia:
2748 3505 2906 3560 posse
2940 3492 3192 3560 progredi
3225 3507 3322 3544 eos
3365 3508 3514 3544 smu-

1941 3594 2072 3652 ptus
2101 3620 2116 3644 .
2171 3581 2268 3649 qui
2308 3583 2360 3633 in
2394 3596 2636 3634 mensam
2672 3580 3074 3648 imperatoriam
3107 3579 3269 3633 hodie
3299 3595 3327 3632 a
3357 3582 3515 3635 nobis

1943 3674 2081 3727 ﬁunt
2105 3711 2120 3736 ,
2156 3687 2331 3741 usque
2384 3686 2450 3726 eo
2504 3671 2802 3724 debilitata:
2827 3710 2841 3734 ,
2892 3687 2958 3724 eo
2991 3671 3320 3725 calamitatis
3348 3671 3512 3738 lapsa:

1940 3774 2069 3819 sunt
2097 3780 2161 3819 ac
2187 3765 2450 3818 demersa:
2487 3763 2663 3832 palam
2698 3777 2788 3816 res
2829 3762 3106 3815 Romanae.
3141 3763 3300 3816 Potes
3337 3779 3504 3827 nunc,

1937 3853 2270 3916 dulcissime,
2319 3851 2626 3920 expendere
2657 3889 2670 3912 ,
2721 3849 2851 3918 quid
2883 3859 2936 3901 et
2978 3848 3142 3917 patri,
3184 3857 3242 3902 et
3283 3847 3349 3902 iis
3376 3862 3514 3916 quos

1936 3960 2122 4001 secum
2154 3960 2218 3997 ac
2246 3943 2392 3997 circa
2427 3959 2484 3996 se
2535 3942 2719 4004 habet,
2762 3941 2930 4010 812,
2958 3928 3306 4010 relinquens,
3351 3940 3512 4008 quid-

1935 4052 2060 4090 nam
2095 4049 2344 4090 seorsum
2379 4034 2497 4102 ipse
2534 4033 2766 4088 “tandem
2801 4033 3094 4085 habiturus
3129 4033 3240 4088 sis.
3272 4031 3416 4101 quod
3449 4041 3505 4082 et

1936 4129 2032 4182 tibi
2057 4137 2112 4181 et
2148 4127 2256 4180 tuis
2287 4125 2554 4179 militibus
2587 4123 2660 4178 sit
2690 4123 2846 4177 satis.
2875 4122 2986 4176 Nec
3030 4121 3318 4176 enimsine
3341 4123 3510 4175 armis

1935 4217 2386 4285 militaribusque
2426 4214 2600 4283 c0piis
2664 4214 3000 4268 constituere
3065 4213 3353 4282 imperium
3403 4213 3510 4266 sili

1935 4310 2227 4378 quisquam
2276 4316 2492 4376 potest,
2540 4305 2841 4375 praisertim
2879 4303 2924 4357 si
2961 4304 3013 4356 id
3055 4319 3152 4372 per
3197 4320 3365 4359 novas
3421 4322 3509 4359 res

1865 4419 1912 4476 ι)
1940 4411 2147 4470 quaerat
2177 4417 2192 4453 :
2226 4415 2350 4464 nec,
2383 4400 2528 4467 quod
2577 4399 2752 4468 majus
2794 4405 2899 4457 est,
2947 4411 3099 4448 arma
3135 4395 3505 4460 militaresqne

1939 4496 2110 4562 copiae
2137 4491 2399 4545 videntur
2435 4491 2617 4559 parari
2651 4503 2809 4557 posse
2869 4487 2986 4540 sine
3037 4487 3287 4555 pecunia.
3335 4487 3506 4540 Nemo

1937 4584 2151 4638 scilicet
2182 4583 2284 4636 hoe
2315 4583 2518 4644 nescit,
2553 4581 2726 4648 ipsum
2765 4595 2858 4647 per
2889 4594 2947 4631 se
2971 4593 3164 4630 aurum
3192 4577 3359 4629 inulta
3386 4578 3504 4630 sine

1937 4674 2203 4726 militibus
2255 4687 2450 4739 posse,
2502 4673 2614 4724 imo
2665 4672 2927 4735 majorem
2973 4683 3133 4734 quam
3169 4675 3502 4720 tormentum

1936 4763 2106 4816 ullum
2158 4763 2362 4815 murale
2413 4761 2519 4813 vim
2577 4759 2776 4814 habere
2807 4776 2822 4810 :
2857 4767 2911 4812 et
2975 4767 3314 4824 compertum
3361 4771 3504 4824 sa-pe
3539 4809 3559 4823 ς

1933 4863 2040 4918 est,
2103 4853 2294 4906 urbem
2349 4858 2574 4920 propter
2630 4865 2866 4908 aurum.
2907 4857 3200 4914 antequam
3256 4846 3502 4914 plerique

1932 4943 2272 5003 sensissent,
2308 4941 2461 4994 nullo
2505 4940 2689 4993 labore
2722 4938 2971 4992 hostibus
3014 4936 3280 5006 proditam
3311 4934 3500 4988 fuisse.

1934 5035 2056 5088 Scis
2112 5032 2387 5101 denique,
2428 5040 2693 5099 quantum
2733 5029 2998 5083 molestiae
3035 5037 3091 5080 et
3136 5027 3499 5096 periculorum

1932 5125 2002 5178 ab
2027 5123 2362 5178 exercitibus
2397 5121 2666 5175 redundet
2695 5123 2746 5173 in
2774 5119 2964 5183 duces,
2999 5133 3124 5172 cum
3154 5133 3255 5172 nec
3299 5118 3497 5171 bellum

1931 5218 2164 5288 geritur,
2194 5230 2296 5269 nec
2331 5213 2614 5282 stipendia
2651 5203 3060 5282 persolvuntur.
3090 5212 3223 5266 Nam
3263 5213 3354 5278 qui
3384 5225 3497 5262 rem

1933 5310 2318 5376 fortunamque
2347 5319 2566 5359 omnem
2598 5304 2704 5359 sibi
2733 5304 2786 5358 in
2811 5305 3100 5374 stipendiis
3126 5303 3362 5373 positam
3378 5314 3501 5353 esse

1931 5400 2274 5469 intelligunt.
2309 5411 2404 5453 eos
2429 5411 2659 5450 necesse
2691 5404 2773 5449 est
2812 5405 2868 5449 et
2894 5395 3097 5449 bellum
3131 5392 3301 5446 multo
3337 5389 3500 5444 malle

1930 5507 2090 5562 quam
2127 5504 2336 5557 pacem,
2369 5499 2424 5542 et
2472 5503 2660 5556 pacem
2695 5487 2864 5539 multo
2903 5501 3067 5554 quam
3114 5483 3314 5537 bellum
3344 5483 3498 5553 pejo-

1931 5597 2042 5634 rem
2085 5578 2362 5632 arbitrari.
2397 5577 2464 5631 lis
2493 5576 2762 5645 siquidem
2803 5575 3007 5628 bellum
3051 5590 3158 5627 non
3189 5573 3367 5627 solum
3398 5587 3493 5626 ac-

273 5693 395 5746 σθαι
425 5693 624 5756 ἔπεισι,
659 5689 864 5750 τούτοις
894 5686 1108 5753 ἀνάγκη
1136 5685 1232 5737 καὶ
1283 5683 1372 5738 τὸν
1437 5681 1534 5752 μὲν
1593 5681 1824 5748 πόλεμον

1947 5670 2167 5743 :ipiendi
2209 5669 2508 5739 stipendii,
2549 5668 2644 5724 sed
2689 5675 2745 5724 et
2773 5666 2967 5738 przedae
3001 5682 3094 5735 per
3117 5665 3226 5719 vim
3273 5663 3498 5735 agenda:
