3944 6206
211 244 346 309 1065
557 238 632 312 [Α.
673 254 722 294 c.
773 237 934 312 1547]

1148 243 1586 308 ΒΥΖΑΝΤΙΜ
1621 245 2003 326 msronm:
2030 245 2172 309 LIB.
2217 245 2364 311 xvx.

3223 209 3230 214 ’
3299 243 3436 308 1066

2495 240 2630 314 [nm
2670 257 2714 298 ι.
2755 256 3050 299 ελητλευῑ.
3094 239 3146 314 l]

199 361 362 430 μοσία
393 359 528 430 διῄει
555 359 712 413 πάντ’
739 359 847 412 ἀπὸ
903 359 1169 430 στόματος
1219 363 1518 434 ἀποτάδην,
1574 363 1765 435 ῶσπερ

1873 352 1957 418 nia
2003 364 2305 420 continenti
2343 364 2592 419 oratione
2623 363 2841 433 publice
2875 362 2956 418 sic
3006 357 3434 433 pronuntiabat,

197 453 303 508 ἀπὸ
333 453 563 521 βιϐλίου,
621 453 846 523 μηδαμῆ
894 470 1026 506 ποτε
1079 455 1216 523 μήτε
1249 455 1494 528 γλώττης
1545 457 1763 526 ἐνιαχοῦ

197 547 282 598 δια
317 546 488 615 λήθην
527 545 905 615 ἀκροσφαλοῦς
949 550 1266 618 γινομένης,
1329 549 1471 619 μήτε
1507 550 1606 618 τῆς
1650 549 1770 602 διας

197 639 345 702 νοίας
382 637 767 709 ὑστεριζούσης
791 638 930 692 κατά
955 639 1054 706 τὴν
1111 642 1220 694 τῶν
1275 640 1584 710 λεγομένων
1632 641 1767 712 πρό-

195 732 334 785 οδον·
388 731 503 785 ἀλλ’
567 732 755 800 ῶσπερ
795 733 852 784 ὲν
881 731 1114 803 ἁρμονίᾳ
1162 731 1255 784 καὶ
1283 731 1444 802 λύρᾳ,
1474 731 1770 802 συνηχούνο

193 840 304 874 των
351 823 406 885 ἐς
445 823 504 875 τδ
554 821 692 876 πάνυ
721 838 804 874 τοι
833 821 1031 890 εὐφυὲς
1078 821 1173 876 καὶ
1219 821 1591 894 ἀπεξεσμένον
1655 825 1767 894 ἀμ·

194 915 338 978 φοίν.

266 1003 343 1056 B'.
370 1001 584 1054 Τούτων
617 1003 662 1056 δ’
687 1001 856 1068 οὑτως
883 1005 1136 1074 ἑχόντων,
1191 1006 1297 1079 ίδίᾳ
1330 1009 1685 1080 παρειληφὼς
1737 1013 1766 1066 ό

194 1094 446 1164 βασιλεὺς
469 1098 583 1148 ἐκεῖ
613 1096 702 1148 τὸν
729 1096 863 1160 υίδν,
896 1097 1071 1165 λόγων
1113 1115 1172 1150 τε
1209 1099 1390 1154 πειθοῖ
1419 1100 1515 1154 καὶ
1566 1120 1766 1174 πατρι-

191 1189 308 1239 κῶν
365 1187 620 1249 ἀϐύσσοις
665 1189 1057 1257 παραινέσεων,
1107 1187 1382 1257 λογισμῶν
1439 1207 1500 1244 τε
1540 1192 1767 1246 ἐκείνων

192 1279 516 1346 ὑπέρτερον,
565 1277 754 1332 ὁπόσοι
805 1280 1031 1350 πλήρεις
1091 1281 1198 1334 τῶν
1265 1281 1564 1350 μελλόντων
1625 1279 1770 1355 ἦσαν

191 1372 395 1439 φόΰων,
425 1369 663 1434 ἔπραττε
695 1373 784 1423 και
830 1371 945 1441 ἅμα
989 1373 1087 1442 τῆς
1151 1371 1441 1440 Ῥωμαίων
1470 1374 1764 1445 ἡγεμονίας

191 1462 603 1532 ἀποτεμόμενος
642 1461 808 1531 μέρος
834 1462 1222 1533 (81)ἡγεῖσθαι
1285 1464 1374 1533 διὰ
1421 1463 1538 1533 βίου
1570 1467 1765 1534 παρει-

192 1571 306 1623 χεν,
339 1555 500 1608 οἱονεί
543 1571 666 1608 τινα
712 1555 1060 1626 σατραπικὴν
1106 1557 1201 1608 καὶ
1241 1558 1536 1627 αὐτόνομον
1563 1558 1768 1627 ἡγεμο-

191 1648 336 1708 νίαν,
365 1645 499 1713 πρός
528 1662 587 1699 τε
610 1645 671 1697 τὸ
709 1645 965 1714 ἀσφαλῶς
991 1647 1084 1700 καὶ
1112 1645 1346 1716 βεϐαίως
1387 1647 1480 1700 καὶ
1509 1649 1627 1717 ἅμα
1655 1647 1765 1701 τῶν

189 1738 650 1804 ὑποπτευομένων
681 1737 864 1805 φόϐων
887 1737 962 1800 ῶς
997 1725 1336 1808 πορῤωτάτω
1374 1739 1554 1803 ζῶντα
1582 1734 1762 1796 διατεο

1874 453 2028 522 quasi
2063 454 2131 508 de
2152 455 2394 524 scripto;
2427 448 2614 509 utnec
2651 455 2835 525 lingua
2863 453 2998 508 vitio
3029 454 3305 508 memoria:
3339 469 3432 506 us-

1825 565 1834 588 κ
1869 545 2015 614 piam
2055 545 2342 608 titubaret.
2374 562 2496 606 .nec
2546 547 2598 600 in
2644 562 2934 617 progressu
2963 545 3230 601 orationis
3283 561 3437 600 mens

1873 634 2081 692 tardius
2111 646 2496 707 assequeretur
2511 653 2596 698 ea,
2621 654 2740 708 qum
2768 639 3112 702 dicebantur;
3141 637 3260 702 sed,
3279 639 3435 706 quasi

1873 729 1925 782 in
1949 730 2270 812 symphopia
2301 740 2396 784 aut
2427 732 2478 785 in
2507 732 2644 803 lyra,
2671 744 2794 802 apte
2821 747 3047 803 prorsus
3075 741 3132 788 et
3156 731 3440 802 aequabili-

1872 828 1954 874 ter
1979 821 2153 876 ambae
2177 823 2552 878 concinerent.

1941 999 2007 1056 ll.
2039 1001 2162 1057 llaec
2185 987 2422 1076 citm‘ita
2449 1020 2506 1060 se
2536 1005 2820 1073 haberent,
2853 1006 3022 1062 lilium
3060 1007 3170 1063 illic
3200 1009 3436 1076 impera-

1869 1095 2227 1164 torfprivatim
2255 1070 2510 1153 convenit
2537 1115 2552 1152 :
2583 1099 2856 1155 rationum
2889 1102 2941 1155 vi
2984 1113 3038 1155 et
3069 1101 3310 1171 paternis
3341 1102 3438 1153 ad-

1870 1187 2267 1244 monitionibus
2296 1190 2544 1247 altiorem
2576 1191 2705 1247 facit
2735 1194 2804 1248 iis
2843 1194 3277 1265 suspicionibus,
3317 1211 3440 1264 quae.

1869 1277 2040 1332 futuri
2072 1289 2222 1336 metu
2283 1282 2455 1352 plena:
2483 1299 2609 1339 eum
2641 1286 2915 1357 angebant
2953 1305 2968 1342 :
3003 1288 3164 1343 simul
3203 1287 3434 1344 Romani

1870 1367 2088 1438 imperii
2121 1381 2328 1440 partem
2367 1375 2620 1442 recisam,
2651 1379 2946 1448 regendam
2970 1378 3018 1436 ei
3059 1379 3303 1449 quandiu
3327 1380 3441 1436 vic-

1871 1461 2128 1516 turus'sit
2175 1465 2448 1534 assignat,
2481 1467 2633 1536 quasi
2684 1470 3017 1540 satrapicum
3051 1469 3342 1540 quemdam
3381 1481 3438 1526 et

1869 1553 2074 1607 nemini
2105 1554 2386 1610 subditum
2422 1559 2792 1628 principatum
2819 1601 2832 1626 ,
2898 1576 3097 1630 nempe
3150 1571 3210 1617 ut
3267 1562 3438 1616 tutior

1867 1639 1978 1712 iam
2020 1652 2078 1700 et
2124 1644 2335 1703 ﬁrmior
2363 1648 2431 1704 ab
2481 1648 2548 1704 iis
2599 1666 2720 1720 qua
2777 1651 3144 1716 formidabat,
3181 1653 3439 1724 periculis

1868 1748 2032 1803 quam
2093 1735 2408 1809 longissime
2448 1739 2708 1811 deinceps
2749 1743 2979 1798 viveret.
3015 1743 3243 1800 Patebat
3275 1761 3438 1816 porro

189 1829 324 1883 λείν.
348 1829 420 1881 Τὸ
448 1829 504 1882 δὲ
527 1825 615 1899 ἦν,
659 1829 834 1899 μῆκος
867 1829 987 1897 μὲν,
1019 1829 1144 1882 ὅσον
1181 1830 1241 1884 τὸ
1267 1832 1328 1884 ὲκ
1377 1831 1762 1903 Διδυμοτείχου

1873 1831 1930 1879 Ba
1985 1827 2267 1896 provincia
2295 1869 2312 1894 ,
2347 1831 2402 1884 in
2455 1831 2676 1900 longum
2726 1831 2970 1902 quidem,
2995 1849 3024 1887 a
3055 1832 3438 1905 Didymmicho

189 1923 331 1993 πρὸς
374 1922 572 1992 ἄνεμον
599 1920 833 1991 ζέφυρον
865 1922 1176 1986 ἀποκλίνον,
1211 1924 1337 1993 ἄχρι
1371 1941 1476 1976 που
1523 1924 1632 1978 τῶν
1667 1927 1766 1995 τῆς

187 2013 649 2085 Χριστουπόλεως
689 2014 920 2083 ἔγγιστα
955 2015 1313 2082 προαστείωνο
1339 2011 1498 2086 εὖρος
1545 2017 1612 2080 δ’,
1641 2019 1765 2071 ὅσον

185 2108 246 2159 τὸ
288 2109 353 2159 ὲκ
387 2105 656 2176 θαλάττης
679 2107 758 2168 είς
792 2104 1055 2161 Ξάνθειαν
1085 2105 1234 2159 ἀνιὸν
1256 2105 1317 2158 τδ
1343 2108 1637 2176 πολίχνιον,
1672 2111 1765 2162 καὶ

187 2197 295 2250 ὅσα
340 2197 536 2266 μικρὸν
597 2195 860 2249 ἐπέκεινα
926 2199 1106 2249 κεῖται
1179 2197 1378 2266 χωρία.
1413 2197 1766 2269 Παρασήμοις

185 2306 252 2358 γε
320 2291 426 2360 μὴν
471 2286 566 2340 τοῦ
622 2286 886 2355 μεγέθους
930 2286 1223 2358 συμϐόλοις
1291 2287 1592 2359 κεχρῆσθαι
1636 2290 1766 2360 ,ἑπέ-

183 2357 413 2450 τρεπεν.
466 2379 565 2431 ὅσα
599 2376 876 2446 βασιλείας
909 2357 1011 2445 μέν
1062 2378 1199 2431 είσιν
1232 2357 1409 2450 ἥττω(
1435 2357 1766 2450 ἀξιωμάτων

185 2472 228 2524 δ’
269 2471 528 2524 ἀπάντων
557 2469 732 2522 ἄλλων
771 2469 1050 2524 ἐπέκειναο
1090 2470 1440 2542 παρήγγελλέ
1483 2490 1562 2539 τε,
1592 2474 1767 2528 καθά-

189 2581 302 2631 περ
333 2562 516 2616 είκόνα
546 2563 639 2612 καὶ
676 2561 932 2633 ἀφορμήν
961 2578 1084 2615 τινα
1141 2563 1386 2632 μείζονος
1433 2557 1574 2616 εἶναι
1617 2565 1768 2633 νομί-

187 2656 304 2718 ζειν
343 2653 486 2707 τοῦτ’
511 2651 763 2718 ἐξουσίας
802 2671 848 2706 ι.
1395 2674 1398 2678 ί

260 2745 344 2818 [Ρ.
377 2743 506 2818 515]
533 2744 605 2803 Γ.
634 2766 653 2798 ι
689 2745 778 2798 Σοὶ
809 2746 909 2816 μὲν
933 2745 1043 2818 γὰρ
1071 2746 1305 2816 εὐφυῶς,
1337 2767 1356 2800 ι
1391 2749 1578 2818 φησὶν,
1615 2768 1634 2800 ι
1666 2749 1766 2822 ἄρ-

187 2858 364 2909 χοντι,
381 2841 472 2892 καὶ
493 2839 584 2904 ξύν
607 2857 668 2907 γε
697 2841 760 2909 τῇ
780 2841 1130 2911 προσηκούσῃ
1149 2841 1376 2912 προνοίᾳ
1394 2843 1547 2894 ταυτὶ
1571 2842 1640 2896 τὰ
1669 2843 1767 2912 μέ-

185 2949 318 3001 τρια
349 2930 458 2984 τῶν
483 2929 740 3002 ὑπηκόων
769 2931 1058 2984 διοικοῦντι
1088 2933 1406 3003 πράγματα,
1431 2933 1642 3000 ἐξέσται
1670 2933 1765 3006 δή·

185 3039 292 3076 που
319 3024 413 3076 καὶ
438 3024 681 3092 μείζονος
698 3023 818 3076 ποθ’
835 3024 1126 3093 ἡγεμονίας
1143 3024 1529 3096 ὲπειλημμένῳ
1559 3025 1695 3097 πρὸς
1711 3026 1769 3080 τὸ

1873 3025 2168 3095 aliquando
2223 3024 2472 3096 ﬁimperii
2513 3026 2726 3096 potito,

188 3117 414 3185 ἄμεινον
463 3117 635 3186 ἄγειν·
708 3118 801 3171 καὶ
852 3119 967 3188 ἃμα
1025 3112 1107 3181 οἷς
1166 3119 1376 3191 ἀφορᾷν
1430 3119 1772 3190 περιγίνεται

189 3209 332 3278 πρὸς
360 3211 438 3271 σὲ,
469 3209 706 3272 καὶτοῖς
737 3225 800 3277 γε
853 3211 966 3272 σοῖς
1028 3208 1310 3265 όπώσποτε
1371 3212 1616 3282 φιλοῦσιν
1679 3214 1771 3280 ὲγ·

189 3299 637 3366 καλλωπίζεσθαι
675 3302 1076 3372 προτερήμασι,
1113 3303 1206 3354 κει)⁸
1239 3300 1450 3366 τούτοις
1478 3303 1522 3355 δ’
1554 3300 1621 3358 αῦ
1682 3304 1773 3374 βε-

193 3394 362 3455 ϐαίας
417 3391 726 3461 λελείψεται
803 3391 1034 3445 κτᾶσθαι
1117 3391 1446 3463 προσδοκίας
1514 3394 1608 3446 ἐπὶ
1661 3393 1774 3479 σοὶ,

191 3489 320 3542 ὅσαι
366 3487 461 3555 τῆς
499 3486 712 3554 ἀγαθῆς
761 3484 957 3553 φλεϐὸς
1020 3485 1396 3556 ἀπορῤέουσαι
1474 3485 1590 3555 βίον
1645 3504 1779 3558 προ-

195 3578 442 3650 μνῶνταί
472 3595 658 3646 σφισιν
684 3576 994 3645 εὐδαίμονα.
1026 3577 1266 3643 Οὐδεμία
1324 3581 1430 3650 γάρ
1457 3579 1774 3650 ἐρρᾳθυμη-

193 3674 333 3739 μένη
366 3671 460 3724 καὶ
501 3671 968 3736 ἀνανταγώνιστος
992 3669 1162 3740 ἀρετὴ
1198 3669 1464 3740 λαμπρῶν
1524 3671 1772 3736 ἀξιοῦται

191 3767 400 3835 γερῶν,
486 3765 660 3816 ὁπόσα
736 3765 1056 3830 περιφανεῖς
1120 3763 1378 3833 βραϐεύει
1447 3767 1768 3832 στεφάνους.

201 3856 364 3910 Ἐπεὶ
394 3857 487 3908 καὶ
519 3854 737 3907 σύνεσιν
766 3854 955 3924 ἀνδρὸς
993 3854 1088 3908 καὶ
1137 3855 1366 3927 γνώμην
1432 3857 1771 3928 ἡγεμονικὴν

188 3949 304 4001 οὔτ’
334 3947 479 4016 ὄψις,
527 3945 648 3999 οὔτε
689 3945 941 4014 μαντικοί
994 3963 1135 4010 τινες
1186 3948 1463 4016 τρίποδες,
1524 3950 1578 4002 ετ
1624 3965 1770 4012 τινες

187 4037 304 4094 εῐεν
331 4036 886 4109 χρηστηριαζόμενοι,
919 4037 1035 4099 τοῖς
1060 4036 1276 4102 πολλοῖς
1312 4039 1514 4093 οὑτωσὶ
1564 4057 1771 4110 προση-

1869 1919 2168 1988 zephyrum
2200 1935 2392 1976 versus
2431 1922 2496 1976 ad
2518 1923 2983 1995 ChristOpolitana
3022 1925 3270 1995 proxime
3305 1925 3439 1981 snb-

1867 2010 2058 2074 nrbia;
2116 2011 2169 2067 in
2230 2011 2398 2067 latum
2451 2021 2677 2080 autem,
2717 2031 2748 2069 a
2783 2015 2920 2070 mari
2989 2015 3058 2070 ad
3113 2016 3438 2086 oppidulum

1868 2098 2162 2156 Xonthiam
2190 2145 2204 2169 ,
2247 2115 2302 2158 et
2328 2105 2494 2174 paulo
2520 2106 2775 2161 ulterius.
2805 2105 2910 2163 Sed
2937 2118 2989 2163 et
3035 2107 3105 2164 iis
3135 2107 3441 2179 insignibus

1869 2196 2172 2265 majestatis
2213 2197 2289 2251 uti
2331 2199 2602 2268 permisit,
2637 2215 2758 2270 quae
2787 2216 3046 2271 supremo
3090 2201 3311 2271 quidem
3340 2201 3442 2254 im-

1868 2288 2024 2356 perio
2052 2299 2240 2344 essent
2274 2291 2530 2347 inferiora
2551 2331 2568 2358 ,
2608 2295 2822 2350 ceteris
2854 2310 2986 2352 vero
3016 2295 3442 2366 quibuscunque

1868 2381 2062 2435 altiora
2101 2381 2495 2452 dignitatibus;
2548 2386 2942 2457 praecepitque,
2977 2398 3034 2442 ut
3062 2389 3192 2444 illud
3243 2390 3443 2460 imagi-

1869 2486 1995 2526 nem
2028 2474 2184 2542 quasi
2211 2481 2267 2528 et
2307 2475 2656 2530 occasionem
2687 2491 2810 2532 esse
2833 2477 3065 2533 duceret
3094 2477 3316 2550 majoris
3347 2496 3443 2548 po-

1871 2567 2106 2621 lestatis.

1937 2748 2049 2804 lll.-
2071 2766 2090 2800 ε
2128 2746 2253 2804 Tibi
2279 2748 2457 2810 enim.
2498 2747 2678 2820 inquit
2702 2788 2718 2811 .
2752 2751 2797 2808 si
2830 2751 2996 2821 815
3030 2753 3304 2820 sapienter
3332 2753 3437 2806 im-

1869 2857 2051 2912 peres,
2079 2853 2135 2896 et
2166 2857 2255 2908 ea,
2281 2859 2386 2913 qua
2419 2841 2601 2910 decet,
2638 2843 2930 2913 prudentia
2983 2844 3250 2900 modicam
3297 2847 3443 2902 hanc

1870 2934 2214 3004 provinciam
2256 2934 2631 2998 administros,
2685 2934 2876 2990 licebit
2928 2934 3179 3000 fortasse,
3219 2935 3443 3006 majoris

2813 3033 2934 3080 tuas
2993 3041 3082 3081 res
3137 3027 3442 3095 provehere

1873 3119 1932 3172 in
1997 3117 2237 3184 melius,
2295 3117 2570 3188 simulque
2618 3116 2689 3174 iis
2737 3118 2833 3188 qui
2888 3118 3175 3174 intuentur
3222 3118 3276 3172 in
3347 3129 3440 3182 te,

1872 3219 1928 3267 et
1986 3210 2226 3266 honores
2294 3219 2420 3266 tuos
2473 3210 2654 3266 solent
2722 3219 3002 3280 utcunque
3080 3209 3184 3264 slbi
3255 3222 3443 3280 gratu-

1870 3303 2015 3369 lari,
2076 3317 2202 3373 spes
2263 3301 2318 3356 in
2377 3311 2430 3356 te
2477 3310 2686 3365 certas,
2717 3302 2863 3356 bono
2911 3301 3122 3356 scilicet
3171 3301 3317 3356 fonte
3347 3301 3446 3356 de-

1874 3393 2100 3456 rivatas,
2127 3403 2183 3446 et
2208 3393 2423 3447 beatam
2446 3392 2614 3446 vitam
2645 3393 3002 3461 spondentes.
3030 3391 3302 3460 integrum
3335 3393 3443 3450 erit

1873 3485 2169 3541 collocare.
2214 3484 2344 3550 Quae
2374 3483 2522 3538 enim
2549 3484 2728 3538 virtus
2761 3481 2936 3537 otiosa
2971 3490 3054 3536 est
3082 3490 3136 3536 et
3161 3482 3300 3535 nihil
3345 3482 3442 3535 ha-

1873 3579 1964 3633 bet
2017 3592 2142 3633 cum
2199 3591 2310 3646 quo
2360 3576 2625 3642 luctetur,
2659 3590 2723 3631 ea
2777 3573 3017 3644 praemiis
3050 3573 3355 3644 magniﬁcis
3387 3587 3442 3629 et

1873 3669 2183 3724 illustribus
2233 3667 2428 3738 palmis
2471 3681 2579 3722 non
2611 3665 2870 3721 donatur.
2901 3665 3170 3721 Nimirum
3205 3666 3442 3720 hominis

1873 3759 2314 3829 intelligentiam,
2347 3769 2402 3814 et
2448 3761 2689 3815 animum
2722 3760 2876 3814 illum
2905 3758 3138 3829 imperio
3187 3758 3437 3828 dignum.

1874 3868 1974 3909 nec
2005 3854 2144 3908 visio
2176 3853 2282 3908 ulla
2303 3893 2320 3920 ,
2351 3868 2454 3908 nec
2485 3852 2708 3910 vaticini
2755 3851 3019 3921 tripodes.
3057 3851 3101 3906 si
3148 3851 3441 3907 consulan-

1873 3955 1984 4012 tur,
2011 3949 2090 4000 ita
2122 3945 2342 4017 populis
2368 3945 2672 4011 declahnt,
2704 3954 2766 3999 nt
2793 3959 2879 4009 ea,
2902 3959 3022 4014 qua
3044 3944 3097 3998 in
3138 3959 3240 3998 usu
3270 3953 3326 3998 et
3349 3960 3442 3997 oc-

1871 4036 2189 4094 casionibus
2213 4038 2420 4105 elucet,
2444 4036 2716 4093 dictorum
2750 4037 3129 4106 factorumque
3153 4036 3441 4107 experien-

189 4134 416 4203 μαίνειν
455 4131 840 4193 ὁύνανται,ὠς
889 4129 1047 4200 ὴὲπὶ
1099 4130 1198 4199 τῆς
1257 4131 1448 4201 χρείας
1512 4133 1607 4186 καὶ
1659 4134 1768 4189 τῶν

1873 4129 1972 4185 tia.
2022 4130 2101 4184 Ac
2150 4129 2344 4185 multis
2373 4128 2596 4199 quidem
2625 4168 2641 4192 ,
2697 4132 2825 4198 quia
2854 4137 2983 4183 sunt
3013 4144 3196 4184 rerum
3241 4129 3435 4191 rudes.

189 4223 408 4296 καιρῶν
440 4221 838 4292 ἀναλάμπουσα
867 4221 1032 4290 πεῖρα
1061 4219 1169 4273 τῶν
1203 4238 1262 4274 τε
1302 4221 1476 4290 λόγων
1507 4225 1600 4276 καὶ
1630 4225 1769 4296 πρά-

1873 4225 2090 4278 animns
2121 4222 2421 4294 imaginum
2453 4222 2652 4293 plenus
2670 4236 2894 4292 magnas
2912 4220 3123 4292 objicit.
3148 4219 3241 4276 sed
3265 4221 3438 4282 ﬁctas,

191 4316 360 4382 ξεων.
401 4314 622 4378 Πολλοῖς
652 4314 761 4384 γάρ
791 4314 850 4378 ἐξ
877 4315 1134 4383 ἀπειρίας
1189 4315 1218 4368 ὀ
1255 4317 1618 4383 φανταστικδς
1642 4317 1767 4388 νοῦς

1873 4315 2164 4372 felicitates
2213 4326 2270 4371 et
2299 4313 2706 4381 beatitudines,
2741 4324 2801 4368 ut
2846 4313 3118 4384 pictorum
3153 4327 3344 4368 manus
3375 4313 3438 4367 all

1797 4375 1842 4431 Β
1872 4409 2089 4464 libitum
2141 4408 2396 4463 ludentes
2446 4375 2717 4478 quidlibet
2767 4375 3048 4461 col-oribus
3099 4407 3439 4476 exprimunt.

1871 4499 2018 4556 Usus
2042 4509 2224 4554 autem
2250 4515 2457 4564 rerum,
2492 4499 2661 4553 veluti
2694 4498 2954 4568 magister
3000 4498 3179 4563 vivus,
3211 4499 3440 4550 multum

1875 4591 2248 4662 intelligentiae
2285 4589 2564 4654 infundit,
2585 4598 2643 4644 et
2675 4589 2925 4644 homines
2959 4588 3014 4643 in
3041 4589 3148 4643 vita
3169 4589 3450 4659 sapienter

1874 4681 2212 4736 instituenda
2241 4689 2514 4736 cautiores
2551 4689 2792 4749 praestat.
2830 4679 2939 4750 Ego
2963 4695 3096 4734 vero
3127 4681 3297 4734 nostri
3345 4681 3445 4733 im-

1874 4773 2011 4844 perii
2063 4785 2372 4843 ιιοειταηιηο
2425 4774 2651 4828 ditionis
2697 4788 2914 4828 murum
2957 4753 3441 4840 quasiquemdam

192 4408 445 4478 μεγάλας
469 4406 758 4476 ὑποτίθησι
791 4405 1042 4460 πλάττων
1068 4407 1323 4476 εὐτυχίας
1355 4423 1414 4460 τε
1450 4408 1545 4462 καὶ
1589 4425 1766 4478 μακα-

190 4503 476 4574 ριότητας,
509 4498 761 4568 καθάπερ
790 4499 846 4550 al
896 4497 1204 4569 ζωγράφων
1249 4501 1434 4569 χεῖρες
1487 4502 1614 4564 τοὺς
1671 4500 1772 4554 τύ..

187 4613 331 4658 πους
361 4596 476 4655 τοῖς
499 4590 778 4663 χρώμασι,
806 4589 1104 4652 παίζουσαι
1155 4591 1300 4643 κατὰ
1330 4591 1389 4642 τὸ
1446 4590 1770 4662 βουλόμενον
1805 4597 1810 4600 ’

182 4689 288 4757 τῆς
327 4683 532 4756 ψυχῆς.
576 4681 714 4736 '118‘
751 4681 814 4733 ὲκ
843 4680 953 4732 τῶν
1009 4679 1354 4750 πραγμάτων
1407 4683 1594 4752 πεῖρα,
1659 4677 1771 4735 οἷον

187 4779 443 4848 ἔμψυχος
471 4774 791 4835 διδάσκαλος
837 4772 1234 4840 καθισταμένη,
1294 4773 1468 4841 μέγαν
1527 4771 1770 4843 ἐντίθησι

186 4871 344 4935 νοῦν,
388 4867 485 4920 καὶ
519 4865 962 4934 σωφρονέστερον
987 4864 1067 4926 είς
1093 4864 1363 4931 ἁρμονίαν
1418 4865 1765 4934 προδείκνυσι

191 4964 318 5033 βίου
347 4960 442 5013 τὸν
493 4958 799 5029 ἄνθρωπον.
854 4953 996 5023 Ἐγὼ
1020 4955 1075 5008 δέ
1109 4973 1169 5009 σε
1201 4958 1294 5009 καὶ
1320 4957 1576 5026 φραγμὸν
1606 4958 1767 5009 οἱονεί

184 5073 318 5108 τινα,
348 5053 538 5122 τίθημι
576 5053 673 5118 τῆς
720 5048 993 5119 ἡμετέρας
1051 5048 1226 5118 ἀρχῆς
1248 5049 1342 5100 καλ⁵
1398 5049 1773 5116 ἐπικρατείας,

183 5147 265 5210 ὡς
302 5144 507 5210 ἐξεῖναί
539 5160 642 5204 σοι,
668 5144 824 5212 δίκην
860 5141 1155 5210 προϐλῆτος
1185 5141 1638 5210 ἀναδεδειγμένῳ,
1673 5147 1774 5204 τας

184 5234 303 5292 οἷον
337 5237 396 5302 ἐξ
449 5233 678 5305 ἀχανοῦς
727 5234 1000 5301 πελάγους
1069 5232 1176 5283 τῶν
1207 5231 1524 5300 Τριϐαλλῶν
1582 5249 1776 5299 τρικυ-

1873 4873 2054 4918 statuo
2076 4874 2149 4928 te,
2187 4874 2247 4917 ut
2274 4864 2468 4934 possis,
2510 4863 2662 4932 rupis
2683 4865 2856 4916 instar
2889 4861 3225 4917 constitutus
3247 4861 3444 4916 adver-

1874 4970 1968 5008 sus
2003 4953 2202 5008 (luctus
2249 4971 2314 5008 ex
2347 4951 2604 5008 Triballis
2645 4962 2900 5024 tanquam
2944 4970 3012 5008 ex
3068 4955 3289 5008 immani
3322 4969 3446 5022 pro-

1877 5045 2051 5099 l‘untlo
2079 5045 2527 5108 cll'ervescentes,
2564 5043 2661 5098 tibi
2701 5042 2922 5114 quidem
2955 5051 3284 5112 tropaeorum
3325 5041 3444 5095 illu-

1879 5137 2074 5192 Strium
2115 5138 2458 5191 occasionem
2506 5146 2745 5205 paratam
2800 5132 3028 5200 habere,
3069 5133 3228 5188 nobis
3265 5142 3444 5185 autem

1880 5230 2232 5284 securitatem
2263 5238 2541 5298 pra-stare.
2573 5227 2710 5282 Hinc
2737 5227 2828 5281 fiet
2856 5227 2910 5280 in
2940 5227 3153 5297 primis,
3176 5233 3235 5279 ut
3254 5239 3449 5294 magna

186 5329 331 5400 μίας
361 5326 570 5396 σεαυτῷ
611 5326 710 5396 μὲν
763 5323 1020 5394 ἀφορμὰς
1096 5321 1362 5394 λαμπρῶν
1418 5322 1620 5378 διδόναι
1658 5341 1769 5395 τρο-

1883 5323 1982 5378 tibi
2039 5321 2108 5377 ab
2141 5320 2287 5376 omni
2345 5319 2718 5375 Romanorum
2775 5333 2974 5392 genere
3027 5317 3250 5372 laudum
3292 5331 3439 5384 seges

1543 5467 1881 5529 Variorum
1919 5475 2105 5530 notae.

260 5611 382 5682 (8|)
427 5607 547 5682 Τῶν
579 5606 721 5660 κατὰ
758 5590 1090 5676 Χαλῖιιδικὴν
1133 5604 1338 5659 πόλεων
1367 5601 1750 5676 ῃτωίοοιυταιη

1873 5611 1974 5661 tam
2009 5603 2264 5661 Matthato
2329 5604 2440 5662 ﬁlio
2501 5604 2704 5662 indicat
2763 5603 3180 5661 Cantacuzenus
3215 5601 3313 5659 lib.
3368 5617 3444 5660 IV'

183 5672 322 5754 cap.
348 5672 433 5735 lt).
466 5680 704 5732 Ducam.

447 5773 721 5834 PATIOL.
753 5771 872 5832 Gtt.
907 5769 1194 5833 CXLVIII

2949 5766 3024 5829 3b
