3944 6206
1131 229 1153 281 \

217 487 341 551 1077
628 481 703 552 [Α.
744 497 794 537 c.
840 479 1002 554 1547]

1121 431 1602 548 ῘΒΥΖΑΝΤΙΝΕ
1630 481 2015 545 Hismara.
2044 483 2187 544 LIB.
2215 483 2370 542 xvr.

2503 476 2636 548 [ιιιιδ.
2677 495 2724 532 δ.
2764 492 3052 534 ωιτηουτ.
3097 475 3152 548 1]
3183 499 3214 534 ·.

212 603 340 671 πρὸς
365 601 474 654 τῶν
500 601 788 670 παρόντων
819 601 908 658 διὰ
935 603 998 656 τὸ
1046 603 1139 656 τοῦ
1172 602 1339 673 ἡθους
1367 601 1600 675 ἥμερον,
1633 603 1775 673 ἥπερ

1889 598 2083 668 magis,
2135 597 2280 668 quod
2333 609 2476 653 esset
2524 597 2640 652 miti
2684 598 2922 668 ingenio,
2954 613 3117 667 quam
3164 611 3271 657 me.
3299 597 3444 665 quod

211 691 314 759 ἐγὼ
342 691 433 752 διὰ
459 693 520 746 τὸ
550 692 644 747 τοῦ
671 692 833 762 ζήλου
848 693 1170 764 ιθυμοειδές.

277 805 354 861 Z'.
387 806 606 860 Τούτων
627 807 676 860 δ’
705 806 878 870 οὕτως
901 807 1156 878 ἑχόντων,
1187 807 1282 862 καὶ
1309 806 1454 862 οὕτω
1493 806 1778 878 χωρούσης

209 895 305 962 τῆς
338 894 448 948 τῶν
496 899 839 966 πραγμάτων
883 900 1078 967 τύχης,
1113 899 1222 952 οὐδ’
1271 899 1444 963 οὕτως
1480 894 1550 971 ἦν
1597 899 1775 970 ἡσυχῆ

211 987 516 1056 καθήμενον
546 987 734 1058 φέρειν
761 989 864 1058 ἐμὲ
893 1005 908 1020 ο
937 989 1053 1042 ἀλλ’
1083 991 1415 1062 ἐδυσφόρουν
1443 991 1537 1045 καὶ
1575 992 1778 1062 ἤσχαλ-

210 1077 316 1138 λον,
353 1077 449 1130 καὶ
485 1081 660 1146 μέσης
690 1079 893 1150 ἧπτετό
927 1097 1029 1147 μου
1058 1083 1158 1144 τῆς
1207 1083 1434 1152 καρδίας
1463 1083 1524 1136 τὸ
1557 1083 1734 1146 πάθος
1757 1099 1772 1113 ·

210 1167 292 1239 [Ρ.
333 1167 460 1241 5Ξο]
495 1171 590 1224 καὶ
633 1172 824 1241 καιρὸν
873 1175 971 1241 τῆς
1020 1173 1162 1243 ἐμῆς
1190 1173 1416 1244 ἐζήτουν
1462 1175 1775 1246 προθέσεως

207 1261 356 1326 ἄξιόν
383 1279 457 1326 τι,
506 1265 638 1330 πρὶν
684 1264 788 1316 ὑπὸ
815 1262 994 1328 λύπης
1036 1265 1254 1328 παθεῖν,
1291 1266 1632 1338 δεδρακέναι.
1665 1267 1774 1321 Τοῦ

207 1345 483 1422 δὲ’χρόνου
521 1353 826 1425 χωροῦντος
869 1358 927 1418 ὲς
951 1356 1015 1410 τὺ
1041 1357 1136 1410 τοῦ
1172 1358 1520 1429 φθινοπώρου
1573 1360 1772 1430 πέρας,

208 1440 396 1512 ιπειδὴ
425 1443 504 1513 τῷ
539 1443 752 1512 βασιλεί
780 1445 870 1499 διὰ
905 1443 1187 1501 Ματθαῖον
1218 1448 1311 1500 τον
1341 1449 1476 1512 υίδν,
1517 1449 1593 1512 ὡς
1620 1449 1777 1520 εῖρη-

206 1547 317 1596 ται,
347 1531 436 1586 διὰ
486 1534 726 1602 σπουδῆς
771 1537 1118 1602 ἀφικνεῖσθαι
1166 1543 1224 1602 ἐς
1261 1541 1645 1609 Διδυμὸτειχον
1681 1535 1772 1610 ἦν,

207 1622 290 1674 ἴνα
315 1623 382 1688 δὴ
412 1622 755 1692 λυπούμενον
781 1627 991 1678 ἐκεῖνον
1021 1628 1522 1697 παραμυθούμενος
1550 1632 1644 1693 τὰς
1674 1629 1778 1700 τῆς

208 1711 478 1780 βασιλίδος
533 1713 766 1784 Εἰρήνης
829 1717 1164 1784 ἐπαγγελίας
1211 1720 1296 1782 είς
1344 1719 1508 1792 ἔργον
1565 1722 1787 1797 ἀγάγῃ,

203 1803 393 1856 τοῦτον
424 1805 533 1872 ἐγὼ
565 1808 657 1859 τὸν
685 1809 880 1878 καιρὸν
903 1811 1112 1877 ἀγαθὸν
1141 1813 1490 1883 ἡγησάμενος
1520 1813 1772 1885 ἕρμαιον,

204 1895 296 1946 καὶ
348 1898 464 1958 τοῖς
496 1901 896 1966 σκοπουμένοις
945 1904 1208 1966 ἐπιεικῶς
1260 1921 1353 1973 μοι
1402 1908 1772 1974 προσήκοντα,

200 1991 468 2058 πρόσειμι
519 1993 642 2044 κατ’
679 1993 816 2046 ἰδίαν
868 1995 1068 2066 Εἰρήνῃ
1119 2000 1184 2067 τῇ
1223 1997 1480 2067 βασιλίδι,
1530 2000 1623 2054 καί
1659 2002 1774 2070 ἅμα

197 2080 293 2133 τοῦ
335 2098 398 2134 τε
434 2079 600 2152 ζήλου
654 2083 814 2154 δῆλον
845 2085 1042 2157 τίθημι
1081 2090 1142 2142 τὸ
1179 2089 1378 2157 φλέγον
1409 2091 1504 2144 καὶ
1547 2091 1677 2154 τούς
1710 2109 1776 2160 γε

203 2171 352 2240 ὑπὲρ
401 2172 687 2238 εὑσεὸείας
732 2173 1013 2246 ἄνθρακας
1071 2180 1440 2234 ἀνακαλύπτω
1481 2183 1579 2252 τῆς
1635 2184 1777 2253 ἐμῆς

201 2264 460 2332 καρδίας,
487 2267 626 2320 κάπὶ
647 2269 752 2338 νέῳ
780 2271 876 2322 καὶ
902 2270 1208 2340 ἀκμάζοντι
1235 2275 1313 2344 τῷ
1345 2275 1438 2328 τοῦ
1461 2275 1654 2339 παιδὸς
1678 2277 1777 2346 τὴν

197 2355 439 2423 καρδίαν
465 2358 603 2420 τέως
653 2359 1038 2432 ἡσχολημένην
1079 2365 1268 2418 πένθει
1308 2365 1410 2435 τεῆς
1443 2367 1655 2421 ἐκείνου
1688 2375 1776 2422 τε-

197 2445 401 2514 λευτῆς
436 2449 759 2503 αἰτιώτατον
789 2451 1028 2519 ἔφασκον
1060 2449 1326 2528 εἶναιτὴν
1349 2457 1460 2509 τῶν
1487 2457 1776 2528 δογμάτων

195 2539 508 2592 κατάλυσιν
530 2556 546 2572 ο
574 2536 638 2611 ἦς
669 2543 698 2593 δ
724 2543 936 2596 ἐκείνου
967 2545 1155 2620 πατὴρ
1185 2546 1510 2618 ἐνδιαίτημα
1558 2545 1780 2620 βέόαιον

199 2629 514 2702 πεπραχὼς
542 2633 640 2703 τὴν
663 2635 896 2702 καρδίαν
924 2637 1191 2706 μεγίστην
1221 2643 1334 2703 τοῖς
1364 2643 1556 2703 κακοῖς
1587 2643 1779 2696 ἐδεδώ-

195 2739 287 2784 κει
321 2728 505 2794 ῥοπὴν
535 2729 614 2788 είς
642 2728 740 2796 τὴν
773 2731 872 2797 τῆς
904 2731 1102 2794 κακίας
1123 2732 1386 2789 ἐπίδοσιν.
1415 2735 1580 2789 Ταῦτ’
1603 2737 1777 2790 εἰπὼν

194 2819 295 2870 καὶ
329 2819 512 2874 πλείω
541 2824 647 2882 τοῖς
679 2823 994 2892 είρημένοις
1032 2827 1302 2879 ἀκόλουθα
1349 2831 1683 2902 παρενείρας
1713 2837 1776 2886 ἐκ

191 2911 298 2978 τῆς
337 2912 573 2982 Γραφῆς
606 2916 738 2985 ῥᾷον
780 2917 812 2986 ἦ
853 2917 996 2970 κατὰ
1046 2917 1147 2982 τὰς
1187 2921 1408 2984 ἐλπίδας
1437 2925 1607 2996 αὐτὴν
1649 2929 1778 2980 ἑπε-

195 3005 444 3058 πείκειν.
481 3006 766 3075 Ἀγχίνους
815 3010 924 3077 γὰρ
971 3008 1106 3065 οὖσα
1137 3017 1293 3095 γυνὴ,
1342 3016 1440 3070 καὶ
1481 3017 1774 3090 δεισαμένη

197 3093 278 3165 μὴ
351 3095 550 3152 πένθος
600 3099 696 3150 ἐπὶ
756 3100 941 3154 πένθει
991 3093 1271 3176 προσλάϐῃ
1335 3109 1776 3176 παροξυνομένου

191 3187 362 3252 Θεοίι,
402 3189 635 3258 ξυνῆκεν
685 3176 847 3254 εὐθὺς
880 3194 974 3246 καὶ
1017 3197 1308 3264 κράτιστος
1339 3193 1408 3269 ἦν
1453 3200 1548 3254 τοῦ
1585 3202 1775 3255 λοιποῦ

1885 689 2062 746 zelum
2103 691 2413 745 animosum
2445 689 2780 764 praeferrem.

1951 802 2064 860 VII.
2096 803 2224 860 Haec
2256 818 2382 858 cum
2411 802 2484 858 ita
2515 800 2719 868 essent,
2750 812 2805 858 et
2838 803 2891 858 in
2921 785 3068 858 hunc
3101 801 3322 856 modum
3361 818 3450 854 res

1878 895 2258 962 succederent,
2289 911 2400 950 nec
2437 905 2550 951 tum
2575 897 2800 966 quidem
2829 897 2982 966 potui
3014 895 3234 968 quietus
3258 898 3448 950 sedere

1881 993 1937 1041 et
1985 987 2262 1057 patienter
2317 985 2507 1052 ferre;
2555 987 2648 1042 sed
2715 1003 2858 1058 mgre
2906 989 3003 1042 tuli
3049 1000 3104 1042 et
3137 987 3450 1056 indignatus

1878 1091 2024 1140 sum,
2051 1085 2109 1132 et
2133 1076 2386 1130 intimum
2415 1087 2610 1148 peetus
2635 1076 2792 1131 dolor
2821 1078 3036 1143 attigit;
3064 1088 3226 1146 atque
3252 1093 3452 1146 Oppor-

1879 1177 2072 1222 tunum
2107 1183 2173 1222 ex
2205 1183 2273 1224 eo
2297 1177 2514 1238 tempus
2541 1169 2779 1239 captari,
2813 1181 2874 1224 ut
2899 1177 3192 1238 antequam
3229 1168 3448 1222 n-terori

1877 1259 2320 1325 succumberem,
2371 1259 2578 1328 aliquid
2612 1260 2896 1330 proposito
2936 1275 3058 1314 meo
3089 1260 3311 1328 dignum
3355 1276 3452 1311 na-

1875 1365 2087 1406 varem.
2119 1350 2393 1421 Tempore
2440 1351 2626 1420 itaque
2655 1351 3008 1422 procedente,
3049 1351 3154 1406 sub
3198 1353 3448 1404 autumni

1877 1440 2064 1506 finem,
2105 1455 2228 1496 cum
2283 1441 2368 1512 (ut
2414 1440 2673 1510 diximus)
2721 1440 3020 1510 imperator
3075 1441 3309 1496 Maltinri
3353 1441 3447 1494 ﬁlii

1880 1547 2048 1588 eausa
2081 1532 2526 1604 Didymoticlium
2558 1535 2635 1588 ire
2663 1535 2970 1596 festinaret,
3006 1536 3216 1588 tristem
3249 1535 3447 1588 videli-

1879 1633 1970 1680 cet
2017 1640 2143 1680 eum
2175 1625 2585 1689 consolaturus,
2617 1633 2675 1681 et
2707 1627 3074 1696 imperatricis
3110 1627 3296 1680 lrenes
3326 1643 3451 1693 pro-

1879 1715 2045 1771 missa
2079 1715 2432 1786 perfecturus
2461 1733 2479 1783 ;
2506 1715 2641 1795 illud
2673 1732 2774 1786 ego
2807 1725 3020 1790 tempus
3063 1717 3114 1770 in
3162 1717 3318 1770 luero
3354 1717 3453 1769 dc-

1878 1810 2097 1878 putans,
2133 1817 2191 1863 et
2248 1808 2382 1862 Inibi
2430 1809 2498 1864 ad
2537 1824 2600 1863 ea
2631 1825 2754 1876 quae
2790 1808 3118 1889 meditabar,
3155 1809 3311 1861 valde
3356 1825 3452 1876 op—

1880 1909 2184 1972 portuuum
2255 1911 2431 1962 ratus.
2487 1901 2890 1972 imperatricem
2945 1901 3138 1955 lreneu
3192 1901 3446 1970 privatim

1877 1991 2190 2056 convenio;
2221 1991 2322 2044 zeli
2355 1990 2630 2046 fervorem
2679 1991 2917 2056 declare,
2949 2001 3003 2045 et
3041 1991 3282 2044 animum
3327 1989 3451 2042 t't'li-

1879 2079 2059 2150 gionis
2083 2095 2273 2136 amore
2302 2080 2694 2136 inﬂammatum
2723 2083 2934 2152 aperio.
2967 2081 3234 2148 Quoniam
3266 2091 3446 2134 autem

1878 2171 2086 2225 recenti
2127 2180 2183 2226 et
2218 2172 2396 2234 crudo,
2435 2171 2538 2227 filii
2580 2174 2780 2227 mortui
2815 2172 3088 2227 desiderio
3126 2173 3295 2226 teneri
3334 2174 3450 2224 aui-

1879 2276 2032 2315 mum
2070 2262 2194 2332 ejus
2241 2263 2525 2328 videbam,
2566 2277 2784 2318 causam
2828 2267 2946 2336 ejus
2999 2265 3190 2318 mortis
3227 2263 3448 2317 verissi-

1877 2368 2023 2408 mam
2067 2369 2190 2411 esse
2239 2354 2450 2410 afﬁrmo
2501 2348 2816 2428 dogmatum
2868 2358 3300 2426 corruptionem,
3357 2355 3448 2408 eui

1843 2434 1848 2439 ’
1881 2453 2038 2512 pater
2065 2447 2307 2502 deluncti
2339 2447 2551 2502 ﬁrmam
2589 2449 2774 2502 sedem
2801 2463 2902 2503 suo
2936 2447 2990 2502 in
3025 2448 3192 2503 corde
3224 2449 3448 2508 ﬁxisset,

1878 2552 1944 2591 ac
1976 2541 2208 2606 proinde
2258 2541 2554 2594 maximum
2583 2540 2852 2611 imprdbis
2885 2540 3102 2611 pondus
3129 2540 3194 2593 ad
3228 2541 3450 2595 SCt'it'riS

1882 2630 2278 2685 incrementum
2307 2631 2631 2688 addidisset.
2658 2631 2784 2686 Hrec
2802 2632 3178 2696 locutus,cum
3211 2638 3266 2686 et
3293 2633 3449 2701 plura

1880 2720 1966 2774 his
1999 2721 2179 2774 aiiinia
2213 2737 2278 2775 ex
2311 2736 2464 2776 sacra
2499 2723 2784 2792 Scriptura
2829 2723 3289 2788 interseruissem,
3315 2723 3447 2776 faci-

1878 2813 1985 2868 lius
2003 2814 2170 2886 826
2201 2830 2362 2884 quam
2383 2829 2730 2886 speraveram
2750 2815 2895 2870 illam
2918 2815 3451 2886 permovi.Prudeus
3484 2816 3494 2831 ‘

1878 2912 2078 2977 quippe
2110 2909 2328 2972 mulier,
2358 2910 2531 2963 verita
2567 2925 2636 2964 ne
2663 2910 2774 2964 Deo
2807 2901 3138 2964 exaéerbato
3173 2910 3341 2964 alium
3380 2926 3449 2964 ex

1860 3002 1986 3083 \alio
2033 3003 2243 3058 luctum
2293 3005 2590 3073 acciperet,
2644 3003 2916 3058 intellexit
2960 3005 3164 3068 statim,
3198 3016 3254 3060 et
3310 3008 3448 3060 meis

1877 3092 2064 3147 verbis
2089 3095 2358 3148 acerrime
2387 3093 2588 3150 deinde
2620 3096 2956 3163 patrocinata
2987 3107 3072 3150 est
3099 3113 3114 3160 ;
3153 3113 3253 3152 nec
3284 3095 3450 3152 desiit

1878 3198 1945 3238 ex
1970 3199 2037 3239 eo
2078 3185 2336 3240 insectari
2382 3194 2440 3240 et
2470 3185 2851 3241 acerbioribus
2878 3187 3040 3242 dictis
3079 3189 3236 3258 lupos
3267 3187 3451 3244 Eccle-

186 3284 315 3344 τοίς
339 3283 494 3351 ὲμοῖς
527 3281 823 3353 συνήγορος
850 3285 1050 3353 λόγοις,
1073 3288 1276 3356 ἤκιστὰ
1296 3307 1354 3342 τε
1382 3291 1592 3344 ἐκεῖθεν
1612 3293 1772 3362 ἔληγε

1879 3279 1974 3330 site
1999 3278 2296 3332 incessere.
2334 3276 2514 3348 Capit
2549 3278 2749 3334 deinde
2790 3296 2970 3335 meum
3005 3297 3204 3336 nomen
3237 3283 3288 3337 in
3330 3300 3450 3337 om-

188 3372 528 3443 λοιδοροῦσα
578 3377 673 3427 καλ⁵
719 3377 1260 3459 σκληροτέροιςιτοὺς
1311 3381 1412 3450 τῆς
1450 3383 1775 3453 Ἐκκλησίας

186 3466 404 3530 λύκους
443 3466 712 3537 βάλλουσα
765 3468 1120 3538 σκώμμασιν.
1162 3471 1445 3526 Ἐντεῦθεν
1485 3476 1686 3544 τούμὸν
1714 3477 1774 3527 ὲν

185 3561 409 3621 πάσαις
439 3560 622 3612 ἔκειτο
649 3559 921 3628 γλώσσαις
954 3561 1146 3632 ὄνομα,
1172 3567 1406 3633 πρᾶγμα
1430 3567 1774 3631 τετελεκότος

183 3650 408 3720 μικροῦ
442 3654 555 3712 τοῖς
593 3653 737 3713 ὅλοις
769 3654 1122 3720 ἁπογνωσθὲν
1153 3657 1245 3708 καὶ
1278 3657 1501 3727 ἣκιστα,
1533 3661 1663 3728 πρὶν
1695 3664 1775 3724 εἰς

181 3743 365 3811 ἔργον
402 3741 601 3805 ἐλθεῖν,
635 3743 1013 3812 ἐλπιζόμενον.
1052 3745 1223 3798 Τοῦτο
1255 3749 1373 3811 ταῖς
1404 3749 1775 3818 ὀδυνωμέναις

179 3833 340 3901 ὑπὲρ
373 3833 476 3902 τῆς
520 3833 846 3902 Ἑκκλησίας
887 3832 1086 3902 ψυχαῖς
1115 3837 1298 3906 ἡδείας
1327 3839 1602 3907 ἀναπνοῆς
1630 3857 1774 3902 τινος

173 3925 384 3987 ἑδοξεν
427 3925 525 3993 ἔαρ
560 3931 655 3977 καὶ
702 3927 909 3992 γλυκὺς
962 3928 1240 3996 θησαυρὸς
1284 3930 1646 3999 εὐφροσύνης,
1681 3936 1775 3985 καὶ

171 4018 318 4071 οὐδὲ
374 4017 571 4088 ττόρρω
625 4019 878 4088 χρηστῶν
913 4035 1075 4072 τινων
1125 4016 1195 4090 ἦν
1228 4021 1485 4084 ἐλπίδων.
1532 4025 1646 4078 οὐδ’
1693 4027 1775 4080 ἔτι

172 4110 352 4177 μέγα.
385 4112 574 4162 πεῖσαι
605 4113 695 4160 καὶ
728 4110 952 4180 βασιλέα
983 4111 1192 4178 λοιπον,
1245 4115 1638 4186 συμμαχούσης
1672 4118 1776 4189 ἥδη

167 4202 248 4270 τῇ
290 4201 540 4269 ἀληθείᾳ
574 4201 668 4252 καὶ
708 4200 1002 4270 βασιλίδος.

249 4332 359 4388 Il'.
389 4331 558 4386 Ταῦτ’
587 4333 688 4385 ούκ
715 4329 783 4404 ἦν
829 4333 1034 4388 ἀνεκτὰ
1066 4334 1300 4406 διαϐόλῳ
1333 4338 1426 4391 καὶ
1465 4341 1579 4402 τοῖς
1613 4340 1778 4410 ἀγγέ-

161 4430 300 4488 λοις
377 4423 581 4478 αὑτοῦ·
629 4425 764 4478 ἀλλὰ
822 4425 1051 4494 θόρυϐος
1097 4428 1239 4497 σφᾶς
1284 4429 1648 4498 ἠγκαλίζετο’
1683 4434 1777 4485 καὶ

163 4519 421 4589 μυρίων
450 4517 696 4570 θανάτων
723 4513 792 4587 ἦν
819 4517 1246 4588 φορτικώτερον.
1283 4522 1373 4586 Διὸ
1419 4526 1514 4574 καὶ
1551 4524 1686 4594 πρδς
1715 4523 1774 4576 ἓν

1880 3367 2034 3422 niuut
2082 3383 2178 3424 ore
2215 3369 2446 3432 versari,
2481 3369 2718 3439 perfecta
2777 3387 2857 3436 re,
2911 3387 3032 3440 quae
3079 3374 3147 3426 ab
3191 3374 3450 3428 omnibus

1875 3457 2050 3514 ferme
2081 3458 2368 3528 desperata
2401 3469 2538 3524 erat,
2573 3469 2628 3515 et
2658 3461 2978 3532 priusquam
3014 3463 3251 3532 perfecta
3275 3476 3443 3528 esset,

1878 3550 2105 3605 minime
2159 3552 2274 3605 fieri
2330 3566 2488 3621 posse
2543 3551 2850 3606 videbatur.
2901 3553 2955 3606 Id
3011 3555 3210 3607 animis
3272 3557 3442 3608 vicem

1875 3635 2134 3696 Ecclesia:
2165 3642 2480 3696 dolentibus
2513 3643 2688 3697 instar
2715 3646 2858 3698 veris
2899 3644 3022 3702 fuit.
3059 3645 3448 3714 suavissimam

1876 3748 2065 3787 auram
2115 3733 2452 3810 aspirantis_;
2503 3734 2548 3788 is
2590 3736 2890 3804 voluptatis
2937 3734 3226 3788 thesaurus
3265 3736 3445 3791 dulris

1880 3825 2100 3880 habitus
2128 3833 2210 3880 est
2237 3841 2252 3890 ;
2278 3841 2380 3880 nec
2410 3827 2569 3894 longe
2615 3842 2644 3880 ιι
2678 3828 2818 3881 bona
2861 3828 3042 3898 aliqua
3073 3843 3168 3896 spe
3197 3829 3442 3890 aberam,

1879 3931 1982 3971 nec
2031 3917 2296 3986 deinceps
2353 3921 2584 3971 arduum
2632 3925 2750 3972 erat
2799 3919 3184 3987 imperatorem
3226 3936 3445 3988 quoque

1877 4007 2118 4073 ﬂectere,
2168 4023 2291 4062 eum
2321 4009 2431 4078 jam
2479 4007 2594 4078 ipsa
2645 4008 2960 4078 imperatrix
3011 4009 3297 4064 nobiscum
3346 4028 3445 4082 pro

1876 4100 2108 4154 veritate
2141 4107 2426 4170 pugnaret.

1945 4342 2082 4398 Vill.
2121 4343 2196 4397 Ea
2229 4342 2445 4398 diabolo
2471 4353 2526 4398 et
2573 4343 2780 4414 angelis
2807 4345 2930 4414 ejus
2963 4345 3266 4400 tolerabilia
3302 4346 3451 4400 haud

1878 4435 2142 4500 fuerunt;
2199 4436 2294 4490 sed
2357 4451 2461 4496 eos
2517 4437 2810 4507 trepidatio
2857 4438 3090 4504 invasit,
3139 4448 3194 4493 et
3253 4441 3451 4507 quavis

1881 4537 2056 4580 morte
2100 4527 2324 4596 gravius
2365 4525 2429 4589 ,id
2479 4527 2547 4580 iis
2587 4527 2764 4585 visum
2813 4537 2920 4582 cst.
2959 4529 3206 4584 Coitione
3264 4529 3446 4598 itaque

153 4611 589 4682 ἀθροιζόμενοι
624 4610 880 4680 σύστημα
921 4611 1142 4677 πάντες,
1177 4614 1362 4666 ὁπόσοι
1395 4616 1492 4684 τῆς
1525 4619 1775 4686 ,πονηρᾶς

1882 4614 2044 4676 facta,
2087 4617 2406 4684 quicunque
2452 4631 2620 4683 pravo
2655 4615 2724 4670 de
2773 4632 2938 4687 grege
2987 4618 3168 4684 partiti
3219 4617 3358 4672 inter
3387 4636 3448 4672 se

155 4705 445 4772 φατρίας
475 4701 572 4765 τὰς
600 4703 709 4754 τῶν
736 4705 795 4754 ὲν
825 4701 1106 4777 Βυζαντίῳ
1151 4707 1580 4776 φροντιστηρίων
1604 4708 1777 4762 διέλα-

150 4811 272 4865 κον
310 4794 642 4862 προεδρίας,
675 4780 770 4844 καί
801 4795 906 4860 πρό
935 4811 998 4862 γε
1027 4795 1239 4848 τούτων
1267 4797 1294 4848 ὁ
1333 4797 1424 4848 τὸν
1452 4789 1779 4868 πατριαρχιο

151 4889 272 4940 κον
308 4885 472 4952 ἔχων
517 4884 785 4954 Ἰσίδωρος
839 4885 1050 4954 θρόνον,
1112 4885 1424 4958 προσῄεσαν
1471 4887 1680 4960 Εἰρήνῃ
1711 4892 1774 4960 τῇ

143 4977 466 5051 βασιλίδι,
501 4977 704 5044 πολλὴν
729 4977 864 5044 ἐμοῦ
895 4977 1132 5046 δρῶντες
1166 4983 1230 5048 τῇ
1261 4977 1474 5050 γλώττῃ
1516 4981 1778 5046 καταδρο-

145 5073 313 5142 μὴν,
371 5071 474 5120 καὶ
533 5069 734 5143 πολλὰς
777 5071 1138 5138 καταχέοντες
1191 5070 1480 5139 λοιδορίας,
1536 5075 1628 5126 καὶ
1681 5075 1776 5146 τὴν

133 5162 326 5232 ἐμὴν
371 5159 734 5212 ἀποσείεσθαι
783 5159 993 5212 πείθειν
1032 5161 1431 5230 ἐπιχειροῦντες
1474 5161 1777 5234 ὁλοσχερῶς

132 5255 449 5324 ὁμιλίαν.
493 5253 644 5304 Ἐπεὶ
673 5251 728 5303 δὲ
757 5251 924 5304 πολλὰ
957 5255 1300 5322 μογήσαντες
1323 5255 1528 5324 ἤνυσαν
1564 5256 1662 5322 μὲν
1689 5257 1778 5308 ού-

125 5349 277 5406 δὲν,
337 5340 652 5410 ἠλαύνοντο
697 5342 742 5394 δ’
773 5343 874 5394 ούκ
927 5343 1054 5395 ἄνευ
1108 5343 1366 5413 μέμιξεων
1412 5344 1620 5398 ἐκεῖθεν
1675 5364 1778 5414 μα-

128 5439 365 5508 κρῶν,
418 5435 717 5503 γράμματα
770 5437 826 5494 ἐς
879 5433 1110 5502 βασιλέα
1158 5436 1259 5505 τὴν
1297 5436 1404 5488 τῶν
1453 5439 1776 5491 ἀποϐάντων

121 5538 395 5606 ἔχοντα
430 5530 662 5598 δήλωσιν
693 5529 1029 5598 πέμπουσιν,
1062 5531 1344 5597 ἀξιοῦντες
1375 5533 1650 5600 ἀφέμενον
1677 5534 1774 5585 ὃσα

119 5631 186 5681 οἱ
228 5623 382 5678 ἀνὰ
427 5624 614 5690 χεῖρας
648 5621 837 5690 ἔτυχεν
871 5622 998 5682 δντα
1032 5621 1310 5690 δημοσίων
1353 5623 1654 5693 φροντίδων
1679 5625 1774 5690 γέ-

119 5731 364 5790 μοντα
409 5715 715 5782 πράγματα
743 5716 799 5786 ές
827 5712 1117 5776 Βυζάντιον
1144 5715 1378 5784 τάχιστα
1404 5715 1774 5782 ἀφικνεῖσθαι,

118 5809 337 5877 σφῶν
425 5801 759 5872 βοηθήσοντα
805 5803 952 5876 δόξῃ,
1007 5803 1391 5874 κινδυνευούσῃ
1441 5807 1510 5857 τὰ
1560 5807 1772 5874 καίρια,

115 5901 244 5959 καὶ
283 5892 541 5952 addixi
563 5893 771 5958 τούτοις
799 5894 1062 5965 ᾁκύλονθσ
1087 5890 1156 5966 ἦν
1184 5895 1260 5967 τῷ
1287 5895 1473 5966 σκοπῷ
1497 5911 1511 5926 ο
1539 5893 1620 5966 [Ρ.
1648 5894 1773 5967 521]

1881 4705 2095 4758 fuerant
2127 4705 2546 4776 Byzantinorum
2578 4707 3036 4761 monasteriorum
3069 4707 3446 4774 przei‘eeturas,

1879 4809 1936 4850 et
1985 4807 2110 4850 ante
2151 4797 2252 4851 lios
2283 4797 2329 4851 is
2363 4797 2456 4866 qui
2508 4798 2926 4866 patriarchalem
2971 4799 3157 4851 sedem
3199 4799 3442 4858 tenebat,

1839 4889 2159 4954 'lsidorus,
2215 4891 2282 4944 ad
2337 4891 2744 4958 imperatricem
2797 4891 2990 4946 lreneu
3041 4893 3342 4956 accedunt,
3391 4902 3450 4946 et

1882 4978 2064 5047 lingua
2116 4980 2172 5033 in
2225 4997 2311 5034 me
2359 4980 2563 5035 acriter
2617 4981 2816 5036 invecti
2861 4983 3052 5037 multis
3101 4998 3188 5038 me
3229 4985 3446 5054 probris

1879 5071 2471 5141 rooperiuut..eique,
2509 5083 2569 5128 ut
2617 5073 2688 5128 ab
2736 5077 2884 5129 omni
2942 5092 3171 5146 prorsus
3229 5093 3444 5130 tnecmu

1880 5165 2287 5218 consuetudine
2336 5166 2647 5230 abstineat,
2701 5167 3034 5236 persuadere
3081 5170 3441 5224 contendunt.

1882 5256 1986 5310 Sed
2025 5274 2160 5310 Cltlll'
2185 5257 2257 5311 illi
2286 5273 2482 5327 magno
2521 5257 2712 5314 labore
2747 5274 2858 5313 non
2893 5259 3054 5312 modo
3081 5259 3220 5313 nihil
3255 5276 3446 5314 conse-

1881 5349 1991 5404 cuti
2020 5358 2226 5412 esseut,
2255 5351 2348 5402 sed
2378 5359 2428 5403 et
2463 5348 2592 5404 inde
2630 5365 2736 5403 non
2770 5350 2889 5404 sine
2919 5350 3105 5405 multis
3145 5352 3444 5418 reprelien-

1881 5439 2131 5493 sionibus
2171 5439 2347 5492 exacti
2404 5449 2628 5502 essent.
2683 5439 2897 5494 litteras
2943 5440 3007 5492 ad
3058 5441 3440 5508 imperatorem

1879 5531 2058 5594 mium
2087 5539 2126 5594 ι,
2169 5545 2232 5584 ea
2285 5545 2406 5599 quae
2453 5531 2769 5584 acciderant
2815 5529 3210 5600 signiﬁcantes,
3256 5543 3443 5600 postu-

1878 5619 2122 5686 lautque,
2160 5628 2218 5672 ut
2250 5617 2469 5673 omissis
2508 5620 2760 5688 negotiis,
2785 5619 2949 5690 827
2980 5635 3104 5689 qua:
3127 5621 3362 5690 plurima
3389 5635 3446 5676 et

1877 5711 2134 5766 tit-ilibus
2189 5714 2338 5769 curis
2384 5713 2544 5781 plena
2597 5727 2710 5782 prae
2761 5713 3015 5769 manibus
3073 5722 3206 5769 tunc
3259 5729 3440 5780 erant,

1881 5803 2198 5874 Byzantium
2250 5803 2490 5870 advolet,
2529 5818 2722 5858 eorum
2761 5803 2992 5874 gloriam
3048 5808 3100 5860 in
3132 5817 3440 5863 extremum

1879 5897 2174 5952 discrimen
2206 5895 2496 5953 adductam
2532 5890 2880 5953 defensurus.
2937 5898 3031 5954 llis
3083 5901 3188 5956 alia
3237 5899 3443 5957 rdiluut

3303 477 3442 544 1078
3517 475 3525 484 ’
