3992 6202
539 405 676 470 1079
848 403 922 477 [Α.
963 421 1020 461 at.
1063 405 1226 474 6856,
1270 421 1380 464 txn.
1427 408 1478 484 l]

1737 416 1789 477 Ν
1795 417 1816 474 Ι
1825 412 2157 476 CEPllORl
2195 413 2580 480 GREGORE

2865 409 2994 483 {una
3033 423 3077 466 ι.
3095 407 3461 476 ἀλιιτιευι.;,1

3599 417 3716 483 1080

535 521 824 591 proposito
861 537 963 577 suo
1005 535 1411 594 consentanea,
1465 535 1633 596 atque
1672 543 1736 582 ea
1781 527 2104 598 praesertim,

2230 531 2282 584 εά
2309 549 2370 584 τε
2401 530 2538 587 ἄλλα
2589 529 2792 602 δηλαδὴ
2828 530 2922 584 καὶ
2955 530 3104 594 ὅσοις
3149 529 3244 592 τάς
3294 529 3724 598 παλαμναιοτάτας

535 627 658 680 qua!
705 614 843 670 diris
897 615 1226 674 criminibus
1290 619 1345 673 in
1423 635 1509 676 me
1550 619 1802 675 conﬁctis
1853 634 1964 673 non
2010 633 2105 674 ca-

534 707 750 762 rebant.

613 797 706 852 lx.
750 800 866 866 llle,
903 803 1084 857 statim
1117 813 1178 857 ut
1217 803 1336 858 lure
1368 804 1600 870 audivit,
1631 805 2009 874 perturbatus,
2043 801 2108 857 iis

543 907 666 961 qua:
697 903 810 946 tum
845 893 1119 949 instabant
1146 897 1291 962 parvi
1328 896 1504 959 factis,
1545 911 1767 950 nectasse
1798 912 1918 950 esse
1953 894 2109 949 duxit

541 983 862 1054 Byzantium
910 987 1103 1040 venire
1151 1002 1313 1055 quam
1358 987 1666 1049 celerrime,
1719 1003 1830 1041 non
1882 996 1990 1042 tam
2038 985 2106 1041 ad

540 1075 948 1131 cnnlirmandas
972 1079 1259 1146 opiniones
1283 1095 1472 1143 novas,
1495 1093 1656 1146 quam
1686 1093 1755 1133 ne
1788 1075 1915 1132 inde
1938 1077 2110 1133 turbas

543 1166 597 1222 in
635 1169 870 1238 maxima
913 1170 1123 1239 imperii
1161 1172 1294 1226 urbe
1328 1172 1683 1227 exsisterent.
1717 1170 1821 1226 Ubi
1861 1170 2105 1235 advenit,

540 1257 677 1312 nihil
725 1260 773 1313 ei
826 1275 888 1314 ex
935 1260 1190 1316 omnibus
1221 1262 1370 1332 prius
1419 1261 1541 1327 fuit,
1575 1277 1740 1332 quam
1788 1269 1850 1315 ut
1893 1276 2106 1316 mecum

541 1349 661 1419 ipse
702 1359 758 1404 et
788 1351 1098 1420 patriarcha
1139 1355 1398 1410 collocuti
1433 1364 1770 1409 conarentur
1818 1353 1953 1408 mihi
1989 1368 2112 1423 per-

541 1440 776 1497 suadere
801 1442 972 1498 altum
1003 1451 1064 1499 ut
1093 1444 1381 1501 silentium
1409 1461 1689 1512 voverem,
1715 1462 1780 1502 ac
1811 1461 1882 1502 ne
1909 1446 2112 1501 insana:

541 1533 786 1588 cohortis
805 1535 1096 1605 opiniones
1123 1537 1422 1594 identidem
1444 1539 1708 1595 vellicans
1728 1554 1925 1609 magno
1951 1539 2115 1610 adju-

542 1636 730 1680 mento
759 1641 935 1680 essem
993 1629 1084 1692 iis,
1119 1630 1325 1699 quibus
1355 1631 1492 1686 istos
1521 1644 1766 1703 carpere,
1795 1629 2112 1699 linguisque

542 1719 834 1775 acerrimis
879 1728 934 1775 et
959 1735 1056 1777 ore
1105 1721 1282 1777 libero
1326 1722 1610 1790 insectari,
1639 1735 1834 1791 magna
1857 1720 2111 1792 voluptas

541 1819 710 1866 esset.

2215 625 2337 693 ἐμοὶ
2369 624 2706 692 προσάπτειν
2728 622 2910 685 αἰτίας
2946 624 3165 676 ἀπεῖναι
3189 621 3284 673 οὐκ
3317 616 3402 690 ἦν.

2285 713 2362 771 8'.
2386 711 2457 786 ᾮ
2487 717 2550 786 δὴ
2592 719 2686 771 καὶ
2711 716 2846 786 πρὸς
2866 718 2964 785 τὴν
2991 714 3161 785 ἀκοὴν
3185 713 3341 776 εὐθὺς
3358 702 3726 784 διαταραχθέντι

2219 808 2391 878 μικρά
2422 826 2480 861 τε
2537 809 2651 863 τῶν
2691 810 2792 862 ὅσα
2851 809 2905 862 οἱ
2953 808 3059 862 ἀνὰ
3109 809 3295 877 χεῖρας
3345 801 3410 876 ἧν
3473 808 3728 875 τηνικαῦτα

2215 903 2846 973 πεφροντικότιτάχιστα
2865 903 2921 964 ἐς
2949 899 3244 964 Βυζάντιον
3269 899 3434 952 ἐδόκει
3457 900 3558 951 τῶν
3581 901 3720 967 άνιγο

2217 995 2390 1048 καίων
2433 993 2789 1065 πορεύεσθαι,
2863 995 2925 1047 οὐ
2972 991 3227 1046 τοσοῦτον
3265 992 3560 1052 συστάσεως
3598 991 3725 1044 ἓνεκα

2215 1088 2326 1142 τῶν
2375 1088 2773 1168 κςιινοφωνιῶν,
2823 1088 2950 1140 ὅσον
2973 1085 3066 1140 τοῦ
3126 1085 3200 1155 μὴ
3237 1083 3493 1155 θορύϐους
3523 1084 3720 1137 ἐντεῦθεν

2216 1179 2607 1249 ἐπιχωριάζειν
2666 1181 2757 1250 τῇ⁰
2798 1177 3031 1250 μεγίστῃ
3087 1177 3242 1230 πόλει
3297 1175 3404 1228 τῶν
3450 1174 3723 1239 Βυζαντίων.

2229 1272 2547 1343 Ἀφιγμένῳ
2573 1272 2618 1324 δ’
2639 1272 2799 1343 ἔργον
2842 1267 2913 1343 ἦν
2943 1271 3095 1324 οὐδὲν
3125 1268 3336 1331 οὐδενὸς
3367 1265 3730 1339 προϊστάμενον,

2217 1364 2371 1434 ἤξύν
2403 1369 2465 1431 γε
2498 1362 2576 1432 τῷ
2615 1364 2932 1435 πατριάρχῃ
2979 1361 3214 1426 διάλεξιν
3247 1360 3382 1430 πρός
3429 1377 3492 1429 με
3547 1375 3734 1424 πεποιη-

2220 1455 2400 1525 μένοις
2426 1454 2637 1508 πείθιιν
2677 1453 2994 1525 πειρᾶσθαι,
3029 1453 3219 1526 μακρᾷ
3263 1469 3370 1506 τινι
3411 1450 3592 1504 θύοντα
3635 1464 3739 1500 σιω-

2217 1549 2318 1616 πῇ.
2363 1545 2592 1618 μηδαμῆ
2633 1548 2756 1610 ταῖς
2802 1545 2902 1616 τῆς
2940 1545 3148 1598 ἀτόπου
3202 1543 3475 1614 φάλαγγος
3511 1556 3741 1607 καινοφω-

2217 1640 2359 1702 νίαις
2397 1640 2567 1710 συχνά
2598 1639 3100 1709 διαλοιδορούμενον
3148 1639 3369 1707 μακρὰν
3410 1632 3646 1702 παρέχειν
3673 1633 3742 1701 ῥο-

2218 1735 2347 1805 πὴν,
2371 1729 2452 1796 οἷς
2475 1733 2671 1796 αὐτοὺς
2690 1733 2970 1802 διασύρειν
2993 1731 3090 1785 καὶ
3115 1731 3267 1792 ὅλαις
3299 1726 3574 1794 ταράττειν
3599 1722 3743 1792 γλώτ-

2217 1841 2341 1888 ταις
2386 1825 2481 1878 καὶ
2532 1824 2768 1895 χείλεσιν
2807 1821 3116 1892 ἐλευθέροις
3169 1820 3310 1890 ἔρως
3345 1815 3559 1888 μακρός.

613 1900 684 1959 Ῑ.
720 1903 1016 1986 Postquam
1061 1914 1264 1972 autem,
1289 1907 1480 1964 multis
1505 1907 1618 1965 illic
1647 1907 2118 1982 disputationibus

2294 1920 2354 1972 ι’.
2403 1919 2493 1982 Ὠς
2522 1917 2580 1970 δὲ
2616 1915 2828 1970 πολλῶν
2861 1915 2986 1968 ’ἐκεῖ
3014 1913 3259 1984 ῥυέντων
3284 1909 3580 1964 ἀντιπάλων
3601 1906 3748 1971 λόγων

543 1987 770 2061 habitis,
805 2014 943 2052 vana
968 2008 1023 2054 et
1057 1998 1224 2070 impia
1255 2001 1441 2056 dicere
1470 2002 1840 2071 patriarcham
1869 2003 2117 2060 luculenc

466 2139 472 2144 .
545 2097 630 2142 ter
660 2090 1029 2154 ostendimus,
1060 2107 1170 2146 non
1207 2093 1384 2146 solum
1415 2095 1546 2164 quia
1587 2095 1679 2151 ille
1706 2096 2117 2152 multitudinem

545 2182 893 2237 divinitatum
957 2183 1169 2240 inlinite
1224 2185 1490 2242 intmities
1559 2187 1865 2243 substantia
1933 2188 2120 2244 divina

545 2272 872 2328 inferiorum
897 2315 912 2338 ,
966 2275 1336 2332 increatarum
1390 2280 1613 2349 quidem
1638 2320 1654 2343 .
1694 2289 1750 2334 at
1794 2280 2120 2346 visibilium,

551 2373 610 2420 et
659 2367 968 2428 substantia
1029 2369 1374 2436 carentium,
1424 2381 1670 2428 statuere
1718 2387 1846 2429 cum
1904 2373 2122 2430 Palama

548 2457 858 2524 videbatur,
889 2461 983 2516 sed
1029 2462 1195 2516 etiam
1229 2463 1377 2532 quod
1429 2471 1750 2520 sanctorum
1783 2464 2027 2535 hymnos
2051 2463 2122 2518 de

547 2546 844 2610 Trinitate.
870 2551 981 2620 jam
1025 2552 1154 2607 inde
1200 2553 1511 2623 antiquitus
1539 2556 1754 2610 cantari
1803 2555 1857 2610 in
1887 2556 2123 2612 ecclesia

548 2641 777 2705 solitos,
797 2643 1012 2712 privata
1059 2643 1177 2715 ipse
1229 2643 1560 2701 auctoritate
1601 2646 1847 2702 tenebris
1893 2645 2127 2702 damna-

551 2742 725 2797 verat,
766 2735 890 2791 data
931 2737 1137 2791 volenti
1170 2740 1369 2808 cuique
1421 2739 1649 2796 licentia
1695 2756 1793 2798 eos
1836 2741 1894 2795 in
1945 2740 2124 2810 ignem

548 2836 646 2882 aut
675 2831 730 2882 in
771 2845 922 2884 mare
950 2831 1320 2913 projiciendl;
1353 2849 1484 2889 suos
1520 2849 1649 2888 vero
1676 2833 1956 2905 proprios,
1989 2847 2128 2902 quos

549 2933 727 2990 nuper
764 2922 1123 2990 condidisset,
1175 2926 1391 2990 stolidi,
1445 2937 1504 2980 ut
1565 2927 1638 2982 ita
1687 2927 1887 2990 dicam,
1919 2927 2130 2982 ventris

551 3011 698 3067 fetus
755 3013 998 3082 impios,
1051 3018 1271 3074 illorum
1322 3019 1446 3074 loco
1498 3019 1711 3074 cantari
1754 3020 2033 3090 iusserat;
2072 3019 2127 3073 in

548 3104 754 3174 quibus
804 3106 907 3162 hoc
959 3108 1106 3163 inter
1156 3120 1355 3165 caetera
1402 3112 1572 3181 828
1630 3111 1898 3182 scriptum
1945 3110 2016 3166 ab
2061 3125 2129 3165 eo

2227 2009 2435 2078 μάταια
2480 2009 2653 2076 λέγων
2705 2007 2804 2061 καὶ
2853 2003 3195 2076 βλασφημῶν
3241 2003 3271 2055 ὁ
3313 1999 3632 2070 πατριάρχης
3673 1993 3746 2061 σφ’

2224 2103 2386 2176 ήμῶν
2441 2101 2707 2172 ⁴ἢλέγχετο
2754 2098 3070 2171 προφανῶς,
3128 2097 3192 2150 οὐ
3250 2096 3406 2165 μόνον
3456 2093 3533 2146 ὅτι
3579 2088 3749 2157 πλῆθος

2223 2195 2500 2264 θεοτήτων
2529 2191 2827 2263 ἀπειράκις
2876 2189 3123 2258 ἀπείρως
3163 2186 3470 2256 ὑφειμένων
3496 2181 3584 2250 τῆς
3625 2177 3750 2238 θείας

2223 2287 2434 2350 οὐσίας,
2463 2287 2738 2340 ἀκτίστων
2772 2287 2893 2354 μὲν,
2925 2281 3136 2354 ὁρατῶν
3167 2282 3230 2335 δὲ
3267 2280 3359 2333 καὶ⁸
3387 2274 3653 2334 άνουσίων,
3678 2269 3750 2338 δο-

2225 2379 2411 2446 ξάζειν
2445 2378 2623 2432 ἐδόκει
2649 2376 2745 2443 ξύν
2777 2392 2842 2444 γε
2873 2375 2950 2445 τῷ
2994 2373 3259 2443 Παλαμᾷ,
3283 2367 3419 2450 ἀλλά
3452 2364 3548 2428 κάξ
3576 2358 3640 2416 ὦν
3663 2359 3751 2427 ἰδίᾳ

2225 2473 2354 2534 τοὺς
2385 2469 2485 2541 μὲν
2517 2469 2780 2529 είωθότας
2810 2467 2898 2522 ἐπ’
2927 2463 3229 2534 ἐκκλησίας
3264 2459 3467 2516 ἄνωθεν
3488 2453 3753 2527 τριαδικους

2224 2565 2336 2617 τῶν
2382 2562 2555 2628 ἁγίων
2608 2559 2832 2632 ᾅδεσθαι
2890 2557 3096 2626 ὕμνους
3144 2555 3206 2617 ἐς
3255 2549 3486 2620 τάφανές
3537 2541 3752 2616 ἐρῤίᾳοαι

2228 2654 2610 2719 κατεδίκαζεν.
2669 2653 2924 2716 ἐξουσίαν
2982 2647 3336 2719 βουλομένοις
3388 2642 3514 2711 πυρὶ
3557 2636 3640 2690 καὶ
3676 2633 3754 2686 θα·

2227 2750 2402 2819 λάττῃ
2438 2744 2765 2817 χαρίζεσθαι
2817 2741 3226 2812 παρεχόμενος·
3269 2733 3427 2796 αὐτὸς
3474 2729 3515 2782 δ’
3557 2725 3753 2780 οἰκείους

2229 2843 2355 2912 ἄρτι
2417 2835 2760 2907 πεποιηκὼς,
2820 2833 3024 2887 ἀτόπου
3093 2831 3266 2902 φάναι
3320 2824 3545 2895 γαστρὸς
3589 2819 3752 2912 ἔκγονα

2234 2907 2554 3006 βλάσφημα,
2612 2929 2838 2991 τούτους
2877 2925 2996 2980 ἀντ’
3048 2923 3279 2976 ἐκείνων
3326 2907 3752 3006 προσέταξεν-ᾄδε-

2233 2997 2395 3081 etiam;
2511 3019 2592 3087 οἷς
2624 3021 2694 3076 τά
2744 3038 2804 3074 τε
2840 3019 2977 3074 ἄλλα
3014 3018 3252 3088 γράφων
3283 3008 3352 3084 ἦν
3380 3009 3470 3064 καὶ
3493 3005 3562 3069 ὡς
3597 3001 3650 3056 οὐ
3677 2997 3752 3066 τὴν

2232 3123 2426 3176 οὐσίαν
2458 3117 2661 3190 χρεὼν,
2698 3116 2813 3170 ἀλλ’
2846 3112 3100 3167 άνούσιόν
3128 3126 3256 3162 τινα
3282 3103 3403 3160 καθ’
3431 3095 3753 3190 αὑτὴνλέγειν

527 3203 696 3268 ,οι-ει,
728 3211 836 3250 non
890 3198 1280 3265 substantiam,
1313 3204 1409 3256 sed
1463 3202 1765 3269 Quamdam
1805 3200 2127 3258 substantia:

2235 3182 2513 3285 ἐνέργειαν
2549 3182 2691 3264 εἶναι
2733 3206 2937 3276 κυρίως
2969 3203 3101 3256 Θεόν
3128 3215 3141 3229 ⁶
3171 3200 3324 3254 θέσει
3357 3197 3413 3250 δὲ
3452 3193 3538 3289 καὶ
3563 3189 3648 3258 τὴν
3667 3182 3756 3289 Μοὺ-

553 3299 834 3357 expertem
882 3306 981 3360 per
1037 3306 1098 3346 se
1155 3293 1432 3364 energiam
1506 3293 1676 3348 Deum
1741 3293 1966 3365 proprie
2021 3293 2130 3349 dici

552 3383 790 3440 debere:
817 3383 1090 3452 positione
1116 3393 1325 3449 tamen,
1346 3385 1512 3440 etiam
1536 3386 1711 3456 ipsam
1737 3384 2129 3442 substantiam:

555 3475 801 3530 humano
851 3475 1082 3532 fortasse
1141 3477 1419 3532 desiderio
1485 3478 1885 3549 permittente;
1936 3491 2135 3548 nempe

553 3565 870 3638 analogice,
900 3568 1363 3638 Quemadmodum
1411 3575 1466 3624 et
1511 3568 1767 3625 homines
1803 3569 1900 3623 lilii
1941 3568 2036 3624 Dei
2081 3577 2137 3623 et

554 3658 632 3714 dii
683 3674 781 3728 per
823 3660 1053 3730 gratiam
1098 3669 1411 3716 vocantur:
1461 3671 1539 3724 et,
1591 3675 1713 3730 qua:
1759 3659 2136 3716 conclusionis

554 3767 770 3808 summa
816 3762 960 3817 erat,
1011 3769 1120 3809 non
1159 3753 1549 3818 substantiam,
1582 3753 1680 3808 sed
1735 3753 1879 3808 illam
1917 3770 1949 3808 a
1999 3753 2134 3808 sub-

556 3846 757 3900 stantia
789 3846 1090 3901 abscissam
1115 3847 1423 3916 energiam,
1462 3861 1687 3901 carnem
1722 3862 1752 3900 a
1781 3846 2000 3918 Virgine
2039 3845 2133 3902 Dei

555 3938 819 4009 genitrice
861 3937 1031 3994 hilaria
1085 3939 1364 4009 accepisse
1389 3957 1403 4005 ;
1447 3938 1726 4011 ejusmodi.
1770 3939 1975 4009 quippe
2012 3954 2134 3994 esse

557 4029 923 4086 substantiam
956 4031 1152 4101 ipsam,
1191 4042 1250 4087 ut
1301 4031 1622 4103 participari
1661 4047 1773 4088 non
1822 4039 2032 4101 posset,
2077 4039 2136 4086 et

559 4124 628 4178 ab
657 4138 846 4184 rerum
901 4122 1251 4178 terrestrium
1289 4139 1424 4179 cura
1475 4139 1706 4194 prorsus
1752 4123 1931 4179 aliena
1964 4134 2132 4189 esset,

559 4214 768 4270 alicubi
807 4213 1022 4271 scilicet
1045 4215 1100 4270 in
1141 4215 1528 4286 superioribus
1555 4216 1696 4273 locis
1731 4217 2133 4273 constitutam:

561 4305 750 4360 multis
789 4306 974 4376 itaque
1007 4306 1141 4374 illic,
1174 4318 1235 4361 ut
1268 4308 1531 4373 diximus,
1562 4309 1838 4379 variisque
1883 4306 2136 4377 disputa-

562 4398 812 4454 tionibus
852 4398 1081 4462 habitis,
1111 4411 1167 4454 et
1201 4409 1317 4454 tota
1361 4399 1538 4456 ferme
1570 4400 1656 4454 illa
1691 4408 1852 4454 nocte
1888 4399 1962 4454 ibi
2003 4415 2137 4454 con-

560 4499 800 4560 sumpta,
854 4491 1177 4560 imperator,
1222 4491 1316 4545 ubi
1361 4492 1797 4546 controversiam
1842 4491 1988 4546 illam
2026 4507 2134 4544 non

2237 3307 2382 3369 σίαν.
2437 3299 2849 3372 συγχωροῦντος
2908 3295 3039 3359 ἴσως
3087 3291 3184 3346 τοῦ
3241 3287 3588 3372 ἀνθρωπίνου
3621 3276 3754 3372 πόθου

2237 3397 2382 3452 κατὰ
2414 3396 2476 3448 τὸ
2502 3370 2795 3460 ἀνάλογον,⁴
2820 3388 3010 3457 ὥσπερ
3043 3386 3138 3437 καὶ
3169 3383 3456 3453 ἄνθρωποι
3479 3371 3605 3428 κατὰ
3627 3370 3756 3439 χέρεν

2234 3492 2340 3544 υἱοὶ
2378 3485 2668 3542 καλοῦνται
2706 3481 2842 3536 Θεοῦ
2880 3482 2976 3536 καὶ
3022 3476 3170 3531 θεοίο
3227 3474 3325 3528 καὶ
3354 3471 3414 3524 τὸ
3462 3466 3550 3520 τοῦ
3587 3472 3759 3528 συμπε-

2239 3582 2517 3652 ράσματος
2555 3572 2994 3644 σκοπιμὼτατον,
3035 3569 3112 3649 μὴ
3145 3566 3250 3638 τὴν
3288 3564 3494 3623 οὐσίαν,
3538 3553 3657 3652 mi
3682 3549 3759 3652 τῗῖν

2234 3648 2335 3745 τῆς
2367 3648 2556 3734 οἶῦσίας
2601 3669 2821 3739 ἐκείνην
2857 3663 3255 3738 ἀπερῤωγυῖαν
3289 3661 3559 3727 ἐνέργειαν
3603 3649 3664 3745 ἐκ
3683 3648 3759 3745 τῆς

2235 3733 2508 3836 παρθένου
2535 3733 2630 3816 καὶ
2660 3733 2914 3814 θεοτόκου
2951 3733 3340 3824 σενσαρκῶσθαι
3378 3745 3587 3838 Μαρίαξ
3608 3733 3757 3838 ’⁸ἀμές

2235 3833 2427 3913 θεκτον
2459 3855 2570 3926 γάρ
2593 3849 2735 3908 εἶναι
2765 3852 2876 3932 καὶ⁸
2887 3847 3290 3915 ἁυεπῑστροφον
3312 3840 3504 3898 τελέως
3527 3833 3622 3886 τῶν
3646 3839 3763 3932 κατα

2235 3951 2343 4020 γῆν
2376 3919 2482 4020 τὴν
2507 3919 2698 4001 ουσίαν
2757 3919 2996 4010 ἐκείνην,
3049 3941 3110 3992 ἐν
3141 3939 3261 4000 τοῖς
3299 3934 3422 3994 ⁵ἅνω
3453 3943 3552 4029 που
3591 3919 3762 4029 ’τόποις

2234 4040 2562 4114 ὁριζομένην
2590 4055 2604 4069 ·
2633 4035 2846 4090 πολλῶν
2875 4031 2968 4086 οὖν
3011 4032 3127 4084 ἐκεῖ
3162 4028 3429 4101 ῥυέντων.
3467 4022 3538 4081 ὡς
3563 4022 3762 4115 εῐρρτξιι

2236 4112 2332 4187 καὶ
2386 4131 2650 4185 ποικίλων
2683 4129 2742 4192 ἐξ
2774 4125 3070 4181 ἀντιπάλου
3115 4121 3316 4188 λόγων,
3359 4116 3452 4169 κα)⁸
3478 4112 3659 4184 μικροῦ
3685 4112 3763 4192 της

2234 4225 2366 4292 ὅλης
2401 4223 2617 4291 ἐκείνης
2641 4187 2890 4273 ἐνταυθοῖ
2920 4187 3418 4280 καινοτομήθείσης
3443 4201 3640 4297 νυκτὸς.

2241 4314 2314 4383 μὴ
2345 4312 2414 4366 τὰ
2447 4312 2546 4380 τῆς
2591 4309 2899 4369 ὑποθέσεως
2928 4306 3102 4367 ἄλλως
3132 4303 3440 4373 ἠρεμήσειν
3485 4299 3511 4349 ό
3553 4292 3764 4383 βασιλεὺς

2240 4405 2505 4472 ξυνενόει,
2546 4400 2818 4470 Ἰσιδώρου
2852 4398 2950 4468 μέν
2986 4399 3201 4450 ἐκείνου
3244 4395 3370 4454 τοὺς
3395 4391 3543 4449 νέους
3575 4379 3767 4478 κανόνας

2240 4497 2510 4566 ἀφανείας
2566 4494 2790 4562 δοθῆναι
2841 4489 3235 4560 προσετετάχει
3285 4483 3458 4554 πυρί·
3491 4477 3765 4566 παρρησιαῖ

561 4556 724 4638 aliter
775 4556 988 4638 ﬁnitum
1040 4584 1107 4639 iri
1168 4583 1461 4650 intellexit,
1507 4583 1704 4639 lsidori
1758 4583 1908 4638 illius
1959 4597 2127 4637 novos

2239 4556 2430 4657 ζεσθαι
2466 4556 2512 4642 δέ
2537 4556 2696 4648 αὖθις
2718 4587 2846 4649 τοὺς
2872 4556 3236 4642 εἰωθότας
3267 4575 3520 4632 παλαιοῦ.
3561 4571 3635 4644 [Ρ.
3664 4556 3765 4657 ὀίὶξ]

562 4691 802 4732 canones
829 4675 952 4746 igne
983 4675 1180 4740 deleri,
1210 4693 1272 4732 ac
1319 4676 1580 4746 loquendi
1629 4677 1942 4733 libertatem
1993 4671 2135 4730 reci-

563 4785 694 4840 pere
728 4783 821 4823 eos
845 4767 939 4837 qui
969 4777 1131 4822 antea
1170 4767 1495 4822 habuissent
1521 4765 1706 4834 jussit.
1741 4766 1834 4821 llis
1873 4769 1946 4820 ita
1984 4765 2134 4820 ordi-

563 4865 704 4915 natis
734 4869 790 4915 et
821 4859 1066 4913 omnium
1110 4873 1342 4912 assensu
1379 4859 1774 4926 comprobatis,
1810 4865 2133 4925 sumptuosa

561 4953 722 5006 nobis
764 4966 978 5014 mensa,
1011 4951 1229 5020 signum
1263 4949 1596 5012 concordia,
1626 4947 1876 5018 apposita
1921 4955 2025 5001 est.
2057 4949 2136 5000 Ac

564 5044 644 5099 sic
679 5058 805 5097 .una
857 5057 985 5096 cum
1033 5041 1460 5110 imperatoribus
1501 5041 1708 5110 epulati
1759 5040 2134 5104 surreximus,

563 5145 850 5202 sperantes
876 5133 1144 5203 principis
1185 5132 1370 5187 edicto
1402 5131 1790 5186 conﬁrmatum
1837 5131 1907 5185 iri
1935 5130 2138 5200 postri-

564 5228 656 5282 die
685 5241 772 5287 ea.
798 5225 866 5279 de
910 5224 1115 5293 quibus
1147 5232 1481 5277 convenerat
1508 5241 1521 5288 ;
1557 5237 1626 5276 ne
1647 5223 1715 5274 ab
1740 5221 1990 5276 ecclesiis
2019 5220 2134 5285 Dei,

566 5319 772 5388 ubique
798 5315 966 5371 maris
986 5325 1041 5370 et
1073 5323 1342 5368 terrarum
1377 5313 1548 5382 patria
1575 5312 1856 5384 religionis
1886 5312 2138 5382 dogmata

565 5407 1018 5470 defendentibus,
1060 5416 1389 5461 vocarentur
1424 5405 1477 5458 in
1507 5403 1734 5459 dubium
1772 5419 1836 5459 ea
1865 5419 1988 5473 qua:
2025 5415 2139 5458 tum

569 5504 795 5558 ﬁebant.

640 5591 733 5648 XI.
775 5597 848 5647 At
892 5603 1110 5662 pactum
1151 5590 1288 5659 illud
1325 5605 1427 5646 nec
1475 5589 1569 5644 diu
1593 5629 1608 5654 ,
1640 5605 1741 5646 nec
1778 5591 1846 5646 iis
1884 5591 2144 5648 omnibus

571 5686 667 5754 qni
699 5685 987 5739 contrarise
1031 5683 1288 5739 factionis
1318 5694 1497 5750 erant,
1530 5691 1709 5738 ratum
1745 5699 1866 5739 esse
1912 5684 2141 5754 placuit.

575 5774 872 5828 Enimvero
923 5776 1307 5830 necessitatem
1345 5774 1665 5845 imperatori
1707 5775 2032 5837 adhibuere,
2065 5775 2146 5845 ip-

577 5879 695 5920 Sem
726 5878 936 5932 quoque
965 5866 1238 5920 Palamant
1263 5866 1600 5936 arcessendi,
1625 5866 1692 5920 ad
1723 5867 2142 5924 consultandum

2240 4684 2462 4737 Τούτων
2485 4679 2542 4734 ’δ’
2574 4680 2719 4733 οὕτω
2752 4676 3205 4742 συντεταγμένων
3246 4672 3342 4726 καὶ
3375 4653 3769 4736 συμπεςωνημέ·

2237 4793 2366 4841 νων,
2387 4774 2636 4844 τράπεζα
2658 4770 2956 4839 πολυτελὴς
2985 4769 3116 4837 ἡμῖν
3137 4762 3556 4834 παρεκομίζετο,
3580 4750 3768 4820 σημεῖον

2237 4857 2788 4939 ὁμοφροσύνης.’Καὶ
2826 4859 3310 4919 συνεστιασθέντες
3343 4854 3484 4907 οὓτω
3511 4851 3614 4908 τοῖς
3644 4844 3767 4939 βασις

2238 4928 2425 5027 gssit:
2465 4928 2796 5027 ἀνέστημεν,
2833 4953 3153 5013 ἐλπίσαντες
3181 4951 3236 5011 ἐς
3259 4947 3359 5018 τὴν
3395 4941 3670 5010 ὑστεραίαν
3697 4928 3767 4982 καὶ

2240 5053 2541 5124 βασιλικοῖς
2591 5047 3032 5118 κυριωθήσεσθαι
3061 5043 3357 5114 γράμμασι
3395 5040 3460 5092 τὰ
3511 5041 3766 5100 συμφωνηο

2239 5147 2423 5210 θέντα,
2447 5144 2521 5207 ὡς
2555 5142 2629 5212 μὴ
2659 5139 2938 5212 ἀμφίϐολα
2968 5139 3038 5191 τά
3060 5137 3359 5205 γιγνόμενα
3383 5132 3469 5197 εῐη
3488 5131 3601 5187 ταῖς
3614 5125 3771 5222 dm?-

2239 5238 2380 5307 ταΧῆ
2416 5235 2688 5302 θαλάττης
2719 5234 2817 5287 καὶ
2857 5233 2962 5301 γῆς
2990 5231 3130 5300 ὑπὲρ
3157 5229 3264 5281 τῶν
3313 5222 3552 5292 πατρίων
3581 5216 3668 5284 τῆς
3693 5216 3770 5262 εὖ·

2243 5329 2459 5390 σεσείας
2484 5327 2776 5396 δογμάτων
2800 5323 3191 5395 άντεχομὲναις
3220 5318 3358 5372 Θεοῦ
3389 5311 3706 5382 ἐκκληοὶαιςσ

2314 5589 2416 5648 lA'.
2448 5591 2590 5646 Ἀλλ’
2619 5592 2720 5646 οὐκ
2747 5592 2828 5655 είς
2859 5589 3078 5661 μακράν
3097 5590 3165 5643 τὰ
3189 5588 3287 5656 τῆς
3320 5582 3624 5654 συμφωνίας
3648 5569 3768 5626 ἐκεί-

2243 5703 2341 5754 νης
2393 5686 2513 5739 οὐδέ
2565 5687 2733 5738 πᾶσιν
2760 5686 2962 5756 ἤρεσκε
3015 5685 3129 5748 τοῖς
3174 5683 3234 5734 ἐκ
3269 5680 3366 5747 τῆς
3418 5667 3767 5736 ἀντικειμένης

2247 5779 2481 5847 φατρίας
2519 5779 2714 5850 βέδαια
2761 5781 3101 5852 πρραμένειν
3125 5793 3139 5808 ·
3171 5773 3286 5829 ἀλλ’
3323 5774 3558 5836 ἀνάγκην
3583 5757 3765 5852 προσῇ-

2248 5887 2344 5938 γυν
2372 5870 2450 5941 τῷ
2482 5871 2712 5940 βασιλεῖ,
2760 5873 3152 5940 μετάπεμπτον
3187 5869 3274 5919 καὶ
3323 5861 3571 5926 [hletin
3601 5858 3650 5917 ἐς
3681 5850 3764 5914 τὴν
