3944 6206
273 373 407 442 1031
619 371 699 448 [Α.
726 388 780 430 c.
813 373 972 448 i348]

1188 385 1635 446 BYZANTlN/E
1674 385 2065 446 HlS'l‘Oi’il/E
2103 388 2251 451 LIB.
2287 390 2442 450 XVI.

3373 392 3516 457 10°2

2573 386 2706 458 [nun
2735 403 2781 442 ε.
2820 403 3115 443 omnem.
3164 386 3224 460 ἓ]

268 492 380 546 τῶν
402 491 743 562 δεδογμένων
789 497 1062 552 ποιεῖσθαι
1097 499 1317 571 βουλὴν,
1358 503 1432 572 μὴ
1480 503 1734 573 θόρυϐον,
1765 503 1825 567 ὡς

1944 504 2012 558 de
2050 504 2117 559 iis
2144 504 2332 568 rebus,
2363 520 2484 574 qua!
2513 506 2751 561 (ἰείη-ρεαδ
2783 519 3009 568 easent;
3046 497 3213 578 829
3253 524 3322 563 ne
3355 511 3399 564 is
3432 521 3513 564 tn-

268 585 792 656 περιφρονούμενος,
826 589 998 642 ἐπιὼν
1042 592 1345 664 ἀναφλὲξῃ,
1383 595 1482 662 τὴν
1514 594 1610 648 τοῦ
1663 595 1834 664 μῦθου

265 673 364 727 τοῦ
408 675 658 731 Ἀττικοῦ
695 678 1037 750 μιμούμενος
1070 682 1230 754 Ἔριν
1271 685 1516 754 ἐκείνην,
1548 688 1614 756 ἢν
1645 686 1723 754 τῷ
1755 703 1844 737 τε-

270 765 501 834 ρατώδει
544 767 641 820 τοῦ
691 768 865 839 μήλου
925 771 1190 844 μεγίστην
1224 775 1396 828 πάλαι
1427 779 1594 843 φασὶν
1624 778 1838 845 ὑφάψαι

266 857 513 920 στάσεως
543 860 716 929 φλόγα
753 864 847 916 καὶ
892 865 1076 935 μάχην
1113 867 1195 936 τῷ
1226 869 1334 922 τῶν
1381 870 1520 924 θεῶν
1553 871 1836 942 συνεδρίῳ,

263 947 349 999 ὅτι
384 948 458 1019 μὴ
501 951 559 1010 ἐς
587 951 688 1020 τὴν
729 954 915 1024 κοινὴν
945 955 1161 1025 ἐκείνην
1184 959 1294 1010 τῶν
1339 960 1442 1028 τῆς
1474 961 1691 1023 Θέτιδος
1734 962 1838 1029 γά-

267 1057 389 1108 μων
423 1042 708 1110 τράπεζαν
757 1047 1028 1118 ὲσεκλήθη
1071 1050 1166 1102 καὶ
1200 1051 1363 1120 αὕτη.
1418 1053 1514 1105 Διὰ
1547 1053 1612 1124 δὴ
1654 1035 1841 1108 ’ταῦτα

268 1135 672 1204 μετάπεμπτος
703 1139 766 1190 ὲκ
797 1140 1181 1210 Διδυμοτείχου
1215 1148 1308 1199 καὶ
1353 1146 1610 1214 “alapa;
1644 1149 1699 1208 ἐς
1736 1147 1838 1199 Bu-

263 1222 483 1287 ζάντιον
530 1227 762 1297 τάχιστα
815 1231 1050 1297 γίνεται.
1103 1235 1214 1288 Καὶ
1269 1237 1354 1289 ἵνα
1397 1241 1498 1289 τάν
1559 1239 1709 1308 μέσῳ
1747 1238 1838 1292 τοῦ

263 1317 530 1386 φορτικοῦ
567 1321 728 1390 χάριν
758 1323 1039 1390 παρέλθω.
1074 1327 1210 1397 πρὸς
1251 1330 1378 1392 τοὺς
1416 1331 1540 1384 κατ’
1573 1333 1708 1399 ἐμοῦ
1739 1333 1840 1385 καὶ

260 1409 429 1472 αὐτὸς
482 1410 708 1479 ὁμοίως,
763 1415 966 1483 μᾶλλον
1014 1418 1060 1471 δ’
1087 1422 1266 1474 εἰπεῖν
1325 1424 1654 1492 οίκειὸτερον
1693 1425 1838 1478 κατὰ

258 1500 375 1553 τῶν
400 1501 499 1570 τῆς
535 1503 867 1575 Ἐκκλησίας
890 1508 1200 1578 δογμάτων,
1232 1515 1502 1583 πολέμους
1532 1517 1835 1580 ὁπλίζεται.

259 1591 374 1642 Καὶ
403 1593 593 1662 ἐπειδὴ
632 1595 726 1648 τὸν
753 1597 940 1664 ἀγῶνα
979 1600 1154 1669 θυμοῦ
1195 1603 1292 1656 καὶ
1328 1604 1631 1670 κενοδοξίας
1663 1607 1839 1660 πνέων

257 1682 439 1752 εἰσῄει
474 1687 717 1754 μακρᾶς,
751 1688 889 1766 ἐμοῦ
924 1691 1132 1760 μηδένα
1157 1694 1428 1764 πάρεδρον
1453 1695 1668 1766 ἔχοντος
1702 1697 1837 1766 σύμ-

259 1791 463 1844 μαχον,
497 1779 636 1845 πλὴν
668 1763 832 1850 μόνοῖι
863 1783 1024 1846 Θεοῦ,
1058 1785 1312 1856 καθάπερ
1338 1763 1436 1841 καὶ
1557 1790 1685 1851 τοὺς
1713 1763 1838 1860 πρός

253 1880 422 1934 τριτα
483 1867 788 1937 διαλόγους,
850 1873 1012 1936 αὐτὸς
1062 1876 1202 1944 πρός
1253 1893 1316 1942 γε
1351 1877 1466 1940 τοῖς
1516 1878 1693 1939 ἄλλοις
1739 1880 1834 1931 καὶ

253 1956 422 2010 αὑτὸν
455 1957 704 2026 βασιλέα,
733 1962 792 2014 τὸ
816 1963 916 2032 τῆς
969 1965 1152 2034 ἰσχύος
1185 1967 1500 2035 κεφάλαιον,
1541 1969 1832 2036 κράτιστον

252 2044 374 2119 εἶχε
431 2051 742 2122 σύμμαχον.
785 2057 854 2109 ’Δ
902 2057 1003 2125 μὲν
1035 2057 1128 2110 οὖν
1164 2058 1288 2128 ιμοί
1338 2077 1399 2113 τε
1445 2061 1722 2124 κάκείνοις
1773 2063 1832 2115 ιν

252 2143 571 2210 προοιμίοις
623 2145 935 2215 λελάληται,
995 2151 1266 2219 μηδεμιᾶς
1303 2153 1361 2214 ἐς
1398 2152 1496 2224 τὴν
1544 2153 1830 2223 παροῦσαν

251 2233 541 2301 ἀφήγησιν
571 2234 764 2305 ἔχοντα
794 2239 984 2307 χρείας
1008 2241 1280 2312 ἀνάγκην,
1319 2246 1500 2313 σιωπῇ
1547 2246 1829 2314 παρατρέ-

252 2337 376 2391 χειν
409 2325 749 2397 κεκρίκαμεν
773 2329 902 2382 δεῖν.
939 2332 1020 2385 Τὰ
1040 2332 1084 2384 δ’
1121 2333 1319 2402 ἐφεξῆς
1345 2331 1494 2406 εἶχεν
1521 2335 1687 2391 οὕτω.

252 2419 584 2473 necessario
651 2422 958 2491 pertinent.
1009 2423 1233 2480 silentio
1275 2427 1745 2494 praetermittenda
1782 2425 1992 2497 judico.

249 2510 428 2565 modi.

328 2608 431 2662 IB'.
463 2609 556 2681 Μὴ
582 2611 776 2680 χρείαν
803 2611 1042 2681 ἔφασκον
1073 2614 1250 2682 ἔγωγε
1283 2609 1424 2669 εῖναι
1449 2615 1722 2684 δευτέρων
1751 2614 1832 2669 ἔτι

249 2697 524 2765 διαλόγων
555 2702 648 2753 καὶ
679 2701 890 2772 κρότων
913 2704 1022 2756 άπὸ
1041 2703 1292 2774 γλώττης
1323 2705 1582 2775 μαχίμων
1605 2709 1752 2776 ιμολ,
1781 2709 1830 2759 εί

249 2787 469 2856 βέϐαιοι
505 2790 757 2857 μένουσιν
783 2795 838 2846 ai
863 2793 964 2860 τῆς
992 2796 1265 2866 προτέρας
1297 2798 1514 2866 ἐκείνης
1541 2799 1831 2864 διαλέξεως

247 2881 642 2943 καταστάσεις.
670 2882 732 2934 Ei
769 2881 812 2935 δ’
836 2884 1022 2936 ἐκεῖνα
1054 2887 1372 2940 παντάπασι
1401 2888 1618 2940 λέλυται
1650 2889 1744 2941 καὶ
1771 2889 1830 2951 ἐς

246 2972 380 3034 τοὺς
412 2972 586 3043 λήθης
639 2973 899 3045 ἔρριπται
941 2975 1175 3046 ῥύακας,
1206 2978 1317 3031 οὐδ’
1362 2978 1506 3032 οὕτω
1543 2997 1634 3048 μοι
1664 2981 1830 3034 πάλιν

248 3065 526 3135 δευτέρων
554 3066 636 3119 δεῖ
659 3067 1012 3138 συζητήσεών
1037 3087 1096 3122 τε
1122 3072 1217 3124 καὶ
1251 3071 1596 3138 ἀποδείξεων.
1631 3074 1693 3126 Ei
1718 3074 1828 3144 γὰρ

246 3158 286 3213 δ.
330 3159 436 3228 πρὸ
467 3159 696 3229 βραχέος
737 3160 948 3230 βασιλεῖ
975 3179 1035 3215 τε
1075 3164 1170 3216 καὶ
1203 3164 1521 3236 πατριάρχῃ
1556 3165 1826 3233 δέδοκται,

247 3252 348 3304 νῦν
378 3252 650 3322 ἀραχνίων
701 3251 919 3309 λέλυται
946 3259 1171 3324 τρόπον,
1203 3255 1317 3319 πῶς
1347 3255 1412 3310 ἂν
1445 3253 1534 3310 οἷα
1578 3259 1672 3310 καὶ
1713 3258 1824 3311 [Ια-

249 3344 404 3416 λαμᾷ
434 3347 561 3413 περὶ
610 3346 718 3400 τῶν
775 3347 958 3400 αὐτῶν
1011 3349 1374 3420 πεπράξεται,
1422 3349 1591 3402 πιστά
1619 3366 1680 3402 τε
1731 3351 1827 3402 καὶ

249 3439 755 3509 ἀναμφισϐητήτως
790 3441 922 3509 ἡμῖν
969 3440 1163 3510 ἔχοντα
1211 3443 1426 3512 φανείη,
1480 3442 1530 3492 εἰ
1585 3441 1692 3511 ἄρα
1732 3426 1846 3493 καῖ

251 3529 418 3592 αὑτός
461 3548 553 3600 μοι
599 3532 912 3603 ξυμφωνεῖν
942 3534 1357 3602 ἐπαγγέλλριτο,
1388 3534 1526 3604 πρὸς
1576 3535 1611 3589 ἃ
1639 3534 1702 3606 δὴ
1732 3535 1824 3588 καὶ

250 3623 603 3691 πειθομένοις
651 3626 780 3696 ὑμῖν
827 3625 1106 3696 ἐχρώμην,
1138 3625 1216 3696 τῷ
1269 3627 1494 3698 μεγέθει
1522 3626 1622 3696 τῆς
1668 3626 1826 3694 ἀξίας

248 3717 505 3769 πλεῖστον
534 3717 689 3786 ὑμῶν
719 3717 1065 3787 λειπόμενος,
1095 3720 1190 3771 καὶ
1219 3718 1336 3789 ἅμα
1364 3721 1432 3788 τῇ
1462 3720 1572 3772 τῶν
1601 3719 1823 3788 τρόπων

246 3811 392 3862 αίόοἰ
423 3810 519 3861 καὶ
554 3810 848 3879 σεμνότητι
876 3811 1010 3864 πολὺ
1044 3812 1105 3863 τὸ
1130 3811 1306 3876 ἐνδεές
1330 3830 1389 3864 τε
1411 3813 1508 3866 καὶ
1531 3812 1823 3882 ὑφειμένον

244 3902 313 3955 ἐκ
343 3899 555 3954 πολλῶν
592 3901 854 3966 πολλάκις
885 3903 1238 3974 ἐνδεδειχώς;

320 4073 406 4147 [ρ.
435 4073 566 4147 323]
597 4052 695 4130 if".
730 4077 872 4146 Πρὸς
913 4076 1057 4147 ειπερ
1088 4079 1114 4132 6
1143 4079 1432 4148 Παλαμᾶς,
1478 4097 1496 4130 ι
1525 4079 1649 4133 ow
1673 4080 1818 4149 ἐμοὶ,

245 4169 405 4237 φησὶ,
432 4165 720 4235 διαλέξεων
745 4169 826 4221 δεῐ
847 4170 941 4222 καὶ
964 4173 1264 4242 κριτηρίων
1286 4171 1480 4235 ἄλλων,
1506 4171 1652 4237 ἅπαξ
1675 4174 1824 4242 εἰλη-

1947 597 2202 660 multum,
2229 598 2380 652 velut
2416 592 2727 666 despectus,
2764 600 3071 653 interventu
3104 617 3203 654 suo
3229 602 3514 665 excitaret,

1944 688 2092 742 illam
2145 689 2328 742 fabula
2359 688 2534 743 Attica
2575 689 2918 744 decantatam
2961 692 3298 746 Discordiam
3333 695 3518 747 imita-

1945 789 2140 842 turus,
2195 796 2314 848 qme
2365 780 2512 846 pomi
2586 781 2837 852 prodigio
2894 785 3177 839 maximam
3230 785 3518 839 seditionis

1941 870 2213 923 ﬂammant
2245 880 2301 924 et
2329 886 2567 940 pugnam
2606 873 2660 925 in
2702 874 2936 928 concilio
2965 875 3190 929 deorum
3228 877 3350 928 ideo
3380 878 3512 929 olim

1941 963 2260 1016 accendisse
2313 962 2539 1024 dicitur,
2596 964 2726 1032 quia
2788 965 2854 1017 ad
2921 981 3212 1019 commune
3273 967 3404 1019 illud
3461 975 3517 1020 et

1940 1053 2187 1121 nuptiale
2218 1052 2472 1106 Thetidis
2502 1052 2818 1107 convivium
2853 1064 3044 1107 vocata
3092 1054 3238 1106 haud
3296 1055 3513 1108 inisset.

1940 1145 2308 1210 Quamobrem
2391 1145 2776 1215 Didymoticbo
2835 1146 3136 1200 arcessitus
3196 1145 3512 1213 Byzantium

1939 1241 2177 1293 accurrit
2207 1249 2262 1293 et
2289 1240 2560 1294 Palamas.
2593 1241 2770 1310 Atque
2796 1250 2856 1294 ut
2886 1242 3093 1295 fastidii
3116 1241 3327 1295 vitandi
3352 1255 3515 1294 causa

1938 1346 2002 1385 ea
2039 1331 2480 1400 0tuittam,_quaa
2536 1331 2827 1401 interjecto
2885 1343 3127 1400 tempore
3171 1333 3512 1396 acciderunt,

1939 1423 2176 1491 accingit
2201 1424 2367 1478 etiam
2401 1424 2494 1478 ille
2523 1438 2583 1478 se
2610 1424 2679 1478 ad
2713 1423 2914 1478 bellum
2948 1424 3104 1490 mihi,
3139 1424 3247 1477 imo
3279 1424 3364 1493 (ut
3387 1411 3549 1478 con?

1938 1515 2222 1582 gruentius
2269 1515 2481 1584 loquar)
2525 1515 2693 1570 sacris
2757 1514 3013 1570 Ecclesia:
3049 1514 3322 1584 dogmatis
3372 1514 3516 1568 inie-

1943 1607 2197 1659 rendum.
2230 1607 2479 1676 Cumque
2503 1609 2556 1661 in
2587 1617 2869 1662 certamen
2900 1606 3296 1670 descendisset,
3326 1606 3517 1675 ingen—

1941 1705 2048 1750 tem
2078 1697 2336 1766 Spiritum
2359 1707 2418 1752 et
2434 1712 2684 1766 magnam
2714 1697 3082 1766 arrogantiam
3095 1712 3216 1765 prae
3234 1711 3290 1749 se
3310 1695 3510 1759 ferens,

1937 1806 2038 1859 ego
2065 1789 2288 1858 quidem
2329 1790 2608 1843 neminem
2659 1788 2952 1853 habebam,
2983 1788 3078 1857 qui
3117 1787 3251 1841 mihi
3294 1787 3512 1840 adesset

1941 1898 2006 1936 ac
2039 1890 2414 1942 succurreret,
2469 1879 2578 1934 Deo
2608 1889 2862 1950 excepto,
2895 1879 3041 1934 sicut
3069 1895 3172 1934 nec
3204 1879 3256 1932 in
3303 1878 3393 1932 illa
3425 1876 3510 1931 di-

1939 1973 2280 2043 sputatione,
2317 1988 2440 2041 qua:
2481 1971 2666 2025 habita
2724 1971 2906 2026 triduo
2961 1979 3088 2025 ante
3137 1970 3357 2033 fuerat;
3406 1967 3510 2021 iste

1937 2071 2144 2125 antem,
2163 2072 2358 2130 pra'ter
2375 2070 2626 2125 caeteros,
2647 2062 2822 2130 ipsum
2850 2074 3071 2128 quoque
3101 2060 3508 2128 imperatorem,

1936 2151 1994 2206 in
2026 2167 2137 2221 quo
2183 2166 2399 2205 summa
2451 2151 2670 2205 roboris
2719 2159 2861 2213 erat,
2910 2150 3239 2203 acerrimum
3270 2147 3510 2202 habebat

1938 2252 2438 2313 propugnatorem.
2493 2242 2627 2308 Qua:
2679 2243 2850 2312 igitur
2913 2258 3016 2314 ego
3071 2251 3128 2296 et
3168 2240 3246 2294 illi
3295 2237 3506 2308 praefati

1935 2351 2149 2409 sumus,
2193 2349 2282 2397 ea,
2310 2335 2439 2403 quia
2487 2335 2556 2388 ad
2604 2345 2926 2404 prmsentem
2984 2334 3350 2387 narrationem
3398 2346 3507 2383 non

2085 2424 2408 2489 Qum-vero
2485 2433 2672 2481 secula
2729 2435 2893 2492 sunt,
2940 2439 3004 2480 ea
3069 2425 3294 2480 fuerunt
3355 2425 3508 2495 ejus-

2010 2615 2127 2670 Xll.
2159 2616 2431 2686 Negabam
2465 2614 2599 2669 mihi
2625 2629 2765 2684 opus
2784 2628 2906 2670 esse
2936 2612 3110 2667 altera
3131 2611 3506 2682 disputatione

1935 2716 1991 2760 et
2025 2707 2512 2776 pugnacislinguze
2546 2707 2804 2775 strepitu,
2865 2705 2911 2760 si
2955 2704 3175 2768 stabilia
3223 2713 3506 2758 manerent

1933 2813 2020 2861 ea,
2083 2813 2206 2866 qua:
2264 2799 2434 2868 priori
2474 2798 2848 2867 disputatione
2897 2797 3196 2850 constituta
3247 2795 3500 2850 fuissent.

1933 2887 2028 2942 Sin
2088 2888 2179 2942 illa
2247 2890 2474 2942 omnino
2533 2888 2736 2942 abolita
2791 2897 2848 2942 ct
2901 2887 3198 2942 oblivionis
3248 2885 3506 2960 [luctibus

1935 2993 2115 3034 tnersa
2147 2989 2355 3042 essent,
2407 2994 2477 3035 ne
2527 2979 2607 3034 sic
2639 2977 2864 3048 quidem
2892 2978 3024 3031 mihi
3058 2978 3218 3035 novis
3252 2976 3507 3045 quastio-

1932 3071 2095 3125 nihus
2145 3068 2780 3140 argumentationibusve
2845 3083 2982 3138 opus
3033 3082 3175 3121 esse.
3234 3064 3289 3120 Si
3356 3063 3504 3118 enim

1932 3179 2054 3232 qua!
2085 3163 2250 3232 paulo
2285 3172 2410 3216 ante
2446 3161 2764 3230 imperatori
2829 3169 2886 3214 et
2928 3158 3255 3229 patriarchae
3286 3157 3506 3227 placue-

1934 3267 2081 3321 rant,
2114 3271 2178 3311 ea
2211 3271 2360 3310 nunc
2383 3256 2532 3309 velut
2567 3255 2688 3309 tela:
2736 3267 3063 3307 aranearum
3112 3253 3288 3305 soluta
3351 3259 3502 3310 sunt,

1931 3347 2208 3415 quomodo
2239 3361 2325 3406 ea.
2357 3362 2478 3412 qua:
2499 3343 2748 3398 Palamas
2778 3342 2968 3396 iisdem
2995 3341 3062 3395 de
3086 3341 3249 3394 rebus
3278 3349 3501 3399 statuet.

1928 3439 2143 3493 sincera
2176 3453 2276 3491 nec
2302 3436 2582 3504 ambiguae
2611 3433 2776 3503 830
2801 3433 2927 3488 iidei
2986 3448 3107 3487 esse
3139 3432 3498 3490 videbuntur,

1927 3531 1970 3584 si
1996 3530 2137 3584 forte
2170 3541 2566 3582 concessurum
2604 3541 2662 3579 se
2724 3523 2856 3577 mihi
2896 3523 2986 3576 illa
3037 3522 3376 3592 promiserit,
3432 3522 3501 3574 de

1927 3621 2128 3692 quibus
2157 3633 2252 3674 vos
2279 3612 2442 3672 antea
2500 3616 2632 3672 mihi
2661 3613 2998 3680 assenststis;
3026 3627 3149 3666 cum
3185 3611 3298 3680 ipse
3327 3610 3504 3678 digni-

1930 3714 2056 3769 tatis
2089 3710 2452 3782 amplitudine
2491 3709 2650 3764 vobis
2683 3707 2915 3762 ntultum
2970 3704 3197 3759 inferior
3229 3703 3338 3768 sit;
3399 3702 3500 3754 ho-

1927 3813 2141 3860 nestate
2172 3814 2358 3857 autem
2386 3809 2441 3855 et
2482 3815 2699 3854 morum
2759 3798 3028 3868 gravitate
3077 3797 3240 3866 looge
3282 3795 3508 3858 abesse,

1923 3895 2084 3964 longe
2113 3892 2366 3964 superari
2409 3905 2530 3946 sese
2554 3905 2584 3945 a
2627 3890 2805 3955 vobis,
2838 3903 2981 3958 saepe
3007 3896 3065 3942 et
3093 3885 3280 3940 multis
3336 3900 3499 3955 argu-

1924 3986 2126 4040 mentis
2144 3982 2489 4039 ostenderit?

1998 4076 2140 4131 Xlll.
2173 4075 2254 4131 Ad
2278 4076 2397 4130 haec
2419 4074 2670 4128 Palamas
2704 4090 2720 4128 :
2769 4089 2788 4125 ι
2823 4071 2935 4126 Nec
2957 4071 3113 4136 mihi,
3147 4069 3346 4140 inquit,
3376 4067 3498 4121 aliis

1926 4168 2396 4241 diSputationibus
2428 4182 2566 4236 opus
2602 4174 2710 4231 est,
2767 4165 2960 4219 aliisve
2991 4163 3239 4232 judiciis,
3277 4177 3399 4214 cum
3425 4159 3492 4214 ad

247 4263 373 4330 φὸτι
407 4262 476 4314 τὰ
516 4262 650 4329 πρὸς
681 4262 963 4315 δικαίωσιν
990 4262 1086 4316 καὶ
1113 4264 1412 4331 ἀσφάλειαν
1434 4264 1687 4333 ἑγγραφα
1710 4264 1820 4316 τῶν

1933 4278 2118 4318 eorum
2157 4277 2279 4331 qua:
2312 4258 2701 4328 quoquomodo
2727 4257 2864 4319 dixi,
2923 4255 3306 4326 probationem
3363 4269 3495 4307 cou-

249 4350 379 4416 ἐμοὶ
411 4349 750 4420 λαληθέντων
788 4349 1078 4403 όπώσποτε
1125 4351 1262 4420 πρὸς
1303 4351 1551 4404 Ἰωάννου
1582 4351 1674 4403 τοῦ
1711 4368 1820 4404 πα-

1933 4353 2405 4420 lirtnationemque
2460 4350 2665 4420 scripta
2732 4347 3141 4418 impetraverim
3195 4347 3412 4399 decreta
3462 4359 3492 4398 a

244 4417 656 4510 tptﬁpxomxai
695 4441 804 4491 τῶν
847 4441 966 4492 τότε
1017 4442 1452 4510 συνεδρευόντων
1507 4442 1820 4494 ἐπισκόπων

1933 4447 2132 4501 loaune
2171 4417 2480 4512 patriarcha
2508 4417 2658 4496 ct'ah
2688 4441 2754 4494 iis
2782 4417 2875 4510 qui
2903 4455 3028 4494 cum
3054 4439 3147 4492 illo
3174 4448 3301 4491 tunc
3331 4436 3492 4490 sede-

245 4533 440 4602 ἐκείνῳ
472 4533 818 4602 ψηφίσματα.
865 4551 885 4583 ι
924 4532 1063 4601 Πρὸς
1100 4533 1262 4600 ἅπερ
1295 4534 1421 4602 ἐμοὶ
1459 4533 1668 4584 τοιάνδε
1699 4550 1819 4585 ποι-

1933 4543 2073 4603 baut,
2105 4537 2437 4607 episcOpis.»
2469 4535 2580 4604 Ego
2612 4547 2741 4587 Vero
2767 4534 2882 4586 haec
2913 4531 3116 4601 subjeci
3147 4545 3163 4584 :
3199 4528 3284 4582 tSi
3315 4544 3377 4582 ea
3396 4528 3492 4580 de-

245 4627 426 4678 εἰσθαι
461 4623 560 4695 τὴν
601 4624 884 4694 ὑποφοράν
921 4624 1281 4688 ξυνέπιπτεν.
1325 4641 1344 4675 ι
1387 4625 1450 4675 Ei
1499 4623 1694 4693 μὲνδὴ
1720 4625 1816 4675 καὶ

1933 4640 2068 4686 :rcta
2103 4628 2149 4682 is
2182 4627 2276 4695 qui
2311 4627 2517 4681 iecerat
2557 4626 2622 4679 ad
2671 4633 2975 4678 extremum
3026 4631 3141 4674 rata
3182 4621 3488 4680 habuisset,

247 4719 416 4786 μέχρι
445 4719 541 4769 καὶ
575 4717 630 4779 ἐς
683 4717 834 4780 τέλος
869 4715 976 4769 ὑπὸ
1006 4714 1101 4767 τοῦ
1147 4715 1468 4784 δεδρακότος
1513 4715 1722 4767 ἐκείνου
1755 4715 1816 4767 τὸ

244 4811 411 4879 κῦρος
444 4805 589 4880 εἶχεν
615 4812 820 4874 ἐκεῖνα,
855 4810 954 4862 καὶ
991 4808 1066 4879 μὴ
1097 4810 1196 4861 οὐκ
1242 4808 1323 4870 εἰς
1362 4809 1582 4877 μακρὰν
1607 4809 1816 4876 ἑτέροις

242 4900 613 4953 διασέσεισταί
640 4917 699 4952 τε
734 4902 843 4953 κάκ
889 4899 1106 4969 βάθρων
1146 4899 1622 4967 ἁναμεμόχλευτοιι
1659 4904 1815 4966 stafu-

246 4991 491 5060 ροτέροις
524 4992 816 5060 γράμμασι
847 4993 940 5043 καὶ
963 4989 1301 5059 ψηφίσμασι,
1339 4991 1420 5041 σοὶ
1447 4988 1546 5054 μὲν
1576 4989 1728 5051 ἴσως,
1760 4990 1808 5040 εί

244 5088 338 5136 καὶ
373 5085 450 5153 μὴ
485 5090 549 5152 τῇ
581 5083 830 5154 ἀληθείᾳ,
853 5085 921 5144 ,τὸ
955 5083 1215 5152 παράπαν
1242 5077 1352 5150 εἶχε
1383 5083 1442 5133 τὸ
1474 5081 1715 5149 εὓλογον.
1747 5085 1808 5135 Ei

241 5176 285 5229 δ’
315 5175 466 5244 αὺτῷ
495 5193 558 5243 γε
605 5178 776 5245 δήπου
821 5175 898 5244 τῷ
940 5174 1244 5243 ὗεδρακότι,
1299 5175 1438 5240 μετὰ
1486 5173 1742 5225 πλειόνων
1779 5175 1810 5244 ἢ

242 5269 513 5338 πρότερον
542 5265 696 5331 αὖθις
728 5268 836 5321 τῶν
877 5268 1194 5320 ἐπισκόπων
1225 5266 1336 5338 (85)
1387 5265 1810 5338 συσκεψαμένῳ,

1915 4727 1958 4776 si
1990 4735 2092 4774 non
2120 4720 2308 4774 eadem
2335 4719 2496 4787 paulo
2520 4726 2644 4788 post
2673 4715 3011 4768 ﬁrmioribus
3033 4712 3153 4765 aliis
3181 4711 3399 4779 scriptis
3426 4723 3492 4762 ac

1914 4811 2153 4866 decretis
2181 4809 2504 4864 labefactata
2537 4817 2591 4860 ct
2620 4807 2867 4859 funditus
2927 4803 3188 4857 convulsa
3222 4801 3481 4883 fuisscpt,

1917 4904 2014 4957 tibi
2051 4901 2276 4971 quidem
2308 4902 2562 4961 fortasse,
2591 4901 2694 4952 etsi
2730 4912 2835 4950 non
2865 4895 3110 4957 veritati,
3183 4891 3486 4962 probabilis

1921 4995 2060 5048 ratio
2101 4993 2519 5060 suﬂragaretur.
2570 4989 2724 5055 Quod
2769 4989 2812 5043 si
2847 4988 2964 5057 ipse
3016 4986 3110 5056 qui
3145 4986 3368 5047 fecerat,
3426 4997 3486 5036 re

1919 5101 2105 5140 coram
2145 5084 2411 5154 epiSCOpis
2438 5083 2704 5152 pluribus,
2735 5097 2898 5151 quam
2928 5089 3062 5150 quot
3084 5089 3242 5133 antea
3291 5089 3490 5130 conve-

1918 5185 2134 5239 nerant,
2168 5178 2350 5230 deuuo
2377 5175 2708 5238 examinata,
2737 5183 2792 5227 et
2818 5173 3108 5241 multiplici
3134 5171 3483 5224 decretorum

1917 5269 2135 5322 illorum
2169 5268 2304 5321 vitio
2329 5275 2637 5336 perspecto,
2661 5265 3014 5321 omnistudlo
3040 5265 3093 5318 in
3125 5263 3177 5317 id
3209 5257 3483 5323 incubuit,

1572 5396 1911 5456 Variorum
1945 5404 2128 5457 notae.

311 5526 426 5596 (83)
467 5526 654 5595 Itaque
694 5525 959 5581 adversus
987 5525 1265 5596 Palamam
1329 5521 1570 5594 synodus
1621 5531 1805 5596 coacta

239 5594 330 5651 esti
363 5616 390 5650 a
414 5594 619 5649 Joanne
655 5597 976 5665 patriarcha.
1009 5598 1182 5664 Atque
1216 5595 1344 5648 tliud
1381 5608 1464 5650 cst
1489 5594 1801 5665 cont-ilium,

238 5669 302 5718 de
326 5684 434 5734 quo
458 5664 728 5733 Gregotias
761 5667 1033 5728 (Historia:
1077 5668 1170 5720 lib.
1208 5681 1315 5727 aut,
1355 5682 1474 5732 cap.
1522 5665 1570 5724 l,
1605 5679 1659 5715 ll.
1691 5664 1798 5728 i8),

239 5748 478 5790 \etvrcm
507 5739 586 5789 ait;
616 5736 812 5791 famam
841 5738 1238 5806 percrebuisse,
1267 5746 1520 5803 tanquam
1551 5737 1796 5806 haeresim

244 5808 488 5861 omnium
524 5809 812 5870 maximam
842 5803 1180 5873 correctum,
1208 5807 1519 5874 coactisque
1551 5819 1615 5858 ex
1645 5803 1791 5857 omni

1915 5537 2054 5589 pene
2081 5522 2214 5576 orbe
2254 5521 2580 5591 patriarchis
2607 5531 2662 5574 et
2688 5515 2982 5591 episcopis,
3025 5515 3202 5570 octavi
3236 5525 3290 5591 et
3315 5515 3492 5591 ultimi

1911 5585 2131 5646 concilii
2163 5585 2359 5645 nomen
2387 5592 2663 5644 habituro.
2706 5585 2910 5643 Tamen
2950 5585 3188 5640 Joannes
3236 5586 3493 5656 Cyparis-

1907 5663 2077 5715 siotcs
2133 5660 2534 5714 Palamicarutn
2574 5657 3192 5727 Transgressionumiib.
3229 5672 3286 5720 ι,
3319 5672 3487 5711 sertn.

1905 5732 1960 5793 4,
1982 5746 2104 5797 cap.
2127 5731 2183 5794 Δ,
2209 5731 2347 5784 duos
2377 5740 2584 5784 tantum
2611 5739 2666 5782 et
2689 5725 2878 5796 viginti
2911 5725 3192 5794 pontiﬁces
3223 5729 3491 5779 adiersus

1902 5803 2171 5857 I’alatnatn
2199 5803 2694 5872 coivts'setcstatur.
2719 5798 2794 5852 De
2826 5807 3066 5866 tempore
3095 5812 3201 5865 quo
3230 5811 3292 5850 ca
3311 5809 3461 5861 syno.
3581 5801 3588 5804 ‘
