3944 6206
155 267 295 334 1089
577 257 652 331 [Α.
695 273 744 314 c.
790 195 978 329 1348]-

1143 255 1583 320 ΒΥΖΑΝἹΊΝᾹΞ
1623 255 1733 315 Illi

1837 253 2008 312 lRll’E
2049 250 2189 312 LIB.
2230 246 2382 309 XVI.
2465 237 2597 313 [um
2637 250 2680 294 ι.
2720 249 3012 294 cmucuz.
3049 231 3109 307 2]

3255 235 3394 299 1090

212 385 286 436 l".
319 378 522 434 Τούτου
550 377 598 428 δ’
620 375 762 430 οὕτω
791 373 1203 446 κεχωρηκότος,
1236 374 1294 425 ὲν
1333 372 1534 432 λύπαις
1569 364 1712 422 εἶναι

1887 367 1977 420 Ill.
2022 365 2074 419 ls
2103 379 2230 419 cum
2261 363 2453 418 fuisset
2483 360 2652 430 hujus
2674 357 2804 413 belli
2833 357 3033 420 exitus,
3067 355 3260 410 incidit
3286 356 3412 430 ima.

141 475 219 544 τῷ
247 473 452 544 βασιλεί
476 469 775 535 ξυνέϐαινε,
804 468 904 537 τῆς
929 485 988 519 τε
1014 464 1470 536 προσδοκωμένης
1503 462 1713 514 ἐκεῖθεν

147 565 418 635 Περσικῆς
447 561 791 632 λελειμμένη)
824 558 1138 628 συμμαχίας
1166 559 1260 610 καὶ
1283 556 1399 626 ἅμα
1430 556 1585 624 φίλου
1624 569 1714 623 με·

143 656 336 724 γίστην
367 653 516 723 αὐτῴ
569 653 658 705 διὰ
688 651 804 721 βίου
833 654 1175 721 τηρήσαντας
1223 648 1436 703 εὔνοιαν
1487 649 1717 715 ἑστερη-

149 748 418 818 μένῳ.⁹Εν
439 746 535 813 μὲν
560 745 624 815 δὴ
651 744 808 797 τοῦτο
835 747 934 812 τῆς
964 742 1105 795 κατὰ
1136 741 1451 810 Τριϐαλλῶν
1484 741 1716 805 ἐκστρα-

143 840 294 902 τείας
319 836 570 907 ἐμποδὼν
613 837 854 903 ἐγεγόνει
879 834 956 904 τῷ
988 834 1217 904 βασιλεῖ.
1253 834 1514 901 Δεύτερον
1545 829 1623 894 δὲ,
1659 830 1718 881 τὸ

147 932 290 985 κατὰ
313 931 419 982 τῶν
446 927 658 997 νεφρῶν
703 926 816 997 (86)
841 926 1120 996 ἐνσκῆψαν
1151 925 1302 994 αὐτῷ
1333 927 1462 993 περὶ
1494 924 1590 985 τάς
1629 922 1718 974 θε·

152 1022 304 1089 ρινάς
348 1021 440 1074 τοῦ
469 1021 618 1091 ἡλίου
647 1021 857 1089 τροπάς
900 1022 1140 1086 νόσημα,
1167 1017 1266 1081 τάς
1310 1035 1368 1070 τε
1413 1017 1718 1086 ἀλγηδόνας

150 1112 399 1182 δριμείας
426 1113 632 1180 ἐπάγον
656 1110 803 1181 αὐτῷ
834 1112 930 1163 καὶ
955 1111 1054 1181 τὴν
1093 1109 1188 1164 τοῦ
1226 1109 1462 1178 βαδίζειν
1491 1108 1723 1160 ὑποκλέ-

150 1221 284 1258 πτον
319 1203 630 1275 ὲλευθερίαν
649 1221 708 1258 τε
734 1205 826 1257 καὶ
858 1201 1162 1275 ῥᾳστώνην,
1207 1204 1300 1256 καὶ
1323 1201 1442 1270 ἅμα
1476 1201 1575 1264 τὰς
1611 1200 1720 1253 τῶν

152 1297 356 1367 ίατρῶν
390 1297 720 1365 ἐπαγγελίας
748 1298 806 1349 οὐ
845 1297 989 1366 μάλα
1017 1313 1098 1348 τοι
1137 1295 1275 1365 πρὸς
1298 1295 1359 1346 τὸ
1382 1291 1574 1345 εὔελπι
1617 1309 1720 1343 κα-

151 1389 330 1458 θαρῶς
355 1388 702 1459 ἀθροίζεσθαι
734 1387 1053 1460 συγχωροῦν
1081 1389 1145 1439 ἐκ
1169 1385 1262 1439 τοῦ
1292 1385 1582 1452 σύνεγγυς.
1614 1384 1724 1437 Καὶ

150 1479 333 1549 τρίτον
358 1481 446 1532 ἐπὶ
475 1477 705 1544 τούτοις,
748 1481 780 1551 ἡ
811 1481 918 1533 τῶν
949 1483 1006 1532 ὲν
1038 1482 1150 1541 τοῖς
1189 1479 1434 1532 Γαλάτου
1475 1475 1724 1529 Λατίνων

150 1571 291 1622 κατὰ
327 1570 634 1634 Βυζαντίων
661 1571 718 1638 lC
761 1570 1016 1640 οὐδεμιᾶς
1049 1571 1375 1641 προφάσεως
1409 1568 1721 1621 ἐπανάστα-

153 1679 236 1725 σις
263 1662 403 1731 (87),
435 1665 470 1734 ἢ
527 1663 662 1733 μετὰ
695 1664 793 1727 τὰς
832 1665 1085 1735 Ὀρίωνος
1130 1661 1384 1724 ἐπιτολὰς
1435 1659 1599 1722 εὐθὺς
1630 1675 1727 1711 πε-

1819 466 2038 527 perator
2071 457 2126 509 in
2166 455 2402 518 luctum,
2437 461 2491 504 ut
2539 451 2633 519 qui
2677 447 2840 503 simul
2881 457 2935 502 et
2979 447 3236 507 Persicis.
3272 459 3396 514 quae

1818 550 1971 604 illinc
2012 553 2351 616 speraverat,
2385 542 2605 597 auxiliis
2639 541 3055 601 destitueretur,
3091 549 3143 594 et
3171 554 3259 600 eo,
3299 537 3391 606 qui

1819 639 2153 708 singularem
2178 651 2305 707 erga
2333 651 2392 690 se
2419 633 2859 689 benevolentiam
2894 640 3004 685 tota
3030 629 3140 684 vita
3173 645 3395 683 consei-

1819 739 2062 793 vaverat,
2094 729 2270 782 amico
2313 728 2626 781 orbaretur.
2670 725 2849 780 Prima
2883 738 2946 777 ea
2998 737 3086 776 res
3117 720 3243 784 fuit,
3273 735 3394 788 qua:

1821 822 2169 892 imperatoris
2203 820 2561 883 it’LTriballos
2591 815 2933 886 expeditioni
2965 813 3260 869 obstiterit.
3299 812 3393 866 Al-

1822 925 1935 968 tera
1982 913 2231 974 morbus,
2272 911 2369 980 qui
2408 911 2584 964 cidem
2625 909 2771 962 circa
2805 907 3102 961 solstitium
3142 903 3393 957 aestivum
3455 907 3458 912 '

1822 1007 1874 1060 in
1907 1021 2064 1059 renes
2092 1004 2312 1066 invasit,
2347 1002 2568 1058 dolores
2592 1016 2748 1056 acres
2781 998 3038 1062 aﬂerens,
3077 1004 3133 1050 et
3160 996 3392 1049 liberam

1822 1095 2111 1150 incedendi
2147 1094 2463 1149 facultatem
2495 1092 2868 1163 supprimens,
2905 1089 2980 1143 ita
3015 1098 3076 1141 ut
3111 1103 3178 1142 ex
3217 1085 3397 1140 medi-

1820 1203 2012 1244 corum
2045 1186 2332 1256 promissis
2364 1200 2487 1254 spes
2522 1201 2629 1239 non
2662 1183 2954 1237 admodum
2982 1180 3104 1236 laeta
3130 1189 3226 1232 aut
3249 1189 3398 1231 certa

1805 1285 2088 1344 .continuo
2118 1284 2491 1352 colligeretur.
2531 1282 2776 1336 Tertium
2810 1281 3264 1350 impedimentum
3306 1294 3400 1332 ac-

1824 1379 2013 1444 cessit,
2041 1379 2272 1433 rebellio
2298 1378 2368 1430 ab
2398 1377 2602 1431 Latinis
2629 1377 2884 1431 Galataeis
2910 1376 3176 1430 adversus
3198 1374 3403 1444 Byzan-

1829 1473 1934 1526 tios
1979 1471 2131 1524 nullo
2181 1479 2441 1539 praetextu
2475 1477 2688 1538 empta;
2729 1483 2851 1538 quae
2899 1468 2968 1522 ab
3013 1467 3236 1522 Orionis
3274 1475 3399 1520 ortu

1826 1564 2012 1618 statim
2057 1563 2274 1618 initium
2303 1562 2538 1631 ibabuit.
2587 1562 2662 1616 De
2709 1576 2795 1626 ea,
2830 1561 3051 1628 paulum
3101 1556 3400 1629 progressi,

1827 1672 2052 1727 agemus
2074 1656 2217 1710 infra
2244 1656 2444 1710 fusius.
2481 1656 2638 1711 Nunc
2675 1670 2805 1711 vero
2835 1655 2970 1710 illud
3002 1669 3296 1709 resumam.

152 1757 376 1825 ποίηται
422 1759 520 1816 τὰς
564 1757 777 1828 ἀρχάς·
826 1759 955 1829 περὶ
1000 1753 1068 1829 ἦς
1130 1756 1324 1826 μικρὸν
1363 1753 1589 1823 ὕστερον
1628 1748 1913 1821 προϊόντες
1940 1749 2187 1820 ξὲροῦμεν
2237 1748 2556 1819 πλατυτέρα
2594 1750 2664 1820 τῇ
2714 1748 2957 1822 γλώττῃ.
2986 1748 3103 1802 Νῦν
3134 1746 3181 1800 δ’
3218 1747 3401 1800 ἐκεῖνο

153 1851 602 1920 ἐπαναλήψομαι.

1585 1957 1818 2016 CAPUT
1855 1957 1970 2016 vn.
2019 1940 2029 1946 ’

153 2059 333 2114 Persa:
362 2051 630 2126 praedones
660 2059 715 2111 in
747 2057 1022 2112 Thraciam
1049 2072 1112 2111 ea:
1137 2055 1262 2110 Asia
1294 2052 1592 2123 trajiciunt.
1648 2051 1865 2120 Equites
1896 2051 2230 2126 circumiecta
2280 2049 2493 2126 Bizyna:
2537 2052 2657 2126 t_trbi
2703 2051 3145 2126 lo_ca_incursant.
3200 2049 3405 2107 Pedites

217 2122 447 2184 ulterius
479 2138 714 2198 pergunt.
761 2122 1486 2198 Matt/unusﬂCantacuzemts
1524 2139 1640 2198 cum
1671 2138 1836 2198 parva
1869 2137 2052 2198 manu
2096 2122 2175 2198 his
2229 2124 2474 2174 occurrit.
2528 2122 2755 2198 Barbari
2802 2122 3066 2198 Romanos
3115 2125 3405 2190 conspicati

219 2202 350 2270 quid
375 2191 590 2269 egerint:
627 2201 776 2270 Acris
809 2215 1006 2270 pugna,
1044 2197 1284 2250 Matt/imi
1340 2193 1649 2270 strenuitas.
1689 2191 1992 2270 _Ejusdem_
2019 2192 2076 2244 in
2127 2193 2295 2244 hostes
2336 2201 2528 2270 temere
2574 2194 2763 2246 invecti
2810 2192 3123 2270 periculum.
3171 2193 3402 2246 Barbari

221 2261 580 2324 intemEcionc
604 2267 779 2321 deleti.
810 2261 1100 2322 'l'fwclarre
1127 2281 1242 2336 spes
1296 2279 1369 2336 ac
1408 2263 1603 2317 illustri
1652 2262 1887 2336 victoria.
1945 2261 2200 2332 Equestre
2251 2262 2572 2331 prwdonunt
2615 2261 2898 2333 agmerta'b
2942 2262 3056 2332 ipso
3087 2265 3404 2334 imperatore

221 2342 426 2411 partim
453 2354 664 2402 ca'sum,
701 2338 894 2407 partim
926 2343 1109 2406 prwda
1141 2333 1320 2405 erepta
1344 2333 1519 2403 fusum
1550 2341 1598 2385 et
1633 2333 1946 2400 dispersum.
2473 2358 2488 2374 ι

227 2453 307 2511 A'.
345 2457 504 2525 ’Δρτι
536 2451 630 2506 τοῦ
681 2453 833 2523 ἡλίου
881 2451 981 2515 τὰς
1015 2450 1237 2523 θερινὰς
1269 2449 1475 2520 τροπάς
1519 2449 1731 2519 παραλο

1907 2448 1947 2505 1.
1992 2449 2187 2506 Statim
2218 2459 2341 2522 post
2363 2452 2614 2507 aestivum
2644 2452 2940 2508 solstitium
2971 2452 3264 2508 Persarum
3292 2468 3408 2508 ma-

156 2549 471 2612 λάττοντος,
504 2547 748 2617 Περσική
779 2563 863 2608 τις
906 2545 1136 2613 δύναμις
1173 2543 1310 2614 (88),
1345 2542 1403 2610 ἐξ
1429 2541 1730 2610 αὐτονόμου

161 2644 250 2695 καὶ
283 2639 588 2710 λῃστρικῆς
621 2637 755 2708 ἄλλη
783 2625 1007 2692 ἄλλοθεν
1030 2635 1369 2706 ἠθροισμένη
1401 2633 1610 2703 τροφῆς
1639 2629 1734 2683 καὶ

161 2735 394 2800 διαίτης,
427 2734 487 2795 ἐς
513 2732 735 2802 Θρᾴκην
764 2728 824 2794 ἐξ
863 2729 1046 2792 Ἀσίας
1084 2727 1380 2796 πεποίηται
1406 2729 1507 2795 τὴν
1536 2723 1732 2786 διάϐα-

165 2845 266 2882 σιν.
305 2825 419 2879 Καὶ
440 2824 736 2894 Ξπειδήπερ
785 2820 962 2875 ὁπόσα
1012 2819 1284 2890 Θαλάττης
1315 2819 1482 2887 ἐγγὺς
1518 2815 1734 2885 ὑπῆρχε

163 2919 344 2990 χωρία
372 2919 504 2971 πᾶσι
535 2912 790 2979 καθάπαξ
811 2914 1066 2984 ἀοίκητον
1105 2907 1244 2966 εἶναι
1270 2911 1585 2965 συνέϐαινεν
1607 2911 1738 2980 ἐρη-

165 3011 294 3078 μίαν
318 3008 410 3062 διά
449 3025 514 3075 γε
541 3007 642 3069 τὰς
688 3007 933 3077 συνεχεῖς
976 3004 1086 3058 τῶν
1136 3003 1346 3074 ἐχθρῶν
1373 3003 1622 3071 ἐφόδους,
1654 3001 1735 3063 είς

162 3101 267 3156 δύω
293 3099 538 3171 σχίζεται
576 3098 799 3169 μοίρας·
836 3095 1054 3150 καὶτῶν
1080 3097 1183 3165 μὲν
1204 3095 1463 3163 ίππέωνὴ
1498 3091 1734 3163 φάλαγξ,

161 3197 237 3256 είς
271 3193 583 3254 διακοσίους
604 3189 690 3263 [Ρ.
714 3187 839 3260 527]
868 3189 960 3242 καὶ
988 3187 1195 3256 χιλίους
1225 3185 1317 3240 τὸν
1342 3184 1580 3256 ἀριθμὸν
1607 3184 1736 3238 ἀνα·

165 3283 431 3352 φέρουσα,
468 3279 562 3331 ἐπὶ
589 3277 658 3332 τὰ
685 3279 788 3330 ὃσα
825 3277 956 3347 περὶ
986 3273 1221 3344 Βιζύνην
1261 3273 1372 3326 sict
1401 3273 1582 3343 χωρία
1608 3271 1735 3334 τοὺς

163 3373 402 3444 δρόμους
429 3370 578 3428 ὅλαις
607 3367 808 3438 ἧλαυνε
856 3368 977 3429 ταῖς
1011 3365 1229 3435 ἡνίαις⁶’
1252 3365 1286 3434 ἡ
1321 3364 1378 3418 δὲ
1422 3363 1624 3433 πεζικὴ
1646 3362 1736 3414 ac-

166 3479 354 3533 ναμις,
386 3464 449 3515 ὲκ
477 3461 557 3522 δὶς
587 3457 930 3512 ἑπτακοσίων
963 3456 1217 3520 εὐζώνων
1264 3455 1475 3526 ἀνδρῶν
1507 3470 1736 3522 συγκει-

167 3557 306 3626 μένη
353 3555 448 3607 καὶ
483 3551 646 3621 αὐτη,
673 3550 1040 3620 δυτικωτέραν
1071 3548 1372 3618 πεποίηται
1403 3547 1504 3616 τὴν
1531 3545 1735 3616 ὁρμήν.

164 3648 458 3702 Συνέϐαινε
529 3645 639 3713 γὰρ
699 3642 834 3714 αὐτῇ
895 3645 996 3713 τήν
1043 3660 1101 3696 τε
1151 3640 1411 3709 Ῥοδόπην
1477 3639 1540 3692 τὸ
1589 3637 1774 3709 ὅρος,.

163 3743 257 3796 καὶ
279 3743 410 3795 ὅσαι
437 3739 566 3807 περὶ
614 3737 992 3807 Διδυμότειχον
1052 3734 1206 3789 οὖσαι
1253 3733 1578 3804 τυγχάνουσι
1646 3731 1741 3782 τιό-

163 3833 300 3898 λεις,
332 3832 391 3898 ἐξ
418 3831 750 3902 ὑπερδεξίων
775 3829 1023 3900 άφεμένῃ
1042 3828 1139 3898 τὴν
1173 3827 1361 3896 ἔφοδον
1387 3826 1589 3895 ἐφ’ὃσα
1608 3825 1734 3877 ἐπέ·-

165 3943 326 3979 κεινα
365 3926 541 3976 κεῖται
573 3922 748 3994 χωρία
779 3921 1054 3974 ποιεῖσθαι
1075 3934 1088 3947 ⁸
1129 3911 1204 3972 ὧν
1231 3916 1500 3988 Ματθαίῳ
1541 3915 1620 3984 τῷ
1643 3914 1738 3968 τοῦ

165 4016 444 4089 βασιλέως
483 4015 582 4083 υίῴ
640 4015 739 4084 τὴν
774 4013 1106 4082 ἐπιτροπὴν,
1141 4010 1219 4074 ὡς
1247 4009 1507 4080 ἀνωτέρω
1539 4008 1741 4078 διείλη-

166 4127 327 4170 πται,
363 4107 682 4177 κεκτημένῳ
711 4107 769 4158 οὐ
805 4105 953 4175 μάλα
976 4121 1061 4158 τοι
1093 4103 1316 4157 ἀνεκτὸν
1337 4101 1598 4171 ἐνομίσθη
1619 4099 1740 4154 κατ’

166 4201 424 4268 ἐξουσίαν
458 4200 691 4269 ἀπονητὶ
715 4197 1052 4268 ποιήσασθαι
1089 4196 1190 4268 τὴν
1213 4195 1310 4264 τῆς
1343 4194 1495 4258 λείας
1528 4193 1742 4249 ὲκείθεν

165 4293 334 4346 ἐᾶσαι
367 4290 494 4353 τοὺς
522 4288 736 4358 Πέρσας
787 4286 1118 4356 ἀπαγωγήν.
1164 4283 1376 4356 Ῥᾴδιον
1399 4284 1446 4338 δ’
1463 4283 1665 4354 ἥκιστα
1684 4282 1744 4337 δν

167 4386 230 4435 ὲκ
269 4383 441 4451 μόνης
486 4380 586 4448 τῆς
638 4377 1171 4448 Γρατιανουπόλεως,
1217 4376 1274 4426 ὲν
1307 4368 1572 4447 ᾗτουτονὶ
1597 4391 1746 4443 τηνι-

165 4474 348 4526 καῦτα
399 4477 651 4542 παρεῖναι
685 4470 988 4534 ξυνέϐαινε,
1025 4467 1255 4538 στρατὸν
1287 4469 1400 4530 τοῖς
1444 4467 1745 4537 βαρϐάροις

166 4567 470 4619 ἀντίπαλον
499 4562 848 4633 παραχρῆμα
879 4563 1229 4630 συναγαγεῖν,
1267 4563 1332 4613 ὲκ
1377 4561 1486 4612 τῶν
1516 4560 1744 4612 ἐνόντων

164 4659 522 4728 τριακοσίους
579 4658 781 4718 ἱππέας
828 4653 1176 4724 ἀνειληφὼς,
1217 4655 1313 4706 καὶ
1360 4653 1596 4722 πεζικήν
1621 4671 1745 4705 τινα

168 4751 455 4820 φάλαγγα,
491 4747 731 4819 μεγάλην
761 4746 1060 4817 ὲϐράϐευσε
1085 4743 1153 4797 δι’
1185 4744 1401 4797 ἀϐάτων
1431 4745 1648 4814 χωρίων
1670 4745 1747 4814 τῷ

167 4845 362 4914 δρόμῳ
398 4843 494 4911 τὴν
523 4840 826 4910 ταχύτητα,
885 4839 959 4909 μὴ
1019 4837 1162 4910 λάθῃ
1203 4837 1452 4905 φυγοῦσι
1486 4839 1624 4907 μετὰ
1649 4840 1748 4906 τῆς

165 4936 324 4996 λείας
350 4937 384 5004 ἡ
414 4933 678 5005 λῃστρικὴ
706 4932 954 5000 δύναμις.
983 4929 1164 4982 Τόπου
1190 4929 1482 5000 τοιγαροῦν
1509 4929 1748 4999 ἐντυχὼν

165 5027 599 5097 ἐπιτηδειότητι,
645 5025 714 5078 δι’
759 5019 822 5080 οὐ
855 5025 954 5094 τὴν
1010 5023 1358 5093 ἀναστροφὴν
1397 5023 1448 5075 oi
1478 5023 1748 5094 βάρϐαροι

1785 2601 1794 2622 ,Ι
1833 2559 1959 2609 nus,
1992 2546 2087 2615 qui
2119 2545 2222 2600 alii
2267 2546 2490 2600 aliunde
2533 2561 2601 2600 ex
2647 2545 2872 2600 licentia
2915 2556 2972 2601 et
3015 2547 3307 2602 latrocinio
3353 2551 3404 2600 in

1836 2653 2006 2691 unum
2032 2651 2426 2703 convenerant,
2454 2640 2736 2709 trajiciunt
2761 2655 2827 2694 ex
2853 2639 2981 2694 Asia
3011 2641 3064 2694 in
3091 2641 3405 2696 Thraciam.

1833 2724 2000 2798 836
2033 2729 2223 2792 Iidem,
2251 2732 2378 2800 quia
2409 2731 2527 2786 loca
2559 2732 2744 2786 omnia
2777 2733 2912 2786 mari
2944 2732 3120 2787 vicina
3162 2733 3234 2786 ob
3277 2749 3407 2787 0οη-

1839 2820 2018 2875 tiuuas
2057 2821 2296 2875 hostium
2337 2821 2680 2892 irruptiones
2711 2830 2862 2876 vasta
2903 2829 2959 2876 et
3005 2822 3405 2878 habitatoribus

1835 2927 2007 2966 vacua
2052 2913 2444 2980 occurrebant,
2496 2913 2762 2983 bipartito
2807 2928 2866 2968 se
2919 2912 3307 2978 distribuunt:
3353 2925 3412 2968 et

1835 3005 2108 3073 equestris
2136 3003 2359 3074 quidem
2389 3004 2611 3070 cohors,
2639 3019 2759 3074 qua:
2783 3005 2932 3060 mille
2956 3013 3013 3060 et
3041 3005 3413 3061 ducentorum

1833 3094 2081 3162 equitum
2113 3103 2251 3159 erat,
2303 3093 2361 3149 in
2397 3109 2562 3166 agros
2606 3095 2824 3166 Bizynaa
2863 3095 2984 3151 urbi
3024 3094 3418 3165 circumjectos

1834 3185 1974 3240 laxis
2007 3185 2240 3242 habenis
2271 3187 2591 3253 invehitur;
2631 3187 2906 3256 pedestris
2946 3197 3156 3254 autem,
3195 3203 3314 3257 qua-
3345 3203 3415 3241 es

1838 3279 1924 3334 bis
1979 3280 2348 3350 septingentis
2406 3279 2730 3334 hominibus
2776 3279 3050 3351 expeditis
3099 3281 3415 3345 constabat,

1839 3369 2010 3438 magis
2046 3383 2301 3423 occasum
2339 3381 2532 3424 versus
2561 3368 2981 3438 impressionem
3019 3369 3169 3424 facit.
3200 3369 3420 3438 Nempe

1835 3463 1917 3525 hi,
1946 3462 2210 3532 Rhodope
2242 3473 2428 3518 monte
2455 3472 2513 3516 et
2543 3462 2781 3532 oppidis,
2811 3478 2932 3532 quae
2969 3465 3116 3518 circa
3152 3463 3411 3535 Didymo-

1838 3553 2046 3609 tichum
2073 3554 2178 3609 sita
2203 3563 2351 3620 sunt,
2383 3553 2450 3608 ad
2476 3553 2723 3608 dextram
2751 3553 2979 3618 relictis,
3009 3554 3064 3608 in
3091 3553 3414 3610 ulteriorem

1838 3645 2142 3716 regionem,
2180 3645 2234 3700 id
2279 3654 2363 3701 est
2409 3645 2786 3711 Chalcidicen,
2835 3645 3169 3715 irrumpunt,
3200 3647 3316 3719 cui,
3352 3657 3413 3702 ut

1847 3753 2008 3810 supra
2073 3739 2279 3794 dictum
2335 3748 2442 3806 est,
2502 3738 2793 3794 Mattheus
2853 3738 3201 3808 imperatoris
3271 3739 3422 3795 filius

1850 3842 2105 3908 praeerat.
2141 3829 2242 3886 llic
2270 3831 2463 3887 Persas
2503 3831 2655 3886 omni
2691 3831 2915 3887 licentia
2945 3840 3000 3887 et
3031 3831 3184 3885 nullo
3225 3831 3425 3887 labore

1845 3921 2084 3993 praedam
2117 3923 2244 3978 inde
2277 3922 2503 3993 impune
2535 3933 2790 3978 avertere
2815 3939 2924 3978 non
2961 3923 3314 3978 tolerandum.
3336 3940 3428 3978 ras-

1845 4025 1954 4080 tus,
1989 4031 2116 4071 cum
2147 4015 2308 4071 facile
2357 4015 2506 4071 haud
2557 4028 2705 4071 esset
2749 4032 2816 4071 ex
2863 4013 2980 4072 sola
3023 4017 3424 4084 Gratianum",

1847 4107 1942 4162 ubi
1979 4107 2096 4177 ipse
2142 4115 2256 4161 tum
2305 4105 2448 4163 forte
2483 4107 2833 4172 versabatur,
2879 4121 3074 4177 cogere
3108 4109 3411 4162 exercitum

1845 4197 2467 4256 debellandis’Barharis
2490 4212 2698 4269 parem,
2727 4214 2798 4253 ex
2825 4198 2900 4254 iis
2925 4201 3021 4268 qui
3048 4198 3277 4254 aderant
3307 4208 3418 4252 tre-

1847 4304 2038 4349 centos
2067 4294 2285 4363 equites
2323 4301 2380 4347 et
2427 4291 2738 4361 pedestrem
2781 4292 3071 4348 cohortem
3117 4292 3418 4352 summac

1846 4401 1916 4441 ne
1942 4386 2222 4441 latronum
2257 4401 2449 4455 agmen
2477 4399 2601 4441 sese
2628 4399 2754 4440 cum
2789 4384 2970 4454 praeda
3015 4385 3199 4439 subito
3240 4387 3420 4454 prori-

1847 4482 1982 4552 piat,
2029 4495 2225 4550 magno
2257 4478 2472 4533 itineris
2501 4476 2833 4546 compendio
2867 4491 3092 4530 cursum
3142 4491 3241 4544 per
3271 4475 3417 4528 invia

1848 4573 2136 4630 accelerat.
2189 4571 2396 4626 Locum
2444 4586 2579 4624 vero
2627 4581 3000 4638 opportunum
3048 4579 3260 4631 nactus,
3312 4582 3417 4634 qua

1850 4665 2080 4720 redituri
2109 4664 2296 4717 hostes
2326 4662 2682 4732 putabantur,
2715 4675 2848 4714 suos
2875 4659 2949 4713 ibi
2992 4659 3046 4712 in
3081 4659 3294 4712 insidiis
3321 4674 3416 4720 :-n-

1851 4757 1970 4811 nit:
2001 4765 2114 4808 tum
2142 4753 2404 4822 quosdam
2428 4751 2716 4821 expeditos
2743 4750 3083 4819 speculatum
3112 4747 3413 4816 praemittit.

1849 4849 1929 4903 Ex
1955 4846 2156 4916 quibus
2180 4857 2304 4898 cum
2331 4841 2650 4905 audivisset,
2682 4841 2738 4894 in
2781 4837 2961 4908 praeda
2986 4835 3196 4906 agenda
3239 4835 3420 4887 adhuc

1850 4947 2147 5006 occupatos
2167 4949 2295 4989 esse
2325 4933 2596 4987 Barbaros
2621 4940 2677 4985 et
2711 4945 2742 4984 a
2775 4927 2974 4985 castris
3001 4927 3163 4995 longe
3190 4925 3416 4987 abesse;

1855 5031 2055 5084 milites
2085 5042 2215 5081 suos
2250 5026 2464 5080 modice
2489 5025 2644 5094 jubet
2679 5019 2973 5092 prandere.
3025 5018 3096 5073 At
3145 5018 3248 5080 illi,
3289 5032 3419 5084 qua

165 5120 310 5189 δρᾷν
343 5120 674 5186 ἐνομίζοντο,
707 5119 806 5186 τήν
849 5135 908 5169 τε
937 5115 1220 5184 ἐφεδρείαν
1252 5113 1484 5168 ἐνταῦθα
1514 5117 1733 5184 πεποίη·

1854 5139 1960 5177 non
1997 5121 2294 5181 habebant,
2327 5116 2471 5170 unde
2491 5127 2688 5185 aquam
2723 5115 3007 5168 haurirent
3040 5109 3105 5163 ad
3139 5108 3302 5178 837
3335 5124 3420 5161 rc-

167 5228 266 5261 ται
300 5209 394 5261 καὶ
413 5210 519 5260 τῶν
548 5208 799 5270 εὐζώνων
850 5206 1026 5268 ἐνίους
1063 5203 1426 5274 προῦπεμπεν
1459 5207 1540 5268 είς
1574 5223 1742 5257 κατα-

169 5300 420 5369 σκοπήν·
454 5303 546 5369 ἀφ’
577 5295 652 5355 ὢν
689 5299 818 5368 περὶ
846 5297 942 5367 τὴν
973 5298 1122 5350 λείαν
1154 5296 1500 5366 ἀσχολεῖσθαι
1551 5297 1745 5367 πόρῤω

1856 5213 2241 5285 stinguendam
2271 5210 2442 5274 sitim,
2469 5223 2632 5278 quam
2665 5219 2721 5262 et
2755 5220 2954 5262 cursus
2987 5201 3325 5272 defatigatio,
3362 5207 3420 5254 et

1856 5303 2004 5357 illius
2032 5298 2372 5369 tempestatis
2411 5297 2578 5352 ardor
2614 5295 2900 5362 attulerat,
2929 5294 3095 5350 armis
3123 5291 3422 5364 expedien-

1513 5443 1859 5508 Variorum
1898 5451 2082 5505 notae.

243 5575 363 5649 r86)
395 5574 688 5649 Qantacuz.
712 5571 810 5649 lib.
850 5585 930 5649 Iv,
957 5583 1076 5636 cap.
1111 5566 1232 5649 10.:
1243 5568 1485 5649 PUCANG.
1514 5640 1519 5645 η

245 5638 365 5768 (872.
403 5646 476 5699 De
492 5661 598 5713 qua
622 5643 842 5713 copiose
894 5641 1184 5694 Cantacuz.
1218 5638 1313 5694 lib.
1348 5654 1421 5702 iv,
1464 5640 1587 5709 cap.
1633 5638 1722 5707 ll,

170 5718 269 5774 i2.
355 5731 565 5771 rccssc.

251 5758 269 5774 ο
334 5731 565 5771 IICCANG.

1901 5567 2185 5637 (88)}lem
2222 5575 2408 5622 narrat
2437 5566 2849 5623 Cantacuzenus
2891 5559 2992 5617 lib.
3057 5570 3136 5624 tv,
3173 5564 3297 5623 cap.
3357 5553 3417 5608 to

1867 5634 2006 5693 citr.
2033 5634 2266 5694 Ducam.
