3944 6206
199 266 317 331 1097
548 263 625 336 [Α.
661 280 714 319 c.
743 264 908 337 1548]

1160 270 1613 333 ΒΥΖΑΝΤῙΝᾹΞ
1654 269 2041 332 HISTORle
2085 269 2232 331 LIB.
2274 270 2468 330 XVII.

2548 264 2682 336 [una
2716 280 2760 316 ι.
2802 276 3094 317 cumcur.
3134 264 3193 332 2]
3307 268 3445 326 1098

195 403 407 450 στασαν,
429 387 529 440 καὶ
553 386 882 450 πλείονοςαῦ
915 389 1312 458 ἐπειλημμένοι
1337 390 1477 460 πρὸς
1507 392 1567 443 τὸ
1597 389 1745 442 ἄναν-

1864 404 1986 441 rum
2025 397 2177 458 septa
2207 388 2313 442 alia
2338 397 2505 456 atque
2531 386 2636 441 alia
2662 386 2770 441 late
2792 382 3245 442 circumducunt;
3271 380 3446 435 fossas

187 494 268 542 τες
292 480 459 534 τόπου
516 479 761 550 πύργους
794 497 854 533 τε
894 479 1208 550 ᾠκοδόμουν
1246 481 1751 549 δυσανταγώνιστον

187 573 540 642 κεκτημένους
571 578 634 626 τὸ
662 572 821 641 ὕψος,
864 576 959 626 καὶ
985 574 1102 643 ἅμα
1131 575 1283 646 τείχη
1308 575 1405 629 καὶ
1432 573 1753 645 περιϐόλους

1862 490 2131 552 praeterea
2161 489 2215 534 et
2238 479 2577 534 munitiones
2634 477 3045 542 muliuntur,ct
3102 487 3444 544 quaecunque
3494 536 3497 541 _

1861 572 2074 627 aditum
2116 572 2372 626 hostibus
2402 571 2683 625 difﬁcilem
2708 570 2905 624 minari
2932 568 3131 624 solent.

190 666 401 737 μακρὰν
423 667 522 738 τὴν
559 668 904 737 εὐρυχωρίαν
951 668 1176 739 ἔχοντας
1224 669 1420 735 ἄλλους
1450 670 1537 721 ἐπ’
1571 668 1751 729 ἄλλοις
1787 668 2016 736 συχνοὺς
2048 667 2443 736 περιήλαυνονι
2471 665 2570 716 καὶ
2614 667 2751 734 πρός
2778 680 2842 731 γε
2907 662 2987 716 ἔτι
3052 662 3298 735 τάφρους
3341 665 3443 718 καὶ

190 759 517 830 ὀχυρώματα
540 761 627 815 sn?
677 762 861 824 αὐτοῖς
889 762 987 816 καὶ
1047 763 1149 815 δσα
1191 762 1471 832 πολεμίοις
1514 761 1965 832 δυσεπιχείρητον
2000 759 2285 813 ἀπειλοῦσι
2312 761 2411 831 τὴν
2446 758 2678 830 πάροδον
2708 755 2969 826 ὤρυττον.

186 860 203 881 ⁸
249 851 318 906 I".
348 854 509 922 Ἀρτι
534 853 589 906 δὲ
611 853 706 906 καὶ
735 854 990 906 ναυτικὸν
1019 853 1373 907 συνίστασθαι
1401 853 1757 923 βουληθέντος

180 944 269 997 τοῦ
297 942 559 1014 βασιλέως
610 942 1067 1014 Καντακουζηνοῦ
1118 944 1205 997 διὰ
1251 944 1355 1008 (τὰς
1402 943 1606 1014 συχνάς
1645 942 1753 995 τῶν

181 1035 456 1108 Περσικῶν
484 1034 769 1104 δυνάμεων
793 1034 1015 1104 ἐφόδους
1039 1036 1149 1088 κάκ
1176 1035 1280 1103 τῆς
1317 1036 1505 1101 Ἀσίας
1530 1035 1587 1098 ἐς
1617 1033 1754 1105 Θρᾴο

179 1143 278 1195 κην
323 1125 542 1194 νύκτωρ
584 1125 679 1178 καὶ
733 1125 851 1195 μεθ’
907 1127 1127 1196 ἡμέραν
1164 1125 1465 1194 διαϐάσεις,
1511 1126 1608 1181 καὶ
1634 1124 1753 1197 ἅμα

178 1221 295 1282 sub;
337 1222 401 1271 ἐκ
430 1220 700 1289 θαλάττης
720 1220 1109 1288 οἰκονομικὼτε
1119 1238 1211 1290 ρον
1232 1223 1434 1293 τρόπον
1459 1222 1754 1291 κουφίσαν-

177 1329 259 1374 τος
289 1312 488 1379 φόρους
515 1311 860 1382 βουλομένοις
875 1314 1159 1383 καταίρειν
1189 1316 1271 1382 είς
1293 1316 1385 1367 τὸν
1408 1316 1517 1368 τῶν
1540 1313 1747 1379 Βυζαν-

175 1405 298 1455 τίων
313 1404 532 1467 λιμένα,
565 1403 594 1457 δ
621 1406 861 1472 μάλιστα
888 1408 1001 1468 τοῖς
1031 1408 1281 1472 Λατίνοις
1310 1404 1379 1481 ἦν
1407 1410 1493 1463 ἀεὶ
1517 1407 1748 1479 βοηθοῦν

174 1497 261 1549 καί
288 1499 680 1565 κραταιότερον
714 1499 900 1561 αὐτοῖς
957 1499 1016 1551 τὸ
1045 1499 1309 1553 δύνασθαι
1364 1501 1631 1573 διηνεκῶς
1657 1503 1749 1571 ἐρ-

178 1586 497 1657 γαζόμενον,
526 1590 786 1644 ὑπόνοιαν
809 1590 966 1661 ἔσχον
996 1592 1143 1660 μάλα
1181 1592 1461 1661 θρασεῖαν,
1489 1594 1585 1648 καὶ
1612 1594 1747 1647 ἐδειο

1937 851 2022 906 Ill.
2058 850 2287 905 Demnm
2309 865 2436 905 cum
2462 851 2763 919 imperator
2779 849 3196 904 Cantacuzenus
3208 848 3444 905 classem

1862 946 2141 998 instruere
2161 943 2521 1006 decrevisset,
2551 942 2623 998 ob
2648 944 2871 998 crebros
2897 942 3239 998 Persicarum
3264 944 3447 1014 cepia-

1864 1051 1987 1089 rum
2016 1035 2273 1089 incursus
2292 1048 2599 1105 earumque
2635 1050 2700 1090 ex
2729 1036 2859 1090 Asia
2901 1036 2953 1089 in
3004 1035 3296 1091 Thraciam
3340 1052 3444 1091 no-

1860 1137 2092 1183 cturnas
2153 1126 2495 1197 diurnasque
2527 1127 2998 1196 transvectiones;
3033 1127 3292 1197 idemque
3351 1129 3443 1190 iis,

1859 1218 1952 1289 qui
1986 1220 2052 1273 ad
2086 1216 2447 1289 Byzantinum
2474 1226 2692 1286 portum
2744 1220 3023 1288 appellere
3052 1219 3280 1285 vellent,
3344 1219 3447 1274 tri-

1859 1310 2119 1366 butorum
2152 1311 2500 1366 nauticorum
2519 1325 2659 1364 onus
2683 1311 2940 1377 prudenti
2980 1312 3193 1366 ratione
3215 1311 3449 1367 minuis-

1860 1416 1966 1467 set.
2035 1403 2354 1477 cujnsmodi
2381 1403 2620 1458 consilio
2648 1403 2950 1473 plurimum
2997 1420 3217 1475 semper
3260 1406 3445 1461 Latini

1813 1494 2210 1575 "profecerant
2243 1502 2299 1546 et
2322 1493 2625 1563 potentiam
2665 1507 2818 1547 suam
2877 1493 2932 1547 in
2991 1493 3111 1548 dies
3150 1504 3442 1560 auxerant,

1859 1584 2233 1653 suspicionem
2267 1582 2512 1636 habuere
2557 1581 2594 1635 ii
2637 1580 3047 1651 gravissimam,
3110 1580 3443 1635 timuerunt—

177 1697 274 1734 σαν
308 1680 383 1750 μὴ
412 1680 1047 1752 θαλαττοκρατησάντων
1085 1683 1375 1753 Ῥωμαίων
1408 1683 1745 1758 ύπορῤυεῖσα

1858 1693 1988 1747 que,
2015 1693 2084 1732 ne
2115 1675 2391 1747 Byzantiis
2410 1674 2584 1729 maris
2622 1674 2858 1744 imperio
2911 1674 3123 1745 petitis,
3173 1674 3289 1729 snis
3313 1689 3443 1728 vero

172 1775 203 1843 η
242 1772 419 1826 αὐτῶν
467 1771 697 1843 δύναμις
745 1773 885 1842 μετὰ
935 1774 1037 1843 τῆς
1068 1772 1164 1827 τοῦ
1212 1774 1438 1843 κέρδους
1484 1776 1748 1846 εὐπορίας

173 1868 384 1940 αὐξήσῃ
432 1866 667 1936 τάχιστα
709 1863 1038 1935 Ῥωμαίους.
1083 1867 1149 1918 ’0
1180 1865 1236 1918 δὲ
1281 1867 1516 1935 μάλιστα
1561 1868 1628 1921 ἐκ
1654 1867 1749 1920 τοῦ

172 1959 515 2030 παραχρῆμα
544 1959 640 2011 καὶ
669 1957 935 2026 σύνεγγυς
962 1958 1160 2029 ἔθραυε
1185 1960 1285 2028 τὴν
1303 1960 1530 2014 ἐκείνων
1548 1960 1750 2031 ψυχὴν,

167 2052 201 2121 ἡ
232 2053 331 2118 τῆς
364 2051 497 2104 Χίου
529 2050 807 2119 πρόφασις
841 2046 932 2121 ἦν.
983 2049 1293 2105 Ἐδεδίεσαν
1325 2052 1457 2122 γὰρ,
1511 2052 1588 2126 μὴ
1642 2053 1750 2125 πρὸ

169 2144 403 2216 βραχέος
439 2144 520 2197 ἔτι
549 2143 660 2195 τῶν
708 2142 999 2211 ὁμοφύλων
1044 2142 1349 2208 ἐπιϐούλως
1396 2144 1749 2216 ἀφελομένων

161 2237 554 2301 καταπλεύσας
585 2238 614 2291 ὁ
642 2236 753 2290 τῶν
793 2234 1082 2306 Ῥωμαίων
1134 2237 1325 2301 στόλος
1368 2236 1526 2302 αὖθις
1580 2238 1749 2308 αὐτὴν

159 2329 453 2398 ἀφέληται,
512 2328 643 2398 πρὶν
691 2326 974 2397 εἰληφέναι
1004 2326 1097 2380 τὸν
1129 2328 1210 2389 είς
1243 2331 1579 2398 συντήρησιν
1608 2344 1748 2400 κρα-

158 2422 451 2491 ταιοτέραν
512 2421 830 2491 ἀρκέσαντα
879 2419 1075 2489 χρόνον
1135 2419 1297 2491 αὐτῇ.
1336 2419 1503 2473 Ὅθεν
1565 2422 1748 2482 αίτίας

159 2513 285 2568 καθ’
313 2514 529 2583 ἡμέραν
560 2512 741 2582 μάχης
763 2510 1063 2580 βάπτοντες
1082 2505 1221 2581 ἦσαν
1240 2511 1405 2573 ἄλλας
1428 2509 1518 2563 ἐπ’
1534 2510 1744 2578 ἄλλαις,

160 2608 318 2662 οὐδὲν
366 2606 709 2675 κεκτημένας
746 2604 967 2673 ίσχυρῦν
1019 2605 1115 2658 καὶ
1143 2605 1523 2675 εὐπρόσωπον,
1550 2605 1747 2674 φόνους

161 2717 226 2753 τε
254 2697 569 2761 Βυζαντίων
616 2697 1021 2767 ἐργαζόμενοι,
1059 2696 1243 2766 κρύφα
1283 2697 1383 2766 μὲν
1412 2698 1472 2749 τὸ
1506 2696 1743 2770 πρῶτον,

157 2791 671 2860 ἐκκεκαλυμμένως
721 2788 768 2842 δ’
797 2788 992 2842 ἔπειτα
1047 2789 1142 2843 καὶ
1191 2790 1334 2860 πλὴν
1389 2789 1593 2861 σκηνῆς
1648 2791 1744 2841 καὶ

150 2880 531 2953 προσωπείου.

226 2972 303 3028 Δ⁹.
329 2974 550 3027 Τούτων
575 2973 622 3027 δ’
652 2973 796 3029 οὕτω
844 2974 1165 3046 δρωμένων,
1220 2973 1585 3045 ὲθελοκωφεῖν
1630 2975 1744 3029 ἐδόο

1859 1753 2106 1843 ipsorum
2153 1773 2365 1827 viribus
2391 1786 2515 1826 cum
2540 1770 2680 1825 lucri
2712 1770 3005 1826 occasione
3042 1770 3438 1828 dilabentibus.

1856 1878 1943 1918 res
1966 1863 2217 1918 Romana
2244 1875 2561 1934 augeretur.
2598 1863 2729 1932 Qum
2752 1874 2937 1918 autem
2970 1862 3243 1934 prazeipna
3300 1863 3441 1917 ratio

1853 1958 2041 2011 statim
2074 1965 2132 2010 et
2155 1956 2415 2026 propiore
2443 1962 2592 2011 metu
2642 1972 2835 2011 eorum
2898 1956 3117 2012 animos
3179 1954 3439 2026 perculit,

1853 2063 1917 2102 ea
1953 2046 2057 2102 luit
2086 2045 2255 2102 Chios
2288 2048 2493 2104 insula.
2518 2049 2866 2105 Verebantur
2895 2049 3127 2111 scilicet,
3159 2064 3226 2103 ne
3254 2047 3441 2107 istam,

1851 2155 2017 2210 quam
2068 2139 2232 2208 paulo
2256 2149 2385 2194 ante
2421 2141 2717 2211 populares
2751 2141 2836 2196 sui
2876 2140 3040 2216 843
3083 2156 3181 2211 per
3212 2139 3441 2194 insidias

1851 2230 2542 2292 abstulissent,.Romana
2602 2232 2799 2286 classis
2854 2232 3082 2301 appulsa
3143 2231 3435 2302 reciperet.

1853 2337 1956 2376 nec
1982 2322 2121 2376 satis
2141 2323 2244 2393 ipsi
2273 2324 2543 2393 temporis
2581 2324 2853 2380 haberent
2880 2323 2948 2378 ad
3005 2338 3130 2379 eam
3183 2324 3442 2380 ﬁrmiori-

1851 2413 1957 2469 bus
1986 2414 2729 2484 pra'sidiis-custodiendam.
2785 2415 2921 2470 Belli
2981 2415 3168 2486 itaque
3214 2415 3440 2486 gerendi

1850 2513 2053 2555 causas
2078 2501 2215 2557 alias
2250 2519 2317 2557 ex
2344 2503 2467 2559 altis
2494 2504 2742 2574 quotidie
2777 2504 3095 2571 nectebant,
3155 2521 3259 2561 nec
3304 2506 3442 2560 vali-

1850 2585 1949 2641 das
1976 2603 2080 2643 nec
2112 2594 2441 2658 speciosas;
2490 2602 2543 2648 et
2601 2593 2986 2664 Byzantiorum
3052 2600 3252 2662 caedes,
3297 2596 3438 2651 clam

1848 2680 2049 2748 primo,
2080 2682 2282 2738 deinde
2311 2694 2500 2755 aperte
2522 2688 2661 2740 citra
2710 2703 2752 2740 St
2773 2702 2931 2741 enam
2964 2699 3019 2745 et
3062 2691 3272 2746 larvam
3308 2708 3443 2764 per-

1847 2771 2160 2839 petrabant.

1917 2956 2010 3013 ιν.
2038 2957 2163 3014 Haec
2194 2975 2320 3015 cum
2352 2962 2424 3016 ita
2462 2962 2676 3030 tierent,
2724 2966 3206 3042 Byzantii'sponte
3232 2974 3435 3031 obsur-

144 3082 289 3118 κουν
308 3063 596 3128 Βυζάντιοι
620 3082 635 3098 ’
664 3066 821 3133 τούτο
848 3065 950 3135 μὲν
982 3068 1073 3119 καὶ
1096 3066 1402 3136 είρηνεύειν
1437 3066 1735 3130 ἐθέλοντεςο

1853 3050 2036 3106 duisse
2072 3051 2427 3120 videbantur,
2458 3057 2656 3125 partim
2720 3063 2849 3130 quia
2908 3078 3097 3131 pacem
3152 3065 3433 3135 volebant,

142 3156 316 3210 τοῦτο
338 3157 395 3210 δὲ
431 3159 526 3211 καί⁵
541 3158 640 3227 τὴν
663 3156 813 3226 σφῶν
836 3157 1019 3210 αὐτῶν
1048 3155 1397 3222 ξυννοοῦντες
1427 3159 1736 3225 ἀσθένειαν,

143 3249 416 3317 πολυειδῆ
435 3266 557 3303 τινα
582 3252 680 3303 καὶ
709 3249 966 3320 ποικίλην
996 3249 1091 3303 τοῦ
1116 3249 1313 3320 χρόνου
1366 3250 1582 3315 τούτοις
1612 3252 1741 3304 ὲπε-

133 3338 463 3406 νεγκόντος,
492 3339 557 3391 ἐκ
584 3338 680 3391 τοῦ
716 3338 1194 3409 περιφρονητικῶς
1248 3339 1582 3393 διατίθεσθαι
1611 3344 1739 3403 τοὺς

132 3431 298 3481 κατὰ
335 3428 584 3500 διαδοχὴν
625 3428 737 3482 τῶν
783 3430 1030 3499 ἁρχικῶν
1069 3427 1512 3499 ἐπειλημμένους
1541 3432 1606 3484 ἐκ
1636 3447 1741 3484 πα-

128 3516 310 3573 λαιοῦ
345 3520 402 3583 ἐς
428 3520 531 3573 ὅσα
565 3520 850 3589 πολιτικήν
875 3536 934 3574 τε
965 3520 1062 3572 καὶ
1088 3521 1444 3591 οἰκονομικὴν
1465 3520 1579 3591 ἔχει
1603 3522 1741 3591 πρό-

125 3627 304 3664 νοιαν
337 3611 446 3663 τῶν
469 3610 730 3681 ὑπηκόων
761 3611 898 3680 όμοῦ
927 3615 1025 3664 καὶ
1053 3610 1162 3664 τῶν
1181 3611 1739 3684 δημοσίων,πραγμά-

1844 3144 2044 3213 partim
2071 3146 2199 3214 quia
2218 3161 2372 3202 suam
2397 3146 2776 3216 inﬁrmitatem
2805 3154 3243 3225 perspiciebant;
3268 3175 3432 3229 quam

1844 3235 1927 3289 eis
1961 3235 2323 3306 multiplicem
2353 3251 2406 3295 et
2441 3240 2649 3295 variam
2688 3243 2806 3313 ipse
2835 3249 3101 3317 temporis
3131 3249 3318 3319 lapsus
3348 3262 3431 3304 at-

1848 3329 2069 3391 tulerat,
2097 3345 2166 3384 eo
2197 3330 2347 3400 quod
2383 3332 2419 3386 ii
2452 3334 2546 3403 qui
2590 3335 2961 3406 principatum
2982 3352 3054 3395 cx
3081 3347 3432 3401 successione

1838 3421 2049 3490 jamdiu
2111 3425 2395 3489 tenebant,
2480 3441 2576 3482 eas
2643 3444 2806 3486 curas
2864 3434 3254 3503 neglexissent,
3307 3455 3430 3509 qua:

1841 3511 2181 3582 privatorum
2212 3514 2378 3571 rebus
2414 3527 2471 3572 et
2504 3518 2741 3587 publica:
2761 3521 2983 3578 utilitati
3016 3526 3236 3594 politica
3298 3544 3428 3596 pro-

1843 3602 2086 3658 videntia
2174 3608 2645 3680 oeconomicisque
2708 3613 3016 3669 rationibus
3109 3620 3424 3676 consulunt.

1844 3694 2054 3765 Nempe
2090 3696 2142 3750 hi
2198 3700 2389 3753 nescio
2437 3702 2717 3770 quomodo
2768 3706 3062 3761 noluerant
3096 3709 3425 3781 intelligere,

1831 3802 1940 3842 eos
1968 3788 2063 3856 qui
2089 3791 2372 3860 tranquilli
2396 3807 2461 3847 ac
2480 3795 2660 3849 securi
2688 3795 2873 3851 vivere
2898 3798 3092 3864 velint,
3131 3810 3298 3872 atque
3355 3809 3425 3860 ab

1841 3879 2098 3935 hostibus
2142 3883 2366 3949 quidem
2400 3884 2594 3947 metui,
2623 3886 2693 3939 ah
2722 3887 2913 3942 amicis
2945 3900 3127 3946 autem
3160 3903 3425 3963 perpetuo

1838 3972 2013 4043 diligi,
2036 3989 2263 4030 necesse
2311 3991 2454 4042 esse,
2487 3994 2596 4033 non
2619 3981 2840 4049 quando
2891 3983 3217 4042 obversatur
3249 3975 3425 4046 oculis

1840 4065 2149 4133 periculum
2182 4066 2458 4123 instruere
2488 4085 2568 4135 se,
2605 4086 2729 4126 cum
2781 4074 2983 4130 nullam
3017 4078 3181 4133 habet
3220 4080 3425 4138 utilita-

1843 4166 1954 4212 tem
1988 4158 2278 4229 diligentia
2306 4178 2320 4224 ;
2351 4164 2446 4218 sed
2480 4166 2641 4235 longo
2664 4177 2792 4222 ante
2820 4183 2995 4240 usque
3026 4186 3214 4228 secum
3251 4176 3424 4231 inedi-

94 4248 411 4321 μελετᾷν,
438 4250 564 4302 τινα
594 4264 655 4300 τε
716 4248 827 4319 χρὴ
861 4246 1200 4318 προορᾶσθαι
1251 4248 1347 4301 καὶ
1371 4249 1495 4302 τίνα
1527 4246 1728 4314 φυλάτ-

1853 4250 1968 4315 .ari,
2040 4268 2356 4321 eeqnasnant
2392 4257 2701 4325 pnevideri,
2755 4274 3073 4330 ecqucenam
3127 4270 3421 4335 praecaveri

83 4343 365 4407 τεσθαι,
396 4344 490 4396 καὶ
518 4341 585 4395 αὖ
612 4342 733 4394 τίνα
759 4338 1083 4411 προσίεσθαι
1105 4340 1198 4393 καὶ
1226 4339 1567 4395 οίκειοῦσθαι
1594 4340 1731 4410 πρὸς

1853 4351 2131 4410 oporteat;
2195 4354 2309 4400 tum
2344 4349 2509 4403 etiam
2558 4351 2688 4419 quid
2724 4363 3016 4423 apparatus
3037 4372 3203 4415 causa
3245 4361 3422 4417 adsci-

82 4438 537 4506 παρασκευὴν,
552 4428 628 4487 ὧν
652 4434 823 4504 μήπω
854 4434 953 4503 μὲν
983 4434 1249 4503 πάρεστιν
1280 4430 1520 4503 ήχρεία,
1546 4431 1728 4499 μέλλει

1853 4434 2103 4490 scendum
2139 4437 2616 4508 adquirendumve
2646 4444 2718 4498 sit
2748 4461 2939 4501 eorum
2963 4464 3086 4518 qua:
3121 4452 3242 4506 usui
3278 4469 3416 4507 non-

76 4530 163 4582 δὲ
213 4526 332 4581 τοῦ
356 4527 553 4596 χρόνου
581 4524 803 4595 ῥέοντος
824 4524 920 4579 καὶ
957 4525 1304 4587 παντοδαπάς
1342 4525 1437 4578 καὶ
1469 4523 1730 4585 παντοίας

1853 4526 1968 4580 lum
1996 4528 2215 4594 quidem
2239 4539 2389 4598 sunt,
2416 4533 2510 4588 sed
2540 4536 2877 4604 procedente
2914 4547 3182 4610 tempore.
3227 4545 3417 4599 multi~

76 4618 449 4680 πλέκοντος
479 4619 594 4679 τοῖς
627 4615 936 4687 ἀνθρώποις
982 4615 1081 4677 τὰς
1103 4613 1271 4684 τύχας
1292 4628 1305 4643 ·
1341 4613 1461 4667 οὐδὲ
1488 4614 1730 4667 συνιέναι

1853 4619 2116 4689 ilicesque
2147 4629 2204 4675 et
2226 4625 2408 4679 varios
2432 4625 2750 4685 hominibus
2778 4646 2940 4687 casus
2970 4641 3204 4698 texente,
3230 4637 3419 4705 profu-

65 4711 494 4772 παντάπασι,
552 4708 659 4762 τίνι
710 4709 804 4782 καὶ
834 4708 945 4777 ὅσῳ
974 4707 1291 4777 δικαιοσύνη
1344 4704 1481 4777 πρὸς
1513 4704 1731 4759 ἀδικίαν

1853 4724 1960 4763 .ura
1999 4720 2173 4765 sunt:
2210 4714 2522 4780 noluerant,
2558 4718 2800 4789 inquam,
2828 4722 2941 4776 htec
2996 4723 3030 4776 ii
3083 4704 3414 4795 intelligere,

56 4801 553 4869 συγκρινομένη
583 4799 852 4867 διαφέρει,
878 4799 1236 4870 χρηματικῶν
1272 4815 1331 4851 τε
1352 4794 1421 4851 αὖ
1451 4797 1729 4868 προσόδων

1855 4817 1936 4856 nec
1967 4803 2101 4872 quid
2134 4814 2190 4859 et
2209 4819 2474 4875 quantum
2518 4812 2730 4880 jnstitia
2766 4816 3044 4885 injustitia:
3100 4794 3414 4889 comparata

52 4920 111 4950 π
128 4894 465 4968 ρομήθεια
492 4893 589 4946 καὶ
615 4892 797 4945 ὃπλων
822 4892 1017 4962 κτῆσις
1034 4892 1172 4962 πρὸς
1203 4892 1463 4960 ἀμέλειαν
1497 4892 1725 4943 τούτων·

1853 4903 2081 4958 )rastet;
2122 4896 2254 4965 quid
2297 4899 2544 4967 pecuniae
2573 4905 2804 4969 provisze
2830 4920 3222 4979 armorumque
3258 4914 3413 4984 copia

34 4993 179 5047 ἔτι
222 5003 307 5038 τε
358 4985 651 5038 πολιτειῶν
688 4984 940 5053 εύνομίαι
984 4986 1077 5037 καὶ
1105 4985 1332 5046 κανόνες
1354 4985 1621 5056 ἁῤῥεπείς
1651 4985 1730 5037 δι-

1853 4998 2021 5039 :arum
2057 5000 2242 5041 rerum
2273 4990 2577 5058 neglectui;
2636 4996 2769 5063 quid
2817 4996 3056 5069 denique
3090 5004 3412 5074 respublica:

33 5077 463 5147 καστηρίων
479 5076 616 5146 όμοῦ
650 5078 746 5130 καὶ
775 5076 1177 5147 βουλευτηρίων
1212 5077 1350 5146 προς
1375 5076 1728 5145 ἀστάθμητον

1853 5091 1973 5133 tene
1997 5088 2219 5136 morata:
2240 5090 2295 5135 et
2319 5094 2576 5139 constans
2607 5087 2936 5157 judiciorum
2967 5093 3134 5173 844
3183 5112 3245 5153 ac
3277 5099 3410 5154 deli-

33 5177 195 5233 καὶ
258 5168 681 5237 συγκεχυμένον
729 5168 863 5236 βίον.
903 5168 1134 5236 Ὅμοιον
1166 5166 1276 5234 γὰρ
1304 5166 1368 5219 ἂν
1400 5168 1511 5235 εἴη,
1535 5165 1727 5234 ὥσπερ

1853 5169 2178 5224 terationunt
2206 5175 2345 5227 ordo
2377 5175 2500 5228 vita:
2522 5177 2744 5234 incerta:
2771 5165 3186 5243 etconfusionis
3212 5192 3405 5261 plente.

33 5271 133 5322 iv
180 5259 284 5313 εἰ
333 5274 419 5320 τις
480 5256 855 5326 παραϐάλλειν
907 5256 1152 5325 βούλοιτο
1188 5257 1284 5308 καὶ
1314 5256 1563 5325 θεωρεῖν,
1600 5256 1725 5308 ὅσον

1853 5259 2063 5314 ’erinde
2103 5262 2248 5316 enim
2272 5264 2457 5331 fuerit,
2487 5283 2553 5323 ac
2577 5269 2621 5323 si
2650 5273 2775 5339 quis
2800 5256 3228 5344 comparatione
3253 5284 3407 5338 insti-

33 5376 109 5409 εν
180 5346 464 5411 πελάγει
511 5344 758 5412 διαφέρει
802 5345 985 5408 καλῶς
1046 5345 1402 5416 οἰακιζομένη
1454 5346 1589 5409 ναῦς
1623 5347 1723 5416 τῆς

1858 5360 1947 5406 uta
1972 5354 2247 5410 aestimare
2274 5359 2426 5423 velit,
2461 5371 2727 5429 quantum
2762 5365 2815 5417 in
2842 5369 2976 5420 mari
3010 5371 3163 5423 navis
3199 5348 3408 5441 optimo

33 5453 247 5502 ἱνευ
299 5438 508 5489 οἰάκων
538 5444 632 5488 καί
662 5437 855 5507 πόρρω
882 5436 1081 5498 παντὸς
1114 5437 1431 5506 προμηθοῦς
1453 5440 1567 5500 τοῖς
1597 5438 1725 5491 πολ-

1853 5445 2199 5510 ;ubernaculo
2225 5447 2489 5505 instructa
2522 5454 2704 5523 potior
2727 5454 2798 5508 sit
2818 5471 2881 5509 ea
2912 5473 3034 5526 qua:
3076 5460 3195 5515 sine
3229 5436 3405 5530 clavo,

48 5539 205 5600 οἷς
264 5528 514 5590 ἐκείνοις
544 5527 641 5579 καὶ
692 5528 992 5597 ἀνημέροις
1050 5530 1294 5597 κύμασ.ν
1325 5530 1718 5601 ὲπιπηδὼσης’

1853 5536 1948 5590 ine
1973 5536 2080 5591 ulla
2100 5553 2285 5593 rerum
2324 5543 2659 5611 provisione,
2695 5547 3054 5603 mstuantibus
3081 5527 3402 5625 asperisque

40 5629 137 5693 ῖς
210 5617 440 5686 πῆ.λῴ
489 5618 664 5686 δήπου
697 5617 905 5688 βέλτιον
949 5618 1016 5670 ἂν
1064 5615 1133 5690 ἦν
1180 5621 1320 5672 οἴκοι
1375 5623 1721 5690 καθημένους

1853 5628 2084 5683 luctibus
2108 5629 2333 5688 insiliat.
2390 5634 2643 5692 Profecto
2675 5638 2994 5694 hominibus
3046 5615 3158 5695 illis
3211 5615 3403 5699 met-ius
3476 5648 3480 5651 ’

224 5713 347 5767 εἶν
403 5712 499 5763 καὶ
534 5713 712 5779 μισεῖν
746 5713 1068 5782 παρρησίαν
1120 5711 1256 5781 ὁμοῦ
1312 5714 1404 5766 καὶ
1434 5715 1720 5768 πολιτικὴν

1853 5721 2001 5773 nullo
2036 5720 2232 5777 fuisset
2262 5724 2409 5779 domi
2434 5729 2625 5784 sedere
2652 5730 2919 5799 ittgloriis,
2949 5731 3320 5805 ﬁduciamque
3350 5746 3401 5791 et

390 5807 658 5866 l’xrnoc.
701 5810 814 5865 Gn.
860 5806 1162 5867 CXLVIII
1748 5854 1793 5870 η,
2926 5826 3004 5887 35

116 3721 254 3758 των
276 3718 295 3736 ο
328 3704 431 3757 οὐκ
455 3700 555 3757 οἷδ’
586 3705 771 3758 ὅντινα
795 3703 884 3776 [Ρ.
909 3702 1038 3776 551]
1060 3704 1262 3772 τρόπον
1278 3705 1510 3769 ἐκείνοις
1535 3706 1737 3777 ἥκιστα

118 3795 502 3865 βουλομένοις
555 3795 775 3861 ειδέναι,
810 3795 888 3861 ὡς
931 3799 1061 3854 τοὺς
1089 3793 1326 3865 βεϐαίως
1352 3795 1449 3848 καὶ
1476 3795 1737 3862 ἀσφαλῶς

112 3883 300 3954 βιοῦν
337 3883 644 3946 ἐθέλοντας,
667 3885 764 3936 καὶ
792 3884 1061 3953 φοϐεροὺς
1080 3883 1179 3952 μὲν
1203 3877 1344 3934 εἶναι
1361 3884 1475 3944 τοῖς
1495 3880 1733 3951 ἐχθροῖς,

112 3975 440 4036 ποθεινοὺς
464 3974 523 4029 δὲ
554 3977 668 4038 τοῖς
704 3975 879 4043 φίλοις
910 3975 1019 4039 ἀεὶ,
1049 3975 1148 4044 οὐχ
1180 3974 1309 4027 ὅταν
1338 3975 1398 4027 ἐν
1432 3972 1736 4040 ὀφθαλμοῖς

97 4068 378 4138 ἔρχηται
399 4067 470 4121 τὰ
503 4067 654 4121 δεινὰ
682 4066 1202 4138 παρασκευάζεσθαι
1224 4066 1424 4137 χρεὼν,
1441 4065 1521 4119 ὅτ’
1545 4065 1733 4136 δνησιν

96 4158 408 4228 οὐδεμίαν
440 4155 557 4228 ἔχει
607 4156 672 4210 τὸ
733 4157 1082 4228 σπούδασμα,
1136 4156 1273 4210 ἀλλά
1310 4155 1599 4227 πόρρωθεν
1644 4155 1734 4207 ἀεὶ

172 5718 215 5748 ’.τι

160 5756 215 5784 ⁸,

42 5727 149 5777 δῦ
