3992 6202
467 266 598 332 1111
750 267 827 339 [Α.
862 284 922 323 ιι.
964 267 1276 345 6857,71”.
1319 271 1379 343 Ξ]

1673 274 2094 336 NICEPIIORI
2130 271 2511 334 GREGORIE

3566 257 3702 323 1112

2784 262 2919 334 [ηιμ.
2956 278 3001 316 ι.
3041 274 3329 317 omnem.
3359 255 3418 329 Ξ]

459 387 679 443 cuniam
728 402 822 444 vos
873 395 929 443 et
978 404 1152 453 arma,
1199 400 1425 461 propter
1483 392 1805 464 principalis
1855 393 2025 447 aerarii

2139 391 2264 453 θεν,
2291 391 2381 443 διὰ
2432 389 2530 458 τὴν
2574 387 2681 439 τῶν
2722 385 3021 453 βασιλικῶν
3076 380 3418 451 πρυτανείων
3477 380 3699 440 σπάνιν,

458 480 766 548 penuriam,
805 480 873 535 de
911 480 1074 535 domo
1113 498 1385 552 quemque
1411 479 1847 545 contributuros.
1878 494 1936 536 ut
1967 491 2024 536 et

457 570 649 625 amicis
671 570 823 626 chari
851 582 901 626 et
928 572 1180 626 hostibus
1206 573 1485 627 metuendi
1517 589 1783 629 essemus.
1816 574 2023 627 Deinde

454 661 677 715 domum
701 677 893 717 omnes
914 678 1038 717 cum
1059 654 1353 724 abiissetis.
1374 662 1579 741 nemini
1612 675 1851 719 vestrum
1877 680 2023 719 cura:

455 747 580 814 fuit,
614 752 911 823 quidquam
941 754 1122 809 facere
1151 771 1339 810 earum
1374 772 1578 820 rerum,
1616 772 1752 826 quas
1783 755 2022 825 propriae

458 842 712 897 utilitatis
768 859 931 900 causa
985 848 1226 901 facturos
1277 861 1374 901 vos
1424 848 1816 916 promisissetis
1860 866 1874 901 :
1925 848 2019 903 sed

453 931 620 986 verba
649 942 829 988 vestra
862 934 915 987 in
949 936 1162 1006 ignotos
1204 939 1351 993 aeris
1394 947 1602 994 tractus
1644 955 1789 993 aura:
1838 940 2020 993 statim

454 1021 812 1079 distulerunt.
847 1026 917 1080 At
951 1043 1118 1087 nunc,
1148 1044 1270 1082 cum
1304 1030 1374 1082 ob
1412 1030 1601 1084 oculos
1633 1030 1806 1098 posita
1839 1030 2021 1086 intue-

453 1112 588 1166 mini
620 1129 706 1182 ea,
740 1131 861 1184 quae
888 1116 1105 1171 i-llorum
1146 1130 1455 1187 temporum
1504 1120 1828 1189 negligentia
1862 1122 2022 1178 nobis

458 1205 682 1269 invexit,
731 1206 790 1261 in
835 1207 1000 1278 855
1046 1209 1166 1278 ipso
1214 1211 1407 1265 saltem
1464 1211 1717 1275 articulo,
1761 1214 2021 1282 periculis

452 1294 563 1362 jam
614 1295 962 1362 instantibus,
998 1306 1053 1351 et
1098 1297 1264 1367 capiti
1319 1314 1442 1352 cum
1495 1300 1733 1355 violenta
1784 1302 2019 1371 quadam

455 1394 512 1438 ot
547 1384 846 1440 iuevitabili
900 1386 1226 1443 necessitate
1262 1389 1725 1458 impendentibus,
1759 1391 1890 1462 quid
1922 1408 2022 1448 vos

454 1473 635 1530 facere
658 1484 909 1546 oporteat
934 1477 1305 1533 considerate.
1338 1479 1548 1535 Videtis
1574 1481 1778 1551 quippe
1812 1481 1868 1535 in
1900 1496 2018 1535 ma-

454 1565 653 1622 ritimis
704 1566 1040 1633 civitatibus,
1089 1579 1255 1639 atque
1298 1572 1353 1625 in
1390 1571 1493 1625 hac
1529 1572 1763 1627 maxime
1801 1573 2021 1627 urbium

454 1656 723 1727 principe,
754 1656 800 1713 si
846 1660 970 1730 quis
1004 1675 1071 1714 ex
1105 1660 1357 1716 hostibus
1391 1663 1681 1733 imperium
1731 1664 1897 1718 maris
1933 1664 2023 1718 in-o

2133 481 2268 551 πρὸς
2296 478 2639 549 κατασκευὴν
2673 477 2783 547 (98)
2816 477 2911 530 καὶ
2956 475 3218 530 σύστασιν
3253 472 3513 538 ναυτικῆς
3544 470 3701 524 δυνά-

2137 584 2281 633 μεως
2306 582 2319 596 ⁸
2362 568 2449 619 ἴνα
2476 585 2534 619 τε
2583 569 2697 629 τοῖς
2740 567 2840 634 μὲν
2874 565 3051 632 φίλοις
3092 557 3244 629 ὦμεν
3296 562 3559 623 ποθεινοί.
3592 562 3704 621 τοῖς

2132 658 2177 710 δ’
2216 657 2432 727 ἐχθροῖς
2460 657 2725 727 φοϐεροί*
2758 655 2932 709 ἔπειτ’
2982 655 3162 708 οἴκαδε
3210 654 3379 706 πᾶσιν
3416 651 3707 721 ἀναχωρή-

2135 766 2293 801 σασιν
2323 750 2423 802 οὐκ
2466 749 2730 817 ἐμέλησεν
2770 750 2949 802 οὐδενὶ
3003 749 3132 816 περὶ
3164 746 3378 808 οὐδενὸς
3405 741 3480 799 ὧν
3517 748 3701 811 ἐπηγ-

2131 840 2384 909 γείλασθε
2433 841 2567 909 δρᾷν
2602 842 2694 893 ἐπὶ
2725 840 2801 909 τῷ
2834 841 2982 908 σφῶν
3021 840 3202 892 αὐτῶν
3238 838 3505 907 ὠφελίμῳ
3530 854 3544 868 ο
3580 818 3699 889 an"

2132 929 2299 1003 αὖραί
2342 951 2487 995 τινες
2530 934 2656 996 τοὺς
2693 934 2992 1002 ὑμετέρους
3025 931 3218 998 λόγους
3270 932 3430 1000 ἀέρος
3477 931 3697 993 κόλποις

2131 1024 2345 1096 ἀδήλοις
2381 1025 2641 1095 ἐξαπίνης
2669 1024 3068 1095 διεμερίσαντο.
3102 1023 3217 1075 Νῦν
3252 1021 3345 1075 οὖν
3370 1021 3477 1091 πρὸ
3503 1022 3694 1088 debui.

2134 1119 2253 1189 μῶν
2317 1118 2548 1188 κείμενα
2606 1117 2897 1186 βλέποντες
2960 1116 2996 1171 ἀ
3048 1115 3426 1184 προύξένησεν
3478 1116 3611 1184 ἡμῖν
3664 1114 3699 1181 ἡ

2129 1208 2241 1261 τότ’
2301 1208 2533 1276 ἀμέλεια
2588 1207 2889 1277 σκέψασθε,
2941 1206 2995 1259 τί
3045 1208 3153 1259 δεῖ-
3187 1207 3344 1275 δρᾷν,
3384 1204 3476 1257 ἐπὶ
3533 1202 3699 1272 ξυροῦ

2130 1299 2314 1353 λοιπὸν
2361 1300 2470 1352 τῶν
2528 1300 2713 1352 κακῶν
2764 1298 3068 1368 ἱσταμένων
3115 1299 3213 1352 καὶ
3263 1297 3404 1367 ὑπὲρ
3457 1295 3703 1364 κεφαλῆς

2130 1393 2264 1462 ἡμῖν
2312 1392 2704 1461 αἰωρουμένων
2750 1391 2806 1452 ὲς
2836 1390 2898 1443 τὸ
2952 1389 3125 1459 βίαιόν
3175 1406 3237 1442 τε
3287 1390 3380 1443 καὶ
3425 1388 3703 1454 ἄφυκτον.

2141 1482 2336 1552 Ὁρᾶτε
2367 1480 2495 1553 γὰρ,
2527 1480 2602 1544 ὡς
2643 1483 2700 1533 ὲν
2737 1484 2856 1542 ταῖς
2902 1480 3306 1542 ἐπιθαλαττίοις
3353 1478 3564 1544 πόλεσι,
3606 1480 3705 1531 καὶ

2133 1574 2370 1643 μάλιστα
2405 1572 2594 1625 πασῶν
2619 1575 2684 1643 τῇ
2728 1571 2960 1641 βασιλίδι
3005 1572 3176 1643 ταύτῃ
3208 1575 3317 1625 τῶν
3371 1572 3603 1634 πόλεων,
3637 1568 3706 1623 ἂν

2129 1664 2189 1716 τὸ
2220 1664 2676 1735 θαλαττοκρατεῖν
2705 1663 2972 1734 ἀφέληταί
3012 1682 3094 1726 τις
3135 1664 3244 1717 τῶν
3288 1663 3582 1732 πολεμίων.
3606 1662 3705 1713 τὸν

454 1747 635 1814 vadat,
669 1751 849 1803 statim
896 1753 1095 1823 cuique
1127 1753 1418 1807 imminere
1451 1769 1691 1823 praesens
1719 1756 1843 1810 vitze
1874 1758 2021 1822 peri-

2130 1757 2386 1828 περὶτοῦ
2434 1758 2533 1827 ζῇν
2585 1757 2748 1818 εὐθὺς
2794 1758 3143 1825 ἐπεκρέμασε
3201 1754 3470 1818 κίνδυνον,
3502 1754 3571 1825 ἢν
3622 1753 3701 1822 μή

456 1841 677 1908 culum;
710 1842 817 1897 nisi
848 1844 973 1913 quis
1001 1844 1161 1914 plane
1193 1846 1324 1900 velit
1347 1846 1576 1901 liberam
1610 1849 1776 1903 vitam
1820 1866 2022 1905 aerum-

456 1946 590 1987 nosa
621 1941 678 1987 et
707 1932 966 1990 Tantalea
1000 1935 1233 2005 quadam
1280 1948 1619 2007 permutare,
1665 1942 2023 2011 pecuniisque

456 2035 512 2079 et
543 2024 781 2095 praediis,
823 2027 931 2081 imo
967 2029 1230 2084 uxoribus
1282 2038 1336 2084 et
1386 2030 1579 2087 liberis
1612 2033 1743 2102 ipsis
1777 2035 2020 2089 multari.

455 2118 696 2172 Duorum
737 2118 884 2173 enim
926 2120 1158 2174 alterum
1207 2132 1580 2192 consequatur
1626 2138 1849 2179 necesse
1897 2136 2021 2189 est;

460 2220 520 2262 ut
545 2218 641 2263 aut
663 2209 795 2275 vita,
828 2222 924 2265 aut
954 2211 1021 2266 iis
1044 2212 1209 2266 rebus
1240 2214 1396 2267 vivus
1425 2214 1715 2283 spolietur,
1745 2223 1799 2269 et
1835 2216 2023 2285 eopio-

456 2316 575 2355 sum
604 2300 709 2356 sibi
736 2300 831 2356 diu
863 2312 1140 2373 noctuque
1167 2304 1423 2374 poculum
1453 2290 1596 2360 fellis
1622 2309 1741 2376 ipse
1773 2306 2022 2362 misceat.

458 2392 731 2469 Agedum,
768 2403 1013 2449 vestrum
1057 2396 1192 2450 mihi
1238 2398 1482 2451 animum
1538 2398 1784 2452 indicare
1830 2414 1897 2453 ne
1943 2399 2028 2469 pi-

458 2493 603 2553 geat,
630 2493 691 2539 ut
718 2493 774 2541 et
806 2486 923 2556 ipse
952 2487 1280 2558 intelligam,
1315 2505 1446 2543 num
1487 2504 1586 2544 vos
1617 2490 1816 2558 prioris
1852 2490 2028 2560 negli-

458 2575 655 2643 gentiae
709 2575 994 2645 paeniteat.
1051 2575 1186 2631 Nam
1251 2575 1715 2646 quemadmodum
1773 2590 1927 2639 oves,
1979 2574 2025 2629 si

458 2674 731 2735 pastorem
782 2669 938 2738 sequi
989 2667 1320 2736 detrectent,
1372 2668 1418 2724 si
1464 2669 1515 2724 ei
1565 2668 1928 2724 adversentur
1971 2675 2026 2722 et

455 2761 789 2815 contrariam
827 2763 972 2816 viam
1021 2762 1098 2817 ire
1143 2761 1331 2828 velint,
1365 2777 1473 2817 non
1507 2761 1738 2817 dubium
1782 2774 1863 2816 est
1890 2759 2022 2830 quin

458 2851 641 2905 statim
677 2851 930 2921 periturae
954 2854 1086 2921 sint,
1119 2855 1173 2908 in
1205 2853 1507 2924 praecipitia
1531 2866 1589 2908 et
1615 2853 1904 2922 voragines
1932 2858 2027 2905 aut

460 2943 517 2995 in
549 2941 761 2996 medios
800 2941 958 3011 lupus
993 2943 1258 3012 delapsae;
1291 2944 1410 3013 pari
1450 2942 1660 2998 ratione
1692 2944 1738 2996 si
1784 2942 2026 3011 impera-

460 3032 673 3087 toribus
694 3034 991 3088 ducibusve
1016 3035 1223 3088 subditi
1255 3035 1403 3088 haud
1435 3034 1832 3101 obsequantur,
1857 3033 1901 3086 si
1934 3047 2026 3087 re-

456 3134 725 3194 pugnent,
767 3126 811 3179 si
852 3125 1227 3189 obluctentur,
1263 3127 1332 3181 ab
1361 3125 1528 3181 exitio
1559 3136 1613 3179 et
1644 3124 1853 3180 ultimis
1880 3125 2023 3179 enla-

461 3216 740 3272 mitatibus
771 3232 879 3272 non
918 3218 1078 3288 longe
1108 3227 1257 3273 certe
1290 3218 1586 3273 abfuerint.
1624 3236 1643 3268 ι

528 3497 616 3553 111.
658 3497 755 3552 His
780 3496 1023 3568 Byzantii
1051 3497 1255 3553 auditis
1294 3498 1452 3567 plura
1483 3498 1684 3553 addere
1728 3499 2026 3568 imperato-

455 3602 573 3643 rem
616 3589 758 3644 haud
808 3590 953 3660 passi
1006 3597 1379 3659 consurgunt;
1435 3604 1623 3658 pacem
1657 3604 1783 3644 cum
1817 3588 2024 3644 Latinis

457 3699 562 3738 una
597 3697 787 3737 omnes
831 3696 964 3736 voce
1012 3682 1331 3751 repudi-ant;
1380 3696 1534 3737 suam
1585 3680 1735 3736 illam
1785 3681 2022 3755 priorem

454 3771 839 3843 negligentiam
871 3770 1156 3833 damnant,
1172 3771 1621 3841 pollicenturque
1646 3786 1726 3834 se,
1753 3770 2021 3840 quidquid

454 3862 716 3925 habeant,
756 3860 810 3915 id
849 3875 1010 3916 omne
1055 3859 1198 3914 ultro
1248 3875 1347 3929 pro
1396 3860 1541 3913 virili
1592 3860 2021 3923 contributuros,

358 3979 364 3985 -
453 3954 542 4009 vel
572 3953 617 4009 si
640 3954 844 4008 liberos
873 3952 1102 4022 publictc
1132 3952 1386 4007 utilitatis
1419 3966 1581 4007 causa
1613 3960 1825 4005 mutare
1860 3965 2025 4020 pecu-

456 4047 546 4101 nia
576 4045 741 4117 353
764 4053 1034 4114 oporteat.
1080 4045 1147 4101 Et
1191 4047 1308 4101 haec
1346 4045 1569 4115 quidem
1612 4045 1685 4099 ita
1720 4060 1780 4098 se
1818 4043 2024 4097 habue-

456 4146 606 4202 runt,
637 4147 694 4192 et
724 4136 793 4191 ad
828 4152 926 4191 sua
952 4138 1185 4207 quisque
1215 4136 1609 4191 discesserunt.
1652 4134 1842 4205 Magna
1869 4135 2024 4189 dein-

457 4226 526 4281 de
556 4236 609 4281 et
636 4226 924 4282 ambitiosa
963 4228 1319 4282 contentione
1365 4227 1565 4282 bellum
1612 4227 1864 4296 apparari
1910 4241 2024 4281 coe-

457 4327 611 4386 ptum
636 4335 650 4371 :
673 4328 836 4388 atque
861 4318 917 4372 in
942 4318 1328 4373 construendis
1358 4317 1608 4379 navibus,
1638 4320 1694 4371 in
1724 4317 2023 4372 missilibus

459 4410 753 4463 tormentis
786 4410 1088 4477 majoribus
1119 4409 1533 4478 minoribusque
1575 4408 1923 4470 fabricandis,
1970 4409 2020 4473 in
2060 4430 2100 4484 ιι

458 4499 767 4570 legionibus
805 4500 1042 4572 denique
1071 4516 1166 4556 seu
1205 4501 1489 4555 navalibus
1526 4516 1623 4554 seu
1668 4500 2025 4555 terrestribus

461 4585 807 4649 mercenaria
856 4594 1029 4650 milite
1072 4595 1433 4664 complendis,
1474 4610 1598 4650 acre
1642 4594 1881 4649 studium
1933 4610 2027 4649 ex-

463 4686 619 4742 stitit.
662 4685 899 4742 Pecunia
949 4686 1131 4757 itaque
1174 4686 1241 4741 ad
1289 4687 1389 4742 hos
1434 4698 1686 4756 sumptus
1713 4687 2025 4751 deﬁciente,

462 4779 822 4850 exigebantur
851 4796 882 4835 a
908 4779 1185 4851 Byzantiis
1213 4761 1460 4847 quredam
1491 4779 1820 4842 volentibus,
1859 4778 2029 4848 pluri-

464 4884 551 4924 ma
591 4871 749 4925 valde
806 4870 1014 4937 invitis.
1065 4869 1424 4925 Mittebantur
1467 4869 1597 4923 item
1636 4884 1732 4938 per
1764 4869 1926 4923 urbes
1975 4877 2029 4923 et

416 5022 431 5035 I
467 4977 627 5031 agros
666 4962 931 5027 Thraciae,
969 4961 1060 5030 qui
1109 4961 1396 5030 pecuniam
1451 4958 1503 5012 in
1560 4973 1878 5013 communes
1911 4958 2032 5011 illos

466 5053 919 5123 necessariosque
941 5067 1072 5107 usus
1097 5061 1472 5121 corrogarent.

536 5330 627 5387 IV.
669 5332 847 5387 Latini
880 5349 1010 5389 vero
1044 5334 1254 5402 aliquot
1288 5333 1592 5397 onerarias,
1626 5346 1747 5401 quae
1778 5328 1902 5384 valli
1952 5328 2035 5381 in-

394 5440 401 5446 '
471 5434 584 5477 star
615 5433 831 5488 portum
852 5438 1042 5477 eorum
1068 5422 1389 5493 implebant,
1422 5428 1707 5491 postquam
1743 5418 2035 5489 Byzantio-

471 5523 594 5569 rum
625 5518 859 5571 ballistis
892 5516 1168 5587 submergi
1206 5523 1263 5571 et
1297 5513 1563 5583 confringi
1604 5513 1881 5574 viderunt,
1913 5526 2036 5566 om-

2125 1868 2210 1912 τις
2262 1849 2422 1921 ἐθέλῃ
2472 1849 2764 1919 προφανῶς
2812 1848 3100 1917 ἐλευθέρου
3154 1847 3271 1918 βίου
3326 1846 3699 1917 βαρυδαίμο.α

2125 1945 2220 1995 καὶ
2271 1939 2602 1994 Ταντάλειον
2649 1934 2761 1991 οἷον
2806 1938 3166 2002 ἀλλάξασθαι,
3203 1942 3297 1993 καὶ
3344 1937 3701 2007 ζημιωθῆναι

2129 2033 2229 2102 μὲν
2254 2032 2555 2102 χρημάτων
2591 2029 2684 2082 καὶ
2713 2028 2918 2093 οἰκιῶν,
2957 2028 3301 2098 ζημιωθῆναι
3332 2028 3387 2081 δὲ
3414 2027 3699 2095 γυναικῶν

2125 2124 2223 2177 καὶ
2274 2122 2477 2175 παίδων
2527 2121 2728 2174 αὐτῶν.
2778 2122 2932 2173 Δυοῖν
2977 2121 3086 2188 γὰρ
3138 2119 3330 2187 ἕψεται
3377 2117 3627 2184 θάτερον,
3666 2117 3701 2184 ἦ

2122 2216 2221 2285 τῆς
2258 2213 2501 2284 κεφαλῆς
2534 2213 2565 2283 ἢ
2606 2213 2714 2266 τῶν
2743 2215 3001 2267 τοιούτων
3053 2211 3344 2280 στέρεσθαι
3383 2210 3565 2271 ζῶντα
3605 2210 3705 2261 καὶ

2125 2306 2465 2361 πολλαπλούν
2492 2306 2581 2358 τὸν
2601 2307 2699 2371 τῆς
2726 2305 2950 2376 πικρίας
2974 2304 3225 2375 κρατῆρα
3251 2303 3443 2372 κιρνᾷν
3475 2301 3697 2367 νύκτωρ

2125 2400 2242 2468 ἅμα
2272 2399 2368 2451 καὶ
2409 2397 2527 2465 μεθ’
2571 2397 2783 2468 ἡμέραν
2823 2395 2985 2458 αὐτὸς
3030 2394 3225 2463 ἐαυτῷ.
3274 2394 3410 2461 Φέρε
3467 2391 3561 2445 οὖν
3601 2391 3701 2444 τὸν

2125 2490 2389 2560 ὑμέτερον
2438 2489 2563 2556 ἐμοὶ
2628 2487 2824 2556 δηλοῦν
2874 2485 2961 2559 [Ρ.
3012 2484 3138 2557 539]
3195 2485 3271 2555 μὴ
3320 2485 3700 2551 κατοκνήσητσ

2124 2585 2344 2653 τρόπον,
2388 2585 2471 2637 ἵνα
2511 2583 2625 2652 γνῶ
2656 2581 2770 2637 ,καὶ
2806 2581 2989 2645 αὐτὸς,
3027 2580 3075 2631 εί
3121 2581 3218 2647 τῆς
3253 2577 3525 2647 προτέρας
3550 2593 3701 2628 κατ-

2126 2677 2331 2743 έγνωτε
2380 2674 2662 2742 ἀμελείας.
2712 2671 3000 2738 Ἀνάλογον
3060 2668 3168 2737 γάρ
3205 2671 3376 2730 ἐστιν,
3408 2667 3482 2730 ὡς
3518 2666 3701 2719 auai-

2124 2785 2232 2838 περ
2288 2765 2506 2835 ποιμένι
2560 2765 2748 2826 παντὶ,
2798 2764 2848 2815 ει
2905 2766 2981 2834 μὴ
3029 2764 3098 2815 τά
3156 2761 3405 2831 πρόϐατα
3465 2755 3705 2811 ἕπεσθαι

2125 2858 2390 2930 βούλοιτο,
2424 2857 2540 2911 ἀλλ’
2576 2855 2879 2910 ἀντιϐαίνοι
2927 2857 3022 2908 καὶ
3068 2854 3168 2919 τὴν
3212 2851 3463 2904 ἐναντίαν
3492 2847 3705 2902 ὁδεύειν

2124 2951 2317 3014 ἐθέλοι,
2376 2950 2475 3001 οὐκ
2521 2948 2712 3020 ἄδηλον
2748 2946 2815 3000 ἂν
2881 2946 2989 3015 εἴη,
3019 2944 3095 3006 ὡς
3145 2944 3287 3017 ὅσον.
3322 2942 3423 2995 οὐκ
3467 2941 3568 3012 ἠδη
3610 2956 3707 2992 rs-

2128 3042 2405 3113 θνήξεται,
2437 3041 2702 3111 κρημνοῖς
2750 3040 2850 3092 καὶ
2917 3036 3155 3108 φάραγξι
3181 3037 3276 3089 καὶ⁵
3314 3034 3497 3097 λύκοις
3544 3049 3705 3103 περι-

2126 3135 2384 3193 πεσόντα,
2415 3131 2557 3185 οὕτω
2595 3131 2690 3184 καὶ
2730 3128 3012 3200 βασιλεῦσι
3045 3129 3140 3181 καὶ
3166 3128 3430 3199 ἡγεμόσιν
3461 3125 3701 3192 ἀνδρῶν,

2125 3224 2191 3293 ἦν
2231 3223 2305 3292 μὴ
2333 3221 2605 3291 σύνδρομα
2703 3219 2771 3272 τὰ
2796 3219 2903 3273 τῶν
2946 3220 3225 3289 ὑπηκόων,
3257 3220 3373 3272 ἀλλ’
3406 3216 3700 3287 ἀντιϐαίνῃ

2106 3317 2219 3368 ’καὶ
2261 3315 2626 3385 ἀντιπράττῃ,
2657 3313 2719 3366 ού
2752 3313 2942 3384 πόρῤω
2976 3314 3027 3381 γ’
3065 3312 3131 3366 ἂν
3171 3307 3283 3366 εἷεν
3337 3310 3556 3382 ὀλέθρου
3601 3311 3702 3363 καὶ

2124 3406 2311 3460 δεινῶν
2336 3406 2444 3459 τῶν
2474 3406 2742 3476 ἐσχάτων.
2793 3426 2813 3458 ι
2884 3463 2897 3468 _

2193 3498 2269 3553 I".
2299 3493 2516 3550 Τούτων
2549 3499 2803 3566 αὐτήκοοι
2848 3498 3133 3567 γεγονότες
3180 3497 3468 3561 Βυξάντιοι
3499 3495 3692 3549 οὐκέτι

2125 3588 2297 3641 πλείω
2332 3587 2748 3665 συνείρεινεῖων
2781 3591 2871 3642 τδν
2903 3590 3130 3661 βασιλέα
3159 3607 3174 3623 '
3215 3588 3334 3643 ἀλλ’
3368 3588 3701 3648 ἀναστάντες

2129 3681 2227 3751 μιᾷ
2261 3682 2411 3750 φωνῇ
2461 3681 2662 3743 πάντες
2691 3682 2997 3735 ἀπείπαντο
3042 3684 3142 3751 μὲν
3176 3681 3277 3752 τὴν
3307 3683 3416 3735 τῶν
3448 3683 3705 3734 Λατίνων

2125 3772 2762 3843 είρήνηνμκατέγνωσαν
2799 3771 2843 3826 δ’
2874 3773 3102 3837 ἑαυτοὺς
3127 3776 3224 3842 τῆς
3255 3776 3384 3841 πρὶν
3410 3769 3702 3839 ἀμελείας.

2125 3864 2460 3931 ἐπαγγελίας
2506 3882 2566 3916 τε
2600 3865 2808 3926 ἔδοσαν,
2861 3864 3145 3927 ἐθελοντὰς
3194 3863 3574 3934 συνεισφέρειν
3616 3862 3705 3923 εἰς

2124 3954 2319 4023 ὲράνου
2357 3956 2530 4025 φορὰν
2584 3955 2653 4008 τὰ
2694 3945 2993 4022 προσόντα,
3040 3957 3132 4007 καὶ
3177 3953 3371 4014 παῖδας
3421 3952 3618 4013 αὐτοὺς
3649 3950 3703 4001 εἰ

2125 4043 2237 4097 δέοι
2279 4046 2579 4116 χρημάτων
2622 4043 2981 4099 ἀλλάττεσθαι
3012 4047 3197 4114 κοινῆς
3224 4043 3491 4108 ὠφελείας
3514 4043 3702 4094 ἑνεκα.

2125 4137 2233 4191 Καὶ
2264 4137 2435 4191 ταῦτα
2467 4138 2568 4207 μὲν
2607 4137 2799 4190 τοῦτον
2827 4137 2951 4206 ἔσχε
2985 4138 3074 4190 τὸν
3121 4136 3345 4205 τρόπον,
3382 4136 3474 4187 καὶ
3515 4132 3698 4199 ἀπηλ-

2124 4230 2382 4283 λάττοντο
2420 4229 2499 4291 εἰς
2531 4229 2599 4281 τὰ
2642 4230 2749 4282 ῐδια
2789 4229 3033 4283 ἕκαστοι.
3081 4228 3261 4299 Πολλὴ
3299 4229 3356 4280 δέ
3391 4244 3474 4290 τις
3508 4226 3664 4279 ὲντεῦ

2127 4320 2218 4373 θεν
2253 4320 2500 4389 ἐφαίνετο
2535 4321 2662 4390 περὶ
2719 4321 2817 4389 τὴν
2872 4321 3172 4388 ὅπλισινιή
3237 4318 3542 4388 φιλοτιμία,
3599 4315 3699 4368 aut

2127 4413 2277 4479 ὀξεῖά
2299 4429 2383 4475 τις
2413 4407 2480 4482 ἦν
2507 4412 2541 4484 ἡ
2572 4412 2777 4481 σπουδὴ
2806 4413 2939 4481 περί
2968 4428 3025 4464 τε
3059 4411 3408 4480 κατασκευὴν
3433 4407 3569 4461 νεῖον
3599 4410 3700 4459 καὶ

2136 4507 2478 4577 πετροϐόλων
2512 4506 2926 4579 μηχανημάτων
2973 4504 3223 4575 μεγάλων
3263 4520 3321 4555 τε
3354 4502 3447 4554 καὶ
3480 4500 3701 4571 μικρῶν

2135 4599 2232 4651 καὶ
2258 4593 2644 4666 μισθοφορικοῦ
2678 4592 3076 4664 στρατοῦ,-ὅσοι
3111 4611 3169 4645 τε
3203 4595 3261 4655 ἐς
3302 4593 3402 4654 τὰς
3437 4591 3701 4651 ναυτικὰς

2133 4688 2390 4757 δυνάμεις
2422 4686 2516 4739 καὶ
2541 4686 2654 4739 ὅσοι
2685 4685 2740 4746 ἐς
2764 4684 2862 4746 τὰς
2891 4684 3121 4747 πεζικὰς
3150 4684 3447 4753 ἀρκέσουσι
3489 4681 3704 4749 φάλαγ-

2135 4796 2260 4848 γας.
2290 4777 2452 4831 Ὅθεν
2481 4776 2781 4847 χρημάτων
2810 4775 2910 4828 οὐκ
2955 4775 3123 4827 ὅντων
3170 4768 3251 4836 εἷς
3288 4774 3387 4843 τὴν
3429 4773 3700 4841 δαπάνην,

2135 4868 2436 4939 ὲπράττετο
2465 4869 2601 4937 πρὸς
2634 4865 2943 4930 Βυζαντίων
2973 4865 3089 4918 ἔνια
3135 4865 3235 4935 μὲν
3276 4864 3409 4935 παρ’
3440 4864 3701 4928 ἑκόντων,

2138 4964 2206 5016 τὰ
2234 4961 2290 5015 δὲ
2322 4956 2549 5013 πλεῖστα
2574 4959 2725 5026 παρὰ
2762 4958 2967 5028 σφόδρα
2991 4956 3254 5011 ἀκόντων.
3294 4956 3703 5020 Ἐξεπέμποντο

2139 5054 2195 5106 δὲ
2231 5052 2325 5106 καὶ
2353 5052 2404 5103 οἱ
2427 5050 2525 5113 τὰς
2549 5049 2831 5120 Θρᾳκικάς
2858 5047 3385 5118 ἀργυρολογήσοντες
3401 5047 3592 5108 πόλεις
3612 5046 3709 5099 καὶ

2142 5145 2324 5216 χώρας
2367 5143 2467 5213 τῆς
2499 5141 2689 5211 κοινῆς
2736 5141 2831 5194 καὶ
2879 5132 3184 5209 ἀναγκαίας
3227 5139 3464 5209 ταυτησὶ
3514 5137 3709 5208 χρείας

2142 5237 2351 5291 εἵνεκα.

2215 5332 2288 5382 Δ’.
2331 5329 2511 5392 Ἐνίας
2544 5316 2622 5395 γε’
2647 5322 2828 5397 μὴνόί
2852 5324 3069 5378 Λατῖνοι
3100 5323 3207 5376 τῶν
3256 5323 3376 5377 δσιι
3427 5319 3709 5391 προτειχίο

2146 5435 2352 5490 σματος
2381 5419 2538 5489 δίκην
2571 5417 2792 5479 ὁλκάδες
2823 5417 2916 5467 τδν
2948 5415 3150 5469 οικεῐον
3189 5414 3460 5485 ἐπλήρουν
3505 5410 3709 5480 λιμένα

2145 5493 2563 5581 καταγνυμένας
2606 5526 2666 5563 τε
2709 5509 2808 5564 καὶ
2854 5506 3120 5578 δυομένας
3160 5508 3395 5577 ὁρωντες
3444 5504 3551 5558 ὑπὸ
3594 5501 3711 5555 τῶν

1819 5602 2157 5662 Variorum
2197 5609 2385 5663 noue.

555 5710 664 5780 (98)
698 5712 832 5766 Vide
860 5712 1231 5770 Cantacuzeu.
1268 5713 1471 5768 Hister.
1507 5712 1602 5767 lib.
1635 5726 1708 5776 tv,
1736 5724 1856 5778 cap.
1878 5706 2045 5763 5et6.
2087 5706 2292 5763 Bomn'.
