3944 6206
204 273 348 338 1113
634 273 712 346 [Α.
753 290 804 330 c.
852 278 1012 350 13.19]

1193 326 1201 335 -
1230 285 1673 348 ΒΥΖΑΝΤΙΝΕ
1703 291 1767 348 ΙΝ

1873 291 2081 351 ῸΡιῐΕ
2108 292 2252 353 LIB,
2287 292 2473 353 XVII,
2557 285 2686 359 [ινιτ.
2726 303 2773 344 .1.
2810 302 3105 343 ωιτηουτ.
3145 286 3202 360 '5]

3316 290 3456 355 1114

198 391 503 454 Βυζαντίων
518 396 861 464 πετροϐόλων
885 401 1294 469 μηχανημάτων
1315 404 1543 472 τάχιστα
1581 404 1763 482 πάσας

1873 419 1967 458 nes
1996 406 2404 473 quamprimum
2444 405 2570 459 inde
2605 406 2958 460 transtulere.
3007 406 3084 460 Ex
3127 405 3223 458 illo
3264 416 3448 460 autem

192 484 402 535 ἐκεῖθεν
449 483 524 546 ὡς
572 489 912 556 πορρωτάτω
942 491 1288 558 μετήνεγκαν
1313 508 1329 523 ο
1354 497 1448 545 καὶ
1487 489 1557 563 ἦν
1583 494 1767 546 λοιπον

190 578 261 629 τά
305 580 362 629 ἐν
401 578 478 647 τῷ
522 578 728 648 λιμένει
787 583 942 654 τείχη
974 584 1123 653 σφῶν
1156 586 1407 654 βοηθείας
1438 589 1530 641 καὶ
1559 589 1766 659 σκέπης

187 668 533 753 παντάπασιν
557 669 758 741 ἔρημα.
780 672 942 726 Ὅθεν
973 674 1220 745 ἔπεμπον
1266 678 1365 745 μὲν
1408 681 1465 731 ἐν
1506 678 1762 750 Γεννούᾳ,

193 756 444 823 ἔπεμπον
473 757 518 810 δ’
542 760 779 833 ἐνῬόδῳ
806 765 932 826 τοὺς
956 764 988 833 ἢ
1027 765 1283 837 βοήθειαν
1316 769 1522 821 ἐκεῖθεν
1541 769 1768 832 ἄξοντας

191 847 225 915 ἢ
267 848 394 910 τοὺς
427 849 529 917 τήν
553 853 780 922 εἰρήνην
801 856 1257 925 πρεσσεύσοντας.
1288 860 1518 915 Γέννουα
1548 863 1647 930 μὲν
1678 861 1770 915 οὖν

194 938 365 1001 ἰδίους
384 940 582 1009 ἔχουσα
624 944 888 1014 θορύϐους
907 951 999 1000 καὶ
1026 950 1273 1015 γείτονας
1306 951 1483 1022 μάχας
1499 954 1770 1008 ἀπείπατο

184 1032 427 1099 πέμπειν
457 1033 730 1102 βοήθειαν.
749 1037 942 1090 Ῥόδιοι
964 1039 1007 1091 δ’
1043 1042 1419 1110 ἐκπέμπουσιν
1453 1044 1614 1106 εὐθὺς
1635 1045 1765 1114 μίαν

184 1125 390 1194 τριήρη
432 1127 569 1193 μετὰ
621 1128 731 1180 τῶν
766 1129 866 1200 τὴν
916 1134 1142 1202 είρήνην
1191 1134 1677 1204 πρεσόευσόντωι·
1708 1137 1761 1189 οἳ

183 1216 359 1267 πολλὰ
393 1217 492 1285 μὲν
531 1219 799 1282 εἰπόντες,
830 1223 952 1275 ἐπεὶ
998 1224 1316 1291 ἐληλύθασι,
1355 1227 1526 1280 πολλὰ
1556 1228 1602 1279 δ’
1626 1229 1765 1298 ἀκη-

184 1307 392 1371 κοότες,
430 1309 539 1361 τῶν
580 1312 1033 1380 σπουδαζομένων
1075 1315 1281 1384 ἤνυσαν
1307 1316 1482 1384 οὐδὲν,
1521 1320 1618 1371 ἆτε
1664 1321 1763 1373 οὐκ

106 1442 113 1447 .
183 1399 642 1467 ἐπαγγειλάμενοι
692 1403 832 1471 μήτε
886 1402 979 1455 τοῦ
1031 1405 1331 1473 ληφθέντος
1386 1410 1447 1461 ἐν
1496 1413 1562 1480 τῇ
1610 1412 1762 1484 μάχῃ

184 1490 355 1543 τόπου
400 1492 509 1542 τῶν
541 1495 827 1564 προτέρων
865 1496 1027 1564 ὁρίων
1072 1499 1331 1552 ἐπέκεινα
1361 1498 1501 1569 μήτε
1547 1501 1647 1570 τῆς
1672 1519 1766 1567 γε·

184 1582 421 1651 νομένης
460 1583 627 1654 ἄλλης
681 1587 786 1639 ὑπὸ
831 1590 980 1656 σφῶν
1029 1590 1231 1659 ζημίας
1279 1592 1555 1647 ἀπόδοσιν.
1593 1594 1760 1647 Ὅθεν

184 1674 280 1741 καὶ
315 1673 563 1744 ἀπῄεσαν
606 1674 761 1740 αὖθις
805 1681 861 1741 ἐς
908 1678 1087 1733 Ῥόδον
1135 1682 1445 1752 ἄπρακτον
1492 1684 1634 1753 πλὴν
1681 1686 1765 1737 ὅτι

186 1766 364 1819 πολλά
403 1769 512 1821 τῶν
560 1771 873 1825 πολυτελῶν
920 1774 1228 1844 κειμηλίων
1253 1776 1344 1829 καὶ
1382 1779 1683 1847 χρημάτων
1715 1780 1763 1833 οξ

182 1859 239 1909 ὲν
267 1862 389 1924 τοῖς
417 1860 659 1916 Γαλάτου
691 1864 972 1935 ἐνθέμενοι
1002 1870 1065 1937 τῇ
1106 1866 1288 1939 Ῥοδίᾳ
1309 1870 1528 1938 τριήρει
1552 1872 1608 1932 ἐς
1649 1870 1767 1923 Ῥό-

182 1949 273 2001 δον
299 1950 372 2002 δι’
399 1952 579 2005 αὐτῶν
610 1954 881 2018 ἔπεμπον,
910 1955 1141 2019 δεδιότες
1172 1962 1300 2027 περὶ
1320 1958 1415 2011 τοῦ
1448 1959 1762 2027 μέλλοντος.

181 2036 373 2094 Ἦσαν
400 2043 444 2096 δ’
470 2043 520 2096 οἳ
549 2047 647 2098 καὶ
673 2050 938 2112 γυναῖκας
970 2049 1064 2103 καὶ
1095 2051 1290 2113 παῖδας
1315 2050 1563 2115 ἐξέθεντο
1592 2053 1682 2107 διὰ
1704 2054 1764 2106 τὸ

182 2132 272 2186 τοῦ
309 2135 597 2201 μέλλοντος
629 2137 727 2207 ἀδη
735 2138 848 2192 λον.

248 2224 347 2295 ῙΡ.
378 2225 510 2298 540]
542 2228 616 2282 E'.
663 2228 820 2282 Ἐπεί
847 2232 1055 2303 γεομὴν
1087 2231 1145 2284 αἰ
1172 2250 1231 2284 τε
1273 2234 1330 2285 ὲν
1364 2233 1643 2305 Βυζαντίῳ
1670 2237 1765 2288 καὶ

181 2316 393 2388 ἀλλαχῆ
408 2321 854 2392 ναυπηγούμεναι
875 2325 1120 2394 τριήρεις
1136 2327 1640 2395 συνεσκευάσθησαν
1662 2329 1762 2399 ήδη

182 2406 255 2475 τῷ
275 2406 510 2477 βασιλεῖ,
532 2412 764 2478 μεγάλαι
789 2412 890 2481 μὲν
902 2414 1080 2478 ἐννέα,
1108 2416 1363 2485 μονήρεις
1380 2416 1435 2469 δὲ
1455 2418 1549 2470 καὶ
1562 2419 1765 2488 διήρεις

183 2501 428 2564 πλείους,
464 2502 650 2556 πολλοὶ
685 2502 742 2555 δὲ
766 2505 863 2557 καὶ
892 2500 1004 2557 τῶν
1057 2509 1114 2558 ὲν
1165 2507 1447 2578 Βυζαντίῳ
1498 2511 1764 2563 πλουσίων

114 2622 119 2629 κ
183 2590 596 2662 φιλοτιμότερον
616 2596 698 2658 είς
719 2595 947 2666 τοῦργον
971 2597 1310 2663 διατεθέντες
1341 2600 1580 2669 λέμϐους
1604 2620 1767 2666 στρα-

184 2683 442 2748 τιώτιδας
480 2686 572 2739 καὶ
629 2688 830 2741 ἀκάτια
876 2691 1351 2744 συνεσκευάσαντό
1395 2709 1453 2743 τε
1504 2693 1599 2745 καὶ
1630 2694 1764 2759 ἐξώ-

183 2782 390 2834 πλισαν
422 2781 480 2845 ἐξ
511 2775 735 2844 ρίκείας
768 2782 1038 2851 δαπάνης,
1077 2786 1468 2856 μετάπεμπτοι
1500 2787 1764 2855 ,γίνονται

183 2872 279 2925 καὶ
313 2872 438 2926 ὅσαι
468 2875 589 2926 κατ’
620 2874 784 2938 ἄλλας
814 2874 923 2928 τῶν
952 2876 1210 2947 ὑπηκόων
1239 2872 1379 2949 ἦσαν
1412 2880 1622 2932 πόλεων
1644 2897 1659 2912 ·
1689 2878 1764 2933 ὧν

183 2966 236 3018 αἱ
262 2965 369 3035 μὲν
402 2965 598 3037 καιροῦ
624 2967 1039 3037 λαμϐανόμεναι
1061 2969 1279 3039 νύκτωρ
1304 2969 1554 3041 ἀπῄεσαν
1582 2975 1640 3036 ἐς
1672 2972 1763 3025 τὸν

1874 511 2064 550 eorum
2121 497 2341 559 mtenia,
2380 511 2486 567 qua
2517 507 2733 566 portum
2786 497 3114 566 respiciunt.
3167 496 3452 551 indefensa

1876 600 2102 654 prorsus
2134 595 2190 640 et
2235 588 2379 641 nuda
2424 599 2602 642 erant.
2652 589 2918 642 Miserum
2966 588 3151 657 itaque
3181 587 3451 655 Genuam,

1872 687 1928 731 et
1954 678 2019 731 ad
2052 678 2287 733 insulam
2326 678 2604 742 Rhodum,
2639 679 2730 747 qui
2764 680 2847 732 vel
2884 679 3084 733 auxilia
3115 678 3201 732 vel
3246 678 3454 746 legatos

1875 770 2024 837 pacis
2052 780 2310 825 auctores
2341 771 2643 827 exstituros
2674 770 2814 833 inde,
2834 770 3099 825 accirent.
3146 771 3221 825 Ac
3262 766 3473 825 Genua

1873 861 2118 929 quidem,
2148 878 2216 917 eo
2245 871 2393 933 quod
2425 863 2665 932 propriis
2708 862 2949 919 motibus
2979 862 3287 932 vicinisque
3336 862 3455 916 bel-

1872 951 1941 1005 lis
1990 952 2289 1017 laboraret,
2349 953 2571 1007 mittere
2622 952 2831 1007 auxilia
2893 952 3192 1007 recusavit.
3250 950 3453 1005 llhodii

1870 1058 2004 1098 vero
2035 1060 2196 1098 unam
2230 1045 2411 1098 statim
2437 1046 2716 1099 triremem
2749 1044 2980 1097 mittunt
3007 1057 3132 1096 cum
3164 1035 3356 1113 legatis
3384 1041 3452 1095 de

1869 1148 2005 1202 pace
2054 1135 2279 1190 acturis.
2342 1135 2409 1190 lli
2465 1151 2589 1191 cum
2656 1134 2957 1198 venissent,
3019 1134 3188 1189 multa
3242 1133 3451 1197 dixere,

1873 1228 2042 1280 multa
2075 1227 2202 1281 item
2253 1227 2557 1282 audivere:
2610 1243 2804 1281 eorum
2857 1235 3063 1289 autem,
3098 1240 3217 1294 qun
3268 1223 3452 1277 facere

1870 1318 2183 1383 studebant,
2245 1320 2381 1371 nihil
2438 1318 2828 1388 perfecerunt;
2886 1316 3109 1388 quando
3158 1329 3337 1384 neque
3395 1312 3452 1366 id

1870 1410 1997 1479 loci.
2029 1411 2174 1480 quod
2216 1411 2356 1465 ultra
2390 1411 2653 1480 pristinos
2697 1409 2906 1464 limites
2953 1409 3007 1462 in
3041 1408 3185 1461 bello
3214 1420 3453 1472 occupa-

1868 1514 2083 1568 verant,
2123 1504 2482 1559 restituturos
2533 1517 2655 1559 esse
2705 1518 2765 1558 se
2813 1500 3237 1571 pollicebantur,
3273 1512 3454 1566 neque

1870 1596 2053 1650 damni
2085 1596 2384 1664 quidquam
2430 1610 2564 1672 asc
2614 1593 2751 1649 illati
2804 1600 3136 1648 resarturos.
3192 1588 3449 1645 Rhodum

1869 1688 2052 1755 itaque
2076 1686 2238 1759 857
2269 1686 2502 1742 redeunt
2553 1685 2755 1740 infecta
2811 1700 2891 1749 re,
2943 1683 3045 1737 nisi
3085 1680 3233 1750 quod
3278 1679 3449 1735 tuulta

1869 1792 1937 1832 ex
1966 1779 2204 1849 pretiosa
2229 1777 2554 1847 supellectili
2583 1786 2637 1831 et
2667 1792 2732 1831 ex
2761 1774 3053 1836 thesauris,
3090 1772 3316 1827 Rhodia:
3342 1771 3444 1824 tri-

1872 1870 2008 1924 remi
2054 1870 2224 1924 iuturi
2267 1879 2415 1925 metu
2474 1868 2757 1938 imposita,
2800 1867 3022 1921 Galata-i
3056 1864 3313 1919 Rhodum
3344 1877 3445 1933 per

1871 1979 1968 2018 eos
2004 1964 2293 2019 miserunt.
2328 1963 2503 2018 Fuere
2536 1962 2702 2016 etiam
2732 1959 2824 2029 qui
2879 1974 3079 2013 uxores
3129 1957 3445 2026 liberosque

1872 2056 2257 2127 imposuerint,
2294 2048 2426 2127 quid
2456 2055 2701 2125 futurum
2735 2063 2880 2107 esset
2916 2050 3136 2106 incerti.

1943 2241 2007 2296 Y.
2038 2238 2174 2295 Cum
2198 2254 2330 2295 vero
2359 2254 2451 2294 eas
2478 2242 2765 2301 triremes,
2794 2251 2916 2306 quas
2946 2234 3193 2305 Byzantii
3227 2244 3283 2289 et
3307 2233 3442 2289 alibi

1872 2341 2202 2387 constructae
2241 2340 2418 2390 erant,
2456 2341 2675 2400 paratas
2701 2329 2817 2399 jam
2868 2328 3095 2382 haberet
3133 2327 3454 2397 imperator.

1872 2441 2095 2494 magnas
2123 2425 2348 2496 quidem
2385 2439 2608 2490 novem,
2641 2435 2899 2477 maneres
2919 2429 3099 2473 autem
3124 2433 3185 2472 ac
3220 2413 3455 2472 liire‘mes

1873 2518 2099 2586 plures.
2164 2526 2216 2571 et
2278 2515 2707 2587 Byzantinorttm
2746 2513 2982 2577 divitum
3037 2511 3225 2573 multi,
3260 2518 3457 2563 navata

1871 2609 2219 2664 ambitiosius
2257 2623 2449 2677 opera,
2506 2606 2774 2660 militares
2807 2604 3023 2658 lembos
3073 2612 3128 2656 et
3176 2599 3456 2655 naviculas

1871 2705 2365 2768 comparassentac
2402 2696 2640 2765 propriis
2670 2694 2988 2765 sumptibus
3045 2690 3409 2746 armavissent
3435 2725 3454 2751 ,

1870 2789 2144 2844 arcessita:
2184 2788 2351 2843 etiam
2385 2803 2465 2843 eae
2498 2801 2694 2842 omnes
2718 2801 2841 2852 qua:
2865 2783 2919 2839 in
2958 2782 3086 2837 aliis
3118 2779 3333 2849 imperii
3364 2795 3459 2833 ur-

1871 2882 2036 2936 lzibus
2058 2890 2238 2934 erant.
2284 2880 2488 2934 llarum
2528 2879 2684 2941 aliae,
2728 2877 2910 2931 oblata
2951 2874 3259 2932 occasione.
3289 2867 3454 2925 noctu

1870 2970 2228 3042 Byzantiuum
2261 2970 2317 3024 in
2347 2980 2567 3040 portum
2599 2982 2846 3031 evasere,
2881 2976 3171 3037 postquam
3231 2965 3455 3020 Latinas

184 3058 295 3110 τῶν
337 3058 649 3122 Βυζαντίων
680 3059 894 3128 λιμένα,
933 3062 1091 3129 μόλις
1130 3062 1491 3117 λανθάνουσαι
1522 3065 1622 3129 τὰς
1652 3067 1762 3123 Λα-

1873 3066 2127 3119 trircmes
2153 3076 2296 3133 ξρετε
2322 3061 2667 3123 fefellissent,
2704 3074 2826 3129 qua:
2863 3068 3129 3128 perpetuo
3168 3056 3457 3126 speculan-

184 3147 399 3210 τινικάς
425 3149 695 3218 τριήρεις,
736 3151 794 3203 αἶ
820 3151 1085 3221 διηνεκῶς
1124 3154 1483 3226 ὲπιτηροῦσαι
1531 3159 1626 3211 καὶ
1661 3176 1768 3211 πα-

188 3238 630 3306 ραςρυλάττουσαι
658 3242 944 3313 πόρρωθεν
963 3244 1205 3298 ἐκώλυον
1229 3246 1322 3299 τὸν
1347 3246 1603 3302 είσπλουν
1627 3242 1783 3302 Exsi-~

184 3348 319 3390 νων,
347 3330 550 3401 αίθριοι
579 3332 1098 3404 διανυκτερεύουσαι
1140 3338 1232 3391 τὸν
1258 3339 1541 3409 χειμέριον
1575 3340 1768 3410 χρόνον

185 3422 416 3475 ἐκεῖνον.
456 3424 717 3478 Ἐνταῦθα
748 3425 857 3495 γάρ
899 3428 959 3479 τὸ
989 3428 1245 3481 ναυτικὸν
1282 3430 1462 3481 ἐκεῖνο
1508 3429 1769 3497 πελάγιον

178 3515 274 3575 .ἀεὶ
308 3513 775 3570 δειπνοποιεῖσθαί
810 3535 871 3571 τε
904 3521 997 3573 καὶ
1028 3521 1499 3592 ἀριστοποιεῖσθαι
1528 3522 1625 3574 καλ⁸
1656 3540 1759 3575 κα-

190 3605 402 3658 θεύδειν
435 3607 484 3659 οἱ
530 3609 859 3680 τριηράρχαι
899 3610 1252 3680 ἠνάγκαζον·
1309 3611 1385 3676 ὡς
1442 3611 1765 3680 συμϐαίνειν

190 3695 470 3764 ἐντεῦθεν,
494 3699 902 3770 πολιορκεῖσθαι
925 3701 1027 3770 μὲν
1053 3700 1378 3766 Βυζαντίους
1400 3704 1464 3754 ὲκ
1495 3702 1767 3771 θαλάττης

186 3788 297 3840 ὑπὸ
328 3788 1033 3873 Λατίιέωνιπολιορκείσθαι
1062 3793 1108 3845 δ’
1137 3789 1205 3847 αὖ
1241 3792 1303 3858 ἐξ
1336 3793 1569 3864 ήπείρου
1603 3793 1771 3846 Λατί-

186 3883 443 3944 ωυςηὺπδ
479 3884 788 3952 Ῥωμαίων,
813 3885 911 3939 καὶ
935 3882 1075 3939 εἶναι
1101 3885 1361 3955 δεσμίους
1397 3885 1457 3949 ἐξ
1486 3884 1765 3955 ἑκατέρων

188 3974 494 4044 ἑκατέρους
524 3978 619 4030 καὶ
641 3976 731 4029 ὑπ’
756 3977 1004 4049 ἀλλήλων
1035 3977 1323 4047 ἀλλήλους.

1872 3167 1961 3212 tes
2016 3156 2456 3223 insidiantesque
2513 3152 2914 3221 elonginquo,
2972 3159 3028 3204 et
3078 3149 3315 3203 hiberno
3364 3146 3457 3199 illo

1872 3259 2121 3317 tempore
2148 3246 2253 3302 sub
2298 3246 2390 3303 die
2448 3252 2885 3314 pernoctzmtes,
2947 3241 3015 3297 ab
3077 3242 3327 3311 ingressu
3364 3253 3459 3293 eas

1867 3340 2148 3393 arcebant.
2210 3337 2292 3391 lbi
2352 3336 2513 3390 enimi
2562 3335 2811 3389 nauticas
2863 3334 2985 3387 illas
3016 3333 3204 3397 copias
3254 3332 3307 3384 in
3348 3330 3459 3383 alto

1868 3449 2088 3500 semper
2114 3432 2448 3486 ﬂuctuantes
2476 3442 2534 3485 et
2554 3442 2803 3490 creuere.
2841 3436 2899 3499 et
2926 3425 3218 3495 prandere,
3244 3433 3299 3477 et
3327 3423 3457 3477 dor-

1868 3525 2007 3579 mire
2047 3521 2355 3594 triremium
2392 3518 2631 3588 pmfccti
2665 3517 2957 3587 cogebant.
2986 3515 3127 3570 Hinc
3170 3513 3356 3576 fiebat,
3393 3521 3457 3566 ut

1871 3613 2007 3669 mari
2034 3590 2255 3683 quidem
2292 3608 2542 3682 Byzantii
2574 3622 2603 3661 a
2633 3605 2862 3673 Latinis,
2892 3613 3037 3659 terra
3060 3613 3242 3657 autem
3274 3601 3453 3657 Latini
3492 3590 3503 3596 ’

1871 3721 1903 3761 a
1936 3704 2211 3776 Byzantiis
2235 3701 2639 3764 obsiderentur;
2690 3714 2754 3753 ac
2786 3698 2867 3751 sic
2896 3694 3116 3763 utrique
3164 3693 3253 3747 ab
3283 3692 3455 3747 utris-é

1870 3814 1978 3869 que
2015 3806 2071 3853 et
2108 3812 2139 3852 a
2184 3810 2243 3851 se
2276 3794 2509 3849 invicem
2591 3793 2647 3848 lii
2679 3803 2845 3865 atque
2880 3788 2959 3845 illi
2995 3786 3163 3842 vincti
3204 3795 3456 3855 teneren-

1877 3900 1989 3945 tur.

1644 4069 1879 4126 CAPUT
1924 4068 1988 4124 V.

194 4167 450 4238 Bygnntii
475 4181 503 4218 e
527 4175 680 4235 portu
706 4169 763 4221 in
793 4168 962 4222 altum
995 4170 1382 4235 provehantur;
1411 4169 1567 4222 rudes
1597 4167 1833 4238 plerique
1854 4175 1899 4220 et
1923 4152 2295 4238 inexercitati:
2328 4161 2572 4238 Hostium
2599 4174 2783 4238 nauem
2810 4145 3114 4238 onerariam
3140 4154 3446 4238 incendunt.

266 4222 588 4289 Latinorum
619 4240 781 4291 anxia
830 4222 1388 4294 deliberatio.0mne's
1437 4222 1891 4292 ceden'dum'ease
1939 4222 2204 4289 statuunt.
2256 4231 2411 4289 Solus
2458 4231 2753 4286 nauarchus
2798 4227 3123 4298 refragatur.
3181 4222 3448 4278 Instructa

260 4323 487 4360 suorum
515 4306 681 4360 classe
714 4306 1065 4376 Byzantinam
1094 4318 1381 4376 exspectat,
1414 4308 1693 4363 consilium
1735 4322 1800 4361 ex
1832 4323 1888 4361 re
1921 4318 2193 4375 capturus.

261 4405 345 4455 A'.
387 4402 547 4471 ’Ᾱρτι
578 4402 633 4456 δὲ
662 4402 756 4455 τοῦ
790 4402 951 4472 ἔαρος
984 4405 1414 4475 ἐπιλάμποντος,
1438 4406 1537 4457 καὶ
1566 4403 1676 4456 τῶν
1704 4419 1763 4455 τε

1937 4401 1983 4456 Ι.
2015 4402 2155 4456 Vere
2212 4398 2398 4454 statim
2446 4396 2776 4468 aﬂ'ulgente,
2817 4394 2910 4450 ubi
2943 4392 3252 4463 asperiores
3298 4395 3447 4446 venti

194 4495 412 4565 ἀγρίων
455 4497 778 4563 πνευμάτων
821 4496 921 4565 τὴν
956 4496 1244 4565 χειμερίαν
1287 4498 1507 4566 ἐκείνην
1543 4498 1770 4565 αὐλητι-

176 4585 301 4649 κὴν
331 4583 693 4652 τρεψαμένων
723 4584 782 4647 ἐς
813 4586 875 4638 τὸ
903 4586 1212 4649 καθεύδειν,
1246 4587 1343 4640 καλ⁸
1380 4588 1598 4656 μακρᾶς
1627 4585 1768 4656 ὁμοῦ

122 4681 129 4691 ’
193 4678 303 4744 τῆς
349 4678 596 4747 γαλήνης
634 4678 1129 4761 ’ἐπιχωριαζούσης
1181 4681 1293 4741 τοῖς
1343 4679 1608 4747 κύμασιν,
1646 4681 1770 4732 ἐπεὶ

195 4772 384 4822 πάντα
412 4765 480 4840 ἢν
505 4771 649 4823 ἔκτε
686 4770 793 4839 γῆς
829 4772 927 4824 καὶ
942 4770 1215 4839 θαλάττης
1253 4773 1643 4842 ἀπηρτισμένα
1675 4775 1771 4827 καὶ

190 4861 355 4911 οὐδὲν
383 4859 494 4912 τῶν
528 4863 584 4922 ἐς
620 4861 802 4931 μάχην
829 4861 1145 4930 ἀνηκόντων
1172 4860 1495 4933 ἐπιτηδείων
1525 4863 1638 4925 τοῖς
1668 4863 1773 4915 Βυ-

194 4948 441 5014 ζαντίοις
487 4952 755 5018 ἐλείπετο,
794 4954 1272 5023 παρεσκευάζοντο
1309 4954 1448 5024 πρὸς
1479 4953 1771 5025 ἀναγωγὴν

191 5039 543 5109 ἑκατέρωθεν
587 5042 643 5094 αί
671 5042 943 5111 τριήρεις,
980 5041 1043 5094 ἔκ
1069 5059 1127 5094 τε
1155 5041 1264 5094 τῶν
1292 5043 1444 5105 ἐντὸς
1472 5042 1772 5106 Βυζαντίου

192 5131 347 5197 φημὶ
405 5131 648 5200 νεωρίων
679 5134 773 5184 καὶ
830 5130 914 5184 ἔτι
965 5129 1136 5203 οὗπερ
1193 5132 1438 5202 ἔοιςθημεν
1485 5134 1775 5204 εἰρηκότες

191 5220 578 5288 ναυστάθμου,
608 5224 746 5289 πρὸς
786 5222 846 5275 δν
875 5223 935 5287 ἐξ
973 5224 1323 5293 αὐτοσχεδίου
1362 5222 1630 5293 βιασθεῖσι
1661 5228 1775 5287 τοῖς

192 5312 497 5382 ναυάρχοις
554 5316 614 5368 ὲν
671 5315 869 5384 ἀρχαῖς
916 5316 1016 5385 τῆς
1066 5317 1246 5387 μάχης
1293 5319 1774 5388 καταπεφευγέναι

193 5401 599 5467 ξυμπέπτωκε,
636 5404 791 5472 παρὰ
822 5403 925 5467 τὰς
965 5404 1060 5457 τοῦ
1099 5403 1342 5473 ποταμοῦ
1397 5404 1530 5473 (99),
1574 5405 1775 5476 δηλαδὴ

195 5490 437 5553 ἐκϐολὰς
496 5490 626 5547 ἔνθα
668 5493 855 5546 καὶτὸ
910 5493 1004 5547 τοῦ
1065 5494 1357 5547 θαλαττίου
1413 5493 1592 5565 κέρως
1636 5498 1770 5549 ἀνα-

1870 4507 1969 4547 sua
1995 4492 2089 4546 illa
2125 4490 2361 4545 hiberna
2389 4488 2551 4543 sibila
2576 4487 2899 4557 30piverunt
2924 4494 2980 4541 et
3007 4497 3202 4554 magna
3236 4482 3295 4536 in
3316 4481 3451 4535 mari

1873 4582 2245 4653 tranquillitas
2281 4580 2514 4645 exstitit,
2552 4578 2800 4651 Byzantii
2834 4616 2850 4640 ,
2882 4574 3127 4646 perfecto
3155 4572 3304 4627 omni
3347 4580 3456 4625 ter-

1873 4673 2365 4749 restrknavalique
2396 4679 2660 4742 apparatu
2683 4710 2699 4735 ,
2734 4669 2882 4723 nulla
2915 4682 2975 4722 re
3017 4665 3085 4720 ad
3120 4663 3322 4719 bellum
3358 4677 3456 4716 ne-

1871 4765 2123 4821 cessaria'
2149 4763 2465 4830 deﬁciente,
2499 4760 2667 4816 navés
2713 4759 2885 4831 858
2935 4755 3240 4828 provehere
3286 4754 3343 4807 in
3375 4752 3456 4805 al-

1875 4866 1989 4915 tum
2018 4856 2216 4931 parant
2245 4859 2315 4913 ab
2348 4868 2585 4927 utroque
2635 4858 2799 4922 loco;
2833 4867 3029 4923 nempe
3074 4862 3131 4906 et
3157 4849 3228 4905 ab
3258 4848 3329 4903 iis
3355 4864 3453 4902 na<

1874 4950 2111 5014 valibus,
2145 4964 2267 5017 qua:
2293 4948 2438 5003 intra
2462 4947 2656 5002 urbem
2694 4953 2841 5009 sunt,
2871 4953 2927 4998 et
2952 4942 3020 4997 ab
3050 4941 3142 4996 illa
3165 4954 3327 5009 quam
3359 4954 3455 4992 su-

1875 5055 1971 5109 pra
2015 5038 2443 5093 memoravimus
2506 5037 2746 5090 stationc
2773 5072 2795 5098 ,
2834 5032 2901 5087 ad
2954 5046 3118 5103 quam
3171 5028 3346 5085 coacti
3387 5043 3473 5082 cx-

1877 5131 2179 5201 improviso
2203 5130 2465 5185 navarchi
2502 5130 2605 5184 sub
2633 5128 2851 5182 initium
2881 5127 3010 5182 belli
3045 5125 3406 5195 confugerant
3434 5140 3449 5185 ;

1875 5227 1945 5281 ab
1971 5227 2132 5281 ostiis
2155 5227 2281 5281 dico
2313 5226 2587 5289 ﬂuminis,
2622 5234 2678 5279 et
2711 5224 2780 5279 ab
2810 5224 3000 5277 ultimo
3023 5223 3179 5277 sinus
3212 5218 3452 5275 Ceratini

1875 5330 2118 5371 recessu.
2157 5317 2223 5370 Et
2255 5330 2337 5370 eae
2391 5314 2615 5385 quidem
2648 5328 2839 5376 naves,
2875 5328 2996 5382 quae
3026 5310 3288 5382 Byzantio
3317 5323 3449 5379 pro-

1872 5406 2033 5460 fectae
2063 5407 2167 5460 sub
2204 5421 2483 5476 vesperam
2538 5406 2594 5459 in
2650 5405 2822 5459 altum
2870 5404 3062 5458 delata:
3089 5410 3256 5462 sunt.
3288 5401 3454 5455 debe-

1873 5498 2007 5551 bant
2076 5497 2267 5552 saltem
2326 5497 2725 5566 aliquantnlum
2783 5495 3048 5565 temporis
3095 5492 3324 5547 modica:
3363 5497 3451 5551 sui
3512 5530 3519 5555 .

1552 5612 1640 5671 Va
1652 5610 1893 5673 riorum
1933 5620 2119 5673 notua.

277 5703 393 5777 (99)
422 5707 813 5781 Barbysaz,,seu
842 5711 1110 5783 Barbgssi,
1167 5713 1332 5784 vulgo
1366 5712 1687 5780 Chartan'ci,
1712 5714 1778 5770 de
1809 5732 1917 5786 quo
1948 5714 2153 5784 Gyltius
2182 5714 2277 5769 lib.
2316 5731 2373 5778 ιι,
2406 5729 2525 5784 cap.
2561 5715 2614 5781 5,
2634 5713 2709 5768 De
2737 5712 2971 5813 {Bosporo
3006 5710 3196 5767 Thra’c.
3228 5709 3440 5767 Βοινιιι.
