3944 6206
273 322 406 387 1117
659 321 734 393 [Α.
773 335 827 377 c.
871 320 1029 392 1549]

272 524 325 579 δὲ
373 525 658 591 πλείστας,
690 527 992 583 ἐπιλέκτων
1023 530 1311 600 ἐμπλήσας
1359 532 1687 605 ὁπλομάχων
1714 552 1841 587 ναυ-

274 619 401 682 τῶν,
440 621 541 674 καὶ
580 622 952 693 τριηράρχους
999 624 1301 694 ἐπιστήσας
1349 625 1481 689 τοὺς
1525 626 1670 696 μάλα
1725 627 1846 697 ἀρί-

276 728 453 777 στους,
489 715 583 768 καὶ
618 716 819 783 μικρὸν
861 715 958 769 τοῦ
988 717 1212 786 λιμένος
1255 718 1486 786 προϐάς,
1524 720 1710 773 ἵστατο
1744 737 1844 772 πε-

1246 329 1684 389 ΒΥΖᾹΝΤΙΧᾸΞ
1725 330 2106 390 IllS’l‘UIllzli
2138 336 2283 394 LIB.
2313 334 2505 395 XVII.

338 432 410 486 A'.
448 434 610 487 Ὅθεν
642 437 887 505 μεγάλας
918 439 1020 507 μὲν
1067 440 1223 492 ἐννέα
1268 441 1539 511 τριήρεις,
1575 443 1833 512 μονήρεις
1870 455 1909 504 Α

2614 327 2749 401 [tum
2790 348 2836 385 ι.
2876 345 3168 385 (ΖΑΝΤΑΕΗΖ.
3208 328 3266 401 5]

3379 330 3516 399 1118

2018 448 2102 503 IV.
2152 450 2340 518 ltaque
2381 436 2768 506 ille‘triremcs
2806 467 3030 521 magnas
3062 467 3279 516 novem,
3318 459 3374 505 et
3406 466 3523 504 mo-

1949 555 2111 594 neres
2140 540 2598 611 quamplurimas,
2618 551 2909 596 nautarum
2939 551 3274 596 armatorum
3307 540 3521 595 delectu

1944 627 2213 702 Corripiet;
2250 632 2585 687 trierarchos
2616 633 2845 703 prwﬁcit
2870 633 3385 703 prastantissimos;
3409 642 3524 685 tum

1946 722 2110 792 paulo
2157 724 2301 777 ultra
2330 733 2546 793 portum
2579 739 2904 794 progressus
2930 767 2945 790 ,
2996 724 3384 794 Byzantiorum
3433 721 3529 775 ad-

277 804 517 873 ριμένων
572 808 630 859 ἐν
688 805 840 881 τᾲ-ξει
890 808 980 860 τὸν
1039 808 1150 860 τῶν
1201 808 1516 872 Βυζαντίων
1556 810 1846 876 ἐπίπλουν,

1984 823 2172 869 entum
2197 814 2465 870 instructa
2497 816 2612 870 acie
2638 816 2747 870 illic
2777 824 2886 870 stat
2907 800 3253 885 exspectans,
3290 814 3525 868 duorum
3603 812 3608 816 ’

276 896 420 949 δυοῖν
456 896 597 967 ἔχων
637 899 695 951 ἐν
750 897 829 969 νῷ
880 900 1289 970 διαπράξασθαι
1346 899 1609 971 θάτερονο
1644 896 1703 954 εί
1750 905 1849 971 μὲν

1984 906 2043 961 lle
2078 908 2310 961 alterum
2362 907 2612 962 facturus

278 989 420 1043 κατὰ
453 989 654 1059 νόμους
704 988 854 1060 ὁρῴη
894 992 1295 1060 στρατηγικοὺς
1331 993 1592 1056 ἐπιόντας
1629 993 1718 1046 ἐπ’
1751 996 1851 1046 αὖ·

277 1081 390 1143 τὸν,
428 1082 685 1153 πρύμναν
722 1100 783 1136 τε
817 1085 1156 1155 κρούσασθαι
1187 1087 1284 1139 καὶ
1311 1086 1419 1141 τῶν
1445 1087 1583 1139 νεῶν
1609 1087 1853 1156 ἐκπηδή-

278 1180 664 1243 σανταςὲντὺς
689 1180 943 1246 γενέσθαι
977 1179 1072 1232 τοῦ
1101 1181 1367 1253 φρουρίου
1399 1181 1633 1250 πλησίον
1680 1181 1853 1233 ἑστῶ-

278 1287 367 1331 τος
388 1284 403 1299 ο
433 1271 483 1322 εί
509 1270 554 1323 δ’
586 1266 701 1334 οῦν,
732 1271 900 1341 ὁμόσε
930 1275 1132 1342 χωρεῖν
1172 1274 1230 1334 ἐς
1255 1274 1384 1335 τοὺς
1421 1271 1743 1340 πολεμίους.

2654 926 2668 964 :
2723 907 2768 961 si
2822 923 2916 961 eos
2960 907 3181 976 quidem
3223 906 3525 960 secundum

1952 988 2160 1052 bellica:
2209 999 2344 1052 artis
2380 1008 2648 1069 praecepta
2699 999 2995 1068 procedere
3032 998 3297 1052 adversus
3345 1012 3403 1051 se
3444 997 3529 1049 vi-
3575 1029 3595 1043 κ

1954 1090 2102 1151 deat,
2145 1094 2369 1159 puppim
2403 1102 2780 1144 retroacturus
2805 1128 2819 1152 ,
2861 1089 3177 1157 relictisque
3212 1089 3441 1165 navibus
3472 1086 3527 1139 in

1955 1183 2241 1236 castellum
2292 1185 2604 1252 proximum
2661 1181 3025 1247 introiturus;
3077 1178 3162 1234 sin
3201 1178 3383 1245 minus
3410 1215 3427 1242 ,
3463 1175 3531 1231 ad

1957 1287 2188 1339 pugnam
2233 1272 2570 1355 proditurus.
2705 1273 2709 1276 ’

1729 1384 1956 1441 CAPUT
1999 1386 2082 1439 Vl.

282 1477 445 1554 Terra
482 1488 528 1531 et
556 1481 692 1554 mari
718 1481 787 1531 ad
819 1497 1049 1554 pugnant
1098 1478 1400 1554 itttr._Qnit‘l
1451 1479 1761 1554 Byzantina?
1811 1478 1969 1532 classi
2008 1478 2255 1554 abfuerit.
2293 1480 2409 1545 Quo
2441 1485 2624 1536 ordine
2674 1498 2845 1554 naves
2878 1484 3245 1551 processrriut.
3302 1480 3538 1535 Notatur

355 1550 769 1621 trierarchorum
797 1548 977 1621 culpa.
1014 1551 1259 1621 Byzantii
1283 1548 1461 1602 omnes
1507 1551 1678 1602 subito
1712 1559 1849 1602 metu
1882 1548 2149 1621 perculsi;
2201 1552 2255 1601 in
2292 1568 2437 1606 mare
2485 1554 2753 1607 desiliunt.
2808 1548 3001 1606 Clades
3037 1554 3291 1605 maxima.
3325 1550 3536 1603 Justunt

360 1616 454 1687 Dei
501 1618 784 1687 judicium.
839 1616 1154 1674 Latinorum
1208 1622 1502 1674 nauarchus
1556 1621 1633 1671 rei
1698 1617 1957 1671 miraculo
2031 1619 2365 1687 obstupescit.
2434 1621 2626 1676 Vacuis
2677 1622 2890 1675 navibus
2942 1625 3161 1686 potitur.
3228 1621 3539 1687 Byzantina:

353 1679 535 1741 classis
568 1688 737 1760 altera
777 1707 900 1756 pars
946 1692 998 1743 in
1040 1691 1279 1743 eamdem
1325 1688 1689 1743 calamitatem
1741 1690 1949 1741 incidit.
1988 1679 2335 1745 Terrestriam
2378 1694 2650 1760 cupiarum
2698 1679 2991 1753 trepidatio,
3029 1707 3131 1746 non
3161 1679 3356 1745 minor.
3391 1690 3541 1744 Lati-

356 1774 544 1810 norum
570 1759 791 1825 wquitas
817 1769 866 1811 et
891 1761 1192 1813 clementia.

355 1866 608 1942 [P..54'2]
653 1868 731 1925 A'.
768 1871 927 1926 Ἐπεὶ
965 1872 1012 1925 δ’
1045 1872 1260 1943 ἡμέρας
1283 1872 1590 1942 γενομένης
1620 1871 1863 1944 ὁμιχλῶ-

2036 1874 2072 1927 l.
2112 1874 2205 1929 Die
2255 1884 2453 1931 exorto
2495 1876 2798 1933 nebulosus
2840 1874 3063 1944 quidam
3105 1884 3304 1928 ventus
3337 1888 3367 1927 a
3402 1873 3540 1925 mari

283 1961 374 2022 δές
406 1978 458 2013 τι
506 1962 811 2033 καταρρέον
868 1965 933 2016 ὲκ
969 1963 1243 2031 πελάγους
1282 1964 1497 2034 πνεῦμα
1552 1963 1611 2017 τὸ
1641 1964 1866 2035 θαρρεῖν
1928 1959 1945 1980 ‘

287 2050 494 2120 ἀφῄρει
524 2052 655 2113 τοὺς
705 2050 1053 2117 Βυζαντίους,
1088 2053 1517 2122 ὲνθαρσέστερος
1545 2056 1571 2106 ὁ
1618 2055 1727 2106 τῶν
1758 2054 1869 2106 Λα-

287 2140 455 2193 τίνων
485 2142 732 2209 ἐγίγνετο
758 2142 1053 2213 ναύαρχος.
1091 2142 1371 2214 Συνῄεσαν
1409 2142 1455 2196 δ’
1497 2144 1645 2214 ὅμως
1671 2144 1868 2209 ἔξωθεν

297 2231 398 2300 μὲν
429 2233 484 2283 αἱ
517 2227 746 2294 πεζικαὶ
785 2234 894 2284 τῶν
934 2231 1224 2300 Ῥωμαίων
1256 2227 1536 2301 φάλαγγες
1572 2231 1712 2299 μετὰ
1742 2230 1869 2282 πολ-

291 2323 405 2375 λῶν
436 2322 531 2376 καὶ
563 2323 817 2391 μεγάλων
847 2322 1059 2393 θυρεῶν
1085 2323 1164 2393 (4)
1203 2324 1299 2376 καὶ
1333 2321 1693 2375 παντοδαπῶν
1726 2339 1868 2392 φρυ-

292 2412 504 2491 γάνων,
547 2414 647 2466 ὅσα
678 2414 860 2485 τροφὴ
894 2413 973 2483 τῷ
1004 2414 1139 2484 πυρὶ
1164 2414 1492 2466 καθίσταται
1527 2413 1828 2483 πρόχειρος
1850 2428 1865 2444 ο

294 2505 666 2577 προύφαίνετο
701 2505 758 2558 δὲ
790 2507 882 2559 καὶ¹
922 2507 949 2557 ὁ
986 2504 1171 2568 στόλος
1203 2505 1303 2575 ήδη
1334 2506 1607 2573 κάμπτων
1646 2505 1750 2573 τὴν
1777 2505 1870 2558 τοῦ

294 2598 601 2663 Βυζαντίου
642 2597 858 2668 βορείαν
888 2598 1089 2668 ἄκραν,
1123 2597 1253 2650 ἔνθα
1281 2598 1481 2667 πύργοι
1514 2615 1575 2649 τε
1600 2596 1695 2650 δύο
1732 2598 1874 2668 ἀνῳ-

296 2692 631 2762 κοδόμηνται
660 2690 825 2744 λίθων
871 2690 1083 2743 λευκῶν
1130 2691 1226 2743 καὶ
1264 2689 1657 2757 ἀπεξεσμένων
1724 2691 1781 2752 ἐς
1815 2691 1875 2741 τὸ

296 2784 406 2854 τῆς
430 2783 703 2853 ἁρμονίας
732 2783 954 2851 εὐφυὲς,
985 2782 1082 2835 καὶ
1108 2779 1227 2849 ἅμα
1256 2781 1579 2849 ,Δημητρίου
1609 2779 1703 2832 τοῦ
1737 2780 1877 2850 μάρ-

294 2892 463 2946 τυρος
498 2874 711 2945 ἵδρυται
740 2873 887 2942 ίερῦν
926 2873 1025 2940 (5).
1065 2871 1256 2935 Ἔδοξε
1286 2871 1334 2924 δ’
1363 2873 1550 2934 αὐτοῖς
1577 2870 1873 2941 ἐπίμοχθος

299 2968 336 3037 ὴ
364 2966 560 3035 καμπὴ
597 2965 685 3023 διὰ
715 2963 816 3025 τὰς
848 2963 968 3015 ἐκεῖ
1015 2962 1448 3031 γιωμέναςάεὶ
1477 2960 1795 3022 θαλαττίους
1816 2959 1876 3011 ἓ-

298 3057 460 3120 λικάς
489 3074 548 3109 τε
577 3055 673 3109 καὶ
696 3048 810 3108 οἷόν
843 3070 999 3115 τινας
1021 3051 1412 3122 λαδυρίνθους,
1449 3052 1593 3105 κατὰ
1616 3052 1717 3114 τὴν
1744 3049 1875 3120 παρ’

304 3149 566 3218 Ἕλλησιν
590 3144 872 3217 ,ᾀδομένην
910 3141 1155 3195 Σκύλλαν
1184 3141 1280 3195 καὶ
1305 3140 1606 3212 Χάρυόδιν,
1638 3142 1704 3210 ἦν
1736 3142 1880 3192 ἐκεῖ·

302 3256 389 3294 νοι
426 3238 571 3291 κατὰ
616 3237 711 3289 τὸν
753 3235 1000 3305 πορθμὸν
1038 3229 1179 3287 εἷναί
1225 3250 1410 3302 φασιν,
1454 3232 1512 3295 ὃς
1546 3232 1749 3301 μεταξὺ
1782 3231 1877 3284 τοῦ

303 3349 365 3387 τε
415 3327 676 3383 Ἰταλικοῦ
716 3326 936 3396 Ῥηγίου
972 3324 1064 3378 καὶ
1106 3325 1205 3393 τῆς
1232 3323 1521 3392 Σικελικῆς
1559 3326 1742 3377 κεῖται
1770 3323 1882 3375 Με-

308 3426 503 3495 σήνης.
531 3418 776 3492 Ἕσφηλε
804 3417 849 3471 δ’
875 3418 1074 3481 αὐτοὺς
1116 3419 1173 3479 ὲς
1193 3416 1261 3469 τά
1285 3417 1521 3483 μάλιστα
1543 3415 1665 3467 τότε
1700 3417 1795 3468 καὶ
1821 3414 1882 3468 τὸ

309 3515 386 3586 μὴ
441 3513 706 3579 ἀνάλογον
758 3510 907 3581 ἔχειν
956 3509 1015 3562 ἐν
1072 3509 1183 3571 τοῖς
1239 3506 1347 3560 τῶν
1402 3507 1539 3559 νεῶν
1576 3506 1883 3574 κοιλώμασι

305 3609 464 3662 κάτω
495 3605 590 3677 τὴν
622 3595 853 3675 ψάμμον
883 3603 959 3673 (6)
986 3618 1001 3632 ·
1031 3603 1169 3670 ὅπερ
1212 3599 1371 3654 εἴωθε
1402 3603 1515 3663 τοῖς
1558 3600 1651 3652 ἐπὶ
1681 3599 1880 3653 Θάλατ-

307 3717 412 3753 ταν
438 3698 525 3752 ἀεὶ
555 3695 945 3750 ναυστολοῦσιν
995 3694 1231 3763 ἔρεισμα
1260 3691 1507 3761 γίνεσθαί
1537 3709 1595 3745 τε
1622 3693 1717 3745 καὶ
1748 3688 1886 3745 εἶναι

278 3790 405 3867 ,τοῦ
434 3787 567 3843 πλοῦ
593 3789 689 3843 καὶ
719 3787 965 3856 θεμέλιος
991 3788 1305 3856 κράτιστος.

384 3884 461 3936 B’.
491 3881 621 3936 Δέον
649 3876 743 3934 οὖν
770 3879 913 3932 κατὰ
948 3878 1200 3948 μέτωπον
1236 3877 1544 3947 στήσαντας
1575 3876 1704 3939 τοὺς
1732 3893 1888 3948 τριη-

314 3979 556 4051 ράρχους
586 3977 684 4036 τὰς
714 3972 847 4035 ναῦς
876 3971 1259 4041 ἀντιπρώρους
1305 3971 1426 4031 ταῖς
1450 3969 1562 4022 τῶν
1608 3968 1889 4036 πολεμίων

309 4069 476 4123 ναυσὶ
528 4067 621 4120 καὶ⁵
671 4064 779 4117 ἀπὸ
820 4063 988 4133 μόνης
1035 4063 1133 4131 τῆς
1187 4059 1408 4132 πρώτης
1438 4059 1708 4124 ἐκπλῆξαι
1758 4059 1889 4122 θέας

310 4161 537 4224 αὐτοὺς,
573 4160 621 4212 οἱ
653 4158 709 4212 δὲ
743 4157 845 4224 τῆς
879 4153 1266 4228 προσηκούσης
1300 4152 1721 4213 δκπεπτωκότες
1750 4153 1893 4218 γνώ-

312 4272 479 4317 σεως,
524 4252 656 4321 μίαν
685 4250 837 4319 παρά
872 4251 1003 4317 μίαν
1038 4249 1385 4316 κάμπτοντες
1416 4249 1515 4313 τὴν
1542 4245 1721 4314 ἄκραν
1745 4242 1893 4296 ὲκεί-

312 4365 415 4417 νην
447 4346 763 4414 ὑπέφαινον.
798 4341 1002 4413 Πρώτη
1052 4340 1152 4410 μὲν
1183 4338 1276 4392 οὖν
1338 4341 1368 4408 ἡ
1416 4338 1683 4407 ναυαρχκ
1720 4336 1895 4389 ὲδείκ⁴

314 4453 468 4501 νυτο,
505 4435 668 4506 σχολῇ
696 4432 961 4487 κατιοῦσα
1005 4431 1100 4484 καὶ
1136 4430 1436 4504 βιαζομένη
1471 4429 1616 4499 μάλα
1659 4426 1894 4497 πλησίον

1970 1963 2196 2032 ingruit.
2234 1964 2309 2018 Ea
2365 1979 2455 2021 res
2494 1973 2558 2018 ut
2593 1964 2872 2036 Byzantiis
2904 1964 3159 2018 fiduciam
3199 1962 3440 2024 ademit,
3470 1963 3542 2016 ita

1968 2056 2285 2110 Latinorum
2332 2058 2608 2116 navarcbo
2639 2058 2853 2111 animos
2891 2056 3124 2111 addidit.
3159 2055 3547 2110 Convenerant

1970 2159 2152 2204 tamen
2182 2150 2526 2204 extrinsecus
2554 2150 2840 2219 pedestres
2878 2150 3252 2204 Romanorum
3287 2146 3546 2200 cohortes

1969 2254 2092 2291 cum
2121 2239 2325 2310 clypeis
2363 2237 2549 2293 multis
2571 2248 2628 2293 et
2658 2237 2902 2304 magnis,
2950 2237 3078 2292 item
3113 2251 3239 2290 cum
3282 2236 3429 2288 omni
3469 2236 3548 2287 to-

1970 2331 2167 2384 mitum
2223 2344 2424 2399 genere
2454 2370 2466 2393 ,
2531 2338 2802 2399 quotquot
2854 2328 3067 2383 scilicet
3105 2336 3355 2396 prompta
3406 2325 3548 2394 ignis

1971 2422 2305 2477 nutrimenta
2339 2432 2489 2489 sunt.
2532 2421 2848 2492 Apparebat
2880 2430 3067 2474 autem
3090 2428 3148 2474 et
3190 2418 3402 2482 classis,
3428 2418 3551 2485 (ιιιώ

1975 2514 2194 2570 b'oreale
2218 2514 2329 2585 jam
2363 2513 2887 2569 circumvehebatur
2933 2510 3179 2582 Byzantii
3231 2515 3550 2578 promonto-

1976 2607 2114 2659 rium
2141 2623 2155 2669 ;
2191 2606 2282 2660 ubi
2333 2614 2516 2659 turres
2541 2603 2665 2659 dum
2710 2603 2991 2658 aedificata!
3019 2610 3150 2656 sunt
3174 2599 3353 2669 lapide
3387 2597 3512 2651 albo
3532 2636 3550 2661 ,

1974 2698 2040 2751 ad
2088 2698 2410 2751 concinnam
2439 2698 2629 2753 solidae
2662 2702 2960 2751 structuras
2989 2693 3227 2761 speciem
3264 2690 3505 2759 expelito
3534 2708 3548 2744 :

1975 2807 2085 2861 quo
2121 2793 2283 2844 etiam
2323 2792 2447 2847 loco
2507 2791 2773 2858 templum
2829 2790 2956 2843 divo
2991 2786 3266 2842 Demetrio
3310 2786 3553 2855 positum

1977 2882 2240 2936 occurrit.
2270 2882 2433 2937 Visus
2459 2897 2596 2935 vero
2627 2881 2763 2949 ipsis
2795 2880 3020 2948 iniquus
3045 2878 3136 2933 hic
3161 2876 3334 2932 flexus
3362 2875 3435 2931 ob
3458 2889 3557 2930 eos

1978 2978 2073 3041 qui
2105 2972 2219 3026 illic
2260 2987 2480 3040 semper
2506 2971 2799 3032 exsistunt,
2825 2968 2992 3023 maris
3015 2968 3254 3022 vortices
3286 2974 3343 3020 et
3383 2980 3557 3034 quos-

1978 3064 2102 3118 dam
2127 3062 2284 3133 quasi
2310 3061 2659 3134 labyrinthos
2680 3101 2695 3124 ,
2722 3060 2914 3130 quales
2940 3060 3049 3114 illa:
3078 3075 3107 3113 a
3138 3057 3341 3113 Graecis
3356 3057 3559 3117 decan-

1982 3163 2105 3209 tata:
2141 3154 2321 3226 Scylla
2360 3163 2416 3208 et
2452 3152 2784 3222 Charybdis,
2815 3165 2954 3220 quas
2987 3154 3040 3203 in
3082 3150 3176 3203 illo
3218 3150 3380 3215 freto,
3410 3144 3559 3217 quod

1981 3254 2067 3300 est
2093 3246 2237 3300 inter
2265 3244 2514 3299 Italicum
2553 3243 2823 3312 Rhegium
2853 3250 2910 3295 et
2948 3240 3187 3295 Siculam
3217 3239 3559 3302 Messanam,

1983 3339 2115 3391 sitas
2137 3351 2259 3391 esse
2291 3336 2500 3390 dicunt.
2523 3334 2713 3388 Obfuit
2735 3342 2921 3386 autem
2950 3332 3058 3385 illis
3084 3341 3213 3385 tunc
3230 3331 3559 3399 plurimum,

1983 3427 2129 3497 quod
2180 3426 2234 3479 in
2286 3425 2493 3480 carinis
2533 3424 2787 3478 idoneam
2835 3423 3082 3478 saburrae
3106 3422 3269 3491 861
3305 3423 3414 3475 vim
3452 3435 3562 3474 non

1985 3520 2284 3582 haberent;
2317 3533 2438 3586 qua:
2468 3532 2557 3570 res
2620 3516 2688 3569 iis
2718 3515 2814 3586 qui
2861 3515 3283 3568 navibus-mare
3316 3513 3566 3580 quotidie

1986 3619 2352 3681 percurrunt,
2386 3608 2765 3663 fulcimentum
2822 3622 2943 3661 esse
2999 3605 3142 3661 solet
3195 3613 3252 3660 et
3309 3604 3564 3660 ﬁrmissi-

1988 3722 2137 3762 mum
2163 3706 2531 3778 navigationis
2558 3703 2999 3759 fundamentum.

2016 3942 2031 3958 .
2058 3882 2126 3937 ll.
2154 3881 2434 3937 Dehebant
2456 3889 2609 3936 certe
2635 3878 2929 3935 trierarchi
2963 3879 3039 3934 ita
3070 3890 3238 3932 naves
3275 3873 3568 3936 collocare,

1992 3983 2051 4028 ut
2085 3974 2332 4037 obversis
2374 3972 2429 4027 in
2471 3972 2705 4026 frontem
2755 3970 2937 4040 proris
2960 3971 3042 4024 vel
3076 3969 3254 4039 primo
3288 3964 3569 4035 ‘adspectu

1992 4064 2206 4121 hostem
2230 4070 2627 4132 perterrerent.
2652 4060 2806 4125 Atii,
2829 4068 3015 4115 mente
3047 4056 3291 4121 alienati,
3328 4054 3573 4123 singulas

1993 4157 2137 4211 inter
2167 4154 2495 4210 flectendum
2522 4152 2958 4225 promontorium
2982 4149 3370 4205 ostendebant.
3391 4147 3571 4201 Prima

1994 4247 2437 4319 conspiciebatur
2467 4246 2621 4300 navis
2648 4224 2927 4314 praetoria,
2959 4241 3107 4296 lente
3136 4256 3197 4295 se
3237 4226 3412 4309 ipsam
3453 4250 3572 4290 mo-

1994 4356 2132 4397 vens
2172 4350 2227 4396 et
2277 4339 2525 4410 proxime
2562 4353 2716 4391 oram
2763 4336 2971 4391 littoris
3010 4333 3268 4403 navigare
3296 4345 3486 4400 magna
3519 4328 3572 4382 vi

1997 4432 2361 4490 contendens.
2386 4431 2526 4485 Tum
2563 4430 2732 4483 altera
2754 4441 2811 4484 et
2831 4430 3003 4483 altera
3032 4442 3062 4480 a
3090 4436 3242 4495 tergo
3276 4422 3571 4485 subibant;

314 4533 412 4583 τὸν
441 4527 610 4582 πλοῦν
645 4524 920 4579 ποιεῖσθαι
953 4524 1058 4593 τῆς
1082 4525 1183 4593 γῆς
1204 4541 1219 4556 ο
1250 4524 1347 4576 καὶ
1396 4520 1516 4592 μετ’
1544 4520 1763 4589 ἐκείνην
1796 4521 1878 4574 ἀπ

2000 4527 2141 4583 serie
2170 4524 2403 4594 quadam
2436 4534 2493 4578 et
2512 4522 2681 4576 veluti
2710 4529 2905 4576 catena
2931 4518 3271 4573 cohaerentes
3298 4515 3401 4568 illze
3430 4514 3575 4566 inter

316 4624 489 4694 οὐρᾶς
515 4621 711 4692 ἑτέραν
761 4620 917 4687 δίκην
954 4615 1199 4688 ὁρμαθοῦ
1242 4617 1338 4670 καὶ
1382 4616 1571 4687 σειρᾶς
1622 4614 1891 4684 ἐχομένας

319 4715 573 4785 ἀλλήλων
605 4716 662 4776 ἐς
695 4713 867 4781 μῆκος
887 4723 900 4738 ⁸
935 4707 1192 4778 πρύμναν
1224 4724 1282 4759 τε
1309 4706 1537 4776 πρώρας
1574 4704 1741 4775 ἄλλης
1773 4704 1892 4771 ἔχο-

322 4808 497 4876 μένην
531 4802 627 4857 καὶ¹
666 4800 843 4863 οῦτως
881 4798 1175 4869 ἀμοιϐαδὸν
1218 4798 1435 4862 ἁπάσας
1463 4799 1555 4850 καὶ
1603 4793 1891 4865 παραλλάξ

321 4898 519 4970 ἐτέρσαν
590 4894 788 4965 ἐτέρας
841 4889 1222 4961 ἐξηρτημένας
1278 4890 1372 4941 καὶ
1432 4886 1717 4957 στοιχηδὸν
1777 4900 1897 4947 πως

322 4987 618 5053 πλεούσας,
653 4987 758 5048 ἕως
788 4984 1091 5055 προσέσχον
1121 4981 1199 5050 τῷ
1238 4979 1468 5050 αἰγιαλῷ
1504 4979 1583 5049 τῷ
1608 4980 1673 5032 ἐκ
1706 4976 1898 5048 διαμέ-

321 5097 455 5150 τρου
489 5080 583 5133 καὶ
610 5078 730 5131 κατ’
756 5077 974 5129 εὐθεῖαν
997 5074 1095 5128 τοῦ
1128 5072 1424 5127 Λατινικοῦ
1452 5075 1695 5142 κειμένῳ
1721 5088 1895 5141 φρου-

328 5174 469 5241 ρίου,
503 5173 810 5239 ἀπέχουσαι
837 5168 940 5237 τῆς
984 5166 1090 5235 γῆς
1131 5163 1476 5234 ήμιπλέθρου
1508 5165 1658 5232 μεῖον
1705 5164 1804 5234 ('7).
1836 5162 1898 5214 El

329 5266 431 5336 μὲν
461 5260 559 5318 οὗν
606 5261 885 5318 κάνταῦθα
928 5259 1217 5328 γενόμεναι
1256 5259 1355 5319 τὰς
1404 5255 1633 5327 πρώρας
1668 5256 1764 5309 ἐπὶ
1801 5272 1899 5323 με-

1996 4634 2056 4673 se
2085 4617 2308 4686 longum
2345 4615 2399 4668 iu
2451 4623 2687 4668 tractum
2709 4651 2725 4677 ,
2779 4610 3009 4680 singula:
3061 4607 3399 4678 singularum
3434 4617 3575 4672 pup-

1998 4708 2108 4778 pim
2138 4722 2301 4777 prora
2329 4705 2715 4773 contingentes
2759 4719 2774 4756 :
2821 4711 2877 4757 et
2930 4701 3009 4755 sic
3053 4713 3246 4753 omnes
3277 4735 3293 4759 ,
3342 4695 3573 4749 invicem

2000 4797 2339 4867 alternisque
2368 4795 2486 4850 alia:
2513 4811 2581 4849 ex
2612 4794 2734 4847 aliis
2783 4808 2959 4853 uexm,
2999 4786 3306 4845 cmitinenti
3335 4785 3575 4855 quodam

2001 4890 2195 4945 ordine
2258 4888 2598 4964 navigantes
2633 4884 3047 4957 procedebant;
3101 4882 3278 4936 donec
3315 4878 3383 4934 ad
3418 4878 3576 4934 littus

2002 4980 2162 5043 illud,
2190 4979 2335 5049 quod
2359 4988 2442 5033 est
2468 4992 2499 5033 e
2529 4978 2751 5049 regione
2778 4973 2959 5030 Latini
2985 4972 3195 5028 castelli
3217 4972 3379 5040 eique
3407 4967 3575 5022 rectis

2001 5073 2164 5128 lineis
2197 5072 2518 5143 opponitur,
2551 5070 2792 5140 appulsae
2839 5076 2969 5121 sunt
2994 5107 3010 5128 ,
3044 5066 3230 5119 minus
3258 5056 3574 5132 semijugcri

2004 5166 2184 5234 spatio
2212 5182 2243 5220 a
2277 5178 2420 5220 terra
2445 5164 2733 5218 distantes.
2760 5160 2918 5227 Quod
2949 5160 2992 5213 si
3019 5158 3132 5212 illic
3160 5157 3354 5211 saltem
3387 5164 3578 5222 proras
3608 5168 3617 5173 κ

2004 5255 2217 5309 Latinis
2258 5256 2312 5309 in
2366 5253 2603 5309 frontem
2659 5252 3018 5322 obiecissent,
3051 5260 3215 5316 atque
3265 5246 3337 5297 ita
3386 5239 3578 5296 conﬂi-

1677 5394 2018 5455 Variorum
2061 5402 2247 5455 notas.

402 5536 483 5604 (ὁ)
510 5533 685 5588 Nostri
720 5532 978 5604 pavcsade
1004 5537 1221 5604 vocant.
1265 5528 1507 5604 Doctae.

511 5605 584 5657 De
606 5594 801 5672 quas.
837 5600 1093 5675 Demetrii
1116 5598 1244 5675 inde
1268 5598 1502 5675 etillius
1535 5595 1643 5650 situ
1676 5594 1899 5675 cupfnse

330 5664 548 5743 egimus
577 5664 639 5727 iu
661 5670 1066 5740 Constantinopl
1106 5667 1303 5724 Christ.
1333 5668 1428 5722 lih.
1456 5682 1532 5727 IV,
1589 5676 1725 5721 sect.
1758 5664 1812 5727 6,
1846 5681 1900 5718 ιι.

332 5748 426 5806 33.
462 5744 693 5801 Ducam.

780 5859 811 5907 .
851 5867 860 5876 ο

2077 5527 2154 5591 (6)
2182 5523 2476 5578 Saburram
2496 5564 2510 5577 .
2536 5564 2547 5577 .
2573 5561 2586 5574 .
2610 5556 2625 5574 .
2659 5480 2901 5574 Ducaxc.

2193 5576 2329 5650 cod.
2363 5609 2465 5647 ms.
2498 5576 2566 5646 ad
2613 5590 2916 5663 marginem
2949 5624 2964 5645 ,
3023 5582 3346 5652 Σημείωσαι
3393 5578 3476 5631 ὅτι
3520 5576 3580 5628 τὸ

2013 5657 2249 5734 πλεθρον
2276 5666 2394 5717 ἐστί
2421 5664 2639 5733 πηχέων
2682 5657 2795 5730 ρλγ’
2860 5658 3098 5709 (luctas.
