3944 6206
294 325 428 391 1121
682 321 761 393 la.
801 336 849 377 c.
896 321 1059 395 1349]

1273 328 1726 391 ΒΥΖΛΝΤΙΝᾸΞ
1766 329 1860 388 Illi

1968 328 2154 388 mne
2192 296 2567 388 mexvu.
2644 319 3287 393 [inmucmawnst
3402 321 3539 383 1122
3612 294 3619 303 ’

288 439 381 493 ταί
426 456 485 491 τε
528 439 622 493 καὶ
674 440 736 493 τὸ
788 440 992 513 θάρρος
1043 443 1101 494 ὲν
1140 445 1535 511 περιστάσεσιν
1576 445 1860 510 ἀκλόνητοι

1980 452 2231 506 tentant,
2286 451 2345 497 et
2411 439 2667 494 ﬁduciam
2726 439 3212 495 circumstantibus
3278 436 3540 510 periculis

289 528 426 599 ἔχει.
463 529 573 583 Καὶ
608 530 718 601 γὰρ
756 532 805 584 εί
848 534 989 586 κατὰ
1030 533 1135 587 τῶν
1180 534 1476 603 ἀλλοτρίων
1523 535 1593 587 τά
1637 536 1866 606 τοιαῦτα

291 621 556 688 γινόμενα
587 622 684 673 τῶν
707 622 1066 692 ἀδικημάτων
1092 623 1377 677 εὐθύνεται
1405 625 1542 695 πρὸς
1566 624 1662 677 τοῦ
1682 625 1864 677 κοινοῦ

290 710 560 763 δεσπότου
592 710 753 778 Θεοῦ,
789 713 970 785 πολλῷ
1003 712 1089 786 [Ρ.
1120 714 1251 787 5H}
1282 716 1484 787 μᾶλλον
1510 717 1559 770 εί
1592 717 1866 787 ὁμόφυλον

290 801 381 869 εἴη
412 803 473 854 τι
501 802 878 874 ἀδικούμενον.
1290 850 1299 860 ,
1764 826 1769 829 ‘

365 894 445 950 E'.
476 894 549 949 Το
571 896 627 950 δὲ
656 897 806 964 ξένον
832 899 1010 952 ἐκεῖνο
1040 898 1220 970 θέαμα
1254 899 1473 971 βλέπων
1505 900 1533 953 ὁ
1563 902 1670 954 τῶν
1695 902 1865 955 Λατί-

289 1000 400 1036 νων
436 986 708 1056 ναύαρχος
739 987 1026 1058 πόρρωθεν
1058 988 1120 1041 τὸ
1151 990 1254 1055 μὲν
1289 990 1507 1059 πρῶτον
1552 991 1867 1060 διηπορεῖτο

293 1076 415 1128 καθ’
448 1076 666 1139 ἑαυτὸν,
699 1080 792 1130 καί
816 1096 937 1132 τινα
982 1080 1233 1149 ἐνόμιζεν
1271 1077 1411 1133 εἶναι
1442 1080 1734 1150 ὑπόκρισιν
1770 1080 1867 1132 καὶ

287 1166 775 1238 δραματουργίαν·
826 1170 1019 1223 ἔπειτα
1076 1171 1220 1240 ἔγνω
1269 1171 1562 1241 θεομηνίαν
1608 1168 1751 1224 εἶναι
1804 1172 1865 1223 τὸ

292 1263 530 1329 πρᾶγμα
560 1261 708 1330 σαιρῆ
730 1278 743 1289 ⁸
778 1263 871 1314 καὶ
902 1263 1081 1332 ἠσυχῆ
1130 1263 1689 1333 παρακελευσάμενος
1715 1264 1867 1333 ὲρέτ-

289 1367 404 1403 τειν
441 1352 502 1404 τὸ
529 1351 627 1421 τῆς
666 1354 981 1423 ἡγεμονίδος
1014 1355 1290 1424 πλήρωμα
1332 1356 1527 1426 προῄει
1559 1358 1867 1425 παραγγεῖ-

289 1444 389 1506 λας
419 1444 645 1499 ἔπεσθαι
676 1448 769 1497 καὶ
803 1447 900 1509 τὰς
940 1445 1105 1509 ἄλλοις
1133 1448 1381 1517 τριήρεις
1420 1440 1673 1500 κατόπιν.
1713 1447 1864 1498 Ἐπεὶ

289 1532 337 1583 δ’
387 1533 559 1588 ἐλθὼν
612 1539 773 1600 κενὰς
814 1537 911 1599 τὰς
955 1537 1266 1607 Ῥωμαϊκὰς
1310 1537 1371 1589 τὸ
1420 1538 1685 1607 παράπαν
1738 1530 1863 1607 εὗρε

290 1629 563 1696 τριήρεις,
595 1628 1008 1697 ἀναδησάμενος
1052 1621 1202 1680 εἶλκέ
1247 1645 1306 1680 τε
1344 1628 1522 1690 πάσας
1554 1627 1738 1696 ἠρέμα
1771 1632 1864 1680 καὶ

292 1714 637 1783 ὑπέστρεφεν
661 1716 809 1785 ἄγων
837 1716 893 1777 ὲς
920 1714 981 1766 τὸ
1018 1714 1122 1767 τῶν
1150 1715 1395 1767 Λατίνων
1428 1717 1661 1769 ἐπίνειον
1724 1717 1865 1784 πλὴν

1977 534 2356 589 inconcussam
2392 532 2620 586 faciunt.
2678 527 2813 583 Nam
2872 531 2916 584 si
2969 530 3238 600 ejusmodi
3268 529 3538 599 injurias,

1970 624 2139 678 etiam
2173 623 2501 691 alienigenis
2543 621 2731 682 factas,
2760 621 3067 675 communis
3093 621 3336 674 omnium
3366 619 3533 674 domi-
3566 644 3569 647 -

1975 732 2080 769 nus
2107 715 2255 769 Deus
2302 713 2616 775 ulciscitur,
2650 711 2822 764 multo
2868 710 3069 780 magis,
3105 712 3151 765 si
3186 711 3258 764 sit
3294 710 3539 779 ejusdem

1975 805 2154 875 gentis
2188 803 2238 857 id
2268 842 2287 870 ,
2325 785 2471 872 quod
2508 802 2761 872 injuriam
2794 816 3010 871 passum
3045 811 3151 855 est.

2044 886 2112 949 V.
2151 894 2221 947 At
2242 893 2318 948 rei
2348 892 2693 947 insolentiam
2718 906 2748 946 e
2775 892 3073 961 longinquo
3097 889 3542 943 animadvertens

1973 984 2293 1039 Latinorum
2341 984 2658 1041 navarchus
2700 982 3183 1052 ambigere.primo
3228 995 3442 1046 secum,
3485 989 3543 1034 et

1971 1076 2261 1146 quamdam
2292 1091 2414 1131 esse
2436 1077 2487 1130 id
2517 1075 2921 1131 simulationem
2947 1074 3251 1142 fabulaeque
3271 1072 3543 1127 actionem

1976 1179 2206 1236 potare:
2237 1168 2435 1222 deinde
2471 1183 2769 1237 agnoscere
2798 1166 3038 1220 furorem
3078 1179 3199 1218 esse
3235 1164 3385 1218 illum
3425 1162 3541 1216 evi-

1972 1259 2192 1311 dentem
2245 1257 2368 1311 irati
2423 1258 2697 1312 Numinis.
2757 1257 2894 1311 Tum
2943 1271 3039 1311 eos
3088 1256 3183 1325 qui
3234 1254 3541 1324 praetoriam

1971 1348 2153 1401 navim
2189 1348 2799 1417 complebant,'placitle
2829 1356 2888 1401 ut
2917 1347 3244 1419 remigarent
3271 1346 3539 1408 hortatus,

1972 1440 2343 1507 progreditur,
2368 1439 2520 1506 sequi
2549 1439 2717 1506 jussis
2740 1448 2795 1491 et
2824 1438 2948 1492 aliis
2973 1456 3001 1491 a
3027 1451 3177 1507 tergo
3205 1438 3541 1498 triremibus.

1970 1528 2262 1598 Postquam
2295 1530 2536 1591 advenit,
2574 1542 2629 1583 et
2664 1532 2882 1600 penitus
2916 1545 3115 1583 vacuas
3143 1544 3310 1583 naves
3344 1530 3543 1583 Romaa-

1971 1634 2070 1671 nas
2099 1619 2349 1686 olfcndit,
2384 1621 2637 1689 religatas
2670 1636 2860 1674 omnes
2897 1622 3096 1674 sensim
3130 1620 3354 1673 trahens
3388 1628 3442 1672 et
3475 1620 3539 1671 ad

1971 1708 2293 1764 Latinorum
2335 1713 2524 1765 navale
2554 1692 2830 1765 adducens
2857 1714 3170 1776 revertitur,
3197 1712 3441 1780 exceptis
3475 1711 3543 1764 iis

301 1801 428 1853 ὅσαι
467 1802 676 1881 διήρεις
708 1819 769 1855 τε
800 1802 895 1855 καὶ
932 1804 1190 1872 μονήρεις
1243 1806 1339 1857 καὶ
1389 1805 1580 1873 λέμϐοι
1627 1805 1860 1874 πλήθους

1973 1802 2310 1864 triremibus,
2345 1804 2661 1857 monerith
2691 1814 2745 1855 et
2780 1803 2993 1866 lembis,
3025 1804 3117 1871 qui
3156 1820 3263 1870 pra:
3295 1803 3541 1858 multitu-

286 1893 457 1946 ἕνεκα
490 1892 777 1966 διαδρᾶσαι
807 1897 906 1966 τήν
931 1895 1133 1950 ἅλωσιν
1167 1898 1448 1969 ὑπερόριοι
1478 1900 1584 1950 τῶν
1606 1900 1870 1952 κινδύνων

291 1986 565 2053 ἐγένοντο.

366 2076 459 2144 εἶ’.
492 2075 710 2132 Τούτων
758 2079 803 2132 δ’
863 2082 921 2145 ἐς
972 2081 1130 2136 τοῦτο
1176 2082 1351 2153 τύχης
1399 2083 1873 2153 κατενεχθεισῶνν

292 2170 581 2238 ἐφαίνοντο
627 2174 985 2228 ἐπιπλέουσαι
1033 2176 1137 2245 ήδη
1177 2178 1271 2229 καὶ
1301 2177 1422 2229 ὅσαι
1464 2176 1616 2246 παρὰ
1653 2179 1749 2240 τὰς
1778 2179 1870 2229 ὲκο

293 2260 480 2327 ϐολάς,
512 2262 589 2324 ὡς
637 2265 978 2334 είρήκειμεν,
1020 2267 1237 2319 ἵσταντο
1276 2268 1446 2320 πάλαι
1491 2267 1584 2320 τοῦ
1619 2267 1865 2337 ποταμοῦ

292 2355 545 2424 τριήρεις
570 2354 829 2425 μέγισται
862 2358 962 2426 μὲν
992 2361 1163 2430 τρεῖς,
1194 2360 1381 2428 μείους
1404 2361 1460 2414 δὲ
1484 2361 1863 2431 παμπληθεῖς.

306 2446 462 2500 Ἐπεὶ
494 2448 550 2502 δὲ
582 2453 722 2504 κατὰ
755 2451 930 2521 μέσην
979 2456 1271 2523 γενόμεναι
1317 2454 1414 2526 τὴν
1464 2459 1692 2524 πορείαν
1733 2458 1865 2526 ἐρή-

300 2556 436 2607 μους
457 2540 665 2610 ἀνδρῶν
694 2541 995 2612 ἑλκομένας
1021 2540 1159 2598 εἶδον
1184 2546 1287 2598 ὑπὸ
1325 2547 1432 2601 τῶν
1463 2548 1739 2616 πολεμίων
1766 2550 1863 2611 τὰς

287 2630 600 2700 ὁμοφύλους
649 2634 807 2701 νῆας,
837 2634 1074 2706 ἔστησαν
1102 2635 1293 2707 ὥσπερ
1334 2641 1441 2691 τινί
1484 2640 1662 2710 νάρκῃ
1694 2641 1863 2709 πεδη-

292 2720 473 2775 θεῐσαι
516 2725 611 2776 καὶ
654 2724 732 2794 μὴ
772 2725 1071 2797 δυνάμεναι
1125 2729 1262 2797 μήτε
1290 2728 1481 2796 πρόσω
1530 2727 1656 2798 μήτ’
1687 2730 1862 2783 ὀπίσω

297 2814 572 2868 ποιεῖσθαι
608 2816 703 2869 τὸν
736 2816 924 2883 πλοῦν,
961 2818 1067 2881 ἓως
1116 2820 1228 2881 τοίς
1273 2820 1480 2887 ὁμοίοις
1510 2824 1627 2882 ταῖς
1672 2822 1861 2885 ἄλλαις

295 2907 653 2977 περιέπιπτον
689 2910 783 2964 καὶ
808 2904 969 2964 αὗται
1004 2913 1217 2973 κακοῖς.
1249 2906 1357 2965 Ἦν
1394 2913 1503 2979 γάρ
1544 2911 1672 2965 ίδείν
1698 2913 1860 2975 εὐθὺς

291 3000 389 3051 καὶ
432 2998 635 3053 τούτων
675 2999 823 3053 ἆπαν
854 3004 915 3053 τὸ
960 3002 1261 3072 πλήρωμα,
1313 3004 1683 3073 τριηράρχους
1718 3002 1857 3073 ὁμοῦ

291 3093 386 3141 καὶ
418 3091 639 3155 ναύτας,
680 3092 821 3145 κατὰ
845 3092 1090 3163 κεφαλῆς
1129 3095 1187 3156 ἐς
1233 3094 1507 3147 θάλατταν
1558 3096 1857 3159 πίπτοντας
1886 3138 1928 3193 C

280 3181 382 3235 τὸν
413 3184 599 3251 ὅμοιον
648 3184 759 3246 τοῖς
803 3185 1204 3254 προπεπονθόσι
1251 3188 1472 3254 τρόπον,
1514 3186 1646 3257 πρὶν
1690 3186 1722 3256 ἢ
1768 3204 1861 3254 γε·

292 3273 655 3341 γυμνωμένον
682 3273 987 3328 θεάσασθαι
1016 3276 1169 3344 ξίφος
1195 3276 1290 3329 καὶ
1316 3281 1446 3348 πρὶν
1473 3279 1738 3348 πολεμίας
1769 3280 1858 3332 al-

295 3366 520 3419 σθέσθαι
554 3367 695 3431 τινος
724 3366 1052 3438 ἀπειλούσης
1091 3368 1241 3438 βοῆς.

362 3460 438 3514 Z'.
470 3460 792 3529 Διενείματο
828 3459 872 3512 δ’
907 3461 1110 3529 ὁμοίως
1159 3459 1222 3511 τὸ
1252 3460 1353 3528 τῆς
1404 3460 1605 3524 δειλίας
1642 3462 1861 3531 ἐκείνης

284 3546 462 3600 δεινὸν
496 3552 591 3600 καὶ
619 3552 734 3601 ὅσοι
768 3548 920 3618 παρὰ
951 3549 1040 3600 τὸν
1066 3549 1314 3616 αίγιαλὺν
1346 3551 1440 3601 καὶ
1464 3552 1592 3612 τοὺς
1616 3550 1859 3620 πύργους

290 3638 436 3712 ἦσαν
466 3642 723 3704 ἑστῶτες.
754 3642 947 3694 Μεστὰ
971 3642 1080 3709 γὰρ
1108 3637 1176 3711 ἦν
1208 3641 1421 3694 ἅπαντα
1446 3642 1618 3713 ὄχλων
1645 3659 1858 3696 παντο-

285 3736 502 3799 δαπῶν,
556 3736 618 3786 ού
653 3734 815 3801 μόνον
867 3734 935 3786 τά
967 3732 1015 3785 τ’
1049 3732 1200 3786 ἔνδον
1230 3733 1414 3786 πυλῶν
1448 3734 1544 3786 καὶ
1597 3736 1697 3787 ὅσα
1748 3735 1857 3786 τῶν

286 3831 469 3894 ἐκτὸς,
501 3827 634 3879 ἀλλὰ
667 3826 760 3878 καὶ
789 3825 850 3877 τδ
899 3823 1040 3877 κατὰ
1084 3823 1182 3887 τὰς
1214 3825 1469 3888 ἐπάλξεις
1506 3826 1709 3895 πλῆθος
1762 3829 1859 3881 άν-

286 3921 431 3992 δρὼν
468 3919 701 3989 ἀριθμὸν
728 3918 908 3970 πάντα
938 3916 1104 3970 νικῶν
1131 3913 1233 3987 ἦν·
1260 3909 1335 3969 ὧν
1360 3916 1484 3969 οὕτε
1513 3916 1856 3986 σαλπιγκτὴς
1893 3962 1900 3969 .

283 4011 358 4086 ἦν
391 4030 498 4076 τις,
536 4009 661 4064 οὔτε
708 4027 761 4062 τι
808 4008 1107 4079 κύμϐαλον,
1138 4006 1249 4061 οὔτ’
1278 4008 1430 4060 οὐδὲν
1466 4010 1637 4061 ὁπόσα
1669 4008 1858 4061 εἴωθεν

288 4107 351 4155 ὲν
380 4101 639 4169 πολέμοις
667 4096 971 4166 εύϐαρσοῦς
1003 4098 1435 4167 παραστήματος
1472 4095 1720 4163 γίνεσθαι
1748 4114 1858 4148 πα-

289 4190 626 4263 ρακλτ,τικὰ,
657 4190 825 4257 λήθης
850 4188 1066 4257 μακρᾶς
1093 4204 1236 4248 τινος
1266 4187 1374 4238 τῶν
1400 4189 1457 4238 ὲν
1483 4186 1694 4249 τούτοις
1719 4203 1857 4257 χρη-

294 4284 496 4351 σίμων,
538 4280 638 4331 οὐκ
672 4273 770 4329 οἷδ’
813 4276 1009 4327 ὁπόθεν
1050 4275 1141 4327 καὶ
1192 4274 1361 4339 ὅπως,
1392 4274 1858 4343 ὲπιπλανηθείσης

290 4371 430 4433 τέως
464 4368 558 4420 καὶ
589 4363 1009 4434 διανεμηθείσης
1038 4364 1138 4424 τὰς
1174 4361 1464 4431 Ῥωμαίων
1483 4360 1682 4431 ψυχάς.
1700 4361 1859 4414 Ἀλλά

1971 1894 2101 1947 dine
2147 1904 2441 1962 antequam
2483 1902 2813 1962 caperentur
2851 1895 2974 1965 fuga
3003 1894 3174 1964 elapsi
3207 1905 3357 1948 extra
3392 1896 3542 1964 peri-

1972 1985 2157 2037 culum
2185 1984 2295 2055 jam
2325 1976 2504 2038 era’nt.

2044 2077 2131 2131 Vl.
2167 2077 2304 2129 Cum
2362 2075 2446 2128 ba:
2501 2075 2555 2129 in
2614 2090 2732 2128 eam
2787 2075 3149 2130 calamitatem
3199 2077 3538 2137 incidissent,

1969 2166 2341 2220 cernebantur
2391 2169 2689 2221 subeuntes
2712 2167 2824 2237 jam
2863 2180 2919 2222 et
2966 2184 3044 2222 ea:
3092 2169 3367 2232 triremes,
3417 2185 3539 2237 quae
3593 2195 3598 2215 ι

1971 2256 2207 2328 pridem,
2244 2266 2301 2311 ut
2337 2257 2599 2320 diximus,
2630 2257 2697 2310 ad
2733 2260 2869 2312 ostia
2910 2258 3062 2313 ﬂuvii
3093 2260 3330 2321 stabant,
3367 2262 3541 2313 maxi-

1970 2365 2067 2401 mae
2094 2351 2315 2418 quidem
2344 2357 2476 2413 tres,
2498 2353 2736 2404 minores
2762 2359 2942 2405 autem
2972 2351 3133 2418 longe
3156 2352 3424 2420 plurimm.
3448 2351 3539 2407 Eu:

1965 2434 2132 2507 864
2164 2439 2343 2490 medio
2380 2438 2431 2489 in
2478 2454 2665 2501 cursu,
2700 2455 2896 2493 vacuas
2939 2440 3254 2495 hominibus
3290 2442 3432 2496 trahi
3466 2445 3538 2497 ab

1966 2528 2216 2582 hostibus
2248 2543 2472 2581 suorum
2509 2544 2676 2583 naves
2711 2530 2804 2584 ubi
2835 2533 3112 2596 viderunt,
3143 2541 3345 2588 stetere
3377 2535 3536 2603 quasi

1966 2620 2249 2689 torpetiin
2280 2620 2462 2688 aliqua
2504 2621 2836 2686 constrictae,
2874 2631 2932 2674 ιιι
2962 2638 3061 2676 nec
3091 2624 3348 2694 progredi
3393 2626 3536 2678 ultra

1963 2721 2203 2781 posmnt,
2234 2727 2336 2766 nec
2377 2713 2493 2766 vela
2528 2724 2827 2767 retrorsum
2877 2713 3028 2776 dare,
3067 2716 3241 2769 donec
3294 2716 3428 2785 ipsae
3475 2717 3531 2770 in

1963 2803 2158 2856 similia
2193 2805 2330 2858 mola
2376 2804 2712 2858 inciderunt.
2748 2804 2897 2858 Nam
2925 2816 2978 2858 et
3011 2805 3277 2875 quidquid
3325 2805 3381 2860 in
3424 2806 3536 2862 illis

1962 2894 2246 2949 hominum
2288 2895 2413 2961 fuit,
2446 2912 2544 2951 eos
2589 2911 2781 2952 omnes
2819 2897 3009 2951 videre
3059 2907 3177 2951 erat
3219 2898 3531 2959 confestim.

1966 2985 2293 3039 trierarchos
2326 2988 2530 3055 pariter
2553 2996 2850 3049 et‘nautas,
2888 2986 3030 3040 volvi
3062 2985 3117 3040 in
3149 2996 3335 3056 caput.
3369 3002 3534 3041 ruen-

1964 3081 2045 3126 tes
2078 3075 2129 3126 in
2160 3090 2332 3137 mare,
2370 3076 2561 3153 eodem
2604 3077 2764 3129 tnodo
2795 3088 2958 3145 atque
2984 3094 3079 3133 eos
3112 3080 3204 3148 qui
3236 3079 3380 3132 idem
3408 3091 3534 3133 ante

1960 3169 2101 3234 passi
2130 3167 2365 3230 fuerant,
2387 3178 2677 3236 antequam
2701 3175 2963 3222 nudatum
2984 3185 3171 3223 ensem
3197 3173 3529 3237 aspicerent,

1958 3266 2055 3311 aut
2080 3258 2375 3313 clamorem
2408 3258 2577 3312 ullum
2607 3260 2844 3313 hostium
2880 3260 3151 3314 minacem
3181 3262 3457 3316 audirent.

2028 3456 2141 3510 th.
2171 3454 2510 3510 Pervadebat
2549 3464 2730 3510 autem
2763 3459 2967 3527 pariter
3016 3459 3106 3515 ille
3141 3468 3316 3515 terror
3343 3471 3398 3517 et
3433 3477 3529 3516 eos

1957 3562 2172 3613 omnes,
2222 3546 2314 3616 qui
2357 3547 2511 3615 juxta
2552 3546 2709 3601 littus
2753 3564 2819 3601 ac
2869 3562 3051 3603 turres
3090 3552 3326 3606 stabant.
3359 3553 3531 3607 Erant

1956 3642 2102 3693 ertim
2149 3640 2331 3692 omnia
2388 3637 2536 3691 omni
2588 3638 2871 3692 hominum
2920 3655 3119 3709 genere
3165 3642 3370 3709 plena:
3425 3660 3529 3697 nec

1956 3730 2120 3784 modo
2159 3731 2302 3783 intra
2333 3740 2519 3799 portas
2543 3740 2596 3782 et
2620 3742 2800 3791 extra,
2832 3731 2926 3786 sed
2963 3740 3017 3782 ct.
3051 3733 3283 3785 summis
3315 3735 3368 3785 in
3395 3748 3530 3788 mm-

1958 3825 2120 3877 nibus
2146 3822 2438 3875 multitudo
2466 3830 2587 3876 erat
2615 3822 2810 3891 quovis
2836 3837 3069 3877 numero
3093 3825 3268 3891 major
3291 3840 3307 3890 ;
3338 3825 3391 3878 in
3420 3841 3529 3894 qua

1957 3929 2061 3969 nec
2093 3915 2312 3968 tubicen
2345 3914 2655 3983 quisquam,
2699 3928 2799 3968 nec
2832 3914 3142 3984 cymbalum
3177 3919 3345 3969 ullum
3384 3928 3524 3982 erat,

1959 4020 2134 4075 neque
2157 4004 2454 4074 quidquam
2477 4019 2668 4059 eorum
2687 4017 2809 4073 quae
2833 4006 3009 4060 solent
3038 4007 3093 4061 in
3128 4007 3269 4061 bello
3299 4023 3530 4076 praesun-

1958 4098 2029 4151 tis
2077 4097 2246 4150 animi
2298 4096 2465 4149 robur
2502 4096 2769 4152 excitare.
2813 4096 3034 4152 Scilicet
3074 4112 3263 4152 earum
3317 4114 3526 4163 rerum,

1958 4203 2079 4258 qua:
2130 4201 2241 4242 tum
2294 4187 2455 4242 utiles
2500 4187 2752 4252 fuissent,
2786 4204 2979 4258 magna
3030 4189 3279 4258 quaedam
3324 4190 3529 4244 oblivio

1959 4281 2332 4335 Romanorum
2388 4281 2621 4345 animos,
2674 4281 2859 4333 nescio
2918 4281 3066 4335 unde
3119 4291 3175 4335 et
3229 4283 3526 4350 quomodo,

1960 4373 2235 4426 invaserat
2286 4380 2341 4425 et
2386 4382 2735 4439 corruperat;
2787 4387 2853 4425 ac
2902 4372 3263 4442 respiratione
3299 4384 3530 4444 excepta

293 4459 436 4526 πλὴν
466 4454 562 4507 τοῦ
607 4455 865 4507 ἀναπνεῖν
912 4452 1171 4521 ἄντικρυς
1212 4445 1355 4502 εἶναι
1388 4450 1586 4527 πάντες
1636 4450 1855 4502 ἐδόκουν

1968 4466 2163 4519 mortui
2179 4466 2337 4535 plane
2353 4480 2546 4519 omnes
2563 4480 2682 4519 esse
2705 4465 3054 4530 videbantur,
3082 4468 3364 4521 trudentes
3388 4469 3530 4521 alios

290 4553 514 4621 νεκροί’
551 4543 952 4614 συνωθούμενοι
1005 4560 1067 4609 γε
1118 4543 1226 4611 μὴν
1277 4539 1371 4593 ὑπ’
1404 4540 1646 4611 ἀλλήλων
1684 4544 1742 4593 ὲν
1788 4543 1854 4611 τῇ

289 4647 430 4715 πρὸς
472 4641 540 4693 τά
572 4640 718 4693 ἔνδον
762 4639 908 4706 φυγῇ
953 4632 1279 4687 συνέπιπτόν
1309 4648 1367 4683 τε
1401 4632 1497 4685 καὶ
1520 4633 1857 4684 συνεπάτουν

290 4736 584 4805 ἀλλήλους,
614 4736 707 4786 καί
726 4732 901 4784 ταῦτα
939 4730 1035 4782 καὶ
1064 4728 1244 4780 αὐτῶν
1270 4725 1377 4778 τῶν
1408 4725 1683 4793 πολεμίων
1704 4726 1859 4793 ἑστη-

292 4831 493 4890 κότων,
523 4825 620 4877 καὶ
646 4820 936 4890 θεωμένων
982 4817 1209 4880 ἀτενῶς,
1252 4817 1346 4869 καὶ
1391 4814 1598 4885 σφόδρα
1625 4818 1759 4883 πρὸς
1796 4814 1858 4865 τὸ

291 4918 390 4972 τοῦ
412 4917 689 4987 δράματος
719 4912 1187 4979 ἐκπεπληγμένων
1211 4907 1514 4978 παράδοξον
1544 4923 1558 4938 °
1588 4907 1728 4961 ὥστε
1765 4910 1860 4961 καὶ

292 5011 414 5063 δέον
452 5007 679 5080 σκιρτᾷν
711 5004 952 5068 ἐκείνους
1008 5002 1112 5054 ὑπὸ
1157 5001 1252 5069 τῆς
1315 5000 1559 5070 μεγάλης
1605 5000 1857 5068 εὐτυχίας

295 5103 531 5170 ἐκείνης,
563 5100 674 5152 τῶν
714 5098 771 5151 δὲ
817 5098 910 5148 καὶ
956 5096 1148 5165 ήλὲουν
1192 5092 1329 5146 ἔνιοι
1369 5093 1497 5155 τοὺς
1529 5092 1855 5163 πάσχοντας,

297 5199 392 5249 καὶ
426 5192 616 5263 στῆναι
643 5188 1094 5261 παρεκελεύοντο,
1128 5189 1223 5240 καὶ
1254 5187 1393 5255 σφᾶς
1423 5184 1623 5246 αὐτοὺς
1656 5185 1859 5238 οἰκτεί-

296 5305 416 5361 ρειν
441 5287 537 5355 τῆς
562 5282 941 5354 δαιμονιωδους
969 5281 1136 5333 ἐϐόων
1161 5282 1388 5346 ταυτησὶ
1423 5280 1734 5349 συμφορᾶς,
1766 5279 1859 5330 καὶ

299 5379 375 5447 μὴ
397 5378 573 5447 μάτην
590 5375 732 5429 οὕτω
749 5373 1053 5446 προδιδόναι
1070 5364 1293 5443 [15.545]
1310 5370 1552 5437 θανάτῳ,
1570 5370 1859 5432 διώκοντος

295 5470 433 5541 μηδέ
446 5470 553 5531 νός.
581 5466 766 5527 Οὕτως
782 5464 1247 5533 ανυπέρὸλητοντδ
1270 5465 1368 5531 τῆς
1392 5478 1542 5531 συμφ
1562 5462 1691 5529 ορᾶς
1714 5462 1859 5514 ἐκεί-

299 5579 398 5631 νης
435 5561 627 5622 πάθος,
660 5563 755 5611 καὶ
788 5558 954 5628 μηδὲν
991 5554 1376 5615 καταλελοιπὸ,
1404 5554 1513 5605 τῶν
1545 5552 1631 5619 ἐφ’
1652 5554 1857 5621 ὁμοίοις

295 5656 466 5707 πάλαι
522 5653 997 5724 παραδειγμάτων,
1042 5649 1373 5720 ἁμιλλᾶσθαι
1422 5646 1623 5717 ῥαδίως
1683 5646 1857 5715 τούτῳ

292 5746 751 5818 παρατιθέμενον.
847 5747 851 5750 ’

1957 4558 2150 4623 alium,
2180 4557 2309 4611 dum
2345 4558 2400 4611 in
2430 4557 2692 4611 interiora
2726 4558 2960 4625 fugiunt,
2985 4559 3453 4628 procidebantque
3474 4572 3530 4613 vt

1958 4665 2019 4705 se
2070 4650 2301 4704 invicem
2351 4650 2734 4719 proterebant;
2786 4651 2953 4719 idque
3007 4667 3130 4703 cum
3189 4652 3374 4705 hostes
3423 4652 3527 4720 ips:

1960 4750 2170 4795 starent
2198 4743 2506 4810 intentique
2531 4751 2870 4810 spectarent,
2899 4741 3046 4796 ctad
3088 4743 3162 4794 rei
3195 4742 3523 4796 miraculum

1957 4832 2115 4887 valde
2142 4832 2597 4900 obstupescerent
2617 4848 2634 4898 ;
2658 4833 2733 4887 ita
2756 4843 2816 4886 ut
2833 4848 2971 4902 quos
2992 4834 3064 4887 ob
3084 4848 3339 4902 magnum
3370 4834 3526 4889 illum

1959 4906 2273 4982 successum
2306 4926 2580 4980 exsultare
2616 4929 2883 4996 oportuit,
2915 4941 2982 4981 ex
3011 4927 3078 4982 iis
3099 4928 3351 4982 nonnulli
3385 4929 3530 4982 cala-

1960 5020 2190 5073 mitosos
2228 5017 2350 5073 illos
2388 5020 2808 5082 miserarentur,
2852 5027 2908 5073 et
2941 5030 3087 5073 stare
3116 5020 3394 5090 juberent,
3431 5020 3529 5075 ob-

1960 5119 2426 5179 testarenturqne,
2476 5121 2535 5164 ut
2582 5112 2636 5163 in
2675 5109 2839 5180 865
2888 5111 2979 5165 illa
3018 5112 3171 5166 clade
3220 5126 3252 5166 a
3301 5113 3528 5166 sinistro

1958 5203 2145 5271 aliquo
2171 5203 2333 5271 genio
2364 5202 2603 5255 iunnissa
2640 5202 2788 5271 ipsos
2828 5203 2908 5257 sui
2937 5204 3242 5268 misercrct,
3275 5219 3410 5256 neve
3453 5203 3530 5257 ita

1961 5303 2165 5347 temere
2191 5287 2353 5348 vitam
2378 5293 2696 5362 proderent,
2722 5296 2940 5348 nemine
2967 5303 3352 5364 persequente.
3377 5294 3528 5348 Adeo

1958 5387 2160 5437 malum
2229 5383 2364 5436 illud
2423 5382 2673 5441 modum
2708 5397 2926 5435 omnem
2986 5390 3327 5445 excesserat;
3389 5381 3526 5435 adeo

1956 5488 2169 5536 eorum,
2190 5488 2311 5540 quae
2338 5487 2578 5540 unquam
2606 5475 2658 5526 in
2691 5472 2810 5538 pari
2841 5486 3003 5525 causa
3029 5472 3370 5534 acciderunt,
3393 5472 3527 5523 nihil

1957 5575 2098 5627 erat,
2140 5565 2286 5634 quod
2336 5579 2462 5619 cum
2508 5564 2617 5617 isto
2658 5563 2917 5617 collatum
2972 5562 3130 5615 facile
3169 5570 3355 5630 posset
3382 5561 3530 5614 ‘cou—

1960 5661 2204 5713 tendere.
