3944 6206
448 276 588 346 1127
737 273 813 347 [Α.
856 289 914 329 It.
956 272 1123 340 6857,
1167 290 1276 331 IND.
1315 274 1369 347 5]

1665 281 2084 342 NICEPHORI
2123 282 2508 345 GREGORE

2796 276 2925 349 [ινρ.
2965 291 3008 330 ι.
3050 287 3345 331 ωιτηουτ.
3376 271 3438 344 4]

3584 274 3703 339 lii8

445 402 537 443 tes
565 384 728 441 facile
778 385 1175 455 exeogitandas
1232 384 1538 441 necessitas
1571 384 1688 457 ipsa
1726 388 2029 457 plurimum

2156 403 2293 452 Γοντο
2326 392 2421 443 καὶ
2460 389 2577 458 ἃμα
2617 387 2794 440 καινοί
2830 404 2978 450 τινες
3014 385 3101 455 ἐφ’
3132 386 3339 455 ἑτέροις
3376 385 3560 455 ἕτεροι
3595 386 3705 437 ἐπ-

446 494 671 534 veteres.

521 657 592 712 ιι.
626 656 677 712 Is
708 656 813 712 fuit
842 672 1029 712 rerum
1061 666 1258 725 status,
1294 675 1420 713 cum
1456 659 1702 714 Isidorus
1728 659 2040 729 patriarcha

448 749 599 821 gravi
632 748 827 803 morbo
881 750 1209 821 corripitur.
1242 750 1375 805 Erat
1424 763 1610 807 autem
1658 751 1791 805 illud
1831 751 2042 805 ventris
2118 752 2123 757 ’

445 840 778 912 proﬂuvium
811 841 941 912 juge
989 857 1055 896 ac
1087 843 1440 907 diuturnum,
1469 844 1737 898 adversus
1766 843 1914 912 quod
1939 857 2043 897 nec

448 950 650 989 ntanus
708 949 815 989 nec
867 949 956 989 ars
1011 933 1355 988 medicorum
1412 933 1716 1004 quidquam
1782 942 2040 1003 poterat:

447 1027 668 1082 tametsi
707 1027 892 1097 primo
921 1041 1149 1082 accessu
1184 1041 1295 1080 non
1318 1025 1618 1081 admodum
1652 1025 1926 1080 violentus
1955 1025 2035 1080 in-

444 1128 669 1175 vaserat
710 1119 802 1175 hic
836 1120 1094 1182 morbus,
1124 1121 1218 1173 sed
1263 1118 1468 1173 sensim
1498 1127 1555 1172 et
1578 1117 1840 1188 paulatim
1876 1125 2043 1187 atque

446 1221 531 1280 (ut
566 1212 640 1266 ita
697 1210 915 1282 dicam)
956 1212 1293 1281 pedetentim
1328 1209 1628 1279 procedere
1657 1209 1811 1263 visus
1840 1208 2043 1276 fuerat,

444 1312 502 1358 et
554 1303 842 1357 hominum
928 1302 1396 1371 exspectationem
1477 1300 1634 1370 quasi
1706 1299 2040 1356 ludiﬁcarat.

446 1393 769 1457 Enimvero,
833 1402 893 1447 ut
951 1392 1203 1462 plerique
1276 1391 1525 1461 aiebant,
1579 1400 1743 1447 natus
1794 1403 1917 1447 erat
1975 1386 2044 1448 ei

446 1483 696 1548 tristitia,
731 1498 895 1552 quam
954 1484 1162 1536 tacitus
1221 1482 1404 1551 pudor
1453 1493 1763 1553 pepererat.
1821 1482 2045 1538 Scilicet

443 1576 531 1629 vir
581 1575 672 1628 ille
734 1573 976 1643 propriis
1014 1574 1247 1628 smnniis
1286 1574 1536 1629 intentus
1592 1576 1777 1629 omnia
1810 1576 1955 1630 dicta
1985 1585 2043 1630 et

442 1667 589 1722 facta
645 1666 773 1720 inde
822 1665 1238 1736 auspicabatur,
1306 1667 1558 1721 divinum
1619 1681 1746 1722 eum
1784 1665 2037 1721 albatum

445 1774 650 1815 \ecans
682 1776 696 1811 :
738 1759 824 1813 his
855 1734 1126 1828 perpetuo
1159 1757 1526 1829 gloriabatur,
1568 1768 1625 1813 et
1665 1760 1844 1827 palam
1884 1774 2040 1813 men-
2074 1734 2117 1792 θ

447 1849 536 1901 tiri
568 1847 705 1900 nihil
735 1861 861 1901 eum
897 1846 1163 1917 pudebat.
1192 1845 1337 1913 Quin
1365 1858 1421 1900 et
1456 1847 1780 1917 imperatori
1812 1847 2038 1916 pariter,

445 1949 503 1993 et
554 1939 677 1993 aliis
743 1937 1108 2006 quibuslibet,
1160 1938 1409 2008 quaedam
1464 1938 1623 2009 quasi
1674 1938 1933 1993 vaticinia
1987 1951 2043 1993 et

447 2032 665 2085 oblatas
722 2030 992 2084 divinitus
1060 2031 1309 2085 visiones
1365 2030 1678 2097 referebat;
1730 2030 1784 2084 in
1841 2033 2045 2100 quibus

447 2120 554 2179 fuit
580 2133 638 2179 et
672 2122 907 2179 Galatici
941 2122 1271 2178 Latinorum
1309 2123 1544 2186 castelli,
1582 2123 1637 2176 iu
1691 2122 1924 2176 adverso
1957 2122 2047 2175 lit-

447 2228 568 2271 tore
607 2217 796 2287 positi,
822 2216 1103 2271 excidium
1130 2232 1146 2282 ;
1181 2215 1330 2287 quod
1359 2215 1434 2269 illi
1463 2215 1773 2270 aﬂirmabat
1805 2223 1962 2269 certo
1990 2223 2045 2267 et

450 2318 770 2364 constanter
811 2308 1246 2377 praenuntiatum
1299 2323 1331 2361 a
1364 2307 1475 2362 Deo
1514 2305 1708 2360 fuisse.
1736 2305 1927 2374 Itaque
1960 2304 2045 2358 bis

448 2402 695 2455 conlisus
765 2399 1111 2467 imperator,
1166 2406 1465 2461 antequam
1526 2398 1758 2450 classem
1819 2411 2046 2466 prorsus

450 2492 779 2544 instructam
842 2490 1112 2554 haberet,
1167 2505 1405 2560 pugnam
1464 2488 1815 2544 acceleravit.
1875 2489 2040 2559 871

449 2584 585 2639 Cum
622 2585 791 2655 igitur
841 2585 931 2638 ille
982 2583 1370 2640 funestiSsimte
1424 2583 1597 2637 cladis
1629 2595 1825 2639 auctor
1855 2584 2047 2654 praeci-

448 2697 594 2751 puus
643 2679 907 2736 ltomanis
950 2679 1121 2735 fuisse
1171 2664 1481 2743 videretur,
1535 2679 1797 2735 omnibus
1841 2695 2045 2749 expro-

453 2772 768 2839 Lrantibus,
802 2787 918 2826 non
948 2770 1191 2826 audebat
1244 2772 1368 2827 lixis
1397 2771 1576 2828 oculis
1612 2783 1710 2829 aut
1742 2754 2047 2843 imperato-

452 2879 592 2925 rem,
620 2874 716 2918 aut
771 2864 1131 2934 intelligentia
1178 2864 1472 2934 praeditum
1512 2879 1845 2934 quemquam
1887 2879 2049 2934 aspe-

450 2964 640 3021 ctare;
696 2957 792 3009 sed
830 2955 886 3009 in
923 2955 1229 3023 profundos
1259 2955 1607 3009 verecundize
1648 2969 1763 3009 suae
1793 2967 2048 3011 recessus

451 3057 627 3102 semet
680 3047 858 3117 ipsum
919 3046 1177 3100 abdebat.
1219 3046 1590 3111 Quamobrem
1621 3047 1885 3101 diuturna
1916 3047 2046 3103 inde

452 3141 778 3211 a-gritudine
857 3140 1182 3205 confectus,
1238 3147 1527 3208 postquam
1595 3138 1790 3193 intima
1877 3140 2050 3210 ipsius

452 3235 766 3290 substantia
831 3235 1027 3291 morbo
1097 3223 1429 3304 consumpta
1484 3241 1593 3301 est,
1646 3248 1716 3288 ex
1765 3233 1872 3290 hac
1940 3236 2052 3291 \ita

454 3331 713 3386 excessit.

528 3421 614 3476 lli.
640 3423 761 3476 Mox
797 3421 1196 3483 deliberatione
1231 3420 1299 3474 ab
1332 3419 1456 3474 aliis
1489 3419 1758 3486 instituta,
1794 3424 2050 3491 quisnam

457 3515 580 3585 ejus
612 3515 800 3568 sedem
840 3530 905 3569 ac
952 3513 1272 3584 dignitatem
1302 3492 1638 3583 excepturus
1663 3522 1830 3579 esset,
1855 3528 2054 3583 magno

454 3616 511 3661 et
541 3606 881 3663 inﬂammato
909 3608 1094 3661 studio
1128 3624 1157 3657 a
1193 3606 1478 3661 Palainitis
1502 3614 1800 3670 certatum,
1825 3621 1893 3660 ne
1925 3605 2053 3674 quis

456 3709 908 3770 promoveretur,
966 3701 1072 3754 nisi
1130 3701 1223 3769 qui
1258 3712 1557 3768 percussor
1602 3708 1661 3754 et
1712 3700 2053 3754 temulentus

455 3795 620 3857 l'oret,
653 3808 949 3863 omnisque
977 3793 1308 3848 eruditionis
1339 3790 1570 3863 perinde
1602 3806 1819 3862 eXpers,
1849 3800 1908 3846 ut
1945 3790 2051 3847 illi.

456 3887 615 3954 quia
671 3886 854 3956 ligone
890 3896 946 3940 et
999 3886 1224 3940 bidente
1280 3885 1386 3940 sub
1439 3900 1724 3955 vesperam
1759 3885 2055 3939 redeuntes

454 3977 786 4033 iracundum
835 3986 893 4033 et
945 3980 1184 4033 ferinum
1240 3978 1538 4048 quemdam
1577 3994 1787 4033 morem
1828 3977 2052 4033 domun-

456 4071 734 4127 relerunt.
783 4071 837 4127 ld
879 4086 1013 4125 vero
1048 4076 1304 4140 agebant,
1357 4083 1417 4126 ut
1453 4072 1524 4126 iis
1551 4072 1878 4128 facillimum
1907 4085 2053 4129 esset

462 4163 666 4235 quovis
712 4174 1075 4232 persecutore
1129 4163 1413 4217 saniorem
1472 4164 1626 4219 illum
1671 4180 1952 4234 opponere
1988 4166 2055 4219 iis

458 4255 554 4325 qui
588 4254 678 4324 pie
714 4266 772 4308 et
829 4263 979 4309 recte
1010 4254 1082 4308 de.
1141 4255 1250 4308 Deo
1290 4254 1585 4321 sentirent,
1631 4266 1688 4325 et
1740 4271 1771 4309 a
1803 4272 2055 4310 commu-

458 4347 627 4401 nione
682 4345 919 4401 Palauta:
971 4348 1195 4416 penitus
1243 4348 1629 4402 abhorrerent.
1680 4348 1820 4403 Aliis
1869 4349 2052 4419 itaque

2144 481 2381 548 νοοῦντο,
2422 484 2520 553 τῆς
2560 482 2808 551 ἀνάγκης
2849 480 2951 550 τὴν
2985 479 3251 549 εὐπορίαν
3285 478 3396 532 τῶν
3434 478 3519 541 εἰς
3557 479 3708 530 ταῦτα

2143 579 2551 650 ἐνθυμημάτων
2585 580 2759 649 ῥᾷστα
2788 576 3252 647 ἐφευρισκούσης.

2215 672 2292 726 B'.
2331 672 2422 725 Ἑν
2450 670 2660 733 τούτοις
2689 670 2734 723 δ’
2754 668 2923 722 ὄντων
2948 667 3059 721 τῶν
3089 667 3435 737 πραγμάτων
3463 666 3601 734 νόσῳ
3630 662 3712 733 βι-

2146 765 2270 839 ρεία
2298 767 2395 819 καὶ
2419 766 2449 819 ὁ
2475 764 2821 834 πατριάρχης
2852 762 3124 832 Ἰσίδωρος
3147 760 3458 814 ἁλίσκεται.
3488 758 3553 812 'll
3575 759 3630 811 δὲ
3653 754 3712 828 ἦν

2143 858 2380 927 γαστρὸς
2411 857 2645 918 κένωσις
2672 854 2927 924 διηνεκὴς
2954 854 3072 924 ἅμα
3099 853 3195 907 καὶ
3223 852 3597 921 πολυήμερος,
3625 852 3713 903 πά-

2146 970 2246 1023 σης
2288 951 2472 1022 χειρὸς
2517 949 2613 1003 καὶ
2653 949 2853 1019 τέχνης
2902 946 3161 1017 ἰατρικῆς
3205 943 3603 1013 ἀπρακτούσης
3641 944 3709 993 Ev-

2143 1040 2339 1093 ταῦθα.
2385 1039 2577 1092 Καίτοι
2620 1038 2721 1105 τήν
2758 1052 2826 1104 γε
2867 1036 3048 1105 ἀρχὴν
3082 1034 3146 1087 ού
3191 1032 3339 1102 μάλα
3381 1031 3705 1101 θρασυτέραν

2144 1131 2287 1196 αῦτη
2322 1129 2423 1201 τὴν
2461 1129 2652 1199 ἔφοδον
2688 1127 2889 1193 ἔδειξεν
2912 1144 2926 1157 ·
2960 1123 3078 1179 ἀλλ’
3106 1124 3293 1195 ἠρέμα
3329 1125 3423 1176 καὶ
3460 1122 3602 1175 κατὰ
3640 1140 3711 1188 μι-

2144 1222 2277 1290 κρὸν
2311 1222 2407 1274 καὶ
2446 1218 2615 1290 βάδην
2652 1221 2830 1272 εἰπεῖν
2865 1216 3264 1289 ἐπιχωριάζειν
3301 1214 3503 1277 ἐδόκει,
3537 1212 3714 1281 ῶσπερ

2148 1312 2420 1378 παίζουσα
2451 1316 2552 1377 τὰς
2579 1312 2689 1367 τῶν
2716 1310 2929 1365 πολλῶν
2958 1304 3332 1372 ἐλπίδας.⁷Ην
3365 1307 3476 1377 γὰρ
3505 1305 3613 1360 ἀπὸ
3639 1306 3718 1357 λύ-

2146 1425 2257 1478 πης
2295 1408 2566 1478 ἐσχηκυῖα
2601 1404 2698 1469 τὰς
2740 1404 3006 1474 ἀφορμὰς
3040 1403 3092 1475 (ὁ
3129 1399 3299 1463 πολὺς
3334 1399 3472 1462 τέως
3511 1399 3721 1466 ἐκράτει

2144 1499 2352 1567 λόγος),
2384 1498 2505 1567 ἥτις
2538 1497 2604 1549 ἐκ
2635 1495 3001 1564 σιωπωμένης
3030 1494 3297 1564 αίσχὺνης
3324 1486 3440 1562 εἶχε
3470 1489 3572 1559 τὴν
3601 1489 3720 1559 πρός

2147 1608 2334 1661 φασιν.
2362 1586 2472 1642 Ἦν
2520 1589 2629 1655 γὰρ
2670 1590 2788 1651 τοῖς
2833 1587 3056 1650 οἰκείοις
3101 1585 3333 1655 ὀνείροις
3379 1582 3721 1653 προσέχων’δ

2145 1679 2434 1750 ἄνθρωπος
2463 1677 2576 1749 (ll)
2603 1693 2617 1707 ο
2650 1678 2747 1731 καὶ
2772 1674 2916 1729 τοῦτ’
2942 1674 3103 1745 ἔργον
3130 1673 3270 1743 ἔχων
3299 1671 3558 1725 ἁπάντων
3586 1671 3723 1735 προῐο

2147 1773 2415 1839 στάμενον
2443 1764 2558 1824 ’καὶ
2598 1768 2775 1835 λόγων
2815 1768 2914 1821 καὶ
2952 1765 3296 1837 πραγμάτων
3339 1761 3721 1832 ἐνθουσιασμὸν

2143 1859 2399 1930 ὠνόμαζε
2425 1875 2438 1888 ·
2483 1855 2579 1910 καὶ
2619 1854 2835 1919 τούτοις
2874 1854 3145 1924 διηνεκῶς
3187 1851 3720 1921 ἐγκαλλωπιζόμενις

2145 1949 2402 2020 ἐψεύδετο
2426 1947 2548 2017 ’μὲν
2591 1945 2913 2015 προφανῶς,
2949 1946 3049 1997 οὐκ
3089 1944 3355 2015 ᾐσχύνετο
3393 1942 3491 1995 δέ·
3529 1935 3724 2010 ἀλλ’ἦν

2145 2039 2413 2102 ὡσαύτως
2451 2037 2529 2109 τῷ
2566 2054 2627 2089 τε
2669 2036 2881 2108 βασιλεῖ
2918 2036 3012 2090 καὶ
3044 2038 3158 2099 τοῖς
3191 2036 3371 2100 ἄλλοις
3408 2034 3576 2087 οἱονεὶ
3611 2049 3722 2102 προ-

2152 2128 2381 2202 φητείας
2429 2127 2583 2189 τινὰς
2628 2126 2720 2178 καὶ
2762 2124 3048 2189 θεοπτείας
3088 2124 3296 2178 ἀνωθεν
3337 2122 3722 2192 ἀπαγγέλλων·

2151 2222 2271 2294 μεθ’
2301 2214 2377 2276 ὧν
2422 2215 2490 2291 ἦν
2535 2219 2632 2274 καὶ
2677 2220 2711 2288 ἡ
2755 2218 2851 2272 τοῦ
2897 2217 3075 2287 πέραν
3117 2217 3426 2272 Γαλατικοῦ
3474 2215 3723 2286 φρουρίου

2150 2313 2531 2385 καταστροφὴ.
2560 2313 2626 2384 ἢν
2654 2310 3034 2383 προδεδεῖχθαι
3060 2310 3352 2363 διετείνετο
3375 2314 3579 2379 τουτῳί⁵
3604 2307 3726 2377 πρὸς

2150 2406 2289 2463 Θεοῦ
2322 2406 2558 2479 βεϐαίως
2588 2406 2684 2458 καὶ
2709 2404 2969 2473 ἀσφαλῶς
2992 2416 3008 2432 ⁸
3037 2404 3113 2467 ὡς
3144 2403 3505 2475 θαρῤήσαντα
3533 2403 3626 2455 καί⁵
3647 2405 3726 2453 τὸν

2153 2500 2523 2575 amoenam
2561 2499 2662 2570 τὴν
2707 2498 2890 2570 μάχην
2933 2496 3190 2567 ταχῦναι,
3236 2498 3367 2566 πρὶν
3404 2493 3605 2554 τελέως
3638 2494 3727 2565 τὴν

2150 2596 2245 2650 τοῦ
2278 2593 2469 2648 στόλου
2505 2588 3217 2663 παρασκευὴνέξαρτύσαι.
3253 2587 3412 2643 Ἐπεὶ
3444 2586 3540 2640 οῦν
3566 2584 3727 2648 αἴτιος

2150 2688 2316 2759 τῷγε
2352 2686 2560 2757 μείζονι
2594 2687 2751 2757 μέρει
2779 2684 2878 2752 τῆς
2910 2682 3179 2753 μεγίστης
3210 2679 3492 2741 ἀπωλείας
3521 2678 3725 2746 ἐκείνης

2151 2780 2333 2846 ἔδοξεν
2357 2776 2511 2843 οὗτος
2537 2776 2795 2849 γενέσθαι
2819 2780 2958 2839 τέως
2986 2774 3283 2844 Ῥωμαίοις
3309 2774 3410 2827 καὶ
3434 2772 3730 2836 ὠνειδίζετο

2152 2874 2290 2944 πρὶς
2334 2872 2619 2938 ἁπάντων,
2657 2871 2760 2924 οὐκ
2797 2864 2948 2939 εἶχεν
2986 2868 3219 2921 ἑστῶσιν
3262 2865 3571 2937 ὀφθαλμοῖς
3608 2865 3728 2935 δρᾷν

2154 2966 2282 3022 οὕτε
2318 2966 2425 3036 μὴν
2454 2963 2620 3019 αὑτὸν
2653 2961 2903 3033 βασιλέα,
2938 2959 3065 3013 οὔτε
3096 2960 3206 3012 τῶν
3236 2958 3414 3014 ἄλλων
3444 2959 3563 3011 ὅσοι
3592 2957 3730 3023 ξυνέ-

2156 3076 2294 3123 σεως
2321 3053 2463 3130 ἦσαν
2495 3056 2755 3126 μέτοχοι·
2790 3053 2929 3121 ἀλλὰ
2956 3053 3253 3106 κατεδύετο
3286 3052 3422 3122 πρὸς
3456 3049 3730 3121 πυθμένας

2159 3152 2297 3216 ίδίας
2339 3149 2622 3221 αἰσχύνης.
2664 3148 2772 3201 Καὶ
2816 3146 2962 3200 οὕτω
3003 3147 3192 3199 λοιπὸν
3229 3144 3468 3215 νοσήσας
3506 3144 3602 3197 ἐπὶ
3639 3160 3733 3213 μα·

2155 3246 2309 3315 κρδν,
2345 3245 2442 3297 καὶ
2476 3241 2621 3296 οὕτω
2655 3239 3069 3310 δαπανηθείσης
3100 3237 3203 3308 τῆς
3238 3237 3388 3291 ἔνδον
3421 3237 3618 3300 οὐσίας
3646 3236 3735 3289 αύ-

2153 3336 2272 3400 τοῦ,
2302 3334 2405 3405 τῆς
2437 3334 2722 3404 παρούσης
2756 3334 2996 3403 μετέστη
3028 3328 3174 3400 ζωῆς
3208 3328 3343 3402 (12).

2228 3427 2304 3482 Γ’.
2342 3428 2575 3481 Ἔπειτα
2621 3426 2805 3495 ψῆφον
2852 3422 3283 3493 προτιθεμένων
3311 3419 3524 3482 ἄλλων,
3570 3419 3634 3483 ὃς
3675 3418 3734 3470 ἂν

2159 3521 2275 3588 μετ’
2301 3520 2510 3572 ἐκεῖνον
2536 3517 2631 3571 τοῦ
2662 3517 2857 3587 θρόνου
2885 3515 3129 3584 διάδοχος
3157 3515 3387 3585 γένηται
3407 3550 3424 3572 .
3460 3513 3635 3580 πολλή
3661 3527 3735 3573 τις

2152 3610 2224 3684 ἦν
2252 3611 2459 3679 σπουδὴ
2488 3611 2581 3662 καὶ
2606 3609 2871 3678 διάπυρος
2892 3608 3008 3670 τοῖς
3029 3604 3126 3660 τοῦ
3155 3604 3395 3674 Παλαμᾶ
3418 3603 3734 3668 θιασώταις,

2160 3704 2363 3774 μηδένα
2387 3703 2516 3756 ποτε
2538 3700 2935 3773 προϐληθῆναι,
2970 3698 3029 3762 δς
3066 3702 3142 3770 μὴ
3181 3697 3431 3771 πλήκτης
3466 3697 3563 3750 καὶ
3598 3697 3734 3766 πάρ-

2157 3813 2300 3857 owe;
2346 3796 2432 3866 είη
2476 3796 2571 3847 καί
2593 3795 2773 3861 πάσης
2799 3792 2895 3844 καὶ
2918 3790 3180 3851 παντοίας
3202 3790 3458 3853 παιδείας
3481 3790 3535 3851 ἑ,
3557 3789 3737 3841 τοσοῦ-

2156 3907 2249 3942 τον
2268 3887 2519 3959 ἄμοιρος,
2546 3886 2632 3959 [Ρ.
2657 3885 2783 3958 548]
2803 3887 2929 3939 ὅσον
2952 3885 3003 3938 οἰ
3027 3885 3135 3938 ἀπὸ
3160 3883 3452 3958 σκαπάνης
3471 3882 3609 3953 ὁμοῦ
3632 3880 3731 3952 (l5)

2160 3984 2253 4036 mi
2277 3981 2526 4051 δικέλλης
2551 3981 2649 4045 ὀψὲ
2671 3980 2771 4050 τῆς
2797 3979 2948 4050 ὥρας
2970 3977 3415 4049 απαλλάττοντες
3442 3975 3666 4041 ζάκοτόν
3684 3990 3731 4024 τι

2160 4076 2256 4128 καὶ
2288 4074 2554 4145 θηριῶδες
2580 4070 2711 4144 ἦθος
2740 4071 2926 4125 οῐκαδε
2955 4072 3219 4141 φέρουσιν
3242 4085 3259 4101 ·
3287 4068 3357 4122 ἶν’
3381 4068 3615 4122 ἐνταῦθα
3646 4067 3729 4138 ῥᾷ-

2162 4185 2286 4221 στον
2320 4168 2409 4235 εἴη
2445 4166 2600 4232 σφίσι
2632 4165 2879 4219 διωκτῶν
2911 4164 3168 4217 ἁπάντων
3202 4162 3369 4215 αὐτὸν
3401 4160 3724 4229 καταστῆσαι

2161 4262 2466 4335 βιρύτατον
2509 4262 2651 4313 κατὰ
2688 4259 2798 4312 τῶν
2839 4258 3086 4315 εὐσεϐεῖν
3126 4258 3474 4328 αἱρουμένων
3513 4258 3603 4309 καὶ
3638 4253 3723 4321 τῆς

2157 4357 2255 4408 τοῦ
2306 4354 2542 4423 Παλαμᾶ
2593 4352 2879 4415 κοινωνίας
2929 4349 3234 4420 ἀπέχεσθαι
3283 4352 3467 4403 πᾶσαν
3509 4345 3726 4413 σπουδὴν

459 4440 628 4494 alium
667 4441 1126 4509 proponentibus,
1159 4440 1356 4495 borum
1390 4455 1556 4495 suasu
1594 4455 1662 4493 ex
1691 4451 1878 4496 monte
1905 4442 2047 4496 Atho

2159 4446 2523 4514 ποιουμένων.
2549 4442 2765 4496 Ἀλλων
2790 4440 2885 4494 οῦν
2911 4440 3107 4503 ἄλλους
3132 4438 3617 4514 προϐαλλομένων,
3643 4450 3727 4504 με·

458 4532 760 4586 areessitur
815 4546 958 4585 unus
1002 4545 1070 4587 ex
1130 4531 1365 4586 Palama:
1425 4530 1640 4595 amicis,
1670 4532 1893 4586 nomine
1933 4531 2056 4587 Cal-

440 4624 642 4679 listus.
677 4622 825 4678 lluic
860 4623 933 4705 ob
960 4623 1274 4680 vecordiam
1304 4639 1370 4678 ac
1402 4623 1737 4677 dementiam
1768 4625 2051 4693 ingenium

457 4726 579 4771 erat
610 4717 860 4772 omnium
900 4718 1362 4773 itumitissituuut.
1413 4717 1782 4783 Quamobrem
1831 4732 2049 4780 eorum,

459 4827 490 4864 a
523 4811 731 4882 quibus
790 4813 1111 4876 vocabatur,
1160 4812 1442 4881 ιιι-(ηιοεὶιο
1492 4826 1561 4866 ac
1592 4811 1776 4866 studio
1825 4815 2052 4865 omnino

457 4906 841 4962 conveniebat.

528 5089 616 5146 ιγ.
653 5089 858 5145 Tamen
899 5100 1195 5161 antequam
1259 5092 1303 5145 is
1354 5092 1690 5160 advenisset,
1735 5096 1911 5151 visum
1966 5107 2050 5151 est

460 5184 781 5255 imperatori
835 5195 893 5238 et
952 5187 1212 5254 Augusta:
1274 5180 1540 5256 privatim‘
1590 5205 1653 5243 ac
1709 5191 1911 5259 saepius
1962 5208 2047 5247 me

2155 4539 2296 4592 ταπέ
2308 4536 2556 4608 μψαοθαι
2583 4536 2860 4589 πείθουσιν
2885 4528 3035 4588 οῦτοι
3056 4533 3165 4586 τῶν
3189 4534 3282 4586 τοῦ
3311 4533 3549 4603 Παλαμᾶ
3572 4530 3727 4599 omnia

2157 4632 2218 4696 ἐξ
2248 4632 2493 4693 Ἀθωνος
2528 4629 2663 4692 ἕνα,
2698 4628 2939 4699 τοῦνομα
2973 4627 3280 4681 Κάλλιστον
3302 4641 3317 4655 ·
3352 4620 3398 4694 ᾧ
3433 4627 3568 4697 πρὸς
3599 4624 3728 4691 ἀπή-

2157 4741 2305 4777 νειαν
2335 4722 2395 4787 ἐξ
2424 4721 2612 4785 ἀνοίας
2644 4720 2761 4790 ἅμα
2798 4724 2891 4773 καὶ
2919 4720 3181 4781 ἀπονοίας
3212 4717 3490 4788 ἡρμόσθαι
3518 4716 3612 4788 τὴν
3639 4712 3728 4782 ’ξύ-

2158 4834 2241 4869 σιν
2283 4819 2502 4870 πάντων
2549 4816 2786 4886 μάλιστα
2830 4804 3211 4884 ξυνεόὲόήκει,
3253 4811 3351 4865 καὶ
3394 4806 3533 4864 εἶναι
3573 4808 3726 4880 μηδὲν

2161 4909 2428 4982 μηδαμῶς
2461 4909 2538 4979 τῷ
2574 4908 2763 4978 σκοπῷ
2796 4908 2889 4961 καὶ
2920 4909 2986 4979 τῇ
3023 4905 3229 4978 σπουδῇ
3260 4903 3370 4959 τῶν
3403 4902 3727 4976 προσκεκληο

2158 5007 2334 5057 κότων
2367 5001 2664 5073 ἀπᾴδοντα.

2230 5098 2303 5151 Δ’.
2348 5097 2485 5165 Πρξν
2518 5112 2581 5163 γε
2614 5094 2724 5166 μὴν
2754 5091 2946 5146 τοῦτον
2976 5092 3146 5156 ἱέναι,
3180 5091 3289 5165 ίδία
3319 5092 3421 5164 ἐμὲ
3451 5092 3542 5145 καὶ
3569 5084 3729 5157 συχνὰ

2160 5190 2684 5261 παραλαμϐάνουσιν
2712 5186 2873 5260 ἐπῄει
2910 5186 3124 5258 βασιλεῖ
3152 5203 3211 5239 τε
3246 5189 3339 5241 καὶ
3375 5186 3599 5259 βασιλίδι
3633 5183 3729 5233 θω-

1826 5320 1928 5379 Vai
1950 5318 2155 5381 iorum
2195 5329 2379 5381 notae.

462 5513 495 5566 8
532 5446 643 5565 (lui)
668 5446 805 5501 Vide
834 5447 1091 5500 adnotata
1122 5445 1361 5500 infra'ad
1396 5447 1494 5500 lib.
1524 5463 1638 5511 XXI,
1662 5462 1785 5517 cap.
1812 5447 1865 5512 6,
1905 5459 2043 5504 sect.

504 5552 517 5566 .
594 5531 764 5566 OIVIN.

504 5552 517 5567 .
557 5531 591 5565 ιτ
638 5532 764 5571 ivta.

504 5531 924 5661 _(_l_;)lsidorus
988 5587 1423 5661 patriarchatum
1479 5590 1640 5645 iuivit
1698 5605 1845 5645 anno
1910 5590 2047 5647 Chr.

462 5655 1014 5731 13§7.._Seditannos
1047 5663 1207 5725 duos,
1252 5674 1473 5715 menses
1541 5673 1753 5731 septem
1803 5672 1860 5717 et
1926 5662 2047 5717 dies

464 5726 806 5795 quindecim,
849 5741 908 5783 ut
965 5742 1179 5786 constat
1208 5746 1272 5785 ex
1306 5732 1494 5786 codice
1529 5726 1629 5786 ius".
1661 5748 1769 5798 quo
1809 5748 1941 5788 usus
1961 5744 2047 5788 est

2156 5449 2303 5506 Phil.
2360 5449 2634 5522 Labbeus.
2693 5449 2829 5505 Vide
2865 5451 3206 5522 Apparatum
3267 5449 3464 5505 (liuor.
3508 5450 3714 5522 δείξειε

2159 5537 2282 5591 pag.
2313 5521 2403 5576 57.
2440 5522 2584 5592 Ergo
2618 5514 2931 5591 patriarcha
2947 5514 3070 5578 esse
3099 5522 3268 5577 desiit
3298 5537 3397 5579 an.
3437 5514 3573 5579 Chr:
3596 5514 3721 5573 L359

2157 5586 2414 5647 excutite.
2445 5586 2658 5647 Βοῖνιᾶ.

2231 5664 2342 5734 (15)
2373 5661 2467 5719 Sic
2500 5679 2669 5734 supra
2689 5663 2789 5723 lib.
2825 5679 2910 5733 ut,
2940 5681 3064 5736 cap.
3100 5667 3153 5733 3,
3186 5673 3325 5721 sect.
3361 5665 3415 5721 6.
3458 5665 3656 5719 Bomx.
