3982 6214
244 240 423 324 ’Ϋιςῡ
588 279 731 343 νμ.
768 270 1016 339 c.1351]

1231 272 1679 340 BYZANTIN/E
1718 282 2105 347 HISTORIA;
2146 286 2294 346 LIB.
2332 284 2536 346 XVIit
2639 280 2773 353 [λη’.
2802 296 2850 335 ιο
2888 292 3180 335 omnem.
3219 280 3275 351 5]

3385 282 3519 346 1146

287 381 377 433 καὶ
414 380 608 472 δόξανς
639 374 1022 455 Μνήσθητιότι
1067 388 1257 460 θνητὸς
1287 387 1343 445 εἴ
1362 398 1453 448 καὶ
1503 395 1705 468 θνητὴν
1734 398 1846 453 ἐλα-

1961 401 2200 472 primum
2238 400 2558 463 hominem?
2594 398 2706 454 Cur
2730 398 2881 469 cogis
2904 409 3104 454 terram
3162 396 3245 451 eis
3287 395 3521 450 tribulos

283 487 377 539 χες
428 471 614 541 φύσιν.
655 475 892 545 Φοσερὸν
932 480 996 532 τὸ
1046 480 1310 549 ἐμπεσεῖν
1361 487 1443 547 είς
1481 488 1672 557 χεῖρας
1717 488 1853 543 Θεοῦ

282 562 504 626 ζῶντος.
539 566 623 639 [Ρ.
653 568 781 640 55η
836 572 971 624 sint
1002 574 1118 637 πῶς
1152 575 1309 629 ἄλλαι
1364 579 1462 644 μὲν
1488 581 1543 633 αί
1575 581 1852 651 τεττάρων

280 654 378 724 ἥδη
410 657 547 710 ἐτῶν
574 661 895 728 ἐπαγγελίαι
921 663 1032 733 (26)
1065 665 1227 735 ἔτερα
1256 667 1303 720 δ’
1338 664 1404 722 αὖ
1434 669 1504 722 τὰ
1531 671 1663 740 τέλη
1688 687 1704 738 ;
1734 672 1853 726 Κα-

277 745 498 819 θολικὴν
553 752 651 819 μὲν
680 753 788 823 γὰρ
826 757 1188 827 πεποιηκέναι
1232 759 1450 814 σύνοδον
1475 761 1546 814 τὰ
1591 762 1696 831 τῆς
1749 763 1849 831 σῆς

278 838 611 908 ἐπαγγελίας
631 838 722 913 ἦν,
756 849 1111 919 πατριαρχῷν
1134 850 1390 906 ἁπάντων
1416 854 1510 906 καὶ
1534 855 1851 908 ἐπισκόπων

275 930 585 999 κληθέντων
604 951 629 1012 ὀ
642 935 736 990 νῦν
767 939 810 991 δ’
826 939 945 993 οὐδὲ
975 943 1205 1011 μερικοῦ
1230 961 1378 1009 τινος
1410 945 1530 1015 ῐχνη
1555 948 1851 1011 διασώζου-

275 1036 377 1072 σαν
406 1022 709 1091 σχεδιάζεις
735 1025 1149 1100 βουλευτηρίου.
1183 1033 1292 1087 Καὶ
1323 1037 1456 1103 πρὶν
1487 1036 1588 1105 μὲν
1619 1037 1852 1091 ἐλπίδων

277 1108 401 1182 ἴχνη
456 1114 804 1182 διορθώσεως
861 1119 971 1174 τῶν
1025 1122 1121 1177 τοῦ
1173 1124 1412 1193 Παλαμᾶ
1473 1128 1850 1195 καινοφωνιῶν
1896 1146 1905 1155 ·

272 1200 500 1255 ἔϐοσκον
525 1205 882 1274 τὰςζέκείνων
898 1210 1079 1281 ψυχάς
1105 1229 1119 1244 ο
1151 1212 1247 1267 νῦν
1284 1217 1343 1270 δέ
1370 1219 1700 1286 τυραννικὸν
1738 1221 1849 1288 ὁρῶ

276 1311 337 1346 σε
371 1294 523 1365 βῆμα
548 1300 1027 1369 παρασκευάζοντα
1056 1305 1150 1358 σὺν
1176 1308 1235 1361 ἐν
1268 1310 1441 1380 γωνίᾳ
1490 1311 1745 1379 καθάπερ
1780 1313 1843 1365 ἐν

275 1386 527 1456 σπηλαίῳ
538 1388 768 1460 λῃστῶν.
807 1391 931 1456 Πῶς
956 1394 1064 1466 γὰρ
1089 1397 1174 1464 εἴη
1199 1397 1265 1450 ἂν
1298 1398 1538 1462 σύνοδος,
1556 1400 1665 1453 τῶν
1688 1400 1848 1454 θείων

270 1474 374 1543 τῆς
391 1474 716 1547 Ἐκκλησίας
743 1482 987 1537 κανόνων
1009 1487 1102 1537 καὶ
1126 1487 1344 1555 θεσμῶν
1366 1489 1655 1561 ὑπερόριος
1674 1491 1845 1559 οὔσας

270 1566 523 1660 κανόνας
552 1570 662 1642 γὰρ
700 1572 767 1625 ἐκ
804 1577 1431 1660 μεταφορᾶςκαλεῖσθαι
1474 1581 1881 1651 ξυμπέπτωκί

267 1658 364 1710 τοῦ
398 1660 710 1715 τεκτονικοῦ
757 1665 852 1717 καὶ
875 1665 1055 1720 κοινοῦ
1100 1658 1344 1733 κανόνος.
1388 1672 1603 1744 Ὥσπερ
1644 1672 1743 1729 οὖν
1767 1677 1846 1746 τῷ

266 1752 569 1823 τεκτονικῷ
639 1757 822 1808 κανόνι
880 1758 1226 1831 πλατυτέραν
1301 1762 1444 1832 ἐχειν
1495 1736 1595 1835 τὴν
1653 1736 1843 1838 χρείαν
1876 1736 1918 1792 Β

265 1842 508 1913 ἀνάγκη,
536 1846 685 1937 κατὰ
717 1848 900 1901 πᾶσαν
930 1853 1034 1921 γῆν
1057 1868 1118 1904 τε
1141 1855 1239 1906 καὶ
1267 1854 1560 1923 θάλασσαν,
1591 1863 1684 1913 καὶ
1706 1862 1862 1937 ὅπηο,

268 1953 379 2006 περ
410 1937 477 1991 ἂν
504 1935 616 1993 εἷεν
644 1942 983 2006 ἐνοικοῦντες
1014 1943 1297 2014 ἄνθρωποι
1318 1963 1335 1979 ·
1369 1951 1493 2013 ταῖς
1523 1950 1580 2004 δὲ
1610 1952 1720 2004 τῶν
1751 1954 1844 2006 ἀν-

267 2028 507 2098 θρώπων
535 2032 853 2102 ἡγεμονίαις
886 2038 1124 2107 μερικάς
1154 2056 1306 2105 τινας
1333 2042 1428 2094 καὶ
1454 2036 1567 2095 οἷον
1594 2061 1845 2115 σπερμα-

264 2124 429 2186 τικὰς
472 2125 568 2177 καὶ
604 2125 895 2194 διαφόρους
928 2131 1107 2182 είπεῖν
1133 2131 1322 2186 ὀὕτω
1357 2134 1453 2189 καὶ
1485 2139 1596 2199 τοῖς
1623 2137 1724 2206 τῆς
1755 2139 1843 2191 ὲκο

265 2218 502 2289 κλησίας
527 2222 727 2275 κανόσι
749 2222 841 2275 καὶ
864 2225 976 2285 τοῖς
1009 2225 1309 2288 πολιτικοῖς
1335 2229 1521 2297 νόμοις
1545 2229 1845 2282 καθολικω-

264 2314 435 2381 τέραν
460 2314 546 2382 ἔχε
559 2332 606 2366 ιν
634 2315 846 2381 ἀνάγκη
875 2317 975 2385 τὴν
1004 2319 1218 2386 χρείαν,
1253 2320 1348 2371 καὶ
1377 2319 1570 2390 ἄρχειν
1601 2322 1711 2373 τῶν
1737 2322 1842 2390 ἁρ-

264 2404 493 2473 χόντων,
534 2407 626 2470 καὶ
662 2408 917 2479 ἡγεῖσθαι
954 2409 1065 2462 τῶν
1097 2410 1406 2480 ἡγεμόνων.
1442 2413 1510 2464 Σέ
1536 2412 1592 2466 δὲ
1621 2413 1844 2466 τούνανο

264 2497 387 2549 τίον
435 2496 569 2569 δρᾷν
600 2497 852 2585 ἐθέλοντα
883 2500 1096 2571 βλέπων
1133 2502 1281 2556 δέδια
1327 2505 1404 2574 μὴ
1448 2504 1845 2573 ἐναντιούμενόι

268 2605 353 2641 σοι
382 2588 451 2642 τὰ
482 2589 738 2661 δρώμενα
768 2592 1012 2663 γένηται,
1044 2596 1141 2647 καὶ
1183 2594 1278 2648 τοῦ
1308 2597 1513 2651 σκοποῦ
1547 2597 1841 2651 παντάπαν

268 2700 357 2735 σιν
388 2682 683 2738 ἀντίπαλα.
741 2684 897 2737 Ἐπεὶ
932 2687 1027 2738 καὶ
1055 2686 1338 2757 οἰκοδόμος
1375 2690 1469 2742 καὶ
1502 2690 1739 2755 τέκτων,
1774 2688 1843 2744 ἂν

268 2774 348 2842 μὴ
396 2774 612 2844 καθέτῳ
640 2778 735 2829 καὶ
766 2776 980 2849 στάθμῃ
1019 2779 1114 2831 καί¹
1144 2782 1258 2843 τοῖς
1310 2779 1578 2844 τοιούτοις
1606 2781 1843 2852 χρῶντες

265 2867 514 2931 κανόσιν,
542 2867 644 2921 οὐκ
672 2870 749 2932 είς
778 2873 996 2941 μακρὰν
1027 2871 1125 2941 τὴν
1154 2870 1489 2942 καθαίρεσιιΐ
1512 2874 1615 2927 ῐδοι
1639 2873 1705 2928 ἂν
1734 2875 1844 2927 τῶν

264 2959 586 3028 δρωμένων,
634 2960 727 3015 τοῦ
771 2962 871 3032 τῆς
919 2962 1187 3032 ἁρμονίας
1228 2964 1463 3035 κράτους
1509 2965 1718 3036 οὐδαμῆ
1745 2968 1844 3036 τὴν

1955 504 2012 551 οι
2037 510 2403 549 aerumnarum
2429 495 2617 563 spinas
2645 494 2985 562 germinare,
3027 501 3083 545 et
3110 500 3316 545 tantam
3343 489 3521 559 lacry-

1954 601 2167 641 marum
2193 586 2501 640 amaritiem
2530 584 2842 654 parturire?
2868 582 2982 638 Cur
3016 581 3315 636 infortunia
3349 587 3406 633 et
3425 580 3522 631 do-

1951 677 2121 740 lores,
2152 691 2277 731 cum
2313 676 2562 730 laetitiam
2590 687 2644 731 et
2673 674 3019 744 splendorem
3049 673 3210 727 facile
3239 671 3350 727 sit?
3412 671 3520 724 Me-

1952 779 2143 824 mento
2174 769 2463 824 mortalem
2495 777 2550 822 te
2580 782 2704 823 esse
2735 776 2792 821 et
2829 765 3123 821 obnoxiam
3162 765 3325 817 morti
3355 770 3519 817 natu-
3576 812 3581 821 ,

1953 875 2067 917 ram
2096 859 2370 915 sortitum.
2411 858 2713 913 «Terribile
2739 866 2825 912 est
2861 858 2915 911 in
2951 871 3152 911 manus
3171 854 3521 908 Deiviventis

1894 982 1903 1001 ι
1953 953 2289 1009 incideret)
2325 952 2442 1007 Jam
2473 951 2604 1006 illud
2637 949 2800 1004 velim
2849 949 3021 1010 dicas.
3079 946 3215 1016 quid
3265 945 3336 999 sit
3367 943 3516 1012 quod
3616 939 3623 946 ’

1951 1061 2049 1116 per
2084 1060 2260 1101 annos
2289 1052 2434 1099 totos
2463 1052 2700 1113 quatuor
2739 1043 2845 1097 alia
2875 1040 3225 1111 promiseris,
3246 1039 3364 1093 alia
3400 1038 3520 1105 ipso

1949 1139 2099 1195 exitu
2128 1138 2392 1208 praestes?
2425 1136 2639 1192 Etenim
2672 1144 2828 1189 tuum
2862 1133 2995 1189 illud
3031 1132 3367 1203 promissum
3394 1129 3518 1192 fuit,

1949 1238 2199 1284 coactum
2223 1229 2288 1282 iri
2319 1228 2633 1297 generalem
2667 1227 2964 1297 synodum,
3008 1223 3062 1277 in
3097 1237 3260 1292 quam
3310 1233 3517 1274 convo-

1947 1329 2204 1377 carentur
2229 1314 2427 1374 omnes
2450 1318 2778 1388 patriarchae
2803 1327 2859 1372 et
2890 1315 3155 1386 episcopi.
3189 1314 3363 1379 Quam
3387 1324 3519 1365 vero

1949 1428 2096 1468 nunc
2122 1411 2582 1481 extemporariam
2612 1411 2785 1481 cogis,
2848 1424 2913 1464 ea
2947 1425 3015 1463 ne
3038 1406 3268 1462 minoris
3293 1398 3514 1474 quidem

1946 1508 2181 1578 alicujus
2233 1507 2401 1561 curia:
2452 1504 2742 1574 imaginem
2819 1508 3196 1572 repraesentat.
3269 1495 3517 1553 Antehac

1947 1614 2071 1671 spes
2085 1600 2278 1655 saltem
2304 1584 2662 1659 adumbratae,
2696 1595 2765 1650 de
2797 1594 2980 1649 futura
3003 1605 3266 1646 novarum
3286 1589 3519 1644 Palatina:

1948 1690 2268 1761 Opinionum
2318 1688 2685 1752 correctione,
2741 1686 2959 1740 illorum
3017 1683 3231 1737 animos
3259 1680 3515 1742 alebant;

1947 1790 2003 1835 at
2042 1788 2312 1844 nunc,ut
2340 1779 2523 1843 video,
2560 1777 2907 1849 tyrannicum
2963 1773 3202 1829 tribunal
3254 1779 3370 1825 tute
3403 1771 3519 1837 ipse

1946 1870 2004 1925 in
2037 1871 2258 1942 angulo,
2289 1880 2347 1927 et
2369 1871 2537 1926 veluti
2566 1870 2620 1924 in
2643 1868 2908 1938 spelunca
2936 1866 3234 1928 latronum,
3261 1861 3358 1916 tibi
3384 1875 3518 1915 cou-

1946 1964 2151 2019 stituis.
2177 1962 2310 2018 Nam
2341 1978 2466 2033 quae
2493 1978 2524 2017 a
2558 1962 2731 2017 sacris
2758 1958 3010 2017 Ecclesiae
3039 1956 3243 2024 regulis
3287 1969 3351 2008 ac
3384 1953 3519 2021 logi-

1945 2056 2051 2112 bus
2104 2055 2424 2126 longissime
2477 2046 2652 2117 abest,
2713 2067 2783 2107 an
2819 2066 2884 2105 ea
2944 2049 3187 2122 synodus
3233 2061 3354 2102 esse
3406 2045 3518 2098 ullo

1946 2145 2109 2200 modo
2136 2145 2354 2215 possit?
2378 2144 2539 2199 Certe
2571 2143 2979 2199 ecclesiasticas
3000 2140 3216 2211 regulas
3233 2136 3520 2204 metapho-

1944 2235 2058 2290 rice
2109 2235 2282 2289 dictas
2337 2242 2554 2288 constat
2599 2248 2630 2288 a
2685 2232 2868 2287 fabrili
2921 2230 3245 2300 vulgarique
3303 2226 3515 2292 regula.

1945 2324 2416 2392 Quemadmodum
2452 2326 2621 2394 igitur
2651 2339 2876 2380 necesse
2904 2332 3010 2387 est,
3030 2330 3093 2376 ut
3124 2320 3309 2390 regula
3343 2318 3518 2410 fabri-
3591 2387 3616 2410 ξ

1924 2414 2016 2469 ‘lis
2039 2429 2197 2470 usum
2258 2414 2504 2470 latiorem
2571 2414 2792 2479 habeat,
2846 2413 2996 2468 omni
3048 2422 3207 2467 terra:
3237 2417 3294 2464 ct
3353 2408 3516 2470 mari,

1945 2506 2202 2562 omnibus
2279 2506 2538 2562 habitatis
2606 2505 2922 2575 regionibus
2999 2501 3511 2561 accommodatum,

1946 2599 2076 2656 item
2110 2616 2244 2656 usus
2273 2599 2627 2670 singulares.~
2662 2608 2828 2670 atque
2864 2606 2923 2652 ut
2957 2598 3029 2652 ita
3054 2596 3231 2652 dicam
3271 2597 3517 2648 minutos

1944 2701 2001 2746 et
2026 2691 2382 2760 multiplices,
2448 2708 2548 2761 pro
2587 2691 2755 2746 variis
2818 2690 3106 2746 hominum
3164 2686 3517 2748 ditionibus;

1945 2783 2115 2857 886
2146 2783 2219 2836 ita
2250 2785 2415 2838 etiam
2447 2799 2675 2839 necesse
2698 2793 2783 2836 est
2810 2780 3318 2838 ecclesiasticarum
3360 2792 3517 2846 regu-

1945 2874 2122 2929 larum
2143 2885 2199 2930 et
2230 2877 2410 2945 legum
2444 2875 2689 2931 civilium
2720 2891 2879 2929 usum
2908 2873 2974 2927 ad
3005 2873 3296 2927 universos
3350 2872 3521 2939 perti-

1946 2978 2106 3025 nere.
2144 2972 2205 3018 ut
2226 2974 2282 3018 et
2310 2965 2741 3035 imperatoribus
2774 2966 3070 3032 imperent,
3118 2971 3175 3016 et
3207 2960 3518 3031 praepositis

265 3048 558 3103 ἐπίστασιν
608 3050 717 3104 τῶν
744 3051 921 3121 ἔργων
952 3051 1253 3115 ίθύναντος.
1316 3055 1470 3109 Ἐπεὶ
1517 3056 1697 3109 τοίνυν
1749 3058 1845 3110 καὶ

1954 3056 2197 3126 ρτωεὶιιι.
2233 3056 2313 3111 Tu
2341 3072 2492 3120 vero,
2543 3057 2670 3127 quia
2724 3057 3065 3110 contrarium
3123 3052 3331 3107 videris
3385 3052 3521 3107 velle

266 3140 334 3192 οὒ
392 3141 508 3204 τοῖς
568 3141 668 3212 τῆς
723 3143 1014 3215 ἐκκλησίας
1087 3148 1308 3199 κανόσιν
1378 3148 1477 3218 οὐχ
1544 3147 1686 3221 ἕπῃ,
1741 3149 1846 3202 ἴσθι

1954 3158 2159 3220 facere,
2192 3172 2386 3213 vereor
2410 3140 2481 3213 ne
2524 3173 2612 3219 ea,
2663 3173 2784 3227 qua:
2823 3155 3007 3210 futura
3055 3164 3205 3217 sunt,
3247 3152 3519 3208 contraria

271 3231 784 3302 καταλυθησόμενος
847 3235 950 3289 ὑπὸ
1004 3236 1102 3305 τῆς
1159 3237 1498 3307 ἐκκλησίας,
1557 3239 1589 3309 ἦ
1651 3240 1846 3310 μᾶλλον

1954 3248 2061 3306 tibi.
2086 3242 2342 3304 accidant
2367 3258 2423 3305 et
2457 3265 2623 3317 scopo
2664 3260 2755 3302 tuo
2790 3249 2950 3318 plane
2986 3246 3259 3316 opposita.
3310 3245 3522 3313 Quippe

263 3325 374 3377 ὑπὸ
424 3324 517 3377 τοῦ
567 3325 665 3392 τῆς
724 3325 1047 3395 Ἐκκλησίας
1100 3328 1408 3397 ἡγουμένου
1451 3326 1610 3391 Θεοῦ,
1671 3333 1766 3398 καὶ
1798 3331 1848 3383 εί

270 3418 348 3487 μὴ
400 3417 595 3470 αὐτίκα
649 3418 818 3499 μάλα,
852 3416 968 3469 ἀλλ’
1010 3413 1103 3470 οὖν
1134 3418 1244 3470 οὐδ’
1276 3418 1356 3480 είς
1407 3417 1552 3485 μάλα
1605 3418 1845 3488 μακράν.

268 3505 444 3564 Οἶσθα
473 3511 581 3584 γάρ
618 3509 695 3574 ὡς
746 3511 811 3564 σὺ
848 3511 1063 3574 πρῶτος
1096 3509 1304 3564 ἄνωθεν
1349 3510 1664 3579 προστάτης
1690 3509 1845 3577 γενό-

269 3621 433 3673 μενος
476 3603 575 3672 τῆς
618 3602 713 3657 τοῦ
762 3604 1001 3673 Παλαμᾶ
1029 3601 1347 3660 δυσσεϐείας
1395 3603 1532 3671 ὁμοῦ
1564 3603 1631 3672 τῇ
1679 3602 1849 3670 μητρὶ

264 3695 363 3748 τοῦ
412 3695 665 3767 τοσούτου
702 3694 930 3764 θορύϐου
947 3697 1013 3764 τῇ
1065 3695 1332 3764 ἐκκλησίᾳ
1367 3694 1631 3763 κατέστης
1654 3694 1844 3756 αἴτιος.

263 3784 362 3838 Διὸ
415 3788 508 3838 καὶ
552 3786 875 3854 μηνίσαντος
917 3786 1012 3838 τοῦ
1046 3785 1204 3845 Θεοῦ,
1232 3785 1332 3854 τῆς
1358 3783 1708 3852 εὐδαιμονίας
1752 3783 1847 3837 καὶ

261 3878 426 3945 δόξης
451 3878 666 3949 ἐκείνης
693 3878 899 3947 γυμνὸς
928 3876 1291 3947 κατελείφθης
1315 3875 1601 3944 αἰφνίδιον,
1638 3876 1733 3928 καὶ
1754 3875 1845 3943 γέ-

261 3987 432 4040 γονας
471 3969 632 4031 εὐθὺς
678 3969 967 4040 ὑπερόριος
1003 3969 1263 4039 πατρίδος
1315 3970 1436 4038 ἅμα
1485 3968 1581 4022 καὶ
1630 3966 1840 4035 γένους.

262 4060 381 4114 Καὶ
409 4062 442 4130 η
480 4060 579 4129 μὲν
604 4059 672 4128 σὴ
694 4059 878 4129 μήτηρ
900 4059 1189 4129 αίσχίστην
1219 4058 1367 4112 ἔτισε
1397 4059 1491 4111 τοῦ
1522 4057 1640 4128 βίου
1656 4058 1845 4111 τελευ-

261 4152 384 4222 τὴν,
414 4150 557 4219 λιμῷ
591 4152 687 4204 καὶ
719 4149 882 4220 ψύχει
909 4149 1288 4218 δαπανηθεῑσα
1326 4150 1419 4203 καί
1470 4167 1566 4202 σου
1597 4149 1691 4202 τοῦ
1723 4150 1845 4218 φιλ-

261 4245 428 4296 τάτου
451 4242 549 4313 τὴν
571 4241 827 4311 στέρησιν
860 4241 1058 4308 πικρὸν
1087 4242 1343 4309 ἐντάφιον
1364 4241 1708 4310 ἐνεγκαμένη
1732 4256 1745 4270 ·
1777 4240 1842 4294 σὺ

261 4337 318 4389 δὲ
354 4334 585 4397 πολλοὺς
613 4334 709 4386 καὶ
739 4333 1018 4401 ποικίλους
1043 4333 1433 4403 ἀναμετρήσας
1465 4332 1582 4403 βίον
1608 4332 1843 4394 πλάνους

1955 3341 2293 3395 architectus
2324 3350 2380 3395 et
2430 3341 2606 3402 faber.
2647 3340 2751 3395 nisi
2803 3339 3198 3409 perpendiculo
3230 3346 3286 3392 et
3319 3335 3521 3389 amussi

1950 3431 2186 3501 aliisque
2234 3432 2511 3486 similibus
2561 3432 2764 3500 regulis
2795 3440 3045 3496 utantur,
3084 3444 3246 3483 ruere
3289 3445 3374 3490 ea,
3403 3442 3521 3496 qua'

1949 3522 2202 3588 fecerint,
2231 3523 2496 3578 videbunt
2526 3538 2633 3577 non
2667 3522 2829 3590 longo
2864 3530 3008 3591 post,
3051 3529 3339 3590 prepterea
3373 3519 3520 3585 quod

1948 3629 2177 3683 Operum
2203 3624 2486 3669 structura
2522 3614 2590 3669 ad
2627 3614 2818 3670 solidae
2847 3612 3339 3682 coagmentationis
3374 3611 3521 3677 leges

1948 3720 2057 3759 non
2086 3715 2276 3759 exacta
2304 3705 2396 3760 sit.
2426 3705 2698 3772 Quoniam
2729 3706 2899 3775 igitur
2930 3705 3046 3773 ipse
3079 3718 3302 3773 quoque
3348 3702 3519 3756 eccle-

1945 3795 2196 3850 siasticas
2221 3798 2435 3866 regulas
2468 3813 2576 3851 non
2605 3797 2877 3867 sequeris.
2911 3795 3056 3851 scias
3080 3804 3132 3850 te
3154 3795 3223 3849 ab
3254 3794 3521 3856 Ecclesia,

1943 3888 2027 3941 vel
2063 3890 2243 3956 potius
2265 3903 2293 3943 a
2320 3889 2451 3953 Deo,
2485 3890 2580 3959 qui
2611 3890 2874 3945 Ecclesiae
2931 3898 3149 3959 ιιι-ποθι,
3189 3887 3519 3942 subversum

1947 3978 2035 4042 iri,
2073 3979 2118 4033 si
2153 3995 2260 4033 non
2291 3980 2499 4045 statim,
2541 3990 2597 4035 at
2626 3995 2728 4035 nec
2754 3988 2876 4050 post
2933 3978 3283 4050 longissimas
3312 3993 3517 4032 moras.

1946 4069 2163 4124 Etenim
2196 4070 2282 4138 (ut
2302 4071 2435 4137 scis)
2460 4072 2671 4142 primus
2699 4083 2779 4134 tu,
2815 4082 2905 4126 tua
2923 4086 3047 4126 cum
3068 4080 3262 4133 matre,
3291 4070 3522 4126 Palamte

1946 4159 2214 4228 impietati
2245 4164 2643 4231 patrocinatus,
2694 4164 2856 4234 huius
2887 4171 3069 4223 tantae,
3133 4175 3242 4229 qua
3272 4159 3517 4217 Ecclesia

1946 4251 2209 4322 agitatur,
2270 4253 2715 4322 perturbationis
2767 4268 2933 4310 causa
2962 4252 3273 4308 \exstitisti.
3333 4252 3520 4320 Itaque

1948 4345 2060 4399 Deo
2084 4347 2245 4409 irato,
2275 4344 2516 4400 fortunis
2550 4354 2609 4400 et
2634 4346 2944 4400 honoribus
2994 4344 3104 4399 illis
3138 4344 3247 4399 tuis
3278 4343 3518 4405 amissis,

263 4424 406 4477 κατά
444 4440 503 4474 τε
552 4421 776 4504 Θρᾴκην
808 4421 901 4474 καὶ
937 4419 1280 4473 Μακεδονίαν
1337 4418 1432 4473 καὶ
1483 4417 1842 4488 Τριϐαλλοὺς,

1950 4432 2132 4487 nudus
2177 4444 2404 4503 repente
2440 4435 2669 4491 relictus
2722 4451 2821 4501 es;
2883 4435 3181 4504 statimque
3234 4435 3409 4504 patria
3463 4442 3521 4487 et

264 4516 553 4586 Περσικοῖς
576 4496 769 4567 ἔπειτα
797 4512 893 4566 καὶ
911 4512 1272 4581 σατραπικοῖς
1296 4510 1389 4564 ὑπ’
1417 4509 1662 4579 ἀνάγκης
1687 4508 1839 4562 ἔθεσί

264 4627 322 4661 τε
349 4609 444 4661 καὶ
471 4607 706 4675 δόγμασι
726 4605 1157 4673 κεκοινώνηκας,
1190 4604 1266 4669 ὡς
1294 4604 1387 4659 καὶ
1417 4606 1673 4657 τοσοῦτον
1707 4606 1838 4676 περὶ

262 4704 322 4755 τὸ
364 4704 521 4772 γένος
551 4700 845 4771 ἀγνώμονα
865 4700 1228 4769 -καταστῆναι
1278 4700 1372 4754 καὶ
1415 4698 1599 4753 οἴκτου
1631 4701 1834 4764 παντὸς

260 4797 562 4863 ἀλλότριον,
595 4774 1092 4862 ἐγκαταλειφθέντα
1126 4808 1185 4843 σε
1218 4790 1354 4862 πρὸς
1381 4791 1540 4856 Θεοῦ,
1571 4792 1712 4845 ὥστε
1741 4794 1837 4846 καὶ

260 4889 386 4951 τοὺς
412 4887 523 4940 τῶν
546 4885 909 4957 αἰχμαλώτων
938 4883 1225 4953 Ῥωμαίων
1252 4884 1478 4954 νεκροὺς
1508 4886 1599 4937 καὶ
1628 4885 1734 4938 τῶν
1757 4885 1837 4938 ἔτι

262 4979 782 5049 κλαυθμυριζόντων
808 4977 1028 5049 βρεφῶν
1050 4976 1118 5031 τὰ
1138 4975 1367 5045 σώματα
1391 4979 1720 5046 συμπατεῖν,
1746 4977 1839 5032 καὶ

258 5072 581 5140 ἀναλγήτως
597 5069 1059 5133 ἐπιδατεύειν,καὶ
1083 5066 1217 5137 μηδέ
1233 5066 1334 5136 τὴν
1347 5067 1412 5119 τὰ
1431 5068 1603 5120 πάντα
1617 5065 1839 5136 βόσκου-

260 5182 361 5217 σαν
393 5164 544 5234 ἡλίου
576 5159 804 5236 [Ρ.558]
829 5160 1005 5231 φλόγα
1036 5158 1326 5225 αἰδεῖσθαι,
1365 5157 1500 5226 μηδέ
1530 5157 1656 5220 τοὺς
1688 5157 1839 5211 αἰθε-

261 5257 412 5324 ρίους
441 5254 533 5307 τοῦ
562 5253 699 5307 Θεοῦ
726 5250 1153 5322 κεραυνοϐόλσυς
1175 5251 1529 5324 πρηστῆρας,
1560 5249 1635 5311 ὼς
1664 5248 1724 5302 τὸ
1754 5253 1835 5303 εί-

258 5348 375 5441 κδςε,
409 5346 637 5418 δειλιᾷν.
674 5345 971 5415 Ἐπιλείψει
1001 5362 1070 5416 με
1105 5343 1459 5415 διηγούμενον
1492 5341 1552 5394 τὸ
1579 5341 1678 5410 τῆς
1708 5358 1833 5412 χροο

340 5489 357 5518 ³
392 5487 556 5541 llehr.
594 5503 647 5552 ι,
686 5487 775 5543 3L

1936 4525 2267 4595 cognatione
2306 4527 2498 4595 procul
2540 4527 2831 4581 exsulasti.
2888 4525 2968 4582 Ac
3029 4534 3205 4579 mater
3270 4522 3519 4593 quidem.

1934 4614 2078 4670 fame
2108 4624 2164 4670 et
2197 4616 2397 4686 frigore
2426 4617 2741 4687 absumpta,
2770 4627 2829 4672 ct
2879 4627 3026 4673 tuam
3062 4615 3370 4671 charissimi
3388 4613 3508 4701 )ilii

1934 4708 2242 4763 absentiam
2277 4724 2462 4778 passa,
2489 4725 2614 4778 qua:
2647 4709 2909 4764 morienti
2940 4707 3237 4779 peracerba
3264 4723 3386 4762 esse
3422 4707 3517 4761 dc-

1934 4797 2072 4863 buit,
2102 4797 2404 4855 laedissimo
2435 4786 2560 4853 vitae
2613 4802 2761 4854 exitu
2795 4814 2988 4869 patrias
3026 4798 3199 4853 dedit.
3251 4797 3332 4853 Tu
3384 4811 3518 4850 vero

1948 4890 2151 4944 multos
2187 4899 2244 4944 et
2300 4890 2482 4945 varios
2532 4890 2747 4944 viarum
2798 4905 3019 4944 errores
3080 4904 3177 4958 per
3204 4887 3512 4951 Thraciam,

1946 4997 2044 5051 per
2075 4979 2471 5046 Macedoniam,
2502 4981 2887 5051 perTriballos
2906 4995 3190 5044 emensus,
3223 4978 3513 5032 Persarum

1942 5068 2146 5129 deinde
2177 5085 2631 5145 satraparumque
2659 5076 2910 5129 instituta
2945 5072 3269 5142 ottingmuta
3294 5082 3515 5126 coactus
3570 5066 3585 5078 “

1945 5164 2300 5235 participare,
2336 5166 2418 5221 sic
2454 5165 2677 5220 demum
2716 5166 2934 5236 generis
2963 5166 3041 5219 tui
3076 5166 3282 5219 oblitus
3302 5179 3389 5221 cs.
3437 5164 3514 5216 sic

1943 5263 2017 5321 te,
2047 5271 2172 5309 cum
2203 5270 2354 5310 esses
2379 5271 2406 5309 a
2433 5255 2548 5310 Deo
2575 5255 2897 5320 derelictus,
2935 5260 3001 5308 ait
3023 5254 3170 5309 omni
3205 5252 3372 5322 887
3411 5252 3511 5303 mi-

1944 5346 2248 5402 sericordia
2287 5347 2526 5407 alienum
2556 5346 2881 5415 exhibuisti,
2928 5355 2990 5402 ut
3031 5355 3087 5401 et
3134 5345 3508 5399 Romanorum

1596 5556 1929 5618 Variorum
1966 5568 2151 5622 nolle.

333 5661 446 5728 (‘26)
477 5661 685 5785 Blcmpe
712 5646 1146 5788 Fantamzenus,
1180 5661 1363 5718 statim
1421 5659 1535 5715 fere
1590 5671 1752 5735 atque
1811 5661 2025 5734 imperii
2068 5666 2195 5719 sedc
2221 5664 2427 5733 potitus
2458 5672 2559 5727 est,
2600 5660 2851 5732 promisit
2923 5676 2978 5714 sc
3038 5666 3354 5731 coacturum
3390 5668 3510 5709 csse

339 5748 474 5788 IStllO
518 5745 711 5788 tsvnm
738 5748 847 5786 um.
936 5749 1093 5788 'lVIb’.

242 5729 532 5796 ‘eiusutodi
563 5732 847 5794 synodum.
884 5729 1093 5790 Bomts'.
