4018 6206
1780 156 2063 187 ταωνι...
2080 169 2089 176 -

282 276 417 339 1149
713 272 788 347 [Α.
829 289 880 331 c.
922 234 1083 347 135i]

1263 276 1704 339 BYZANTINAZ
1742 274 2128 338 HISTORIA:
2166 274 2307 335 LIB.
2348 268 2566 338 XVIII.
2646 268 2783 343 [ινιτ.
2820 283 2864 325 ι.
2902 282 3192 325 mncuz.
3231 266 3287 343 5]
3400 270 3533 338 1150

280 387 503 440 θοῦσθαι
541 386 822 453 δύνασθαι,
859 395 975 446 εῐτε
1027 392 1124 445 καὶ
1175 389 1244 445 δι’
1278 389 1591 460 ἀμφότερα.
1634 388 1712 442 Oi:
1750 386 1861 457 γὰρ

1985 384 2282 442 estimonia
2313 387 2385 441 ab
2418 385 2530 441 illis
2560 400 2781 455 quoque
2811 384 3189 456 proferuntur,
3225 399 3317 452 qm
3345 398 3533 441 sanam

278 480 441 544 ἴσμεν
471 478 541 531 τὰ
588 480 684 532 τοῦ
714 479 851 533 Θεοῦ
890 480 1098 550 κρίνειν
1137 478 1540 550 ἀνεξερεύνητα
1583 478 1852 549 κρίματα.

278 565 380 635 Οἷς
424 571 470 624 δ’
502 572 749 643 εὐμενῶς
801 573 914 643 ἔχει
958 573 1047 628 διὰ
1092 572 1468 640 παλαιοτέρων
1509 570 1858 642 χρηστότητα

278 661 554 732 πράξεων,
606 662 640 733 ἢ
693 662 762 717 δι’
804 665 1072 735 ἐτεράττα
1117 665 1293 719 ὁπόσα
1336 666 1404 736 τῇ
1458 662 1670 717 ἐκείνου
1715 665 1857 735 σοφῇ

276 754 512 826 προνοίᾳ
529 755 852 827 ἀνήρτηται,
875 757 1099 820 τούτους
1121 756 1167 809 δ’
1190 755 1471 827 ὲμποδίοις
1489 754 1858 818 παντοδαποῖς

276 848 374 899 καὶ
409 845 672 909 ποικίλοις
694 847 929 918 ἀφιστᾷν
957 848 1259 917 ἐπείγεται,
1281 845 1356 910 ὡς
1388 847 1730 918 εἰρήκειμεν,
1760 845 1860 916 τῆς

280 938 659 1011 σφαλλομένης
700 940 916 1013 ἐκείνης
955 940 1154 1013 ὁρμῆς,
1190 939 1370 1008 μεῖζον
1401 938 1433 1010 ἦ
1469 937 1610 992 κατὰ
1645 937 1861 1009 πατέρα

279 1033 600 1104 φιλότεκνον
641 1034 874 1104 πρᾶγμα
921 1031 1113 1086 ποιῶν.
1151 1033 1217 1087 Ὀ
1253 1032 1317 1101 δὴ
1361 1030 1501 1086 κάπὶ
1536 1030 1631 1084 σοῦ
1676 1031 1860 1097 ξυννε-

278 1124 453 1195 νόηκα
482 1122 691 1194 δρῶντα
721 1123 819 1194 μὲν
849 1123 1074 1185 ἐκεῖνον,
1098 1121 1156 1176 σὲ
1182 1121 1241 1174 δὲ
1270 1122 1521 1184 παιδείας
1551 1121 1766 1190 ἐκείνης
1799 1119 1861 1173 τὸ

280 1215 550 1285 παράπαν
593 1215 693 1269 οὐκ
731 1213 1146 1283 αἰσθανόμενον.
1202 1214 1268 1268 Ὀ
1308 1213 1374 1283 δὴ
1415 1214 1513 1267 καὶ
1562 1213 1735 1282 μέσην
1770 1228 1862 1281 μοι

280 1309 477 1374 τέμνει
508 1307 609 1377 τὴν
653 1306 904 1376 καρδίαν,
938 1304 1213 1375 ἀφόρητον
1251 1304 1353 1375 τὴν
1384 1286 1578 1372 ὀδύνην
1618 1302 1822 1370 ἐπάγον
1845 1339 1863 1365 ,

281 1400 478 1454 δεδιότι
508 1398 585 1469 μὴ
611 1397 890 1468 κρατῆρες
920 1397 1095 1467 ὀργῆς
1129 1395 1337 1450 ἐκεῖθεν
1364 1396 1693 1459 ἀκαθέκτου,
1722 1395 1865 1448 κατά

286 1492 384 1546 σοῦ
416 1493 513 1545 καὶ
536 1490 739 1544 παίδων
773 1490 880 1542 τῶν
912 1488 1027 1542 σῶν
1042 1490 1393 1553 κενωθέντες,
1423 1487 1645 1556 ὄλεθρον
1672 1487 1864 1553 ἐξαπί-

285 1602 389 1654 νης
416 1583 654 1655 δράσωσι
682 1581 942 1650 παντελῆ.
976 1583 1071 1651 Μὴ
1102 1580 1169 1651 δὴ
1207 1579 1335 1642 τοὺς
1362 1579 1471 1631 τῶν
1500 1578 1751 1632 κολάκων
1773 1579 1862 1632 λό-

286 1692 444 1744 γους,
473 1675 555 1728 ὅτι
585 1674 663 1745 τῷ
690 1674 787 1744 τῆς
816 1672 1063 1742 γλώττης
1105 1671 1282 1739 μέλιτι
1311 1668 1774 1738 καταγοητεύουσι
1798 1667 1868 1722 τά

1957 477 2269 533 doctrinam
2300 486 2658 548 oppugnant;
2727 475 2942 539 tametsi
2991 491 3101 529 non
3146 475 3338 529 eodem
3373 475 3535 529 modo

1958 569 2027 625 ab
2054 569 2125 625 iis
2151 569 2527 638 accipiuntur,
2589 578 2757 638 atque
2795 570 2865 624 ab
2897 566 3242 630 ortliodoxis,
3298 582 3533 637 quorum

1957 660 2149 732 religio
2172 658 2325 715 iirma
2355 669 2413 716 et
2442 660 2769 736 inconcussa
2802 660 2995 729 patria:
3035 658 3160 714 ﬁdei
3191 659 3523 713 fundamen-

1962 751 2033 807 tis
2058 750 2340 808 innititur.
2376 750 2591 807 idcirco
2619 751 2767 806 Deus
2787 751 3081 805 nonnullos
3106 765 3325 806 errores
3355 750 3537 819 impli-

1959 852 2112 901 catos
2137 844 2279 900 mori
2303 844 2361 899 in
2396 859 2588 899 errore
2617 844 2884 914 permittit
2913 861 2927 910 ;
2956 858 3051 901 seu
3075 852 3137 899 ut
3157 844 3251 898 alii
3275 842 3537 898 erudian-

1963 929 2208 1003 tur,‘seu
2238 937 2366 1006 quia
2393 935 2472 991 illi
2502 951 2599 991 cor
2626 936 2834 992 habent
2873 936 3155 992 intellectu
3188 936 3536 999 destitutum,

1962 1026 2213 1096 adeoque
2245 1026 2454 1095 corrigi
2484 1040 2595 1079 non
2651 1035 2881 1095 possunt
2911 1048 2922 1082 :
2951 1041 3049 1082 seu
3096 1025 3168 1081 ob
3217 1035 3534 1093 utrumque.

1962 1116 2179 1172 Etenim
2224 1116 2320 1171 Dei
2354 1114 2561 1183 judicia
2593 1114 2976 1169 inscrutabilia
3003 1130 3111 1169 non
3172 1123 3423 1168 nostrum
3454 1122 3541 1167 est

1963 1207 2289 1281 diiudicare.
2316 1206 2531 1274 Quibus
2557 1217 2740 1261 autem
2770 1206 2915 1260 Deus
2948 1206 3223 1275 propitius
3250 1215 3333 1259 est
3356 1204 3428 1258 ob
3452 1218 3542 1255 ve-

1965 1310 2083 1356 tera
2106 1301 2351 1371 ipsorum
2380 1307 2527 1355 recte
2564 1299 2727 1365 facta,
2748 1298 2931 1354 autob
2964 1300 3104 1354 alias
3133 1312 3353 1355 causas.
3380 1307 3541 1368 prout

1964 1394 2086 1464 ejus
2142 1391 2380 1462 sapienti
2427 1391 2789 1462 providentiae
2837 1391 3016 1444 visum
3080 1389 3269 1453 fuerit,
3327 1404 3423 1444 eos
3463 1390 3546 1456 (ut

1965 1483 2227 1552 diximus)
2257 1484 2448 1539 multis
2479 1484 2758 1554 variisque
2792 1481 3162 1537 incommodis
3195 1481 3418 1543 oblatis,
3471 1482 3541 1535 ab

1968 1577 2063 1631 illo
2077 1592 2291 1641 errore,
2320 1591 2483 1646 quem
2516 1585 2848 1646 sequuntur,
2882 1574 3070 1629 studet
3108 1584 3358 1629 avertere
3393 1573 3541 1643 pius-

1969 1682 2131 1737 quam
2165 1675 2391 1739 paterna
2421 1666 2687 1722 bonitate.
2719 1666 2897 1735 Atque
2918 1666 3070 1720 illum
3097 1665 3321 1735 quidem
3356 1674 3538 1719 tecum

286 1768 389 1838 τῆς
424 1769 596 1837 ἀκοῆς
634 1768 903 1838 πρόθυρα,
942 1782 1049 1820 των
1080 1765 1229 1834 ἐμῶν
1262 1763 1531 1833 προτιμᾷν
1564 1760 1777 1833 βούλου.
1807 1759 1870 1812 υἱ

1985 1760 2054 1815 sic
2081 1774 2267 1830 agere.
2303 1770 2355 1814 te
2391 1759 2566 1829 ipsum
2619 1773 2754 1815 vero
2799 1758 2921 1826 ejus
2971 1757 3277 1827 disciplinae
3334 1756 3544 1811 nullum

291 1861 397 1933 μὲν
418 1863 525 1933 γὰρ
558 1860 808 1915 ὠδίνουσι
840 1858 1002 1911 πόνον
1021 1857 1117 1910 καὶ
1133 1856 1309 1918 λύπας
1339 1853 1552 1925 μακράς
1569 1869 1585 1885 ·
1605 1851 1721 1905 oLB’
1747 1849 1876 1920 ἐμοὶ

1985 1855 2195 1908 sensum
2227 1852 2481 1930 accipere
2518 1851 2908 1908 animadverti.
2956 1852 3089 1917 Quae
3118 1866 3207 1905 res
3256 1848 3392 1904 mihi
3434 1864 3549 1904 me-

288 1927 1336 2023 πύου-σινεάληθευούσηςβὺφροσύνης
1388 1944 1657 2017 καρπούς.
1709 1944 1876 2011 Λόγοι

1985 1942 2132 1998 dium
2164 1956 2261 1999 cor
2290 1927 2458 1997 veluti
2490 1941 2718 2006 scindit,
2745 1942 3105 2010 doloremque
3154 1937 3315 1994 atiert
3350 1938 3550 1993 intole-

294 2049 402 2119 μὲν
437 2046 548 2117 γὰρ
587 2045 763 2115 σοφῶν
793 2044 871 2108 ὡς
916 2044 1245 2115 βούκεντρα,
1270 2041 1404 2109 φησί
1441 2057 1524 2101 τις
1548 2037 1658 2091 τῶν
1705 2037 1879 2090 πάλαι

1985 2037 2232 2101 rabiiem,
2269 2036 2563 2102 metuenti,
2595 2049 2666 2091 ne
2693 2035 2823 2090 inde
2850 2035 2905 2090 in
2934 2043 3101 2090 tuum
3140 2042 3197 2088 et
3231 2032 3288 2086 in
3348 2029 3551 2086 libero-

293 2141 515 2211 σοφῶν
560 2138 678 2194 ἀλλ’
708 2134 853 2194 οὗτοι
904 2136 1091 2207 σαφῶς
1129 2136 1287 2202 εἰσὶν,
1333 2133 1384 2187 οἳ
1415 2132 1514 2196 τὰς
1552 2130 1879 2202 εὐδαίμονας

1985 2144 2101 2184 rum
2158 2136 2378 2184 tuorum
2430 2137 2599 2199 caput
2636 2126 2826 2183 eﬂ‘usis
2858 2125 3253 2209 exh’austisqne
3288 2122 3549 2193 implacao

291 2198 605 2303 γεῶργοῦσι
645 2231 836 2304 τύχας.
871 2250 890 2284 ι
988 2198 1001 2207 ’
1076 2198 1081 2199 7
1272 2198 1282 2202 ⁷
1710 2198 1721 2202 ν

1985 2220 2111 2277 bilis
2133 2221 2229 2276 ira:
2249 2198 2540 2286 calicibus,
2569 2219 2817 2276 funditus
2849 2198 3037 2275 statim
3071 2232 3263 2273 omnes
3290 2217 3549 2286 pereatis,

292 2332 373 2386 At
412 2337 471 2381 tu
496 2341 566 2381 ne
598 2326 947 2381 adulatorum
1001 2322 1169 2380 verba
1224 2322 1350 2378 ideo
1399 2319 1537 2376 meis
1590 2317 1873 2388 praeferas,
1934 2314 2080 2384 quod
2129 2314 2166 2370 ii
2201 2315 2404 2386 lingua:
2472 2330 2587 2369 suae
2636 2313 2798 2368 melle
2851 2313 3069 2368 aurium
3111 2320 3332 2366 tuarum
3383 2308 3551 2363 limen

293 2419 595 2479 fascinant.
645 2421 751 2475 illa
789 2418 936 2475 enim
997 2418 1245 2473 laborem
1305 2423 1375 2473 et;
1409 2413 1629 2469 dolores
1655 2411 1846 2479 longos
1893 2408 2212 2479 parturiunt
2240 2424 2254 2461 :
2281 2423 2401 2462 mea
2444 2417 2629 2462 autem
2657 2421 2801 2461 vera:
2858 2401 3241 2459 delectationis
3278 2400 3553 2456 fructibus

292 2517 627 2574 exuberant.
691 2513 916 2571 Scilicet
946 2513 1254 2580 sapientum
1284 2518 1570 2561 sermones
1619 2508 1703 2570 (ut
1725 2499 1924 2568 aliquis
1957 2506 2206 2552 veterum
2271 2496 2585 2568 sapientum
2633 2493 2793 2564 dixit)
2826 2493 2994 2565 890
3043 2491 3253 2547 similes
3294 2489 3551 2550 stimulis,

291 2613 506 2686 quibus
563 2611 732 2664 boves
783 2611 1050 2675 urgentur
1070 2605 1112 2659 ⁸.
1144 2602 1298 2674 (Nam
1326 2607 1384 2654 et
1414 2596 1492 2653 illi
1525 2600 1773 2676 pungunt
1802 2589 2021 2661 quidem
2050 2589 2092 2653 :)
2119 2597 2176 2643 at
2201 2603 2259 2644 re
2288 2588 2404 2657 ipsa
2432 2588 2607 2644 beatas
2634 2589 2761 2643 vita:
2786 2585 3017 2641 fundum
3069 2582 3348 2639 excolunt.
3382 2601 3403 2634 ι

372 2706 450 2760 1".
507 2703 663 2773 Ἐμοὶ
712 2699 810 2770 μὲν
840 2694 936 2751 οὖν
977 2693 1153 2750 ταῦτα
1201 2692 1409 2746 εἰπόντι
1439 2689 1589 2757 ὑγιὲς
1636 2684 1787 2739 οὐδὲν
1817 2679 1877 2744 ἐξ

2052 2679 2137 2734 lli.
2166 2677 2291 2734 Haec
2313 2694 2440 2734 cum
2467 2678 2760 2740 dixissem,
2795 2677 3008 2730 nullum
3044 2688 3112 2730 ex
3137 2688 3205 2729 eo
3229 2685 3553 2741 responsum

292 2799 517 2855 ἐκείνου
552 2764 817 2849 πυθέσθαι
849 2786 1144 2859 γεγένηταί
1188 2802 1241 2839 τι
1292 2783 1590 2851 ξύνδρομον
1626 2782 1741 2842 τοῖς
1769 2782 1875 2850 ρη-

1985 2771 2165 2842 accepi
2195 2766 2312 2829 vir'o
2336 2772 2587 2841 sapiente
2612 2769 2865 2840 dignum,
2920 2777 3017 2822 aut
3045 2767 3112 2822 iis
3137 2781 3260 2836 quae
3289 2764 3553 2831 dixissem

296 2892 503 2948 Θεῖσιν.
537 2885 674 2942 ἀλλά
703 2857 896 2937 σκολιά
926 2857 1049 2934 τινα
1080 2879 1321 2950 ῥήματα,
1348 2874 1587 2937 διανοίας
1616 2873 1871 2943 καθάπερ

1985 2874 2414 2919 consentaneum
2448 2880 2463 2916 :
2501 2861 2598 2917 sed
2628 2860 2916 2930 ambiguas
2933 2859 3197 2930 quasdam
3223 2872 3412 2920 voces,
3434 2857 3557 2928 ejus

297 2977 691 3052 ἀρνησαμένης
724 2971 963 3041 θεσμοὺς
1004 2968 1101 3024 καὶ
1135 2968 1335 3037 νόμους
1384 2962 1737 3034 δικαιοσύνης
1781 2963 1879 3016 καὶ

1985 2956 2182 3012 mentis
2209 2954 2444 3018 indices,
2502 2969 2625 3025 qua
2654 2953 2886 3009 veritate
2919 2951 3207 3023 repudiata
3239 2951 3334 3020 jus
3365 2950 3557 3018 fasque

298 3044 593 3142 ἀληθείας.
630 3066 787 3122 Ἐπεὶ
815 3064 909 3118 οῦν
958 3064 1039 3125 είς
1087 3058 1198 3128 πῦρ
1246 3074 1307 3110 τε
1362 3055 1514 3121 ἔδοξα
1548 3053 1754 3119 ξαίνειν
1788 3054 1879 3107 καὶ

1985 3064 2147 3105 omne
2199 3047 2610 3119 quodammodo
2656 3044 2991 3103 abdicasset.
3057 3045 3331 3119 Quoniam
3387 3044 3559 3115 igitur

299 3135 511 3232 δικτύῳ
537 3156 790 3229 θηρεύειν
813 3153 1066 3223 ἀνέμους,
1094 3149 1326 3218 τάχιστα
1353 3147 1567 3201 ἐκεῖθεν
1595 3145 1879 3215 ἀπήλλαγ-

1985 3142 2121 3197 mihi
2150 3141 2307 3197 visus
2339 3157 2460 3197 sum
2495 3139 2717 3195 inanem
2751 3153 3236 3209 operamsumere,
3269 3135 3559 3202 celerrime

306 3274 435 3327 μαι,
463 3227 628 3323 μηδὲν
679 3248 842 3301 πλέον
876 3242 1105 3309 dying,
1151 3241 1185 3311 ἢ
1246 3241 1374 3303 τοὺς
1405 3237 1616 3293 ἐκείνου
1676 3237 1879 3306 θυμοὺς

1985 3236 2110 3291 inde
2139 3234 2273 3299 abii,
2317 3234 2456 3289 nihil
2507 3232 2657 3287 aliud
2708 3239 3061 3293 consecutus,
3109 3230 3214 3285 nisi
3245 3228 3392 3300 quod
3439 3227 3560 3298 ejus

305 3320 622 3418 παροξύνας
649 3338 788 3394 κατά
820 3336 916 3390 τοῦ
957 3334 1025 3387 τὰ
1059 3330 1375 3401 ὑγιαίνοντα
1403 3327 1577 3397 τούτῳ
1610 3325 1879 3397 φάρμακα

1985 3326 2231 3380 animum
2254 3325 2580 3380 cxaeerbavi
2606 3325 2661 3378 in
2693 3338 2780 3377 me
2832 3324 3044 3393 ipsum,
3086 3321 3180 3391 qui
3234 3321 3477 3376 remedia
3508 3320 3558 3374 ei

308 3440 685 3511 προσάγοντος
713 3430 868 3502 ἐμοῦ.
905 3426 1038 3481 Ἰδοὺ
1069 3424 1179 3494 γὰρ
1226 3422 1489 3491 ὠδίνησεν
1523 3419 1759 3479 ἀδικίαν,
1793 3434 1880 3467 sus

204 3522 217 3533 ’
308 3508 506 3587 νέλαδε
552 3528 737 3590 πόνον,
776 3521 870 3575 καὶ
912 3520 1068 3573 ἔτεκε
1114 3516 1370 3583 διδύμους
1401 3516 1496 3567 καὶ
1527 3511 1757 3580 τριπλᾶς
1785 3508 1884 3572 τὰς
1936 3537 1939 3540 ι

309 3623 437 3679 κατ’
471 3618 607 3691 ἐμοῦ
640 3616 890 3688 μελέτας.
923 3608 1057 3666 Elea
1082 3608 1291 3673 δεδιὼς,
1334 3604 1409 3676 μὴ
1439 3604 1538 3659 οὐκ
1569 3603 1706 3674 ἔχων
1736 3602 1887 3665 ὅπως

312 3717 410 3771 καὶ
450 3710 575 3767 ὅθεν
608 3706 912 3779 ἀρξάμενος
956 3700 1262 3772 ἀμύνεσθαί
1313 3715 1380 3769 με
1414 3697 1506 3750 τὸν
1540 3693 1707 3748 αὐτοῦ
1746 3693 1887 3762 Προ-

315 3807 498 3879 μηθέα
526 3800 651 3871 δόξῃ
684 3797 778 3851 τὸν
817 3791 1011 3848 ἑαυτοῦ
1043 3788 1366 3861 θεραπεύειν
1401 3783 1574 3854 θυμὸν
1606 3781 1749 3853 (οὔτε
1779 3781 1888 3851 γὰρ

314 3874 544 3973 χωρίοις
567 3896 661 3949 καὶ
686 3889 975 3960 ἀμπελῶσι
1005 3885 1093 3957 [Ρ.
1126 3882 1254 3955 560]
1279 3881 1373 3935 καὶ
1397 3878 1551 3940 ῦλαις
1587 3874 1889 3930 πολυειδέσι

319 3967 727 4062 προσηλῶσθσιιι
747 3981 1085 4056 βεϐούλημαι
1129 3976 1372 4037 πώποτε,
1405 3970 1520 4027 οὗθ’
1535 3971 1665 4032 ὅσας
1707 3986 1766 4021 τε
1798 3967 1892 4021 καὶ

315 4086 437 4151 οἶας
452 4082 694 4156 βασιλεῖς
710 4071 1189 4151 χορηγοῦσιτιμάς
1217 4085 1277 4122 τε
1307 4067 1403 4121 καὶ
1429 4066 1585 4131 δόξας
1755 4062 1892 4156 εμης

317 4151 636 4245 ιλωὸεριας
664 4166 994 4233 ἀλλάξασθαι
1023 4159 1421 4233 ἠνεσχόμην,ού
1450 4156 1557 4226 μὴν
1585 4153 1707 4206 οὐδὲ
1730 4151 1896 4205 πλού-

320 4289 417 4326 του
461 4267 527 4337 δή
573 4279 718 4325 τινος
766 4259 866 4329 τὴν
913 4253 1117 4327 ἀρετὴν
1167 4248 1506 4322 ἀμείψασθαι
1534 4246 1642 4300 τῶν
1674 4246 1848 4337 λόγων
1879 4257 1893 4270 ·

321 4336 641 4427 ταῦταῗγάρ
665 4355 771 4407 εἰσι
796 4351 865 4405 δι’
894 4343 967 4403 ὧν
1003 4345 1306 4417 ἀμύνονται
1338 4340 1582 4412 βασιλεῖς
1618 4337 1728 4390 τῶν
1756 4336 1899 4402 ὑπη-

1985 3416 2247 3470 salutaria
2274 3414 2618 3470 obtulissem.
2652 3413 2796 3468 Ecce
2843 3412 2991 3467 enim
3045 3410 3303 3480 parturiit
3340 3398 3559 3480 injusti-

1989 3506 2141 3570 tiam,
2172 3507 2425 3575 concepit
2451 3506 2721 3573 laborem,
2750 3514 2806 3559 et
2830 3503 3059 3557 consilia
3100 3502 3152 3555 in
3206 3516 3385 3555 meam
3435 3516 3566 3571 per»

1988 3599 2188 3654 niciem
2224 3598 2333 3653 alia
2362 3606 2526 3667 atque
2578 3594 2683 3650 alia
2713 3594 2963 3665 peperit'
2993 3632 3010 3647 .
3068 3591 3277 3646 Deinde
3328 3592 3562 3654 veritus,

1991 3707 2061 3749 ne
2085 3692 2180 3746 irae
2211 3704 2325 3745 suae
2358 3688 2482 3745 ideo
2508 3698 2817 3758 temperare
2875 3687 3198 3747 videretur.
3257 3683 3387 3753 quia
3453 3698 3564 3737 non

1991 3782 2242 3846 haberet,
2275 3780 2420 3836 unde
2469 3788 2526 3835 et
2553 3780 2754 3849 quibus
2780 3778 2957 3833 modis
2984 3792 3144 3834 suum
3202 3790 3290 3829 me
3338 3775 3566 3829 Prome-

1995 3876 2209 3938 theum,
2237 3874 2291 3929 id
2319 3881 2406 3928 est
2429 3872 2717 3927 tutelarem
2752 3871 3011 3930 Genium,
3046 3869 3241 3923 ulcisci
3294 3867 3568 3937 inciperet

1997 3969 2221 4038 (quippe
2245 3982 2346 4037 ego
2374 3979 2661 4034 nunquam
2693 3963 2893 4017 adduci
2921 3962 3099 4031 potui,
3157 3970 3214 4014 nt
3269 3969 3367 4013 aut
3396 3959 3565 4028 agris.

1995 4073 2090 4117 aut
2119 4058 2323 4121 vineis,
2351 4070 2448 4112 aut
2486 4057 2656 4112 variis
2712 4070 2895 4109 rerum
2943 4052 3266 4124 gerteribus,
3324 4051 3569 4105 animum

1997 4156 2258 4211 haberem
2289 4152 2547 4218 aiiixum;
2605 4163 2786 4218 neque
2817 4162 3058 4216 unquam
3092 4142 3452 4212 dignitatibus
3476 4149 3571 4194 aut

1997 4243 2300 4315 splendidis
2333 4241 2596 4304 fortunis,
2623 4250 2983 4309 quascunque
3010 4234 3294 4304 principes
3315 4228 3569 4299 largiun-

1999 4350 2111 4405 tur,
2141 4336 2457 4390 libertatem
2491 4346 2667 4386 meam
2705 4328 2968 4390 vendere,
3016 4326 3198 4380 ullove
3250 4321 3430 4393 pretio
3481 4318 3570 4375 in-

323 4412 468 4508 κόῶν
507 4412 587 4510 oi;
611 4412 911 4517 .Eziiovrat,
950 4412 1277 4517 Cqutoﬁytsc
1326 4437 1388 4487 ὲκ
1422 4430 1515 4485 τοῦ
1563 4431 1810 4503 ῥᾴστου),
1842 4428 1879 4478 ἐς

2001 4442 2240 4499 genuum
2273 4424 2492 4480 dicendi
2524 4435 2732 4477 morem
2761 4428 3076 4489 permutare
3099 4414 3341 4471 sustinui
3378 4412 3579 4483 :atqui

318 4546 423 4615 τὴν
458 4508 609 4610 αὐτῶ
642 4508 1029 4609 μελετωμένην
1056 4508 1240 4582 λοίῖτδν
1267 4527 1541 4595 ἀνήρτησε
1569 4523 1636 4575 τὰ
1654 4521 1899 4590 ἡμέτερα

329 4633 550 4689 σύνοδον
583 4626 915 4700 λῃστρικὴν.

1978 4517 2103 4575 ⁸1)εέ
2120 4534 2209 4572 res
2237 4525 2388 4581 sunt,
2432 4513 2640 4583 quibus
2699 4510 2975 4579 ademptis
3019 4508 3279 4577 princeps
3340 4502 3627 4574 quisque~

2010 4606 2268 4664 facillime
2298 4606 2585 4661 ulciscitur
2613 4616 2732 4666 eos,
2765 4615 2905 4670 quos
2929 4598 3049 4654 odit
3086 4596 3339 4652 homines
3390 4594 3587 4664 privas-

328 4689 750 4801 tos),deinceps
778 4689 857 4779 ιιιὶ⁷
882 4720 1171 4778 arbitrium
1202 4718 1353 4774 illius
1412 4712 1633 4787 synodi,
1680 4726 1846 4783 quam
1915 4707 2149 4765 similem
2204 4701 2497 4759 latrocinio
2541 4698 2950 4775 meditabatur,
3008 4705 3197 4755 nostra
3259 4689 3444 4747 omnia
3488 4703 3579 4742 re-

326 4832 474 4888 ferre
498 4827 712 4909 statuit.

397 4920 477 4976 A’.
522 4898 975 4984 sufenasqu
1022 4910 1101 4973 εις
1143 4904 1412 4961 τελείανό
1437 4902 1576 4974 ἀνὴρ
1618 4898 1900 4969 ἐξερράγη

330 5016 470 5080 τέως
503 5000 727 5075 κακίαιῗ,
757 5008 853 5061 καὶ
889 5007 1098 5078 μάταια
1138 5001 1210 5055 τά
1239 4998 1350 5052 τῶν
1390 4993 1616 5064 ἀγαθῶν
1644 4994 1777 5080 ἡμῖν
1797 4991 1901 5080 μὲλ-

2077 4875 2165 4949 Ν.
2194 4889 2331 4946 Cum
2360 4888 2545 4957 itaque
2580 4885 2645 4939 ad
2705 4894 2981 4939 summurn
3036 4876 3220 4935 scelus
3265 4873 3413 4929 illius
3472 4870 3587 4925 Viri.
3644 4849 3661 4866 ⁸

2007 4981 2329 5053 improbitas
2360 4986 2713 5046 erumperet,
2752 4982 2804 5030 et
2859 4970 3003 5041 quod
3056 4970 3214 5024 bona!
3266 4967 3381 5038 spei
3415 4966 3580 5021 nobis

333 5058 1179 5172 πίᾶῖινηίῖδηῂἀδόκειῖαπράκτῳ
1230 5102 1323 5158 μοι
1364 5058 1553 5137 λοιπὸν
1582 5082 1638 5142 ἐς
1664 5058 1733 5131 τὰ
1763 5076 1879 5172 οίκο

2009 5077 2207 5136 fuerat,
2241 5071 2295 5127 id
2318 5072 2429 5139 jam
2460 5083 2624 5123 omne
2648 5068 2811 5121 inane
2843 5078 2965 5120 esse
2992 5061 3297 5123 videretur,
3320 5058 3581 5118 restabat,

338 5170 718 5265 περιειστήκει
788 5184 1096 5256 γίγνεσθαι,
1146 5181 1259 5234 τῶν
1309 5178 1484 5245 λόγων
1540 5170 1906 5265 ἀπεγνωκότι.

339 5261 652 5354 Γενομένοις
675 5281 722 5334 δ’
745 5279 835 5332 ἐπ’
858 5274 1101 5347 ἐμαυτοῦ
1126 5272 1341 5342 συχνοῖς
1363 5268 1458 5322 καὶ
1479 5261 1903 5331 ἀλλεπαλλήλοις

342 5357 789 5447 περιαντλῖεῖσθαί
841 5387 906 5441 με
960 5369 1172 5438 κύμασι
1201 5363 1480 5433 λογισμῶν
1510 5355 1903 5447 ξυνερρύηκεν,

340 5445 431 5517 οἷα
460 5464 600 5517 κατὰ
637 5462 747 5515 τῶν
778 5458 1124 5529 Θερμοτέρων
1150 5454 1340 5525 ψυχῶν
1369 5452 1438 5506 τὰ
1463 5445 1905 5521 τῆςἚκκλησίας

2012 5177 2072 5222 ιιι
2102 5164 2250 5221 domi
2282 5164 2569 5232 deinceps,
2608 5160 2825 5229 abiecto
2855 5155 3177 5227 disputandi
3208 5153 3412 5214 studio,
3437 5151 3553 5203 otio

2013 5275 2109 5316 sus
2144 5271 2449 5313 manerem.
2510 5254 2649 5309 Tum
2683 5262 2865 5307 autem
2900 5265 2987 5304 me
3051 5247 3232 5309 crebri
3274 5254 3329 5300 et
3385 5242 3581 5317 alterni

2012 5348 2402 5419 cogitationum
2430 5346 2627 5401 ﬂuctus
2651 5344 2885 5400 obruere
2916 5347 3222 5411 coeperunt.
3250 5336 3442 5407 quales
3462 5333 3581 5388 ani-

2015 5442 2117 5497 tnis
2145 5441 2262 5494 zelo
2287 5437 2631 5493 inﬂammatis
2658 5435 2817 5506 891
2850 5424 3126 5499 naufragia
3178 5426 3438 5483 Ecclesia!
3487 5438 3577 5479 so-

344 5552 788 5620 τίγτειναυάγια,
929 5518 1303 5618 φάρμακονεξ
1333 5518 1663 5613 ἀνθρώπων,
1682 5538 1870 5606 ταχεῖα

2015 5534 2132 5589 ient
2165 5530 2448 5587 inducere.
2506 5528 2726 5583 Nullum
2781 5524 2984 5596 quippe
3041 5521 3110 5575 ab
3147 5518 3466 5576 liunnnibus
3501 5532 3583 5570 re-

418 5711 432 5743 ¹
468 5710 649 5767 Ecclc.
680 5723 782 5775 xu,
819 5708 906 5765 ii.
980 5707 1001 5738 ⁸
1033 5703 1175 5759 Psal.
1201 5708 1297 5769 vn,
1337 5699 1421 5756 i5.
