3982 6214
230 321 369 393 1153
622 320 699 385 [Α.
740 328 792 368 c.
836 314 1000 385 13511

1227 316 1672 397 mamma
1697 313 1802 373 ηιξ

1908 308 2077 369 »ΗΙίΕ
2103 307 2247 367 LIB,
2282 304 2500 365 XVI-II,
2581 300 2709 369 line.
2750 312 2794 350 ι.
2833 307 3127 349 cumcur.
3172 293 3226 361 5]

3338 292 3477 354 115i

297 438 374 489 l".
404 434 512 489 Καὶ
542 436 660 506 ἅμα
688 436 894 506 παρῆν,
927 428 972 503 ᾧ
1014 437 1084 491 τὰ
1113 438 1243 506 περὶ
1277 438 1338 489 τὸ
1369 435 1495 507 ὅρος
1533 435 1595 488 τὸ
1626 434 1795 493 Γάνος

1970 423 2062 478 Ill.
2087 422 2290 477 Aderat
2314 419 2478 474 simul
2506 418 2571 481 is,
2604 418 2694 472 cui
2720 411 3021 484 spiritualis
3071 408 3474 465 administratio

204 530 403 598 σχωρία
437 527 835 597 ἐπιτέτραπται
880 527 1091 582 διέπειν
1123 528 1516 596 πνευματικῶς
1565 525 1659 578 καὶ
1698 523 1793 593 τὸν

223 625 343 675 ἐκεῖ
372 622 690 690 ποιμαίνειν
727 620 1127 692 ἀρχιερατικῶς
1159 621 1364 690 κλῆρον
1407 619 1504 673 καὶ
1542 617 1671 671 λαὸν
1696 614 1792 669 τοῦ

224 712 387 777 Θεοῦ,
417 712 613 765 πολιὰν
645 711 743 782 μὲν
772 711 1116 780 ἐπαγόμενος
1140 712 1331 782 τρίχα,
1358 708 1544 769 πολιὸν
1576 708 1632 760 δὲ
1657 705 1794 775 φρό-

225 821 378 875 νημα
401 821 415 835 ·
446 804 541 857 καὶ
567 805 693 857 ὅσον
727 804 818 857 τὸν
863 803 968 868 ἔξω
996 803 1321 873 φαινόμενον
1357 801 1647 871 ἄνθρωπον
1677 791 1793 865 εἶχε

224 896 610 965 ξυντετηκὸτα,
638 894 892 949 τοσοῦτον
924 894 1309 949 ἀνθοῦντα-τὸν
1344 893 1419 964 μὴ
1443 891 1790 961 φαινόμενον.

234 984 560 1055 ’Υπερόριος
596 988 706 1055 γὰρ
737 987 836 1055 τῆς
861 985 1194 1055 ἐπισκοπῆς,
1227 984 1316 1037 διὰ
1340 983 1403 1036 τὸ
1426 983 1604 1052 μισεῖν
1631 994 1796 1047 πονη-

226 1080 340 1150 ρῶν
362 1078 659 1148 ἐκκλησίας
715 1077 809 1131 καὶ
867 1077 1071 1147 λοιμῶν
1125 1076 1432 1143 ξυναυλίας,
1484 1076 1550 1126 ἐκ
1598 1071 1793 1126 πολλοῦ

223 1169 490 1237 γεγονὼς,
514 1169 665 1242 πάσῃ
693 1169 801 1221 τῶν
835 1167 1151 1236 ἀναγκαίων
1187 1165 1497 1236 αὐθαιρέτῳ
1531 1179 1794 1233 στενοχω-

226 1262 323 1332 ρίᾳ
363 1259 621 1314 δαπανῶν
646 1259 879 1313 διετέλει
904 1259 1001 1329 τὴν
1034 1257 1226 1313 ἐαυτοῦ
1254 1258 1424 1328 ζωήν.

296 1442 372 1495 Δ’.
398 1440 520 1494 Τῶν
554 1454 619 1507 γε
652 1437 760 1507 μὴν
812 1435 1018 1508 ἐτέρων
1071 1435 1392 1489 ἐπισκόπων
1420 1435 1535 1488 ὅσοι
1560 1434 1650 1487 τὸν
1680 1435 1795 1487 ῖσον

225 1533 397 1604 ᾔεσαν
429 1532 590 1603 ζῆλον
618 1531 713 1585 καὶ
740 1530 941 1601 τρόπον
1113 1529 1245 1603 562]
1272 1528 1449 1583 οὐδενί
1488 1546 1553 1594 γε
1590 1530 1645 1592 ἐς
1676 1529 1797 1583 τόδε

229 1625 291 1689 ξυ
299 1625 638 1693 μπὲπτωκεν
651 1622 1009 1692 ἐλλελεῖφθαι.
1031 1622 1164 1685 Ταῖς
1175 1622 1283 1693 γὰρ
1313 1623 1462 1691 σφῶν
1476 1621 1738 1690 ἐκκλησία
1748 1636 1797 1684 ις

228 1713 777 1784 παρεισφθαρέντων,
809 1713 997 1766 ὁπόσοι
1035 1702 1284 1782 ἀγύρται
1300 1713 1396 1766 καὶ
1430 1712 1796 1783 βαναυσὼδεις

1901 516 2150 571 locorum
2186 515 2339 569 Gano
2382 513 2552 567 monti
2587 508 3091 577 circumiectorum,
3148 503 3393 568 clerique
3417 511 3475 555 et

1900 607 2088 678 populi
2128 605 2426 662 Christiani
2476 618 2607 658 cura
2663 598 2947 672 pastoralis
3003 612 3129 652 cum
3176 592 3473 664 pontiﬁcali

1868 700 2233 763 \auctoritate
2265 680 2555 752 commissa
2589 694 2727 749 fuit:
2782 692 2889 759 vir,
2930 702 2991 744 ut
3043 687 3200 743 senili
3248 685 3471 745 canitie,

1899 791 2058 846 itaet
2085 787 2247 844 senili
2278 786 2604 857 prudentia;
2629 784 2683 837 in
2711 797 2821 852 quo
2839 789 3102 851 quantum
3130 777 3295 830 homo
3323 768 3474 829 exte-

1900 880 2016 935 rior
2043 889 2100 935 et
2130 879 2306 934 oculis
2340 877 2623 948 subjectus
2651 890 2710 929 se
2736 877 2913 943 ipsum
2944 873 3332 929 maceraverat,
3356 874 3476 918 tan-

1904 982 2016 1027 tum
2048 972 2281 1028 interior
2308 980 2366 1026 et
2390 971 2567 1024 latens
2599 964 2934 1036 vigesccbat.
2994 960 3206 1028 Quippe
3259 954 3477 1025 episco-

1901 1073 2035 1136 patu
2091 1063 2423 1135 jampridem
2475 1063 2685 1133 ejectus
2739 1057 2809 1112 ob
2843 1069 2960 1109 cam
3231 1061 3475 1111 causam.

1900 1158 2029 1228 quia
2084 1157 2351 1211 malorum
2386 1152 2619 1209 concilia
2665 1159 2722 1204 et
2755 1146 3128 1218 pestilentium
3188 1137 3479 1195 cathedras

1900 1249 2128 1314 odisset,
2158 1246 2305 1301 omni
2353 1259 2536 1299 rerum
2591 1238 3026 1297 necessariarum
3078 1233 3303 1305 penuria
3340 1229 3478 1285 allii-

1900 1346 2026 1394 ctus
2054 1336 2222 1391 vitam
2254 1349 2410 1390 suam
2443 1332 2643 1389 sensim
2674 1329 3051 1386 consumebat.

1976 1429 2068 1484 lV.
2102 1427 2258 1494 Quod
2289 1426 2356 1482 ad
2386 1437 2612 1480 caeteros
2648 1424 2935 1493 episcopos
2966 1420 3183 1483 attinet,
3208 1415 3300 1487 qui
3325 1429 3478 1469 eum-

1902 1522 2027 1577 dem
2066 1522 2244 1576 zelum
2298 1529 2352 1573 et
2383 1532 2593 1572 morem
2656 1515 2808 1586 sequi
2857 1513 3228 1573 instituerant,
3282 1521 3474 1563 eorum

1902 1612 2087 1667 nullus
2137 1620 2419 1680 superstes
2467 1608 2535 1662 ad
2595 1605 2701 1660 hoc
2755 1618 2927 1673 usque
2993 1611 3207 1669 tempus
3256 1594 3474 1650 mansit.

1901 1704 2039 1760 Nam
2076 1717 2201 1758 cum
2231 1702 2287 1757 in
2341 1715 2534 1755 eorum
2585 1695 2845 1752 ecclesias
2889 1689 3386 1747 circumforaneum
3420 1695 3476 1737 et

229 1775 328 1859 καί
353 1775 828 1874 ἄνδρες-ἄντικρυς
851 1775 1123 1874 αἱμάτων,
1139 1775 1245 1871 ἐξω
1270 1775 1799 1876 στῆναιοπέπρακτατι

1908 1793 2175 1850 illiberale
2194 1791 2688 1860 hominumgenus
2712 1802 2775 1842 ac
2794 1784 2983 1854 reipsa
3018 1781 3120 1835 viri
3149 1775 3474 1846 sanguinum

229 1897 373 1965 σφᾶς
424 1895 767 1967 προμηθείας
801 1895 1019 1966 ἁπάσης
1070 1895 1145 1959 ὡς
1194 1895 1554 1967 πορρωτάτω.
1601 1890 1703 1949 Ὦν
1733 1895 1797 1965 δή

228 2004 335 2039 που
385 1987 453 2040 τὰ
498 1985 749 2055 σώματα,
798 1986 875 2056 μὴ
925 1986 1338 2056 ἐγκαρτερῆσαι
1364 1988 1429 2057 τῇ
1462 1986 1657 2039 σπάνει
1689 1984 1800 2039 τῶν

226 2077 546 2146 ἀναγκαίων
578 2077 934 2147 δεδυνημένα,
963 2077 1062 2130 καὶ
1095 2077 1222 2130 ὅσαι
1254 2075 1427 2147 ταύτῃ
1460 2076 1799 2148 δυσπραγίαι

226 2169 488 2238 καθάπερ
514 2167 779 2237 ὁμοφυεῖς
817 2184 963 2232 τινες
1007 2168 1171 2239 τύχαι
1215 2169 1312 2222 καὶ
1340 2169 1508 2239 κῆρες
1552 2169 1797 2235 ἕπονται,

227 2263 415 2328 πάσης
464 2240 835 2330 σκληρότητος
879 2260 1070 2329 ἐφόδια
1109 2260 1379 2332 λαμπρῶς
1414 2261 1798 2332 ἐφελκόμεναι,

226 2351 326 2404 καὶ
357 2350 473 2404 ἄλλ’
517 2350 604 2403 ἐπ’
634 2350 818 2415 ἄλλοις
848 2351 1139 2406 ἁντλοῦσαι
1186 2353 1386 2417 κακίας
1420 2353 1674 2423 πολυειδῆ
1706 2355 1800 2409 καὶ

230 2441 549 2511 πολύτροπα
585 2441 953 2511 ῥόθιαμπρδς
1007 2440 1107 2506 τὰς
1145 2442 1398 2506 αίωνίους
1449 2444 1665 2506 ἐκείνας
1708 2443 1800 2497 καὶ

231 2533 514 2603 μακαρίας
546 2532 750 2601 σκηνὰς
777 2530 1219 2603 μετῳκίσθησαν.
1268 2533 1460 2602 Παρῆν
1490 2532 1537 2585 δ’
1559 2526 1651 2586 οὖν
1678 2533 1800 2587 ἀντὶ

232 2626 448 2677 πολλῶν
478 2627 588 2680 κάκ
616 2624 719 2693 τῆς
761 2624 1093 2693 ’Δντιοχείας
1123 2623 1441 2694 ἐπαρχίας,ό
1473 2624 1649 2696 Τύρου
1680 2626 1801 2678 ἐπί-

230 2733 440 2780 σκοπος
461 2733 477 2750 ο
509 2717 650 2787 ἀνὴρ
678 2716 896 2779 συνετὸς
927 2718 1021 2769 καὶ
1045 2716 1213 2769 πολὺν
1241 2721 1305 2770 ἐκ
1338 2718 1555 2784 φύσεως
1581 2719 1796 2790 τρέφων

227 2811 322 2862 τὸν
344 2812 404 2872 ἐς
430 2811 498 2862 τὰ
522 2810 707 2862 δίκαια
729 2806 914 2877 ζῆλον,
942 2809 1080 2863 κάπὶ
1102 2807 1211 2863 τῶν
1236 2809 1334 2877 τῆς
1355 2809 1635 2873 εὐσεϐείας
1666 2827 1801 2880 κιρη⁴

1899 1888 2274 1958 irrepsissent,
2304 1882 2432 1938 hinc
2460 1881 2661 1936 factum
2706 1885 2811 1943 est,
2867 1883 2925 1930 ut
2955 1873 3032 1927 illi
3062 1866 3378 1958 longissime
3406 1864 3478 1918 ab

1899 1955 2048 2035 omni
2081 1978 2335 2031 humanae
2364 1970 2722 2044 providentiae
2749 1981 2854 2037 Ope
2877 1964 3286 2033 ablegarentur.
3333 1955 3477 2023 Quo-

1900 2085 2022 2124 rum
2051 2081 2304 2137 corpora,
2333 2080 2459 2120 cum
2487 2063 2722 2119 tolerare
2745 2073 2850 2113 non
2888 2060 3111 2126 possent
3169 2064 3353 2105 rerum
3382 2062 3477 2101 ue-

1901 2162 2267 2214 cessariarum
2314 2156 2556 2226 inopiam
2618 2168 2683 2207 ac
2735 2158 2964 2206 crateras
3023 2142 3296 2203 miserias.
3356 2153 3478 2209 qua:

1899 2263 2018 2304 eam
2059 2250 2214 2304 velut
2239 2256 2468 2317 cognata
2499 2243 2749 2315 quaedam
2804 2240 2913 2295 fata
2955 2249 3012 2295 et
3043 2232 3342 2291 infortunia
3384 2245 3479 2285 co.
3563 2290 3567 2295 ,

1899 2341 2178 2406 mitautes,
2228 2353 2391 2393 omne
2416 2334 2755 2392 austeritatis
2805 2334 3232 2388 instrumentum
3289 2339 3475 2381 secum

1902 2432 2151 2496 trahunt,
2211 2440 2267 2485 et
2315 2430 2454 2483 alios
2516 2443 2585 2482 ex
2636 2426 2760 2487 aliis
2811 2422 3078 2479 malorum
3126 2416 3477 2488 omnigenum

1898 2526 2099 2582 ﬂuctus
2126 2524 2574 2595 superiugeruut,
2619 2518 2688 2574 ad
2714 2517 3079 2586 sempiternas
3096 2512 3216 2603 ilflas
3271 2518 3328 2564 et
3354 2508 3479 2562 bea-

1898 2628 1982 2674 tas
2018 2617 2180 2673 sedes
2206 2616 2533 2686 migravere.
2578 2613 2784 2668 Aderat
2814 2618 2996 2663 tamen
3030 2620 3171 2660 unus
3202 2616 3304 2673 pro
3340 2601 3479 2654 mul-

1900 2712 1970 2767 tis
1996 2726 2063 2766 ex
2084 2709 2425 2765 Antiochena
2472 2704 2775 2776 provincia,
2831 2701 3124 2770 episcopus
3176 2692 3332 2764 Tyri,
3396 2692 3479 2744 vir

1896 2800 2225 2869 intelligens,
2246 2798 2338 2868 qui
2371 2797 2591 2852 insitum
2607 2804 2850 2862 enatura
2873 2803 3116 2845 amorem
3132 2785 3262 2856 justi
3281 2780 3479 2836 arden-

229 2901 405 2954 πίδων
438 2901 583 2969 μάλα
612 2873 841 2970 ἀκλινὴς
884 2873 1047 2962 αὐτός
1070 2916 1130 2952 τε
1166 2873 1453 2970 ίστάμενος
1485 2902 1578 2954 και
1606 2873 1799 2965 ἄλλους

1908 2893 2166 2949 lissimum
2183 2890 2366 2944 animo
2394 2888 2586 2953 aleret,
2616 2900 2680 2940 ac
2712 2885 2767 2939 in
2798 2897 2939 2938 vera:
2955 2879 3080 2935 fidei
3110 2873 3480 2933 fundamentis

228 2987 622 3062 ἐπιῤῥωννύειν
666 2987 743 3042 ὢν
792 2989 999 3052 ίκανός.
1028 2983 1196 3049 Οὗτος
1242 2990 1301 3042 ἐν
1345 2992 1526 3059 χεροῖν
1549 2990 1688 3061 ἔχων
1730 2991 1798 3044 τὰ

1908 3000 2026 3040 cum
2051 2984 2170 3054 ipse
2204 2982 2463 3036 immotus
2499 2988 2786 3050 perstaret,
2814 2987 2928 3032 tum
2955 2975 3094 3031 alios
3122 2982 3307 3043 posset
3341 2988 3478 3027 con-

232 3082 404 3136 πάλαι
447 3084 524 3153 τῷ
573 3082 670 3153 τὴν
711 3082 1043 3151 ’Δντιόχειαν
1095 3084 1511 3154 πατριαρχικῶς
1560 3084 1797 3137 διέποντι

1908 3077 2139 3132 llrmare.
2186 3074 2284 3131 Hic
2311 3090 2423 3145 pra:
2450 3072 2705 3128 manibus
2757 3072 2966 3126 habens
3007 3077 3191 3123 vetera
3246 3074 3480 3135 patrar-

229 3173 493 3241 γεγονότα
520 3172 853 3243 ψηφίσματα
896 3175 992 3225 καὶ
1039 3173 1345 3242 γράμματα
1388 3174 1530 3227 κατὰ
1575 3176 1672 3245 τῆς
1701 3174 1795 3227 τοῦ

1908 3169 2015 3223 cinae
2038 3166 2368 3222 Antiocheni
2395 3165 2636 3230 decreta,
2666 3171 2719 3218 et
2749 3163 2963 3218 litteras
3018 3160 3088 3217 ab
3121 3175 3190 3215 eo
3214 3161 3481 3214 adversus

233 3267 472 3336 Παλαμᾶ
498 3266 837 3333 δυσσεϐείας,
864 3268 959 3318 καὶ
990 3266 1105 3335 ἆμα
1137 3265 1247 3318 ἀπὸ
1271 3265 1537 3335 στόματος
1567 3267 1666 3336 ἤδη
1701 3266 1797 3338 τὴν

1908 3257 2131 3315 Palamae
2151 3260 2488 3329 impietatem
2520 3257 2773 3326 scriptas,
2799 3270 2903 3310 nec
2924 3270 3043 3339 non.
3059 3253 3306 3325 ejusdem
3348 3269 3478 3309 scn-

230 3360 444 3412 ἐκείνου
491 3362 780 3428 κηρύττων
814 3358 1043 3428 γνώμην
1078 3360 1171 3411 καὶ
1209 3358 1450 3428 θέλησιν,
1490 3358 1796 3431 αὐθαιρέτῳ

1908 3353 2124 3433 lentiapt
2152 3365 2217 3405 ac
2237 3350 2572 3404 voluntatem
2612 3348 2738 3401 viva
2772 3362 2907 3401 voce
2959 3349 3315 3411 annuntians,
3362 3348 3478 3414 ipse

236 3453 333 3504 καὶ
365 3452 525 3513 αὐτὸς
551 3451 839 3521 ἠκολούθει
874 3451 1134 3522 προθέσει
1162 3450 1340 3521 ψυχῆς
1364 3452 1477 3515 τοῖς
1502 3450 1666 3513 θείοις
1707 3452 1802 3505 ἀν-

231 3543 451 3613 δράσιν,
489 3542 585 3607 οὓς
628 3544 690 3609 ἐξ
728 3543 959 3613 ἑωθινῆς
1009 3543 1144 3613 πρὸς
1185 3544 1284 3613 τὴν
1317 3543 1591 3615 ἡμετέραν
1620 3544 1799 3598 οἰκίαν

230 3634 479 3703 ἐφθημεν
508 3637 786 3705 είρηκότες
812 3635 1184 3705 ἀθροίζεσθαι.

302 3727 385 3783 Ε’.
445 3729 722 3800 Συνῄεσαν
748 3727 805 3781 δὲ
842 3729 941 3782 καὶ
977 3729 1085 3782 τῶν
1119 3726 1425 3795 ἐλλογίμων
1464 3725 1675 3796 ἀνδρῶν
1705 3727 1802 3779 καὶ

233 3820 420 3890 σοφῶν
454 3822 552 3873 οὐκ
580 3820 776 3888 ὀλίγοι,
808 3819 1185 3890 πεφραγμένοι
1227 3818 1408 3881 καλῶς
1447 3820 1559 3880 τοῖς
1597 3820 1663 3872 ἐκ
1695 3819 1802 3872 τῶν

235 3912 404 3965 θείων
438 3911 627 3974 ὅπλοις
659 3910 699 3963 Γ
707 3911 898 3981 ραφῶν
952 3912 1062 3962 κάκ
1111 3909 1221 3961 τῶν
1260 3909 1608 3977 φαινομένων
1652 3909 1803 3979 ἠθῶν

233 4003 401 4065 εὐθὺς
435 4002 645 4072 οὐδαμῆ
679 4004 803 4065 τοὺς
833 4000 973 4072 ὑπὲρ
998 3999 1277 4062 εὐσεϐείας
1302 3998 1672 4070 καπηλεύσειν
1697 4003 1804 4053 ἐοι-

237 4101 402 4159 κότες
424 4096 663 4165 ἀγῶναςο
691 4094 876 4161 Δεξιός
904 4112 987 4161 τε,
1008 4095 1066 4158 δς
1086 4094 1229 4165 λόγῳ
1255 4095 1352 4148 καὶ
1375 4096 1552 4166 ἀρετῇΙ
1571 4096 1662 4149 τὸν
1689 4096 1805 4166 βίον

233 4191 326 4242 ἀεὶ
354 4188 578 4258 κοσμῶν
615 4188 783 4254 ἔδειξε
819 4187 915 4240 καὶ
966 4186 1062 4240 νῦν
1110 4189 1168 4239 ἐν
1199 4189 1313 4249 τοῖς
1349 4187 1487 4256 ὑπὲρ
1525 4187 1803 4252 εὐσεϐείας

232 4283 445 4349 ἀγῶσιν
497 4280 709 4351 οὐδαμῆ
757 4280 1098 4349 ψευδομένην
1132 4277 1272 4347 ἔχων
1303 4278 1402 4350 τὴν
1457 4278 1675 4347 κλῆσιν,
1713 4281 1806 4332 καὶ

233 4373 358 4443 ἅμα
404 4373 740 4438 "ﬂuvidum,
773 4371 1071 4435 ἀθανασίας
1120 4370 1351 4445 πλήρεις
1381 4370 1521 4441 έχων
1560 4371 1685 4434 τοὺς
1714 4370 1803 4423 λου

234 4482 443 4535 γισμου
453 4482 497 4527 ς.

310 4656 406 4723 α’.
439 4657 562 4710 Ἐπὶ
588 4654 795 4716 τούτοις
830 4655 925 4709 καὶ
955 4655 982 4706 ὁ
1011 4653 1121 4708 τῶν
1148 4652 1296 4724 ἐμῶν
1322 4652 1495 4723 εἰσῄει
1520 4652 1681 4722 χορὸς
1708 4668 1812 4720 μα-

235 4751 445 4818 θητῶν,
474 4750 566 4800 καὶ
592 4748 789 4808 οἵτινες
822 4745 902 4799 ἔτι
936 4747 1121 4814 σφίσ.ν
1150 4743 1474 4813 ἐφοίτησαν,
1514 4744 1606 4795 τὸν
1640 4741 1809 4796 αὐτὸν

232 4839 634 4906 ἁγωιισόμενοι
667 4836 742 4904 τῷ
770 4836 1076 4905 διδασκάλῳ
1130 4834 1353 4903 δρόμον.
1414 4824 1514 4884 Ὧν
1562 4833 1622 4884 τὸ
1672 4833 1809 4901 πρὸς

232 4935 365 4989 τοὺς
404 4929 542 4996 ὑπὲρ
564 4925 849 4987 εὐσεϐείας
882 4926 1162 4987 κινδύνους
1192 4924 1479 4991 πρέθυμὸν
1509 4939 1570 4974 τε.
1603 4925 1696 4976 καὶ
1722 4925 1813 4975 εὐ-

236 5022 401 5092 γενὲς
429 5022 522 5073 καὶ
559 5016 666 5089 τῆν’
684 5019 1002 5087 ἔμπρακτον
1031 5018 1386 5085 εὐδοκίμησιν
1414 5016 1614 5077 ἱκανῶς
1649 5015 1815 5068 δεδει-

235 5122 399 5190 χέναι
434 5115 575 5169 δοκῶ
606 5130 697 5182 μοι
730 5114 852 5174 τοὺς
884 5114 942 5162 ὲν
992 5112 1185 5179 ἐκείνῳ
1216 5110 1293 5179 τῷ
1332 5108 1657 5179 μαρτυρικῷ
1685 5124 1812 5160 στα-

234 5215 343 5278 δίῳ
387 5209 705 5277 περιφανεῖς
735 5204 953 5272 ἁγῶνας
993 5204 1085 5255 καὶ
1136 5203 1205 5254 τὰ
1242 5202 1812 5271 ’ἐπιπαρρησιασμένα

233 5305 342 5370 τῆς
377 5299 621 5368 γλώττης
656 5298 830 5364 σεμνὰ
857 5295 1239 5362 παλαίσματα.

313 5479 392 5534 Ζ’.
438 5476 549 5531 Καὶ
580 5474 666 5527 ἵνα
697 5475 824 5536 τούς
846 5456 1055 5534 ἄλλους
1084 5470 1250 5536 ἐάσω,
1279 5468 1370 5533 οὒς
1400 5466 1552 5522 οὐπω
1591 5469 1686 5521 καὶ
1716 5470 1817 5536 τή-

239 5588 416 5643 μερον
445 5571 501 5632 ἐς
536 5568 659 5637 δψιν
698 5567 833 5620 ίέναι
875 5564 1253 5636 περιειστήκει
1296 5574 1411 5631 μοι,
1462 5559 1815 5628 παμπόλλους

198 5672 199 5683 ‘
240 5684 301 5719 τε
346 5662 507 5723 ὄντας
570 5662 659 5713 καὶ
712 5661 917 5718 πάντας
961 5655 1213 5723 αλλήλοις
1254 5652 1667 5723 ἁμιλλωμένους
1717 5652 1816 5717 τὴν

241 5760 451 5824 ἀρετὴν
482 5756 575 5808 καὶ
594 5756 687 5805 τιν
723 5751 857 5821 βίον,
895 5752 983 5802 καί
1008 5749 1106 5818 τῆς
1134 5748 1285 5802 ἔνδον
1319 5747 1456 5801 κατὰ
1485 5744 1616 5797 Θεὸν
1652 5741 1819 5808 ἀγαλ-

1898 3457 2118 3512 quoque
2150 3444 2297 3499 ultro
2355 3440 2713 3511 sequebatur
2742 3440 2889 3493 viros
2918 3438 3476 3513 illos‘sanctissimos,

1900 3549 2040 3604 quos
2093 3548 2251 3589 mane
2309 3532 2376 3588 ad
2440 3541 2681 3587 nostram
2739 3529 2975 3584 domum.
3017 3528 3347 3586 conﬂuxisse
3394 3530 3479 3586 di-

1900 3622 2102 3678 ximus.

1979 3714 2043 3768 V.
2071 3714 2390 3769 Convenere
2426 3711 2591 3767 etiam
2625 3711 2880 3768 homines
2906 3711 3157 3767 doctrina
3201 3722 3258 3768 et
3296 3714 3476 3768 erudi-

1904 3806 2053 3862 tione
2083 3806 2329 3876 insignes
2361 3820 2471 3861 non
2518 3805 2700 3873 pauci,
2765 3804 2938 3860 sacris
2980 3802 3281 3873 Scriptu’ris
3325 3806 3478 3860 velut

1902 3906 2184 3952 armatura
2217 3894 2455 3965 quadam
2485 3896 2700 3965 egregia
2733 3895 3014 3959 instructi,
3045 3895 3212 3967 894
3234 3894 3327 3965 qui
3358 3896 3478 3964 ipso

1903 3989 2088 4046 statim
2129 3988 2318 4043 habitu
2344 3988 2567 4042 minime
2596 3987 2925 4041 videbantur
2956 3987 3010 4041 in
3044 3987 3171 4042 lidei
3213 3988 3479 4042 orthodo-

1905 4098 1985 4138 xa:
2040 4083 2357 4137 delensione
2414 4080 2580 4134 ullam
2612 4079 2856 4134 fraudem
2892 4079 3232 4147 admissuri;
3283 4094 3478 4151 nempe

1904 4175 2127 4237 Dexius,
2192 4173 2288 4243 qui
2356 4172 2665 4227 litterarum
2714 4182 2771 4228 et
2834 4172 3052 4227 virtutis
3104 4174 3263 4228 laude
3319 4184 3476 4227 antea

1906 4267 2123 4335 quidem
2173 4278 2390 4332 semper
2443 4263 2672 4318 illustris
2720 4262 2857 4327 fuit;
2928 4271 2983 4317 at
3037 4263 3092 4317 in
3151 4264 3299 4319 hisce
3354 4264 3480 4318 reli-

1907 4357 2084 4427 gionis
2111 4354 2504 4410 certaminibus
2528 4368 2718 4408 verum
2747 4368 2870 4409 esse
2898 4369 3056 4409 suum
3080 4369 3281 4409 neuneu
3299 4364 3481 4409 osten-

1836 4482 1882 4539 υ
1908 4446 2008 4500 dit.
2040 4444 2173 4500 Item
2202 4443 2552 4507 Athanasius,
2585 4450 2730 4498 totus
2751 4457 2812 4499 re
2857 4443 2974 4514 ipsa
3017 4445 3074 4499 in
3126 4444 3479 4500 meditatione

2844 4526 2865 4551 κ

1911 4535 2353 4592 immortalitatis.

1982 4640 2071 4696 V'l.
2101 4641 2327 4695 Subibat
2352 4639 2765 4695 deindecborus
2783 4640 3180 4712 discipulorum
3208 4659 3477 4704 meorum,

1910 4740 1967 4787 et
1997 4742 2266 4800 quotquOt
2286 4740 2546 4800 praeterea
2578 4732 2808 4786 istorum
2839 4733 3086 4803 discipuli
3125 4745 3300 4799 erant,
3334 4735 3480 4789 idem

1912 4837 2036 4877 cum
2068 4824 2330 4892 magistro
2363 4822 2601 4877 stadium
2634 4822 2941 4878 decursuri.
2973 4824 3216 4889 Quorum
3236 4826 3480 4880 animum

1915 4916 1969 4969 in
1997 4914 2416 4984 subeundispro
2447 4914 2711 4983 religione
2768 4916 3027 4985 periculis
3067 4926 3377 4986 proruptum
3420 4934 3483 4972 ac

1914 5018 2261 5074 generosum,
2293 5012 2351 5059 et
2378 5003 2660 5059 eilicacem
2715 5020 2846 5060 vere
2902 5006 3183 5069 virtutem,
3224 5009 3357 5063 satis
3400 5012 3484 5078 (ut

1913 5098 2044 5151 mihi
2068 5096 2305 5166 videtur)
2324 5096 2671 5151 declararunt
2692 5097 2964 5166 praeclara:
3012 5097 3113 5153 illa:
3136 5099 3483 5163 luctationes,

1915 5190 2115 5259 quibus
2145 5203 2204 5243 se
2234 5188 2287 5242 in
2305 5187 2550 5258 martyrii
2589 5188 2839 5257 palaestra
2871 5201 3259 5253 exercuerunt,
3287 5201 3341 5245 et
3390 5192 3485 5245 bo-

1915 5291 2070 5336 nesta
2118 5281 2315 5352 lingua:
2340 5282 2644 5338 certamina
2684 5280 2755 5335 ab
2787 5282 2855 5337 iis
2885 5282 3200 5355 ingenueet
3223 5282 3485 5338 audacter

1916 5383 2188 5442 susecpta.

1989 5465 2101 5521 Vll.
2136 5463 2342 5519 Omitto
2382 5465 2521 5521 alios
2580 5482 2743 5535 quam
2797 5467 3083 5536 plurimos,
3140 5481 3276 5535 quos
3313 5481 3485 5537 usque

1917 5554 1984 5608 ad
2009 5557 2149 5608 hanc
2186 5554 2330 5608 diem
2363 5569 2432 5609 ne
2458 5555 2642 5611 videre
2663 5557 2883 5625 quidem
2916 5555 3049 5609 mibi
3075 5556 3301 5625 conligit
3328 5574 3341 5611 :
3367 5572 3486 5612 ont-

1920 5660 2018 5707 ues
2041 5645 2286 5713 ejusdem
2312 5644 2536 5699 virtutis
2559 5645 2917 5715 ejusdemque
2944 5644 3181 5699 inStituti
3211 5647 3440 5702 aemulos
3470 5667 3485 5703 :

1919 5752 2109 5794 omnes
2141 5737 2459 5804 impressam
2495 5737 2677 5793 animo
2713 5738 2855 5807 piam
2886 5736 3210 5792 sententiam
3268 5755 3484 5795 morum
