4018 6206
547 289 681 354 1155
848 280 1023 354 [Α.ἰι.
1059 249 1217 344 6859,
1256 293 1362 332 mu.
1406 275 1460 349 4]
1504 343 1508 348 ’

1748 279 2165 340 NICEPHORI
2205 277 2593 339 GREGOR/E

2867 269 3001 342 [ηερ.
3039 284 3083 325 ι.
3121 283 3414 330 οικτλευῑ.
3450 272 3506 346 5]

3637 281 3756 345 1156

543 402 826 453 honestate
855 394 1248 464 exprimentes,
1279 390 1474 457 suique
1506 388 1678 458 ipsius
1710 389 2118 457 quodammodo

2233 385 2713 457 ματοφορουμένης
2770 384 3078 450 προθέσεως
3115 385 3200 456 [Ρ.
3272 385 3402 457 565]
3452 387 3758 458 αὐτάγγελον

543 491 777 544 iudicem
812 503 920 559 pra?
949 485 1289 546 seferentes,
1323 489 1382 533 ut
1425 480 1585 533 facile
1644 493 1673 532 a
1709 480 1842 533 viris
1871 479 2115 548 pruden-

543 583 694 637 tibus
735 580 1209 650 perspicerentur.
1266 573 1509 626 Tandem
1541 588 1664 625 cum
1696 572 1926 626 instaret
1956 570 2112 632 hora,

456 712 476 729 ,ρ
543 691 651 744 qua
681 689 781 727 nos
812 673 866 726 in
900 668 1161 740 palatium
1204 666 1285 720 ire
1311 657 1620 734 oportebat,
1681 663 1719 715 ii
1760 662 1854 732 qui
1915 662 2118 716 virtute

457 795 462 801 ·
545 762 987 834 etintclligentia
1046 757 1400 830 prmstabant,
1463 755 1591 809 dato
1641 755 1806 809 veluti
1861 754 2122 810 militibus

465 879 474 924 ί
546 857 723 927 signo,
754 855 890 911 alios
922 852 1066 907 ciere
1093 851 1158 904 ad
1184 861 1414 919 pugnam
1440 852 1747 914 coeperunt.

2223 479 2443 546 κήρυκα
2476 478 2576 547 τὴν
2629 477 2724 529 τοῦ
2774 475 2938 546 ἤθους
2994 477 3410 546 εὐσχημοσύνην
3467 479 3756 549 αὐτομάτως

2225 569 2389 637 φάναι
2423 567 2900 638 προϐαλλομένους
2941 571 3050 629 τοῖς
3083 570 3194 621 ὅσοι
3233 568 3328 634 ξύν
3357 585 3419 635 γε
3454 570 3654 622 συνέσει
3676 575 3759 625 καὶ

2227 660 2472 730 περινοίᾳ
2525 662 2664 730 σοφῇ
2699 659 3001 729 θεωροῦσιν
3023 675 3039 689 ·
3072 660 3193 712 ἐπεὶ
3245 659 3314 712 τὰ
3359 661 3459 730 τῆς
3500 660 3636 731 ῶρας
3671 665 3755 735 ἥδη

2227 752 2556 822 ἐνειστήκει,
2593 754 2649 804 ὲν
2756 755 2850 805 καὶ.
2896 751 2994 821 τὴν
3047 753 3104 814 ἐς
3147 751 3217 805 τὰ
3255 751 3500 821 βασίλεια
3533 756 3757 823 ὲνδημίαν

2227 843 2389 912 ἡμῶν
2426 844 2713 912 γίγνεσθαι
2747 844 2878 908 ἔδει,
2909 845 2957 897 οἱ
3005 844 3102 912 μὲν
3141 842 3474 914 προῦχοντες
3505 845 3660 917 ἀρετῇ
3685 852 3760 905 καὶ

477 982 480 985 -
549 947 765 1000 συνέσει
792 947 906 1007 τοῖς
941 943 1121 1005 ἄλλοις
1151 942 1217 992 τὰ
1245 940 1634 1010 παρακλητικὰ
1667 939 1760 990 τοῦ
1791 937 2000 1006 ἀγῶνος
2046 937 2496 1008 περιεσάλπιζον,
2525 937 2716 1007 ῶσπερ
2751 939 2809 990 ἐν
2846 937 3214 1008 στρατοπέδῳ.

621 1038 758 1092 Vill.
791 1037 901 1107 Ego
935 1048 1065 1089 vero
1094 1032 1378 1087 universos
1395 1029 1867 1099 circumspiciens,
1895 1029 2126 1083 «Eorum

475 1118 478 1122 ί
550 1129 817 1198 (inquam)
873 1129 965 1196 qui
999 1127 1124 1179 ’huc
1179 1133 1558 1179 convenerunt
1603 1122 1766 1177 ardor
1812 1137 1942 1176 sane
1981 1122 2124 1175 haud

551 1221 809 1289 ignavus;
844 1218 940 1272 sed
984 1217 1127 1272 vires
1149 1217 1213 1269 ad
1253 1215 1544 1269 iucundam
1595 1228 1830 1284 pugnam
1871 1213 2123 1267 infirmze.

555 1312 769 1366 Etenim
812 1311 1080 1380 principis
1135 1308 1431 1378 potentiam
1482 1308 1644 1360 simul
1692 1315 1746 1361 et
1790 1307 2123 1359 voluntatem

550 1403 999 1456 adversissimam
1045 1399 1314 1453 habiturae
1342 1411 1489 1453 sunt.
1514 1396 1660 1451 Nihil
1695 1408 1900 1458 autem,
1962 1395 2126 1465 895

551 1506 674 1545 meo
698 1490 918 1560 quidem
950 1488 1194 1559 judicio,
1228 1487 1445 1557 gravius
1471 1487 1720 1540 accidere
1749 1484 1986 1540 subditis
2036 1499 2130 1554 po-

550 1592 680 1645 test,
732 1595 893 1651 quam
947 1582 991 1632 si
1035 1579 1246 1634 hostem
1289 1579 1526 1634 habeant
1583 1578 1886 1648 principem
1947 1589 2129 1640 suum,

2304 1027 2385 1086 H'.
2459 1028 2602 1096 Ἐγὼ
2647 1030 2703 1083 δὲ
2739 1029 3206 1100 περιϐλεψάμενος
3234 1029 3483 1090 ἅπαντας
3522 1046 3541 1082 ι
3585 1028 3646 1085 Ἦ
3683 1033 3757 1100 μὲν

2233 1122 2518 1192 προθυμία
2545 1123 2654 1176 τῶν
2687 1123 3126 1192 συνεληλυθότων
3177 1141 3222 1189 ι,
3256 1124 3418 1192 ἔφην,
3455 1142 3474 1174 ι
3510 1124 3604 1177 οὐκ
3626 1126 3759 1192 dvrv-

2234 1210 2354 1280 νὴς,
2413 1211 2446 1279 ἡ
2491 1211 2546 1263 δὲ
2600 1209 2904 1279 παράταξις
2963 1209 3217 1279 ἀσθενὴς,
3251 1213 3352 1281 τὴν
3395 1211 3488 1263 τοῦ
3537 1211 3763 1280 βασιλέως

2233 1304 2331 1355 καὶ
2357 1306 2515 1372 χεῖρα
2555 1304 2650 1355 καὶ
2695 1302 2920 1373 γνώμην
2954 1304 3097 1373 μάλα
3126 1304 3424 1357 ἀντίπαλον
3452 1305 3572 1374 ἔχου
3584 1323 3655 1356 σα.
3683 1305 3764 1356 Βα-

2235 1394 2461 1464 ρύτερον
2485 1394 2531 1446 δ’
2559 1389 2714 1463 οἶμαι
2743 1395 2854 1449 τῶν
2881 1398 3098 1449 πάντων
3122 1395 3315 1466 ἕτερον
3351 1391 3488 1448 εἶναι
3514 1397 3652 1450 οὐδὲν
3674 1399 3764 1459 τοῖς

2236 1477 2522 1554 ὑπηκόοις,
2554 1483 2587 1552 ἢ
2623 1483 2886 1553 πολέμιον
2931 1484 3235 1554 κεκτῆσθαι
3287 1484 3472 1551 σφίσιν
3503 1486 3670 1547 αὐτοῖς
3691 1486 3763 1540 τὸν

2236 1577 2337 1644 τὴν
2367 1575 2748 1646 αὐτοκράτορα
2791 1575 3269 1646 περιζωννύμενον
3294 1576 3523 1646 δύναμιν
3551 1575 3760 1645 βασιλέα.

551 1687 764 1725 summa
798 1680 1067 1740 potestate
1099 1678 1391 1723 armatum.
1425 1669 1594 1722 Porro
1649 1668 1759 1731 hie,
1818 1677 1879 1721 ut
1911 1665 2130 1728 videtis,

2241 1669 2387 1720 ’Ίστε
2417 1667 2526 1738 γὰρ
2575 1668 2650 1730 ὡς
2701 1666 2778 1740 μὴ
2819 1669 2982 1737 μόνον
3033 1669 3198 1730 αὐτὸς
3237 1669 3456 1732 ἑαυτὸν,
3481 1670 3560 1722 ὅτι
3595 1670 3662 1739 μὴ
3687 1671 3763 1722 καὶ

555 1778 663 1815 non
701 1761 862 1814 modo
896 1775 952 1814 se
995 1763 1194 1828 ipsum,
1243 1758 1336 1812 sed
1372 1768 1426 1813 et
1455 1745 1598 1824 illos,
1623 1771 1760 1826 quos
1784 1755 2133 1826 gravissimo-

554 1867 672 1904 rum
702 1865 948 1904 errorum
977 1849 1240 1905 debemus
1257 1863 1539 1912 accusare,
1565 1849 1782 1917 judices
1813 1847 1974 1900 nobis
2001 1861 2130 1901 con-

557 1943 738 1995 stituit
771 1959 784 1993 :
815 1941 1107 2010 idemque,
1148 1941 1450 2016 terroribus
1484 1940 1708 1995 aliunde
1763 1937 1996 2009 injectis,
2040 1951 2134 1992 co-
2171 1984 2173 1986 .

556 2045 720 2088 natur
747 2033 1077 2089 labefactare
1105 2035 1759 2102 constantiamrnostram,
1821 2042 1876 2085 et
1907 2042 2133 2100 genero-

554 2141 674 2180 sum
742 2125 910 2180 animi
967 2125 1232 2194 impetum
1306 2134 1521 2177 mature
1583 2123 1899 2191 reprimere.
1965 2121 2033 2175 At
2083 2119 2130 2174 si

557 2219 800 2273 strenuis
832 2217 1086 2282 ducibus,
1114 2216 1159 2270 si
1193 2215 1271 2271 rei
1307 2214 1540 2268 nauticae
1587 2228 1688 2268 usu
1712 2211 1906 2282 peritis
1937 2211 2134 2282 guber—

556 2308 866 2370 natoribus,
901 2321 1003 2361 nec
1052 2306 1320 2376 temporis
1373 2303 1779 2375 opportunitas,
1829 2318 1931 2356 nec
1980 2301 2131 2356 venti

553 2399 956 2464 Obsecundcnt,
990 2397 1084 2452 sed
1108 2414 1298 2452 eorum
1335 2397 1549 2451 artibus
1593 2403 1782 2464 aperte
1838 2393 2134 2448 adversen-

555 2503 666 2552 tur,
702 2491 881 2544 inanis
911 2490 1016 2543 erit
1059 2498 1413 2557 utrorumque
1452 2486 1752 2555 diligentia.
1814 2483 1943 2538 Mihi
2006 2485 2131 2553 qui-

557 2583 678 2636 dem
707 2581 840 2636 libet
877 2595 1143 2651 usurpare
1169 2579 1305 2633 illud
1335 2577 1590 2632 Leonldm
1621 2575 1871 2646 Spartani
1902 2575 2130 2638 dictum,

556 2687 666 2740 quo
698 2673 818 2726 illos
852 2671 1092 2740 quicum
1121 2685 1187 2724 eo
1251 2668 1516 2723 adversus
1559 2666 1760 2722 Persas
1818 2665 2130 2719 militabant

557 2766 826 2820 allocutus
858 2776 963 2830 est,
1007 2762 1228 2833 quando
1268 2761 1578 2815 Thessalica
1607 2759 1808 2828 Tempe
1838 2759 2133 2828 ingressus,

557 2857 835 2924 occupatis
884 2868 1073 2908 eorum
1135 2853 1381 2906 iecorum
1447 2848 1817 2918 angustiis-et
1885 2846 2132 2911 latebris,

560 2947 706 3000 hosti
759 2945 1138 3006 insidiabatur,
1211 2942 1573 3010 manebatque
1657 2939 1770 2993 illic
1833 2936 2136 2993 obstiturus

2231 1754 2314 1822 οἷς
2359 1761 2457 1823 τὰς
2503 1759 2982 1826 παλαμναιοτάτας
3030 1760 3287 1830 ἐγκαλεῖν
3321 1762 3604 1830 ὀφείλομεν
3629 1762 3764 1829 ἡμεῖς

2232 1850 2576 1918 δυσσεϐείας,
2606 1853 2740 1921 ἡμῖν
2773 1854 3072 1922 χειροτονεῖ
3094 1851 3361 1914 δικαστάς
3387 1868 3400 1881 ’
3428 1852 3521 1905 καὶ
3540 1850 3645 1919 ἅμα
3667 1854 3763 1913 ταῖς

2232 1942 2431 2008 ἔξωθεν
2471 1943 2720 2006 ἀπειλαῖς
2753 1943 2910 2012 ἡμῶν
2935 1941 3253 1996 κατασείειν
3294 1945 3544 2013 πειρᾶται
3573 1941 3628 1994 τὸ
3654 1942 3762 2010 φρόρ

2235 2053 2297 2104 νη
2306 2053 2379 2102 μα
2410 2036 2500 2087 καὶ
2524 2035 2586 2086 τὸ
2613 2035 2830 2103 εὐγενὲς
2853 2034 3313 2106 προαναστέλλειν
3345 2035 3663 2104 παράστημα
3682 2032 3762 2101 τῆς

2232 2125 2430 2195 ψυχῆς.
2461 2124 2568 2179 Καὶ
2602 2127 2928 2195 στρατηγοῖς
2955 2125 3064 2196 γὰρ
3103 2124 3345 2192 ’ἀγαθοῖς
3383 2127 3487 2177 καὶ
3531 2122 3763 2190 κυὸερνήο

2233 2233 2352 2279 ταις
2381 2216 2445 2270 εὖ
2477 2219 2545 2271 τὰ
2575 2218 2836 2270 θαλάττια
2870 2217 3230 2287 ἠσκημένοις,
3256 2217 3324 2288 ἢν
3357 2216 3492 2286 μήτε
3515 2214 3760 2286 ξύμμαχος

2234 2312 2262 2363 ό
2287 2310 2476 2379 καιρὸς
2514 2310 2712 2364 καὶτὰ
2765 2308 3054 2378 πνεύματα
3187 2312 3286 2363 καὶ
3341 2311 3458 2380 ἅμα
3499 2311 3604 2372 τοῖς
3639 2307 3758 2375 σφῶν

2235 2402 2485 2471 ἐναργῶς
2535 2402 2880 2472 ἀντιπράττῃ
2915 2402 3242 2472 σοφίσμασι,
3279 2403 3506 2471 μάταιος
3533 2400 3756 2471 άμφοῖνή

2236 2494 2462 2564 σπουδή.
2489 2493 2597 2548 Καί
2638 2511 2729 2565 μοι
2753 2495 2845 2546 ἐπὶ
2877 2494 3124 2565 γλώττης
3147 2495 3240 2566 εἴη
3269 2494 3332 2549 τὸ
3369 2496 3595 2565 Λεωνίδῃ
3621 2495 3759 2548 πάλαι

2234 2585 2310 2656 τῷ
2349 2585 2664 2656 Σπαρτιάτῃ
2701 2585 2864 2656 ῥηθὲν
2911 2588 3046 2655 πρὸς
3075 2586 3207 2650 τοὺς
3237 2585 3333 2652 ξύν
3365 2603 3425 2654 γε
3458 2586 3595 2655 αύτῷ
3621 2599 3758 2652 στρα-

2235 2679 2602 2747 τευσαμένους
2657 2677 2801 2730 κατὰ
2837 2677 3102 2747 Περσῶν·
3157 2679 3330 2731 ὁπότε
3378 2677 3569 2746 δηλαδὴ
3616 2677 3665 2738 ἐς
3701 2673 3756 2727 τὰ

2236 2765 2368 2834 napi.
2391 2763 2685 2817 Θετταλίαν
2715 2765 2910 2834 Τέμπη
2935 2764 3252 2833 γενόμενος,
3285 2766 3382 2817 καὶ
3405 2767 3500 2828 τὰς
3530 2765 3634 2816 ἐκεῖ
3654 2764 3755 2815 δυσ-

2237 2856 2442 2927 χωρίας
2491 2857 2585 2910 καὶ
2616 2857 2686 2910 τὰ
2731 2855 2923 2925 ενεδρα
2988 2856 3366 2927 προειληφὼς,
3415 2855 3758 2926 ὲκὰθητοζένε-

2237 2944 2444 3015 δρεύων
2473 2963 2532 2998 τε
2565 2945 2682 3014 ἅμα
2722 2947 2818 2998 καὶ
2853 2948 3161 3015 περιμένων
3212 2946 3446 3000 κωλύειν
3483 2947 3546 2998 τὰ
3574 2943 3757 3014 Περσῶν

563 3038 850 3091 Persarum
881 3035 1083 3095 armis,
1119 3043 1176 3088 et
1213 3032 1447 3085 Xerxem
1483 3031 1634 3084 aditu
1662 3030 1883 3085 Graeciaa
1939 3028 2129 3098 probi-

2233 3034 2371 3087 ὅπλα
2389 3028 2498 3086 ’καὶ
2520 3033 2617 3104 τὴν
2637 3032 2839 3103 Ξέρξου
2873 3038 3008 3104 πρὸς
3023 3035 3258 3088 Ἐλλάδα
3290 3035 3552 3090 διάϐασιν.
3575 3034 3755 3100 Ἐπειδὴ

561 3129 812 3190 hiturus._
837 3127 1110 3181 Nimirum
1153 3123 1246 3178 ubi
1279 3123 1507 3178 hostiles
1540 3122 1728 3191 copias
1759 3121 1896 3176 vidit
1922 3129 2136 3175 torren-

561 3222 696 3272 tium
741 3217 1027 3271 ﬂuminum
1053 3231 1205 3270 more
1232 3215 1515 3284 ingruere,
1547 3216 1732 3268 statim
1761 3215 1939 3269 socios
1982 3228 2134 3279 suos,

562 3320 621 3364 ut
645 3309 711 3363 ad
735 3320 939 3363 certam
964 3316 1196 3362 mortem
1221 3315 1466 3360 ruerent.
1499 3304 1705 3360 hortari
1737 3305 1904 3374 etrapit
1926 3314 1981 3361 et
2009 3320 2136 3360 con-

562 3403 800 3463 tirmare,
833 3397 1079 3466 dixitque
1111 3411 1126 3449 ε
1162 3415 1180 3448 ι
1234 3394 1278 3451 Ο
1301 3395 1460 3459 socii,
1501 3395 1592 3454 hic
1629 3394 2021 3466 prandeamus,
2073 3403 2138 3451 ut

559 3506 748 3545 eamus
794 3499 1072 3545 comatum
1103 3487 1246 3557 apud
1280 3488 1508 3542 inferos.
1553 3504 1573 3539 ι
1636 3487 1822 3556 anue
1849 3488 1965 3558 ipsa
2018 3488 2130 3554 die,

561 3582 864 3637 innumeris
890 3582 1136 3649 hostibus
1169 3580 1466 3642 caesis,viri
1494 3580 1572 3634 illi
1620 3593 1852 3633 numero
1897 3579 2134 3633 trecenti

562 3671 854 3741 gloriosam
897 3682 1128 3727 mortem
1161 3672 1567 3742 Oppetiverunt.
1602 3671 1659 3726 Id
1687 3672 1868 3742 ipsum
1917 3658 2134 3743 quoque

558 3781 660 3834 ego
686 3765 1194 3834 paululum-mutata
1217 3763 1485 3827 oratione,
1551 3777 1586 3818 ο
1615 3764 1836 3829 fratres,
1908 3763 2132 3834 inquam

558 3856 894 3919 astantibus,
941 3862 1246 3910 extremum
1273 3855 1433 3911 nobis
1457 3857 1575 3910 vale
1595 3855 1830 3912 invicem
1859 3855 2130 3923 dicamus,

563 3960 826 4004 uteamus
848 3960 1122 4003 cmnatum
1177 3949 1320 4016 apud
1352 3948 1590 4015 inferos;
1641 3949 1752 4002 imo
1815 3958 1875 4002 ut
1909 3949 2017 4004 Deo
2045 3950 2133 4018 ju-

563 4050 724 4096 vante
752 4039 1072 4095 defunctum
1106 4040 1274 4110 896
1313 4041 1501 4095 labore
1553 4041 1822 4096 athletico
1847 4041 2041 4111 pedem
2075 4042 2130 4097 in

559 4131 814 4200 paradiso
842 4132 1091 4201 ﬁgamus,
1146 4131 1241 4185 ubi
1268 4133 1372 4184 mel
1416 4131 1714 4200 voluptatis
1744 4132 2128 4201 incorruptum

556 4233 608 4277 et
641 4239 880 4292 perenne
908 4237 1030 4278 esse
1065 4222 1382 4278 didicimus.
1431 4219 1620 4292 Neque
1661 4222 1808 4276 enim
1844 4236 1943 4276 nos
1997 4231 2131 4290 puto

557 4331 731 4384 usque
759 4315 825 4369 ad
851 4317 1149 4370 crastinum
1179 4315 1322 4370 diem
1350 4316 1466 4370 fore
1501 4316 1845 4384 superstites.
1886 4335 1905 4367 ι

625 4407 716 4460 IX.
749 4406 884 4462 Cum
939 4421 1120 4461 autem
1160 4407 1460 4472 abiremus,
1506 4406 1704 4476 passim
1751 4407 1852 4460 viri
1920 4418 1975 4460 et
2010 4425 2128 4462 mu-

551 4498 719 4552 lieres
741 4498 994 4552 domibus
1018 4499 1133 4553 suis
1161 4499 1541 4568 prosiliebant,
1577 4509 1634 4553 et
1665 4514 1766 4553 nos
1814 4499 2006 4554 faustis
2044 4515 2133 4555 ac-

545 4590 975 4646 clamationibus
1003 4591 1508 4662 prosequebantur.
1573 4592 1746 4647 Erant
1776 4593 1969 4657 etiam,
2037 4594 2130 4661 qui

549 4683 704 4736 omni
737 4691 884 4737 metu
931 4679 1165 4740 excusso
1209 4683 1476 4738 audacter
1528 4684 1944 4748 comitarentur,
2005 4686 2134 4740 hinc

557 4781 727 4841 atque
756 4773 883 4827 hinc
922 4774 1122 4828 crebro
1157 4773 1687 4837 circumcursantes,
1730 4774 1842 4828 bini
1870 4782 1926 4829 et
1954 4776 2130 4839 terni;

555 4866 663 4919 imo
683 4865 886 4919 alicubi
913 4865 1085 4920 denso
1100 4866 1315 4934 agmine
1341 4865 1709 4927 conﬂuentes,
1731 4872 1790 4918 ut
1814 4875 2130 4920 nostrorum

543 4971 816 5010 numerus
839 4956 1068 5012 subinde
1113 4965 1450 5023 augeretur;
1512 4955 1700 5011 itidem
1758 4957 1872 5012 fere
1910 4966 1970 5010 ut
2008 4972 2132 5009 rna-

551 5046 732 5100 simus
761 5045 984 5112 ﬂuvius,
1045 5047 1139 5118 qui
1181 5064 1247 5102 ex
1286 5047 1554 5101 altissimo
1608 5056 1791 5101 monte
1837 5061 2134 5117 erumpens

548 5152 662 5191 non
692 5137 760 5190 ab
802 5137 932 5206 ipsis
967 5138 1190 5210 quidem
1225 5137 1472 5192 fontibus
1530 5145 1715 5192 tantus
1753 5149 1979 5206 repente
2033 5155 2132 5193 ex-

543 5229 720 5293 sistit,
746 5228 841 5284 sed
867 5244 964 5298 per
1003 5245 1237 5299 pronum
1265 5230 1448 5297 lapsus
1478 5245 1604 5284 cum
1636 5230 1760 5284 aliis
1790 5233 2132 5287 torrentibus

547 5333 607 5375 et
640 5323 770 5375 rivis
825 5322 1001 5376 undas
1045 5323 1441 5387 communicat,
1507 5337 1573 5376 ac
1628 5323 1846 5378 tandem
1908 5323 1963 5377 in
1999 5340 2128 5378 eum

553 5412 776 5466 modum
798 5413 1086 5476 excrescit,
1117 5423 1176 5467 ut
1207 5423 1261 5467 et
1314 5413 1590 5482 plerisque
1631 5413 1686 5467 in
1738 5415 1872 5469 locis
1909 5415 2132 5484 naviga-

552 5503 676 5556 bilis
715 5503 826 5558 liat.
857 5503 1008 5558 Adeo
1043 5503 1313 5572 degulatis
1341 5504 1562 5559 nefandi
1591 5505 1843 5574 impietas
1871 5508 2131 5564 Omnibus

557 5592 884 5661 promiscue,
905 5595 1220 5674 juvenibus,
1245 5597 1490 5663 senibus,
1523 5597 1679 5664 viris,
1709 5597 1950 5662 feminis,
2018 5604 2128 5655 cvi-

548 5681 689 5734 dens
716 5691 853 5737 erat.

2236 3127 2344 3197 γὰρ
2384 3127 2526 3179 κατὰ
2561 3125 2838 3195 ποταμοὺς
2869 3127 2936 3179 τὰ
2969 3127 3077 3180 τῶν
3106 3128 3389 3199 πολεμίων
3424 3131 3615 3190 ἐκεῖνος
3641 3126 3757 3195 ἑώρα

2239 3217 2574 3286 στρατόπεδα
2614 3219 2961 3290 ἐπιρρέοντα,
2991 3221 3047 3283 ἐς
3095 3218 3379 3291 προῦπτον
3433 3218 3756 3291 προῦτρέπετό

2234 3327 2296 3363 τε
2327 3312 2420 3363 καὶ
2467 3311 2806 3384 ἀνερῤώννυε
2852 3313 3082 3379 θανατον
3133 3316 3268 3377 τοὺς
3327 3316 3604 3376 οἰκείους»
3656 3309 3754 3372 καὶ,

2241 3419 2260 3450 ι
2301 3401 2467 3454 Δεῦτε
2521 3404 2909 3485 ἀριστήσωμεν
2947 3404 3139 3475 ἄνδρες
3185 3423 3238 3471 ι,
3293 3405 3498 3474 ἔλεγεν,
3535 3422 3552 3456 ι
3607 3404 3683 3456 ἵνα
3712 3402 3756 3452 ἐν

2235 3493 2364 3564 ᾅδου
2391 3495 2797 3566 δειπνήσωμεν·
2842 3516 2861 3548 ι
2890 3496 2978 3549 ὅτε
3003 3497 3068 3566 δὴ
3092 3497 3186 3549 καὶ
3215 3498 3512 3564 τριακόσιοι
3533 3495 3663 3555 ὄντες
3684 3491 3758 3544 αὐ-

2234 3581 2340 3645 τοὶ,
2375 3583 2605 3651 μυρίους
2658 3582 2961 3644 ἀνελόντες,
2986 3583 3123 3653 αύθή
3133 3601 3199 3653 με
3209 3601 3306 3654 ρον
3331 3583 3559 3646 εὐκλεῶς
3585 3581 3662 3634 καὶ
3682 3578 3757 3643 αύ-

2236 3675 2317 3724 τοὶ
2349 3672 2757 3742 κατεκόπησαν.
2788 3672 2946 3725 Τοῦτ’
2975 3672 3070 3726 οὖν
3109 3675 3296 3726 ἐκεῖνο
3322 3675 3416 3727 καὶ
3443 3672 3594 3734 αὐτὸς
3619 3668 3758 3723 ὑπαλ-

2237 3761 2406 3826 λάξας
2431 3765 2650 3832 μικρὸν,
2679 3762 2871 3826 Δεῦτε,
2906 3763 3043 3832 πρὸς
3073 3764 3216 3827 τοὺς
3236 3765 3509 3834 παρόντας
3534 3762 3754 3831 ἔφασκον.

2235 3855 2474 3923 ἀδελφοὶ,
2496 3854 2590 3907 τὸν
2613 3855 2844 3924 ἔσχατον
2872 3854 3168 3922 ἀσπασμὸν
3203 3855 3494 3924 ἀποδῶμεν
3520 3851 3753 3919 ἀλλήλοις,

2236 3948 2321 3998 ἵνα
2357 3948 2414 3998 ἐν
2447 3945 2575 4017 ᾅδου
2615 3945 2994 4014 δειπνήσωμεν
3015 3957 3031 3976 '
3069 3945 3102 4014 ἢ
3133 3946 3340 4014 μᾶλλον
3371 3946 3427 3997 ἐν
3471 3941 3754 4015 παραδείσου

2234 4039 2330 4104 ξύν
2358 4055 2421 4107 γε
2472 4037 2592 4107 Θεῷ
2639 4037 2731 4090 τὸν
2765 4035 3056 4106 ἀθλητικὸν
3088 4036 3392 4106 ὲρείσωμεν
3418 4036 3565 4097 πόδα,
3593 4035 3684 4100 ὅπη
3708 4031 3754 4081 τὸ

2236 4131 2358 4200 μέλι
2410 4132 2508 4198 τῆς
2560 4128 2758 4198 ἡδονῆς
2790 4128 3070 4198 ἀκήρατον
3105 4124 3247 4182 εἶναι
3279 4130 3370 4181 καὶ
3403 4127 3657 4195 ἀδιάδοχον
3688 4123 3754 4174 δε-

2231 4223 2550 4292 διδάγμεθα.
2579 4223 2714 4274 υὺδὲ
2741 4222 2850 4291 γὰρ
2889 4222 3010 4274 οὐδὲ
3063 4223 3277 4286 ἀπαθὲς
3310 4226 3440 4294 ἡμῖν
3468 4216 3752 4282 ἀπαλλάξειν

2164 4351 2204 4404 D
2231 4311 2388 4383 οἶμαι
2413 4315 2471 4368 τὸ
2497 4313 2596 4385 ζῇν
2625 4313 2755 4384 ἄχρι
2781 4313 2878 4366 καὶ
2903 4315 2958 4376 ἐς
2987 4314 3086 4383 τὴν
3112 4314 3428 4384 ὑστεραίαν.
3468 4332 3486 4365 ι

2304 4406 2382 4460 Θ’.
2432 4405 2717 4468 Ἀπιόντας
2755 4421 2820 4472 γε
2863 4407 2970 4475 μὴν
3003 4407 3190 4474 συχνοὶ
3237 4409 3347 4460 τῶν
3393 4406 3572 4461 οἰκιῶν
3606 4407 3750 4468 ἐκπη-

2231 4499 2451 4566 δῶντες,
2483 4499 2674 4568 ἄνδρες
2715 4497 2850 4567 ὁμοῦ
2887 4500 2981 4553 καὶ
3025 4503 3301 4567 γυναῖκες,
3333 4501 3588 4569 εὐφήμοις
3616 4491 3750 4562 προῦ-

2233 4609 2450 4661 πεμπον
2481 4593 2626 4660 ἡμᾶς
2652 4594 2770 4651 ταῖς
2800 4595 3025 4658 φωναῖς.
3061 4587 3241 4644 Ἦσαν
3272 4592 3317 4644 δ’
3363 4591 3411 4644 οἳ
3444 4595 3532 4645 καὶ
3575 4591 3748 4646 πάντας

2231 4685 2431 4752 φόῦους
2490 4684 2938 4752 ἀποσεισάμενοι,
2976 4683 3308 4755 θαρροῦντες
3363 4683 3588 4744 εἵποντο,
3627 4675 3749 4745 θαμὰ

2234 4779 2646 4847 περιτρέχοντες
2671 4773 2824 4828 ἐνθεν
2849 4776 2945 4827 καὶ
2973 4776 3147 4847 ἐνθεν,
3177 4776 3364 4828 σύνδυο
3397 4777 3487 4828 καὶ
3514 4774 3746 4840 σύντρεις·
3775 4817 3778 4822 .

2232 4870 2348 4922 ἔστι
2372 4869 2418 4921 δ’
2443 4862 2504 4920 οὗ
2546 4871 2638 4920 καὶ
2673 4871 2812 4921 κατὰ
2845 4868 3068 4936 πλῆθος,
3097 4843 3192 4924 καὶ
3220 4869 3436 4931 πλείους
3460 4868 3541 4920 ἀεὶ
3564 4862 3746 4917 ποιοῦν-

2231 4977 2322 5021 τες
2359 4961 2548 5028 ἡμῶν·
2585 4959 2968 5029 παραπλήσιον
3003 4961 3193 5030 ὥσπερ
3224 4958 3290 5013 ἂν
3321 4959 3374 5012 εἴ
3409 4975 3485 5020 τις
3523 4951 3748 5024 ποταμῶν

2233 5048 2320 5121 [Ρ.
2351 5047 2478 5119 ὕῠιί]
2500 5057 2609 5102 τῶν
2645 5049 2944 5117 μεγίστων,
2979 5050 3037 5113 ἐξ
3062 5050 3220 5120 ὅρους
3254 5045 3744 5119 ὑψίστουρηγνύμε·

2232 5157 2344 5204 νος,
2377 5141 2438 5192 οὐ
2477 5139 2715 5202 τοιοῦτος
2752 5140 2853 5208 μὲν
2895 5140 3158 5209 ὑπάρχων
3186 5142 3248 5194 ὲκ
3281 5140 3466 5207 πηγῶν
3501 5137 3664 5197 εὐθὺς,
3699 5133 3746 5191 ἐς

2230 5231 2286 5284 δὲ
2333 5230 2394 5283 τὸ
2427 5233 2691 5293 κάταντες
2726 5231 2841 5295 ἰὼν,
2869 5232 2964 5284 καὶ
2994 5233 3176 5295 ἄλλοις
3221 5233 3300 5283 ἔτι
3335 5230 3638 5301 χειμάῤῥως
3667 5222 3745 5274 καὶ

2233 5323 2391 5392 ῥύαξι
2439 5322 2500 5374 τὸ
2551 5321 2729 5393 ῥεῦμα
2772 5323 3145 5392 κοινούμενος,
3186 5327 3276 5376 ἐπὶ
3328 5321 3564 5376 τοσοῦτον
3613 5315 3741 5378 αὔξει

2235 5415 2521 5484 μεγέθους,
2551 5415 2626 5476 ὠς
2652 5414 2746 5466 καὶ
2773 5416 3106 5485 ναυσίπορον
3133 5417 3206 5481 ὡς
3233 5417 3296 5470 τὰ
3325 5413 3486 5468 πολλὰ
3513 5409 3740 5464 καθίσταο

2234 5507 2379 5559 σθαι.
2419 5507 2576 5559 υῦτω
2601 5506 2900 5577 κατάδηλος
2925 5508 3130 5561 ἅπασιν
3165 5507 3361 5578 ἀναμίξ
3389 5507 3474 5558 καὶ
3509 5505 3634 5561 νέοις
3659 5495 3736 5549 καὶ

2234 5598 2473 5666 γέρουσι,
2505 5601 2597 5650 καὶ
2615 5600 2834 5666 ἀνδράσι
2866 5602 2958 5653 καί
2981 5603 3242 5669 γυναιξὶν,
3270 5604 3298 5670 ὴ
3321 5599 3410 5654 τοῦ
3436 5589 3732 5662 παλαμναίου

2233 5689 2496 5759 δόγματος
2535 5693 2562 5742 ύ
2575 5695 2678 5767 ττῆρ
2690 5696 2737 5758 ξε
2779 5695 2962 5747 κακία.

2447 5837 2472 5856 δ
