3982 6214
269 296 411 359 1157
661 295 737 364 Is.
780 306 826 348 c.
874 296 1035 366 1551]

1156 361 1163 371 ,
1217 298 1669 362 BYZANTINIE
1706 300 2097 362 HISTORIA;
2134 304 2279 364 LIB.
2324 306 2539 366 XVIII.
2618 308 2751 364 har.
2787 318 2830 358 ιο
2872 317 3160 362 cwucvz.
3201 313 3259 378 51
3371 315 3513 377 1153

1710 419 1939 475 CAPUT
1981 420 2071 476 VI.

268 504 549 591 Ριιέαομὶιὶε
584 506 635 557 in
668 506 915 591 interiore
942 507 1070 562 aula
1106 510 1461 591 epulantibus,
1493 511 1753 581 Grcgoras
1779 521 1828 565 et
1859 514 2397 591 sociineatcluduamr,
2424 516 2528 571 Per
2573 519 2773 591 atrium
2813 520 3037 586 dispersi
3069 522 3160 575 diu
3183 531 3514 591 exspectant.

336 575 617 653 Pii/iunius
651 586 763 644 post
792 582 1056 653 cpulasin
1088 575 1261 653 Alcajii
1284 582 1571 635 triclinium
1596 575 1893 653 iranscunt.
1928 582 2050 637 Illic
2083 588 2221 638 inter
2239 602 2294 639 se
2316 589 2544 653 primum
2580 575 2916 652 consultant}
2949 592 3133 645 deinde
3166 601 3214 644 et
3242 575 3523 647 orthodoari

333 645 766 739 introdulearitur3
816 647 1041 701 Concilii
1057 652 1387 739 Luitjspicandt:
1417 653 1558 739 ratio
1586 651 1650 704 ab
1700 655 1780 739 his
1827 660 2157 739 μερίδι-τίμια.
2207 645 2603 711 (Σαηίαειιεεηιιδ
2640 645 2912 729 perplexis
2955 671 3002 712 et
3056 645 3555 739 untbiguisvaerliis‘

325 716 499 785 jnrat.
529 715 664 785 Ejus
697 718 944 777 adversus
966 715 1278 775 orthodoxa:
1312 722 1565 791 iniquitas
1595 723 1901 792 manifesta.

334 832 415 888 Χ.
445 834 607 904 Ἀρτι
641 835 697 888 δὲ
728 836 858 905 περὶ⁸
886 835 1035 906 ὥραν
1057 838 1154 907 τῆς
1186 838 1400 909 ἡμέρας
1425 838 1823 912 καθισταμένηι

2010 835 2050 891 1.
2076 837 2308 895 Circitcr
2341 841 2530 896 horam
2558 843 2665 897 diei
2691 845 2987 898 secundam
3020 845 3282 915 palatium
3334 847 3521 917 ingrc-

259 928 521 985 δευτέραν
552 928 699 989 ἐντὸς
730 929 824 981 καὶ
850 930 1006 998 ἡμεῖ.
1037 929 1146 983 τῶν
1186 930 1475 1000 βασιλείων
1505 932 1827 1002 γιγνόμεθασ

261 1022 356 1070 καί
413 1034 553 1081 τινες
605 1017 715 1070 τῶν
748 1018 1140 1089 πελεκυφόρων
1175 1020 1313 1090 ὁμοῦ
1361 1022 1457 1075 καὶ
1496 1022 1831 1093 ῥαϐδούχων,

259 1114 360 1175 τῆς
402 1110 687 1180 ὲνδοτέρας
731 1111 827 1165 τοῦ
886 1110 1154 1183 βασιλέως
1203 1112 1391 1177 ἐθάδες
1449 1114 1621 1179 ὄντες,
1681 1117 1831 1185 ἡμᾶς

258 1206 590 1266 θεασάμενοι
618 1204 921 1275 πόρρωθεν,
948 1205 1154 1277 σπουδῇ
1185 1209 1323 1276 πρὸς
1360 1209 1508 1275 ἡμᾶς
1544 1209 1828 1286 ἀφίκοντο,

256 1298 358 1364 τήν
386 1313 441 1347 τε
482 1295 713 1366 πρόοδον
761 1296 1184 1362 ἀναστέλλοντες
1220 1300 1317 1352 καὶ
1356 1300 1521 1352 αὑτοῦ
1566 1303 1695 1371 περὶ
1725 1303 1831 1373 τὴν

258 1388 480 1439 οὖλειον
521 1388 913 1457 περιμένοντας
944 1389 1241 1460 ἡσυχάζειν
1282 1391 1595 1455 κελεύοντες
1622 1410 1637 1426 ο
1668 1395 1829 1464 ἀσχο-

256 1482 471 1534 λεῖσθαι
503 1483 607 1550 γάρ
636 1480 737 1550 ἥδη
786 1482 879 1534 τὸν
936 1482 1163 1552 βασιλέα
1202 1484 1333 1554 περὶ
1382 1484 1680 1555 θεραπείαν
1709 1488 1832 1543 τινὰ

258 1572 809 1643 κίτεσπουδασμένην
838 1575 947 1626 τῶν
981 1575 1299 1646 Ναζιριίων
1332 1577 1449 1645 (28)
1477 1560 1705 1633 ἐκείνων
1733 1582 1830 1634 καὶ

265 1663 398 1715 δέων
426 1663 820 1731 δογματιστῶν,
856 1665 970 1718 ὅσοι
1007 1682 1065 1718 τε
1094 1666 1225 1737 περὶ
1252 1669 1394 1734 σφᾶς
1421 1670 1710 1724 ἐπίσκοποι
1739 1672 1833 1726 καὶ
1880 1712 1889 1717 -

257 1756 377 1807 ὅσοι
417 1757 805 1826 πρεσϐύτεροι,
840 1758 937 1810 καὶ
964 1758 1148 1811 πᾶσαν
1182 1758 1369 1821 ἁπλῶς
1413 1763 1587 1814 sietsi»
1615 1763 1831 1832 ἐκείνην

257 1848 510 1916 ἠλικίαν·
537 1843 680 1902 εἶναι
717 1849 773 1902 δὲ
804 1850 871 1904 τά
908 1850 1008 1920 τῆς
1037 1850 1333 1921 θεραπείας
1366 1852 1702 1922 ἑκείνηςζοὺκ
1725 1856 1831 1927 ἀμ-

257 1939 487 2009 ϐροσίαν
518 1942 609 1994 καὶ
641 1943 842 2013 νέκταρ
880 1942 1138 2013 οὐράνιον
1160 1962 1175 1977 ·
1206 1941 1242 2017 ἦ
1274 1947 1382 2018 γὰρ
1413 1948 1479 2001 άν
1518 1964 1672 2013 τινεςσ
1690 1946 1831 2020 ἦσαν

256 2032 553 2102 ἁναίμονες
582 2032 680 2086 καὶ
714 2034 865 2089 αὐτοὶ
896 2035 1029 2107 (29),
1063 2037 1160 2092 καὶ
1191 2037 1451 2091 ἀθάνατοι
1492 2040 1784 2094 ἐκαλοῦντο
1810 2057 1827 2075 ο

1929 929 2127 986 dimur.
2158 931 2235 986 lbi
2262 931 2519 987 lictorum
2549 944 2604 989 ct
2624 935 2993 1005 apparitorum
3019 940 3288 1004 nonnulli,
3323 955 3517 997 eorum
3550 948 3555 967 -'

1934 1037 2131 1092 nempe
2160 1025 2253 1093 qui
2315 1024 2367 1078 in
2411 1024 2675 1081 interiore
2738 1026 3085 1097 imperatoris
3108 1029 3271 1084 domo
3289 1021 3554 1110 versan-i.

1935 1120 2043 1178 tur,
2072 1113 2263 1179 procul
2288 1128 2388 1169 nos
2419 1116 2744 1185 conspicati,
2782 1132 2909 1172 cum
2933 1117 3290 1174 festinatione
3319 1135 3518 1174 occur-

1935 1214 2087 1265 runt.
2117 1204 2352 1259 ulterius
2416 1207 2673 1276 progredi
2740 1219 2947 1272 vetant,
2998 1218 3163 1278 atque
3221 1208 3335 1263 illic
3376 1212 3521 1265 circa

1936 1296 2269 1352 vestibulum
2316 1299 2537 1367 quietos
2599 1308 2746 1353 stare
2794 1308 2852 1354 et
2902 1312 3222 1370 exspectare
3264 1301 3462 1370 jnbent
3500 1320 3516 1368 ;

1934 1389 2268 1461 quippejam
2324 1390 2712 1460 imperatorem
2743 1390 2935 1445 sedulo
2985 1406 3208 1462 operam
3250 1393 3402 1458 dare,
3459 1405 3519 1447 ut

1932 1497 2136 1552 corpus
2162 1491 2423 1537 curarent
2464 1483 2540 1537 illi
2571 1482 2843 1537 Naziraei:
2878 1483 2957 1537 illi
2987 1483 3203 1539 scilicet
3235 1484 3362 1539 novi
3411 1485 3516 1542 do-

1934 1572 2551 1643 gmatistae,eorumque
2602 1574 2734 1628 socii
2784 1574 3050 1644 episcopi,
3087 1575 3418 1645 presbyteri.
3461 1585 3518 1631 et

1933 1665 2115 1719 omnis
2145 1679 2372 1733 prorsus
2403 1664 2739 1733 cjuscemodi
2774 1665 2932 1719 turba
2971 1680 2986 1717 :
3021 1675 3274 1721 constare
3328 1675 3512 1721 autem
3614 1710 3630 1729 .

1931 1771 2052 1810 eam
2080 1772 2368 1826 corporum
2390 1756 2726 1811 curationem
2750 1756 2915 1828 897
2950 1772 3059 1811 non
3121 1758 3393 1814 ambrosia
3417 1767 3514 1813 aut

1934 1848 2140 1903 caelesti
2163 1859 2427 1916 nectare;
2475 1850 2680 1920 alioqui
2712 1852 2859 1904 enim
2885 1852 3103 1908 futuros
3133 1854 3267 1908 istos
3300 1850 3509 1906 similes

1936 1938 2024 2003 iis,
2057 1940 2152 2010 qui
2183 1955 2488 2012 exsangues
2519 1942 2710 1997 vivunt
2743 1942 3189 2015 immortalesquc
3209 1951 3508 2010 vocantur;

1903 2031 2028 2120 .sed
2049 2032 2213 2087 lautis
2244 2042 2298 2089 et
2326 2034 2666 2105 sumptuosis
2689 2035 2944 2105 dapibus,
2969 2046 3024 2090 et
3052 2035 3181 2090 vino
3207 2035 3509 2106 fragrante.

257 2125 377 2177 ἀλλ’
403 2124 650 2195 εὖωχίαι,
684 2127 780 2180 καὶ
825 2126 1097 2198 τράπεζαι
1133 2130 1467 2197 πολυτελεῖς,
1523 2133 1615 2185 καὶ
1673 2133 1806 2187 aveo

1934 2131 1989 2175 et
2021 2123 2253 2179 meracis
2288 2127 2631 2194 potionibus,
2684 2138 2741 2183 et
2772 2127 2998 2184 bibendi
3053 2128 3453 2183 certaminibus
3493 2143 3511 2181 :

257 2218 442 2289 σμίαι,
476 2219 569 2271 καὶ
607 2220 1015 2289 ἀκρατοποσίας
1055 2222 1220 2289 φάναι
1247 2223 1456 2288 ἀγῶνες
1482 2239 1496 2255 ⁸
1533 2227 1660 2294 πρὶν
1688 2226 1823 2295 ὑπὲρ

1932 2214 2289 2283 quazquidem
2313 2219 2495 2271 omnia
2528 2226 2655 2272 ante
2694 2218 2828 2274 solis
2885 2226 3067 2273 ortum
3131 2225 3390 2289 apparata
3454 2226 3512 2272 et

254 2310 351 2362 τὸν
381 2310 635 2380 ὁρίζοντα
680 2313 940 2380 γενέσθαι
980 2314 1079 2379 τάς
1109 2314 1201 2367 τοῦ
1239 2315 1389 2386 ἡλίου
1424 2318 1616 2384 αὐγὰς,
1652 2335 1827 2389 παρις

257 2399 650 2456 σκευασθεῖσαί
699 2419 757 2455 τε
790 2404 884 2456 καὶ
929 2406 1355 2475 καρυκευθεῑσαι
1407 2407 1525 2460 λίαν
1558 2410 1830 2478 ἐπιμελῶς

254 2494 353 2544 καὶ
376 2490 660 2557 ἀνενδεῶς,
683 2494 778 2545 καὶ
796 2492 873 2558 ὡς
895 2496 1004 2555 τοῖς
1022 2494 1163 2548 οὕτω
1182 2496 1633 2567 γαστριζομένοις
1650 2499 1829 2565 ἁγίοις

252 2586 321 2634 ὲκ
358 2580 894 2655 βασιλέωςῆρμοττε
924 2586 1060 2656 πρὸς
1098 2586 1294 2657 ἡδονήν
1319 2602 1334 2617 ·
1374 2589 1459 2640 ῖνα
1509 2589 1609 2659 τὴν
1643 2590 1830 2657 σφίσιν

251 2675 511 2729 εἰωθυῖαν
556 2676 827 2739 ἐντεῦθεν,
875 2677 951 2739 ῶς
991 2677 1190 2738 ἔοικεν,
1223 2680 1309 2749 εῖη
1369 2680 1691 2750 ἀνειληφόσι
1731 2682 1826 2734 τοῦ

248 2766 588 2837 ι’,γεμονικοῦ
630 2765 934 2838 κάθαρσιν,
965 2767 1395 2840 εὐπλαστότερον
1429 2770 1573 2825 οὕτω
1598 2789 1703 2843 περ
1731 2773 1826 2825 ἐπὶ

251 2859 545 2921 θεσπτείας
590 2858 1068 2928 ἀνατυπουμένου,
1122 2858 1569 2931 θαρραλεώτερόν
1627 2879 1685 2914 τε
1731 2864 1825 2916 καὶ

248 2952 594 3020 ἀδεέστερον,
622 2950 696 3009 ὡς
722 2950 830 3003 ἀπὸ
856 2950 1162 3021 σκήπτρου,
1186 2950 1533 3019 θεμιστεύειν
1561 2954 1654 3007 καὶ
1683 2955 1826 3007 ἀπο-

245 3040 524 3096 δισκεύειν
555 3042 682 3106 τοὺς
728 3042 919 3110 λόγους
959 3044 1070 3105 τοῖς
1105 3043 1409 3113 ἐφημέροις
1437 3045 1594 3115 ἡμῖν,
1621 3044 1823 3115 ἥκιστα

246 3133 575 3202 δυναμένοις
606 3133 718 3185 ἀπὸ
768 3134 975 3195 κοιλίας
1006 3136 1228 3202 φωνεῖν,
1265 3134 1402 3187 ἀλλὰ
1437 3135 1630 3204 μόναις
1657 3139 1823 3205 ἐγκε-

248 3224 449 3294 κυφόσι
494 3225 590 3277 καὶ
622 3225 790 3277 οἱονεὶ⁵
824 3224 1513 3294 προσπεπατταλευμένοις
1559 3229 1679 3291 ταῖς
1712 3245 1821 3282 πα-

243 3318 423 3389 τρίοις
451 3316 673 3386 βίϐλοις,
704 3317 801 3369 καὶ
834 3319 951 3376 ταῖς
970 3317 1179 3369 ἐκεῖθεν
1225 3317 1615 3388 ἐξηρτημένοις
1649 3312 1816 3387 εῖναι,

247 3408 504 3478 καθάπερ
528 3408 919 3478 ἀδαμαντίναις
951 3410 1040 3463 ἀεὶ
1064 3410 1292 3479 σειραῖς,
1317 3409 1661 3479 νομοθεσίαις
1689 3411 1816 3481 δογ-

248 3515 359 3568 ματ
367 3502 533 3562 ικαῖς.

316 3592 397 3645 B’.
427 3592 549 3643 Kal.
567 3588 743 3644 ταῦτα
779 3588 880 3661 μὲν
910 3588 1100 3644 τοῦτον
1134 3589 1260 3662 ἔσχε
1305 3591 1399 3645 τὸν
1447 3592 1649 3664 τρόπον
1670 3609 1683 3626 ⁶
1724 3594 1820 3649 καὶ

240 3685 410 3754 ἡμεῖς
457 3682 614 3745 ἄζηλος
650 3680 836 3735 ἄιλοθι
882 3682 984 3751 τῆς
1036 3681 1311 3751 βασιλείου
1352 3683 1570 3754 ἐκείνης
1618 3685 1816 3755 αὐλῆς,

239 3776 389 3829 κατά
430 3774 692 3842 συζυγίας
724 3772 876 3837 τινάς
922 3775 1017 3826 καὶ
1062 3772 1313 3840 δεκάδας,
1349 3775 1413 3828 ἑκ
1446 3774 1817 3846 διαστήματος

236 3867 431 3939 ἡρέμα
466 3867 559 3920 καὶ
593 3866 755 3937 βάδην
794 3866 1142 3934 σκιδνάμενοι
1180 3866 1466 3935 περιπάτῳ
1498 3866 1813 3938 ἐχρώμεθα,

239 3960 502 4030 καθάπερ
532 3959 582 4011 οῖ
612 3960 669 4012 ὲν
710 3958 1018 4029 ’Λκαδημίᾳ
1057 3957 1143 4030 [Ρ.
1178 3957 1305 4028 565]
1330 3959 1504 4013 πάλαι
1533 3960 1815 4030 Σωκρατι-

236 4051 374 4105 κοί·
415 4050 556 4119 πλὴν
592 4048 626 4119 ἢ
666 4051 748 4103 ὅτι
793 4048 865 4102 τά
918 4049 1038 4102 θεῖα
1076 4049 1177 4118 τῆς
1222 4050 1520 4121 ἐκκλησίας
1552 4053 1686 4122 ἡμῖν
1724 4054 1816 4109 ἐπὶ

239 4146 515 4215 στόματος
542 4142 683 4216 ἦσαν
733 4147 1002 4217 δόγματα.
1029 4143 1212 4201 Ἦσαν
1236 4148 1281 4201 δ’
1312 4147 1364 4201 οἳ
1393 4149 1488 4202 καὶ
1522 4148 1597 4213 ῶς
1623 4152 1815 4219 ετυχεν

236 4240 329 4292 ἐπ’
358 4236 705 4306 αὐτοσχεδίου
737 4239 1024 4309 ἐκάθηντο.
1056 4239 1155 4292 οὐκ
1192 4240 1286 4292 ἐπὶ
1328 4240 1605 4309 ποταμοὺς
1640 4242 1815 4294 Βαϐυη

236 4329 433 4392 λῶνος,
465 4329 600 4400 πρὸς
635 4329 929 4400 Ἀσσυρίαν
957 4330 1146 4402 πόρρω
1184 4331 1445 4398 πατρίδος
1476 4333 1812 4402 αίχμάλωτοι

238 4423 588 4491 ἀπαγόμενοι
615 4437 630 4453 ⁸
662 4421 778 4475 ἀλλ’
811 4423 903 4475 ἐπὶ
934 4423 1036 4494 γῆς
1064 4423 1376 4494 ἀλλοτρίας,
1413 4424 1608 4488 εἰπεῖν,
1652 4426 1812 4479 ἀλλο·

234 4514 413 4582 τρίοις
444 4514 678 4584 δόγμασι
709 4513 947 4584 χρῆσθαι
975 4516 1066 4567 καὶ
1099 4518 1427 4585 προσκυνεῖν
1455 4516 1808 4587 ἀναγκασθη-

236 4608 486 4676 σόμενοι.
537 4606 630 4659 Διὸ
664 4606 759 4659 καὶ
793 4605 958 4658 αὑτοῦ
1007 4607 1399 4677 περιμένοντες
1439 4606 1500 4660 τό
1534 4607 1667 4660 πολὺ
1705 4610 1812 4661 διε-

232 4697 623 4767 τετελέκειμεν
656 4697 753 4767 τῆς
787 4696 1002 4768 ἡμέρας
1059 4696 1340 4768 ὕπαιθροι,
1384 4699 1501 4768 ἃμα
1548 4698 1626 4771 τῷ
1672 4699 1810 4770 ἡλίῳ

230 4790 335 4840 καὶ
369 4789 491 4850 ταῖς
527 4787 767 4857 θεριναῖς
807 4789 1045 4851 ἐκείναις
1081 4791 1288 4857 ἀκμαῖς
1311 4790 1409 4859 τῆς
1434 4790 1680 4861 αἰθερίας
1709 4808 1808 4844 κα-

1840 3506 1888 3570 C

1932 2306 2107 2358 multo
2143 2306 2381 2362 artiﬁcio
2405 2307 2689 2363 elaborata
2726 2308 2982 2386 fuissent,
3030 2296 3089 2365 ut
3115 2310 3255 2364 nihil
3287 2310 3508 2365 deesset

1931 2398 1995 2451 ad
2030 2398 2392 2467 voluptatem.
2426 2415 2589 2469 quam
2624 2403 2827 2455 sanctis
2862 2400 2972 2455 illis
3000 2400 3394 2456 abdominibus
3441 2400 3511 2455 ab

1933 2489 2272 2558 imperatore
2328 2490 2585 2545 adhiberi
2628 2504 2728 2562 par
2767 2500 2915 2547 esset
2953 2508 2969 2545 :
3002 2491 3263 2547 nimirum
3324 2501 3385 2548 ut
3440 2493 3502 2559 ii,

1930 2580 2129 2634 mentis
2150 2579 2268 2634 acie
2292 2580 2455 2636 solito
2491 2581 2595 2636 hoc
2632 2595 2786 2636 more
2823 2591 3135 2653 repurgata,
3166 2591 3223 2637 et
3266 2582 3333 2637 ad
3362 2584 3508 2636 acci-

1927 2671 2155 2741 piendas
2202 2661 2471 2729 divinitus
2520 2672 2764 2730 visiones
2834 2675 2890 2729 in
2929 2674 3212 2730 meliorem
3256 2674 3505 2730 habitum

1928 2750 2242 2826 reformata.
2266 2765 2637 2822 conﬁdentius
2670 2765 2930 2837 deinceps
2952 2775 3008 2821 et
3046 2767 3315 2834 securius,
3344 2768 3509 2839 quasi

1926 2866 2151 2924 sceptro
2173 2856 2358 2926 potiti,
2400 2857 2545 2928 leges
2582 2857 2754 2918 ferre.
2777 2866 2833 2913 et
2855 2858 3017 2914 nobis
3043 2859 3247 2915 vilibus
3265 2859 3509 2916 homun-

1924 2947 2066 3002 culis
2091 2962 2220 3003 suas
2248 2963 2411 3003 voces
2437 2950 2656 3005 eminus
2678 2960 2903 3020 possent
2933 2951 3287 3020 intorquere;
3321 2951 3504 3013 nobis.

1923 3036 2171 3110 inquam,
2212 3040 2307 3109 qui
2343 3040 2478 3095 solis
2519 3041 2741 3097 Patrum
2763 3042 2922 3098 libris
2951 3045 3109 3114 proni
3155 3044 3506 3113 incubantes,

1921 3138 1980 3186 et
2016 3129 2168 3185 velut
2198 3130 2372 3196 afﬁxi,
2410 3146 2574 3189 voces
2598 3148 2630 3189 e
2660 3143 2852 3190 ventre
2898 3135 3099 3191 elicere
3135 3137 3363 3193 minime
3417 3138 3508 3193 di-

1920 3221 2269 3291 dicissemus,
2301 3226 2396 3281 sed
2433 3226 3021 3299 illorumidogmaticis
3052 3231 3287 3301 legibus,
3328 3231 3501 3287 veluti

1920 3302 2087 3371 noilis
2135 3316 2464 3387 quibusdam
2523 3318 2917 3387 adamantinis,
2984 3322 3239 3379 obstricti
3296 3324 3503 3393 pende-

1921 3418 2131 3459 remus.

1992 3585 2059 3641 ll.
2096 3584 2164 3641 Et
2201 3585 2318 3642 haec
2355 3585 2578 3657 quidem
2619 3587 2693 3644 ita
2740 3602 2800 3645 se
2831 3588 3158 3645 babuerunt-
3219 3590 3330 3645 Nos
3374 3607 3504 3646 vero

1919 3675 2012 3731 alii
2036 3676 2143 3732 alio
2174 3692 2271 3745 per
2305 3677 2670 3747 imperatoriae
2717 3677 2914 3738 domus
2971 3681 3175 3733 atrium
3236 3679 3499 3749 dispersi,

1920 3778 1978 3823 et
2008 3767 2163 3838 quasi
2190 3767 2244 3822 in
2276 3768 2485 3825 classes
2517 3777 2571 3824 et
2610 3768 2858 3826 decurias
2888 3785 2984 3826 cer
3008 3772 3291 3829 intervalla
3315 3774 3502 3830 distri-

1918 3859 2054 3924 buti,
2092 3860 2382 3931 tranquille
2398 3868 2455 3916 et
2483 3861 2631 3917 lento
2657 3862 2826 3932 gradu
2843 3862 3286 3928 ambulabamus,
3310 3880 3502 3935 quem-

1917 3952 2211 4006 admodum
2242 3952 2371 4006 olim
2408 3952 2464 4007 in
2518 3953 2807 4007 Academia
2860 3954 3122 4010 Socratici
3175 3956 3498 4023 audito:cs;

1917 4043 2022 4098 nisi
2052 4043 2199 4114 quod
2245 4043 2408 4100 nobis
2448 4043 2630 4098 divina
2674 4026 2944 4100 'Ecclesia:
2994 4046 3245 4117 dogmata
3302 4050 3358 4101 in
3403 4063 3499 4102 ore

1915 4145 2093 4193 erant.
2125 4135 2356 4202 Quidam
2391 4135 2554 4191 etiam
2588 4137 2644 4191 in
2674 4137 2901 4192 sedibus
2931 4140 3159 4195 fortuito
3205 4151 3260 4195 et
3290 4148 3499 4198 temere

1914 4229 2110 4284 oblatis
2135 4227 2515 4293 considebant,
2546 4243 2653 4282 non
2693 4229 2768 4282 illi
2796 4228 3016 4299 quidem
3053 4245 3221 4299 super
3265 4231 3492 4288 ﬁumina

1915 4319 2228 4392 Babylonis,
2262 4321 2316 4373 in
2345 4319 2618 4391 Assyriam
2642 4319 2799 4390 longe
2821 4335 2851 4373 a
2886 4320 3057 4389 patria
3089 4322 3291 4392 captivi
3315 4322 3497 4378 abdu-

1913 4416 2022 4482 cti;
2056 4424 2111 4470 at
2138 4414 2302 4469 iidem
2340 4423 2520 4468 tamen
2558 4412 2612 4465 in
2640 4422 2797 4467 terra
2851 4413 3260 4482 quodammodo
3330 4431 3496 4486 pere-

1911 4511 2064 4579 grina
2098 4522 2219 4563 eam
2259 4508 2368 4561 vim
2401 4505 2661 4571 subituri,
2708 4505 2880 4576 898
2929 4521 3052 4575 qu:e
3096 4506 3221 4562 illos
3277 4516 3501 4577 cogeret

1909 4589 2198 4670 peregrina
2228 4598 2481 4667 dogmata
2513 4597 2765 4667 amplecti
2784 4608 2840 4652 et
2871 4597 3119 4653 adorare.
3169 4598 3359 4668 Itaque
3388 4599 3501 4655 illic

1909 4705 2158 4762 magnam
2180 4690 2287 4745 diei
2317 4687 2522 4760 partem
2541 4689 2909 4759 exspectando
2928 4691 3388 4758 consumpsimus,
3413 4691 3497 4746 id-

1908 4801 2015 4857 que
2046 4782 2150 4839 sub
2179 4782 2292 4844 dio,
2323 4781 2438 4836 sole
2491 4790 2547 4836 et
2594 4780 2799 4844 agstazis
2836 4780 3124 4835 ardoribus
3178 4783 3495 4840 torrefacti;

235 4880 399 4947 μίνου
457 4878 804 4948 φλεγόμενοι,
831 4877 980 4932 ἔνδον
1022 4879 1129 4947 τῶν
1175 4879 1527 4949 θεωρητικῶν
1580 4881 1809 4938 ἐκείνων

1925 4893 2036 4934 cum
2057 4876 2262 4931 interea
2282 4872 2523 4943 praeclari
2544 4872 2620 4928 illi
2645 4871 3101 4941 contemplatores
3121 4872 3350 4943 mystico
3368 4889 3499 4930 con-

184 4962 191 4970 ’
230 4966 637 5037 εὐωχουμένων
673 4966 882 5037 ἀνδρῶν
914 4966 1345 5036 μυστικώτερον.

301 5056 381 5111 I".
420 5058 582 5127 ’Δρτι
613 5056 672 5110 δὲ
706 5056 800 5111 τοῦ
851 5056 1003 5127 ἡλίου
1057 5060 1185 5129 περὶ
1235 5060 1508 5132 σταθερὰν
1555 5061 1801 5133 ἀκριϐῶς

227 5150 534 5220 γενομένου
565 5153 667 5218 τὴν
701 5152 1080 5223 μεσημϐρίαν,
1118 5153 1210 5207 ἐπὶ
1254 5154 1345 5208 τὸν
1385 5153 1610 5224 Ἀλεξίῳ
1636 5157 1806 5210 πάλαι

227 5243 307 5313 τῷ
342 5241 556 5313 βασιλεῖ
582 5242 891 5315 δομηθέντα
919 5243 1193 5317 μετῄεσαν
1243 5244 1522 5316 τρίκλινον
1543 5263 1558 5278 ·
1583 5248 1715 5302 ἔνθα
1742 5249 1807 5319 δὴ

225 5334 616 5403 προκειμένων
643 5335 754 5394 τῶν
781 5337 1021 5407 βάθρων,
1058 5337 1106 5388 οί
1150 5338 1428 5408 ἀρχιερεῖς
1470 5339 1566 5392 καὶ
1593 5340 1641 5392 οί
1672 5356 1807 5410 πρε-

224 5423 486 5496 σϐύτεροι
520 5426 789 5498 συνῄεσαν
818 5426 934 5498 ἅμα
966 5427 1045 5502 τῷ
1069 5428 1301 5499 βασιλεῖ,
1345 5427 1803 5500 συνδιασκεψόμε-

1910 4969 2056 5025 vivio
2088 4981 2209 5025 sese
2236 4968 2386 5020 intus
2413 4964 2756 5021 sanctissime
2779 4962 3135 5018 oblectarent.

1983 5061 2071 5117 lll.
2099 5059 2327 5114 Demum
2354 5055 2491 5111 hora
2520 5056 2634 5125 ipsa
2671 5052 2992 5113 meridiana.
3034 5068 3159 5108 cum
3199 5054 3332 5112 solis
3386 5056 3499 5112 ier-

1915 5170 2014 5209 vor
2039 5151 2310 5206 maximus
2336 5158 2443 5214 est,
2472 5146 2529 5201 in
2562 5146 2858 5202 triclinium
2888 5145 2957 5200 ab
3001 5146 3193 5201 Alexio
3251 5149 3491 5218 impera.

1916 5255 2034 5302 tore
2058 5244 2332 5315 quondam
2375 5247 2717 5295 exstructum
2756 5246 3062 5303 transeunt,
3107 5247 3272 5308 atque
3338 5240 3492 5309 illuc,

1912 5336 2230 5408 praeparatis
2254 5336 2366 5406 jam
2405 5330 2708 5396 subselliis,
2756 5328 3047 5400 pontiﬁces
3095 5338 3152 5384 et
3180 5316 3491 5402 presbytei-j

1909 5445 2017 5485 una
2040 5444 2163 5484 cum
2191 5427 2523 5497 imperatore
2556 5425 2910 5491 conveniunt,
2947 5422 3303 5480 deliberaturi
3346 5425 3490 5482 inter

1568 5548 1904 5611 Variorum
1943 5557 2125 5610 notae.

298 5640 416 5780 με)
454 5641 735 5698 Hominum
766 5646 995 5712 scilicet,
1025 5648 1115 5715 qni
1145 5649 1490 5704 austeriorem
1520 5650 1635 5704 vita:
1668 5650 2004 5723 disciplina»:
2030 5651 2250 5722 professi
2275 5661 2423 5708 sicut.
2464 5651 2675 5709 ΒοινιΝ-

328 5714 420 5778 29)
453 5712 671 5770 llomer.
714 5713 881 5771 Iliad.
915 5733 968 5780 ν,
1004 5718 1127 5773 542.
1158 5720 1366 5773 Doms.
2394 5762 2397 5763 ν

328 5714 420 5778 29)
453 5712 671 5770 llomer.
714 5713 881 5771 Iliad.
915 5733 968 5783 v,
1004 5712 1127 5773 διε.
1158 5720 1366 5773 Borvln.
