4018 6206
541 252 681 315 1159

827 248 904 317 la.
949 265 1003 303 ν.
1038 247 1196 313 6859,
1241 263 1348 302 1ND.
1388 246 1443 320 4]

1694 252 2110 313 NICEPHORI
2145 254 2531 315 GREGORRE

2805 250 2934 324 [ιυιι.
2975 266 3018 304 ι.
3059 264 3342 306 cun-mox.
3376 248 3434 323 5]

3603 257 3723 322 1160

529 379 609 427 se.
640 374 927 432 antequam
964 376 1063 416 nos
1089 360 1525 425 introducemur,
1552 362 1829 429 quomodo
1851 377 1940 424 ea,
1975 376 2099 429 quae

2205 381 2303 427 vat,
2334 365 2467 433 πρὶν
2511 364 2657 434 ἡμᾶς
2687 362 2938 424 εἰσιέναι,
2968 361 3036 414 τὰ
3065 362 3229 414 παλαι
3256 361 3510 424 πολλάκις
3534 365 3729 437 μελετη-

451 518 464 533 ο
526 454 849 527 jampridem
917 452 1533 528 animo‘meditarentur
1587 463 1643 507 et
1683 452 1977 512 adversum
2007 467 2105 506 nos

529 554 822 610 Struerent,
846 543 1027 599 oblata
1057 544 1273 599 tandem
1300 545 1610 611 occasione,
1671 544 1830 599 facile
1872 545 1950 598 ad
1988 543 2104 598 exi-

529 649 643 694 tum
676 638 991 707 perducturi
1015 647 1230 702 essent;
1263 637 1337 692 ita
1367 646 1426 691 ut
1483 654 1608 692 mox
1632 637 1853 693 aﬂuturi
1893 636 2107 691 audito-

528 747 618 786 res
644 745 752 785 non
793 730 1181 800 intelligerent,
1213 730 1399 783 dolum
1431 744 1559 784 eum
1588 744 1710 784 esse
1730 728 1916 782 multis
1943 727 2104 782 annis

529 821 855 878 fabricatum
902 830 958 876 et
1003 820 1297 876 artiﬁciose
1340 823 1726 891 compositum.
1774 820 2015 874 Tandem
2050 827 2107 873 et

529 931 631 969 nos
702 929 940 984 quoque,
994 929 1025 967 a
1065 910 1394 980 janitorilius
1452 912 1648 975 vocati,
1731 912 2101 965 introivimus.

530 1006 669 1059 Tum
704 1007 884 1060 statim
910 1005 1205 1073 imperator
1222 1005 1528 1073 appositum
1560 1001 1915 1073 Evangelium
1949 1000 2105 1056 brevi

531 1099 849 1152 adoratione
874 1103 1198 1166 prosecutus
1218 1104 1321 1158 est,
1364 1096 1523 1149 nobis
1554 1078 1814 1149 videlicet
1845 1107 1909 1148 ea
1938 1108 2103 1164 opera

531 1188 929 1243 satisiaclttrus.
956 1186 1089 1240 Nam
1122 1197 1179 1241 ut
1201 1187 1533 1241 sacrosancti
1561 1186 1698 1241 sexti
1735 1185 1956 1241 concilii
2014 1199 2107 1254 ge-

532 1279 736 1332 neralis
762 1288 881 1333 acta
908 1278 1324 1340 exhiberentur,
1355 1286 1517 1347 prout
1548 1286 1768 1331 cautum
1798 1283 1943 1330 esset
1972 1290 2107 1330 con-

532 1371 816 1424 stitutione
836 1369 1098 1439 principis
1131 1368 1223 1423 illo
1258 1376 1505 1436 tempore
1553 1367 1893 1436 imperantis,
1937 1372 2005 1441 et
2045 1374 2107 1420 ut

532 1476 677 1516 nunc
699 1476 916 1530 quoque
943 1460 1306 1530 praesentibus
1355 1459 1516 1513 nobis
1576 1460 1881 1528 juraretur,
1937 1457 2103 1511 etiam

531 1563 693 1622 atque
723 1554 885 1607 etiam
920 1548 1311 1621 petieramus.’
1337 1551 1548 1605 Deinde
1581 1560 1639 1604 et
1699 1550 1815 1619 ipse
1849 1548 2014 1615 sedit,
2050 1555 2107 1602 et

532 1660 630 1698 nos
662 1645 826 1698 etiam
867 1643 1029 1698 simul
1065 1658 1191 1697 cum
1225 1641 1349 1695 aliis
1368 1641 1562 1696 sedere
1586 1640 1774 1712 jussit.
1808 1640 1832 1711 1

2206 452 2366 505 θέντα
2395 469 2455 504 τε
2486 453 2581 505 καὶ
2603 449 3043 504 συσκευασθέντα
3073 442 3415 520 βουλεύματα
3436 452 3551 505 καθ’
3574 455 3726 525 ἡμῶν,

2206 544 2324 606 πῶς
2353 544 2419 596 ἂν
2456 545 2550 596 ἐπὶ
2580 542 2774 611 καιροῦ
2799 542 2895 595 νῦν
2933 545 3014 604 είς
3048 544 3221 611 πέρας
3251 543 3405 611 ἄγειν
3455 544 3538 613 εῖη
3570 547 3730 610 αὐτοῖς

2204 636 2447 697 εὐπετῶς
2470 653 2525 688 τε
2553 639 2647 690 καὶ⁵
2666 636 2742 699 ὡς
2768 637 2835 690 ἂν
2857 639 2966 699 τοῖς
2998 637 3264 707 παροῦσιν
3287 639 3576 705 ἀκροαταῖς
3598 639 3731 706 ἀγνο-
3812 661 3816 664 ⁴

2204 728 2393 799 ηθείη,
2425 727 2658 782 λαθόντα
2699 730 2781 782 ὃτι
2813 729 2908 794 ξὺν
2940 730 3078 800 δόλῳ
3129 729 3442 800 πέπρακταί
3471 747 3530 783 τε
3555 732 3642 784 ml
3663 733 3732 785 δε-

2202 820 2688 890 δραματούργηται
2716 821 2987 877 πολυετεῖ.
3021 822 3317 893 Εῑσῂειμεν
3343 821 3389 873 δ’
3418 817 3509 875 οὖν
3542 822 3631 891 ὀψὲ
3656 825 3733 877 καὶ

2206 916 2389 982 ἡμεῖς,
2416 914 2526 966 τῶν
2561 913 2827 984 θυρωρῶν
2857 914 3235 970 καλεσάντων.
3289 915 3399 967 Καὶ
3443 914 3472 964 ὁ
3512 912 3732 981 βασιλεὺς

2205 1006 2366 1069 εὐθὺς
2385 1004 2462 1074 τῷ
2490 1005 2794 1076 εὐαγγελίῳ
2818 1005 3213 1075 παρακειμένῳ
3244 1003 3604 1075 προσκύνησιν
3623 1008 3731 1058 ἁπο-

2205 1101 2400 1170 νείμας
2440 1100 2720 1171 βραχεῖαν,
2750 1100 2907 1171 ἡμῶν
2940 1116 3003 1166 γε
3039 1099 3246 1163 εἵνεκα,
3305 1096 3474 1150 πολλὰ
3509 1099 3733 1161 πολλάκις

2205 1193 2303 1253 τὰς
2330 1193 2429 1262 τῆς
2455 1193 2605 1256 θείας
2634 1194 2728 1246 κα)⁵
2771 1190 3155 1261 οἰκουμενικῆς
3199 1191 3367 1258 ἕκτης
3396 1188 3605 1242 συνόδου
3630 1208 3733 1259 προ-

2204 1285 2428 1354 τεθῆναι
2468 1286 2695 1355 πράξεις
2721 1283 3133 1345 ἀπαιτούντων,
3170 1283 3315 1334 κατὰ
3369 1282 3467 1349 τὴν
3511 1282 3617 1334 ἐκεῖ
3656 1281 3733 1333 τοῦ

2205 1374 2325 1426 τότε
2359 1373 2622 1442 βασιλέως
2643 1375 2995 1433 κατάστασιν,
3020 1372 3113 1424 καὶ
3138 1370 3268 1432 τοὺς
3296 1370 3493 1438 ὅρκους
3515 1368 3736 1435 γενέσθαι

2205 1464 2305 1518 καὶ
2332 1464 2432 1517 νῦν
2489 1465 2573 1531 ἐφ’
2622 1462 2817 1532 ἡμῶν
2855 1461 3044 1515 ιπειτα
3098 1460 3264 1523 αὐτός
3294 1476 3354 1511 τε
3409 1458 3617 1512 ἐκάθισε
3660 1460 3736 1511 καὶ

2205 1556 2323 1626 ἅμα
2359 1553 2493 1622 ὁμοῦ
2522 1556 2635 1617 τοῖς
2666 1554 2849 1618 ἄλλοις
2879 1551 3222 1622 καθεσθῆναι
3259 1551 3626 1622 προύτρὲψατο
3658 1553 3737 1603 καὶ

2208 1647 2375 1717 ἡμᾶς.

603 1735 687 1787 IV.
720 1739 898 1804 Atque
928 1734 1018 1788 ille
1053 1733 1205 1802 loqui
1228 1744 1459 1787 exorsus
1504 1730 1739 1785 orationi
1770 1745 1883 1785 suae
1930 1729 2101 1784 inter-

2275 1739 2347 1789 A'.
2384 1735 2580 1804 Λέγειν
2605 1733 2651 1788 δ’
2681 1732 2992 1804 ἀρξάμενος
3045 1732 3364 1803 παρεμίγνυ
3396 1731 3504 1793 τοῖς
3530 1729 3734 1797 λεγομέ-

533 1828 748 1883 serebat
769 1828 1079 1895 juramenta
1102 1825 1348 1894 quredam
1390 1840 1521 1895 vaga
1555 1833 1610 1877 et
1667 1822 1949 1892 perplexa,
1998 1820 2103 1875 sibi

532 1918 712 1988 ipsiet
744 1917 933 1971 liberis
984 1916 1100 1970 suis
1145 1916 1380 1972 exitium
1428 1914 1584 1985 quasi
1639 1910 2013 1982 iinprecando,
2057 1910 2105 1965 si

534 2005 729 2077 quovis
770 2005 935 2079 modo
986 2006 1145 2060 alteri
1202 2006 1347 2076 parti
1394 2005 1643 2058 faveret:
1676 2010 1942 2070 erantque
1988 2001 2108 2071 ejus

531 2096 699 2166 899
724 2096 888 2160 dicta,
915 2104 976 2149 ut
1007 2110 1064 2149 re
1100 2098 1214 2163 ipsa
1247 2094 1449 2164 patuit,
1498 2092 1836 2147 dilennnata.
1895 2089 2104 2160 Ecquid

533 2202 696 2255 porro
738 2174 960 2250 mirum,
994 2184 1086 2239 ubi
1128 2185 1217 2239 ille
1259 2199 1346 2237 am
1372 2182 1499 2238 inde
1557 2183 1627 2237 ab
1658 2182 1820 2236 initio
1847 2196 1970 2235 cum
2001 2181 2105 2234 Pa-

533 2281 674 2334 lama
740 2279 901 2351 plane
954 2277 1330 2348 conspirabat,
1393 2287 1449 2331 et
1482 2276 1601 2346 ejus
1652 2271 2104 2329 consuetudinem

535 2368 672 2421 tanti
712 2366 970 2435 faciebat,
1001 2377 1063 2422 ut
1090 2383 1211 2431 eam
1247 2366 1339 2421 diu
1370 2375 1646 2434 noctuque
1676 2363 1911 2433 publicis
1936 2375 2104 2430 nego-

533 2457 622 2513 tiis
646 2458 967 2528 urgentibus
994 2456 1368 2523 antehaberet,
1387 2452 1588 2510 etcum
1615 2470 1679 2508 eo
1700 2452 1853 2507 dolos
1875 2464 2105 2506 consue-

532 2559 618 2604 ret
641 2564 704 2604 ac
752 2551 897 2604 retia
930 2548 1399 2615 nobistenderet;
1428 2547 1679 2615 idemque
1704 2557 1827 2624 ‘tam
1880 2544 2106 2625 privatis

531 2658 695 2712 quam
733 2641 973 2713 publicis
998 2641 1346 2697 sermonibus
1378 2654 1592 2694 meeum
1631 2638 1711 2692 sic
1741 2636 1937 2693 solitus
1959 2643 2105 2691 esset

532 2749 796 2805 pugnare,
827 2743 888 2788 ut
909 2735 1027 2804 ipso
1058 2732 1228 2787 etiam
1251 2732 1474 2787 Palama
1500 2729 1793 2784 violentior
1810 2742 1935 2783 esse
1960 2727 2106 2780 vide-

534 2825 724 2879 retur?
751 2825 946 2895 itaque
976 2825 1087 2890 ille,
1110 2840 1234 2880 cum
1261 2823 1617 2894 promittebat
1653 2836 1711 2875 se
1740 2818 2102 2901 ergaalteram

535 2923 745 2986 partem
785 2931 1060 2986 propenso
1089 2916 1275 2969 animo
1310 2914 1455 2969 baud
1484 2914 1622 2977 fore,
1649 2911 1692 2965 si
1718 2926 1817 2964 nos
1842 2911 1989 2964 solos
2020 2924 2105 2963 rc-

534 3006 733 3075 spexit,
762 3020 870 3059 non
904 3005 1183 3074 pejeravit‘
1214 3002 1460 3072 quidem,
1521 3009 1578 3055 at
1643 3002 1884 3053 animam
1946 3012 2102 3051 suam

534 3098 793 3167 perdidit,
824 3097 1107 3165 antiquum
1128 3097 1279 3149 illum
1302 3093 1572 3148 llerodem
1601 3091 2103 3162 prorsusimitatus;

534 3192 651 3259 qui,
691 3190 1011 3258 pr0pltetam
1043 3203 1165 3241 eum
1192 3187 1492 3249 occideret,
1539 3178 1731 3239 sceleri
1793 3199 1894 3238 suo
1931 3184 2104 3251 jusju-

546 3280 768 3334 :andum
814 3278 1179 3350 praetexebat.
1214 3277 1368 3343 Quod
1399 3279 1441 3331 si
1469 3284 1719 3331 neutram
1767 3266 1975 3343 partem
2016 3287 2106 3327 re-

535 3372 747 3441 spicere
776 3385 929 3425 mens
955 3369 1314 3439 jurisjurandi
1344 3369 1547 3439 potuit,
1610 3368 1702 3424 sed
1742 3381 1895 3435 aequa
1951 3365 2106 3419 lance

540 3477 831 3533 suspensus
852 3462 1079 3517 all'ectus
1113 3477 1295 3531 parem
1351 3476 1410 3515 se
1442 3460 1693 3529 utrisque
1737 3457 1979 3527 praebere
2008 3454 2105 3509 de-

536 3565 799 3621 ‘reverat,
827 3560 989 3622 atque
1042 3552 1131 3606 ille
1182 3550 1380 3604 deinde
1427 3549 1625 3620 juratis
1679 3539 1802 3601 non
1844 3545 1995 3600 stetit
2028 3543 2104 3611 (id

533 3648 680 3715 quod
713 3661 771 3699 re
808 3645 923 3714 ipsa
982 3643 1300 3707 declaravit,
1362 3656 1485 3696 cunt
1509 3640 1565 3695 in
1627 3640 1840 3693 theatro
1873 3637 1966 3691 illo
1994 3635 2105 3689 fre-

534 3733 912 3804 quentissimo
939 3732 1185 3802 corrupit
1242 3732 1383 3801 juris
1435 3730 1773 3800 aequitatem)
1824 3739 2105 3794 nunquam

534 3836 680 3880 certe
710 3824 935 3894 perjurii
966 3824 1176 3878 crimen
1201 3822 1448 3891 eﬂugiet,
1482 3821 1577 3891 qui
1608 3835 1706 3875 sua
1732 3826 1923 3889 sponte
1953 3830 2105 3870 com-

536 3916 687 3968 misit
720 3922 946 3969 utesset
978 3914 1258 3983 perjurus.

609 4005 672 4059 ν.
705 4006 911 4075 Nempe
964 4006 1077 4070 ille,
1101 4004 1349 4060 eamdem
1416 4004 1650 4059 Palama:
1706 4013 1762 4058 et
1806 4006 1890 4060 sui
1934 4006 2106 4076 ipsius

537 4099 753 4152 ruinam
820 4111 942 4152 esse
995 4108 1267 4160 statuens.
1297 4106 1424 4151 cuni
1468 4112 1615 4151 nunc
1661 4097 1895 4162 videret,
1944 4101 2106 4155 aliter

536 4205 698 4259 quam
727 4196 1035 4257 putaverat,
1084 4189 1289 4241 nostris
1345 4186 1810 4255 disputationibus
1859 4187 2106 4245 funditus

537 4279 837 4350 proﬂigari,
871 4292 1109 4347 puppem
1175 4278 1229 4331 in
1269 4276 1451 4331 medio
1486 4291 1649 4331 cursu
1700 4281 2009 4346 contorsit;
2048 4290 2105 4335 et

2206 1843 2314 1888 νοις
2347 1827 2439 1878 καὶ
2476 1826 2678 1895 ὅρκους
2711 1823 3144 1892 διεσπασμένους
3185 1821 3341 1881 τινὰς
3388 1820 3481 1873 καὶ
3512 1821 3735 1885 αἰνιγμα-

2204 1916 2415 1981 τώδεις,
2438 1914 2787 1986 ὲπαρώμενός
2818 1931 2936 1978 πως
2955 1912 3135 1982 ἑαυτῷ
3156 1912 3258 1965 καὶ
3285 1912 3494 1966 τέκνοις
3522 1908 3733 1978 δλεθρον,

2207 2009 2256 2059 εἰ
2280 2008 2359 2076 τῷ
2386 1991 2669 2076 ἔνι’μέρει
2711 2005 3006 2076 πρόσθοιτο
3048 2006 3151 2074 τὴν
3187 2003 3419 2074 γνώμην
3447 2001 3728 2055 ὁποσονοῦν.

2207 2098 2313 2151 Καὶ
2346 2094 2437 2169 ἦν,
2478 2098 2555 2162 ὡς
2588 2097 2789 2163 ἔδειξεν
2824 2099 2917 2151 ἐπὶ
2944 2096 3055 2149 τῶν
3103 2096 3308 2167 ἔργων,
3353 2094 3650 2163 διλήμματα
3674 2093 3731 2143 τὰ

2207 2186 2587 2256 φθεγγόμενα·
2620 2188 2716 2240 καὶ
2759 2186 2876 2250 πῶς
2926 2186 3025 2255 μὲν
3054 2184 3115 2239 οὗ
3139 2203 3154 2217 ·
3189 2184 3270 2256 τῷ
3323 2184 3551 2253 Παλαμᾷ
3576 2182 3635 2235 τὰ
3660 2180 3732 2232 to:

2207 2279 2382 2331 πνέων
2405 2277 2462 2344 ἐξ
2484 2278 2676 2348 ἀρχῆς,
2699 2277 2794 2330 καὶ
2818 2276 3035 2348 νύκτωρ
3065 2277 3159 2330 καὶ
3191 2275 3313 2345 μεθ’
3336 2275 3540 2345 ἡμέραν
3558 2272 3732 2342 προύρ-

2206 2372 2490 2439 γιαιτέραν
2518 2370 2628 2422 τῶν
2660 2369 2764 2422 ἀνὰ
2798 2370 2987 2439 χεῖρας
3022 2367 3351 2437 ποιούμενος
3378 2364 3632 2435 δημοσίων
3651 2365 3730 2431 τὴν

2207 2460 2370 2515 αὐτοῦ
2427 2461 2665 2530 ὁμιλίαν,
2717 2458 3021 2513 καὶταῦτα
3075 2460 3413 2529 συρῤἀπτων
3457 2455 3571 2509 καθ’
3601 2455 3729 2524 ἡμῶν

2207 2553 2304 2605 καὶ
2340 2552 2692 2615 συσκευάζων
2743 2551 2960 2617 δίκτυα,
2986 2549 3160 2620 κάμοὶ
3196 2549 3430 2617 λογικῶς
3466 2547 3731 2617 μαχόμενος

2210 2648 2315 2718 ίδίᾳ
2346 2649 2440 2699 καὶ
2467 2644 2700 2715 δημοσίᾳ
2725 2643 3028 2713 βιαιότερον
3055 2643 3086 2712 ἢ
3119 2641 3245 2694 κατ’
3273 2640 3433 2694 αὐτὸν
3457 2640 3614 2691 εἰπεῖν
3641 2637 3729 2689 [Ια-

2208 2736 2411 2804 λαμᾶν;
2443 2736 2504 2788 Εἰ
2535 2731 2630 2788 οὖν
2664 2734 2725 2788 τὸ
2748 2734 3020 2804 ἡμέτερον
3048 2732 3250 2802 ἔϐλεψε
3286 2731 3447 2801 μέρος
3478 2718 3729 2791 traham}:

2205 2826 2304 2896 τὴν
2339 2824 2565 2896 γνώμην
2596 2825 2781 2895 ἥκισθ’
2816 2825 3132 2894 ὐπισχνοῖτο
3164 2822 3568 2894 προστίθεσθαι,
3586 2818 3727 2885 εὐώρο

2208 2928 2341 2979 κησε
2374 2913 2475 2982 μέν
2509 2927 2522 2940 ·
2549 2911 2887 2966 ἀπολωλέναι
2921 2912 2967 2965 δ’
2995 2913 3144 2982 ὅμως
3202 2914 3455 2979 πέπραχε
3482 2909 3572 2980 τὴν
3624 2909 3727 2959 ἐαυ-

2205 3000 2299 3054 τοῦ
2328 3001 2526 3072 ψυχὴν,
2560 3005 2639 3065 εἰς
2672 3002 2928 3073 Ἡρώδην
2959 3004 3049 3057 τὸν
3081 3002 3251 3069 παλαι
3276 3004 3374 3073 τὴν
3402 3000 3614 3072 μίμησιν
3648 2996 3725 3049 ἇν-

2207 3110 2400 3161 τικρυς
2429 3093 2759 3161 ἀνενεγκὼν,
2786 3094 2844 3157 ὃς
2878 3095 3326 3163 προφητοκτόνου
3359 3092 3625 3163 πρόὕλημα
3647 3105 3727 3140 και

2208 3186 2333 3247 κίας
2383 3185 2475 3238 τὸν
2508 3186 2670 3256 ὅρκον
2714 3185 3029 3253 πεποίηται.
3081 3185 3146 3238 El
3202 3186 3263 3238 δὲ
3316 3184 3449 3253 πρὸς
3489 3181 3727 3244 οὐδέτερον

2210 3276 2447 3346 βλέπειν
2469 3278 2597 3346 ἐνῆν
2646 3279 2760 3331 τοῖν
2797 3280 2989 3348 μεροῖν
3040 3277 3140 3347 τὴν
3169 3278 3269 3332 τοῦ
3309 3277 3470 3348 ὅρκου
3507 3276 3724 3333 διάνοιαν,

2206 3366 2324 3420 ἀλλ’
2359 3367 2627 3438 ἰσόρροπα
2665 3367 2752 3421 ἐπ’
2786 3370 2993 3435 ἀμφοῖν
3020 3366 3089 3421 τὰ
3114 3367 3221 3437 τῆς
3245 3366 3465 3437 γνώμης
3493 3363 3725 3434 ἐκρέματο

2206 3459 2466 3523 τάλαντα,
2504 3461 2617 3523 τοῖς
2645 3457 2691 3511 δ’
2722 3457 2806 3530 [Ρ.
2834 3457 2959 3529 566]
2978 3459 3392 3530 ὀμωμοσμένοις
3410 3455 3576 3527 ἥκισθ’
3600 3452 3727 3505 ὓστε-

2178 3615 2181 3623 η
2211 3568 2301 3620 ρον
2331 3552 2629 3622 ἐνέμεινεν,
2660 3551 2735 3614 ώς
2782 3552 2964 3622 ἔργοις
2997 3552 3199 3618 ἔδειξεν
3248 3552 3445 3615 αὐτοῖς,
3488 3545 3723 3615 καπηλεύ-

2209 3660 2305 3705 σας
2345 3644 2440 3699 ἐπὶ
2469 3642 2698 3713 θεάτρου
2729 3645 2987 3697 τοσούτου
3015 3645 3113 3714 τὴν
3137 3645 3325 3715 δίκην,
3350 3644 3442 3705 τὰς
3461 3641 3551 3709 τῆς
3570 3643 3722 3703 ἐπιορ-

2206 3735 2326 3798 κίας
2348 3735 2449 3787 οὐκ
2479 3735 2544 3789 ἄν
2576 3750 2705 3787 ποτε
2727 3734 2997 3805 λοιδορίας
3020 3735 3276 3806 ἐκφύγοι,
3305 3734 3488 3791 ἑαυτὸν
3507 3730 3723 3797 ἐπίορκον

2205 3825 2533 3896 αὐθαίρετον
2563 3827 2881 3917 πεπραχώς.

2278 3998 2359 4054 Ε’.
2405 3998 2634 4053 Ἐαυτοῦ
2658 4001 2766 4070 γὰρ
2793 4001 2891 4071 τὴν
2909 4002 3002 4055 τοῦ
3022 4002 3259 4073 Παλαμᾶ
3292 4003 3613 4072 λογιζόμενος
3647 3990 3723 4069 ἧτ-

2208 4101 2325 4157 ταν,
2350 4094 2534 4160 ἔπειτ’,
2549 4092 2695 4149 ἰδὼν.
2718 4093 2793 4155 ὡς
2815 4093 2914 4145 οὐκ
2932 4091 3090 4163 ᾤετο,
3116 4094 3261 4147 κατὰ
3282 4100 3472 4162 κράτος
3496 4094 3591 4149 τοῖς
3613 4089 3724 4155 ἠμε-

2203 4189 2381 4256 τέροις
2410 4186 2720 4256 ἡττώμενον
2750 4186 2953 4252 λόγοις,
2985 4186 3241 4256 πρύμναν
3266 4204 3324 4251 τε
3373 4189 3431 4237 ἐν
3476 4186 3601 4261 μέσῃ
3645 4196 3721 4229 πο-

2210 4280 2327 4348 ρείᾳ⁸
2357 4280 2655 4347 ἐκρούσατο
2683 4277 2777 4329 καὶ
2805 4278 2967 4349 ῥίψας
2997 4282 3097 4348 τὴν
3140 4278 3429 4347 ἀλωπεκῆν
3464 4278 3607 4336 εὐθυς
3637 4274 3719 4339 τὴν

538 4373 759 4439 vulpina
805 4371 1013 4440 abjecta
1059 4369 1242 4424 statim
1296 4364 1535 4422 ursinam
1569 4370 1764 4439 pellem
1795 4370 1991 4435 induit,
2023 4381 2102 4427 to-

2207 4369 2473 4438 ἁρκτικὴν
2503 4367 2780 4436 μετενέδυ,
2837 4360 2932 4421 καὶΔ
2964 4370 3124 4446 ἄλλος
3177 4371 3294 4434 ὅλος
3315 4372 3372 4434 ἐξ
3404 4368 3552 4423 ἄλλου
3593 4361 3718 4418 καθί-

540 4474 737 4532 tusque
773 4477 837 4515 ex
868 4461 976 4514 alio
1009 4460 1150 4515 alius
1189 4462 1396 4537 evasit;
1435 4474 1537 4515 nec
1580 4474 1639 4515 se
1668 4461 1901 4531 amplius
1928 4462 2106 4532 potuit

537 4554 816 4616 cohibere,
849 4551 983 4621 quin
1024 4561 1080 4606 et
1130 4550 1548 4617 vociferaretur,
1567 4557 1636 4603 “et
1684 4552 1931 4615 uos,nisi
1963 4561 2107 4608 tace-

447 4640 453 4651 ’
538 4660 742 4710 remus,
773 4644 935 4698 minis
980 4651 1216 4697 terreret
1247 4642 1490 4711 :quippe
1526 4642 1669 4695 haud
1697 4642 1957 4697 ferendos
1985 4659 2106 4700 esse

539 4752 660 4799 nos,
705 4737 797 4805 qui
850 4736 902 4787 in
962 4735 1083 4805 ejus
1133 4734 1296 4787 domo
1333 4743 1446 4786 tum
1494 4733 1639 4801 loqui
1671 4734 2103 4796 vellemus.cum

539 4842 658 4895 ipse
718 4829 884 4880 nollet
912 4827 1141 4891 audire;
1185 4824 1350 4894 900
1382 4825 1535 4892 quasi
1578 4841 1773 4896 nempe
1807 4830 1891 4881 sui
1935 4829 2106 4897 ipsius

539 4932 590 4972 et
651 4920 1017 4987 prrestitorum
1071 4917 1512 4986 juramentorum
1566 4917 1701 4972 foret
1756 4920 1977 4983 oblitus,
2004 4933 2103 4975 nec

542 5010 822 5062 hominum
843 5009 935 5076 qui
962 5008 1092 5062 illuc
1118 5007 1267 5059 multi
1290 5016 1677 5072 convenerant,
1694 5011 2104 5077 conscientiam,

544 5113 646 5153 nec
679 5099 838 5152 tacita
856 5098 1056 5166 judicia
1076 5107 1415 5151 revereretur
1441 5092 1680 5165 illorum,
1704 5115 1885 5153 coram
1904 5101 2106 5169 quibus

544 5191 596 5242 in
627 5190 913 5243 manifesto
930 5189 1132 5242 scelere
1151 5189 1522 5255 deprehensus
1542 5192 1806 5246 mendacii
1824 5203 1880 5247 et
1904 5193 2105 5263 iniqui-

540 5282 666 5335 tatis
694 5288 1030 5350 argueretur.
1052 5281 1185 5334 Naln
1212 5282 1298 5335 ille
1319 5283 1369 5334 id
1390 5284 1535 5350 quod
1558 5292 1697 5347 erat,
1719 5283 1940 5339 minime
1965 5298 2103 5351 erat;

540 5384 596 5426 et
628 5376 770 5442 quod
799 5389 905 5427 non
945 5384 1085 5436 erat,
1121 5373 1170 5426 ul
1202 5375 1377 5441 ipsum
1415 5388 1599 5428 revera
1632 5385 1766 5437 erat,
1801 5393 1900 5445 pro
1930 5378 2104 5446 impc-

542 5475 720 5516 ratore
752 5479 935 5518 merus
963 5477 1241 5533 tyrannus,
1278 5479 1375 5532 pro
1401 5463 1586 5533 judice
1606 5474 1888 5519 accusator
1918 5476 2104 5521 noster

540 5564 593 5605 et
624 5554 1011 5614 inexcusabilis
1046 5570 1381 5625 persecuzor.
1409 5557 1559 5610 Adeo
1597 5557 1781 5610 infelix
1818 5559 1930 5622 ille,
1960 5559 2101 5612 divi-

540 5660 607 5697 na
645 5659 745 5712 ope
789 5647 1101 5713 destitutus,
1134 5651 1200 5703 de
1233 5665 1333 5703 suo
1380 5658 1522 5704 statu
1549 5650 1685 5703 decli
1743 5652 1861 5717 avit,
1892 5662 1943 5704 et
1975 5669 2096 5720 spe-

2207 4477 2393 4524 στατο,
2421 4459 2617 4531 μηκέτι
2647 4461 2910 4524 καθεκτὸς
2942 4458 3081 4515 εἶναι
3115 4462 3425 4534 δυνάμενος,
3461 4460 3583 4513 ἀλλὰ
3607 4453 3719 4526 βιῶν

2208 4550 2301 4604 καὶ
2326 4551 2584 4612 ἀπειλῶν,
2610 4552 2658 4601 εί
2694 4550 2767 4619 μὴ
2804 4549 3085 4621 σιγῲημεν
3105 4566 3121 4580 ’
3158 4552 3294 4622 μηδὲ
3340 4550 3444 4620 γὰρ
3471 4541 3718 4613 ἀνέχεσθαι

2206 4644 2317 4696 τῶν
2348 4643 2512 4697 οῖκων
2539 4643 2687 4706 ἐντὸς
2708 4644 2817 4696 τῶν
2841 4643 3028 4705 αὐτοῦ,
3065 4644 3245 4712 λέγειν
3283 4643 3381 4712 μὲν
3426 4623 3720 4709 βουλομένων

2207 4732 2386 4803 ἡμῶν,
2412 4734 2573 4785 αὐτοῦ
2607 4732 2653 4783 δ’
2688 4734 2908 4786 ἀκούειν
2935 4736 3137 4803 ἥκιστα
3163 4734 3443 4804 δεχομένου
3465 4747 3476 4760 ·
3505 4726 3719 4788 καθάπερ

2206 4823 2367 4886 αὐτὸς
2400 4824 2762 4892 ἐκλαθόμενος
2794 4823 2987 4877 ἑαυτοῦ
3007 4825 3100 4877 καὶ
3141 4826 3249 4878 τῶν
3291 4824 3460 4892 ὅρκων
3510 4817 3718 4871 ἐκείνων,

2208 4915 2303 4968 καὶ
2335 4915 2472 4985 μήτε
2503 4916 2595 4968 τοῦ
2622 4915 2868 4979 ξυνόντος
2898 4916 3136 4986 πλήθους
3153 4919 3213 4970 τὸ
3245 4914 3468 4974 συνειδὸς
3493 4911 3614 4977 μήτε
3640 4905 3719 4986 ῖᾲς

2207 5007 2306 5077 τῆς
2328 5009 2551 5078 γνώμης
2576 5004 2784 5077 κρίσεις
2807 5010 2943 5070 ὅλως
2964 5003 3226 5070 αἰδεσθεὶς
3269 5006 3500 5065 ἐκείνων,
3541 4996 3618 5064 ἐφ’
3652 4985 3718 5045 οἷς

2209 5101 2461 5170 ἡλίσκετο
2494 5102 2635 5168 μάλα
2655 5102 2742 5153 ἐπ’
2766 5102 3070 5170 αὐτοφώρῳ
3094 5084 3409 5172 ψευδόμενός
3438 5112 3492 5147 τε
3519 5093 3602 5144 καὶ
3621 5089 3717 5141 an.

2214 5189 2343 5244 κῶν.
2367 5188 2431 5243 ’³0
2467 5192 2565 5259 μὲν
2595 5188 2808 5261 γὰρῆν,
2836 5193 2935 5244 οὐκ
2957 5187 3045 5262 ἦν·
3079 5192 3108 5244 ὃ
3133 5193 3273 5246 δὀὐκ
3306 5184 3483 5259 ἧν,ἦν’
3514 5178 3715 5244 “illi”

2211 5285 2763 5356 βασιλέως,τύραννο;
2794 5287 3119 5356 ἀκραιφνὴς·
3142 5288 3258 5340 ἀντὶ
3286 5286 3337 5336 δὲ
3360 5274 3607 5333 δικαστοῦ.
3627 5286 3711 5320 κα·

2208 5382 2436 5447 τήγορος
2465 5379 2558 5431 καὶ
2580 5378 2809 5447 διώκτης
2833 5379 2990 5448 ἡμῶν
3012 5379 3423 5450 ἀπροφάσιστος.
3451 5368 3617 5423 Οὕτως
3634 5362 3707 5424 ἐτ-

2209 5471 2587 5538 καταλειφυεὶς
2629 5473 2733 5524 ἀπὸ
2761 5472 2860 5540 τῆς
2887 5471 2982 5525 τοῦ
3012 5472 3147 5525 Θεοῦ
3168 5471 3337 5535 δεξιᾶς
3357 5470 3384 5519 ὁ
3410 5463 3705 5520 “calamum;

2208 5560 2398 5630 ἐξέστη
2428 5578 2487 5612 τε
2549 5562 2745 5614 ἑαυτοῦ
2806 5566 2897 5616 καὶ
2969 5568 3080 5628 τοῖς
3110 5562 3300 5633 ὁρῶσιν
3343 5556 3542 5621 ἄθυρμα
3586 5545 3702 5633 λάβ’

2210 5654 2345 5720 πρὸν
2400 5655 2609 5721 ὲγῐν;το
2662 5659 2794 5723 apng
2853 5675 2909 5709 τε
2957 5658 3079 5710 τοῖν
3114 5658 3307 5724 τρόπον
3354 5650 3472 5710 πρός
3526 5642 3574 5692 ’σε
3614 5646 3703 5684 των
