3982 6214
621 331 695 403 [Α.
734 348 787 387 c.
829 331 999 405 1551]
1078 368 1085 375 υ

256 335 399 398 1165

1214 338 1662 400 ΒΥΖΛΝΤΙΝΛΞ
1704 339 1787 400 HI

1903 341 2094 402 DRIAE
2130 344 2279 407 LIB,
2318 347 2543 408 XVIII,
2587 328 2750 423 Ὶιιιιι.
2789 362 2834 398 ι.
2870 294 3165 402 cauncuz.
3208 345 3265 419 5]
3343 352 3478 419 1166

150 511 161 516 ⁸
249 446 580 514 ἐμπέπτωκε
610 442 802 513 τύχαις
823 444 918 497 καὶ
943 444 1161 513 πείραις
1181 438 1278 497 ὀὗ
1324 443 1383 497 δὲ
1437 445 1570 508 θεὸς
1610 446 1673 499 τὸ
1705 463 1794 499 κιν

1923 465 2015 514 ne,
2066 461 2322 523 tanquam
2381 456 2437 510 in
2484 456 2643 523 retia,
2682 458 2736 512 in
2787 457 3004 514 illorum
3071 462 3242 517 risum
3297 476 3485 523 nostra

246 540 632 604 δυνευόμενον,
662 537 710 587 εἰ
742 534 1181 600 ὲγκαλύπτεσθαί
1208 551 1294 598 τις
1351 536 1640 590 όπώσποτε
1688 536 1813 606 βού-

245 629 411 693 λοιτο,
470 629 690 681 πάντων
744 625 899 696 οἶμαι
951 630 1071 691 ταῖς
1127 628 1396 696 γλώτταις
1435 630 1810 699 ἡκονημέναις

243 718 307 785 ἐξ
335 720 646 788 αὐτομάτου
675 720 811 789 πρὸς
835 720 934 782 τὰς
952 720 1118 773 αὐτοῦ
1143 719 1407 789 λοιδορίας
1431 719 1802 791 ἐντυγχάνειν·

244 813 344 863 καὶ
373 812 402 864 ό
433 811 606 864 πάντα
636 810 804 864 τᾶλλα
826 811 1259 876 ἐπιεικέστατος,
1303 813 1351 863 εἰ
1392 811 1468 881 μὴ
1519 811 1678 875 λάλος
1727 813 1811 864 ἑν-

240 904 419 957 ταῦθα
451 902 693 972 βούλοιτο
725 901 1012 970 γίγνεσθαι
1036 903 1131 955 καὶ
1176 901 1451 969 γλώτταις
1496 903 1650 966 ὅλαις
1684 904 1814 959 τάν-

222 996 331 1064 ’δρὶ
350 995 607 1063 νεμεσᾷν,
626 992 761 1045 ἀλλὰ
791 991 1025 1060 φείδοιτο
1041 991 1311 1060 λοιδορίας
1324 991 1658 1061 ἡστινοσοῦν,
1680 991 1812 1045 Θαυ-

242 1085 471 1155 μάζοιμ’
503 1084 570 1136 ἂν
598 1083 779 1146 αὐτὸς,
800 1085 848 1135 εἰ
877 1082 953 1151 μὴ
981 1084 1039 1145 ἐς
1075 1081 1347 1146 ἀϐύσσους
1398 1083 1666 1151 αἰσχύνης
1718 1082 1814 1136 καὶ⁵

235 1177 518 1245 πυθμένας
532 1175 731 1241 γίνοιτο
750 1173 1097 1244 ὑποδρύχιος,
1117 1175 1263 1237 ὅστις
1284 1174 1410 1227 ποτὲ
1426 1174 1491 1226 ἂν
1509 1169 1563 1245 ᾖ,
1581 1172 1665 1246 [Ρ.
1684 1171 1811 1245 569]

235 1269 475 1339 χαλεπὸν
490 1268 578 1321 ἀεὶ
601 1268 902 1336 γειτόνημα
927 1246 1133 1318 τὸνθτοῦ
1153 1265 1449 1327 συνειδότος
1471 1266 1811 1336 κτησάμενος

233 1360 495 1413 πέλεκυν.
528 1358 795 1411 Τοσούτου
824 1357 1005 1410 τοίνυν
1038 1358 1313 1425 Ὀλύμπου
1344 1356 1534 1409 δεινῶν
1566 1358 1809 1409 ὲπισειο-

235 1456 417 1522 μένων
469 1452 621 1522 ἡμῖν,
664 1452 715 1504 εἰ
755 1449 1047 1519 ψεύδεσθαι
1102 1449 1514 1520 βουληθείημεν,
1576 1447 1810 1502 ἐνταῦθα

235 1546 388 1615 μάλα
438 1543 641 1609 μᾶλλον
692 1542 931 1612 ἀνάγκη,
979 1540 1150 1594 τᾶλλα
1205 1541 1673 1610 παρατρέχοντας,
1715 1539 1812 1592 καὶ

235 1637 379 1707 πρὸς
418 1637 552 1689 Θεὸν
612 1636 772 1703 μόνον
821 1633 1087 1703 ὁρῶντας,
1131 1631 1313 1686 λαλεῖν
1373 1632 1472 1700 τὴν
1522 1631 1804 1705 ἀλήθειαν.

1918 552 2114 610 sponte
2165 543 2594 602 incurrerenms.
2625 548 2830 605 Deinde
2884 558 2943 605 et
2992 550 3048 606 in
3076 553 3199 610 aliis
3228 557 3485 615 omnibus

1917 632 2108 698 rebus,
2134 634 2179 688 si
2211 635 2338 704 quis
2366 638 2542 691 amori
2574 637 2863 710 indulgens
2902 640 3197 712 aliquando
3226 655 3283 699 et
3315 646 3483 703 certis

1915 723 2136 778 casibus
2163 726 2388 781 mentiri
2421 728 2693 795 videatur,
2729 738 2909 787 tamen
2944 733 2996 787 ei
3051 735 3292 805 (opinor)
3324 738 3483 796 facile

1915 810 2208 880 ignoverit,
2233 813 2572 884 quisquis'in
2601 816 2808 872 similes
2834 833 2996 874 casus
3044 820 3300 876 inciderit
3319 818 3483 894 atqu‘e

1912 903 2313 972 ejusdemmodi
2367 906 2806 975 experimentum
2862 908 3074 966 fecerit.
3124 912 3195 967 At
3240 912 3333 968 ubi
3370 930 3480 975 res.

1912 1008 2035 1064 qua:
2067 993 2121 1048 in
2181 994 2428 1064 periculo
2483 998 2759 1061 versatur,
2790 998 2935 1053 Deus
2993 999 3112 1070 ipse
3155 1012 3260 1066 est,
3290 1003 3402 1059 illic
3433 1005 3479 1059 si

1912 1085 2037 1154 quis
2100 1086 2490 1156 integumentis
2542 1090 2962 1161 quibuscunque
3017 1093 3099 1147 uti
3161 1095 3312 1159 velit,
3352 1111 3477 1150 eum

1912 1187 2046 1249 puto
2081 1180 2328 1233 omnium
2366 1179 2581 1251 linguas
2616 1182 2685 1236 ad
2724 1184 3144 1239 conviciandum
3180 1196 3397 1255 paratas
3424 1199 3480 1242 et

1911 1274 2103 1336 suapte
2135 1271 2289 1337 quasi
2343 1280 2589 1325 exsertae
2641 1261 3015 1338 oﬂ‘ensnruni;
3078 1280 3239 1343 atque
3272 1275 3375 1328 etsi
3424 1275 3477 1329 in

1910 1359 2125 1413 ca:teris
2153 1360 2411 1414 omnibus
2435 1361 2601 1416 rebus
2633 1362 2831 1431 aliquis
2882 1364 3351 1419 moderatissimus
3382 1368 3475 1428 sit,

1911 1446 2095 1504 tamen
2122 1450 2228 1504 nisi
2274 1450 2539 1507 adversus
2578 1452 2742 1508 istum
2769 1454 3023 1524 garrulus
3057 1455 3169 1518 fiat,
3204 1455 3308 1509 nisi
3346 1455 3478 1509 totis

1908 1540 2110 1609 linguas
2135 1541 2301 1613 905.
2334 1544 2542 1598 viribus
2570 1544 2847 1611 hominem
2878 1544 3051 1599 iratus
3080 1545 3399 1609 insectetnr,
3427 1545 3475 1602 si

1911 1634 2007 1687 ulli
2037 1633 2407 1703 objurgationi
2449 1643 2657 1703 parcat,
2697 1636 2869 1689 mirer
2904 1635 3157 1704 equidem
3197 1635 3335 1705 ipse,
3366 1635 3473 1692 nisi

233 1728 455 1781 Ἐπειτ“
486 1729 607 1781 οὐδὲ
636 1725 937 1796 παράδοξον
962 1724 1160 1787 ἄλλως,
1192 1724 1252 1776 ὲν
1286 1725 1398 1786 τοῖς
1425 1722 1604 1777 ἄλλοτ’
1631 1721 1799 1784 άλλως

1911 1724 1977 1789 is,
2005 1724 2254 1795 quisquis
2300 1724 2488 1790 fuerit,
2536 1740 2658 1780 sese
2707 1726 2760 1778 in
2789 1727 2924 1779 imas
2967 1726 3204 1781 latebras
3233 1734 3289 1780 et
3316 1725 3473 1795 peni-

231 1824 423 1891 ῥέουσι
449 1820 541 1872 καὶ
576 1819 898 1889 φερομένοις
920 1816 1231 1885 πράγμασι,
1264 1815 1361 1867 καὶ
1381 1814 1635 1883 ἀόριστον
1668 1812 1799 1867 ἁνύ-

1907 1814 2149 1868 tissimos
2198 1829 2448 1870 recessus
2481 1830 2594 1884 prae
2643 1817 2852 1884 pudore
2889 1815 3178 1870 abditurus
3213 1817 3306 1881 sit,
3338 1815 3472 1871 vici-

224 1927 357 1962 ουοι
393 1909 582 1970 πλοῦν,
608 1909 699 1960 τὸν
728 1908 889 1961 αὐτῦν
917 1906 1011 1959 νῦν
1049 1905 1150 1975 μὲν
1171 1906 1229 1957 τὸ
1254 1905 1512 1973 ἐπιτυχὲς
1560 1901 1799 1974 καρποῦ-

1904 1917 2035 1956 num
2090 1917 2307 1972 semper
2371 1903 2743 1973 importunum
2801 1906 3131 1973 habiturus,
3185 1908 3470 1965 stimulum

225 2003 380 2063 σοαι,
405 2000 496 2053 νζν
512 2000 555 2052 δ’
585 2001 643 2049 ὲν
664 1998 742 2067 τῷ
790 1998 979 2067 κλήρῳ
1021 1995 1133 2049 τῶν
1182 1994 1567 2063 ναυαγούντων
1593 1995 1799 2063 ἀπροσ-

1905 1992 2083 2061 ipsum
2142 1994 2514 2050 conscientiae.
2572 1995 2707 2052 Cum
2743 1996 2912 2068 igitur
2941 1997 3123 2065 nobis,
3147 1998 3192 2052 si
3239 1999 3471 2054 mentia—

223 2094 473 2161 δοκήτως
522 2090 850 2161 ῥιπτεῖσθαι.
878 2087 1081 2140 Τούτου
1128 2086 1176 2140 δ’
1199 2084 1374 2150 οὕτως
1419 2085 1664 2155 ἔχοντος,
1703 2086 1799 2137 οὐκ

1904 2100 2052 2147 mur,
2097 2094 2242 2141 tanta
2298 2087 2555 2157 supplicii
2610 2089 2782 2167 moles
2831 2089 3164 2160 impendeat,
3194 2105 3262 2146 eo
3299 2095 3469 2163 magis

222 2182 300 2237 ἂν
328 2182 553 2240 δικαίως
576 2179 754 2231 αἰτίαν
778 2176 1100 2247 φεροίμεθα,
1153 2178 1204 2228 εί
1252 2175 1357 2244 τῆς
1406 2174 1664 2244 ἀληθείας
1698 2174 1796 2226 καὶ

1903 2174 2005 2230 hac
2032 2175 2087 2229 in
2121 2185 2274 2246 parte
2301 2191 2525 2232 necesse
2549 2187 2635 2234 est
2674 2188 2869 2234 Cretera
2895 2179 3186 2251 negligere,
3212 2189 3375 2251 atque
3409 2183 3465 2236 in

220 2271 393 2339 ἡμεῖς
417 2270 474 2319 ὲν
504 2267 631 2337 τῇδε
655 2268 722 2336 τῇ
775 2265 941 2336 βίϐλῳ
997 2264 1098 2336 τὴν
1158 2263 1795 2334 βελτίστηνκείσάγοντες

1903 2276 2074 2331 Deum
2109 2275 2286 2329 solum
2339 2275 2618 2332 intuentes
2647 2292 2775 2332 vera
2823 2278 3033 2335 dicere.
3061 2279 3145 2334 Ad
3177 2280 3293 2337 haec
3325 2282 3463 2337 nihil

219 2361 488 2429 πρόνοιαν
514 2361 639 2422 τοὺς
670 2358 866 2420 αὐτοὺς
894 2356 992 2410 νῦν
1016 2356 1117 2427 μὲν
1134 2359 1245 2419 τοῖς
1282 2356 1523 2419 ἐπαίνοις
1579 2356 1797 2425 ἐξαίρο-

1903 2359 2105 2428 alioqui
2138 2361 2363 2427 mirum,
2393 2378 2519 2417 eum
2549 2378 2639 2419 res
2664 2364 2914 2420 humanae
2939 2354 3074 2422 aiias
3099 2368 3258 2424 aliter
3293 2370 3467 2425 ﬂuant

223 2470 353 2522 μεν,
391 2453 500 2521 δπη
535 2451 612 2521 μὴ
667 2450 797 2512 τοὺς
846 2449 1144 2511 ἀκούοντας
1200 2448 1532 2518 βλάπτεσθαι
1588 2447 1797 2516 περιγί-

1903 2458 1957 2502 et
1988 2457 2195 2503 temere
2229 2449 2537 2514 volvantur,
2587 2467 2689 2509 nec
2738 2454 3134 2513 determinatus
3174 2459 3246 2514 sit
3271 2473 3463 2514 earum

218 2560 372 2597 νοιτο
391 2560 403 2572 ·
428 2543 520 2595 νῦν
547 2543 603 2595 δὲ
630 2540 1040 2594 τάναντιώτατα
1066 2540 1303 2610 δρῶντες
1340 2539 1685 2609 φαινοίμεθα.

1903 2554 2115 2606 cursus,
2160 2541 2417 2598 eumdem
2467 2543 2746 2602 hominem
2786 2564 2935 2604 nunc
2960 2548 3105 2604 felici
3126 2551 3273 2605 exitu
3307 2549 3465 2621 labo-

217 2651 344 2689 rum
386 2634 622 2689 fruetum
688 2635 998 2704 percipere,
1072 2647 1219 2688 nunc
1286 2633 1560 2701 insperata
1596 2629 1984 2700 naufragorum
2052 2632 2270 2688 fortuna
2299 2634 2620 2691 conﬂictari.
2649 2636 2806 2704 Quod
2832 2653 2957 2694 cum
2989 2640 3062 2696 ita
3106 2641 3198 2704 sit.
3224 2657 3324 2697 nec
3358 2640 3462 2712 ipsi

218 2728 447 2801 quidem
486 2728 607 2797 jure
659 2725 1168 2796 reprehendemur,
1220 2723 1267 2779 si
1333 2724 1401 2798 in‘
1452 2725 1557 2778 hoc
1604 2737 1793 2792 opere,
1831 2723 2106 2793 precipua
2139 2725 2403 2782 ‘veritatis
2453 2730 2750 2786 retinenda:
2796 2745 2927 2786 cura
2995 2745 3269 2804 suscepta.
3338 2751 3463 2792 eos.

214 2828 345 2878 dem
386 2837 530 2876 niuuc
564 2820 815 2874 laudibus
843 2819 1173 2883 extollimus,
1225 2810 1316 2870 ubi
1367 2819 1418 2870 id
1447 2817 1794 2872 auditoribus
1832 2818 2012 2873 fraudi
2035 2834 2160 2875 esse
2216 2836 2327 2876 non
2365 2833 2567 2892 petest,
2601 2840 2751 2881 nunc
2810 2828 3138 2883 contrariam
3172 2831 3333 2900 plane
3373 2845 3460 2885 ra-

218 2927 428 2975 tionem
454 2916 609 2986 sequi
640 2914 914 2969 videmur.

289 3014 368 3068 ε’.
416 3011 537 3064 Ἔτι
572 3015 661 3065 καὶ
700 3011 1010 3075 mutaret;
1057 3009 1369 3077 εἰρημένοις
1413 3009 1770 3079 προσκεῖσθαι

1947 3011 2012 3065 ν.
2044 3010 2276 3079 Oportet
2302 3010 2468 3065 etiam
2500 3010 2631 3065 illud
2665 3011 2772 3067 hoe
2796 3011 2919 3068 loco
2943 3012 3013 3068 ad
3044 3029 3131 3079 ea,
3159 3031 3279 3085 qua:
3307 3016 3456 3074 dicta

213 3102 400 3176 χρεὼν
435 3102 701 3157 ἐνταυθοῖ.
751 3098 917 3171 Οἶμαι
959 3102 1069 3171 γὰρ
1116 3094 1229 3152 τῶν
1278 3097 1534 3152 ἁπάντων
1590 3098 1779 3154 οὐδένα

1903 3110 2043 3187 sunt,
2067 3101 2350 3183 accedere.
2386 3100 2668 3157 Neminem
2712 3104 2953 3158 onmium
2984 3113 3118 3174 puto
3137 3107 3279 3178 iusta
3312 3111 3458 3166 indi-

212 3197 446 3255 δικαίως
486 3196 611 3263 ἐμοὶ
639 3196 909 3264 νεμεσᾷν,
959 3195 1009 3246 εί
1059 3192 1193 3262 περὶ
1220 3191 1356 3245 Θεοῦ
1405 3190 1638 3246 καὶτῶν
1683 3208 1788 3243 πα-

1903 3194 2149 3261 gnatione
2188 3193 2323 3249 mihi
2379 3193 2453 3248 ob
2506 3195 2562 3248 id
2620 3210 2778 3263 posse
2833 3210 3179 3261 succensere.
3209 3200 3340 3269 quia
3389 3202 3459 3258 de

215 3290 397 3360 τρὶων
422 3288 521 3356 τῆς
552 3287 809 3356 ἀληθείας
834 3285 1120 3355 δογμάτων
1141 3285 1527 3337 κινδυευόντων
1559 3285 1668 3338 ἀπὸ
1695 3284 1789 3337 τοῦ

1903 3284 2003 3339 Deo
2026 3294 2082 3338 et
2112 3284 2181 3339 de
2207 3284 2398 3354 patriis
2420 3299 2563 3339 vera:
2614 3286 2736 3340 fidei
2767 3286 3033 3357 dogmatis
3061 3289 3117 3343 in
3151 3292 3456 3357 periculum

215 3378 338 3430 ίσου
368 3376 722 3445 διαλεγοίμην
752 3375 829 3444 τῷ
859 3373 1095 3444 βασιλεῖ,
1139 3375 1344 3435 πάντας
1371 3372 1627 3436 καθάπαξ
1654 3374 1790 3425 ἀπο·

214 3469 590 3539 κρουσάμενος
644 3467 937 3529 κολακείας
992 3467 1204 3534 λόγους,
1255 3465 1349 3517 καὶ
1408 3465 1649 3535 μηδεμιᾷ
1697 3466 1788 3516 τὸν

213 3562 313 3628 τῆς
361 3560 600 3624 διανοίας
633 3559 879 3627 κάλαμον
932 3555 1388 3628 βάπτεινδδειλίᾳ
1434 3558 1527 3608 καὶ
1554 3554 1785 3625 συστολῇ

214 3652 527 3722 βουληθεὶς,
579 3650 703 3721 μηδ’
731 3651 948 3718 ὑφεῖναι
1005 3647 1231 3719 μηδαμῆ
1281 3647 1377 3700 τοῦ
1434 3646 1587 3698 τόνου
1625 3646 1786 3715 μέχρι

211 3744 478 3812 τελευτῆς
509 3743 703 3813 αὐτῆς.
748 3741 1134 3810 Κακοδαίμονα
1157 3743 1265 3808 γὰρ
1285 3737 1397 3806 ἐγὼ
1428 3739 1519 3791 τὸν
1546 3737 1786 3789 τοιοῦτον

208 3838 404 3891 καλεῖν
448 3835 551 3888 οὐκ
579 3834 645 3887 ἄν
689 3832 809 3887 ποτ’
854 3832 1173 3902 ὀκνήσαιμι,
1202 3831 1260 3892 δς
1289 3831 1347 3881 ὲν
1395 3822 1631 3901 δευτέρῳ
1676 3828 1785 3881 τῶν

206 3928 492 3981 ἐνυπνίων
523 3926 617 3978 τοῦ
655 3924 771 3993 βίου
803 3926 871 3975 τὰ
904 3924 1027 3976 θεῖα
1052 3923 1337 3993 τιθέμενος
1368 3919 1492 3972 οὔτε
1522 3926 1647 3981 τοὺς
1684 3917 1786 3987 τῆς

206 4020 373 4088 δίκης
405 4018 635 4070 αίδεῖται
692 4016 945 4088 θρόνους,
992 4012 1116 4068 οὔτε
1174 4016 1281 4084 μὴν
1323 4014 1450 4074 τοὺς
1511 4011 1783 4080 αἱθερίους

204 4111 350 4164 δέδιε
384 4108 521 4161 Θεοῦ
554 4108 903 4177 πρηστῆρας.
943 4105 1034 4160 Ἐν
1065 4105 1175 4174 γάρ
1203 4108 1318 4167 τοῖς
1357 4104 1484 4172 περὶ
1520 4102 1654 4157 Θεοῦ
1688 4103 1785 4157 καὶ

1889 3374 2140 3429 adductis
2163 3377 2241 3430 sic
2262 3390 2387 3430 cum
2411 3375 2740 3444 imperatore
2759 3378 3175 3445 disputaverim.
3198 3391 3456 3447 tanquam

1889 3465 2148 3532 aequalis;
2199 3465 2457 3533 idemque
2504 3467 2652 3520 omni
2686 3481 2911 3536 prorsus
2949 3469 3268 3524 adulatione
3300 3472 3459 3543 longe

1890 3571 1921 3609 a
1952 3557 2299 3612 sermonibus
2336 3557 2473 3611 meis
2518 3558 2777 3627 relegata,
2804 3573 3086 3627 nunquam
3130 3561 3330 3615 adduci
3363 3578 3458 3630 po-

1892 3646 2127 3715 tuerim,
2184 3658 2243 3701 ut
2290 3648 2684 3717 obsequentem
2741 3648 2957 3719 ingenio
3008 3650 3277 3706 calamum
3344 3653 3457 3707 ullo

1890 3745 2066 3797 metu,
2128 3737 2233 3791 ulla
2288 3737 2584 3792 formidine
2627 3739 2955 3801 imbuerem,
2985 3748 3081 3794 ant
3114 3741 3182 3795 ab
3211 3741 3324 3795 aeri
3365 3742 3455 3794 illa

1888 3830 2242 3884 contentione
2290 3830 2374 3883 vel
2426 3831 2714 3884 minimum
2753 3832 3107 3895 remitterem,
3144 3833 3247 3887 etsi
3308 3847 3456 3887 mors

1888 3930 2037 3975 esset
2072 3921 2189 3990 ipsa
2213 3922 2520 3977 subeunda.
2561 3923 2857 3976 Enimvero
2886 3938 2986 3992 ego
3025 3923 3295 3978 infelicem
3325 3939 3453 3977 eum

1887 4023 2086 4064 vocare
2134 4010 2321 4065 nullus
2376 4010 2647 4076 dubitem,
2683 4012 2780 4081 qui
2828 4012 3139 4081 hujus‘viue
3168 4012 3455 4068 insomniis

1887 4101 1964 4155 ita
1994 4116 2084 4156 res
2108 4101 2321 4157 divinas
2370 4103 2719 4172 posthabeat,
2744 4111 2805 4157 ut
2835 4118 2938 4158 nec
2967 4102 3203 4159 vindicis
3227 4103 3456 4173 iustitiae

205 4201 325 4256 τῶν
360 4200 523 4253 θείων
552 4199 842 4270 δογμάτων
896 4198 1109 4265 ἀγῶσιν
1141 4197 1304 4250 αὐτὸν
1340 4197 1500 4266 μόνον
1531 4196 1781 4265 ἡγεῖσθαι

1903 4192 2048 4264 905
2079 4193 2317 4249 tribunal
2345 4203 2685 4257 revereatur,
2715 4208 2816 4249 nec
2835 4194 3008 4249 Deum
3035 4194 3212 4265 ipsum
3238 4195 3451 4251 :etherii

204 4294 322 4345 δεῖν
347 4293 460 4363 (‘55)
491 4291 739 4361 βασιλέα,
772 4291 899 4354 τοὺς
928 4289 974 4342 δ’
1003 4290 1194 4353 ἄλλους
1229 4290 1422 4357 ἐπίσης
1458 4288 1783 4356 ὁμοδούλους

1907 4286 2031 4355 guis
2085 4285 2402 4340 turbinibus
2446 4295 2718 4341 armatum
2756 4286 3096 4342 extimescat.
3126 4284 3340 4356 Quippe
3395 4286 3453 4339 in

211 4351 503 4447 ἅπαντας,
519 4351 814 4444 πλουσίους
852 4351 1058 4451 ἀναμὶξ
1107 4351 1202 4434 καλ
1235 4351 1508 4450 πένητας,
1548 4378 1784 4448 βασιλεῖς

1903 4351 1959 4431 iis
1999 4377 2418 4441 certaminibus,
2444 4392 2565 4446 qua:
2613 4377 2680 4431 de
2706 4375 2817 4431 Deo
2839 4384 2897 4433 et
2924 4376 2993 4432 de
3014 4368 3215 4431 divinis
3236 4351 3457 4446 dogma-

207 4492 272 4528 τε
303 4476 403 4528 καὶ
431 4474 663 4540 ἰδιώτας,
689 4475 785 4529 καὶ
812 4476 958 4537 δσοις
982 4472 1076 4526 τοῦ
1102 4472 1290 4527 θιάσου
1321 4472 1415 4524 καὶ
1443 4471 1542 4541 τῆς
1565 4470 1784 4541 χορείας
1813 4547 1819 4553 ἱ

205 4570 437 4638 ἐκείνης
472 4556 1042 4639 μετέίεινδόπώσποτε
1079 4564 1400 4633 συμπίπτει.

1895 4473 1965 4527 tis
1992 4471 2382 4532 instituuntur.
2425 4470 2594 4525 Deum
2630 4472 2808 4541 ipsum
2833 4472 3009 4527 solum
3045 4477 3451 4541 imperatorem,
3528 4526 3533 4533 _

1890 4570 2118 4618 crateres
2151 4577 2344 4617 omnes
2373 4563 2489 4631 pari
2521 4564 2643 4632 jure
2665 4578 2959 4619 conservos
2987 4564 3177 4619 haberi
3209 4573 3449 4632 oportet.

204 4660 416 4715 divites
458 4660 770 4730 promiscue
810 4668 867 4714 et
916 4671 1207 4729 pauperes,
1242 4669 1399 4726 rcges
1436 4665 1492 4709 ct
1517 4655 1781 4723 privatos,
1815 4655 1953 4709 alios
2009 4654 2246 4723 denique
2298 4655 2543 4743 ejusdem
2597 4654 2743 4707 illius
2773 4652 2933 4707 thiasi
2992 4665 3048 4709 et
3112 4653 3268 4708 chori
3314 4668 3472 4743 quas‘

206 4769 433 4825 cunque
462 4755 678 4810 ratione
700 4752 1012 4823 participes.

2510 4714 2527 4751 Ι

1622 4858 1849 4914 CAPUT
1897 4859 2031 4913 Vili.

205 4985 517 5041 Convocata
549 4979 1184 5053 synodoCatttacuacnus
1211 4981 1731 5053 orationem__ltahet,
1779 4980 1929 5046 cujus
1970 4982 2081 5034 lia’c
2122 4995 2331 5053 summa
2382 4985 2457 5032 est
2484 4994 2504 5031 :
2530 4977 2900 5053 Idololatriam
2944 4985 2993 5029 et
3017 4979 3231 5053 hmreses
3258 4992 3290 5053 ιι
3332 4973 3451 5028 αξη-

279 5056 402 5123 polo
434 5044 688 5123 int'ecias.
724 5051 799 5105 Eo
848 5051 1162 5123 impellente
1198 5044 1459 5117 prodiisse
1508 5044 1885 5123 Barlaamum,
1942 5059 1990 5101 et
2040 5050 2388 5123 Acigulymuu,
2441 5057 2490 5100 et
2544 5060 2757 5123 ceteros
2806 5047 2941 5100 idem
2990 5061 3104 5097 cum
3152 5044 3449 5123 Barlaa‘mo

279 5113 585 5178 sentientes.
647 5113 1025 5192 Futurum'ise
1083 5113 1320 5188 deinceps
1368 5122 1679 5192 seueriorem
1724 5134 1882 5185 quam
1938 5131 2093 5171 amca
2122 5113 2313 5192 fuerit;
2350 5119 2699 5192 Imperatoris
2745 5131 2934 5169 munus
2991 5124 3038 5192 et
3082 5124 3279 5192 partes.
3318 5113 3450 5192 .Qua

276 5195 538 5248 sententia
570 5191 893 5244 Barlaamus
923 5191 1206 5242 danmatus
1236 5183 1325 5252 sit,
1356 5189 1540 5241 eadem
1567 5190 1692 5241 istos
1726 5183 1929 5257 quoque
1961 5183 2227 5244 dananuri.
2276 5183 2509 5256 Denique
2558 5203 2764 5257 «quam
2809 5201 2864 5240 se
2907 5186 3141 5254 utrisque
3172 5183 3284 5252 {ore
3298 5183 3452 5250 jure-

272 5263 513 5333 jurando
545 5262 852 5330 interposito
891 5260 1169 5328 promittat.

278 5374 375 5447 [P.
410 5369 538 5443 570]
576 5369 655 5425 A’.
706 5369 976 5438 Ἐὅδόμην
1007 5370 1107 5438 μὲν
1137 5363 1230 5422 οὖν
1270 5363 1369 5437 ἦγε
1406 5368 1502 5422 καὶ
1532 5368 1786 5437 είκοστην

201 5470 228 5523 ό
256 5468 442 5529 Mitto;
482 5465 613 5534 μὴν,
644 5464 702 5514 ἐν
813 5461 1105 5528 συγκαλεῖν
1143 5461 1289 5530 ἡμᾶς
1332 5460 1651 5531 δεδογμένον
1690 5461 1785 5529 τέ-

1956 5369 1999 5424 1.
2029 5371 2233 5427 Aderat
2286 5370 2472 5439 itaque
2520 5368 2640 5425 dies
2680 5370 2804 5425 Maii
2833 5369 3130 5425 vicesimus
3162 5364 3450 5436 septimus.

1885 5476 1995 5531 quo
2046 5477 2148 5518 nos
2199 5463 2494 5532 imperator
2541 5462 2608 5516 ad
2666 5477 2785 5519 eam
2831 5478 2994 5533 quam
3031 5462 3145 5531 ipse
3186 5456 3452 5530 synodum

1550 5595 1889 5659 Variorum
1924 5606 2110 5659 notua.

279 5722 401 5795 (35)
431 5721 667 5796 Proﬁei.
706 5722 914 5776 Bmvm.
