3982 6214
212 278 339 345 n73
586 277 663 349 [Α.
699 293 749 332 c.
793 275 951 347 1351]

1164 279 1343 340 BYZ‘A
1354 276 1532 338 NTIN
1546 275 1608 335 Ε
1644 273 1806 341 HIS]

1909 267 2026 336 {LE
2063 280 2209 340 LIB:
2250 280 2409 341 XIX,
2513 276 2644 348 [ηιμ.
2679 292 2722 329 ι.
2762 291 3054 331 ωιτηουτ.
3088 272 3147 346 5]

3284 264 3465 342 tm:

206 390 464 457 καθάπαξ
492 393 800 464 τηρεῖσθαι,
830 394 968 464 ὅπερ
1003 394 1313 462 γέγραπται
1353 394 1448 445 καὶ
1477 391 1628 453 ὅπως
1674 389 1776 443 πέ-
1803 431 1806 440 .

1909 406 2112 447 rorsus
2136 401 2194 446 et
2234 392 2461 449 immota
2502 394 2736 456 servari,
2771 402 2934 464 prout
2967 402 3130 449 antea
3177 393 3443 463 scriptum

208 505 481 562 πρακται·
519 488 661 542 καθὰ
696 489 791 541 καὶ
838 489 866 541 ὁ
913 488 1078 551 πολὺς
1122 488 1222 557 τὴν
1265 485 1546 554 θεολογίαν
1575 486 1775 552 φάσκει

209 578 509 648 Γρηγόριος
545 578 658 649 (40)
680 595 694 608 ·
731 596 753 630 ι
805 577 1000 648 Ἡμεῖς
1029 577 1122 630 καὶ
1171 577 1336 647 μέχρι
1364 576 1464 644 τῆς
1504 575 1777 649 τυχούσης

211 672 433 740 κεραίας
469 671 562 724 καὶ
593 670 865 739 γραμμῆς
894 670 989 724 τοῦ
1016 670 1326 735 πνεύματος
1348 669 1450 739 τὴν
1489 667 1780 734 ἀκρίόειαν

210 763 461 824 ἕλκοντες
491 763 551 815 οὗ
563 780 691 815 ποτε
720 762 989 829 δεξόμεθα
1031 762 1174 829 (ούδέ
1197 763 1305 830 γὰρ
1332 762 1502 829 ὅσιον)
1525 761 1651 815 οὐδέ
1679 759 1780 825 τὰς

212 851 503 921 ἐλαχίστας
536 852 767 922 πράξεις
800 853 926 921 εἰκῆ
954 851 1360 922 σπουδασθῆναι
1390 852 1504 913 τοῖς
1530 850 1781 919 ἀναγρὰο

208 942 367 1011 ψασι.
392 943 489 995 καὶ
524 942 686 1011 μέχρι
733 941 828 994 τοῦ
860 941 1126 1012 παρόντος
1169 942 1359 1012 μνήμῃ
1409 939 1779 1009 διασωθῆναιο

208 1032 325 1086 ἀλλ’
356 1032 436 1092 ἵν’,
456 1034 622 1102 ἡμεῖς
662 1033 878 1102 ἔχωμεν
909 1030 1277 1101 ὑπομνήματα
1311 1031 1409 1087 καὶ
1434 1032 1785 1102 παιδεύματα

211 1122 311 1191 τῆς
336 1124 449 1179 τῶν
486 1124 710 1194 ὁμοίων,
750 1126 805 1179 εί
842 1142 971 1179 ποτε
1004 1127 1274 1194 συμπέσοι
1313 1124 1527 1194 καιρὸς,
1564 1121 1789 1176 διασκά-

209 1217 380 1285 ψεως.
424 1236 444 1269 ι
498 1216 663 1271 Ἀλλὰ
692 1218 838 1289 καὶὴ
873 1218 1056 1289 βίϐλος
1094 1219 1201 1271 τῶν
1230 1216 1490 1287 πράξεων
1510 1207 1608 1285 τῆς
1634 1214 1788 1279 θείας

210 1311 308 1364 καὶ
342 1311 727 1381 οἰκουμενικῆς
774 1311 943 1393 ἕκτης
994 1310 1234 1376 συνόδου,
1282 1308 1411 1378 περὶ
1440 1310 1539 1380 τῆς
1585 1307 1791 1379 βραδυ-

208 1401 377 1472 τῆτος
415 1403 526 1456 τῶν
557 1402 793 1456 δυτικῶν
845 1402 1166 1456 ἐπισκόπων
1216 1399 1657 1469 ἀπολογουμένη,
1690 1398 1791 1470 τὴν

211 1496 325 1547 τῶν
378 1495 453 1557 ἐκ
494 1493 828 1561 Βρεττανίας
872 1494 970 1547 καὶ
1018 1492 1128 1546 τῶν
1185 1492 1510 1546 Ὠκεανείων
1558 1490 1791 1545 ἐκείνων

215 1587 426 1658 μερῶν,
462 1588 557 1641 καὶ
600 1588 714 1640 ὅσοι
744 1586 870 1639 καθ’
899 1585 1062 1655 ἕτερα
1111 1585 1209 1653 τῆς
1252 1581 1524 1654 Εὐρώπης
1565 1584 1793 1636 ἐκείνων

1880 485 2151 542 factumve
2177 496 2363 555 esset;
2396 489 2861 557 quemadmodum
2904 503 3134 558 magnus
3159 488 3447 557 theologia

1879 581 2072 635 doctor
2111 581 2411 652 Gregorius
2455 592 2657 636 auctor
2687 591 2772 637 est
2801 600 2815 636 :
2850 600 2869 632 ι
2927 581 3036 635 Nos
3068 582 3291 651 (inquit)
3320 598 3447 636 cum

1880 680 2191 728 accuratam
2233 667 2464 743 spiritus
2514 673 2853 743 diligentiam
2892 673 2965 728 ad
2992 673 3294 742 quemlibet
3336 673 3454 742 api-

1881 778 2026 829 cem,
2075 765 2143 820 ad
2175 765 2478 836 quamlibet
2510 767 2778 836 virgulam
2817 766 3122 830 trahanms,
3168 781 3450 836 nunquam

1883 855 2205 912 dederimus
2250 858 2457 927 (neque
2490 857 2639 911 enim
2688 856 2770 913 fas
2816 858 2924 925 est)
2972 859 3063 912 vel
3102 859 3157 912 in
3209 856 3457 912 minimis

1887 947 2051 1004 factis
2080 949 2455 1013 recensendis,
2486 964 2791 1019 eorumque
2820 950 3084 1004 memoria
3112 949 3180 1004 ad
3213 962 3456 1017 prmsens

1889 1055 2069 1109 usque
2135 1052 2353 1110 tempus
2400 1041 2777 1095 conservanda
2805 1082 2821 1105 ,
2872 1048 3080 1095 temere
3143 1041 3457 1096 elaborasse

1888 1146 2011 1195 eos,
2039 1131 2135 1199 qui
2185 1132 2567 1202 scripserunt;
2601 1132 2698 1186 sed
2746 1146 2835 1196 eo,
2871 1140 2931 1186 ut
2975 1147 3077 1186 nos
3131 1132 3461 1189 haberemus

1890 1220 2232 1276 monimenta
2263 1231 2322 1277 et
2352 1222 2705 1288 documenta,
2736 1222 2939 1291 quibus
2968 1221 3025 1276 in
3067 1222 3334 1303 similium
3374 1238 3462 1276 re-

1891 1329 2014 1368 rum
2065 1314 2433 1377 tractatione,
2483 1315 2528 1368 si
2587 1329 2830 1383 unquam
2890 1313 3159 1369 incideret
3208 1314 3461 1374 occasio.

1891 1414 2195 1461 uteremur.
2234 1425 2257 1458 ι
2306 1405 2413 1461 Sed
2447 1417 2505 1461 et
2552 1405 2693 1461 liber
2731 1414 2977 1460 actorum
3018 1415 3382 1461 sacrosanctae
3409 1414 3482 1459 er

1891 1498 2245 1554 ecumenica:
2292 1508 2460 1555 sextae
2515 1498 2710 1570 synodi
2755 1498 3081 1554 tarditatem
3113 1498 3483 1553 orientaliumx

1894 1590 2279 1660 cpiscopomm
2324 1591 2408 1646 sic
2447 1599 2696 1651 excusat,
2744 1601 2804 1646 ut
2841 1592 2975 1662 ejus
3022 1605 3243 1645 causam
3298 1590 3466 1643 fuisse

212 1678 490 1747 κλίματα,
552 1676 859 1747 συνδρομὴν
922 1675 1242 1729 ἐπισκόπων
1301 1674 1483 1727 αἰτίαν
1538 1673 1790 1745 τίθησιν·

1909 1679 2070 1741 dicat.
2094 1679 2243 1750 quod
2276 1680 2574 1736 Britanniae
2595 1691 2652 1737 et
2682 1681 2905 1736 illorum
2934 1680 3135 1736 Oceani
3167 1689 3465 1741 tractuum,
3528 1679 3543 1695 ‘

219 1788 238 1819 ι
288 1768 617 1837 Ἀναγκαίου
644 1771 758 1831 τοῖς
789 1768 996 1823 ἅπασιν
1029 1768 1202 1831 θντος.
1242 1767 1303 1831 ἐξ
1334 1767 1461 1836 ὅλης
1481 1764 1664 1837 (φησὶ)
1692 1767 1795 1835 τῆς

212 1860 554 1927 κοινότητος,
590 1859 682 1911 καὶ
706 1859 910 1929 ἥκιστα
943 1857 1302 1929 μονομεροῦς,
1337 1860 1404 1911 τὰ
1436 1857 1663 1910 τοιαῦτα
1700 1872 1792 1908 τε-

210 1948 458 2002 λεῖσθαι·
502 1950 588 2003 ἵνα
650 1949 720 2003 τὰ
772 1953 839 2020 τῇ
884 1948 1004 2020 θεία
1071 1951 1167 2002 καὶ
1223 1946 1557 2017 ἁποστολικῇ
1612 1946 1796 2000 πίστει

214 2042 574 2113 πραττόμενα
623 2044 825 2105 πάντες
854 2040 1257 2111 γιγνώσκοντες
1309 2040 1671 2110 όμοφωνῶσιν
1698 2039 1796 2094 ἀλ-

211 2134 427 2203 λήλοις.
457 2153 476 2187 ι
517 2136 627 2189 Καὶ
664 2137 693 2187 ὁ
723 2134 997 2196 θειότατος
1043 2133 1088 2186 δ’
1120 2133 1323 2203 ὁμοίως
1363 2130 1612 2200 Μάξιμος
1646 2133 1702 2184 ἐν
1728 2134 1795 2199 τῇ

214 2227 363 2296 πρὸς
398 2226 614 2299 Πύρρον
646 2216 878 2291 δῖαλίξει
927 2225 1003 2297 μὴ
1053 2224 1312 2279 δύνασθαι
1344 2224 1629 2277 καλεῖσθαι
1670 2223 1799 2276 σύν-

214 2319 345 2370 οδόν
405 2336 541 2388 φησι
593 2320 664 2372 τὰ
716 2321 919 2388 σημεῖα
980 2317 1056 2389 μὴ
1096 2319 1473 2388 κεκτημένην’
1528 2315 1652 2369 οὔτε
1691 2316 1801 2386 γὰρ

217 2410 373 2464 κατὰ
415 2410 616 2480 νόμους
655 2410 752 2464 καὶ
793 2411 1022 2474 κανόνας
1067 2410 1322 2477 γενέσθαι
1365 2409 1677 2471 συνοδικοὺς
1708 2408 1804 2461 καὶ

219 2502 466 2570 θεσμοὺς
502 2501 1017 2571 ἐκκλησιαστικοὺς,
1049 2500 1175 2555 οὔτε
1220 2502 1507 2563 ἐπιστολὰς
1556 2500 1590 2570 ἢ
1642 2514 1805 2552 τοπο·

222 2592 474 2659 τηρητὰς
508 2593 643 2660 πρὸς
680 2591 791 2643 τῶν
823 2592 1002 2645 ἄλλων
1040 2590 1362 2662 πεμφθῆναι
1408 2590 1799 2659 πατριαρχῶν·

221 2686 325 2736 καὶ
356 2684 447 2736 διὰ
473 2683 638 2737 τοῦτο
677 2683 993 2738 σκανδάλων
1020 2685 1287 2754 διχονοίας
1330 2684 1431 2755 τὴν
1478 2683 1804 2754 οἰκουμένην

225 2776 780 2847 πληρῶται.’”υμως
835 2776 1025 2847 ἐπειδὴ
1077 2776 1174 2830 καὶ
1238 2777 1466 2832 ἄκουσιν
1518 2776 1806 2845 ἐληλυθόσι

224 2871 494 2934 δέδωκας,
523 2869 713 2941 ἥντινα
772 2870 944 2940 δήπου
976 2870 1073 2923 καὶ
1103 2868 1389 2932 ἐδεδώκεις
1409 2909 1424 2933 ,
1476 2868 1660 2940 χώραν
1710 2869 1808 2924 τοῦ

224 2964 436 3031 λεγειν,
468 2961 664 3032 χρεὼν,
695 2962 947 3029 καθάπερ
993 2964 1052 3015 ἐν
1096 2966 1217 3025 ταῖς
1264 2963 1654 3032 ἱπποδρομίαις
1681 2964 1809 3025 τοὺς

1898 1787 2003 1827 nec
2029 1788 2137 1827 non
2170 1773 2401 1828 aliarum
2450 1773 2686 1843 Europa:
2716 1775 2998 1844 regionum
3032 1775 3273 1844 episcOpi
3305 1773 3470 1844 912

1900 1864 2061 1918 simul
2086 1865 2479 1919 convenerint:
2513 1885 2533 1917 ι
2565 1866 2858 1933 Quoniam,
2894 1884 2913 1916 ι
2951 1864 3154 1934 inquit.
3190 1884 3207 1915 ι
3247 1879 3473 1919 necesse

1900 1964 1986 2011 est
2025 1956 2095 2010 ab
2122 1958 2380 2012 omnibus
2409 1972 2475 2012 ex
2506 1967 2615 2012 tota
2649 1958 2913 2012 Ecclesia:
2947 1957 3306 2011 universitate
3335 1972 3472 2009 eun—

1900 2047 2129 2108 vocatis,
2157 2062 2269 2101 non
2303 2058 2488 2102 autem
2524 2048 2594 2102 ab
2632 2065 2739 2102 una
2777 2059 2953 2117 parte,
2987 2049 3113 2102 talia
3146 2048 3329 2116 peragi
3360 2064 3374 2105 :
3412 2058 3475 2101 ut

1903 2154 2096 2194 omnes
2120 2157 2209 2205 ea,
2239 2157 2363 2211 qua!
2389 2141 2534 2195 circa
2568 2142 2819 2195 divinam
2839 2149 2893 2195 et
2922 2141 3278 2213 apostolicam
3311 2141 3473 2195 [idem

1902 2238 2022 2284 acta
2063 2230 2288 2295 fuerint,
2321 2241 2731 2300 cognoscentes,
2767 2247 2954 2286 secum
3006 2232 3241 2285 invicem
3276 2247 3475 2285 conso—

1907 2330 2055 2375 nent.
2107 2342 2125 2372 ο
2177 2322 2324 2379 Idem
2382 2326 2443 2376 υ.
2491 2323 2778 2388 Maximus,
2833 2323 2886 2377 in
2934 2339 3033 2377 sua
3090 2339 3215 2378 cum
3263 2324 3476 2396 Pyrrho

1906 2412 2302 2482 disputatione,
2353 2430 2461 2467 non
2502 2431 2666 2485 posse
2703 2416 2779 2469 ait
2814 2416 3083 2486 synodum
3116 2417 3299 2470 vocari
3330 2430 3475 2479 eam,

1907 2521 2031 2574 quae
2058 2506 2173 2575 ipsa
2212 2506 2406 2578 synodi
2440 2505 2671 2577 insignia
2703 2523 2810 2561 non
2846 2507 3041 2563 haheat
3068 2525 3084 2563 :
3120 2523 3300 2577 neque
3329 2508 3477 2561 enim

1909 2595 2106 2651 factam
2138 2612 2258 2652 eam
2290 2598 2594 2652 secundum
2637 2599 2784 2666 leges
2813 2609 2869 2653 et
2897 2614 3139 2654 canones
3164 2601 3479 2670 synodales,

1910 2698 2184 2745 statutave
2211 2691 2623 2758 ecclesiastica;
2674 2707 2775 2746 nec
2826 2691 3091 2760 epistolas
3123 2701 3217 2746 aut
3273 2693 3479 2763 legatos

1913 2782 1982 2837 ab
2009 2783 2133 2837 aliis
2172 2782 2503 2853 patriarchis
2533 2786 2731 2839 missos
2776 2784 2944 2839 fuisse
2973 2802 2987 2838 :
3019 2795 3185 2856 atque
3229 2802 3349 2840 eam
3398 2786 3484 2841 id-

1913 2874 2064 2929 circo
2100 2882 2273 2928 totum
2301 2875 2495 2937 orbem
2530 2875 2845 2945 implevisse
2877 2876 3151 2931 scandalis
3184 2877 3484 2931 dissensio-

1914 2965 2020 3020 n'rs.
2052 2966 2323 3022 Cteterum
2353 2966 2477 3036 quia
2510 2967 2690 3030 nobis,
2727 2974 3014 3037 postquam
3069 2968 3225 3023 inviti
3256 2968 3364 3023 huc
3391 2985 3485 3023 ve-

226 3056 463 3125 δρόμους
496 3072 555 3107 τε
586 3057 679 3107 καὶ
727 3055 1095 3126 περιδρόμους
1134 3056 1460 3126 καθαίρουσι
1494 3056 1604 3109 τῶν
1641 3055 1805 3125 ἁμιλ-

1915 3058 2114 3123 nitnus,
2150 3058 2368 3113 dicendi
2410 3060 2588 3113 locum
2638 3058 2862 3119 dedisti.
2911 3059 3233 3130 quicunque,
3265 3061 3483 3117 tandem

230 3148 511 3218 λητηρίων
541 3147 743 3214 ἵππων,
776 3148 948 3214 ξύλων
973 3150 1067 3202 καὶ
1097 3148 1261 3201 λίθων
1293 3148 1391 3200 καὶ
1417 3148 1528 3201 τῶν
1549 3150 1808 3202 τοιούτων

230 3239 383 3293 ἅπαν
408 3239 716 3304 δεικνύντες
762 3240 1048 3312 ἐλεύθερον
1088 3239 1379 3310 τοῦδαφος,
1409 3241 1557 3294 οὕτω
1587 3242 1684 3295 καὶ
1713 3240 1810 3294 νῦν

229 3334 320 3403 ἐφ’
381 3333 539 3404 ἡμῶν
595 3334 924 3403 ἀρξαμένων
975 3333 1195 3404 λέγειν,
1258 3335 1525 3404 ἐπηρείας
1588 3335 1811 3405 ἁπάσης

232 3424 524 3495 ἐλεύθερον
562 3421 716 3481 εἶναι
740 3426 866 3488 δεῖν,
895 3426 1035 3481 αἰτῶ
1064 3426 1175 3480 τῶν
1207 3426 1383 3494 λόγων
1428 3427 1522 3479 τὸν
1567 3427 1808 3480 δίαυλον.

247 3517 554 3589 ’Δγάλματι
582 3519 692 3590 γὰρ
718 3519 959 3574 ἐοικέναι
985 3519 1095 3572 τινὶ
1126 3522 1221 3573 καὶ
1243 3520 1338 3573 τὸν
1378 3519 1536 3588 λόγον
1576 3517 1813 3588 ωμὸαί-

232 3627 355 3664 νει·
388 3611 483 3664 καὶ
515 3609 706 3682 ὥσπερ
728 3613 792 3664 ἐκ
825 3611 1070 3684 κεφαλῆς
1106 3613 1226 3667 ἐκεῖ
1251 3610 1352 3681 τῆς
1383 3611 1635 3672 πλάσεως
1663 3611 1814 3663 ἀκω-

228 3702 400 3756 λύτου
435 3702 621 3772 μέχρι.
653 3702 831 3756 ποδῶν
886 3701 1231 3771 ἐληλυθυίας,
1290 3701 1380 3774 [Ρ.
1429 3700 1560 3773 575]
1614 3702 1833 3772 ὁρᾶται

232 3794 381 3865 πρὸς
412 3794 673 3865 τάκριϐὲς
721 3795 790 3848 τὰ
844 3794 946 3865 τῆς
978 3793 1247 3866 ἁρμονίας
1270 3810 1286 3826 ·
1323 3797 1420 3848 καὶ
1473 3794 1815 3865 θαυμάζεται

236 3886 366 3956 μιν,
394 3887 446 3939 εἰ
496 3886 678 3952 καλῶς
710 3885 791 3958 τῷ
835 3888 1059 3960 τεχνίτῃ
1111 3887 1467 3958 πιπρακταν
1524 3888 1576 3940 εἰ
1615 3887 1665 3940 δ’
1695 3881 1811 3951 οὖν,

234 3982 505 4052 αξσχύνης
529 3981 766 4053 ἀθλητὴς
799 3982 1117 4052 περιφανῶς
1140 3985 1169 4037 ὁ
1195 3983 1442 4052 πλάστης
1464 3982 1814 4036 καθίσταται·

234 4073 388 4127 οὕτω
418 4072 695 4127 κάνταῦθα
750 4072 846 4126 τοῦ
904 4073 1064 4140 λόγου
1124 4073 1354 4144 μηδενὸς
1408 4073 1817 4143 ἐφεδρεύοντος,

241 4165 383 4236 μηδὲ
409 4166 472 4218 τὸ
502 4166 723 4234 συνεχὲς
752 4165 1148 4227 ἀνασοϐοὖντος
1168 4165 1361 4235 ὥσπερ
1387 4167 1453 4218 ἐκ
1475 4165 1632 4237 λόχου
1660 4166 1820 4235 μέχρι

235 4248 502 4328 τελευτῆς
526 4258 718 4327 αὐτῆς,
745 4257 960 4322 ἐξέσται
987 4259 1099 4320 τοῖς
1124 4256 1360 4328 παροῦσι
1381 4257 1591 4325 κρίνειν
1618 4256 1819 4327 ὀρθῶς,

240 4351 357 4405 εἶτε
386 4350 529 4403 κατὰ
554 4350 747 4418 λόγους
778 4350 909 4418 ἡμίν
942 4349 972 4402 ό
1000 4349 1159 4417 λόγος
1202 4349 1459 4420 ἔδραμεν,
1509 4350 1612 4402 εἷθ’
1646 4350 1820 4420 ὑπερ-

239 4444 395 4511 όριος
420 4441 617 4508 γέγονε
653 4441 746 4494 τοῦ
771 4440 875 4510 τῆς
908 4439 1169 4508 ἀληθείας
1215 4438 1442 4493 σκοποῦ.
1481 4439 1734 4503 Ἔπειτα,
1770 4439 1822 4493 εἰ

242 4533 345 4585 καὶ
377 4528 527 4583 τοῦθ’
561 4530 693 4600 ἡμῖν
716 4531 867 4599 ἐξείη
903 4529 982 4600 μὴ
1031 4529 1208 4600 σιωπῇ
1266 4527 1724 4599 παρεληλυθέναι,
1752 4528 1825 4581 τὰ

240 4625 361 4684 τοῖς
420 4620 651 4684 δικαίοις
723 4621 1077 4690 προσήκοντα
1140 4619 1350 4689 βήμασι
1410 4619 1505 4673 καὶ
1576 4619 1824 4689 δόξωμεν

242 4718 492 4785 ἀγνοεῖν,
523 4715 710 4787 ἐπειδὴ
742 4714 808 4767 σὺ
844 4714 1029 4783 σαυτῷ
1050 4714 1152 4784 τὴν
1182 4712 1279 4766 τοῦ
1307 4713 1518 4783 κρίνειν
1546 4714 1830 4782 ἐπιτετρα-

244 4809 371 4879 qui);
403 4809 673 4874 ἐξουσίαν,
696 4807 872 4870 dmi;
902 4807 1190 4877 ἁπανταχῆ
1213 4807 1314 4876 τῆς
1337 4807 1674 4879 οἰκουμένης
1695 4824 1832 4878 συντ

246 4902 427 4957 ιοῦσιν
455 4900 622 4971 ἐχρῆν
665 4900 776 4953 τῶν
812 4899 1135 4952 ἐπισκόπων
1150 4897 1479 4969 ὀρθοδόξοις.
1505 4898 1826 4969 όμωμόκεις

249 4989 333 5059 μὴ
357 4989 695 5057 καπηλεύειν
725 4988 826 5051 τὰς
864 4986 1041 5049 δίκας,
1076 4986 1259 5059 ἐχρῆν
1279 4988 1828 5059 μὴίπροειλημμὲνον

244 5082 387 5151 γοῦν
423 5077 563 5134 εἷναί
602 5097 667 5133 σε
717 5083 832 5145 τοῖς
880 5079 980 5133 τοῦ
1032 5080 1512 5150 κατηγορουμένου
1563 5081 1825 5147 δικτύοις,

249 5174 381 5246 μηδ’
411 5171 578 5227 αὐτοῦ
609 5190 669 5225 σε
698 5176 984 5242 πρόμαχον
1014 5173 1083 5224 ἐκ
1111 5169 1357 5241 πρώτης,
1401 5172 1430 5224 δ
1462 5187 1619 5239 φασιν,
1646 5188 1827 5242 γραμ-

247 5271 364 5339 μῆς
412 5266 904 5337 ἀπαρακαλύπτως
955 5263 1380 5334 καθιστάμενον,
1433 5264 1615 5333 λέγειν
1665 5266 1827 5321 ὁποῖα

242 5360 443 5417 τοῦτόν
475 5359 531 5429 γ’
563 5360 766 5431 ἐχρῆνο
803 5357 940 5412 ἀλλὰ
987 5357 1116 5421 τοὺς
1166 5357 1266 5420 τὰς
1308 5356 1648 5425 κατηγορίας
1687 5375 1825 5429 προ-

244 5455 620 5521 ϐαλλομένους
675 5450 983 5520 πυθόμενον
1047 5450 1339 5521 πρότερον,
1379 5451 1475 5504 καὶ
1530 5450 1598 5513 ἃς
1625 5451 1653 5502 ό
1691 5453 1828 5520 say»

1914 3151 1962 3206 is
2004 3152 2166 3206 datus
2209 3161 2315 3216 est,
2355 3160 2573 3220 oportet
2611 3167 2749 3214 nos,
2785 3160 2845 3206 ut
2898 3152 2957 3206 lit
2992 3152 3045 3205 in
3108 3152 3487 3222 hippodromis

1913 3240 2058 3309 (nam
2093 3242 2145 3294 in
2175 3242 2264 3304 iis,
2297 3256 2627 3311 quacunque
2655 3242 2739 3296 vel
2770 3241 3094 3312 dirigendus
3126 3244 3210 3297 vel
3249 3244 3487 3298 circum—

1912 3330 2214 3386 llectendus
2262 3332 2591 3385 certantium
2658 3346 2931 3400 equorum
2976 3346 3203 3394 cursus,
3257 3348 3482 3401 operam

1913 3420 2067 3482 dant.
2101 3430 2161 3477 ut
2205 3429 2263 3478 et
2296 3421 2460 3493 lignis
2504 3432 2562 3478 et
2607 3422 2911 3493 lapidibus,
2956 3431 3014 3476 et
3056 3423 3181 3477 aliis
3213 3424 3487 3493 ejusmodi

1914 3514 2190 3580 obicibus,
2238 3515 2419 3569 solum
2471 3529 2657 3571 omne
2681 3515 2755 3571 sit
2794 3514 3053 3570 liberum
3093 3531 3170 3571 ac
3202 3515 3493 3585 vacuum),

1915 3604 2013 3669 ita,
2042 3605 2290 3675 inquam,
2324 3621 2474 3661 nunc
2511 3610 2755 3677 quoque,
2783 3621 2914 3661 cum
2955 3605 3251 3676 incipimus
3274 3607 3484 3670 dicere.

1914 3697 2307 3767 disputationis
2341 3706 2547 3755 nostra:
2575 3699 3195 3756 curriculumab‘omni
3228 3700 3489 3756 violentia

1915 3789 2155 3845 liberum
2205 3804 2330 3846 esse
2377 3799 2639 3860 oportere
2691 3805 2934 3858 censeo,
2988 3800 3045 3847 et
3090 3802 3155 3848 ut
3223 3794 3294 3848 sit
3337 3802 3504 3865 peto»

1916 3880 2107 3938 Oratio
2135 3895 2335 3952 nempe
2360 3881 2637 3938 simulacri
2661 3883 2946 3954 cujusdam
2983 3882 3156 3937 instar
3181 3891 3299 3938 est:
3327 3894 3491 3952 atque

1920 3986 1986 4031 ut
2027 3977 2081 4029 in
2132 3975 2455 4039 simulacro,
2496 3982 2545 4035 si
2592 3989 2623 4029 a
2655 3975 2835 4045 capite
2888 3974 2957 4029 ad
3001 3974 3169 4044 pedes
3205 3989 3375 4044 usque
3406 3974 3492 4027 οἱ.

1922 4076 2006 4123 tra
2030 4068 2203 4123 ullum
2236 4068 2693 4138 impedimentum
2722 4082 2862 4137 opus
2882 4067 3237 4137 processerit,
3266 4067 3494 4121 concin-
3522 4108 3525 4109 ν

1921 4161 2069 4215 nitas
2099 4160 2339 4231 partium
2372 4160 2491 4231 ipsa
2510 4160 2738 4230 penitus
2768 4158 3120 4229 perspicitur,
3149 4168 3208 4218 et
3259 4142 3495 4219 admira-

1925 4253 2131 4308 tionem
2160 4252 2387 4322 quidem
2417 4259 2619 4315 movet,
2655 4251 2698 4305 si
2738 4251 2935 4305 artifex
2974 4251 3110 4305 scite
3140 4250 3372 4315 fecerit;
3409 4250 3494 4304 sin
3517 4283 3531 4296 ρ

1925 4348 2131 4413 minus,
2158 4346 2402 4402 ludibrio
2437 4346 2659 4416 exponit
2685 4359 2835 4408 eum,
2871 4344 2963 4412 qui
2996 4342 3193 4398 ﬁnxit:
3226 4343 3305 4397 sic
3333 4344 3497 4396 etiam

1927 4441 1983 4496 in
2014 4440 2120 4494 boc
2151 4438 2543 4507 disputationis
2569 4437 2823 4502 exordio,
2852 4437 2897 4491 si
2928 4451 3090 4491 nemo
3111 4434 3295 4491 dolum
3330 4435 3502 4489 medi-

1930 4541 2099 4596 tetur,
2160 4546 2339 4601 neque
2412 4529 2541 4584 hinc
2605 4544 2778 4598 usque
2836 4528 2905 4581 ad
2974 4529 3175 4583 tinem:
3206 4529 3497 4597 quisquam

1926 4623 2091 4696 913
2127 4633 2386 4693 tanquam
2414 4637 2483 4676 ex
2509 4621 2730 4684 insidiis
2754 4620 3029 4690 prosiliat.
3057 4620 3149 4688 qui
3179 4619 3499 4672 continuam

1927 4719 2227 4770 verborum
2284 4715 2483 4768 seriem
2536 4712 2941 4781 interrumpat,
2991 4720 3253 4780 poterunt
3315 4710 3353 4762 ii
3406 4709 3502 4777 qui

1916 4796 2112 4862 astant
2141 4813 2291 4862 recte
2321 4805 2598 4877 judicare,
2631 4814 2814 4859 utrum
2844 4802 3113 4857 oratidnis
3146 4811 3345 4856 nostra:
3374 4816 3501 4855 cur-

1931 4914 2027 4954 sus
2068 4898 2277 4953 rationi
2315 4904 2721 4952 consentaneus
2763 4894 2949 4958 luerit,
2994 4909 3063 4947 an
3114 4893 3274 4962 longe
3306 4908 3335 4947 a
3371 4906 3501 4947 vero

1933 4992 2043 5065 line
2093 4988 2389 5044 aberrarit.
2434 4986 2643 5043 Deinde
2681 4985 2747 5057 (si
2781 4994 2837 5040 et
2871 4983 3005 5038 illud
3058 4982 3137 5037 fas
3162 4992 3248 5038 est
3279 4981 3502 5038 silentio

1934 5082 2080 5139 baud
2128 5080 2430 5153 praeterire,
2460 5095 2529 5134 ne
2566 5076 2771 5149 judicis
2799 5075 2931 5146 justi
2976 5074 3212 5130 cilicium
3246 5075 3499 5144 ignorate

1932 5175 2239 5243 videamur)
2287 5173 2545 5243 quoniam
2581 5180 2637 5226 tu
2676 5175 3003 5238 potestatem
3055 5167 3153 5220 tibi
3198 5167 3297 5235 ipsi
3335 5179 3502 5217 τιτι-ο-

1933 5269 2073 5341 gasti
2113 5254 2394 5339 judicaiidi
2426 5264 2493 5319 de
2526 5263 2599 5317 iis
2638 5261 2825 5324 rebus,
2859 5258 2925 5313 ad
2960 5272 3095 5341 quas
3121 5255 3503 5327 dijudicandas

1932 5358 2269 5416 orthodoxos
2299 5355 2468 5410 totius
2498 5352 2647 5408 orbis
2680 5348 2967 5419 episcopos
3013 5345 3310 5403 convenire
3336 5359 3504 5413 opor-

1936 5452 2124 5516 tebat,
2173 5449 2430 5516 idemque
2487 5455 2538 5502 te
2598 5446 2918 5515 incorrupte
2960 5441 3335 5514 judicaturum
3382 5448 3503 5491 esse

1585 5590 1921 5656 Variorum
1961 5600 2143 5656 notae.

324 5725 436 5794 μυ)
471 5723 697 5792 Grcgor.
729 5679 994 5779 Rasianz.‘
1019 5730 1157 5778 orat.
1201 5721 1248 5777 l.
1281 5720 1497 5777 Doms.
