4018 6206
290 255 422 321 “35
658 250 733 322 [Α.
764 265 818 307 c.
846 250 1004 322 l55l]

1249 250 1708 316 BYZANTlNiE'
1728 251 2117 314 ΠΙΞἸὍΠΠΞ
2158 252 2317 316 LIB.
2341 252 2500 316 XIX.

2628 247 2761 321 [una
2792 265 2812 303 ι
2877 265 3188 305 ολκτιιεεῖι
3206 248 3261 323 5]

3376 248 3511 323 1186

285 364 566 435 Ιὶαρλαὰμ,
591 365 715 417 ὅσον
773 365 857 416 σοί
886 381 949 431 γε
1000 364 1203 437 χρεών·
1243 365 1301 429 ὃς
1343 367 1550 435 ἔπηλυν
1578 366 1706 420 ὄντα
1760 384 1838 420 το⁴

1956 367 2112 419 sitatc
2143 366 2438 441 adstrictos
2466 383 2565 421 nos
2591 375 2876 436 putamus;
2908 369 3074 438 idque
3120 372 3325 425 arctius
3349 389 3511 443 quam

287 458 484 522 σαύτην
512 457 591 518 είς
614 456 776 508 αὑτὸν
804 455 1055 520 ἐνεδείξω
1076 456 1275 520 ξενίαν,
1309 459 1403 509 καὶ
1420 457 1564 510 οὑτω
1586 457 1846 525 λαμπράν

281 548 377 616 τὴν
403 546 685 612 δαψίλειαν
708 544 858 614 αὑτῷ
890 546 1034 597 κατὰ
1062 547 1220 600 πάντ’
1249 547 1511 616 ἐχαρίσω,
1547 547 1622 608 ὡς
1653 548 1844 614 ἐτέρου

283 640 359 707 μὴ
380 637 588 690 δεῖσθαί
617 654 673 688 σε
707 637 982 705 μάρτυρος
1012 638 1044 707 ἢ
1075 637 1296 692 σαυτοῦ.
1323 636 1476 691 Ὥστ⁹
1501 639 1600 693 οὐκ
1629 637 1752 707 ἐμοί
1786 654 1845 689 σε

280 727 456 798 χρεὼν
481 727 735 794 ἐγκαλεῖν
765 726 836 779 δι’
861 730 1069 780 ἐκεῖνον
1097 727 1193 781 καὶ
1233 727 1333 798 τὴν
1362 728 1574 780 ἐκείνου
1609 729 1845 796 συνεχῶς

277 817 577 887 προφέρειν
610 816 787 869 αίτίαν
817 816 1016 886 μᾶλλον
1048 816 1082 887 ἢ
1110 817 1311 887 σαυτῷ.
1348 819 1424 870 Οὑ
1450 816 1559 885 γὰρ
1586 816 1748 885 ἔγωγ’
1778 817 1845 870 ἂν

277 907 441 968 αὑτὸς
464 908 493 958 6
525 908 641 969 ταῖς
675 906 969 978 ὑπεροχαῖς
1001 911 1117 976 εἰμι
1141 909 1249 961 τῶν
1274 910 1448 978 τιμῶν
1469 908 1583 977 (46)
1616 911 1695 971 εἰς
1718 909 1849 975 άγὲ-

281 1015 453 1067 ρωχον
482 999 687 1049 ἐκεῖνον
720 970 1142 1069 ίγείραςόφρῦν
1176 1001 1269 1053 καὶ
1327 970 1603 1070 μετέωρον
1647 970 1847 1070 φρύνη-

282 1107 359 1158 μα
383 1106 398 1119 ·
436 1090 548 1143 οὐδ’
592 1090 755 1158 ἔγωγ’
806 1091 968 1154 αὐτὸς
1017 1094 1044 1144 6
1076 1092 1542 1163 μεγαλορῤήμονά
1585 1110 1666 1145 σοι
1700 1093 1845 1146 διδά-

280 1182 501 1245 σκαλον,
530 1182 624 1235 καὶ
642 1181 729 1235 διὰ
759 1182 852 1234 σοῦ
880 1185 992 1243 τοῖς
1012 1183 1189 1244 ἄλλοις
1213 1182 1377 1234 αὑτὸν
1414 1182 1506 1235 τοῦ
1548 1182 1693 1251 θείου
1722 1185 1843 1234 Διο-

276 1274 464 1325 νυσίου
522 1274 931 1346 χειροτονήσας,
965 1274 1061 1326 καὶ
1088 1273 1204 1342 ἅμα
1248 1274 1567 1344 διαπρύσιον
1594 1271 1684 1345 1P.
1714 1273 1843 1344 58l]

277 1365 522 1433 ἑρμηνέα
559 1365 668 1417 τῶν
700 1364 983 1435 μυστικῶν
1021 1364 1122 1433 τῆς
1160 1366 1483 1435 Ἐκκλησίας
1535 1365 1841 1434 δογμάτων.

278 1457 372 1507 καὶ
396 1458 496 1509 ὅσα
522 1459 618 1525 τῆς
652 1455 775 1509 καθ’
807 1457 954 1526 ἡμᾶς
995 1456 1271 1523 θεολογίας
1303 1457 1411 1510 elei.
1451 1461 1722 1525 μυστήρια
1750 1459 1846 1509 καί⁸

272 1548 343 1601 δι’
384 1546 528 1601 αὑτά
551 1564 612 1615 γε
636 1545 812 1600 ταῦτα
839 1548 935 1601 καὶ
961 1548 1029 1600 τά
1071 1547 1316 1612 τοιαῦτα,
1358 1548 1455 1618 τὴν
1487 1548 1717 1617 πάτριον
1739 1550 1845 1617 γῆν

273 1639 333 1691 ιν
390 1638 628 1707 δευτέρῳ
667 1637 842 1693 θεῖναι
893 1638 988 1708 τῆς
1037 1638 1346 1706 ἀλλοδαπῆς
1397 1639 1631 1706 ταυτησὶ
1681 1637 1843 1690 αὑτὸν

1951 456 2103 527 illum
2172 455 2347 523 ipsum
2380 440 2712 512 Tantalum.
2752 472 2914 524 quem
2971 457 3023 508 in
3085 457 3261 510 media
3317 440 3512 527 palude

1948 557 2094 599 stare
2133 561 2188 598 et
2234 546 2565 615 sempiterna
2619 547 2709 601 siti
2764 548 2957 601 ardere
3014 558 3238 602 narrant
3294 549 3511 611 fabula',

1948 639 2147 692 timere
2179 647 2364 690 antem
2393 650 2612 704 seraper
2646 637 2761 689 saxi
2792 636 2941 689 illius
2984 636 3200 704 pondus
3235 638 3513 706 iniquissi-

1948 744 2120 788 mum.
2151 742 2251 781 nec
2273 741 2398 781 cum
2433 742 2491 781 se
2524 725 2746 780 inclinat
2782 741 2940 795 posse
2974 725 3185 781 bibere.
3221 726 3289 781 At
3336 736 3390 781 tu
3432 728 3512 781 sic

1948 818 2160 886 agendo
2197 832 2304 869 non
2347 814 2552 885 jmlieis
2601 829 2807 867 rnorem
2852 829 3076 877 servas,
3126 814 3222 868 sed
3272 814 3508 884 speciem

1944 921 2059 976 pne
2096 919 2148 960 te
2188 905 2304 958 fers
2343 906 2463 974 ejus
2502 905 2629 965 viri.
2657 903 2750 973 qui
2791 904 3052 956 atrociter
3099 903 3412 967 insidietur,
3453 914 3511 958 et

1948 998 2164 1051 hostilis
2211 997 2266 1049 in
2324 1012 2427 1050 nos
2475 996 2642 1050 animi
2693 995 3069 1065 gladiatoriam
3124 996 3508 1050 crudelitatem

1942 1103 2126 1145 acuat.
2183 1091 2346 1157 Atqui
2402 1104 2510 1145 non
2565 1093 2715 1142 tanta
2765 1097 2849 1141 est
2900 1087 3063 1142 nobis
3112 1087 3179 1142 de
3225 1088 3508 1142 Barlaamo

1945 1199 2098 1245 cura,
2153 1192 2358 1251 quanta
2394 1196 2516 1237 eSse
2565 1181 2662 1235 tibi
2698 1180 2799 1249 ipsi
2849 1180 3050 1245 debet;
3082 1179 3175 1249 qui
3220 1180 3331 1244 illi,
3382 1196 3508 1235 cum

1944 1283 2093 1326 esset
2146 1272 2393 1335 advena,
2452 1270 2532 1325 sic
2581 1269 2877 1338 benignum
2931 1277 2985 1324 te
3036 1269 3307 1338 hospitem
3368 1283 3510 1338 pra:-

1948 1364 2225 1424 huisti,ita
2255 1354 2539 1432 splendide
2555 1371 2612 1415 et
2638 1362 2846 1430 prolixe
2877 1359 2930 1412 in
2962 1360 3222 1415 omnibus
3237 1362 3511 1430 gratiﬁca-

1947 1465 2033 1509 tus
2061 1454 2223 1525 923
2253 1470 2335 1520 es,
2370 1464 2435 1510 ut
2468 1453 2587 1523 ejus
2618 1452 2693 1507 rei
2741 1468 2849 1507 non
2893 1451 3002 1507 alio
3037 1460 3173 1507 teste
3205 1466 3366 1517 egeas
3398 1451 3505 1506 nisi

1944 1548 2143 1615 teipse.
2169 1545 2534 1609 Quamobrem
2573 1557 2681 1597 non
2728 1542 2862 1598 mihi
2901 1551 2953 1595 te
2983 1542 3102 1610 ejus
3145 1557 3306 1598 causa
3355 1542 3508 1596 litem

1946 1652 2165 1691 tumere
2200 1650 2419 1704 acquum
2462 1643 2567 1697 est.
2605 1648 2707 1689 nec
2759 1633 2825 1687 de
2876 1647 2944 1689 eo
2987 1633 3196 1687 crimen
3246 1641 3509 1702 perpetuo

273 1728 593 1794 ἀναγκάσας
617 1741 632 1756 '
661 1725 771 1779 οὐδ’
797 1725 965 1794 ἔγωγ’
989 1725 1155 1788 αὐτὸς
1186 1725 1218 1777 ὁ
1253 1725 1345 1777 καὶ
1373 1724 1514 1777 κατὰ
1544 1723 1725 1793 πάσης
1746 1724 1838 1777 άλ-

1944 1726 2109 1794 objici
2142 1725 2275 1779 mihi
2307 1725 2479 1793 magis
2500 1738 2662 1792 quam
2688 1722 2806 1777 tibi.
2830 1721 2951 1776 Non
2979 1721 3126 1776 enim
3158 1723 3205 1775 is
3232 1737 3334 1792 ego
3363 1736 3505 1783 sum,

266 1816 372 1884 -λης
408 1814 697 1885 Ῥωμαίων
727 1814 933 1883 σοφίας,
966 1812 1218 1866 ἐντεῦθεν
1246 1812 1408 1865 αὑτὸν
1464 1815 1700 1883 μανῆναι
1739 1828 1841 1865 πε·-

271 1901 517 1963 minit:
546 1902 671 1956 ἀλλ’
705 1901 871 1971 ἔγωγ’
925 1900 1089 1965 αὐτὸς
1110 1903 1138 1954 6
1167 1901 1268 1964 τὰς
1314 1900 1534 1971 κέδρους
1589 1901 1703 1971 είμὶ
1739 1900 1842 1971 τῆς

268 1995 474 2065 ὀφρύος
507 1993 715 2049 ἐκείνου
756 1993 1055 2064 συντρίψας
1091 1992 1430 2063 περιφανῶς,
1474 1993 1725 2063 καθάπερ
1751 1993 1839 2046 ὅτε

266 2085 407 2156 δρῦν
431 2086 525 2139 καὶ
550 2087 743 2156 κέδρον
771 2085 869 2140 καὶ
902 2084 1239 2156 κυπάριττον
1271 2086 1582 2155 άπογυμνοῖ
1621 2085 1723 2154 τῆς
1746 2085 1840 2147 κό-

271 2195 384 2247 μης
424 2177 687 2247 ὑλοτόμον
716 2177 982 2248 βρίθουσα
1019 2176 1244 2247 παλάμη
1266 2189 1280 2203 ⁸
1312 2177 1475 2246 ἔγωγ’
1498 2178 1671 2242 ἀὐτὸς
1701 2180 1843 2233 ἐκεῖ-

266 2270 358 2332 νος
392 2271 441 2322 εί
451 2287 512 2338 μι
542 2272 569 2322 6
608 2270 729 2322 τότε
760 2268 1044 2332 συστείλας
1092 2269 1187 2323 καὶ
1220 2270 1581 2339 ἀναχαιτίσας
1607 2272 1837 2335 ἐκεῖνον,

265 2359 321 2411 ἕν
353 2374 413 2411 τε
439 2356 651 2426 γαλήνῃ
676 2355 904 2424 καρδίας
927 2356 1021 2408 καὶ
1044 2355 1165 2425 ἅμα
1201 2359 1268 2427 τῇ
1294 2359 1393 2426 τῆς
1416 2356 1693 2422 ἀσφαλοῦς
1721 2359 1842 2411 ἐπι-

268 2450 489 2519 στήμης
521 2448 814 2519 ἐπιεικείᾳ,
845 2448 1097 2519 καθάπερ
1123 2450 1389 2519 παράλιος
1416 2449 1645 2519 ψάμμος
1676 2452 1837 2521 ἀγρι-

265 2543 512 2609 ουμένην
542 2541 819 2594 θάλασσαν
840 2557 854 2571 ·
886 2541 1009 2610 ἥτις
1051 2541 1253 2596 ὁπόταν
1294 2541 1557 2613 ὑϐριστὴς
1592 2544 1687 2595 καὶ
1717 2544 1842 2611 ἀγέ-

266 2650 445 2701 ρωχος
470 2632 694 2700 ἄνεμος,
718 2632 926 2686 ἄνωθέν
958 2635 1121 2685 ποθεν
1149 2634 1206 2698 ἐξ
1233 2633 1511 2702 ἁρκτικών
1536 2633 1843 2703 καταῤῥεύ·

266 2736 371 2782 σας
406 2721 624 2789 πηγῶν,
664 2720 838 2789 αὐτῆς
871 2721 1235 2792 ἁναμοχλεύει
1278 2722 1347 2776 τὰ
1377 2722 1617 2792 κύματα,
1642 2723 1838 2790 διεγεί-

265 2810 425 2879 ρεταί
474 2825 535 2861 τε
588 2811 724 2880 πρὸς
759 2812 1062 2882 ἀνήκεστον
1092 2811 1292 2881 Θράσος
1323 2813 1418 2865 καὶ
1453 2813 1671 2869 ἀπειλεῖ
1698 2813 1842 2866 κατὰ

264 2902 366 2971 τῆς
390 2902 621 2972 ἠπείρου
646 2902 884 2972 πόλεμον
908 2902 1186 2973 περιφανῆ
1204 2919 1219 2934 ·
1247 2902 1364 2956 ἀλλ’
1383 2904 1605 2959 ἐπειδὰν
1633 2905 1840 2974 ἀκούσῃ

262 2996 364 3063 τῆς
393 2994 578 3063 φωνῆς
610 2994 708 3063 τῆς
749 2995 1018 3065 παραλίου
1050 2994 1304 3065 ψάμμου,
1357 2994 1590 3065 χείλεσιν
1636 2995 1838 3064 ἀφθόγ-

1936 1819 2099 1888 cujus
2144 1832 2309 1882 api-ra
2361 1815 2453 1868 ille
2504 1814 2572 1869 ad
2625 1814 2863 1869 honores
2919 1812 3241 1866 immodicos
3286 1822 3511 1871 evectus

1938 1909 2299 1975 supercilium
2337 1907 2591 1962 attollere
2621 1915 2679 1960 et
2710 1904 2908 1961 ellerre
2940 1918 2998 1958 se
3034 1904 3358 1963 insolentius
3398 1918 3510 1958 cm-

1940 2002 2111 2070 perit;
2149 2013 2326 2068 neque
2357 1997 2403 2052 is
2439 2012 2583 2059 sum.
2628 1997 2724 2066 qui
2766 2011 2892 2053 eum
2924 1994 3022 2049 tibi
3052 2004 3108 2050 et
3152 1989 3278 2049 aliis
3320 2010 3415 2056 per
3454 2002 3506 2050 te

1939 2090 2112 2145 sancti
2138 2088 2382 2160 Dionysii
2418 2079 2682 2142 docirina:
2720 2087 3036 2155 magistrum
3061 2084 3503 2155 grandiloquum,

1939 2194 2374 2249 arcanorumque
2397 2177 2650 2234 Ecclesia:
2677 2177 2989 2245 dogmatum
3014 2186 3071 2231 et
3099 2192 3267 2231 saeue
3295 2176 3507 2232 theolo-

1939 2271 2042 2342 giae
2071 2270 2454 2342 mysteriorum
2492 2271 2846 2337 interpretem
2883 2267 3198 2330 altisonum,
3228 2252 3351 2322 meo
3388 2266 3505 2321 suf-

1936 2359 2114 2427 fragio
2159 2356 2561 2420 constituerim,
2605 2371 2681 2421 ac,
2699 2372 2795 2425 per
2832 2356 2945 2411 hare
2980 2357 3118 2425 ipsa,
3158 2358 3371 2427 aliaque
3421 2358 3506 2412 his

1939 2452 2161 2517 similia,
2207 2452 2390 2507 solum
2438 2450 2616 2505 natale
2666 2449 2955 2519 peregrino
3005 2451 3133 2507 huic
3180 2452 3511 2519 posthabere

1939 2546 2245 2612 coegerim;
2279 2542 2517 2611 denique
2545 2541 2591 2596 is
2632 2556 2738 2595 non
2770 2557 2915 2602 sum.
2946 2542 3103 2612 cujus
3136 2542 3228 2597 ille
3260 2557 3425 2597 suasu
3454 2550 3511 2597 et

1941 2634 2207 2689 instinctu
2260 2633 2314 2687 in
2359 2634 2621 2701 reliquam
2653 2648 2870 2687 onmem
2910 2632 3280 2689 Romanarum
3323 2632 3509 2688 erudi-

1942 2725 2150 2780 tionem
2183 2725 2479 2779 bacchatus
2509 2724 2601 2780 sit.
2650 2723 2765 2778 lnto
2796 2724 2887 2779 ille
2933 2725 3049 2793 ipse
3082 2739 3226 2791 sum,
3265 2725 3357 2790 qui
3394 2726 3511 2795 ejus

1942 2815 2212 2884 superbia:
2260 2814 2453 2869 cedros
2500 2814 2677 2884 palam
2729 2814 3008 2884 confregi;
3056 2814 3205 2871 velut
3252 2815 3508 2883 lignator,

1942 2905 2036 2975 qui
2061 2904 2240 2958 valida
2264 2918 2427 2961 manu
2456 2917 2743 2972 quercum,
2771 2913 2864 2956 aut
2887 2902 3137 2961 cedrum,
3168 2913 3263 2954 aut
3287 2915 3512 2968 cupres-

1942 3012 2062 3052 sum
2084 3010 2238 3050 eoma
2265 3003 2430 3048 exuat
2456 3013 2468 3047 :
2502 2994 2590 3048 ille
2613 2994 2729 3063 ipse
2752 3008 2895 3054 sum.
2919 2991 3014 3061 qui
3036 3007 3160 3046 eum
3191 3002 3319 3045 tunc
3341 2991 3512 3061 animi

263 3100 386 3151 τοις
433 3086 921 3158 ἀναγινωσκούσης
954 3087 1083 3148 τοὺς
1141 3087 1372 3150 κανόνας
1402 3087 1495 3140 τοῦ
1530 3088 1835 3152 κτίσαντος,

1944 3088 2339 3157 tranquillitate
2373 3093 2428 3141 et
2468 3084 2653 3140 solidae.
2686 3084 2926 3137 scientiae
2960 3082 3227 3136 modestia
3263 3080 3507 3134 continui

264 3173 430 3235 εὐθὺς
457 3175 754 3246 ἀναχωρεῖ,
799 3175 1053 3248 προφανῆ
1091 3177 1344 3230 δειλιῶσα
1378 3175 1513 3231 Θεοῦ
1565 3179 1839 3248 προστάγ-

264 3281 417 3330 ματα
441 3266 536 3317 καὶ
553 3266 980 3339 ἀναχαιτίζουσα
1015 3268 1182 3321 παύει
1206 3267 1609 3337 θρασυνόμενον
1632 3269 1834 3338 ῥόθιον.

268 3358 391 3420 Ιιῶς
420 3354 515 3411 οῦν
545 3360 609 3410 ἄν
636 3377 719 3422 τις
746 3359 824 3430 τῷ
856 3359 1085 3431 τοιούτῳ
1121 3361 1416 3427 στέρξειεν,
1445 3361 1592 3424 ὅστις
1623 3362 1715 3414 τὸν
1739 3364 1837 3415 αὑ-

266 3447 355 3497 τὸν
390 3447 487 3498 ἐπὶ
536 3449 649 3511 τοῖς
680 3448 864 3511 αὑτοῖς
901 3449 996 3501 νῦν
1031 3451 1131 3519 μὲν
1160 3451 1392 3511 ἐπαινεῖ,
1419 3448 1514 3501 νῦν
1538 3449 1595 3502 δὲ
1635 3449 1833 3519 ψέγεις

269 3536 368 3589 ’ον
400 3537 508 3608 γὰρ
534 3540 612 3602 είς
643 3539 840 3610 αἰθέρα
868 3540 1032 3609 φάναι
1054 3541 1251 3609 ἀνῆγες
1284 3542 1441 3605 τέως,
1470 3541 1543 3602 ὡς
1565 3542 1623 3594 ἑν
1657 3542 1838 3596 θεολοο

264 3625 415 3690 γίαις
470 3625 781 3693 κράτιστον,
839 3626 1006 3695 μηδὲν
1076 3628 1255 3699 εἰδότα
1305 3626 1573 3691 δεικνύεις
1608 3628 1834 3699 ἀρτίως.

266 3716 395 3778 Πῶς
429 3716 476 3768 δ’
515 3717 583 3770 ἄν
610 3733 693 3779 τις
731 3718 855 3786 ἐμοὶ
891 3695 1166 3789 νεμεσῴτῖ,
1209 3720 1414 3771 ἐκεῖνον
1454 3720 1548 3771 καὶ
1585 3695 1708 3771 τότε
1745 3723 1840 3774 καὶ

262 3806 361 3860 νῦν
394 3807 488 3859 ἐπὶ
543 3809 654 3869 τοῖς
682 3807 867 3869 αὑτοῖς
897 3808 1094 3878 ἐπίσης
1139 3807 1489 3878 λοιδοροῦντι,
1519 3807 1606 3877 ἐφ’
1634 3805 1715 3872 οἷς
1773 3812 1838 3879 ἡ-

265 3901 365 3968 μῖν
393 3898 597 3968 δηλαδὴ
628 3900 1019 3971 «aucupans;
1050 3900 1193 3968 λέγω
1230 3900 1294 3970 δὴ
1346 3900 1421 3971 τῷ
1448 3901 1581 3971 περὶ
1597 3901 1835 3975 Ἕλληνα

262 3995 423 4060 λόγον
448 3992 542 4043 καὶ
565 3990 663 4062 τὴν
699 3991 934 4062 θύραθεν
967 3992 1213 4047 παιδείαν
1240 3993 1499 4061 χωλεύειν
1544 3995 1637 4047 τὸν
1664 3996 1836 4063 ἄνδρα

262 4087 331 4137 τά
355 4085 648 4154 κράτιστα.
676 4085 783 4138 Καὶ
812 4086 895 4135 σοὶ
928 4084 1027 4153 μὲν
1050 4084 1238 4152 γέγονε
1259 4088 1285 4135 ο
1304 4084 1457 4152 φίλος
1488 4083 1619 4151 ζῶν,
1647 4086 1835 4156 ἐχθρὸς

262 4176 570 4246 τεθνηκὼς,
605 4177 696 4227 καὶ
753 4177 781 4228 6
815 4174 1012 4237 τελέως
1042 4176 1159 4226 τότε
1206 4176 1443 4246 χρηστὸς
1468 4178 1575 4230 πᾶν
1605 4178 1836 4230 τούναν-

261 4269 379 4323 τίον
404 4271 531 4339 ἄρτι
557 4268 658 4320 ὧν·
695 4270 815 4339 ἐμοὶ
845 4268 1096 4338 δ’ὥσπερ
1127 4268 1245 4320 τότε
1270 4268 1479 4337 ἐχθρὸς,
1517 4269 1687 4333 οὕτως
1713 4271 1835 4338 join:

1940 3179 2320 3250 reprcssique,
2374 3177 2525 3231 velut
2582 3190 2746 3230 arena
2800 3173 3053 3228 littoralis
3107 3188 3258 3228 mare
3308 3174 3508 3225 iratum

1940 3274 2107 3335 sistit,
2154 3270 2297 3341 quod
2342 3280 2600 3339 protervo
2641 3276 2698 3320 et
2745 3265 2919 3325 feroci
2966 3274 3129 3319 vento
3177 3264 3431 3318 alicunde
3478 3279 3509 3316 e
3604 3264 3609 3270 ’

1936 3360 2460 3428 septentrionalibus
2502 3358 2770 3413 tractibus
2800 3357 2995 3419 ell'uso,
3037 3364 3094 3409 et
3128 3356 3266 3408 imos
3311 3354 3509 3409 ﬂuetus

1938 3452 2317 3513 subvertente,
2371 3450 2426 3503 in
2474 3450 2750 3503 cll‘rwnem
2802 3446 3083 3501 audaciam
3136 3444 3398 3512 erumpit.
3450 3454 3507 3499 et

1937 3544 2242 3601 continenti
2290 3542 2408 3596 solo
2451 3541 2651 3612 bs'lutn
2692 3547 2941 3607 apertum
2993 3535 3224 3590 indicit:
3263 3545 3317 3587 at
3359 3545 3503 3602 νοεί-

1938 3652 2101 3705 quam
2137 3650 2317 3689 arente
2355 3631 2836 3694 vocem-audierit,
2866 3626 3141 3683 Creatoris
3188 3625 3504 3695 praescripta

1943 3730 2107 3781 mntis
2165 3727 2324 3780 labiis
2377 3724 2784 3795 praelegentem,
2837 3721 3152 3773 manifestas
3205 3717 3302 3770 Dei
3357 3718 3504 3784 leges

1938 3832 2322 3887 expavescens,
2358 3816 2655 3870 retrocedit
2698 3813 2901 3876 statim,
2935 3821 2990 3865 et
3030 3819 3193 3863 aestus
3233 3809 3317 3862 sui
3354 3808 3505 3860 inso-

1938 3908 2162 3963 lentiam
2195 3905 2529 3974 comprimit.
2569 3904 2771 3972 Ecquis
2811 3903 2995 3971 itaque
3030 3898 3295 3970 ejusmodi
3334 3897 3506 3949 homi-

1940 4014 2063 4051 nem
2098 3996 2425 4067 probaverit,
2455 3993 2620 4065 924
2643 3994 2734 4063 qui
2762 3992 3015 4046 eumdem
3045 3994 3098 4043 in
3125 3989 3317 4042 iisdem
3344 3987 3507 4040 rebus

1941 4104 2085 4143 nunc
2136 4090 2338 4152 laudet,
2379 4102 2525 4139 nunc
2578 4083 2877 4152 vituperet?
2912 4082 3045 4136 Nam
3100 4092 3175 4139 lu.
3228 4095 3387 4147 quem
3436 4092 3502 4128 eo

1941 4190 2186 4251 tempore
2232 4179 2296 4230 ad
2345 4179 2542 4231 C(Bllltn
2579 4176 2690 4229 fere
2728 4173 2976 4233 tollebas,
3012 4181 3069 4225 ut
3113 4170 3502 4243 praestantissi-

1939 4288 2086 4325 mum
2127 4270 2464 4340 theologum,
2498 4270 2751 4320 eumdem
2784 4280 2928 4317 nunc
2954 4263 3091 4317 nihil
3130 4264 3270 4317 seire
3300 4262 3503 4330 arguis.

262 4363 389 4432 ἄρτι
415 4362 493 4413 ὢν
521 4361 691 4428 φίλος.
722 4362 883 4412 Ὥ;τε
910 4360 974 4413 σὺ
1000 4359 1096 4426 μὶν
1126 4360 1328 4429 ἀρτίως
1355 4362 1561 4413 ἐκεῖνον
1585 4362 1836 4431 λοιδορῶν

1942 4363 2144 4429 Ecquis
2169 4371 2349 4413 autem
2379 4359 2510 4412 mihi
2543 4366 2887 4417 succenseat,
2917 4354 3221 4433 quilillum,
3253 4356 3506 4421 quemad.

263 4454 420 4520 φίλον
454 4451 712 4523 λοιδορεῖς
736 4468 751 4481 ο
784 4449 895 4520 ἐγὼ
920 4451 975 4502 δὲ
1006 4450 1103 4519 τῆς
1134 4451 1271 4519 ἐμῆς
1302 4452 1393 4502 καὶ
1424 4452 1514 4502 νῦν
1546 4452 1727 4517 φιλίας
1757 4470 1836 4505 τι-

263 4544 498 4612 θέμενος
556 4542 843 4613 ὑπερύριον
898 4542 1034 4610 πρὸς
1093 4542 1182 4594 τὸν
1237 4543 1447 4611 οὐδαμῆ
1500 4560 1631 4595 ποτε
1682 4544 1835 4611 φίλον

271 4636 428 4687 τοῦτο
472 4635 736 4703 φαίνομαι
788 4633 951 4704 δρῶν.
990 4635 1086 4696 Ὃς
1126 4633 1219 4687 οῦν
1274 4637 1331 4686 ἐν
1366 4636 1500 4687 πᾶσι
1554 4636 1681 4699 τοὺς
1738 4640 1833 4706 τῆς

265 4726 504 4795 θεωρίας
538 4730 631 4779 καὶ
666 4726 765 4796 τῆς
805 4726 913 4777 τῶν
944 4726 1287 4801 πραγμάτων
1318 4725 1513 4795 πείρας
1551 4724 1834 4795 θεμελίους

267 4816 607 4879 ἁσαλεύτους
638 4816 837 4886 ὁμοίως
868 4819 1043 4886 τηρεῖ,
1074 4819 1262 4870 τοῦτον
1294 4818 1399 4883 ἄρα
1433 4819 1537 4878 πᾶς
1576 4834 1657 4878 τις
1679 4814 1834 4887 οἶμαι

267 4905 513 4975 κρίνειεν
557 4903 624 4957 ἂν
672 4905 852 4970 λέγειν
900 4906 1095 4973 ὀρθῶς,
1138 4909 1243 4958 κάν
1296 4909 1408 4969 τοῖς
1459 4923 1522 4973 γε
1560 4905 1736 4968 ἄλλοις
1769 4907 1832 4960 ἆ-

270 5012 426 5060 πασι,
460 4996 558 5047 καὶ
596 4988 678 5057 οἷς
730 4997 1127 5064 συντέθραπται
1171 4996 1407 5066 δόγμασι
1446 4999 1543 5068 τῆς
1572 4999 1829 5063 πίστεως,

266 5088 570 5161 βεϐηκέναι
599 5087 795 5151 καλῶς.
823 5087 1056 5140 Ἔπειτα
1095 5088 1208 5150 πῶς
1232 5091 1329 5157 τῆς
1364 5088 1571 5140 ἐκείνου
1602 5088 1835 5159 κρίσεως

268 5186 545 5257 αὔταρκες
569 5186 742 5255 πέρας
768 5184 875 5237 τότ’
908 5183 1213 5252 εἰληφυίας,
1244 5182 1340 5235 νῦν
1379 5185 1690 5254 ἀνακρίνειν
1714 5185 1833 5255 βιά-

269 5278 363 5348 ζῃ,
398 5278 639 5329 πλείοσιν
676 5276 860 5339 ἄλλαις
896 5277 1029 5346 ἡμῖν
1072 5274 1443 5345 βλασφημίαις
1477 5276 1835 5346 ἁλισκομένου

1939 4454 2158 4507 nmdnm
2192 4462 2339 4515 tunc,
2374 4451 2447 4505 ita
2486 4464 2632 4503 nunc
2676 4461 2895 4516 quoque
2929 4447 3091 4499 dictis
3133 4446 3399 4499 inceSsam
3434 4446 3504 4494 oh

1934 4545 2155 4599 easdem
2194 4558 2300 4605 res,
2334 4545 2386 4596 in
2425 4542 2628 4610 quibus
2658 4555 2757 4594 nos
2789 4541 2904 4607 ipse
2934 4536 3326 4605 oppugnabat?
3358 4533 3503 4587 Grau-

1935 4652 2028 4691 cas
2059 4636 2184 4689 dico
2238 4637 2472 4695 litteras,
2502 4645 2558 4687 et
2602 4634 2883 4701 profanam
2925 4629 3313 4687 eruditionem,
3348 4627 3502 4679 valde

1936 4729 1990 4784 in
2026 4730 2119 4783 illo
2147 4729 2566 4783 clamiicantem.
2602 4725 2668 4779 Et
2704 4725 2791 4777 ille
2825 4725 3048 4791 quidem
3091 4721 3269 4778 vivus,
3297 4719 3502 4770 amicus

1939 4831 2066 4875 tuus
2094 4820 2224 4884 fuit;
2255 4827 2528 4877 mortuus,
2564 4820 2739 4872 evasit
2771 4816 3026 4868 inimicus
3057 4828 3071 4864 :
3112 4811 3201 4863 ille
3229 4819 3339 4863 tum
3375 4825 3500 4877 per-

1937 4911 2081 4965 fecte
2103 4910 2301 4971 bonus,
2324 4924 2470 4963 nunc
2499 4896 2744 4961 omnium
2774 4904 3082 4975 pessimus:
3117 4903 3272 4960 mihi,
3294 4908 3351 4953 ut
3373 4900 3501 4953 olim

1940 5003 2044 5056 fuit
2074 5002 2349 5061 inimicus,
2382 5003 2453 5053 ita
2484 5014 2583 5052 nec
2607 4997 2768 5051 hodie
2794 4995 3000 5049 amicus
3033 5001 3138 5046 est.
3170 4990 3259 5045 Sic
3296 4999 3352 5043 tu
3378 5004 3503 5044 eum

1944 5110 2089 5148 nunc
2120 5092 2438 5148 insectando
2470 5092 2704 5146 amicum
2750 5086 3077 5143 insectaris:
3108 5100 3209 5154 ego
3252 5099 3401 5147 vero,
3436 5084 3504 5136 ab

1945 5186 2184 5239 amicitia
2220 5200 2337 5239 mea
2385 5184 2623 5236 alienum
2647 5184 2900 5235 eumdem
2934 5179 3161 5239 habens,
3208 5174 3357 5229 illum
3409 5175 3501 5241 qui

1945 5260 2223 5346 nunquam
2252 5279 2461 5331 amicus
2489 5276 2591 5330 fuit
2617 5275 2853 5329 alienum
2886 5270 3166 5335 duco.Qui
3195 5270 3360 5338 igitur
3382 5282 3501 5319 sen-

1622 5395 1947 5458 Variorum
1980 5401 2169 5456 noue.

346 5494 457 5564 (1:6)
489 5494 611 5549 Fuit
647 5488 1518 5564 Barlaamus_abbas_monasterii
1552 5491 1608 5547 S.
1638 5491 1825 5546 Salva-

271 5558 412 5620 turis
441 5558 877 5632 ’Constanttnop.
916 5560 1082 5632 fidem
1134 5558 1201 5611 ad
1234 5575 1441 5632 papam
1490 5565 1697 5632 legatus
1728 5565 1824 5616 ivit

272 5654 363 5688 an.
394 5634 521 5707 Chr.
558 5635 715 5688 1559.
744 5629 877 5689 \‘tde
901 5631 1197 5685 Odoricum
1233 5629 1566 5697 ltaynalduui
1599 5633 1664 5686 ad
1696 5649 1821 5688 eum

1935 5508 2160 5561 annum,
2208 5510 2359 5549 num.
2400 5492 2465 5550 19
2504 5504 2559 5550 et
2592 5508 2705 5562 seq.
2747 5489 2879 5547 Vide
2924 5502 2981 5551 et
3010 5490 3378 5547 Cantacuzen.
3408 5481 3500 5536 Ιῖἓ·

1932 5573 2064 5618 sior.
2092 5565 2187 5619 ιιι».
2220 5580 2280 5631 ιι,
2312 5582 2428 5634 cap.
2463 5567 2549 5620 δυ.
2588 5565 2795 5619 ΒυινιΝ.
