4018 6206
280 279 413 343 1189
627 270 703 342 [Α.
746 287 797 328 c.
844 271 1002 344 l55l]

1249 276 1701 344 ΒΥΖΑΝΤΙΝᾹΞ
1734 274 2137 367 HISTORIA:
2167 279 2310 340 LIB.
2353 280 2518 341 XIX.

2630 274 2765 347 [ιιιι.
2805 292 2850 332 ι.
2889 264 3176 337 ολιιτιιουὶ.
3211 281 3269 348 51

3378 282 3515 351 1190

280 394 385 444 Καὶ
425 389 511 440 ἵνα
566 388 834 456 σιωπήσω
879 388 946 443 τά
998 388 1250 454 πλεῖστα,
1292 390 1391 458 τὴν
1438 390 1601 454 ἁγίαν
1650 390 1845 461 τετάρ-

1949 401 2006 445 υι
2036 391 2296 472 pleraque
2324 387 2545 448 silentio
2579 405 2922 463 prastercam,
2952 410 3327 457 sacrosanctus
3352 418 3510 472 syno-

281 500 377 550 την
401 483 496 534 καὶ
523 482 917 550 οἱκουμενικὴν
951 482 1322 551 παραινοῦσαν
1347 482 1684 552 εὑρίσκομεν
1718 481 1842 533 σύν-

282 572 416 635 οδον,
477 574 575 625 καὶ
629 572 835 641 ὁμοίως
903 573 1002 644 τὴν
1043 573 1235 642 ἕκτην,
1268 574 1345 644 μὴ
1381 573 1541 628 πάνθ’
1583 575 1687 626 ὅσα
1737 574 1840 641 φάο

285 682 431 718 σκειν
459 666 739 734 ιγγίνεται
792 668 908 728 τοῖς
939 666 1243 736 αῖρετικοίς
1270 666 1493 734 φεύγειν
1523 668 1670 735 ἡμᾶς
1701 661 1842 718 εἶναι

280 756 484 827 χρεών.
541 756 603 809 Εἰ
648 756 769 827 ’γάρ
811 756 908 809 ἕνα
963 756 1097 810 Θεὸν
1145 758 1553 826 ὁμολογούντων
1614 758 1842 809 ἐκείνων

281 851 511 919 ποιητὴν
570 844 830 903 ἀπάντων
868 848 1029 916 ἡμεῖς
1084 847 1504 918 ἀποσχοίμεθα·,
1539 846 1747 917 τάχιστ’
1776 847 1841 899 ἂν

280 942 379 1008 τὴν
440 939 535 992 τοῦ
588 938 762 1009 πυρὸς
820 939 904 1006 ἐφ’
965 939 1190 1001 ἑαυτοὺς
1245 942 1462 1001 ἑκόντες
1511 938 1841 1007 ἑλκύσωμεν

280 1034 524 1099 γέενναν.
556 1023 631 1081 Οὖ
676 1031 728 1082 τί
782 1029 890 1081 τῶν
950 1029 1206 1082 ἁπάντων
1254 1031 1559 1100 χείμιστονς
1596 1026 1704 1081 Καὶ
1730 1029 1839 1082 τῶν

279 1121 522 1191 ἀργύρου
557 1121 614 1174 δὲ
643 1121 736 1174 καὶ
766 1120 859 1173 τοῦ
891 1120 1092 1192 χρυσοῦ
1123 1120 1495 1191 μεταλλευτῶν
1519 1122 1616 1190 οὐχ
1651 1120 1843 1190 ὁμιλη-

280 1213 383 1266 τὼν
412 1215 644 1283 ἡγεμόσι
689 1213 1123 1282 καθισταμένων,
1146 1213 1233 1266 διὰ
1261 1213 1322 1265 τὸ
1352 1214 1491 1266 πάνυ
1535 1230 1618 1265 τοι
1647 1214 1842 1282 ἀγροι-

278 1305 551 1371 κίζεσθαι,
589 1303 822 1374 τοῦργον
875 1306 1006 1375 περὶ
1042 1304 1296 1356 πλείστου
1338 1303 1549 1366 τούτοις
1582 1305 1843 1356 καθίστα.-

275 1412 387 1449 ται.
436 1394 540 1449 Καὶ
594 1396 911 1466 ἁλουργίδες
940 1396 985 1448 δ’
1012 1394 1094 1448 ἔτι
1138 1397 1231 1447 καὶ
1262 1395 1543 1465 πορφύραι
1580 1396 1839 1465 χρήσιμοι

279 1490 391 1548 τοῖς
428 1486 746 1557 βασιλεῦσίν
799 1488 960 1540 εἰσιν·
995 1487 1113 1540 ἀλλ’
1144 1486 1263 1539 οὐδὲ
1302 1488 1507 1556 μικρᾶς
1535 1487 1667 1553 γοῦν
1696 1502 1841 1548 τινος

274 1579 327 1633 οἱ
377 1578 616 1646 δρῶντες
647 1578 778 1640 θέσις
826 1580 1056 1631 ἐκείνων
1117 1578 1246 1640 ἴσως
1276 1577 1636 1647 τυγχάνουσιν
1667 1570 1840 1643 οὗτοι,

273 1668 393 1722 ἀλλ’
420 1671 594 1721 ὲνίοτε
625 1669 717 1722 καὶ
752 1668 1037 1739 μισοῦνται
1068 1669 1157 1722 διὰ
1181 1669 1243 1722 τὸ
1273 1670 1370 1738 τῆς
1404 1668 1618 1721 ἐκεῖθεν
1643 1669 1841 1736 ἀηδίας

272 1762 524 1824 ἀπόζειν.
577 1760 787 1815 Οὔκουν
840 1761 953 1815 οὔτ’
1014 1763 1223 1817 ἐκεῖνον
1282 1763 1388 1831 ἄρα
1437 1762 1539 1830 τῆς
1601 1760 1839 1829 ἀληθοῦς

277 1853 487 1919 ἀπάγει
552 1854 886 1921 κατηγορίας
934 1853 1004 1905 τά
1047 1853 1145 1922 τῆς
1200 1853 1521 1925 θρησκείας,
1576 1842 1707 1904 οὔτε
1763 1851 1840 1921 τῷ

274 1943 516 2014 Παλαμᾷ
545 1943 746 2013 βοηθεῖ,
777 1944 875 2014 οὐχ
922 1943 1027 2006 ἕως
1067 1945 1131 1996 ἂν
1157 1942 1433 1996 ἁλίσκοιτο
1464 1943 1675 2005 τούτοις
1707 1959 1841 2009 προ-

281 2035 467 2104 φανῶς
509 2037 622 2098 τοῖς
672 2036 1036 2105 ἐγκλήμασιν.
1082 2035 1289 2087 Ἐκεῖνό
1340 2051 1405 2102 γε
1464 2037 1570 2103 μὴν
1610 2035 1841 2106 ἐροίμην

269 2128 333 2180 ἂν
370 2128 547 2197 ἡδέως
584 2142 669 2191 σε,
701 2127 817 2193 πῶς
845 2127 951 2179 τῶν
993 2126 1216 2197 Ἰωάννῃ
1248 2125 1326 2196 τῷ
1361 2127 1679 2196 πατριάρχη
1704 2141 1843 2194 γρα-

271 2221 506 2287 φέντων,
540 2221 667 2289 περὶ
715 2235 776 2271 τε
830 2219 941 2272 τῶν
990 2219 1085 2272 τοῦ
1138 2219 1372 2288 Παλαμᾶ
1426 2219 1521 2270 καὶ
1576 2217 1843 2287 Βαρλαὰμ

271 2314 371 2365 καὶ
416 2312 517 2380 τῆς
566 2309 901 2378 Ἐκκλησίας·
933 2310 1199 2379 θορύϐων,
1234 2312 1302 2363 τὰ
1353 2310 1452 2380 μὲν
1503 2298 1712 2380 ἀρεστά
1761 2326 1843 2362 σοι

271 2404 509 2472 γίνεται,
547 2405 615 2458 τὰ
645 2402 690 2456 δ’
719 2402 803 2468 οὓ,
840 2406 977 2471 πρός
1009 2419 1072 2469 γε
1116 2402 1175 2454 τὸ
1199 2400 1277 2471 τῷ
1312 2394 1547 2471 Παλαμᾷ
1585 2400 1845 2470 βουλόμε-

272 2514 365 2549 νον
400 2495 714 2549 ἁνθέλκοντί
739 2512 798 2547 τε
834 2497 928 2547 καὶ
967 2492 1287 2563 μεθέλκοντι
1322 2495 1461 2562 μετὰ
1498 2490 1703 2560 πολλῆς
1745 2491 1845 2558 τῆς

271 2582 513 2658 ἀρχικῆς
547 2587 795 2653 ἐξουσίας
817 2586 914 2649 τάς
940 2586 1176 2656 ψήφους.
1214 2586 1287 2637 ’Ἡ
1336 2584 1447 2653 γὰρ
1481 2583 1656 2636 ἅπασι
1684 2581 1845 2651 στέρ-

272 2697 396 2749 γειν
453 2678 633 2748 χρεὼν
670 2680 785 2740 τοῖς
834 2678 1031 2746 ἐκείνῳ
1085 2677 1551 2745 πατριαρχεύοντι
1589 2687 1844 2741 πεπραγ-

273 2772 465 2842 μένοις
515 2769 658 2823 κατά
711 2786 774 2837 γε
829 2769 957 2832 τοὺς
999 2768 1100 2836 τῆς
1143 2766 1468 2835 Ἐκκλησίας
1519 2762 1844 2834 θεσμοὺς,ἢ

273 2867 449 2935 μηδὲν
488 2863 597 2916 τῶν
630 2862 904 2916 ἁπάντων.
940 2859 1214 2913 Ἀλλὰτοῦ
1246 2860 1464 2927 πρώτου
1484 2854 1840 2926 κρατοῦντος,

271 2956 463 3026 χώραν
484 2955 583 3007 οὐκ
608 2953 721 3023 ἔχει
741 2953 802 3005 τὺ
830 2953 1103 3022 δεύτερον.
1131 2949 1216 3021 [Ρ.
1245 2950 1371 3020 585]
1399 2949 1457 3002 El
1484 2949 1542 3000 δὲ
1575 2947 1658 2999 δεῖ
1688 2947 1845 3016 μερί-

1944 483 2045 539 dos
2082 460 2469 549 mchmenicas,
2503 496 2755 556 quartam
2786 500 2841 544 et
2883 503 3113 555 sextam,
3146 495 3352 548 scimus
3399 511 3515 550 mo-

1944 589 2096 635 nere,
2134 574 2276 626 haud
2306 575 2563 643 fugienda
2596 592 2719 631 esse
2751 594 3091 649 quaecunque
3125 584 3194 636 ab
3238 583 3513 640 haereticis

1942 664 2215 719 dicantur.
2250 664 2384 718 Nam
2410 665 2457 719 si
2484 667 2551 720 ab
2582 667 2650 721 iis
2673 668 3103 734 discederemus,
3130 673 3296 744 926
3324 690 3510 730 rerum

1942 755 2188 815 omnium
2222 768 2503 811 auctorem
2540 757 2710 812 Denm
2751 773 2919 813 unum
2959 762 3371 831 confitentibus,
3396 778 3512 821 sta-

1944 845 2041 898 tim
2069 847 2123 899 in
2155 862 2256 902 nos
2287 848 2593 916 gehennam
2629 850 2771 917 ignis
2808 851 2952 905 ultro
2984 854 3084 922 ipsi
3122 857 3466 912 traheremus
3492 877 3507 911 :

1943 952 2054 1006 quo
2109 940 2241 1006 quid
2297 940 2450 1010 pejus
2516 957 2760 1010 unquam
2811 943 3008 998 fuerit?
3054 945 3143 1000 Sic
3194 962 3508 1017 quanquam

1941 1029 2058 1083 auri
2090 1039 2145 1083 et
2186 1033 2396 1101 argenti
2425 1034 2688 1097 fossores,
2721 1052 2790 1090 eo
2832 1037 2979 1106 quod
3011 1041 3236 1095 omnino
3266 1054 3511 1111 agrestes

1942 1128 2092 1183 sunt,
2142 1122 2481 1193 principibus
2525 1126 2821 1183 familiares
2871 1145 2980 1183 non
3026 1133 3179 1196 fiant,
3218 1142 3398 1189 tamen
3441 1137 3512 1189 ab

1945 1212 2032 1267 his
2061 1212 2278 1268 illorum
2308 1216 2586 1283 opiﬁcium
2616 1219 2837 1286 plurimi
2868 1222 3188 1278 aestimatur.
3224 1225 3317 1279 Sic
3343 1227 3509 1282 etiam

1943 1306 2303 1376 conchyliatae
2331 1316 2513 1361 vestes
2534 1318 2590 1363 et
2618 1326 2876 1379 purpurae
2900 1314 3065 1369 utiles
3088 1317 3308 1384 regibus
3338 1330 3465 1372 sunt
3491 1337 3507 1373 :

1941 1406 2132 1446 earum
2172 1410 2304 1448 vero
2338 1397 2579 1450 artifices
2610 1398 2712 1466 ipsi
2747 1400 2966 1454 illorum
3002 1404 3262 1473 adspectu
3302 1424 3372 1462 ne
3403 1410 3508 1463 mi-

1942 1483 2094 1537 nimo
2137 1486 2359 1553 quidem
2406 1487 2514 1541 frui
2548 1490 2754 1554 solent,
2806 1493 2916 1544 iinn
2962 1493 3069 1549 illis
3110 1511 3505 1568 nonnunquam

1943 1574 2070 1628 odio
2098 1586 2248 1641 sunt,
2268 1593 2336 1631 eo
2361 1579 2506 1648 quod
2540 1580 2811 1650 ingratum
2836 1584 3060 1639 odorem
3097 1586 3221 1641 inde
3247 1589 3503 1646 referant.

1946 1664 2131 1733 Itaque
2176 1666 2439 1721 Barlaami
2494 1683 2639 1724 seeta
2690 1687 2792 1726 nec
2835 1690 2864 1727 a
2894 1690 3027 1730 vero
3068 1677 3300 1733 dicendo
3330 1684 3506 1750 ipsum

1943 1755 2218 1820 excludit;
2248 1774 2348 1812 nec
2376 1760 2670 1826 Palamam,
2720 1766 2960 1831 quandiu
2992 1766 3184 1823 horum
3216 1773 3505 1829 criminum
3580 1796 3589 1805 “

1945 1847 2232 1902 manifeste
2262 1851 2642 1917 convincetur,
2676 1866 2923 1910 excusat.
2951 1858 3221 1915 Caeterum
3266 1864 3399 1919 illud
3436 1883 3505 1922 ex

1947 1946 1998 1989 te
2024 1936 2222 1991 lubens
2251 1930 2584 2008 qtuesierinr,
2619 1948 2895 2025 quomodo
2926 1965 3011 2012 ea.
3038 1968 3158 2020 quae
3199 1956 3270 2009 ab
3298 1957 3508 2015 Joanne

1948 2028 2249 2095 patriarcha
2286 2031 2352 2084 de
2379 2031 2597 2086 l’alaina
2627 2043 2683 2088 et
2709 2034 2991 2094 Barlaamo
3017 2042 3195 2112 deque
3222 2048 3506 2106 ecclesias-

1949 2118 2071 2210 ticis
2102 2121 2429 2176 tumultibus
2473 2124 2677 2193 scripta
2719 2139 2866 2191 sunt,
2902 2132 3098 2198 partim
3130 2140 3347 2204 probes,
3382 2156 3508 2210 par-

1946 2208 2041 2262 tim
2061 2210 2356 2279 improbes,
2373 2212 2625 2281 suffragia
2651 2215 2858 2271 scilicet
2879 2220 2945 2273 ad
2970 2221 3197 2279 Palamze
3215 2208 3504 2285 arbitrium

1945 2315 2158 2357 summa
2212 2319 2440 2373 prorsus
2487 2309 2814 2365 auctoritate
2873 2312 2981 2368 huc
3039 2315 3170 2371 illuc
3225 2329 3506 2389 torquens.

1946 2392 2296 2464 Quweunque
2341 2396 2490 2451 enim
2538 2400 2607 2454 ab
2656 2400 2770 2465 illo,
2807 2403 2935 2457 dum
2988 2407 3293 2474 patriarcha
3343 2424 3510 2480 esset,

1946 2496 2067 2541 aeta
2097 2498 2226 2544 sunt
2256 2489 2557 2544 secundum
2609 2492 2855 2549 instituta
2898 2497 3174 2563 Ecclesiae,
3209 2503 3289 2557 vel
3328 2506 3511 2562 omnia

1944 2596 2034 2647 ea,
2065 2581 2148 2635 vel
2175 2599 2363 2636 eorum
2405 2583 2541 2638 nihil
2570 2587 3005 2655 approbandum.
3037 2593 3202 2661 Atqui
3240 2597 3401 2664 (apud
3435 2603 3512 2667 te)

1946 2673 2122 2741 prima
2154 2672 2234 2728 sic
2265 2674 2464 2738 valent,
2505 2686 2562 2730 ut
2589 2670 2861 2745 postrema
2896 2681 3075 2735 locum
3112 2700 3220 2738 non
3252 2686 3513 2747 habeant.

1948 2764 2104 2830 Quod
2137 2766 2184 2820 si
2230 2782 2331 2820 nos
2361 2782 2444 2826 ea.
2483 2784 2604 2837 qua:
2646 2770 2790 2824 idem
2830 2773 3140 2841 patriarcha
3185 2777 3239 2831 in
3273 2779 3507 2836 duorum

1951 2856 2182 2910 istorum
2216 2850 2508 2912 hominum
2542 2875 2702 2914 causa
2732 2864 3042 2928 constituit,
3082 2866 3327 2924 bifariam
3364 2871 3509 2925 divi-

1951 2945 2080 3000 dere
2109 2956 2349 3016 oportet,
2382 2959 2436 3003 et
2477 2959 2709 3020 utraque
2754 2918 2969 3021 nti-ique
3013 2956 3510 3025 attribuere,,huic

275 3064 484 3109 σαντας
522 3047 669 3115 ἡμᾶς
723 3044 802 3106 είς
856 3044 951 3097 δύο
999 3043 1235 3117 τάκείνιρ
1280 3040 1591 3113 πραχθέντα
1620 3040 1758 3108 περί,
1781 3052 1844 3106 γε

1956 3041 2161 3111 priora,
2207 3042 2287 3097 illi
2326 3032 2650 3112 posteriora,
2704 3045 2998 3102 videndum
3043 3051 3154 3119 jam
3200 3032 3331 3106 'utra
3376 3053 3514 3108 utris

273 3144 393 3193 τοῖν
425 3139 572 3192 δυοῖν
602 3136 816 3188 τούτοιν
839 3136 1054 3206 ἀνδροῖν
1090 3133 1338 3205 ἑκατέρῳ
1367 3133 1602 3201 ἑκάτερα
1637 3130 1843 3195 δοῦναι,

274 3235 352 3304 τῷ
392 3235 493 3303 μὲν
534 3233 604 3285 τὰ
636 3232 832 3302 πρῶτα
859 3269 875 3293 ,
931 3231 1010 3299 τῷ
1060 3229 1118 3282 δὲ
1152 3230 1220 3281 τά
1271 3228 1496 3298 δεύτερα
1524 3266 1541 3292 ,
1583 3224 1846 3277 σκεπτέον

273 3328 535 3395 ποτέροις
576 3324 674 3392 τῆς
726 3324 959 3390 κρίσεως
999 3320 1057 3374 al
1093 3318 1339 3390 βελτίους
1388 3318 1612 3386 ἕψονται
1654 3314 1843 3382 ψῆφοι.

287 3418 542 3487 ’Λεὶξγὰρ
568 3413 636 3488 ἦν
664 3414 1005 3485 πατριάρχης
1036 3413 1262 3473 ἐκεῖνος,
1295 3409 1422 3480 ἄχρι
1445 3404 1513 3480 ἦς
1543 3408 1756 3477 ἡμέρας
1790 3406 1848 3457 al

278 3514 446 3579 μέσαι
483 3508 721 3576 φυλακαὶ
749 3507 847 3577 τῆς
877 3505 1069 3566 νυκτὸς
1099 3501 1345 3572 ἐγκρατῆ
1392 3500 1689 3564 Βυζαντίου
1719 3512 1851 3549 κατ·

276 3602 521 3669 ἔστησάν
560 3598 641 3663 si,
710 3600 889 3667 ἱερέας
924 3612 982 3647 τε
1022 3592 1343 3664 χειροτονῶν
1386 3590 1481 3643 καὶ
1515 3588 1848 3646 ἐπισκόπους

271 3697 375 3747 καὶ
429 3692 526 3754 τὰς
582 3692 691 3743 τῶν
739 3688 1108 3758 δικαστηρίων
1142 3686 1355 3753 ψήφους
1407 3679 1844 3748 ὲπισφραγίζων.

284 3786 451 3853 Ἐμοὶ
480 3784 630 3836 δοκεῖ
664 3785 775 3844 τοῖς
810 3781 1104 3849 δευτέροις.
1142 3779 1205 3830 Et
1237 3778 1348 3845 γὰρ
1386 3774 1484 3826 καὶ
1516 3772 1686 3825 πάλαι
1732 3768 1849 3823 κεί-

272 3893 434 3944 μενοι
488 3880 646 3944 νόμοι
704 3874 993 3925 πολιτειῶν
1056 3870 1293 3921 λυόντων
1359 3864 1621 3925 πολλάκις
1654 3902 1670 3925 ,
1704 3861 1849 3913 δυοῖν

270 3972 535 4037 θάτερον,
581 3968 615 4037 ἢ
651 3964 822 4018 κακοῦ
860 3979 1002 4025 τινος
1055 3960 1466 4027 ἀπαντήσαντος
1515 3954 1581 4007 δι’
1629 3953 1844 4013 αὐτοὺς,

267 4063 299 4131 ἢ
332 4061 637 4130 βελτιόνων
665 4057 935 4124 δευτέρων
971 4056 1252 4122 φανέντων
1287 4052 1352 4101 ἐκ
1382 4047 1483 4115 τῆς
1513 4044 1620 4098 τῶν
1667 4057 1849 4112 πραγ-

271 4157 473 4222 μάτων
522 4146 989 4214 δεδοκιμασμένης
1041 4143 1241 4212 πείρας
1288 4140 1383 4191 καὶ
1424 4136 1650 4207 τριϐῆς,
1687 4134 1848 4201 σχολῇ

266 4245 324 4312 γ’
356 4246 429 4297 ἂν
460 4240 726 4293 κωλύσειε
778 4255 860 4298 τις
909 4237 994 4304 ἐφ’
1051 4234 1167 4296 ἑνὸς
1200 4231 1392 4301 ἀνδρὸς
1440 4226 1700 4281 λελῦσθαι
1738 4228 1851 4286 τοῖς

264 4336 556 4403 δευτέροις
597 4330 760 4385 αὑτοῦ
816 4335 884 4381 τὰ
944 4326 1160 4397 πρῶτα,
1201 4323 1371 4377 κακοῦ
1424 4337 1569 4382 τινος
1607 4322 1852 4387 ἀπαντή-

1952 3135 2193 3203 pneferri
2223 3135 2474 3190 debeant.
2504 3138 2715 3207 Quippe
2739 3139 2805 3191 ad
2830 3155 2955 3192 cum
2979 3140 3149 3202 diem,
3175 3158 3286 3210 quo
3309 3145 3516 3216 Byzan-

1952 3227 2089 3278 tium
2114 3228 2343 3305 in_tuani
2371 3238 2693 3296 potestatem
2723 3230 2912 3284 mediae
2938 3233 3113 3287 noctis
3134 3233 3332 3303 vigiliae
3360 3238 3516 3292 rede—
3582 3282 3601 3293 .

1948 3326 2166 3386 gerunt,
2213 3318 2522 3385 patriarcha
2580 3334 2753 3387 usque
2800 3321 2890 3375 ille
2940 3336 3062 3375 esse
3112 3326 3373 3390 perstitit,
3418 3329 3513 3397 qui

1948 3405 2110 3475 927
2139 3410 2446 3461 sacerdotes
2473 3421 2529 3462 et
2553 3410 2839 3477 episcopos
2864 3413 3163 3474 ordinaret.
3191 3429 3244 3471 et
3268 3416 3516 3487 judicum

1949 3500 2168 3552 decreta
2196 3498 2561 3569 consignaret.
2597 3500 2864 3569 Equidem
2899 3507 3198 3572 posteriora
3223 3519 3356 3577 puto
3383 3524 3519 3573 prac-

1949 3587 2197 3640 l‘erenda.
2228 3587 2363 3655 Nam
2399 3590 2443 3642 si
2476 3605 2656 3643 rerum
2684 3592 3026 3659 publicarum
3054 3597 3243 3664 positae
3272 3598 3514 3667 antiqui-

1957 3690 2042 3733 tus
2076 3681 2224 3749 leges
2253 3689 2481 3748 propter
2522 3681 2756 3734 duorum
2792 3684 3023 3737 alterum
3060 3701 3200 3754 sa‘pe
3240 3688 3517 3757 abrogan-

1955 3783 2068 3835 tnr,
2108 3773 2235 3840 quia
2285 3772 2496 3826 scilicet
2543 3776 2627 3828 vel
2664 3776 2873 3842 priores
2919 3778 3045 3830 mali
3091 3779 3324 3849 alicujus
3357 3797 3520 3834 oeca-

1954 3866 2162 3937 sionem
2224 3865 2580 3933 praebuerint,
2640 3866 2723 3920 vel
2781 3870 3117 3935 posteriores
3178 3873 3518 3938 experientia

1951 3959 2247 4027 explorata:
2296 3968 2352 4011 et
2409 3973 2590 4011 rerum
2645 3974 2745 4013 usu
2797 3960 3039 4029 probata:
3085 3962 3337 4016 meliores
3390 3965 3519 4018 visae

1953 4056 2095 4115 sint;
2131 4050 2321 4119 ecquis
2351 4049 2444 4102 nni
2477 4050 2685 4103 homini
2732 4052 3042 4112 interdieat,
3078 4067 3146 4106 ne
3178 4052 3359 4121 priora
3396 4054 3519 4122 ejus

1955 4144 2172 4197 decreta
2226 4156 2325 4211 per
2369 4143 2670 4209 posteriora
2728 4143 3126 4206 rescindantur,
3174 4144 3221 4196 si
3270 4145 3415 4212 quod
3450 4161 3516 4198 ex

1953 4233 2231 4304 prioribus
2266 4234 2469 4287 malum
2501 4236 2809 4297 emerserit,
2856 4243 2911 4288 et
2960 4233 3050 4287 ille
3099 4251 3196 4303 per
3238 4234 3520 4303 obreptio-

1958 4341 2104 4390 nem,
2136 4336 2197 4379 ut
2227 4324 2303 4388 fit,
2340 4325 2603 4393 deceptus
2641 4325 2873 4378 fortasse
2906 4324 3105 4377 fuerit?
3134 4325 3231 4378 Sin
3262 4326 3382 4393 ejus
3420 4325 3521 4378 viri

267 4447 473 4490 σαντος
525 4432 594 4481 ὲκ
633 4426 738 4478 τῶν
787 4421 1041 4494 πρώτων,
1088 4421 1200 4473 κάκ
1249 4418 1608 4487 συναρπαγῆς
1638 4413 1845 4481 συμϐὰν

1957 4417 2257 4485 posteriora
2287 4416 2504 4470 decreta
2538 4404 2778 4484 priorum
2821 4415 3231 4484 abrogationein
3261 4417 3522 4469 videntur

262 4520 481 4572 οὑτωσί
515 4534 630 4579 πως
663 4517 792 4577 ἴσως
819 4511 1214 4582 ἀπατηθέντος.
1241 4509 1303 4559 Ei
1328 4507 1384 4560 δὲ
1410 4509 1504 4559 καὶ
1523 4506 1676 4565 λύσις
1703 4501 1850 4553 δοκεί

265 4614 380 4682 μὲν
417 4608 559 4663 εἶναι
584 4610 693 4660 τῶν
736 4607 965 4676 πρώτων
1004 4604 1070 4657 τά
1107 4600 1336 4669 δεύτερα
1366 4596 1592 4666 τάνδρὸς
1620 4595 1849 4653 ἐκείνου,

264 4708 380 4755 οὐκ
413 4704 533 4754 ἐστι
559 4701 635 4762 δὲ,
667 4698 779 4751 ἀλλ’
814 4697 928 4764 ἔχει
954 4695 1053 4763 τὴν
1087 4693 1475 4762 προσήκουσαν
1493 4686 1857 4757 ἀκολούθησιν

263 4799 474 4864 ἄμφω,
508 4794 560 4843 εἰ
603 4807 687 4852 τις
729 4790 868 4857 μετὰ
901 4786 1131 4854 γνώμης
1168 4783 1418 4853 βούλοιτο
1459 4779 1669 4848 κρίνειν
1707 4780 1850 4829 άπα-

264 4888 432 4949 θοῦς,
458 4881 498 4953 ἢ
526 4900 629 4936 που
658 4883 839 4949 σαφὴς
878 4880 1087 4940 ἀδικία,
1126 4876 1222 4941 ξὺν
1275 4870 1532 4941 αὐθαδείᾳ
1574 4868 1723 4920 λύειν
1758 4867 1851 4917 καὶ

190 5038 211 5049 l
262 4978 529 5048 κυροῦν,
578 4975 704 5035 τοὺς
744 4973 841 5041 μὲν
879 4971 1094 5023 ἐκείνου
1147 4967 1301 5031 ταδὶ,
1354 4965 1482 5025 τοὺς
1526 4962 1581 5013 δὲ
1637 4961 1848 5011 ἐκείνου

178 5128 201 5144 ρ
260 5071 426 5123 ταδί.
456 5062 561 5119 ’Ὧν
615 5067 1089 5135 συγχωρουμένων
1129 5061 1239 5122 τοῖς
1287 5056 1549 5126 ἄρχουσιν
1575 5091 1591 5114 ,
1621 5053 1721 5105 οὐκ
1755 5048 1848 5103 οἷδ’

261 5166 394 5230 ὅπη
425 5161 685 5227 στήσεται
733 5158 829 5227 καὶ
859 5157 951 5207 ποῖ
976 5144 1348 5223 περιχωρήσει
1379 5149 1448 5200 τὰ
1476 5147 1575 5213 τῆς
1624 5144 1855 5211 Ἐκκλη-

264 5258 409 5314 aias
439 5252 687 5319 δόγματα
735 5250 832 5301 καὶ
867 5248 1005 5316 πρός
1035 5262 1097 5312 γε
1127 5245 1197 5296 τὰ
1227 5243 1324 5310 τῆς
1349 5238 1626 5298 πολιτείας
1672 5240 1853 5303 πράγ-

272 5362 461 5417 ματα,
515 5347 623 5410 πρὸ
668 5340 843 5399 ποδῶν
893 5337 1137 5406 ἐναργῶς
1170 5334 1268 5403 τῆς
1319 5331 1429 5383 τῶν
1476 5328 1612 5380 ὅλων
1645 5326 1853 5395 φθορᾶς

263 5438 608 5507 ἱσταμένης.
662 5435 737 5485 Οὐ
793 5434 900 5502 γὰρ
941 5432 1020 5492 είς
1069 5429 1166 5480 ἕνα
1224 5427 1345 5478 τινὰ
1400 5424 1494 5475 καὶ
1537 5420 1630 5472 δύο
1655 5420 1852 5485 τὰυτὴς

272 5528 629 5596 Ἐκκλησίας
669 5525 921 5579 ῖστασθαι
959 5522 1226 5588 πέφυκεν,
1267 5516 1402 5569 ἀλλὰ
1428 5512 1585 5567 πάνθ’
1629 5510 1755 5580 ἑξῆς
1785 5509 1852 5560 τὰ

258 5623 472 5693 πρόσω
507 5617 778 5690 λαμπρῶς
814 5612 1191 5667 ἑπισόσκεται·
1242 5611 1334 5659 καὶ
1386 5608 1546 5675 νόμος
1575 5597 1733 5661 οὗτος
1765 5602 1850 5653 διὰ

258 5720 467 5783 πάσης
503 5713 774 5779 γράφεται
821 5710 947 5777 γῆς,
979 5704 1164 5761 κακῶν
1222 5701 1468 5771 ἀρχηγὸς
1522 5697 1633 5751 τῶν
1692 5697 1851 5766 μεγ’-

1959 4510 2180 4578 quidem
2226 4508 2528 4571 continere,
2572 4509 2749 4574 reipsa
2800 4517 2981 4560 autem
3034 4522 3144 4561 non
3195 4508 3519 4573 continent,

1956 4599 2053 4654 sed
2083 4609 2336 4667 utraque,
2369 4598 2412 4652 si
2439 4599 2564 4666 quis
2593 4600 2715 4653 sine
2749 4600 2942 4651 atl‘ectu
2968 4599 3200 4668 judicet,
3238 4608 3364 4667 apta
3389 4613 3524 4652 con-

1956 4692 2241 4745 secutione
2275 4699 2606 4754 congruunt,
2634 4702 2784 4744 certe
2813 4690 2927 4743 haec
2957 4692 3038 4743 vel
3073 4690 3161 4742 illa
3192 4706 3287 4756 per
3315 4692 3413 4742 hos
3436 4690 3517 4743 vel

1957 4799 2053 4852 per
2091 4783 2212 4836 illos
2243 4781 2477 4835 rescindi
2510 4790 2714 4834 temere
2750 4791 2807 4834 ll
2835 4780 3146 4834 confirmari
3177 4779 3405 4832 evidens
3437 4787 3522 4832 est

1956 4873 2238 4941 iniquitas.
2273 4871 2388 4926 lloc
2428 4873 2471 4925 si
2507 4870 2849 4940 principibus
2893 4870 3074 4931 liceat,
3105 4870 3231 4936 quis
3258 4868 3523 4923 doctrina:

1955 4965 2341 5021 ecclesiastica:
2366 4972 2423 5018 et
2452 4962 2767 5031 reipublicae
2802 4960 2977 5030 ipsius
3014 4969 3208 5025 status,
3245 4960 3523 5014 connnuni

1956 5059 2199 5111 omnium
2250 5056 2410 5110 ruina
2459 5057 2608 5109 Velut
2657 5054 2891 5124 pedibus
2934 5052 3285 5119 obversante,
3330 5054 3523 5122 quisve

1954 5150 2132 5204 exitus
2161 5148 2375 5203 tandem
2406 5146 2625 5200 futurus
2650 5148 2722 5200 sit
2753 5163 2859 5200 non
2889 5146 3066 5199 video.
3094 5144 3310 5199 Etenim
3340 5144 3527 5197 Eccle-

1955 5242 2049 5294 siae
2078 5240 2218 5292 mala
2250 5238 2517 5307 ejusmodi
2566 5251 2674 5290 non
2703 5243 2855 5300 sunt,
2889 5244 2947 5289 ut
2982 5236 3035 5288 in
3082 5250 3191 5287 uno
3234 5243 3328 5286 aut
3354 5233 3543 5285 altero.

1957 5329 2288 5392 subsistant;
2342 5324 2435 5379 sed
2484 5322 2749 5393 quidquid
2796 5325 3067 5393 reliquum
3100 5333 3206 5384 est,
3255 5320 3309 5373 id
3362 5336 3524 5373 onme

1956 5415 2357 5487 progrediendo
2396 5415 2500 5468 late
2537 5413 2857 5467 absumunt.
2890 5414 2946 5466 In
2987 5427 3206 5466 omnem
3253 5419 3525 5464 terrarum

1957 5513 2142 5563 orbem
2175 5508 2261 5561 lex
2291 5509 2393 5561 ista
2427 5507 2697 5580 sancitur,
2732 5505 3094 5560 maximorum
3129 5503 3400 5557 malorum
3429 5520 3525 5555 ea-

1957 5611 2058 5672 put
2085 5602 2288 5654 futura.
2313 5600 2428 5654 1am
2464 5614 2564 5653 nec
2590 5614 2708 5653 mos
2737 5599 3027 5668 majorum,
3061 5610 3159 5649 nec
3184 5596 3364 5665 legum
3396 5610 3531 5664 prae-

1966 5692 2189 5762 scripta,
2212 5690 2556 5761 principibus
2578 5700 2634 5746 et
2657 5692 2886 5758 privatis
2908 5688 3311 5749 convenientia.
3341 5703 3527 5741 serva-
