3982 6214
239 393 358 456 ΙΞΓῙ
614 393 687 464 1A.
731 409 779 450 c.
824 393 991 470 l35|I

1196 404 1637 472 ΒῩΖΑΝΤΙΝΕΕ
1676 414 2058 478 HISTORle
2100 421 2242 481 LIB.
2285 423 2444 484 XIX.

2564 416 2697 488 itur.
2739 435 2780 472 ι.
2822 432 3117 472 curacuz.
3159 417 3215 487 5]
3333 421 3466 483 120?

295 503 366 556 l".
403 501 491 566 Ὠς
515 503 640 601 Adv!)
677 509 961 577 συμφωνία
982 510 1230 586 διηνεκὴς
1273 517 1387 588 (59.)
1425 518 1520 573 τοῦ
1579 521 1794 590 πρώτου

1969 529 2056 584 ΙΙΙ.
2095 530 2390 588 Enimvero
2433 542 2492 587 ut
2532 532 2839 601 argumenti
2887 532 3150 600 propositi
3212 535 3466 586 tractatio

231 596 425 648 σκοποῦ
454 593 562 660 τοῖς
588 599 764 652 ἄλλοτ’
813 602 984 667 ἄλλως
1031 607 1234 674 μεταξὺ
1290 612 1798 683 παραπλεκομένοις

231 689 541 755 πράγμασιν
576 693 772 759 ἐπίσης
824 695 1097 766 ἀκήρατος
1132 698 1290 772 μένῃ,
1325 695 1392 774 ἦν
1439 702 1677 772 ὠθισμός
1717 723 1800 768 τις

228 778 316 829 καὶ
347 778 435 844 βία
469 779 596 850 παρ’
625 782 904 852 ἑκατέροις
933 787 1084 856 ἡμῖν,
1115 789 1270 842 όποία
1319 792 1422 844 κάν
1474 795 1585 855 τοῖς
1637 795 1799 847 όπλοο

226 869 417 937 μάχοις
451 870 626 938 ἀγῶσι
656 872 729 936 ὡς
781 875 848 926 τὰ
881 876 1048 931 πολλά
1081 879 1420 943 καθίσταται,
1465 882 1799 954 βιαζομένων

225 960 498 1030 ἑκατέρων
531 962 637 1015 τῶν
671 967 1066 1034 στρατοπέδων.
1114 971 1244 1038 πρὶν
1302 974 1644 1044 συρραγῆναι
1703 977 1799 1040 τὰς

225 1052 430 1114 τάξεις,
465 1054 703 1125 περὶτοῦ
728 1059 976 1127 ποτέροις
1006 1058 1070 1112 ἂν
1104 1065 1560 1137 προκατειλῆφθαι
1594 1069 1801 1135 γένοιτο

222 1145 309 1195 τὸν
345 1144 684 1214 ὑπερέχοντα
709 1147 892 1213 τόπον,
931 1149 1006 1212 ὡς
1036 1151 1267 1206 ἐνταῦθα
1304 1155 1398 1208 τοῦ
1427 1157 1628 1222 παντὸς
1653 1159 1800 1226 ἀγῶο

219 1255 308 1301 νος
338 1240 436 1302 τάς
464 1239 565 1308 τῆς
591 1239 748 1310 νίκης
803 1242 1123 1312 στρέφοντος
1178 1245 1418 1313 ἐλπίδας,
1464 1252 1566 1304 κάν
1625 1252 1800 1324 τούτῳ

218 1329 318 1390 τὰς
355 1330 588 1398 ἀδήλους
613 1330 708 1384 τοῦ
766 1333 1006 1404 πολέμου
1061 1339 1597 1410 προκατατιθεμένου
1632 1343 1801 1413 τύχας

219 1421 288 1483 ὼς
323 1422 390 1475 τὰ
436 1421 563 1474 πολλ
571 1422 625 1476 ἀ.

286 1511 364 1566 Δ’.
399 1512 460 1565 'O
489 1515 588 1582 μὲν
627 1514 733 1584 γὰρ
781 1516 998 1585 πρῶτον
1022 1516 1146 1577 τοὺς
1195 1519 1294 1588 τῆς
1330 1521 1533 1588 σηπίας
1567 1541 1633 1592 με
1680 1526 1802 1596 τρό.

217 1620 354 1665 πους
379 1605 530 1672 ἔλεγε
561 1607 876 1676 μιμεῖσθαι·
913 1609 1167 1678 καθάπερ
1205 1611 1314 1680 γὰρ
1348 1613 1583 1684 ἐκείνην,
1625 1632 1802 1686 μηχα-

216 1695 465 1764 νωμένην
501 1696 766 1766 δρασμὸν,
792 1697 854 1751 τὸ
906 1699 1072 1767 μέλαν
1131 1703 1285 1770 ἐμεῖν
1339 1705 1480 1756 κατά
1536 1707 1633 1774 τῆς
1693 1709 1802 1761 τῶν

215 1784 416 1838 ἀλιέων
446 1785 706 1873 σαγηνης,
754 1786 926 1850 οὕτως
959 1789 1164 1858 ἔφασκε
1227 1792 1392 1860 κάμὲ,
1446 1797 1584 1866 πρὸς
1636 1799 1800 1873 ἔτερα

219 1862 592 1946 μεθαρμόζειν
621 1879 843 1932 κατὰτὸ
893 1879 1116 1950 λεληθὸς
1139 1883 1228 1935 τὸν
1284 1884 1404 1939 ὅλον
1459 1862 1658 1944 σκοπὸν
1701 1862 1799 1947 τοῦ

216 1966 432 2035 ἀγῶνος
463 1968 548 2020 ἀεὶ
590 1969 949 2039 πειρώμενον,
1001 1973 1128 2026 ,κατ’
1179 1975 1391 2030 ἐκείνου
1453 1984 1798 2052 μηχανᾶσθαι

215 2058 541 2128 ξενηλασίαν
580 2061 742 2128 φάναι
796 2062 942 2125 τινὰ.
1001 2065 1224 2120 καὶτοῦ
1280 2069 1562 2141 Θαϐωρίου
1624 2061 1820 2143 φωτὸς

215 2149 546 2203 ἀπελαύνειν
597 2151 943 2224 πανούργως,
997 2155 1246 2226 αὐτάρκη
1306 2161 1580 2230 πρόφασιν
1599 2164 1655 2227 ἐς
1698 2165 1799 2236 τὴν

215 2242 587 2313 προκειμένην
606 2245 864 2298 ὑπόθεσιν
899 2245 1042 2317 ἔχειν
1067 2249 1315 2319 οἰομένου
1344 2253 1514 2308 τουτί.
1537 2255 1801 2328 Δεύτερον

213 2335 464 2387 ἐνεκάλει
503 2353 612 2405 μοι,
643 2337 829 2401 κακῶς
858 2339 1100 2406 εἰσάγειν
1130 2342 1192 2394 τὸ
1239 2343 1370 2414 περὶ
1427 2345 1532 2399 τοῦ.
1563 2349 1638 2418 μὴ
1689 2350 1802 2406 δεῖν

211 2424 486 2492 θεολογεῖν
513 2428 829 2496 κεφάλαιον,
858 2433 968 2483 τῶν
995 2431 1167 2499 ἁγίων
1201 2433 1314 2488 ἀνω
1340 2436 1435 2490 καὶ
1473 2439 1622 2493 κάτω
1647 2440 1801 2514 διαρ-

213 2519 392 2588 ρήδην
422 2519 817 2588 θεολογούντων
837 2537 856 2555 ο
882 2517 962 2586 οἷς
995 2525 1092 2577 καὶ
1121 2525 1213 2579 τὸν
1244 2528 1515 2600 Παλαμᾶν
1541 2532 1797 2604 ὑποδείγ-

215 2627 356 2680 μασι
382 2612 658 2681 χρώμενον
692 2613 791 2678 τὰς
837 2615 966 2678 νέας
1013 2616 1165 2686 ἔλεγε
1221 2620 1454 2690 γράφειν
1503 2622 1800 2692 θεολογίας.

213 2703 361 2770 ὑπὲρ
391 2697 465 2759 ὧν
493 2705 554 2758 τδ
582 2708 782 2762 οἰκεῖον
809 2705 949 2778 αἷμα
979 2710 1177 2764 διδόναι
1206 2715 1299 2765 καὶ
1324 2714 1466 2783 μάλα
1509 2716 1802 2787 προθύμως

211 2795 240 2846 ό
265 2795 521 2867 ἀρῤεπὴς
555 2799 748 2869 κριτὴς
773 2800 1061 2856 διετείνετο
1080 2820 1095 2836 ο
1120 2804 1187 2868 ἂς
1209 2804 1300 2857 καὶ
1331 2807 1600 2878 καυθῆναι
1620 2809 1805 2878 λέγον-

209 2900 306 2948 τος
345 2887 546 2956 μᾶλλον
599 2890 758 2959 ἐμοῦ,
817 2892 1162 2962 καθήπτοντο
1224 2897 1369 2962 μάλα
1422 2900 1664 2967 σφοδρῶς
1706 2899 1803 2956 καὶ

211 2979 504 3050 παρρησίᾳ
532 2980 796 3050 Παλαμᾶς
822 2984 918 3036 καὶ
953 2984 1330 3054 Ἡρακλείους,
1367 3005 1464 3042 συν
1494 3005 1557 3058 γε
1580 2990 1658 3061 τῷ
1693 3009 1802 3045 πα-

213 3069 479 3142 τριάρχῃ,
501 3072 621 3125 τότε
642 3073 892 3141 λέγοντες
932 3077 1309 3149 καυθήσεσθαι
1338 3083 1499 3149 σφᾶς,
1551 3085 1640 3136 ὅτε
1707 3087 1802 3139 καὶ

211 3161 274 3212 τὸ
299 3161 400 3213 τοῦ
438 3161 678 3233 Χριστοῦ
715 3166 1072 3237 Εὐαγγέλιον,
1125 3172 1204 3234 είς
1265 3173 1592 3248 ταυτότητος
1646 3174 1804 3245 λόγον

213 3255 321 3321 φεῦ
346 3255 361 3308 !
385 3257 482 3328 τὴν
513 3259 840 3331 ἀμφοτέρων
867 3261 1110 3328 τιθέντες
1131 3264 1420 3336 ἁρμονίαν.
1458 3268 1566 3320 Καὶ
1596 3267 1677 3322 ἔτι
1709 3274 1802 3324 καὶ

207 3346 400 3418 τρίτον
422 3347 673 3421 ἔγκλημα
693 3353 844 3406 τουτὶ
873 3357 1150 3424 προσῆγεν
1175 3355 1319 3425 ἐμοὶ,
1345 3356 1490 3424 λέγω
1508 3358 1573 3428 δὴ
1601 3359 1663 3411 τὸ
1699 3362 1802 3429 τῆς

208 3440 360 3510 ῑμῆς
395 3440 611 3510 ὁμιλίας
637 3443 772 3512 πρὸς
806 3444 1032 3514 βασιλέα
1071 3446 1308 3518 σκληρὸν
1337 3449 1432 3503 καὶ
1481 3451 1583 3504 οὐκ
1612 3451 1805 3505 ἐνδιδό-

211 3550 385 3602 μενον
411 3535 660 3605 οὐδαμῆο
706 3536 846 3608 μηδὲ
906 3540 1018 3610 γὰρ
1069 3535 1211 3594 εἶναι
1265 3542 1446 3612 σοφῶν
1493 3543 1804 3614 βασιλεῦσιν

208 3625 431 3694 ὁμιλεῖν
463 3625 683 3683 οὑτωσί.

283 3715 370 3769 E'.
410 3717 543 3787 Περὶ
575 3709 635 3771 οὗ
670 3720 765 3774 καὶ
804 3719 1012 3791 βραχέα
1071 3722 1241 3775 είπὼν
1299 3723 1680 3796 ἀπήλλαγμαι,
1739 3726 1801 3780 οὗ

209 3807 386 3877 μόνον
418 3810 543 3871 τοὺς
569 3809 677 3862 τῶν
707 3811 880 3878 ἁγίων
909 3813 1077 3867 πάλαι
1107 3813 1246 3884 πρὸς
1293 3814 1552 3884 βασιλέας
1579 3817 1660 3880 είς
1706 3817 1814 3888 μέ-“

205 3917 308 3954 σον
351 3901 573 3969 ἀγαγὼν
619 3903 920 3972 διαλόγους,
961 3905 1098 3960 ἀλλά
1154 3907 1250 3960 καὶ
1304 3909 1416 3961 τῶν
1469 3908 1575 3976 ἔξω
1623 3910 1801 3979 σοφῶν

205 3995 422 4059 ὲιίους,
461 3995 695 4058 Σόλωνος
722 3996 873 4066 πρὸς⁹
891 3998 1127 4066 Κροῖσόν
1157 4016 1300 4069 φημι
1328 3999 1434 4052 τῶν
1467 3999 1655 4054 Λυδῶν
1705 4001 1802 4073 βα·-

206 4085 399 4149 σιλέα,
427 4086 521 4138 καὶ
555 4087 836 4150 Πλάτωνος
887 4088 1024 4158 πρὸς
1058 4089 1358 4154 Διονύσιον,
1388 4089 1479 4143 τὸν
1515 4092 1614 4160 τῆς
1644 4091 1800 4146 Σικε-

205 4177 365 4240 λίας,
411 4179 504 4229 καὶ
559 4177 775 4241 πλείους
817 4178 1034 4246 ἀλλους,
1070 4174 1145 4234 ὧν
1178 4181 1239 4234 οὐ
1266 4181 1427 4250 χρεία
1489 4183 1800 4253 μεμνῆσθαι

201 4270 408 4324 τανῦν.
445 4268 567 4334 Πῶς
603 4269 712 4339 γὰρ
739 4271 806 4324 ἂν
837 4271 1024 4340 μιγείη
1057 4272 1126 4324 τά
1174 4272 1405 4340 ἄμικτα,
1459 4273 1619 4341 σοφία
1656 4274 1800 4341 λέγω

203 4363 315 4416 καὶ
347 4362 638 4428 κολακείας
667 4363 729 4415 Εί
754 4363 864 4434 γάρ
881 4363 1064 4431 σοφὸς,
1088 4363 1148 4417 οὒ
1169 4364 1334 4430 κόλαξ
1353 4364 1512 4428 ’,είδὲ
1537 4364 1720 4431 κόλαξ,
1736 4364 1796 4419 ού

203 4452 584 4520 σοφός.”οταν
617 4452 672 4505 δὲ
709 4452 804 4506 καὶ
835 4454 962 4521 περὶ
993 4454 1086 4507 τοῦ
1114 4454 1248 4506 Θεοῦ
1278 4454 1344 4507 τὰ
1381 4457 1480 4523 τῆς
1508 4454 1794 4520 διαλέξεως

1901 627 2160 688 perpetua
2197 621 2339 675 serie
2370 630 2426 676 et
2463 623 2820 677 consonantia
2853 624 3206 690 procederet,
3253 637 3354 676 nec
3384 622 3469 674 in-

1903 709 2150 764 tertextis
2210 711 2345 764 alias
2377 712 2502 767 aliis
2549 713 2944 782 quaestionibus
2998 721 3467 782 corrumperetur.

1903 813 2094 866 magna
2125 801 2478 855 contentione
2529 812 2583 856 et
2615 813 2803 871 aperta
2838 803 2886 856 vi
2939 803 3197 872 ulrinqne
3230 800 3465 854 laborari

1900 903 2136 960 emptum
2173 907 2188 945 ε
2224 904 2282 946 ιιι
2313 895 2364 947 ἱιι
2398 893 2608 955 bellicis
2635 873 2839 965 prteiiis
2890 888 3208 966 plerumque
3240 895 3318 958 fit,
3344 907 3466 946 cum

1903 994 2135 1053 uterque
2168 986 2445 1040 exercitus
2469 1026 2484 1049 ,
2525 993 2815 1057 antequam
2868 987 3089 1042 ordines
3126 985 3420 1056 conﬂigant
3449 1025 3466 1050 ,

1901 1071 2062 1126 enixe
2113 1084 2307 1138 certat,
2339 1087 2458 1129 uter
2486 1077 2637 1146 prior
2666 1089 3034 1147 occupaturus
3063 1077 3133 1131 sit
3160 1077 3339 1131 locum
3370 1091 3467 1130 su-

1900 1163 2174 1231 perierem
2200 1180 2215 1229 ;
2244 1180 2310 1220 eo
2337 1167 2484 1234 quod
2513 1168 2548 1221 ii
2577 1206 2592 1230 ,
2622 1168 2716 1238 qui
2765 1178 3010 1238 pugnant
3037 1211 3050 1232 .
3104 1184 3324 1224 onmem
3353 1169 3466 1222 vic-

1902 1253 2058 1309 toria:
2095 1269 2245 1324 spem
2293 1257 2344 1308 in
2370 1272 2436 1311 eo
2469 1259 2602 1312 verti
2654 1259 2989 1324 existiment,
3022 1270 3076 1313 ct
3114 1260 3217 1313 hoc
3246 1261 3468 1313 incertae

1900 1344 2027 1399 belli
2058 1345 2287 1403 fortuna:
2314 1347 2730 1403 fundamentum
2761 1361 2817 1403 ut
2839 1351 3134 1420 plurimum
3159 1361 3386 1420 ponant.

1969 1523 2056 1580 IV.
2091 1525 2168 1580 Ae
2223 1526 2460 1596 primum
2513 1528 2603 1583 ille
2644 1529 2824 1584 aiebat
2874 1545 2959 1584 me
3016 1530 3218 1586 imitari
3261 1547 3466 1586 morem

1899 1616 2098 1684 sapiae,
2131 1632 2252 1685 quas
2287 1618 2469 1688 fugam
2502 1620 2733 1674 moliens
2780 1631 2955 1674 atrum
2987 1622 3141 1676 virus
3188 1622 3241 1676 in
3295 1624 3470 1692 pisea-

1901 1714 2078 1762 tornm
2111 1722 2366 1777 sagenam
2411 1721 2688 1764 evomeret
2725 1712 2949 1767 :conari
2994 1713 3203 1768 scilicet
3252 1729 3470 1784 semper

1899 1813 2116 1855 omnem
2153 1800 2541 1871 disputationis
2567 1819 2790 1874 scopum
2825 1807 2890 1859 ad
2925 1806 3028 1860 alia
3051 1807 3256 1860 sensim
3292 1814 3468 1862 trans-

1899 1889 2045 1944 ferre
2087 1900 2143 1946 et
2197 1892 2360 1963 longe
2421 1895 2701 1966 relegare,
2771 1897 2931 1967 eique
2979 1898 3129 1953 velut
3186 1899 3463 1968 quoddam

1901 1981 2151 2035 exsilium
2213 1983 2535 2046 m’aehinari,
2588 1997 2752 2056 atque
2823 2003 2852 2042 a
2923 1989 3199 2044 Thaborio
3258 1991 3467 2045 lumine

1902 2087 2002 2142 per
2031 2072 2278 2127 fraudem
2326 2087 2610 2139 avertere,
2656 2079 2802 2148 quod
2830 2093 3210 2146 argumentum
3252 2083 3366 2150 ipse
3410 2082 3465 2137 in

1900 2164 2157 2232 praesenti
2211 2164 2464 2220 instituto
2518 2168 2768 2223 sufﬁcere
2823 2171 3207 2226 arbitraretur.
3264 2173 3471 2227 Deinde

1901 2254 2048 2324 quod
2083 2269 2338 2323 negarem
2377 2255 2444 2312 de
2478 2257 2643 2312 rebus
2669 2259 2868 2314 divinis
2900 2261 3164 2331 disputari
3189 2273 3468 2332 Oportere,

1903 2344 2036 2399 illud
2061 2346 2194 2400 mibi
2237 2355 2296 2402 ut
2323 2347 2464 2402 male
2508 2351 2767 2404 statuenti
2797 2349 3112 2419 objiciebat,
3145 2367 3267 2407 cum
3295 2353 3468 2408 sancti

1903 2431 2006 2502 ipsi
2035 2434 2239 2504 passim
2290 2435 2359 2490 de
2397 2435 2508 2490 Deo
2534 2436 2877 2506 disputarem
2911 2455 2927 2491 :
2955 2454 3187 2508 quorum
3217 2441 3471 2510 exemplo

1901 2523 2174 2578 Palamam
2197 2541 2415 2597 quoque
2431 2526 2650 2583 diccbat
2671 2544 2808 2583 nova
2834 2529 2901 2584 de
2929 2529 3038 2585 Deo
3059 2530 3260 2599 scripta
3281 2530 3472 2598 edere,

1902 2629 2004 2684 pro
2033 2615 2236 2685 quibus
2255 2617 2342 2671 vel
2370 2619 2652 2688 proprium
2680 2620 3000 2689 sanguinem
3025 2620 3382 2677 libentissime
3411 2639 3472 2678 se

1901 2704 2207 2762 eﬂ‘usurum
2266 2723 2460 2778 tequus
2517 2711 2726 2766 scilicet
2776 2712 2943 2782 judex
2985 2711 3309 2779 afﬁrmabat;
3350 2729 3472 2782 quas

1902 2812 2028 2851 cum
2074 2813 2173 2870 ego
2201 2801 2450 2856 comburi
2481 2804 2662 2872 potius
2699 2798 2972 2872 juberem,
3002 2803 3168 2874 938
3192 2803 3339 2858 illico
3371 2803 3472 2859 Pa-

1904 2889 2074 2944 lamas
2105 2899 2160 2944 et
2182 2890 2456 2946 Heracleae
2483 2893 2772 2962 episcopus
2796 2908 2919 2948 cum
2955 2893 3264 2964 patriarcha
3291 2893 3472 2948 acrius

1905 2996 1992 3035 me
2037 2991 2093 3036 et
2148 2982 2380 3038 liberius
2413 2985 2820 3054 reprehendere
2866 2992 3190 3054 coeperunt,
3239 2993 3353 3038 tum
3405 2998 3472 3038 ea

1903 3071 2246 3128 combustum
2310 3075 2378 3131 iri
2430 3075 2696 3140 dicentes,
2742 3092 2866 3131 cum
2916 3084 2974 3130 et
3039 3076 3216 3144 ipsum
3265 3074 3473 3130 Christi

1905 3161 2261 3234 Evangelium
2285 3207 2300 3231 ,
2349 3166 2638 3236 utriusque
2670 3168 2854 3237 operis
2883 3168 3130 3222 eamdem
3164 3167 3322 3238 (prob
3354 3181 3474 3222 sce-

1903 3252 2049 3322 lus!)
2069 3257 2334 3310 rationem
2365 3257 2646 3311 habentes.
2671 3256 2750 3310 Ad
2778 3257 2892 3312 hac
2918 3256 3138 3311 tertium
3169 3257 3224 3310 in
3247 3271 3332 3310 me
3356 3257 3476 3312 cul-

1907 3343 2090 3411 pabat,
2116 3361 2365 3414 asperam
2395 3347 2540 3400 illam
2565 3355 2622 3400 et
2645 3348 2885 3402 nesciam
2913 3347 3058 3402 flecti
3090 3349 3469 3416 pertinaciam,

1905 3449 2013 3502 qua
2062 3449 2184 3490 cum
2236 3436 2569 3506 imperatore
2627 3438 2935 3494 collocutus
2981 3438 3228 3494 fuissem.
3282 3439 3473 3508 Neque

1904 3526 2051 3582 enim
2079 3529 2411 3598 sapientium
2437 3545 2580 3595 esse,
2607 3532 2676 3585 ita
2712 3531 2854 3601 apud
2875 3531 3237 3600 imperatores
3259 3530 3434 3600 loqui.

3539 3629 3554 3680 l

1975 3715 2040 3772 V.
2088 3715 2206 3784 Qua
2234 3716 2456 3787 quidem
2509 3717 2577 3772 de
2627 3733 2686 3774 re
2713 3733 2887 3788 pauca
2919 3718 3054 3784 dixi,
3085 3727 3141 3774 et
3167 3733 3254 3774 me
3288 3718 3472 3790 ipsum
3511 3731 3545 3763 ι·

1903 3812 2088 3867 statim
2119 3810 2393 3881 expedivi,
2425 3811 2652 3881 prolatis
2682 3813 2737 3866 in
2767 3811 3004 3866 medium
3041 3826 3147 3866 non
3179 3811 3249 3866 iis
3293 3811 3472 3868 solum
3532 3837 3544 3868 κ.

1902 3903 2270 3970 sermonibus,
2296 3916 2434 3973 quos
2465 3903 2594 3957 olim
2637 3903 2761 3988 viri?
2775 3903 2950 3958 sancti
2979 3918 3102 3958 eum
3133 3903 3476 3971 imperatori-

1902 3994 2007 4050 bus
2030 3994 2376 4058 habuissent,
2407 3993 2508 4049 sed
2529 4001 2586 4048 et
2620 3993 2947 4063 quibusdam
3000 3993 3353 4063 profanorum
3370 3993 3474 4048 'sa-

1900 4087 2172 4158 pientium
2198 4083 2383 4151 dictis,
2414 4083 2632 4139 Solonis
2667 4100 2864 4155 nempe
2894 4083 2961 4139 ad
2993 4084 3268 4152 Croesum,
3295 4085 3475 4157 Lydo.

1901 4194 2021 4233 rum
2050 4191 2257 4246 regem,
2282 4176 2525 4230 Platonis
2548 4175 2614 4229 ad
2661 4176 3004 4247 Dionysium,
3055 4176 3258 4232 Siciliae
3294 4185 3477 4249 tyran-

1901 4284 2053 4332 num,
2085 4267 2316 4337 aliisque
2338 4266 2612 4336 plurimis,
2635 4282 2870 4337 quorum
2901 4266 3214 4323 meminisse
3251 4267 3308 4322 in
3337 4285 3476 4339 prte-

1900 4360 2038 4416 senti
2057 4359 2192 4415 nihil
2219 4373 2440 4415 necesse
2463 4368 2567 4414 est.
2585 4358 2939 4428 Ecquomodo
2959 4359 3103 4414 enim
3132 4374 3219 4414 res
3244 4359 3477 4416 insocia-

1899 4452 2060 4518 biles,
2080 4453 2350 4524 sapientia
2369 4463 2424 4508 et
2443 4453 2708 4518 adulatio,
2735 4452 2934 4508 sociari
2959 4467 3198 4525 unquam
3229 4452 3480 4522 possint?

200 4540 268 4615 ᾖ,
310 4542 428 4595 τότ’
453 4541 532 4613 [Ρ.
561 4541 690 4614 590]
715 4543 824 4596 οὐδ’
862 4544 1093 4615 εὐσεϐὴς
1125 4545 1154 4597 ὁ
1194 4546 1602 4611 κόλαξ,Ἀλλως
1628 4566 1686 4602 τε
1709 4548 1800 4603 καὶ

1907 4543 1962 4599 Si
2003 4543 2129 4616 quis
2159 4546 2400 4616 sapiens,
2451 4562 2556 4600 non
2616 4545 2759 4601 idem
2804 4554 2892 4601 est
2919 4545 3170 4600 adulator
3206 4561 3223 4600 :
3273 4545 3322 4600 si
3352 4546 3480 4615 quis

199 4639 319 4706 τῆς
352 4637 566 4702 σοφίας,
585 4637 633 4688 εί
670 4637 805 4706 πρὸς
835 4637 1182 4707 ἀνθρωπίνην
1207 4638 1422 4691 ἃπασαν
1449 4641 1793 4709 συγκρίνοιτο

202 4727 526 4793 εὐγένειαν,
545 4726 766 4779 τοσοῦτο
784 4728 1142 4799 διαφερούσης
1160 4730 1281 4782 ὅσον
1302 4730 1490 4783 ὀϐολοῦ
1519 4730 1790 4802 λυχνίτης,

199 4820 450 4875 τοσοῦτο
472 4821 751 4892 διαφέρειν
773 4819 951 4891 χρεὼν
977 4824 1072 4876 καὶ
1092 4823 1191 4894 τὴν
1212 4823 1321 4875 τῶν
1347 4825 1524 4891 σοφῶν
1555 4825 1791 4894 ὁμιλίαν,

202 4911 658 4980 συγκρινομένην
688 4911 823 4981 πρὸς
852 4912 1234 4984 ἀνδραποδώδη
1269 4917 1360 4966 καὶ
1393 4913 1596 4983 ἀγεννῆ
1638 4916 1795 4967 κολα-

198 5004 400 5058 κείαν.
431 4997 509 5055 Ἦ
535 5002 706 5073 πολλὴ
741 5005 941 5070 μεντᾶν
973 5004 1168 5072 ἀλογία
1196 5021 1260 5073 γε
1320 5006 1428 5076 είη,
1488 5008 1584 5060 καὶ
1621 5023 1804 5076 παρα·

198 5096 478 5165 πλήσιον,
505 5095 777 5166 ῶςπερᾶν
807 5100 854 5150 εἰ
888 5097 1132 5152 ἐνεκάλει
1181 5115 1262 5159 τις
1301 5096 1534 5167 ’Λχιλλεί
1574 5098 1647 5167 μὴ
1679 5097 1807 5167 βουο

198 5185 446 5257 λομένῳ
469 5188 732 5259 Θερσίτην
759 5185 919 5252 εῖναι,
948 5190 1082 5260 ἢτῷ
1115 5189 1286 5242 λέοντι
1318 5189 1393 5261 μὴ
1437 5190 1537 5260 τὴν
1597 5191 1806 5245 ἀλωπει

202 5283 334 5350 κῆν
363 5281 740 5351 ἀλλαττομένῳ
785 5282 884 5351 τῆς
936 5281 1175 5352 λεοντῆς.

1899 4635 2172 4703 adulator,
2216 4652 2328 4691 non
2363 4636 2505 4691 idem
2535 4646 2622 4692 est
2641 4636 2906 4705 .sapiens.
2952 4635 3107 4702 Quod
3159 4637 3204 4690 si
3260 4636 3328 4691 de
3362 4637 3478 4693 Deo

1901 4727 2020 4799 ipso
2055 4727 2388 4798 disputetur,
2440 4743 2510 4783 ne
2555 4728 2679 4798 pius
2727 4727 2948 4798 quidem
2998 4728 3046 4782 is
3086 4734 3208 4794 est,
3250 4727 3344 4796 qui
3400 4729 3478 4783 sit

1901 4819 2174 4873 adulator.
2227 4819 2527 4882 Przeterea,
2584 4819 2845 4888 quoniam
2889 4817 3194 4887 sapientia,
3245 4818 3291 4872 si
3351 4832 3476 4874 cum

1902 4910 2054 4966 omni
2090 4911 2331 4965 humana
2385 4911 2673 4965 nobilitate
2728 4920 3099 4979 comparetur,
3149 4917 3304 4964 tanto
3355 4925 3478 4966 eam

1903 5001 2206 5066 antecellit,
2237 4981 2444 5070 quanto
2477 4999 2698 5054 obolum
2732 4999 3003 5070 lychnites
3032 5039 3048 5066 ,
3106 5008 3260 5055 tanto
3311 5000 3477 5057 etiam

1901 5102 2124 5162 oportet
2181 5091 2508 5162 sapientium
2545 5090 2714 5155 dicta,
2747 5089 2792 5144 si
2825 5105 2947 5161 eum
2978 5089 3166 5145 servili
3196 5100 3252 5145 et
3285 5090 3476 5144 humili

1903 5183 2272 5240 assentatione
2290 5183 2664 5245 conferantur,
2678 5180 2746 5235 ab
2766 5181 2868 5234 hac
2881 5181 2998 5250 ipsa
3022 5181 3247 5237 distare.
3265 5182 3478 5244 Absur-

1903 5277 2194 5332 dissimum
2231 5282 2380 5329 certe
2431 5273 2533 5326 hoc
2565 5279 2621 5326 et
2673 5271 2818 5326 idem
2874 5271 2988 5325 fere
3020 5271 3111 5338 sit,
3159 5286 3224 5325 ac
3268 5273 3314 5332 si
3347 5270 3474 5340 quis

197 5373 501 5430 Achillem
535 5373 661 5429 ideo
691 5374 988 5444 vituperet,
1022 5373 1168 5446 quod
1209 5391 1332 5431 csse
1365 5374 1648 5430 Thersites
1716 5372 1874 5441 nolit;
1914 5378 2008 5449 aut
2036 5369 2250 5424 leonem
2275 5404 2293 5433 ι
2347 5365 2493 5437 (100d
2531 5363 2723 5421 00110!“
2781 5362 3058 5419 Ῑοοιιίιιευη
3105 5362 3330 5433 vulpi“
3365 5378 3474 5419 "0“

200 5489 263 5526 In
276 5478 430 5524 υιοι.

1562 5605 1895 5680 Variorum
1928 5607 2114 5662 nota).

294 5746 420 5812 (52)
473 5747 550 5799 Ita
593 5761 812 5816 quoque
864 5747 1138 5816 exemplar
1175 5746 1535 5810 Vaticanum,
1588 5745 1642 5798 in
1698 5759 1804 5814 quo
1842 5744 2104 5798 omissum
2178 5740 2383 5809 aliquid
2438 5738 2707 5809 suspicor.
2764 5736 2924 5792 Certe
2968 5734 3083 5790 hmo
3129 5733 3264 5789 maio
3293 5731 3476 5789 cohae-

207 5836 332 5868 του
344 5826 383 5868 ι.
432 5817 640 5872 Βυινια.
