3982 6214
177 422 311 484 1965
445 465 452 470 .
561 419 634 491 [ι.
678 434 728 474 c.
777 421 934 492 1551}

1187 429 1626 492 ΒΥΖΧΝΤῙΝΕ
1667 433 2048 497 IIISTORIE
2094 439 2232 498 [ΑΒ.
2268 443 2388 502 XX.

2508 437 2640 510 [nun
2685 457 2722 493 ι.
2761 453 3052 493 omnem.
3097 439 3150 509 Si}
3269 443 3404 505 ιτς-ι

175 555 274 599 τας
316 536 503 606 ὕϐρεις
535 539 628 591 καὶ
660 539 888 604 ἀπειλάς
919 542 1041 596 καθ’
1081 544 1242 615 ἡμῶν
1283 547 1616 614 ὲξετόξευεν,
1651 548 1752 600 οὑκ

1879 551 1982 606 elis
2005 553 2354 622 quibusdam.
2381 572 2481 611 nos
2501 556 2760 622 incessit;
2797 559 2905 612 no'n
2939 557 3031 614 ille
3067 559 3420 615 incolendum

189 629 541 682 Ἀτλαντικοῢ
596 631 672 699 (ῗ)
737 633 1068 706 κληρουχίας
1126 637 1431 707 πελάγους,
1494 641 1586 693 καὶ
1645 641 1750 710 γῆς

175 724 430 792 ποιήσειν
448 723 552 788 ἔξω
583 724 684 794 τῆς
713 726 1040 796 οἰκουμένης
1063 729 1286 798 (Ξέρξου
1310 731 1420 801 γάρ
1451 732 1621 785 ταῦτα
1659 735 1752 787 καὶ

171 813 275 880 τῆς
326 813 540 892 ξκείνου
591 815 932 887 βαρϐαρικῆς
975 821 1234 886 ἀπονοίας
1257 821 1351 875 καὶ
1385 825 1599 894 τρυφῆς
1637 821 1748 896 ἦν),

176 906 316 962 ἄλλα
346 907 392 960 δ’
421 907 647 960 ἐκείνων
680 910 850 980 μείζω
883 913 977 964 καὶ
1013 913 1220 984 σφόδρα
1247 916 1546 985 ἀπᾴδοντα,
1574 918 1649 980 ὡς
1679 919 1756 971 εἰς

179 999 410 1068 ρήσεται
456 1001 736 1068 προϊόντος
770 1001 886 1054 τοῦ·
908 1003 1090 1071 λόγου.
1124 1006 1245 1059 Τῶν
1278 1007 1386 1075 γὰρ
1421 1009 1621 1062 ἀνίσων
1661 1013 1756 1064 καὶ

176 1091 450 1158 ἀνομοίων
485 1091 668 1162 ἀρχῶν
701 1110 761 1146 τε
810 1096 903 1147 καὶ
935 1097 1306 1166 προαιρέσεων
1347 1099 1508 1153 ἄνισά
1550 1118 1607 1152 τε
1661 1104 1756 1154 καὶ

179 1183 412 1250 ἀνόμοια
442 1185 659 1248 πάντως
682 1180 820 1239 εῖναι
848 1188 998 1251 εἰκὸς
1027 1188 1205 1243 καὶτὰ
1230 1190 1340 1242 τῶν
1369 1194 1758 1263 πραττομένων

179 1275 526 1345 ἑκατέρωθεν
593 1277 848 1348 λήγοντα.
903 1279 1036 1332 Οὐδὲ
1095 1280 1205 1350 γὰρ
1264 1282 1493 1353 πάτριον
1553 1285 1758 1345 ἐκεῖνος

179 1368 457 1436 ἐξώμνυτο
499 1369 663 1430 σέϐας
684 1410 699 1432 ,
731 1371 849 1424 οὐδὲ
897 1370 1196 1442 θρησκείαν
1231 1371 1529 1444 θρησκείας
1561 1375 1757 1444 ὴλλάτο

178 1478 324 1523 τετο,
382 1460 489 1512 οὐδ’
547 1461 686 1514 ἐθῶν
731 1463 825 1516 καὶ
872 1464 1162 1534 δογμάτων
1198 1466 1294 1537 ἔθη
1346 1469 1442 1520 καὶ
1492 1468 1759 1538 δόγματα,

161 1549 432 1602 ,παλαιῶν
463 1552 752 1621 καινότερα
785 1553 878 1604 καὶ
908 1556 1170 1607 νεότακτα
1198 1570 1211 1585 ⁶
1245 1557 1354 1610 οὐδ’
1387 1558 1586 1627 ὅρκους
1630 1559 1764 1612 ἐπά-

181 1658 264 1692 τει
297 1640 736 1710 θρησκευομένου
759 1643 915 1697 Θεοῦ.

257 1729 329 1784 l".
365 1733 424 1784 Εἰ
453 1733 508 1786 δέ
539 1751 622 1797 τις
649 1735 937 1800 ἐνίσταιτο,
965 1736 1174 1808 Ξέρξην
1205 1739 1499 1811 θαυμάζων
1531 1743 1761 1807 ἐκεῖνον.

182 1825 264 1878 δτι
303 1827 406 1894 γῆς
440 1827 533 1881 καὶ
568 1827 846 1897 θαλάσσης
876 1825 1013 1901 ἦρχε
1045 1831 1187 1885 πάνυ
1220 1851 1300 1886 τοι
1336 1834 1595 1904 πλείστης
1616 1875 1631 1898 ,
1670 1837 1763 1889 καὶ

187 1919 422 1988 στρατὸν
441 1920 681 1991 ἐπήγετο
709 1922 973 1991 μυριάριθ
983 1941 1104 1993 μον,
1132 1919 1206 1976 ὧν
1230 1926 1390 1994 ἡμεῖς
1413 1912 1764 1981 παντάπασιν

187 2011 541 2082 ἐστερήμεθα
566 2029 580 2042 ·
627 2013 1070 2084 ἀλλάὋεοτήτων
1116 2017 1210 2068 καὶ
1236 2016 1387 2070 Θεῶν
1428 2017 1672 2088 ἀπείρων
1707 2037 1766 2072 τε

185 2107 283 2154 καὶ
315 2105 583 2156 ἀκτίστων
621 2105 822 2174 ἥκιστα
873 2100 987 2175 εἶχε
1017 2107 1358 2177 στρατόπεδα
1381 2124 1396 2140 ⁸
1435 2109 1568 2162 ἀ).λά
1612 2104 1769 2164 πάντ’

184 2191 332 2266 ἦσαν
373 2197 518 2266 αὑτῷ
549 2198 742 2250 κτιστά
780 2197 872 2251 καὶ
901 2197 1068 2268 θνητά
1097 2200 1219 2252 κατ’
1249 2200 1436 2254 αὑτόν.
1474 2202 1538 2254 ’0
1565 2201 1630 2271 δὴ
1675 2204 1770 2256 καλ⁸

189 2288 356 2351 αὑτὸς
387 2287 564 2358 ἑαυτῷ
596 2288 1007 2358 μεμαρτύρηκε,
1029 2287 1122 2341 νῦν
1145 2288 1244 2360 μὲν
1273 2291 1467 2359 γελῶν,
1489 2290 1584 2344 νῦν
1612 2292 1667 2346 δὲ
1689 2293 1774 2347 δα·

188 2380 398 2448 κρὺωνο
424 2381 484 2431 τὸ
504 2379 600 2448 μὲν
627 2379 708 2432 ὅτι
738 2380 995 2447 πλείστης
1010 2381 1243 2452 ἠπείρου
1260 2383 1354 2436 καὶ
1379 2381 1650 2454 θαλάττης
1677 2385 1773 2438 καὶ

190 2470 575 2541 στρατοπέδων
635 2470 796 2540 ἄρχει
849 2471 1182 2541 παμπόλλων
1203 2488 1218 2502 ⁸
1253 2471 1314 2525 τὸ
1340 2471 1396 2526 δὲ
1422 2473 1528 2536 ὅτι,
1561 2473 1772 2542 θνητῶν

193 2563 293 2615 καὶ
326 2562 678 2634 προσκαίρων
705 2562 1083 2633 ὑπαρχόντων,
1106 2563 1281 2627 οὐδεὶς
1313 2564 1451 2635 ὑπὲρ
1488 2565 1556 2618 τὰ
1581 2563 1773 2618 ἑκατὸν

193 2655 352 2709 ἔσται
379 2657 703 2726 φαινόμενος
733 2657 850 2722 ἔτη,
880 2657 990 2710 οὔτ’
1013 2656 1201 2721 αὑτὸς,
1229 2655 1340 2711 οὔτ’
1365 2657 1541 2722 οὐδεὶς
1561 2657 1772 2729 οὐδαμῆ

191 2749 304 2802 τῶν
345 2747 490 2818 αὑτῷ
533 2749 834 2818 ἑπομένων.
866 2747 948 2820 [Ρ.
979 2747 1105 2821 625]
1153 2750 1229 2803 Οὑ
1271 2751 1379 2819 γὰρ
1419 2745 1487 2820 ἦν
1523 2767 1608 2802 πω
1652 2751 1773 2804 τότε

193 2840 490 2907 Παλαμᾶς,
526 2840 646 2893 οὑδὲ
676 2840 753 2909 τῷ
781 2841 961 2910 πολλῷ
993 2844 1158 2912 συνῆν
1195 2841 1391 2912 ἐκείνῳ
1426 2843 1636 2911 βασιλεῖ
1671 2861 1776 2896 πα-

197 2932 502 3002 ραπλήσιος
533 2934 588 2984 ὲν
605 2931 881 2994 τοσούτοις
903 2933 1309 3003 στρατεύμασιν
1335 2934 1510 3000 οὐδεὶς
1541 2935 1775 3006 Παλαμᾷ

196 3024 420 3096 τουτῳῒ,
470 3025 735 3096 τεχνητὴν
780 3027 983 3091 κτίζων
1014 3027 1317 3082 ἀθανασίαν
1361 3028 1457 3082 καὶ
1493 3028 1773 3097 ἀκτισίαν,

199 3115 454 3185 καθάπερ
492 3117 615 3176 τοὺς
661 3118 958 3188 κεραυνοὺς
991 3117 1086 3171 καὶ
1130 3117 1458 3188 πρηστῆρας
1485 3120 1550 3174 ὲκ
1585 3121 1690 3191 γῆς
1725 3124 1774 3176 οῖ

1852 641 2187 699 Atlanticum
2223 662 2392 707 mare,
2433 663 2535 703 nec
2581 660 2736 703 extra
2801 660 3000 704 terram
3069 652 3424 708 habitabilem

1855 737 2148 806 quterenda
2182 740 2372 793 exsilia
2401 742 2765 795 comminatus
2791 743 3015 813 (quippe
3047 743 3159 800 hare
3190 745 3426 801 Xerxem

1855 839 1912 882 et
1947 829 2289 884 barbaricam
2316 833 2436 899 ejus
2470 832 2800 886 dementiam
2832 849 2897 889 ac
2937 834 3217 890 lasciviam
3269 836 3430 891 det-e-

1861 919 2036 985 bant),
2062 922 2155 976 sed
2179 922 2288 995 alia
2317 923 2404 976 his
2421 924 2669 993 graviora
2701 935 2753 976 et
2789 926 3022 981 multum
3053 926 3429 989 abhorrentia.

1862 1031 1920 1074 ut
1956 1019 2352 1074 infra‘dicctur.
2390 1022 2614 1076 Scilicet
2648 1023 2740 1077 ubi
2775 1024 3046 1094 principia
3077 1036 3132 1080 et
3185 1028 3432 1081 instituta

1865 1112 2155 1181 inmqualia
2188 1123 2244 1168 et
2275 1115 2564 1170 dissimilia
2621 1127 2771 1180 sunt,
2807 1117 2880 1171 ibi
2931 1118 3098 1172 etiam
3138 1119 3437 1188 inmquales

1862 1212 1914 1256 et
1943 1203 2243 1258 dissimiles
2276 1206 2534 1274 utrinque
2561 1223 2682 1262 esse
2733 1208 3014 1263 actionum
3059 1209 3241 1263 exitus
3276 1210 3438 1278 plane

1861 1308 2288 1350 consentaneum
2316 1307 2422 1351 est.
2461 1299 2744 1354 Porroille
2798 1315 2902 1354 nec
2960 1300 3281 1369 religionem
3348 1316 3440 1369 pa-

1865 1387 2026 1443 triam
2061 1389 2438 1459 abiuraverat,
2475 1406 2822 1447 nec-morem
2889 1393 3314 1462 doctrinamque
3351 1408 3442 1446 vc-

1865 1485 2035 1536 terem
2068 1496 2210 1536 novo
2269 1497 2568 1553 recensque
2612 1485 2912 1539 Constituto
2963 1502 3116 1540 more
3163 1487 3442 1541 doctrina-

1865 1589 1973 1642 que
2004 1583 2334 1636 mutaverat,
2393 1592 2491 1630 nec
2531 1577 2715 1635 ﬁdem.
2777 1579 2824 1632 ei
2863 1595 3026 1646 quem
3076 1579 3292 1635 colebat
3331 1579 3443 1633 Deo

1863 1665 2026 1736 993
2050 1667 2318 1736 juratam,
2352 1667 2584 1735 pedibus
2613 1669 2946 1738 subjecerat.

1941 1755 2029 1811 Ill.
2065 1756 2220 1823 Quod
2259 1757 2304 1812 si
2332 1757 2460 1827 quis
2484 1757 2720 1814 Xerxem
2780 1759 2935 1814 illum
2996 1761 3230 1816 miratus
3281 1764 3447 1818 instet

1800 1888 1840 1943 Β
1868 1865 1933 1905 ac
1975 1849 2144 1903 dicat.
2177 1864 2303 1902 eum
2341 1859 2503 1904 terrae
2532 1860 2589 1905 et
2621 1851 2789 1906 maris
2838 1851 3108 1907 tractibus
3136 1869 3302 1923 quam
3331 1853 3449 1907 lon-

1868 1940 2109 2010 gissimis
2140 1939 2460 2009 imperasse,
2511 1950 2566 1995 et
2617 1940 3050 1998 innumerabiles
3075 1957 3264 1998 secum
3290 1959 3450 1999 excr-

1868 2032 2014 2087 citus
2042 2031 2323 2097 ductasse,
2350 2033 2553 2101 quibus
2583 2048 2688 2088 nos
2743 2033 2909 2089 rebus
2944 2035 3171 2090 omnino
3226 2033 3450 2091 delicia-

1871 2139 1994 2177 mur
2035 2141 2048 2176 :
2088 2131 2146 2176 at
2211 2124 2256 2178 is
2313 2124 2784 2197 (respondebitur)
2845 2125 3162 2180 divinitates
3207 2126 3448 2197 deosque

1871 2216 2120 2270 inﬁnitos
2151 2225 2207 2271 et
2262 2216 2537 2271 inereatos
2597 2219 2650 2270 in
2687 2219 2882 2273 castris
2915 2217 3142 2273 minime
3174 2217 3446 2284 habebat;

1870 2306 1967 2363 sed
2007 2317 2168 2362 erant
2203 2307 2281 2362 illi
2313 2307 2498 2362 omnia
2527 2319 2710 2363 creata
2740 2318 2796 2363 et
2831 2309 3108 2375 mortalia,
3160 2308 3324 2378 eique
3381 2309 3452 2362 si-

1831 2437 1836 2440 -
1872 2399 2041 2455 milia.
2065 2397 2237 2470 Cujus
2263 2400 2341 2455 rei
2375 2409 2432 2455 et
2496 2399 2611 2469 ipse
2671 2399 2777 2456 sibi
2808 2401 2963 2454 testis
2996 2399 3120 2464 fuit,
3178 2416 3325 2456 nunc
3378 2401 3452 2453 rio

1871 2491 2073 2560 dendo,
2104 2507 2254 2547 nunc
2283 2491 2487 2548 ﬂendo.
2544 2492 2781 2546 Ridebat
2837 2503 3020 2546 autem
3050 2532 3064 2556 ,
3107 2493 3251 2562 quod
3283 2493 3454 2561 impe-

1872 2585 2015 2638 rium
2048 2591 2194 2639 terra
2220 2594 2276 2641 et
2325 2585 2461 2639 mari
2500 2585 2770 2639 latissime
2818 2593 3010 2654 patens
3057 2591 3113 2638 el
3175 2585 3452 2639 exercitus

1872 2674 2358 2730 numerosissimos
2385 2675 2644 2739 haberet;
2698 2673 2841 2728 idem
2876 2673 3061 2735 ﬂebat,
3125 2675 3271 2744 quod
3323 2689 3448 2728 cum

1873 2767 1931 2822 hi
1965 2766 2226 2822 mortales
2257 2776 2312 2822 et
2337 2767 2530 2822 caduci
2573 2768 2640 2822 ad
2691 2775 2901 2822 certum
2937 2775 3154 2835 tempus
3199 2765 3450 2820 duratnri

1872 2866 2077 2922 essent,
2137 2872 2300 2913 nemo
2361 2867 2502 2927 post-
2539 2858 2900 2913 centesimum
2953 2872 3156 2912 annum
3207 2871 3446 2925 usquam

1874 2948 2282 3018 comparitnrus
2307 2949 2472 3009 foret.
2498 2965 2610 3004 non
2650 2949 2793 3018 ipse,
2859 2963 2966 3002 non
3023 2949 3166 3003 ullus
3219 2948 3359 3001 alius
3386 2963 3451 3001 ex

1875 3040 1965 3104 iis,
1994 3040 2089 3110 qui
2121 3056 2180 3095 se
2209 3049 2598 3110 sequerentur.
2642 3040 2913 3094 Nimirum
2947 3055 3014 3094 eo
3072 3048 3319 3108 tempore
3349 3038 3452 3092 Pa-

1877 3131 2052 3186 lamas
2101 3132 2345 3186 nondum
2375 3141 2519 3194 erat.
2585 3147 2689 3186 nec
2745 3132 2800 3186 in
2838 3140 2990 3185 tanto
3039 3133 3286 3186 exercitu
3329 3144 3452 3184 cum

202 3207 509 3272 Κύκλωπες
541 3209 711 3264 πάλαι
736 3209 879 3263 κατά
904 3211 1030 3273 τοὺς
1059 3211 1266 3280 μύθους
1290 3211 1367 3280 τῷ
1393 3212 1476 3266 Διῒ
1495 3228 1508 3242 ·
1538 3214 1774 3270 ἐνταῦθα

1881 3239 2010 3294 rege
2039 3224 2424 3295 potentissimo
2451 3225 2778 3280 versabatur
2839 3223 3132 3293 quisquam
3185 3222 3314 3276 huic
3350 3221 3454 3276 Pa-

198 3300 256 3353 δὲ
285 3302 409 3363 τοὺς
431 3300 703 3365 τοιούτους
725 3301 922 3371 φόσους
951 3301 1272 3372 ὑπερορίους
1295 3299 1457 3369 εἶναι,
1482 3305 1577 3357 καὶ
1605 3304 1775 3375 λήθης

201 3391 581 3444 καλύπτεσθαι
606 3393 751 3462 μάλα
783 3393 1057 3459 πυθμέσιν
1100 3393 1472 3464 ὑποϐρυχίοις,
1513 3394 1596 3448 ἆτ’
1623 3397 1778 3448 ἀκτί-

200 3501 350 3538 στων
392 3484 507 3552 ἆμα
560 3487 655 3537 καὶ
702 3483 988 3538 ἀθανάτων
1019 3484 1131 3537 τῶν
1169 3484 1216 3538 τ’
1261 3485 1490 3555 ἐχόντων
1532 3484 1648 3557 ἅμα
1683 3491 1779 3544 καὶ

201 3580 314 3631 τῶν
348 3582 408 3632 ἐκ
439 3581 542 3631 τῶν
573 3578 924 3649 ὑπαρχόντων
957 3579 1053 3650 (8).
1089 3575 1236 3634 Εἶεν.

1880 3315 2038 3370 131112ιέ
2068 3316 2287 3378 similis,
2318 3316 2412 3384 qui
2445 3315 2915 3370 immortalitatem
2946 3323 3002 3367 et
3029 3315 3328 3368 increatam
3364 3327 3459 3366 na-

1884 3411 2060 3457 turam
2094 3417 2191 3470 per
2216 3410 2392 3456 artem
2422 3411 2664 3464 crearet,
2695 3401 3162 3469 quemadmodum
3208 3400 3276 3453 de
3314 3409 3459 3452 terra

1884 3495 2017 3550 olim
2050 3493 2281 3548 fulmina
2316 3504 2372 3548 et
2397 3494 2504 3549 tela
2541 3494 2699 3563 ignea
2730 3493 2851 3548 Jovi
2877 3491 3110 3546 fabulosi
3140 3491 3218 3544 illi
3259 3490 3457 3559 Cyclo-

1884 3599 2003 3655 pes.
2043 3583 2182 3639 Hinc
2207 3600 2338 3640 vero
2370 3587 2528 3656 longe
2561 3586 2762 3639 absunt
2821 3585 2858 3638 ii
2925 3591 3126 3643 metus,
3190 3581 3457 3635 altissima

204 3672 486 3726 oblivione
518 3671 663 3726 velut
699 3673 959 3739 demersi,
986 3683 1274 3746 propterea
1293 3675 1439 3746 quod
1470 3674 1696 3732 increati
1719 3685 1777 3734 et
1816 3678 2157 3735 immortales
2185 3680 2298 3734 sint
2360 3689 2473 3734 tum
2536 3679 2834 3749 principes,
2866 3687 2980 3731 tum
3034 3677 3068 3729 ii
3131 3674 3224 3744 qui
3257 3674 3460 3744 princi-

204 3770 375 3840 pibus
401 3778 612 3838 parent.

283 3862 358 3916 Δ’.
399 3863 457 3916 ‘A
467 3864 751 3933 ρξαμένων
772 3864 816 3917 δ’
848 3863 977 3933 ἑξῆς
997 3865 1091 3919 καλ⁸
1106 3866 1215 3919 τῶν
1244 3867 1562 3921 ἐπισκόπων
1579 3867 1789 3932 λαλεῖν,

203 3951 276 4023 ἦν
307 3955 525 4006 ἀκούειν
552 3953 644 4005 νῦν
674 3955 772 4023 μὲν
798 3954 1032 4008 δικτύων
1057 3957 1151 4009 καὶ
1175 3955 1454 4026 θαλάσσης
1484 3957 1789 4020 ἀπόζοντας

205 4048 435 4112 λόγους,⁹
469 4045 562 4098 νῦν
593 4046 650 4099 δὲ
685 4047 969 4116 σκαπάνης
995 4048 1137 4111 τινὸς
1169 4051 1263 4104 καὶ
1287 4047 1536 4118 δικέλλης
1566 4047 1748 4113 ἀξίους
1771 4065 1788 4080 ⁸

206 4138 310 4191 νῦν
353 4138 400 4189 δ’
451 4137 602 4192 οὐδὲν
656 4138 974 4207 καμινιαίας
1029 4139 1260 4210 αίθάλης
1312 4141 1661 4206 ἀπεοικότας,
1709 4139 1788 4211 τῷ

205 4228 452 4300 ἀμαυρῷ
501 4247 558 4282 τε
617 4238 708 4284 καὶ
738 4231 956 4301 δυσήχῳ
987 4232 1082 4284 καὶ
1131 4231 1388 4303 ἀνάρθρῳ
1437 4233 1536 4302 τῆς
1586 4231 1794 4294 λαλιᾶς.

211 4324 328 4375 Καὶ
355 4322 626 4374 συνελόντι
656 4322 838 4390 φάναι,
865 4322 1005 4389 πλὴν
1027 4321 1136 4374 τῶν
1164 4322 1550 4376 ὲπισκοπικῶν
1568 4320 1798 4392 ἐνδυμά-

207 4431 326 4466 των
356 4411 506 4466 οὑδὲν
545 4412 694 4480 ὑγιὲς
723 4413 855 4484 όρᾷν
886 4414 979 4467 καὶ
1015 4412 1235 4466 ἀκούειν
1267 4413 1403 4477 τέως
1439 4407 1508 4483 ἦν
1543 4413 1680 4466 ἐκεῖ.

1959 3867 2050 3925 IV.
2088 3868 2356 3938 Deinceps
2392 3883 2517 3923 cum
2546 3875 2604 3922 et
2655 3856 2901 3936 episc’Opi
2957 3863 3108 3933 loqui
3141 3864 3460 3933 «cpissent.

1887 3957 2079 4012 audire
2101 3967 2222 4013 erat
2251 3973 2348 4013 eos
2379 3971 2683 4016 sermones.
2711 3955 2806 4024 qui
2841 3970 2986 4008 nunc
3014 3954 3154 4007 retia
3210 3963 3267 4007 et
3314 3965 3462 4005 mare

1885 4048 2221 4111 redolerent,
2258 4063 2404 4102 nunc
2452 4047 2731 4101 sarculum
2783 4055 2839 4100 et
2877 4046 3115 4113 ligonem
3180 4054 3461 4113 saperent.

1893 4156 2040 4196 nunc
2083 4139 2319 4194 fornacis
2349 4139 2578 4209 fuligine
2606 4138 2763 4192 tincti
2802 4137 3146 4192 viderentur.
3179 4135 3332 4189 Adeo
3367 4134 3466 4189 ob-

1893 4246 2076 4291 scura.
2111 4239 2165 4285 et
2197 4246 2331 4286 sono
2359 4229 2476 4300 ipso
2501 4229 2638 4284 dura
2663 4268 2678 4292 ,
2741 4245 2843 4282 nec
2895 4228 3033 4282 bene
3073 4227 3323 4281 articulis
3379 4226 3468 4280 di-

1891 4325 2114 4386 stincta,
2149 4324 2366 4378 illorum
2395 4324 2573 4376 oratio
2608 4331 2745 4375 erat.
2781 4321 2848 4376 Ut
2880 4319 3301 4390 paucisdicam,
3329 4319 3465 4372 nihil

1899 4429 2014 4475 tum
2041 4419 2207 4490 frugi,
2241 4415 2409 4488 99‘
2433 4426 2630 4484 pneter
2653 4412 3019 4484 episcopalem
3049 4411 3320 4474 habitum,
3353 4410 3468 4465 illic

1899 4512 1984 4567 vel
2015 4512 2237 4565 videres
2265 4510 2350 4564 vel
2375 4509 2618 4563 amlires.

292 4592 374 4647 E'.
419 4592 796 4663 Βουληθέντων
829 4593 886 4646 δὲ
919 4593 1012 4646 καὶ
1046 4591 1203 4664 ἡμῶν
1233 4591 1698 4660 ἀντιφθέγξασθαι
1733 4609 1765 4644 τ

1969 4606 2032 4660 ν.
2076 4605 2402 4660 anentibus
2436 4612 2620 4656 autent
2650 4600 2805 4654 nobis
2835 4599 3114 4668 paululum
3144 4605 3336 4653 contra
3388 4597 3472 4650 hi-

215 4688 444 4758 μικρον,
472 4689 740 4756 κραυγαῖς
762 4688 997 4755 ἀσήμοις
1019 4703 1078 4739 τε
1106 4687 1203 4740 καὶ
1224 4685 1516 4755 ἀνάρθροις
1544 4686 1638 4738 καὶ
1669 4701 1794 4740 συν·-

209 4782 340 4849 εχεῖ
380 4780 605 4849 πατάγῳ
637 4779 836 4848 χειρῶν
875 4779 1188 4849 ἐξεπίτηδες
1217 4779 1366 4850 ἡμᾶς
1403 4794 1464 4831 τε
1501 4777 1793 4847 ὑπερεφώ-

222 4890 352 4928 θουν
398 4874 595 4926 ἐκεῖνοι
640 4872 735 4925 καὶ
784 4863 996 4943 σιωπᾷὺ
1047 4871 1489 4941 κατηνάγκαζον,
1543 4870 1796 4940 καθάπερ

211 4967 600 5036 ἁγριουμένης
643 4964 914 5032 θαλάττης
947 4965 1230 5034 μεμηνότα
1267 4963 1485 5034 κύματα
1531 4965 1654 5025 τοὺς
1693 4962 1799 5016 ἀνά

211 5064 318 5114 τὸν
351 5059 597 5127 αἰγιαλὸν
623 5057 947 5127 ὁμιλοῦντας
975 5059 1179 5127 ἠρέμα.
1216 5056 1318 5110 Ἒώ
1355 5057 1463 5126 γὰρ
1493 5055 1692 5122 λέγειν,
1717 5055 1798 5110 ὃτι

213 5152 362 5220 παρ’
399 5151 552 5205 οὐδὲν
585 5149 918 5219 ἐληλύθεσαν
942 5151 1090 5219 ἡμᾶς
1118 5149 1428 5220 διαρρῆξαι,
1461 5148 1710 5217 καθάπερ
1738 5150 1795 5202 αῖ

212 5246 440 5312 Βάκχαι
485 5243 654 5297 πάλαι
708 5245 936 5307 Πενθέα,
984 5246 1147 5312 φασὶν
1194 5241 1562 5304 ἀττικίζοντες
1615 5240 1796 5310 μῦθοι.

225 5337 382 5389 Ἀλλ’
425 5336 583 5406 ἡμῶν
620 5351 683 5402 γε
735 5337 1100 5404 ἐπιμενόντων
1147 5334 1250 5400 ἔτι,
1301 5334 1393 5387 καὶ
1437 5333 1641 5402 μικράν
1677 5342 1798 5385 τινα

1899 4712 2074 4762 scere,
2131 4697 2208 4751 illi
2262 4696 2330 4749 de
2385 4693 2656 4747 industria
2723 4691 3063 4746 indistinctis
3118 4690 3470 4758 confusisque

1899 4789 2236 4844 clamoribus
2259 4785 2444 4849 editis,
2499 4795 2556 4839 et
2607 4783 2906 4853 complosis
2959 4796 3131 4850 usque
3194 4781 3468 4840 manibus,

1904 4891 2122 4936 nostras
2150 4893 2315 4934 voces
2345 4878 2671 4943 vincebant,
2717 4885 2774 4931 et
2821 4890 2942 4935 nos.
2994 4874 3144 4926 velut
3194 4871 3471 4925 sasvienlis

1905 4973 2078 5043 pelagi
2113 4972 2358 5026 furentes
2394 4968 2554 5024 unde
2583 4983 2700 5028 eos.
2760 4967 2854 5036 qui
2910 4968 2965 5019 in
3025 4966 3207 5018 littere
3257 4962 3472 5032 placide

1905 5065 2316 5133 colloquuntur,
2377 5062 2750 5116 conticescere
2785 5057 3076 5128 cogebant.
3130 5056 3264 5110 Nam
3325 5056 3468 5124 quod

1904 5156 2040 5210 nihil
2080 5155 2336 5218 abfuerit,
2389 5153 2520 5222 quin
2575 5167 2674 5205 nos
2712 5151 2812 5212 illi,
2870 5160 2928 5204 ut
2979 5149 3112 5202 olim
3167 5147 3470 5201 Pentheum

1907 5246 2130 5300 Bacchae
2153 5245 2352 5299 fabulis
2389 5243 2590 5298 Atticis
2612 5241 2922 5302 celebratae,
2984 5239 3327 5294 membratim
3360 5235 3471 5290 dis-

1905 5348 2214 5407 cerperent,
2247 5335 2300 5390 id
2324 5335 2544 5404 quidem
2576 5349 2677 5402 ego
2701 5333 2859 5387 sileo.
2921 5331 2997 5384 Ac
3027 5341 3341 5398 quanquam
3376 5325 3472 5378 ad—

207 5430 390 5494 ).όγου
417 5426 724 5496 ζητούντων
743 5428 924 5496 χώραν
949 5429 1078 5497 ἡμῖν
1109 5427 1447 5494 ἐγγενέσθαι,
1471 5424 1583 5479 οὔτ’
1607 5427 1770 5497 ἤκουε

1905 5425 2011 5477 huc
2049 5433 2428 5491 exspectantes
2461 5436 2828 5482 maneremus,
2869 5429 2924 5472 et
2965 5428 3023 5470 ut
3056 5415 3214 5471 nobis
3236 5414 3470 5483 exiguus

206 5521 356 5576 οὔτε
387 5523 676 5592 προσεῖχεν
698 5521 894 5584 οὐδείς.

1902 5516 2094 5569 saltem
2115 5513 2332 5568 dicendi
2370 5515 2525 5566 locus
2559 5522 2707 5566 esset
2737 5511 3342 5588 postularetnus,netno
3368 5519 3471 5560 nec

1903 5607 2113 5660 audivit
2146 5621 2245 5659 nec
2273 5607 2512 5658 animum
2546 5603 2802 5657 advertit.

1599 5701 1924 5762 Variorum
1973 5709 2162 5762 noue.

314 5798 388 5852 t7;
420 5799 639 5852 Axistid.
672 5800 722 5852 iIt
758 5799 1050 5853 Putant/wn.
1087 5797 1292 5851 ilomx.

311 5868 389 5937 (ὅ)
426 5868 499 5922 lla
549 5885 766 5939 quoque
824 5869 1142 5923 Vaticanum
1201 5867 1498 5932 exemplar.
1562 5865 1792 5919 Sz-nsuzn
1832 5871 1964 5932 puto
1993 5875 2116 5914 eum
2142 5876 2258 5914 esse
2286 5873 2445 5926 quem
2470 5855 2735 5923 capressi.
2772 5855 2982 5910 BOIVIN.
