4018 6206
555 367 698 433 1ξ75
865 362 938 435 [Α.
971 379 1025 419 ιι.
1063 362 1227 429 6859,
1259 380 1364 419 ιιιυ.
1393 360 1452 435 Δ]

1751 371 2170 432 NICEPHORI
2196 372 2590 444 GREGOBE

2807 367 2957 453 [tum
2975 385 3018 425 ι.
3046 384 3330 429 ωιτηουτ.
3369 373 3433 447 5}
3618 382 3729 448 13-6

552 482 862 537 libertatem
923 479 1194 551 captivam
1249 482 1414 550 rapit,
1444 482 1628 536 omnia
1662 483 1904 537 caritatis
1939 483 2130 539 funda-

2236 485 2704 557 ἀνδραποδίζεται,
2756 485 2852 538 καὶ
2886 486 3042 548 ὅλους
3092 488 3439 557 ἀναμοχὶεύει
3494 491 3733 561 Bagam”;

548 584 735 631 menta
766 575 1048 631 convellit.
1088 575 1193 630 Sed
1247 591 1348 631 nec
1391 575 1709 646 imperatori
1750 577 1851 645 ipsi
1891 579 1981 633 illa
2013 580 2131 648 pla-

543 673 810 730 cuerunt,
850 666 944 735 qui
984 666 1359 722 firmissimum
1406 668 1759 737 praesidium,
1813 678 1868 725 et
1911 687 2128 725 murum

549 757 700 812 baud
749 756 909 813 facile
964 760 1430 828 perrumpendum
1461 801 1476 826 ,
1509 775 1608 829 per
1637 776 1800 817 omne
1844 771 2130 821 certamen

547 848 669 903 fore
698 863 758 904 se
796 849 874 905 illi
903 851 1254 920 promiserat.
1287 851 1651 918 Quamobrem
1672 853 1765 907 illa
1796 856 2001 918 omnia,
2024 856 2133 910 Eu-

546 936 657 1007 ripi
709 938 911 1004 instar,
968 941 1151 996 statim
1187 951 1337 998 retro
1368 956 1635 999 conversa
1669 953 1827 1011 sunt;
1860 946 2129 1001 sancitum

555 1029 766 1100 1003
797 1032 1156 1104 jurejurando
1195 1033 1372 1089 {cadus
1405 1036 1685 1090 turbatum
1713 1044 1768 1092 et
1801 1036 2129 1105 confusum;

550 1123 909 1192 paciﬁcarum
945 1127 1371 1196 promissionum
1399 1129 1548 1199 leges
1572 1140 1627 1186 et
1656 1140 1814 1200 pacta
1860 1140 2130 1187 conventa

550 1214 786 1285 pedibus
816 1218 1157 1272 conculcata.
1211 1218 1350 1274 Tum
1403 1235 1596 1275 rursus
1624 1219 2049 1278 deliberationes
2077 1233 2131 1278 et

548 1306 781 1363 consilia
811 1324 931 1395 per.
968 1318 1135 1363 totam
1171 1321 1385 1364 noctem
1417 1322 1632 1366 versata
1675 1314 1729 1367 in
1759 1327 1975 1386 omnem
2002 1329 2132 1383 par-

552 1406 664 1452 tem
706 1413 770 1452 ac
820 1408 1149 1454 tesserarum
1205 1401 1382 1455 instar
1416 1403 1618 1471 jactata
1684 1413 1834 1458 sunt.
1896 1404 1988 1459 Sic
2053 1405 2129 1459 illi

553 1489 874 1560 principes,
936 1507 1061 1547 cum
1143 1493 1210 1548 de
1247 1494 1589 1549 sessionibus
1627 1496 1887 1567 deinceps
1933 1495 2133 1555 futuris

549 1580 958 1636 consultassent
983 1621 999 1646 ,
1048 1583 1442 1655 machinasque
1469 1593 1525 1641 et
1555 1585 1793 1641 fabricas
1824 1586 1882 1641 in
1914 1602 2015 1642 nos
2043 1602 2137 1657 ap-

552 1681 854 1739 parassent,
885 1674 1076 1742 quales
1124 1685 1181 1731 et
1230 1685 1465 1745 quantas
1524 1677 1707 1733 timori
1760 1692 1863 1733 suo
1921 1678 2135 1734 abster-

552 1761 754 1831 gendo,
786 1765 948 1821 nobis
978 1781 1110 1821 vero
1135 1767 1383 1822 funditus
1406 1768 1657 1824 delendis
1685 1784 1748 1824 ac
1781 1773 2133 1840 pessumdan-

553 1854 639 1909 dis
690 1870 849 1924 pares
899 1856 1017 1913 fore
1071 1846 1511 1926 arbitrabantur}
1554 1862 1873 1917 concionem
1928 1873 2132 1920 vocant

552 1943 843 2000 sententiis
866 1945 1087 2018 injustis
1115 1957 1171 2003 et
1203 1949 1388 2021 impiis
1421 1951 1730 2021 speciosum
1774 1950 1999 2022 iustitia:
2028 1968 2131 2010 no-

552 2042 678 2089 men
706 2033 1080 2107 imponentes.

621 2123 689 2180 II.
719 2126 830 2207 Nos
861 2144 996 2184 vero
1038 2129 1300 2186 struimus
1324 2172 1338 2197 ,
1383 2134 1581 2203 partim
1614 2134 1866 2192 nolentes
1888 2176 1903 2202 ,
1930 2135 2131 2207 partim

555 2215 723 2271 etiam
746 2218 1028 2275 volentes:
1063 2223 1314 2277 nolentes
1341 2224 1582 2293 quidem,
1610 2227 1869 2295 quoniam
1897 2234 2133 2283 structas

554 2309 714 2365 nobis
752 2310 971 2367 fraudes
1003 2311 1151 2368 baud
1182 2294 1586 2384 nesciebamus,
1627 2317 1744 2373 sive
1770 2333 1864 2373 eas
1894 2334 2133 2390 quarum

554 2402 765 2457 molitio
806 2404 872 2458 ad
915 2403 1123 2460 exitum
1166 2406 1435 2475 perducta
1485 2418 1663 2473 esset,
1718 2410 1834 2466 sive
1866 2400 1988 2468 illas
2013 2427 2135 2483 qua:

552 2495 962 2554 exsecutionem
994 2535 1010 2560 ,
1066 2497 1217 2552 velut
1256 2497 1309 2552 in
1342 2498 1537 2556 limine
1594 2512 1923 2569 morantem,
1955 2503 2134 2560 adhuc

553 2584 823 2656 integram
847 2586 952 2643 sibi
972 2589 1350 2654 reservabant,
1383 2588 1806 2662 eﬂiciebantque
1840 2599 1905 2648 ut
1948 2592 2132 2648 intro-

552 2677 683 2732 duci
727 2693 830 2734 nos
886 2678 1083 2735 inutile
1141 2681 1319 2749 palam
1363 2681 1508 2737 foret
1551 2700 1565 2736 :
1603 2683 1851 2740 volentes
1898 2692 2079 2741 autem
2115 2725 2132 2753 ,

552 2778 838 2839 propterea
872 2771 1016 2840 quod
1045 2769 1100 2827 in
1128 2772 1300 2827 Deum
1338 2773 1653 2842 intuentes,
1696 2784 1754 2830 et
1792 2790 1859 2831 eo
1911 2776 2133 2847 praemia

551 2869 831 2936 statuente
865 2861 1009 2917 istud
1055 2850 1304 2936 martyrii
1353 2867 1589 2920 stadium
1622 2876 1929 2934 currentes,
1959 2869 2134 2926 bonas

551 2950 619 3005 de
646 2932 833 3007 futuro
858 2966 983 3022 Spes
1015 2968 1124 3015 non
1148 2932 1588 3024 réfugiebamus;
1616 2957 1829 3012 tametsi
1853 2932 2134 3029 religionis

549 3044 933 3098 auctoritatem
959 3083 974 3107 ,
1015 3044 1178 3099 annis
1225 3033 1480 3114 pl'urimis
1511 3056 1569 3102 et
1624 3057 1943 3104 sanctorum
1975 3050 2133 3106 libris

2232 580 2477 648 ἀγάπης.
2503 579 2611 633 Ναὶ
2637 578 2743 648 μὴν
2770 578 2881 632 οὐδ’
2913 577 3061 649 αύτῷ
3092 579 3158 632 τὰ
3212 580 3404 633 τοιαῦτ’
3451 581 3606 651 ἔδοξεν
3628 588 3735 656 ἀρε·
3831 566 3841 582 ’

2233 672 2333 724 στά
2360 670 2590 740 βασιλεῖ,
2624 671 2855 741 ἔρεισμα
2887 672 3180 740 κράτιστον
3223 672 3641 749 ἐπαγγειλαμένῳ
3659 681 3736 733 καὶ

2231 763 2410 830 τεῖχος
2445 758 2587 814 εἶναι
2616 763 2690 833 μὴ
2727 765 2900 834 ῥᾷστα
2926 763 3120 832 μηδέσι
3161 765 3485 833 ῥηγνύμενον
3513 772 3626 840 παρ’
3639 772 3735 825 ὅλον

2233 850 2383 920 αύτῷ
2447 852 2809 906 καθίστασθαι
2872 852 3083 922 ἀγῶνα.
3135 853 3297 906 Ὅθεν
3351 855 3568 926 Εὐρίπου
3614 860 3737 930 δίκην

2233 942 2432 998 ἅπαντ’
2464 945 2627 1009 εὐθὺς
2654 947 2837 999 ἐκεῖνα
2862 946 3216 1016 ἀνετρέπετο,
3248 948 3341 1001 καὶ
3387 952 3630 1021 κρατῆρες
3666 954 3739 1025 ὀρ·

2234 1053 2346 1091 κων
2371 1038 2596 1091 ἐκείνων
2647 1038 3004 1108 ἀνεκίρναντό
3055 1055 3116 1092 τε
3175 1039 3271 1093 καὶ
3320 1042 3620 1112 συνεχέοντο,
3663 1051 3739 1099 καὶ

2237 1129 2534 1200 είρηναίων
2585 1129 2933 1197 ἐπαγγελιῶν
2983 1131 3209 1184 ἐκείνων
3261 1134 3546 1191 ὲπατοῦντα
3587 1136 3739 1207 θεσμοὶ

2233 1223 2326 1275 καὶ
2354 1222 2684 1293 συμϐόλαια.
2728 1222 2834 1277 Καὶ
2867 1222 3030 1297 πάλιν
3059 1223 3250 1294 βουλαὶ
3286 1225 3375 1279 καὶ
3408 1227 3606 1295 μελέται
3651 1246 3740 1284 παι

2233 1316 2546 1388 λίνστροφοι
2577 1317 2993 1389 διενυκτέρευόν
3013 1335 3075 1372 τε
3116 1320 3213 1373 καὶ
3253 1319 3431 1373 κύϐων
3453 1321 3595 1392 δίκην
3617 1324 3742 1395 ἁνερο

2237 1408 2510 1479 ρίπτοντο.
2565 1409 2723 1463 Οὕτω
2793 1410 2891 1480 μὲν
2923 1420 2939 1430 ‘
2967 1406 3062 1464 οὖν
3119 1410 3382 1480 ἡγεμόνες
3426 1414 3621 1476 ἐκεῖνοι,
3657 1417 3740 1469 τῶν

2236 1500 2436 1570 ἐφεξῆς
2473 1502 2767 1572 συνεδρίων
2795 1504 2895 1567 τὰς
2928 1502 3053 1556 καθ’
3083 1503 3240 1573 ἡμῶν
3270 1504 3535 1577 εἰληφότες
3558 1507 3741 1577 μελέτας

2235 1591 2333 1644 καὶ
2358 1592 2655 1657 συσκευάς,
2688 1578 2879 1656 ὁποίας
2920 1594 3011 1647 καὶ
3035 1595 3168 1659 ὅσας
3191 1582 3198 1591 ’
3218 1594 3403 1659 ίκανάς
3430 1594 3574 1667 ᾤοντ’
3614 1593 3740 1662 εἶναι,

2234 1684 2335 1756 τήν
2360 1684 2411 1739 τ’
2444 1686 2652 1739 οίκείαν
2703 1685 3111 1758 ἀποτρίψασθαι
3144 1689 3348 1745 δειλίαν
3379 1690 3467 1745 καὶ
3489 1691 3591 1759 ἅμα
3627 1692 3741 1761 ἡμᾶς

2234 1775 2334 1847 τὴν
2417 1777 2680 1848 ταχίστην
2754 1780 3266 1848 ἀποσκευάσασθαι,
3336 1783 3467 1854 πρὸς
3520 1784 3742 1855 βάραθρον

2235 1865 2503 1935 ἀφανείας
2564 1867 2861 1937 ὠσάμενοι,
2912 1868 3212 1939 ἐκκλησίαν
3276 1871 3575 1943 ἐκήρυττον,
3620 1871 3743 1941 δίκης

2233 1955 2406 2029 ὄνομα
2458 1958 2696 2031 χρηστόν
2744 1959 3069 2045 ἀναθέμενοι
3144 1963 3393 2037 γνώμαις
3441 1964 3623 2029 ἀδίκοις
3672 1965 3744 2019 καὶ

2234 2050 2491 2114 ἀνοσίοις.

2305 2138 2391 2213 [Ρ.
2423 2140 2548 2215 651]
2598 2144 2673 2199 B'.
2712 2143 2823 2198 Καὶ
2871 2144 3134 2216 παρῆμεν
3198 2146 3379 2218 ἡμεῖς,
3410 2148 3517 2213 πὼς
3574 2149 3656 2219 μέν
3695 2150 3741 2203 ού

2235 2232 2441 2304 σφόδρα
2477 2233 2717 2299 ἑκόντες,
2744 2236 2861 2300 πὼς
2886 2236 2943 2291 δέ
2969 2238 3064 2292 καὶ
3098 2238 3303 2311 σφόδρα
3360 2239 3501 2295 τουτί
3524 2258 3534 2271 ο
3566 2241 3743 2306 ἄκοντες

2221 2308 2368 2395 μὲν,
2394 2326 2515 2379 ἐπεὶ
2546 2327 2623 2397 μὴ
2672 2328 2897 2401 λέληθεν
2926 2332 3075 2402 ἡμᾶς
3097 2308 3170 2387 τά
3190 2308 3312 2387 καθ’
3340 2334 3508 2404 ἡμῶν,
3538 2334 3568 2388 ἆ
3592 2352 3641 2387 τε
3670 2335 3742 2406 τὴν

2238 2415 2471 2488 μελέτην
2506 2417 2824 2490 ἔμπρακτον
2847 2418 2971 2492 ἔσχε
2993 2423 3087 2477 καὶ
3106 2425 3143 2478 ἃ
3171 2425 3269 2494 τὴν
3291 2426 3482 2496 πρᾶξιν
3507 2427 3557 2480 ἐν
3584 2425 3742 2495 προθύ-

2238 2524 2351 2579 ροις
2382 2509 2461 2564 ἔτι
2492 2512 2674 2580 σφίσιν
2698 2511 3062 2587 αύλιζομένην
3094 2517 3430 2589 ἐταμιεύετο,
3456 2519 3539 2573 καὶ
3559 2518 3741 2588 μάταιον

2238 2600 2317 2665 είς
2339 2601 2430 2654 τού
2441 2603 2648 2671 μφανές
2682 2604 2782 2676 τὴν
2800 2605 2958 2676 ἡμῶν
2980 2610 3244 2680 παρεῖχεν
3273 2600 3564 2681 είσαγωγήν
3581 2628 3593 2642 ’
3623 2606 3741 2664 ἐκόν-

2234 2708 2348 2757 τες,
2380 2692 2462 2747 ὅτι
2493 2693 2632 2764 πρὸς
2665 2694 2798 2749 Θεὸν
2832 2697 3145 2767 βλέποντες,
3182 2701 3278 2754 καὶ
3306 2701 3394 2755 τὸν
3423 2700 3638 2755 τοιοῦτον
3661 2700 3739 2767 τῆς

2235 2784 2514 2869 ἀθλήσεως
2553 2787 2646 2842 ὑπ’
2681 2788 2943 2861 ἀθλοθέτῃ
2985 2793 3275 2865 τρέχοντες
3320 2795 3505 2867 ἐκείνῳ
3547 2793 3738 2854 δίαυλον,

2234 2875 2335 2940 τὰς
2364 2878 2574 2945 ἀγαθὰς
2606 2879 2706 2934 οὐκ
2733 2880 3042 2952 ἐφεύγομεν
3070 2882 3169 2938 τοῦ
3227 2884 3503 2956 μέλλοντος
3546 2885 3740 2946 ἐλπίδας.

2235 2969 2285 3021 εί
2309 2970 2407 3023 καὶ
2433 2969 2493 3022 τὸ
2522 2972 2623 3040 τῆς
2646 2971 2933 3037 εὐσεϐείας
2960 2976 3187 3046 κράτος,
3220 2976 3365 3032 ἔτεσι
3393 2978 3637 3040 πλείστοις
3672 2974 3744 3028 καὶ

2237 3056 2441 3127 βίὸλοις
2468 3059 2641 3128 ἁγίων
2679 3065 2919 3132 μακραῖς
2949 3065 3225 3136 κυρωθὲν,
3259 3067 3289 3120 ό
3337 3067 3517 3140 παρὼν
3537 3068 3642 3120 ὀὐκ
3663 3068 3742 3133 im

553 3134 747 3188 multis
789 3134 1083 3201 firmatam,
1118 3151 1360 3205 praesens
1397 3146 1614 3216 tempus
1636 3154 1746 3195 non
1780 3140 2129 3211 admittebat,

2236 3150 2490 3216 καλίζετο
2521 3154 2714 3224 χρόνος
2744 3171 2758 3185 ’
2795 3155 2929 3210 ἀλλά
2976 3134 3072 3211 καὶ
3115 3159 3289 3230 αὐτὴν
3342 3134 3437 3231 τὴν
3477 3152 3577 3214 τού
3602 3159 3742 3226 λέγειν

556 3223 655 3278 sed
683 3224 934 3280 libertate
976 3227 1091 3297 ipsa
1137 3228 1354 3283 dicendi
1380 3230 1538 3285 nobis
1566 3246 1796 3301 prorsus
1823 3232 2034 3301 ablata,
2066 3250 2130 3292 ac

2237 3242 2455 3297 ἃπασαν
2502 3244 2685 3300 ἄδειαν
2730 3247 2889 3317 ἡμῶν
2960 3265 3019 3302 τε
3097 3223 3497 3323 ἀφαιρούμενος
3544 3223 3740 3311 καὶτοῖς

553 3311 666 3369 illis
696 3315 791 3385 qui
815 3317 1053 3374 absurda
1084 3319 1344 3389 quaelibet
1393 3321 1553 3377 facile
1588 3333 1971 3393 perpetrarent
2002 3341 2133 3382 con-

551 3420 731 3472 cessa,
770 3423 924 3463 sacra
951 3411 1203 3465 veritatis
1232 3412 1482 3482 praesidia
1514 3413 1767 3468 demoliri
1798 3423 1851 3469 et
1880 3425 2131 3474 evertere

553 3497 706 3553 omni
741 3488 1022 3557 armorum
1069 3518 1270 3573 genere
1300 3503 1618 3572 festinabat,
1650 3507 1816 3563 nullis
1861 3509 2089 3565 auribus
2111 3551 2127 3576 ,

551 3590 722 3647 nullis
750 3592 972 3659 animis,
1002 3608 1099 3649 seu
1124 3595 1522 3666 indignationis
1550 3598 1750 3655 divina:
1779 3609 2009 3669 metum,
2031 3616 2130 3660 seu

551 3682 840 3738 hominum
874 3686 1244 3741 reverentiam
1270 3688 1693 3757 accipientibus.

628 3772 720 3828 Ill.
751 3770 1003 3830 Conﬂato
1033 3777 1087 3831 in
1138 3778 1349 3849 1005,
1388 3779 1538 3835 hunc
1569 3780 1790 3836 modum
1828 3781 2128 3852 tribunali,

555 3878 680 3918 cum
732 3872 787 3918 et
809 3865 1009 3921 scirem
1047 3876 1103 3922 et
1145 3869 1388 3925 viderem
1426 3871 1815 3943 imperatorem
1866 3876 2132 3934 adversus

551 3971 654 4012 nos
683 3958 897 4028 prmfari
925 3959 1007 4016 sic
1053 3962 1221 4030 velle,
1252 3972 1314 4019 ut
1343 3964 1398 4018 in
1425 3966 1547 4037 ejus
1581 3968 1768 4023 verbis
1800 3985 1995 4040 magna
2025 3971 2131 4026 do-

551 4050 854 4108 minaretur
888 4054 1208 4125 iracundia,
1241 4058 1474 4127 primam
1529 4062 1645 4132 ipse
1682 4062 2128 4133 impressionem,

550 4153 812 4211 quantum
843 4147 896 4201 in
933 4162 1019 4203 me
1050 4148 1175 4228 fuit,
1202 4154 1438 4221 repressi
1468 4173 1481 4208 :
1514 4170 1579 4210 ac
1604 4170 1706 4212 nos
1730 4156 1892 4228 (dixi)
1916 4157 1982 4212 ad
2006 4173 2132 4229 pro-

551 4234 788 4301 positum
823 4252 1207 4309 argumentum
1242 4252 1298 4299 et
1333 4245 1399 4299 ad
1435 4246 1739 4302 institutam
1774 4249 2131 4320 disceptatio-

555 4337 676 4376 nem
727 4328 1005 4396 prioribus
1055 4334 1307 4406 vestigiis
1366 4337 1676 4393 insistendo
1718 4338 2033 4406 redeamus,
2070 4353 2130 4398 ut

557 4418 670 4472 haec
709 4419 1008 4492 disputatio
1048 4428 1247 4483 ordine
1295 4430 1579 4500 procedat,
1634 4431 1888 4503 adeoque
1921 4435 2126 4491 bonum

2232 3334 2367 3407 δρᾷν
2403 3336 2651 3408 εὐχερῶς
2673 3343 2741 3393 τὰ
2769 3343 2912 3395 κατὰ
2936 3341 3198 3414 βούλησιν
3232 3346 3443 3416 ἔχουσιν
3465 3344 3645 3398 ἔκτυπα
3665 3360 3738 3411 χαι

2235 3425 2519 3496 ριζόμενος
2543 3428 2611 3482 τά
2641 3432 2741 3503 τῆς
2766 3432 3025 3504 ἀληθείας
3070 3437 3351 3510 ἀνάκτορα
3403 3439 3555 3491 πᾶσιν
3596 3435 3743 3495 ὅπλοις

2233 3518 2518 3590 καθαιρεῖν
2550 3538 2610 3575 τε
2638 3526 2735 3578 καὶ
2762 3525 2911 3578 λύειν
2940 3525 3223 3596 ἠπείγετο,
3275 3529 3403 3601 μήτ’
3440 3530 3595 3598 ἀκοῆς
3637 3527 3744 3596 μήτε

2233 3610 2460 3682 γνώμης
2485 3604 2744 3684 οὐδεμιᾶς
2777 3618 2915 3689 μήτε
2934 3621 3156 3692 νέμεσιν
3174 3622 3325 3677 θείαν
3356 3623 3478 3695 μήτ’
3497 3619 3746 3690 ἀνθρώπων

2236 3703 2675 3776 προσδεχομένης
2696 3708 2853 3766 αἰδῶ.

2303 3792 2380 3848 1".
2435 3793 2544 3849 Τοῦ
2605 3797 2786 3866 μέντοι
2838 3797 3082 3871 βήματος
3134 3802 3280 3859 οὕτω
3323 3802 3744 3875 συγκροτηθέντοςι

2233 3886 2394 3950 εἰδώς
2424 3905 2482 3941 τε
2523 3888 2641 3960 ἅμα
2700 3891 2797 3944 καὶ
2838 3891 2965 3969 ίδὼν
3014 3894 3239 3967 μεγάλῳ
3297 3893 3747 3968 στρατηγουμένους

2234 3977 2393 4050 θυμῷ
2427 3980 2520 4033 τὸν
2561 3980 2784 4052 βασιλέα
2845 3982 2967 4036 καθ’
2993 3984 3155 4055 ἡμῶν
3214 3985 3644 4057 προοιμιάζεσθαι
3685 3982 3749 4035 θέ-

2231 4069 2395 4124 λοντα
2429 4071 2622 4141 λόγους
2678 4071 2778 4146 τὴν
2827 4072 3074 4145 πρώτην,
3099 4076 3228 4132 ὅσον
3269 4078 3505 4148 ἐφικτὸν,
3540 4072 3748 4129 ἀνέστελ·
3792 4084 3797 4095 ‘

2230 4160 2321 4216 λον
2348 4162 2531 4237 ἔφοδον
2561 4164 2725 4234 ἔγωγ’
2758 4164 2943 4232 αὐτὸς,
2974 4166 3102 4222 Ἐπὶ
3118 4169 3183 4223 τδ
3208 4170 3558 4241 προκείμενον
3586 4166 3666 4220 καὶ
3703 4162 3749 4214 τὸ

2232 4256 2500 4326 πρότερον
2535 4257 2684 4328 ἴχνος
2708 4257 2803 4313 τοῦ
2852 4258 3016 4329 λόγου
3072 4262 3350 4334 (φάσκων)
3386 4260 3746 4326 ἐπανέλθωμεν,

2231 4349 2306 4413 ὡς
2330 4349 2395 4403 ἂν
2420 4352 2447 4403 ό
2473 4350 2631 4419 λόγος
2663 4350 2786 4406 καθ’
2819 4353 3011 4424 εἱρμὸν
3074 4355 3275 4412 ὁδεύων
3325 4353 3546 4425 λήξεσιν
3577 4349 3749 4419 ἐντύχοι

2233 4443 2517 4513 χρησταῖς.
2555 4442 2630 4495 Οὐ
2659 4441 2766 4514 γὰρ
2813 4442 2881 4498 ἂν
2945 4443 3249 4518 φθάνοιμεν
3309 4446 3479 4509 ἄλλως
3530 4440 3749 4512 κρημνοῖς

552 4504 756 4558 exitum
814 4511 1098 4567 sortiatur.
1147 4515 1360 4585 Alioqui
1403 4514 1581 4571 facere
1611 4517 1758 4572 haud
1791 4534 2087 4588 possumus
2114 4563 2128 4587 ,

2380 4533 2627 4605 φάραγξι
2668 4504 2764 4589 καλ
2794 4504 3078 4601 σκοπέλοις
3124 4504 3360 4603 ’ἀτόποις
3413 4504 3578 4590 εἰπεῖν
3614 4504 3749 4599 ¹περι·

554 4596 686 4664 qnin
718 4601 1022 4670 praecipites
1065 4621 1309 4668 ruamus.
1345 4621 1409 4663 ac
1451 4618 1709 4678 tanquam
1752 4611 1806 4665 in
1840 4614 2129 4684 voragines

553 4687 759 4753 delati,
805 4701 900 4747 aut
950 4695 1016 4750 ad
1052 4697 1307 4767 scopulos
1342 4691 1521 4763 allisi:
1552 4702 1607 4755 in
1644 4701 1885 4758 absurda
1917 4705 2131 4761 incida-

553 4795 701 4845 mus,
732 4788 789 4836 et
818 4786 1098 4843 erroribus
1122 4792 1466 4861 gravioribus
1500 4783 1775 4864 jactemur
1800 4810 1965 4865 quam
1999 4797 2128 4867 qui-

552 4870 656 4924 bus
694 4871 807 4941 ipse
837 4873 1095 4947 Ulysses:
1129 4896 1226 4935 nec
1263 4882 1423 4938 linem
1454 4885 1637 4948 nobis,
1676 4886 1772 4941 sed
1801 4889 2033 4944 aliarum
2060 4905 2130 4946 ex

553 4959 676 5013 aliis
701 4962 986 5020 turbarum
1016 4971 1576 5043 persecutionumqne
1609 4975 1827 5033 initium
1849 5019 1865 5044 ,
1904 4977 2125 5046 hodier-

555 5051 812 5107 nusdies
842 5058 1153 5124 spondcbit.
1196 5062 1291 5118 His
1331 5063 1631 5135 imperator
1660 5078 1862 5138 praeter
1905 5079 2130 5127 senten-

558 5144 695 5196 tiam
723 5145 946 5213 auditis,
979 5149 1046 5204 de
1082 5153 1433 5211 vehementia
1466 5158 1709 5225 remisit;
1746 5176 1856 5214 non
1904 5161 2127 5232 quidem

552 5235 815 5303 libenter,
846 5255 945 5296 nec
982 5258 1132 5300 more
1182 5248 1303 5316 ejus
1329 5249 1423 5319 qui
1468 5249 1611 5306 haud
1647 5262 1993 5323 gravaretur,
2041 5272 2130 5313 re-

553 5328 708 5384 misit
756 5337 936 5388 tamcn
988 5337 1270 5404 paululum
1303 5380 1317 5405 ,
1350 5351 1618 5409 quantum
1661 5344 1872 5400 scilicet
1899 5346 2128 5403 necesse

552 5422 769 5475 eratad
826 5425 1191 5495 suspicionem
1238 5439 1293 5488 et
1330 5433 1759 5506 indignationem
1809 5452 2001 5493 eorum
2032 5440 2126 5510 qui

553 5512 785 5569 aderant
812 5521 1195 5576 amovendam.

625 5602 711 5657 IV.
748 5604 1032 5677 ingressus
1071 5611 1255 5684 itaque
1307 5615 1484 5671 lector
1519 5632 1548 5671 a
1576 5618 1756 5690 capite
1791 5630 1990 5692 quarto
2031 5636 2130 5676 ex-

555 5703 718 5745 orsus
747 5703 849 5749 cst.
881 5696 1014 5754 Nam
1046 5705 1317 5772 superiori
1347 5706 1436 5761 die
1478 5707 1580 5762 tria
1611 5711 1850 5778 perlecta
1889 5721 1944 5766 et
1972 5714 2126 5767 dam-

497 5854 501 5859 .
556 5789 683 5834 nata
719 5782 934 5841 fuerant
964 5807 976 5844 :
1007 5807 1071 5847 ac
1115 5796 1248 5851 nulli
1303 5800 1511 5855 mederi
1555 5801 1600 5856 is
1637 5817 1664 5855 a
1699 5817 1809 5871 quo
1840 5804 2040 5873 scripta
2073 5813 2128 5859 et

2231 4619 2547 4687 πίπτοντες,
2587 4621 2682 4676 καὶ¹
2726 4621 2961 4690 πλάνους
2991 4625 3309 4690 ἀντλοῦντες
3358 4627 3464 4680 τῶν
3500 4621 3751 4681 Ὀδυσσέως

2227 4714 2639 4783 χαλεπωτέρους
2657 4730 2676 4748 ο
2718 4715 2815 4769 καὶ
2840 4716 2902 4771 ού
2935 4717 3087 4783 τέλος
3125 4718 3370 4789 θορύϐων
3389 4721 3517 4789 ἡμῖν
3539 4718 3567 4773 ό
3590 4706 3755 4783 παρὼν

2228 4804 2382 4858 ἐσται
2451 4805 2643 4876 καιρὸς
2695 4805 3081 4879 ἐγγυώμενος,
3144 4809 3261 4863 ἀλλ’
3316 4811 3485 4883 ἀρχὰς
3539 4805 3743 4872 θορύόων

2229 4895 2315 4965 ἐφ’
2350 4896 2555 4967 ἑτέροις
2599 4888 2821 4970 ἐτέρων,
2864 4900 3000 4954 κάπὶ
3026 4901 3282 4972 διωγμοῖς
3304 4896 3569 4973 διωγμῶν.
3596 4898 3746 4953 Ταῦτα

2228 4989 2383 5060 παρὰ
2407 4989 2505 5060 τὴν
2531 4990 2790 5060 πρόθεσιν
2817 4980 2916 5063 τῆς
2942 4990 3124 5065 ψυχῆς
3154 4994 3418 5065 ἀκηκοότι
3441 4992 3519 5061 τῷ
3550 4987 3744 5062 βασιλεῖ.

2228 5078 2290 5132 υύ
2321 5081 2619 5152 προθύμως
2669 5083 2769 5153 μὲν
2803 5083 2914 5137 οὐδ’
2948 5085 3313 5158 ἀνεπαχθέσιν
3365 5085 3560 5157 ἧθεσιν,
3587 5076 3749 5136 ἐνδιδό-

2229 5187 2317 5225 ναι
2344 5170 2390 5224 δ’
2423 5170 2515 5226 οὖν
2538 5172 2817 5242 ἐξεγένετο
2858 5173 3034 5248 βραχύ
3057 5193 3130 5242 τι,
3163 5177 3254 5231 καὶ
3315 5177 3433 5231 ὅσον
3477 5168 3746 5246 ἀφοσιώσα-

2231 5264 2356 5319 σθαι
2434 5266 2535 5339 τὴν
2601 5267 2711 5322 τῶν
2779 5267 3065 5339 παρόντων
3133 5268 3386 5324 ὐπόνοιᾶν
3444 5282 3502 5320 τε
3546 5262 3632 5318 καὶ
3675 5256 3746 5314 vdo

2232 5372 2411 5426 μεσιν.

2299 5617 2373 5674 Δ’.
2403 5618 2567 5674 Ὅθεν
2591 5621 2778 5676 είσιὼν
2819 5625 2847 5678 ό
2875 5624 3271 5693 ἀναγινώσκων
3324 5620 3489 5695 ἀρχὴν
3540 5611 3745 5670 ἐποιεῖτο
3772 5640 3791 5648 -

2230 5712 2544 5781 κεφαλαίων
2567 5715 2628 5768 τὸ
2656 5716 2938 5789 τέταρτον.
2969 5718 3053 5773 Τά
3085 5717 3194 5790 γὰρ
3238 5714 3361 5788 τρία
3388 5716 3450 5786 τῇ
3485 5701 3744 5800 προτερσίῗ

2230 5803 2562 5870 ἁνὲγνωσταί
2593 5822 2649 5859 τε
2682 5808 2776 5861 καὶ
2822 5808 3212 5877 κατέγνωσται,
3246 5808 3319 5878 μὴ
3348 5802 3636 5874 δυνηθέντος
3652 5808 3734 5844 του
