3982 6214
247 386 256 392 ·
326 373 461 448 1277
714 384 789 455 [Α.
831 402 878 442 c.
922 385 1083 460 1351]

1342 395 1779 461 ΒΥΖΑΝΤΙΝίΕ
1819 352 2202 465 ΗΙέΤΟΗΙίΕ
2240 406 2366 467 LIB
2428 406 2588 468 XXI.

2705 401 2840 474 [ευρ.
2870 418 2914 458 ,1.
2944 416 3236 458 ελκτλουῑ.
3263 400 3320 473 5]

3433 407 3566 470 1278

318 502 660 574 γεγραφότος
692 505 788 559 καὶ
820 505 1347 580 βεϐλασφημηκότος
1405 512 1677 583 ἰατρεύειν
1734 513 1887 568 οὐδὲν

2017 517 2156 587 mpie
2193 519 2550 588 pronuntiata
2597 529 2757 574 erant
2785 518 2899 573 ullo
2936 518 3098 573 modo
3144 527 3418 588 potuerat,
3454 500 3565 574 non

320 593 559 664 οὐδαμῆ,
586 593 649 648 οὐ
679 594 882 664 μᾶλλόν
915 614 978 665 γε
1009 597 1042 669 ἦ
1074 598 1243 663 λίθοις
1291 601 1522 672 ὀπτικήν
1548 603 1889 675 προσαρμότ-

319 684 440 737 τειν
469 685 723 755 δύναμιν.
766 687 939 767 Μόλις
975 684 1071 742 οὖν
1093 689 1188 744 καὶ
1223 691 1362 760 μετά
1387 692 1531 762 μάλα
1566 695 1779 765 μακροῦ
1796 695 1888 748 τοῦ

323 773 425 843 τῆς
486 773 666 844 ψυχῆς
731 778 987 832 ἀκουσίου
1054 772 1354 851 λαληθῆναι
1426 784 1892 854 συγχωρηθέντων

325 863 445 928 ἐνὸς
473 869 568 919 καὶ
589 865 738 920 δυοῖν
778 868 1111 935 κεφαλαίων,
1143 873 1171 923 ό
1197 872 1456 943 Παλαμᾶς
1505 874 1893 945 αἰσχυνόμενος

323 952 483 1022 αὖθις
514 957 606 1011 ἐπὶ
638 961 881 1030 μετρίοις
928 963 1029 1017 ούκ
1085 963 1341 1035 ἤνεγκεν,
1392 966 1488 1021 ἀτε
1540 968 1741 1037 μᾶλλον
1788 968 1890 1038 ἤδη

326 1051 571 1120 συνορῶν
602 1052 698 1104 καὶ
742 1052 852 1104 τῶν
907 1053 1079 1122 φίλων
1128 1057 1446 1129 ἐπισκόπων
1476 1057 1654 1117 ἐνίους
1692 1074 1894 1127 ταρατ-

322 1141 585 1210 τομένους
614 1143 749 1213 πρός
771 1160 833 1211 γε
864 1145 922 1196 το
955 1145 1294 1217 ὑπερϐάλλον
1341 1147 1449 1201 τῶν
1481 1148 1729 1201 ἐκτόπων
1747 1147 1892 1201 ἐκεί-

323 1249 431 1285 νων
457 1233 839 1305 βλασφημιῶν,
877 1238 968 1289 καὶ
1002 1237 1249 1305 θορυϐεῖν
1279 1239 1697 1311 ἐπιχειρούντων
1716 1242 1893 1293 ἐκεῖνο
1919 1261 1923 1265 ·

322 1324 382 1376 τὸ
401 1325 569 1397 βῆμα,
593 1327 1079 1383 καὶάποσκώπτειν
1099 1332 1626 1405 πεπαρῥησιασμένῃ
1645 1334 1737 1386 καὶ
1751 1334 1896 1385 ἀπα-

331 1418 664 1489 ρακαλύπτῳ
678 1418 763 1489 [Ρ.
783 1419 909 1485 i352]
928 1423 988 1491 τῇ
1022 1420 1261 1493 γλώσσῃ,
1284 1423 1416 1492 μηδέ
1437 1422 1694 1476 δύνασθαι
1709 1423 1893 1489 λεγόν-

323 1527 433 1563 των
469 1510 658 1579 φέρειν
688 1510 785 1574 τάς
811 1512 917 1563 τῶν
943 1512 1220 1582 ἀρχόντων
1256 1513 1348 1566 καὶ
1378 1514 1699 1584 ἀρχομένων
1727 1513 1892 1566 λοιδο-

324 1603 467 1674 ρίας.
489 1601 578 1656 διὰ
600 1603 659 1655 τὸ
690 1621 754 1656 συ
765 1603 1007 1667 σκιάζειν
1032 1605 1318 1668 τοσούτους
1337 1605 1629 1678 πειρᾶσθαι
1653 1605 1891 1677 βλασφη-

327 1697 467 1762 μιῶν
484 1695 813 1766 θησαυροὺς,
841 1698 948 1750 κάκ
969 1696 1074 1751 τῶν
1103 1697 1401 1769 ἀλλοτρίων
1422 1697 1604 1752 κακῶν
1628 1698 1759 1751 ῐδιον
1775 1698 1894 1751 63.:-

325 1788 452 1857 θρον
482 1787 825 1856 καρποῦσθαι
859 1787 1037 1859 ψυχῆς
1058 1806 1072 1821 ·
1101 1787 1241 1842 ὥστε
1271 1790 1363 1843 καὶ
1398 1789 1538 1843 πάνυ
1586 1807 1669 1843 τοι
1709 1791 1892 1861 ἐλαχί-

328 1896 456 1931 στου
480 1878 701 1942 ἐδέησεν
730 1880 1178 1950 έκπολεμωθῆναι
1210 1881 1332 1933 κατ’
1353 1880 1596 1952 ἀλλήλων
1628 1881 1893 1947 ἐκείνους,

324 1969 498 2039 ἔριδος
520 1969 579 2034 ἐξ
596 1969 841 2040 ἀλλήλων
873 1966 1248 2040 μεριζομένων
1272 1970 1520 2041 ἀλλήλοις
1543 1971 1898 2041 ἐγγινομένης

1993 612 2167 683 magis
2207 627 2370 680 quam
2404 610 2685 681 lapidibus
2733 609 3043 664 facultatem
3098 608 3321 664 videndi
3352 624 3570 665 accom-

1992 703 2241 767 modare.
2265 701 2402 759 Cum
2432 690 2599 771 igitur
2626 716 2795 756 unum
2823 711 2879 757 et
2899 702 3130 756 alterum
3161 710 3327 771 caput
3348 701 3564 756 recitari

1990 804 2130 858 aegre
2155 798 2213 844 et
2261 789 2547 844 voluntate
2604 788 2900 844 admodum
2952 799 3291 860 repugnante
3334 791 3567 860 permis-

1992 896 2114 936 sum
2161 890 2332 944 esset,
2366 881 2613 936 Palamas
2664 895 2883 935 rursum
2934 881 3144 951 pudore
3179 880 3408 936 allectus
3456 896 3565 936 non

1994 974 2120 1028 tulit
2145 974 2385 1044 amplius
2431 972 2739 1037 moderate,
2772 971 3078 1041 praesertim
3111 972 3203 1026 ubi
3242 972 3566 1027 dilectarum

1992 1065 2160 1121 etiam
2198 1064 2587 1135 episc0porum
2611 1064 2910 1119 nonnullos
2934 1062 3072 1119 vidit
3101 1064 3565 1133 blasphemiarum

1993 1159 2210 1214 illarum
2249 1157 2415 1212 nimia
2451 1156 2741 1212 insolentia
2765 1155 3149 1211 vehementius
3168 1155 3277 1225 jam
3317 1170 3568 1209 commo-

1994 1251 2131 1315 veri,
2159 1259 2215 1305 et
2238 1250 2314 1305 illi
2349 1248 2610 1305 tribunali
2637 1247 2825 1311 turbas
2844 1247 3013 1311 ciere,
3047 1245 3338 1316 palamque
3357 1244 3567 1315 1005

1996 1353 2052 1399 et
2078 1352 2270 1411 aperte
2306 1339 2659 1396 mordacibus
2695 1338 2860 1394 dictis
2904 1336 3158 1403 illudere,
3196 1351 3262 1391 ac
3291 1350 3571 1407 negarese

1997 1433 2306 1504 principum
2361 1431 2825 1502 privatorumque
2878 1426 3119 1482 convitia
3171 1441 3334 1496 posse
3378 1425 3521 1480 ferre
3552 1464 3568 1487 ,

1997 1527 2119 1582 ideo
2145 1526 2200 1579 in
2234 1539 2294 1580 se
2338 1525 2505 1595 iacta,
2541 1521 2689 1593 quod
2719 1530 2798 1577 tot
2833 1528 3132 1589 tantosque
3162 1531 3392 1573 acervos
3420 1517 3573 1572 blas-

1998 1617 2344 1689 phemiarum
2377 1615 2713 1671 obumbrare
2755 1619 3113 1677 conarentur,
3155 1618 3213 1666 et
3253 1623 3321 1665 ex
3376 1607 3573 1664 alienis

1998 1709 2211 1765 morbis
2244 1723 2358 1762 sua:
2414 1707 2659 1774 ipsorum
2709 1705 2906 1760 animae
2939 1702 3170 1760 exitium
3211 1700 3568 1770 colligerent:

2000 1811 2061 1856 ut
2085 1813 2377 1872 perparum
2408 1797 2669 1865 abfuerit,
2696 1797 2832 1866 quin
2860 1795 2970 1850 sibi
2993 1794 3227 1849 invicem
3251 1791 3456 1847 bellum
3487 1789 3574 1844 in-

2000 1888 2271 1953 dicerent,
2332 1891 2450 1941 orta
2517 1884 2662 1938 inter
2710 1882 3044 1938 dissidentes
3109 1889 3298 1934 mutua
3352 1887 3577 1933 conten-

1999 1984 2172 2046 tione,
2206 1993 2329 2049 quzc
2371 1974 2543 2048 magis
2573 1990 2638 2032 ac
2673 1974 2846 2045 magis
2895 1977 3068 2030 instar
3111 1969 3361 2027 ventilati
3388 1969 3581 2025 incen~

327 2063 424 2114 καὶ
445 2059 944 2133 ἀναῤῥιπιξομένης
971 2062 1058 2113 ἀεὶ
1081 2061 1218 2132 πρὸς
1252 2062 1312 2114 τὸ
1343 2062 1555 2130 μεῖζον,
1589 2064 1684 2117 καὶ
1730 2049 1899 2132 οὔσης

2017 2073 2074 2127 lii
2100 2070 2470 2127 exardescens
2502 2075 2720 2138 poterat
2741 2068 2854 2138 jam
2882 2065 3023 2130 sola,
3050 2060 3360 2119 tacentibus
3388 2058 3574 2121 nobis,

327 2152 514 2204 λοιπον
596 2152 924 2222 αὐτάρκους,
990 2152 1149 2221 ἡμῶν
1227 2152 1599 2221 σιωπώντων,
1668 2155 1898 2223 ἀπονητὶ

328 2244 465 2312 πρὸς
498 2241 675 2295 εὐδίαν
700 2246 825 2303 τοὺς
851 2244 951 2313 τῆς
984 2243 1311 2314 Ἐκκλησίας
1344 2245 1904 2318 κατευνασθῆναιχει-

332 2339 539 2406 μῶναξ.

403 2427 479 2482 li'.
510 2429 582 2483 Ού
613 2429 722 2500 γὰρ
746 2427 886 2500 ἔχων
911 2426 1065 2481 οὐδὲν
1084 2426 1231 2497 ὑγιὲς
1254 2429 1553 2497 ἀντιλέγειν
1582 2430 1610 2484 ὁ
1633 2431 1900 2500 Παλαμᾶς

331 2522 552 2592 ἤχθετο,
606 2520 702 2574 νῦν
764 2522 863 2589 μὲν
922 2521 1058 2592 πρὸς
1106 2520 1351 2581 ἐκείνους
1410 2521 1749 2593 θυμομαχῶν
1809 2526 1903 2579 καὶ

336 2614 655 2683 βιαζόμενος
684 2613 922 2682 ἀνήνυτα
943 2628 958 2644 ·
988 2612 1082 2665 νῦν
1113 2611 1159 2667 δ’
1215 2613 1497 2678 ὀνειδίζων
1551 2613 1628 2684 τῷ
1663 2613 1900 2685 βασιλεῖ,

335 2704 429 2755 καὶ
462 2702 711 2772 φανερῶς
745 2702 1039 2772 προδοσίαν
1075 2700 1350 2770 ἐγκαλῶν,
1394 2704 1547 2774 παρά
1575 2703 1673 2767 τὰς
1699 2705 1902 2773 συνθή-

336 2813 437 2859 κας
467 2795 603 2855 ὅλως
637 2793 950 2847 ἐνδεδωκὸτι
975 2796 1084 2859 τοῖς
1110 2794 1473 2862 ἐγκαλοῦσινο
1502 2794 1643 2850 ῶστε
1672 2797 1763 2850 καὶ
1784 2799 1907 2861 τοὺς

343 2888 614 2958 παρόντας
654 2887 925 2959 ἐρεθίζειν
977 2880 1058 2950 οἷς
1086 2885 1318 2954 διεξίασι
1348 2878 1471 2942 κατ’
1517 2887 1705 2946 αὐτοῦ.
1744 2889 1906 2945 Ὅθεν

340 2981 435 3031 καὶ
472 2978 642 3049 συχνὰ
675 2978 1042 3049 στρεφόμενος
1071 2979 1166 3032 ἐπὶ
1204 2982 1303 3050 τῆς
1353 2981 1621 3052 καθέδρας
1668 2975 1749 3046 οἷς
1810 2985 1908 3053 μὲν

340 3072 713 3142 διελοιδορεῖτο
772 3070 1109 3142 θρασύτερον
1138 3071 1344 3140 μᾶλλον
1378 3072 1779 3145 ἢπικρότερον,
1814 3075 1909 3129 xci.

2001 2170 2352 2233 tempestates
2400 2159 2662 2217 Ecclesiae
2708 2157 2932 2224 sedare,
2986 2163 3046 2213 et
3100 2154 3159 2210 in
3217 2151 3583 2209 serenitatem

2001 2266 2239 2311 vertere.

1974 2475 1982 2484 .
2072 2433 2140 2492 ν.
2200 2433 2420 2489 Etenim
2478 2430 2760 2491 Palamas,
2819 2428 2914 2498 qui
2950 2426 3091 2482 nihil
3130 2424 3294 2482 validi
3341 2423 3577 2480 habebat

2004 2522 2151 2594 quod
2182 2529 2495 2599 reponeret.
2522 2520 2846 2591 angebatur.
2876 2533 2941 2573 ac
2988 2531 3135 2571 nunc
3186 2514 3411 2586 quidem
3444 2530 3569 2595 cum

2006 2592 2116 2671 illis
2161 2592 2608 2673 stomachabatur
2654 2618 2710 2665 et
2756 2608 3036 2663 incassum
3091 2605 3386 2672 saeviebat;
3429 2592 3590 2660 nunc

2008 2704 2327 2778 imperatori
2386 2701 2818 2761 convitiabatur,
2859 2712 3096 2767 eumque
3124 2695 3455 2768 proditionis
3487 2711 3580 2764 pa-

2006 2799 2113 2854 lam
2164 2794 2448 2867 arguebat,
2514 2792 2663 2863 qaod
2722 2787 3165 2852 accusatoribus,
3214 2796 3593 2857 praeterquam

2008 2898 2358 2950 convenerat,
2394 2884 2619 2940 omnino
2635 2883 2930 2946 cessisset,
2956 2879 3038 2935 sic
3073 2877 3234 2934 utilli
3260 2877 3595 2933 insectandi»

2010 2995 2067 3035 se
2106 2994 2203 3034 eos
2236 2978 2401 3063 etiam
2426 2976 2521 3046 qui
2575 2974 2804 3030 aderant
2842 2972 3147 3028 irritarent.
3202 2971 3392 3041 Itaque
3422 2985 3453 3024 e
3493 2985 3582 3023 ea-

2015 3070 2229 3133 thedra,
2265 3059 2498 3137 corpore
2551 3062 2786 3118 subinde
2816 3062 2925 3116 huc
2973 3060 3088 3115 illic
3129 3074 3416 3121 converso,
3449 3059 3586 3113 alios

344 3164 664 3233 πικρότερον
693 3164 893 3232 μᾶλλον
934 3162 965 3232 ἢ
1002 3163 1142 3216 κατά
1172 3162 1270 3232 τὴν
1328 3149 1535 3218 οἰκείαν
1579 3165 1732 3233 λῆξιν
1781 3164 1910 3219 ἕκα-

2017 3157 2418 3215 contumeliose
2472 3151 2841 3229 objurgabat,
2899 3148 3163 3204 audacius
3216 3147 3439 3218 quidem
3495 3148 3586 3203 ille

344 3273 499 3309 στον·
525 3250 608 3317 οἷς
650 3254 696 3308 δ’
726 3255 939 3322 ἠπείλει
977 3256 1225 3317 κολάσεις
1268 3256 1594 3326 πικροτέρας
1629 3244 1829 3326 μᾶλλον
1875 3258 1908 3327 ἦ

338 3349 564 3401 ἐδύνατο
586 3364 600 3378 ·
628 3347 724 3400 νῦν
763 3346 819 3399 δὲ
855 3347 1061 3416 ἐμήνυε
1091 3346 1277 3428 κρύφα
1306 3347 1383 3416 τῷ
1419 3346 1634 3416 βασιλεί
1657 3347 1793 3416 πρὸς
1817 3345 1911 3411 οὖς

341 3441 428 3494 διὰ
452 3441 561 3493 τῶν
592 3439 996 3511 θαλαμηπόλων
1021 3439 1121 3508 τὴν
1151 3438 1463 3510 ἀπόρρητον
1485 3438 1795 3509 φλεγμονὴν
1818 3441 1912 3509 τῆς

344 3535 545 3606 ψυχῆς.

419 3717 510 3788 ς’.
552 3719 613 3773 ’0
640 3717 696 3773 δὲ
722 3719 837 3788 (καὶ
878 3716 985 3788 γὰρ
1046 3714 1163 3770 ούδέ
1198 3698 1463 3785 πρότερον
1508 3711 1707 3774 τελέως
1758 3711 1919 3765 ἀπεί-

346 3831 471 3884 χετο
495 3810 800 3883 συμμαχῶν
851 3809 1000 3879 αὐτῷ
1050 3808 1328 3876 σποράδην
1389 3808 1497 3861 κάκ
1552 3806 1761 3875 συχνῶν
1812 3803 1921 3855 τῶν

348 3903 739 3975 διαστημάτων
776 3899 1149 3971 ἀκροϐολίςων
1183 3899 1278 3952 καὶ
1307 3897 1475 3966 ξιφῶν
1502 3895 1796 3966 ὀξυτέρους
1827 3895 1919 3946 λό-

352 4014 481 4065 γους
521 3993 643 4047 καθ’
668 3992 827 4063 ἡμῶν
877 3990 974 4044 καὶ
1002 3990 1142 4059 ὑπὲρ
1166 3989 1355 4057 αὑτοῦ)
1386 3987 1523 4042 ἀλλά
1554 3987 1651 4042 νῦν
1706 3985 1924 4047 ἁπάσας

355 4086 531 4149 πύλας
579 4076 931 4144 ἀναπετάσας
981 4081 1199 4149 ἐκείνης
1251 4077 1351 4147 τῆς
1406 4078 1615 4148 σκηνῆς
1685 4076 1780 4129 καὶ
1831 4074 1923 4127 τοῦ

353 4180 632 4250 δράματος
660 4175 794 4247 πρὸς
835 4172 1113 4245 ἐμφανοῦς
1146 4172 1341 4235 κακίας
1390 4168 1511 4224 καθ’
1569 4166 1725 4239 ἡμῶν
1768 4165 1926 4236 ἐξερ-

360 4267 506 4342 ρἀη
539 4267 769 4338 πυρσὸν,
802 4265 862 4318 ού
893 4264 1115 4333 θυραῖον
1172 4279 1294 4316 τινα
1326 4259 1543 4314 τουτονὶ
1592 4257 1703 4312 οὐδ’
1722 4256 1928 4321 ἔπηλυν

356 4363 390 4431 ἢ
422 4359 620 4430 νέηλυν
654 4359 748 4412 καὶ
774 4356 1073 4410 ἐπεισόδιον
1094 4354 1231 4416 τέως
1255 4350 1582 4422 ἀνειληφὼς,
1614 4348 1728 4405 ἀλλ’
1753 4347 1926 4419 ἐγχώ-

360 4451 478 4523 ριόν
518 4450 692 4503 τεκαὶ
723 4449 1067 4516 ἐγκείμενον,
1097 4444 1193 4498 καὶ
1230 4444 1353 4497 ὅλον
1401 4442 1632 4497 πάθεσιν
1663 4438 1927 4509 ἐμφύτοος

2016 3268 2178 3323 quam
2212 3248 2468 3305 acerbius
2493 3288 2507 3309 ,
2564 3255 2620 3301 et
2653 3243 2908 3299 acerbius
2945 3256 3108 3311 quam
3150 3256 3247 3311 pro
3278 3254 3375 3294 sua
3398 3240 3585 3294 condi-

2018 3343 2166 3396 tione
2218 3338 2497 3408 singulos;
2549 3334 2673 3389 aliis
2711 3347 2904 3404 ptenas
2949 3331 3263 3386 minabatur
3308 3330 3592 3398 graviores

2015 3446 2180 3500 quam
2210 3436 2395 3498 posset
2430 3426 2729 3479 decernere
2764 3440 2779 3478 :
2816 3435 2963 3475 nunc
2992 3419 3231 3488 denique
3273 3418 3591 3487 imperatori

2017 3537 2113 3592 per
2139 3516 2529 3579 cubicularios,
2553 3513 2606 3569 in
2630 3522 2817 3566 aurem
2845 3511 3185 3565 insusurrare
3203 3507 3404 3579 iussos,
3433 3525 3588 3566 arca.

2019 3625 2150 3665 num
2182 3607 2349 3661 anitni
2383 3603 2631 3659 dolorem
2661 3600 2852 3655 furtim
2883 3597 3180 3654 indicabat.

2090 3699 2181 3756 Vl.
2217 3701 2284 3753 At
2317 3697 2433 3763 hic,
2469 3695 2563 3765 qui
2596 3708 2698 3748 nec
2730 3703 2890 3746 antea
2919 3689 3181 3745 auxilium
3211 3686 3260 3742 ei
3290 3701 3449 3741 suum
3476 3701 3598 3740 oms

2024 3794 2154 3849 nino
2197 3793 2515 3862 denegarat,
2547 3786 2642 3842 sed
2693 3783 3013 3855 spanimet
3053 3780 3264 3836 crebris
3295 3778 3601 3834 intervallis

2025 3885 2187 3941 verba
2215 3883 2268 3937 in
2291 3896 2399 3936 nos
2446 3878 2641 3950 gladiis
2667 3876 2913 3930 acutiora
2941 3888 3041 3944 pro
3058 3887 3135 3927 .eo
3176 3870 3394 3926 eminus
3424 3868 3600 3923 intor-

2024 3985 2191 4038 serat,
2215 3982 2327 4028 tum
2350 3973 2593 4032 demum,
2620 3968 2769 4022 velut
2806 3965 2979 4037 portis
3009 3962 3267 4018 omnibus
3303 3961 3451 4015 illius
3482 3975 3600 4015 sceo

2028 4086 2111 4126 nm
2149 4078 2202 4125 et
2240 4060 2780 4138 tt'agici,spectaculi
2829 4057 3153 4130 patefactis,
3191 4054 3365 4124 aperti
3401 4052 3602 4108 luroris

2029 4164 2302 4217 ﬂammam
2336 4159 2393 4213 in
2421 4171 2523 4211 nos
2574 4152 2811 4216 etiudit;
2865 4164 2974 4205 non
3030 4148 3177 4203 illam
3221 4144 3444 4217 quidem
3469 4144 3605 4198 loris

2034 4252 2247 4323 1006
2279 4248 2543 4321 petitam,
2593 4260 2704 4301 non
2740 4240 3097 4297 ailventitiam
3129 4254 3193 4294 ac
3223 4253 3444 4302 nOvam,
3493 4251 3603 4290 non

2031 4324 2370 4400 extrinsecus
2399 4339 2662 4401 ascitam;
2705 4335 2800 4390 sed
2866 4331 3223 4387 domesticam
3255 4339 3312 4385 et
3344 4328 3560 4383 insitam
3587 4367 3606 4392 ,

2033 4448 2087 4490 et
2123 4433 2382 4506 ingenitis
2413 4428 2702 4485 allectibus
2726 4426 2944 4497 penitus
2967 4423 3333 4485 commistam,
3362 4429 3419 4474 et
3458 4432 3617 4473 nunc

362 4541 852 4613 συμπεφυρμένον,
904 4546 1013 4591 κάκ
1084 4538 1257 4607 μέσης
1314 4533 1787 4604 ἐκπυρσευόμενον
1833 4530 1913 4583 νῦτ

2033 4531 2099 4584 de
2159 4526 2355 4582 intimo
2408 4521 2575 4578 corde
2635 4532 2962 4580 accensam,
3003 4510 3466 4586 quemadmodum
3516 4510 3607 4563 illa

356 4634 456 4703 τῆς
483 4633 732 4704 καρδίας,
790 4630 1041 4699 καθάπερ
1093 4628 1217 4690 τοὺς
1265 4624 1359 4679 τοῦ
1419 4622 1702 4677 Σικελικοῦ
1760 4620 1930 4689 πυρὸς

357 4724 819 4794 ἀιαφυσωμένους
862 4723 1143 4791 κρατῆρας
1180 4719 1243 4771 ἐκ
1295 4715 1405 4770 τῶν
1435 4714 1776 4785 ὑποχθονίωι
1829 4729 1925 4763 τυο

360 4818 446 4885 φὼ
479 4835 554 4869 ων
585 4817 879 4883 ἀκούομεν,
905 4814 999 4866 καὶ
1050 4810 1129 4878 τῷ
1180 4810 1322 4879 φίλῳ
1366 4807 1622 4878 Παλαμᾷ,
1679 4804 1933 4873 καθάπερ

276 4947 317 4966 ..
360 4911 480 4978 (ι)εῴ
498 4925 626 4971 τινι,
658 4905 1112 4977 προθυμούμενον
1139 4902 1408 4963 σπένδειν,
1441 4900 1503 4953 ού
1542 4900 1704 4970 μόνον
1733 4899 1830 4951 ὅσα
1860 4895 1934 4964 γῆ

361 5005 458 5070 καί
481 5001 727 5055 θάλασσα
787 4996 1099 5067 βαλαντίοις
1139 4995 1235 5048 καὶ
1274 4992 1575 5062 τραπέζαις
1609 4989 1937 5058 ἀναθήματα

369 5095 629 5165 γεωργεῖ’
663 5090 774 5145 οὐδ’
814 5091 916 5144 ὅσα
968 5088 1352 5159 παραπλήσιον
1396 5085 1508 5155 ἔχει
1549 5085 1685 5155 πρὸς
1719 5081 1934 5155 ἡδονὴν,

365 5186 479 5240 ἀλλ’
500 5181 771 5251 ἐναγίζειν
806 5181 906 5251 ἤδη
934 5177 1152 5240 καὶτὰς
1208 5174 1487 5245 ἡμετέρας
1537 5171 1724 5242 ’ύὸρεις
1756 5186 1812 5222 τε
1844 5168 1939 5221 καὶ

366 5296 466 5340 τπς
518 5276 817 5335 καταδίκας
873 5271 969 5324 καὶ
1041 5268 1167 5333 τοὺς
1230 5266 1604 5336 πολυτρόπους
1675 5262 1940 5324 θανάτους

370 5369 540 5439 αύτῷ.
606 5368 901 5439 Ὠσάμενος
943 5358 1036 5416 οὖν
1079 5362 1207 5421 τοὺς
1263 5358 1563 5430 ἡμετέρους
1615 5356 1829 5424 λόγους,
1865 5352 1941 5415 ὡς

370 5437 592 5530 φορτίον
652 5437 951 5522 ἀϐούλητον
1002 5453 1099 5505 καὶ
1129 5451 1337 5520 σφόδρα
1361 5448 1715 5521 μισούμενον,
1756 5450 1847 5500 καὶ
1880 5446 1941 5499 τὸ

375 5552 670 5623 πρόσωπον
704 5547 1060 5619 ἀποστρέψας
1097 5544 1231 5616 πρὸς
1263 5544 1389 5608 τοὺς
1449 5544 1591 5613 ἀμφὶ
1640 5540 1731 5593 τὸν
1765 5539 1943 5592 Παλαε-

378 5650 489 5716 pa»
516 5646 545 5698 ό
576 5641 823 5713 agema;
854 5639 1129 5708 διαμένειν
1172 5634 1479 5707 ὀμωμοκὼς
1512 5635 1794 5703 δικαστὴς,
1816 5633 1943 5699 ὃλην

308 5768 315 5771 -
371 5757 432 5792 τε
465 5736 636 5791 ἐδίδου
666 5734 821 5802 σφίσι
855 5730 955 5800 τὴν
1003 5729 1171 5799 ἀκοὴν
1229 5728 1368 5797 μετά
1420 5727 1523 5791 τῆς
1579 5725 1808 5793 καρδίας
1851 5727 1943 5776 καὶ

373 5830 469 5882 ὅλα
499 5826 566 5879 τά
590 5823 736 5877 κατά
782 5821 1038 5892 βούλησιν
1068 5820 1336 5889 ἐπέτρεπε
1366 5818 1546 5887 λέγειν
1572 5833 1629 5871 τε
1675 5817 1767 5869 καὶ
1793 5816 1939 5868 ἀνα-

2036 4619 2206 4674 Siculi
2237 4616 2378 4687 ignis
2428 4611 2705 4684 spiracula
2739 4609 3232 4665 subterraneorum
3280 4600 3621 4673 Typhonum-

2032 4711 2164 4766 ﬂatu
2192 4708 2417 4764 accendi
2451 4704 2786 4761 audivimus.
2811 4700 3019 4770 Nempe
3051 4697 3099 4752 is
3124 4696 3327 4750 dilecto
3356 4692 3624 4754 Ροὶαηιαιν

2036 4804 2186 4859 velut
2232 4800 2344 4862 Ι)βο
2394 4797 2601 4859 alicui,
2638 4809 2749 4850 non
2784 4791 2961 4846 solum
3016 4782 3281 4857 quidquid
3317 4781 3625 4851 marsupiis-

2035 4904 2091 4951 et
2116 4893 2324 4947 m'ensis
2349 4879 2664 4946 consecrari
2694 4870 2919 4939 solitum
2963 4890 3108 4935 terra
3145 4885 3202 4931 et
3230 4889 3376 4928 mare
3409 4871 3625 4942 produ-

2037 4971 2193 5048 cunt,
2223 4992 2316 5038 aut
2337 4977 2601 5051 quidquid
2631 4976 2865 5032 similem
2907 4970 3069 5026 aﬂert
3092 4967 3429 5038 voluptatem
3455 5005 3470 5031 ,
3519 4978 3619 5017 cu-

2039 5077 2223 5149 piebat
2257 5072 2498 5137 oﬂ'erre;
2564 5068 2658 5125 sed
2703 5074 2890 5121 nostra
2941 5077 3160 5134 quoque
3205 5057 3502 5131 ignominia
3561 5062 3619 5110 et

2040 5142 2418 5229 damnatione,
2468 5168 2523 5215 et
2556 5154 2845 5226 multiplici
2902 5163 3099 5211 morte,
3136 5150 3294 5204 litare
3324 5142 3615 5216 gestiebat.

2040 5258 2256 5313 Nostris
2295 5255 2462 5326 igitur
2498 5248 2869 5311 sermonibus,
2899 5245 3048 5300 velut
3083 5244 3297 5313 ingrato
3326 5248 3383 5293 et
3413 5238 3632 5305 impor-

2044 5344 2337 5407 tunissimo
2381 5360 2548 5401 onere
2582 5340 2849 5403 excussis,
2882 5337 3148 5406 vultuque
3173 5349 3202 5387 a
3230 5330 3387 5386 nobis
3422 5328 3488 5383 ad
3519 5328 3622 5382 Pa-

2042 5444 2260 5501 lamitas
2290 5442 2507 5497 detorto
2537 5482 2552 5502 ,
2584 5436 2729 5499 bic',
2766 5432 2860 5503 qui
2899 5446 2956 5486 se
2986 5441 3201 5497 aequum
3230 5422 3473 5494 iudicem
3504 5420 3635 5475 lore-

2038 5538 2337 5608 juraverat,
2371 5546 2532 5586 aures
2566 5528 2634 5583 iis
2683 5534 2846 5586 totas,
2885 5529 3057 5577 totum
3096 5517 3342 5572 animum
3380 5513 3624 5584 applica-

2045 5604 2155 5693 bat,
2191 5625 2373 5679 munia
2417 5624 2571 5692 ipsis,
2606 5627 2773 5690 prout
2814 5614 3035 5675 vellent,
3078 5608 3325 5680 planibra
3366 5615 3423 5662 et
3455 5604 3629 5674 expli-

2046 5722 2253 5775 catiora
2286 5716 2474 5771 dicere
2511 5728 2574 5768 ac
2598 5712 2780 5782 legere
2814 5703 3207 5777 permittebat;
3242 5710 3302 5757 ut
3332 5699 3476 5755 haud
3512 5711 3633 5751 me-

2050 5818 2287 5875 tuerent,
2322 5823 2391 5865 nc
2419 5808 2540 5878 quis
2577 5804 2683 5863 sibi
2735 5801 2844 5858 ulla
2875 5799 2929 5856 in
2976 5813 3033 5854 rc
3066 5795 3398 5852 contrariam
3440 5799 3493 5847 ct
3529 5791 3633 5843 ad—
