3982 6214
242 325 368 389 1239
616 322 669 391 [Α
727 336 778 377 c.
820 312 979 394 1551]

1195 327 1635 388 nrzavrma
1678 324 2060 386 HISTORle
2102 283 2251 393 ιω.
2295 329 2453 391 XXI.

2888 168 2920 191 κ

2580 288 2716 395 intr.
2757 336 2801 375 ι.
2830 333 3128 376 casncuz.
3165 319 3223 393 5]
3336 292 3473 387 1290

234 445 389 515 ἡμεῖς
449 442 644 513 ἐράνου
706 441 864 518 δίκην
926 442 1209 512 εἰληφότες
1274 444 1487 498 ἐκεῖθεν
1555 443 1805 497 ἐνταυθοῖ

1908 443 2031 497 inde
2051 457 2308 515 excerpta
2329 449 2541 503 ctvclut
2560 456 2843 518 corrogata
2864 445 2955 501 hic
2968 461 3111 502 nunc
3122 444 3473 516 apponimus.

235 514 642 605 παρεθήκαμεν.
685 514 717 584 ι’
754 535 812 590 ’0
867 535 1027 599 σάλος
1057 535 1166 606 γὰρ
1198 537 1376 607 (φησὶ)
1411 536 1523 589 τῶν
1571 535 1801 604 Ἐκκλη-

234 626 364 678 tr:th
386 617 542 687 οὗτος
581 625 724 686 τίνος
761 624 861 677 οὐκ
890 625 1006 679 ἔστι
1038 625 1333 679 θαλασσίου
1385 625 1496 695 (‘20)
1534 623 1802 686 κλύδωνος

235 717 604 787 ἀγριώτεροςς
635 717 693 769 ὲν
746 709 788 782 ᾧ
819 717 929 769 πᾶν
968 717 1065 785 μὲν
1111 718 1257 787 ὃριον
1296 717 1548 788 πατέρων
1584 715 1804 787 κεκίνη-

236 824 343 873 ται,
371 807 477 867 πᾶς
507 807 561 860 δὲ
589 806 858 877 θεμέλιος,
890 808 982 860 καὶ
1017 807 1071 860 εί
1109 825 1158 860 τι
1198 807 1463 878 ὀχύρωμα
1489 807 1797 876 δογμάτων,

237 898 607 952 ὃιασαλεύεται
631 913 645 927 ⁸
670 898 938 952 κλονείται
976 899 1030 951 δὲ
1064 900 1243 952 πάντα
1282 901 1378 952 καὶ
1420 901 1800 953 κατασείεται.

236 992 299 1043 Αἱ
327 990 371 1042 δ’
407 991 471 1043 ἑκ
505 990 614 1041 τῶν
667 991 941 1060 ἀρχόντων
980 990 1074 1044 τοῦ
1128 991 1334 1060 κόσμου
1368 992 1562 1043 τούτου
1598 991 1803 1056 ἐπαγό-

241 1098 395 1150 μεναι
426 1082 665 1150 ταραχαὶ
701 1083 862 1155 ποίας
910 1082 1029 1150 οὐχὶ
1079 1081 1302 1149 θυέλλης
1340 1085 1434 1135 καὶ
1487 1081 1803 1146 καταιγίδος

240 1173 534 1242 βαρύτερον
559 1171 684 1234 τοὺς
720 1171 883 1232 λαοὺς
914 1173 1278 1241 ἀνατρέπουσι
1305 1189 1318 1234 ;
1351 1172 1602 1242 κατηφὴς
1635 1172 1690 1223 δέ
1719 1188 1803 1233 τις

237 1265 402 1328 ὅντως
430 1266 525 1319 καὶ
561 1264 769 1331 στυγνὴ
801 1268 1108 1336 σκοτομήνη
1154 1268 1251 1328 τὰς
1298 1265 1623 1333 Ἑκκλησὶας
1664 1266 1805 1315 ἐπέ-

239 1371 338 1424 χει.
378 1355 471 1406 Διὸ
502 1355 703 1417 πάντες
731 1355 952 1422 ὁμοίως,
984 1356 1103 1408 καθ’
1131 1355 1190 1408 ὃν
1227 1356 1291 1408 ἂν
1321 1354 1548 1416 ἕκαστος
1578 1355 1802 1421 δύνηται

236 1448 457 1518 τρόπον,
481 1446 582 1510 τάς
606 1449 832 1515 φονικὰς
858 1449 1050 1517 χεῖρας
1078 1448 1327 1516 ἀλλήλοις
1357 1449 1799 1517 ἀντεπιερέρουσι.

238 1537 473 1607 Τραχεῖα
505 1536 561 1588 δέ
595 1553 680 1599 τις
710 1538 927 1608 κραυγὴ
955 1537 1063 1591 τῶν
1086 1522 1152 1602 ἓξ
1183 1538 1493 1605 ἀντιλογίας
1535 1554 1804 1606 παρατριο

239 1630 479 1698 ϐομένων
503 1629 758 1700 ἀλλήλοις
807 1630 903 1683 καὶ
946 1628 1044 1701 βοὴ
1090 1631 1306 1700 ἄσημος
1357 1630 1454 1682 καὶ
1516 1629 1803 1698 δύσκριτος

1911 551 1928 584 ι
1960 533 2084 591 Haec
2113 545 2432 606 tempestas.
2463 538 2661 608 inquit,
2695 537 3088 601 Ecclesiarum,
3117 551 3223 605 qua
3255 535 3474 589 tandem

1908 628 2119 681 marina
2157 630 2397 697 procella
2428 647 2535 685 non
2567 639 2647 685 est
2680 629 2962 684 atrocior?
2995 630 3048 683 ln
3081 644 3188 697 qua
3208 637 3476 683 utomnes

1904 720 2124 774 Patrum
2151 720 2367 775 termini
2401 722 2521 776 loco
2546 724 2678 775 moti
2705 721 2942 783 sunt,ita
2965 735 3129 775 omne
3151 720 3477 775 fundamen-

1908 818 2041 866 tum.
2060 818 2117 864 et
2141 811 2186 864 si
2209 810 2354 879 quod
2377 811 2688 880 dogmatum
2711 812 3474 872 munimentum,convulsum

1904 911 2010 955 est.
2035 902 2342 957 Volvuntur
2375 904 2602 972 insuper
2634 914 2691 957 ut
2745 914 3077 973 quassantur
3109 909 3313 959 omnia.
3339 904 3477 958 Tur.

1907 991 2160 1047 bationes
2187 993 2257 1046 ab
2278 994 2438 1063 hujus
2461 990 2650 1048 mundi
2687 994 3031 1064 principibus
3067 994 3489 1062 proﬁciscentes

1906 1100 1973 1137 an
2029 1100 2135 1138 non
2169 1086 2367 1154 quavis
2400 1084 2660 1154 procella,
2686 1087 2881 1155 quovis
2912 1086 3131 1141 turbine
3159 1086 3479 1139 horribilius

1906 1174 2235 1228 subvertunt
2248 1177 2500 1244 populos?
2518 1177 2772 1244 Quaedam
2796 1179 3012 1247 1016
3028 1177 3270 1247 lugubris
3283 1186 3479 1231 vereet

1909 1266 2088 1320 tristis
2123 1265 2295 1336 caligo
2344 1268 2620 1323 Ecclesias
2648 1281 2902 1339 occupat.
2937 1270 3125 1338 quue
3158 1285 3350 1324 omnes
3383 1286 3479 1339 pa-

1907 1356 2042 1411 riter
2061 1372 2392 1427 quocunque
2424 1369 2651 1428 possunt
2682 1359 2844 1414 modo
2871 1360 3249 1429 parricidiales
3283 1375 3479 1415 manus

1904 1448 2011 1502 sibi
2033 1447 2267 1503 invicem
2305 1451 2572 1505 afferunt.
2602 1450 2850 1506 Acerbus
2892 1461 3073 1506 autem
3105 1453 3326 1521 quidam
3365 1453 3480 1506 cla-

1906 1553 2025 1590 mor
2053 1552 2272 1603 eorum,
2298 1541 2393 1609 qui
2426 1556 2524 1619 per
2557 1542 2971 1596 contentionem
2997 1543 3143 1598 inter
3172 1559 3232 1598 se
3259 1543 3477 1612 discep-

1865 1652 1876 1662 ι
1907 1635 2046 1692 tant,
2094 1632 2430 1700 confusaque
2465 1632 2811 1698 vociferatio,
2842 1643 2893 1688 et
2936 1634 3292 1689 indistinctus
3320 1635 3476 1690 soni-

236 1715 365 1791 ἦχος
406 1722 471 1775 ἐκ
497 1722 604 1773 τῶν
632 1723 913 1790 ἀσιγήτων
942 1721 1188 1792 θορύϐων
1222 1724 1404 1777 πᾶσαν
1430 1721 1515 1795 [Ρ.
1547 1720 1678 1793 659]
1702 1718 1803 1790 ήδη

1908 1726 1996 1773 tus
2027 1734 2058 1774 e
2085 1735 2367 1790 nunquam
2392 1722 2689 1779 silentibus
2714 1725 3068 1791 tumultibus,
3104 1733 3271 1782 totam
3303 1740 3476 1795 prope

239 1787 425 1881 σχεδὸν
469 1787 796 1881 Ἐκκλησίαν
823 1787 1219 1883 πεπλήρωκεν,
1252 1813 1348 1866 ἐπὶ
1378 1787 1681 1883 ὑπερϐολὰς
1712 1787 1807 1865 καί

1908 1810 2013 1881 iam
2057 1787 2363 1868 Ecclesiam
2399 1813 2672 1883 implevit,
2711 1830 2812 1884 per
2845 1787 3104 1872 excessus
3131 1831 3196 1873 ac
3224 1787 3477 1873 defectus

236 1903 499 1972 ἐλλείψεις
530 1904 593 1957 τὸ
641 1903 796 1969 εὐθὲς
845 1905 1029 1977 δόγμα⁵
1068 1905 1170 1975 τῆς
1215 1904 1497 1967 εὐσεϐείας
1531 1920 1806 1975 παρατρε-

236 1997 472 2051 πόντων.
509 1990 605 2059 Εἷς
643 1996 701 2050 δὲ
737 1999 862 2065 ὄρος
897 1997 1080 2065 φιλίας
1121 1996 1183 2049 τὸ
1213 1996 1337 2049 καθ’
1372 1996 1568 2066 ἡδονὴν
1606 1996 1801 2057 είπεῖν,

208 2088 331 2142 -καὶ
368 2086 572 2159 ἔχθρας
599 2087 845 2157 ἀρκοῦσα
878 2088 1149 2158 πρόφασις
1178 2087 1240 2140 τὸ
1274 2086 1350 2159 μὴ
1379 2086 1656 2157 συμϐῆναι
1683 2089 1805 2150 ταῖς

234 2180 435 2244 δόξαις.
466 2180 650 2249 Πάσης
693 2180 751 2232 δὲ
799 2180 1143 2250 συνωμοσίας
1173 2181 1496 2251 πιστότερον
1523 2180 1658 2250 πρὸς
1690 2198 1806 2233 κοι-

116 2300 127 2307 -
235 2272 432 2324 νωνίαν
461 2271 702 2333 στάσεως
744 2273 777 2340 ἡ
808 2270 908 2324 τοῦ
957 2272 1273 2340 σφάλματος
1302 2272 1579 2340 ὁμοιότης.
1610 2272 1804 2326 Θεολό-

233 2379 331 2430 γος
359 2363 417 2415 δὲ
452 2365 559 2425 πᾶς
604 2366 701 2417 καὶ
747 2366 776 2417 ὁ
805 2364 1029 2434 μυρίαις
1060 2365 1246 2435 κηλῖσι
1284 2365 1384 2435 τὴν
1431 2365 1610 2436 ψυχὴν
1650 2381 1841 2433 στιγη

237 2457 454 2524 ματίας.
496 2453 798 2521 Τοιγαρουν
845 2459 1350 2531 αὐτοχειροτὸνητοι
1402 2457 1503 2520 τάς
1560 2474 1804 2528 προστα-

236 2546 359 2607 σίας
406 2546 514 2598 τῶν
555 2547 863 2617 ἐκκλησιῶν
889 2548 1332 2617 διαλαγχάνουσι,
1364 2548 1463 2617 τὴν
1493 2547 1805 2616 οίκονομίαν

234 2638 327 2691 τοῦ
357 2638 511 2706 ἁγίου
557 2638 870 2708 Πνεύματος
917 2640 1338 2709 παρωσάμενον
1392 2640 1488 2692 καὶ
1521 2637 1803 2702 παντελῶς

234 2730 338 2800 ἥδη
369 2731 478 2783 τῶν
510 2730 885 2797 εὐαγγελικῶν
929 2730 1149 2798 θεσμῶν
1197 2730 1257 2794 ἐξ
1300 2729 1571 2798 ἀκοσμίας
1598 2714 1804 2797 συγκε-

234 2823 506 2892 χυμένων,
531 2822 809 2891 ἀμύθητος
824 2823 1068 2891 ὠθισμὸς
1091 2822 1185 2876 ἀπὶ
1210 2823 1308 2886 τάς
1329 2821 1616 2893 προεδρίας
1635 2822 1802 2875 ἐστίν.

248 2915 380 2987 Ἐμὲ
415 2916 473 2970 δὲ
503 2917 686 2972 καὶτὸ
732 2916 1070 2986 προφητικὸν
1119 2918 1295 2969 έκεῖνο
1339 2916 1559 2985 κατέχει
1599 2915 1801 2983 λόγιον,

235 3009 320 3060 ὅτι
364 3009 394 3061 ὁ
426 3008 626 3062 συνιὼν
673 3010 1038 3079 σιωπήσεται*
1093 3008 1229 3063 διότι
1263 3004 1515 3078 ὁκαιρὺς
1570 3008 1802 3076 πονηρός

1908 1909 2117 1957 rectum
2147 1902 2373 1972 pietatis
2414 1904 2613 1976 dogma
2662 1907 3070 1963 evertentibus.
3103 1907 3312 1966 Unicus
3340 1911 3480 1964 ami-

1907 1992 2048 2047 citiae
2091 1993 2219 2049 ﬁnis
2246 2005 2353 2060 est,
2385 1995 2454 2050 ad
2486 1996 2720 2067 gratiam
2752 1998 2942 2068 loqui:
2977 2014 3044 2055 ac
3087 1998 3365 2056 sufﬁciens
3392 2007 3480 2055 est

1901 2085 2209 2141 inimicitia:
2280 2103 2467 2149 causa,
2519 2088 2876 2159 opinionibus
2935 2093 3248 2148 dissentire.
3303 2092 3475 2157 Porro

1905 2179 2112 2232 erroris
2140 2178 2443 2233 similitudo
2476 2168 2565 2234 res
2590 2190 2675 2234 est
2707 2183 2902 2247 quavis
2930 2183 3313 2251 coniuratione
3342 2184 3477 2239 fide-

1905 2266 2012 2321 lior
2044 2268 2111 2322 ad
2140 2270 2429 2325 seditionis
2461 2273 2807 2328 societatem.
2840 2273 3153 2345 Theologus
3183 2292 3310 2331 vero
3349 2277 3477 2345 qui-

1905 2359 2040 2415 libet
2085 2370 2197 2425 est,
2225 2363 2443 2417 etiamsi
2518 2366 2750 2422 maculis
2795 2367 3294 2423 innumerabilibus
3339 2383 3476 2422 cono

1906 2454 2194 2510 scientiam
2225 2455 2429 2511 habeat
2454 2468 2722 2512 notatam.
2753 2458 2942 2527 Itaque
2964 2459 3059 2529 qui
3098 2475 3158 2515 se
3186 2460 3336 2530 ipsos
3358 2462 3477 2519 suis

1906 2546 2121 2614 elegere
2148 2546 2452 2615 sutl'ragiis,
2484 2547 2689 2617 quique
2720 2548 2982 2604 affectant
3002 2550 3394 2620 principatum.
3435 2552 3476 2608 il

1909 2639 2277 2694 Ecclesiarnm
2308 2641 2661 2710 prmfecturas
2691 2643 3022 2709 sortiuntur,
3040 2645 3272 2713 repulsa
3298 2642 3475 2701 sancti

1908 2730 2151 2797 Spiritus
2174 2730 2667 2799 administratione,
2709 2733 2934 2804 jamque
2959 2746 3181 2804 prersus
3203 2736 3481 2806 evangeli-

1903 2819 1985 2873 cis
2014 2819 2214 2875 ritibus
2254 2821 2319 2875 ad
2351 2821 2630 2877 sublatum
2670 2837 2858 2876 rerum
2897 2823 3156 2879 ordinem
3203 2824 3473 2888 confusis.

1904 2911 2200 2966 inefl‘abilis
2213 2921 2297 2967 est
2308 2913 2374 2965 ad
2392 2912 2745 2981 praefecturas
2761 2913 2996 2984 irruptio
3011 2930 3228 2971 eorum.
3243 2916 3328 2972 Me
3343 2932 3475 2973 vero

1902 3004 2067 3059 etiam
2112 3003 2249 3058 illud
2296 3004 2678 3074 propheticum
2715 3005 2921 3062 dictum
2953 3007 3244 3077 reprimit:
3276 3010 3480 3067 intelli-

235 3101 404 3165 ἐστιν,
444 3102 504 3153 ὲν
542 3092 588 3167 ᾧ
614 3101 664 3152 oi
710 3101 809 3169 μὲν
844 3098 1292 3164 ὑποσκελίζονται
1321 3100 1438 3164 νῦν,
1476 3099 1525 3152 oi
1562 3099 1619 3152 δὲ
1647 3099 1802 3152 ἐνάλ-

1908 3111 2040 3166 gens
2081 3093 2137 3150 in
2192 3103 2442 3173 tempore
2503 3096 2603 3152 illo
2657 3097 2898 3157 tacebit:
2938 3113 3006 3155 eo
3057 3100 3204 3169 quod
3261 3108 3478 3173 tempus

233 3189 421 3244 λονται
455 3191 537 3260 τῷ
575 3189 817 3257 πεσόντι,
849 3191 1001 3245 ἄλλοι
1030 3191 1088 3245 δὲ
1121 3190 1531 3262 ἐπικροτοῦσινο
1578 3194 1606 3245 ὁ
1637 3191 1694 3244 δὲ
1728 3192 1806 3262 τῷ

230 3279 527 3334 ὁκλάσαντι
563 3283 721 3351 χεῖρα
768 3280 978 3350 ὀρέγων
1022 3281 1088 3334 ὲκ
1139 3281 1489 3351 συμπαθείας
1532 3281 1634 3335 οὐκ
1666 3280 1803 3337 ἔστι.

232 3374 351 3443 Τῆς
379 3374 486 3442 γάρ
515 3374 736 3444 ἀγάπης
782 3376 1071 3443 ψυγείσης,
1105 3374 1376 3445 ἀνῄρηται
1411 3374 1511 3446 μὲν
1558 3373 1806 3443 ἀδελφῶν

231 3467 549 3534 σύμπνοιαν
606 3467 857 3537 ὁμονοίας
931 3468 988 3521 δὲ
1056 3470 1331 3536 ἀγνοεῖται
1380 3471 1476 3522 καὶ
1533 3467 1802 3538 τοῦνομα-

229 3556 537 3628 ἀνῄρηνται
560 3548 905 3628 ἀγαπητικαὶ
927 3557 1219 3612 νουθεσίαν
1240 3557 1479 3627 οὐδαμοῦ
1503 3558 1808 3628 σπλάγχνον

229 3655 508 3722 χρηστόνο
561 3651 802 3722 οὐδαμοῦ
860 3652 1096 3723 δάκρυον
1150 3651 1457 3722 συμπαθές.
1523 3649 1808 3703 Ἐντεῦθεν

231 3746 616 3811 ἀσύγγνωστοι
648 3745 746 3814 μὲν
772 3745 868 3799 καὶ
910 3745 1097 3816 πικροὶ
1127 3744 1396 3814 κάθηνται
1432 3744 1542 3797 τῶν
1569 3743 1810 3808 ἀποτυγ-

229 3834 509 3904 χανόντων
537 3836 846 3901 ἐξετασταὶ,
869 3835 1178 3903 ἀγνώμονες
1201 3835 1258 3887 δὲ
1279 3833 1375 3888 καὶ
1392 3833 1670 3901 δυσμενεῖς
1699 3832 1807 3885 τῶν

228 3924 689 3993 κατορθουμένων
717 3925 926 3994 κριταί.
957 3944 976 3977 ι
1010 3925 1121 3979 Καὶ
1141 3924 1374 3994 ἀλλαχοῦ
1398 3924 1531 3994 (Sir
1560 3941 1579 3975 t
1606 3924 1810 3992 Γνὼρι-

230 4034 317 4086 μα
347 4015 420 4073 τά
439 4015 687 4069 θλίϐοντά
705 4018 879 4086 ήμᾶ;,
901 4016 1003 4070 κᾶν
1019 4019 1183 4087 ἡμεῖς
1201 4018 1277 4086 μὴ
1294 4017 1560 4086 λέγωμεν.
1582 4017 1674 4079 Είς
1707 4017 1810 4068 πᾶ.-

231 4125 341 4162 σαν
363 4110 472 4179 γάρ
499 4112 598 4178 τὴν
620 4108 945 4179 οἰκουμένην
972 4111 1290 4179 ἐκκέχυται.
1312 4109 1811 4178 Καταπεφρόνηται

227 4202 303 4256 τὰ
346 4199 459 4253 τῶν
505 4200 763 4270 Πατέρων
785 4202 1064 4270 δόγματαο
1089 4200 1445 4255 ἀποστολικαὶ⁵
1481 4199 1811 4270 παραδόσεις

231 4288 620 4357 ὲξουθένηνται
640 4305 655 4321 ο
684 4292 965 4359 νεωτέρων
985 4287 1287 4358 ἀνθρώπων
1304 4290 1507 4357 ἐφευρή
1517 4304 1662 4356 ματα
1692 4289 1812 4350 ταῖς

230 4378 559 4448 ἐκκλησίαις
611 4378 1046 4448 ἐμπολιτεύεται.
1100 4375 1489 4446 Τεχνολογοῦσι
1518 4374 1725 4439 λοιπὸν,
1746 4376 1808 4429 οὐ

231 4469 602 4537 θεολογοῦσιν,
641 4470 693 4525 οι
747 4469 1047 4537 ἄνθρωποι.
1099 4470 1359 4534 Ποι,.τένες
1387 4467 1806 4520 ἀπελαύνονταιο
1843 4457 1885 4511 Ῑ)

230 4562 653 4626 ἀντεισάγονται
725 4561 782 4614 δὲ
843 4560 997 4614 λύκοι
1065 4561 1250 4631 βαρεῖς
1278 4600 1292 4625 ,
1356 4559 1691 4622 διασπῶντες
1753 4558 1816 4611 τὸ

234 4652 499 4723 ποίμνιον
528 4652 624 4706 τοῦ
652 4651 912 4721 Χριστοῦ.
955 4648 1106 4706 Οἶκοι
1126 4653 1439 4723 κεύκτήριοι
1471 4654 1668 4723 ἔρημοι
1707 4649 1817 4704 τῶν
1843 4673 1855 4679 -

233 4745 715 4812 ἐκκλησιαζόντων
738 4760 753 4773 ·
786 4745 842 4799 al
873 4745 1098 4815 ἐρημίαι
1143 4745 1371 4813 πλήρεις
1415 4744 1524 4797 τῶν
1553 4743 1815 4812 ὀδυρομέ-

236 4855 377 4892 νων.
420 4855 439 4888 ›
474 4838 586 4897 Καὶ
634 4836 869 4906 ἀλλαχοῦ
903 4836 1018 4905 (22)
1040 4850 1055 4866 ’
1087 4854 1108 4887 ι
1143 4834 1209 4890 Ol
1252 4832 1691 4897 ἀνταποδιδόντες
1721 4850 1815 4900 μοι

232 4929 458 4999 πονηρά
485 4928 609 4981 ἀντὶ
632 4927 855 4995 ἀγαθῶν
886 4928 979 4983 καὶ
1014 4928 1171 4995 μῖσος
1201 4925 1325 4980 ἀντὶ
1348 4928 1443 4997 τῆς
1476 4925 1807 4994 ἀγαπήσεώς

237 5029 352 5084 μου
385 5014 483 5083 τῆς
506 5017 587 5078 είς
613 5014 811 5076 αὐτοὺς
851 5012 1196 5067 διαϐάλλουσι
1229 5028 1296 5083 με
1317 5010 1410 5064 νῦν
1439 5011 1527 5065 ἐπ’
1555 5012 1806 5076 ἐκείνοις,

230 5108 320 5169 είς
352 5103 391 5158 ἃ
416 5106 573 5159 αὐτοὶ
610 5105 956 5175 εὑρίσκονται
1001 5104 1315 5175 ἐγγράφους
1346 5103 1632 5174 ὁμολογίας
1662 5104 1816 5157 ὲκτι-

232 5195 488 5266 θέμενοι.
544 5216 564 5249 ι
609 5197 722 5251 Καὶ
771 5197 935 5251 πάλιν
979 5196 1128 5268 (230'
1193 5214 1213 5248 ι
1263 5195 1519 5260 Ἦνοιξαν
1570 5196 1817 5269 στόματά

231 5303 396 5351 τινες
443 5289 586 5343 κατά
612 5289 724 5342 τῶν
759 5287 1068 5359 ὁμοδούλων
1123 5288 1391 5357 ἀφειδῶςο
1454 5287 1696 5343 λαλεῐται
1756 5289 1818 5341 τὸ

232 5378 443 5448 ψεῦδος
474 5380 691 5450 ἀφόϐως
717 5397 732 5412 ·
772 5381 806 5450 ἠ
836 5380 1068 5450 ἀλήθεια
1109 5380 1580 5451 συγκεκάλυπται.
1629 5380 1739 5432 Καὶ
1767 5381 1815 5433 οι

1910 3186 2112 3242 malum
2158 3196 2263 3249 est,
2310 3186 2366 3240 in
2413 3200 2524 3255 quo
2567 3187 2663 3241 alii
2691 3188 2915 3257 quidem
2973 3190 3346 3260 supplantant,
3381 3194 3476 3250 alii

1911 3293 2044 3333 vero
2084 3279 2350 3332 insultant
2388 3279 2565 3347 lapso,
2591 3279 2682 3334 alii
2724 3295 2856 3335 vero
2898 3283 3279 3351 applaudunt:
3307 3298 3476 3343 caete-

1909 3384 2031 3423 rum
2063 3368 2159 3437 qui
2208 3369 2363 3437 lapso
2396 3384 2619 3423 manum
2665 3385 2733 3424 ex
2781 3372 3160 3427 misericordia
3206 3376 3474 3447 porrigat,

1915 3459 2102 3513 nullus
2142 3468 2246 3513 est.
2293 3458 2636 3529 Refrigerata
2687 3462 2836 3515 enim
2884 3464 3129 3517 omnium
3177 3466 3472 3531 cliaritate,

1912 3552 2126 3607 sublata
2173 3561 2259 3606 est
2299 3551 2532 3605 fratrum
2585 3554 2947 3623 conspiratio,
2992 3558 3300 3612 concordia:
3343 3574 3476 3613 vero

1908 3644 2071 3699 etiam
2095 3658 2295 3698 nomen
2323 3644 2644 3712 ignoratur:
2673 3645 2903 3701 sublata:
2929 3656 3059 3701 sunt
3086 3657 3269 3702 autem
3305 3649 3473 3705 etiam

1911 3736 2100 3790 amicae
2149 3734 2554 3791 admonitiones
2586 3750 2603 3790 :
2634 3752 2908 3808 nusquam
2952 3738 3165 3794 viscera
3211 3739 3470 3804 humana.

1911 3843 2182 3898 nusquam
2211 3827 2449 3899 lacryma
2468 3844 2533 3883 ex
2552 3830 2922 3886 condolentia.
2937 3829 3076 3887 Hinc
3100 3831 3475 3902 implacabiles

1908 3930 1966 3975 et
2029 3920 2199 3974 amari
2236 3919 2429 3974 sedent
2464 3930 2773 3976 erratorum
2810 3922 3022 3993 1017
3052 3926 3472 3991 examinatores,

1909 4011 2084 4080 iniqui
2114 4026 2244 4066 vero
2271 4020 2329 4066 et
2364 4012 2618 4067 malevoli
2671 4023 2821 4069 recte
2863 4016 3130 4070 factorum
3172 4015 3409 4085 judices.
3448 4036 3468 4070 ι

1909 4102 1976 4157 Et
2002 4103 2176 4157 alibi:
2208 4120 2228 4153 ι
2269 4102 2681 4159 Tribulationes
2728 4113 2953 4169 nostrae,
2980 4106 3067 4160 vel
3101 4107 3260 4161 nobis
3291 4115 3477 4163 tacen-

1910 4194 2076 4257 tibus,
2104 4194 2263 4249 vobis
2291 4203 2419 4248 sunt
2451 4195 2702 4264 cognitas,
2731 4204 2793 4251 ut
2823 4210 2946 4273 quae
2978 4195 3033 4249 in
3072 4203 3251 4250 totum
3282 4198 3472 4252 orbem

1911 4295 2043 4342 sunt
2095 4286 2408 4355 invulgatm.
2451 4287 2677 4340 Patrum
2729 4285 2982 4356 dogmata
3024 4295 3472 4354 contemnuntur,

1911 4377 2230 4448 apostolica:
2280 4376 2609 4431 traditiones
2659 4376 2814 4431 nullo
2886 4392 3120 4433 numero
3175 4379 3486 4440 habentur,

1913 4470 2283 4523 recentiorum
2318 4470 2539 4524 iuventa
2589 4469 2642 4523 in
2680 4469 2931 4524 ecclesiis
2959 4471 3332 4525 dominantur.
3366 4468 3477 4525 llu-

1915 4558 2093 4613 mines
2124 4559 2179 4612 in
2207 4568 2488 4628 posterum
2512 4543 2810 4613 ariiliciosc
2835 4558 3139 4628 disputant,
3168 4574 3277 4614 non
3319 4560 3477 4613 theo-

1914 4650 2069 4720 logos
2098 4660 2289 4721 agunt.
2317 4651 2569 4705 Pastores
2592 4650 2909 4719 abiguntur,
2944 4651 3057 4719 lupi
3087 4664 3281 4719 graves
3306 4650 3480 4703 intro-

1915 4744 2219 4806 ducuntur,
2251 4742 2346 4810 qui
2392 4740 2596 4795 Christi
2632 4754 2851 4810 gregem
2882 4739 3228 4808 discerpunt.
3277 4740 3478 4793 Domus

1914 4832 2164 4886 oratoria:
2195 4830 2529 4887 deseruntur
2554 4830 2623 4885 ab
2655 4828 3035 4885 ecclesiastico
3075 4834 3220 4883 coetu
3248 4844 3261 4879 :
3286 4826 3479 4882 solitu-

1916 4922 2073 4977 dines
2119 4921 2336 4977 referta:
2386 4930 2515 4975 sunt
2547 4920 2915 4990 plorantibus.
2947 4936 2966 4969 ι
2995 4918 3064 4973 Et
3100 4918 3267 4974 alibi:
3311 4935 3332 4970 ι
3372 4917 3478 4983 Qui

1915 5013 2056 5067 mala
2097 5012 2231 5067 mihi
2282 5010 2646 5066 reddiderunt
2688 5026 2792 5081 pro
2844 5008 3006 5065 bonis
3052 5016 3112 5063 et
3151 5007 3339 5075 odium
3379 5021 3480 5076 pro

1915 5104 2211 5160 dilectione
2245 5117 2387 5167 mea,
2422 5118 2530 5171 qua
2577 5118 2676 5158 eos
2701 5110 3031 5173 prosecutus
3069 5115 3214 5165 sum,
3238 5100 3349 5170 jam
3392 5112 3481 5152 me

1916 5192 2329 5250 calumniantur
2376 5206 2569 5246 eorum
2602 5190 2812 5261 gratia,
2844 5204 2967 5260 quas
3016 5186 3120 5257 ipsi
3172 5182 3482 5255 deprehen-

1919 5286 2129 5341 duntur
2177 5284 2384 5354 scripto
2431 5282 2597 5339 editis
2648 5279 3098 5338 confessionibus
3123 5274 3476 5346 approbasse.

1915 5378 2147 5433 Temere
2180 5376 2425 5433 nonnulli
2478 5390 2576 5430 ora
2613 5390 2713 5431 sua
2747 5373 3012 5429 adversus
3041 5380 3341 5427 conservos
3391 5379 3515 5434 re;

1588 5495 1921 5558 Variorum
1964 5501 2157 5555 noue.

314 5599 431 5672 (20)
462 5596 724 5672 senarius
749 5598 1038 5665 iambicus,
1064 5594 1317 5663 alicuius,
1346 5604 1407 5649 ut
1428 5594 1644 5664 opinor,
1670 5608 1803 5664 poe-

234 5680 311 5728 tae
329 5669 553 5741 tragici.
594 5669 807 5741 Borvin.

315 5743 402 5815 (21
414 5734 798 5812 [ιιίοωΒοεὶι.
825 5739 1098 5810 episcopis
1132 5734 1465 5793 Occidentis.
1490 5734 1699 5790 Πομ-ιιι.

575 5833 849 5895 Panos.
882 5833 999 5895 Gn.
1040 5832 1142 5891 CX
1154 5828 1333 5890 LVIII

1986 5591 2098 5659 (2:2)
2135 5590 2278 5645 Idem
2314 5589 2614 5645 Evasenis.
2648 5588 2861 5644 Burria.

1990 5663 2101 5733 (25)
2131 5660 2279 5716 Idem
2310 5661 2590 5716 monachis
2620 5660 2755 5716 suis.
2785 5659 2992 5713 Borvnt.

3081 5817 3156 5878 Μ
