3982 6214
577 247 711 337 1.291
907 246 983 317 [Α.
1013 261 1067 300 at.
1104 244 1260 313 G859,
1295 261 1403 301 lND.
1448 247 1504 319 4]

1792 252 2210 315 NICEPHORI
2253 255 2635 319 GREGORAZ

2892 284 2897 287 ς
2949 252 3075 325 [tum
3100 270 3141 309 .ι.
3166 270 3411 315 currum.
3443 262 3488 335 5]
3572 271 3665 336 ηιξ

575 367 852 417 serarunl.
887 358 1233 413 Mendacium
1258 360 1378 415 sine
1412 361 1608 415 timore
1631 359 1908 427 eﬂ‘utitur,
1934 365 2135 419 veritas

2250 369 2348 440 μὲν
2379 370 2846 441 κατηγορούμενα
2884 370 3308 435 καταδικάζονται
3335 377 3552 446 ἀκρίτως·
3581 389 3668 440 ait):

573 453 921 506 obscuratur.
960 449 1028 504 Et
1079 450 1114 504 ii
1161 450 1418 519 quidem,
1471 451 1588 520 qui
1615 462 1968 520 accusantur,
2007 469 2131 507 mox

572 543 694 595 sine
747 540 953 610 judicio
999 540 1469 603 condemnamur;
1531 542 1625 611 qui
1679 559 1810 613 vero
1850 554 2131 610 accusant,

574 631 684 685 illis
734 630 943 700 absque
991 630 1102 685 ulla
1155 631 1560 686 examinatione
1634 632 1772 687 ﬁdes
1813 634 2132 689 adhibetur.

570 723 728 778 Unde
773 734 829 778 et
877 739 1000 794 ego,
1033 724 1125 779 ubi
1170 726 1487 794 complures
1533 725 1756 795 percepi
1808 736 1998 781 contra
2046 742 2132 781 me

570 818 834 887 epistolas
888 816 1275 881 circumferri,
1327 819 1530 886 quibus
1590 819 2028 889 perstringamur
2071 833 2134 873 ac

572 920 849 974 notemur,
882 919 1222 980 propterque
1267 911 1469 978 scripta
1501 910 1747 979 quaedam
1788 925 2130 972 accusemur,

571 1019 804 1071 quorum
866 1003 1147 1056 tutelarem
1211 1000 1583 1055 defensionem
1644 1001 1907 1056 habemus
1950 1017 2130 1056 coram

568 1095 818 1148 veritatis
853 1094 1110 1148 tribunali
1136 1102 1378 1162 paratam
1408 1110 1421 1145 :
1452 1093 1684 1163 cogitavi
1718 1093 1938 1163 quidem
1971 1093 2134 1147 silen—

570 1186 700 1239 dum
740 1200 895 1249 csse;
931 1184 1073 1254 quod
1103 1193 1158 1238 et
1199 1185 1322 1238 feci.
1362 1184 1495 1238 Nam
1556 1184 1748 1237 tertius
1788 1185 1895 1257 jam
1956 1200 2133 1238 annus

572 1275 662 1329 hic
682 1287 786 1339 est,
814 1292 878 1328 ex
899 1291 1008 1344 quo
1027 1291 1054 1328 a
1076 1275 1564 1328 calumniatoribus
1582 1284 1802 1329 notatus
1833 1275 2136 1349 accusatio-

570 1368 657 1420 nis
694 1365 905 1432 flagella
950 1366 1227 1419 sustinere
1273 1364 1449 1433 coepi,
1505 1365 1603 1419 hoc
1647 1380 1757 1417 uno
1807 1375 2130 1427 contentus,

577 1460 794 1527 1018
824 1458 968 1527 quod
994 1459 1286 1511 Dominum
1319 1459 1495 1512 habeo
1522 1467 1860 1512 secretorum
1892 1457 2132 1527 cegnito-

532 1553 686 1604 'retn
736 1568 800 1604 ac
853 1549 1143 1603 calumnia:
1199 1549 1358 1603 istius
1410 1559 1630 1602 testem.
1681 1548 1948 1614 Quoniam
1999 1563 2132 1602 vero

569 1642 773 1696 multos
803 1642 911 1717 jam
943 1640 1223 1694 silentium
1269 1651 1520 1694 nostrum
1552 1655 1619 1693 eo
1651 1641 1901 1709 rapuisse
1944 1640 2128 1704 video,

2243 463 2681 529 κατηγοροῦντες
2755 459 3099 513 πιστεύονται
3176 452 3511 529 ἀνεξετάσδτως.
3560 471 3676 526 Ὅθεν

2239 552 2499 618 ἀκούσας,
2537 538 2619 607 ὅτι
2648 552 2841 605 πολλαὶ
2890 550 3012 604 κατ’
3050 550 3178 621 ἐμοῦ
3226 558 3551 627 περιφέρονται
3589 564 3675 615 ἐπι.

2240 645 2445 708 στολαὶ,
2476 634 2758 709 στίξουσίιιι
2787 646 2935 714 ἡμᾶς
2958 644 3051 697 καὶ
3079 645 3446 715 στηλιτεύουσαι
3470 653 3680 724 uatum.

2239 735 2498 802 γοροῦσαι
2527 734 2619 786 ἐπὶ
2665 735 2978 803 πράγμασι,
3004 727 3078 785 ὧν
3109 734 3201 801 τὴν
3243 736 3495 803 ἀπολογίαν
3524 740 3681 809 ἑτοίμην

2239 820 2434 890 ἔχομεν
2466 822 2557 873 ἐπὶ
2586 819 2679 872 τοῦ
2714 819 3067 889 δικαστηρίου
3110 824 3201 889 τῆς
3240 821 3483 892 ἀληθείας,
3514 824 3680 896 ὥρμησα

2243 914 2341 983 μὲν
2399 917 2695 983 σιωπῆσαι,
2754 912 2783 965 ὃ
2840 915 2935 966 καὶ
2989 913 3231 982 ἐποίησα.
3280 914 3446 983 Τρίτον
3491 920 3575 984 γὰρ
3612 920 3681 986 ἢδη

2237 1005 2394 1058 τοῦτο
2433 1005 2551 1068 ἔτος
2600 1006 2765 1065 ἐστὶν.
2798 1008 2856 1059 ἐν
2886 998 2929 1073 ᾧ
2962 1006 3290 1075 τυπτόμενος
3321 1006 3413 1059 ὑπὸ
3454 1010 3540 1060 τῶν
3562 1009 3686 1061 82:169-

2237 1098 2345 1151 λῶν
2373 1082 2523 1163 ξρέρω
2550 1098 2649 1159 τὰς
2663 1097 2764 1167 τῆς
2791 1097 3119 1166 κατηγορίας
3147 1097 3411 1165 μάστιγας,
3437 1100 3686 1166 ἀρκούμενος

2237 1192 2317 1243 ὅτι
2347 1191 2452 1258 ἔχω
2474 1189 2695 1259 Κύριον,
2733 1190 2823 1240 τὸν
2854 1190 2963 1242 τῶν
3003 1188 3250 1257 κρυπτῶν
3288 1188 3503 1258 γνώστην
3527 1190 3603 1242 καὶ
3628 1188 3685 1262 μ’.

2238 1280 2364 1352 640]
2431 1283 2687 1350 μάρτυρα
2715 1284 2814 1349 τῆς
2846 1282 3239 1349 συκοφαντίαςο
3275 1280 3384 1332 ἐπεὶ
3419 1280 3467 1333 δὲ
3492 1280 3597 1350 ὁρῶ,
3637 1282 3687 1332 ὅτι

2239 1371 2421 1423 πολλοὶ
2460 1372 2557 1440 τὴν
2609 1372 2818 1439 σιωπὴν
2851 1371 3009 1440 ἡμῶν
3035 1373 3115 1433 εἰς
3164 1369 3428 1438 βεϐαίωσιν
3451 1370 3540 1422 τῶν
3572 1371 3689 1423 dum

2236 1460 2345 1513 λών
2378 1461 2761 1530 παρεδέξαντο,
2788 1461 2882 1514 καὶ
2906 1463 2967 1514 οὐ
3000 1460 3088 1514 διὰ
3124 1462 3475 1530 μακροθυμίαν
3501 1462 3687 1529 ἐνόμισαν

2238 1555 2384 1623 ἡμᾶς
2434 1554 2666 1621 σιωπᾷν,
2699 1552 2833 1608 ἀλλὰ
2882 1553 2971 1605 διὰ
3000 1553 3060 1604 τὸ
3102 1551 3175 1622 μὴ
3222 1552 3357 1621 ἔχειν
3388 1554 3534 1620 στόμα
3564 1552 3688 1619 διᾶραι

2240 1644 2376 1712 πρὸς
2408 1644 2506 1712 τὴν
2554 1642 2832 1711 ἀλήθειαν,
2862 1642 3060 1695 τούτου
3115 1643 3271 1694 ἕνεκα
3322 1643 3570 1709 ἐπειράθην
3606 1645 3688 1693 ἐπι-
3725 1668 3731 1673 -

570 1745 629 1789 nt
657 1750 720 1788 ex
754 1735 850 1788 illo
890 1734 1186 1787 intentatas
1221 1732 1522 1786 calumnias
1552 1732 1970 1785 conﬁrmarint:
2007 1746 2133 1785 nos-

2236 1736 2436 1788 στεῐλαι
2477 1737 2627 1802 ὑμῖν,
2683 1735 3019 1803 παρακαλῶν
3070 1734 3168 1801 τὴν
3215 1735 3268 1784 ἐν
3306 1732 3502 1800 Χριστῷ
3541 1731 3691 1798 animi

569 1844 678 1899 que
721 1843 829 1882 non
868 1826 1112 1881 lenitatis
1160 1840 1225 1880 ac
1295 1825 1570 1894 patientia:
1620 1825 1815 1894 gratia,
1853 1809 1948 1880 sed
1988 1826 2133 1893 quod
2182 1830 2184 1833 '

567 1921 636 1975 ad
678 1917 1103 1988 expromendam
1141 1918 1425 1971 veritatem
1466 1931 1532 1971 os
1565 1917 1777 1985 aperire
1813 1916 2134 1983 neutiquam

569 2013 891 2073 audeamus,
926 2011 1050 2064 ideo
1083 2011 1247 2065 silere
1277 2009 1646 2074 arbitrentur;
1674 2012 1741 2063 ob
1769 2025 1889 2064 eam
1914 2021 2134 2063 causam

570 2102 815 2160 scribere
839 2103 995 2157 vobis
1031 2112 1264 2157 conatus
1305 2118 1446 2164 sum,
1476 2103 1776 2157 obsecrans
1807 2111 2046 2154 vestram
2080 2101 2134 2153 in

570 2194 791 2248 Christo
825 2192 1205 2255 dilectionem,
1241 2191 1663 2255 tit-calumnias,
1689 2206 1827 2261 quas
1871 2206 1976 2244 una
2012 2205 2138 2257 pars

570 2288 784 2358 objicit,
839 2299 946 2339 non
1003 2294 1126 2337 mox
1193 2284 1528 2352 ut’prorsus
1579 2297 1738 2336 veras
1784 2282 2133 2334 admittatis:

568 2377 861 2449 propterea
894 2376 1064 2444 quod,
1102 2384 1163 2429 ut
1201 2374 1469 2443 scriptum
1496 2383 1600 2452 est,
1626 2375 1899 2428 neminem
1928 2373 2139 2444 judicat

562 2467 681 2535 lex,
713 2470 817 2522 nisi
852 2467 1008 2538 prius
1048 2466 1235 2522 audiat
1273 2475 1331 2519 et
1361 2475 1656 2536 cognoscat
1701 2465 1834 2533 quid
1884 2464 2069 2518 faciat.
2112 2482 2130 2515 ι

571 2560 640 2614 Et
682 2558 854 2613 alibi:
895 2576 911 2608 ι
947 2555 1102 2610 Licet
1146 2556 1292 2609 enim
1349 2556 1562 2623 reliqua
1592 2556 1703 2607 vita
1749 2562 1935 2607 nostra
1974 2552 2137 2622 digna

572 2650 665 2714 sit,
700 2648 859 2718 cujus
919 2645 1095 2717 gratia
1149 2645 1620 2716 ingemiscamus:
1670 2644 1738 2698 de
1800 2646 1901 2697 hoc
1955 2653 2135 2696 tamen

572 2756 686 2796 uno
739 2740 797 2795 in
847 2740 1081 2794 Domino
1133 2737 1359 2808 gloriari
1414 2738 1614 2801 ausim,
1664 2738 1809 2806 quod
1859 2751 2135 2804 nunquam

569 2832 737 2887 falsas
775 2831 1069 2900 opiniones
1116 2826 1400 2882 habuerim
1446 2826 1515 2880 de
1566 2827 1710 2880 Deo:
1757 2840 1934 2893 neque
1977 2825 2138 2877 aliter

570 2923 864 2979 sentiendo
904 2921 1074 3004 animi
1127 2929 1315 2990 postea
1338 2919 1611 2988 judicium
1646 2920 2005 2973 mutaverint:
2040 2917 2134 2970 sed

571 3031 736 3088 quam
770 3032 803 3070 a
841 3031 1017 3084 puero
1051 3012 1385 3068 sententiam
1420 3011 1486 3064 de
1519 3010 1631 3063 Deo
1673 3028 1701 3062 a
1749 3010 1906 3063 beata
1940 3021 2130 3070 matre,

577 3067 736 3088 1""'“
775 3067 802 3070 —
843 3067 857 3084 .
886 3067 1003 3069 κ
1095 3067 1098 3068 ν
2120 3067 2127 3070 .

572 3107 774 3164 deinde
818 3115 875 3161 et
923 3108 1043 3160 avia
1094 3120 1212 3158 mea
1251 3102 1490 3156 Macrina
1539 3101 1759 3171 recepi,
1794 3101 1938 3154 illam
1971 3101 2135 3169 justis
2160 3067 2202 3125 Ο

570 3200 930 3257 incrementis
961 3207 1175 3251 auctam
1207 3204 1263 3250 et
1292 3193 1530 3247 adultam
1558 3192 1612 3246 in
1649 3207 1736 3246 me
1760 3193 1881 3260 ipso
1916 3208 2136 3246 conser-

566 3289 835 3345 varerim.
858 3305 876 3337 ι
907 3287 970 3340 Et
1001 3300 1196 3338 rursus
1224 3293 1239 3336 ‘.
1283 3302 1301 3335 ι
1336 3284 1448 3351 ligo
1480 3296 1608 3336 sane
1631 3283 1696 3336 ad
1723 3284 1945 3335 crebros
1971 3292 2022 3334 et
2042 3298 2135 3334 va-

568 3383 683 3438 rios
700 3379 937 3436 hostium
961 3387 1273 3432 nostrorum
1296 3375 1584 3430 adversum
1605 3389 1703 3427 nos
1715 3383 1948 3427 conatus
1965 3373 2137 3442 respi.

568 3473 743 3537 ciens,
762 3469 1028 3527 silendum
1049 3481 1192 3531 esse,
1209 3474 1274 3519 et-
1289 3478 1410 3533 qua!
1429 3463 1732 3516 infert-titur
1745 3461 1928 3516 animo
1946 3460 2134 3529 quieto

569 3560 853 3616 toleranda
891 3555 1097 3627 putavi,
1138 3562 1238 3608 nec
1260 3550 1626 3641 resis’tendum
1646 3550 1752 3605 illis
1783 3551 1876 3619 qui
1914 3549 2164 3603 menda--

568 3650 656 3703 cio
693 3646 891 3701 muniti
946 3652 1097 3705 sunt,
1143 3638 1399 3712 pessima'
1439 3641 1655 3696 scilicet
1691 3648 1991 3695 armatura.
2040 3638 2132 3694 Vi-

569 3741 770 3795 dentur
807 3737 956 3791 enim
1021 3735 1156 3788 mihi
1211 3734 1303 3803 qui
1343 3732 1527 3786 odium
1594 3732 1702 3786 hoc
1763 3730 2133 3787 inexcusabile

568 3842 761 3885 contra
792 3844 892 3884 nos
930 3827 1250 3890 induerunt,
1280 3825 1425 3878 haud
1458 3823 1727 3879 dissimile
1766 3826 1833 3877 ab
1862 3839 1930 3877 eo
1953 3822 2133 3876 facere

568 3923 714 3994 quod
760 3920 923 3975 habet
948 3918 1199 3987 Αἰδορὶοο
1230 3917 1433 3971 fabula.
1467 3914 1938 3982 Quemadmodum
1985 3913 2132 3968 enim

567 4017 660 4070 illa
690 4017 872 4083 lupum
902 4011 1091 4078 culpas
1114 4008 1381 4079 quasdam
1412 4009 1679 4062 adversus
1705 4022 1904 4076 agnum
1934 3996 2136 4076 produ-

566 4088 691 4160 cere
720 4103 870 4163 facit,
896 4100 1067 4171 ,quasi
1098 4101 1144 4154 is
1168 4108 1326 4169 turpe
1357 4099 1459 4154 sibi
1492 4113 1557 4153 ac
1590 4097 1986 4153 dedecorosum
2015 4098 2133 4152 fore

571 4196 786 4266 1019
813 4202 987 4265 putet,
1018 4193 1063 4247 si
1101 4203 1300 4262 praeter
1320 4191 1523 4261 justam
1553 4190 1825 4244 rationem
1856 4189 2137 4244 interimat

567 4302 791 4359 agnum,
825 4298 855 4339 a
883 4299 995 4354 quo
1029 4283 1166 4337 nihil
1202 4283 1273 4337 sit
1305 4282 1488 4344 laesus,
1519 4292 1572 4336 et
1613 4292 1817 4345 tamen,
1854 4281 1984 4335 licet
2010 4296 2131 4334 om-

2238 1828 2265 1878 ὑ
2276 1826 2411 1895 μῶν,
2449 1824 2589 1877 ὥστε
2623 1825 2720 1885 τὰς
2755 1823 2815 1887 ἐξ
2845 1825 2963 1884 ἐνὸς
3000 1824 3200 1892 μέρους
3233 1821 3491 1890 γινομένας
3518 1819 3693 1880 διαὸολάς

2241 1917 2317 1984 μὴ
2370 1914 2552 1978 πάντη
2590 1912 2989 1981 παραδέχεσθαι
3021 1912 3098 1972 ὡς
3137 1912 3379 1979 ἀληθεῖς·
3406 1912 3537 1970 διότι,
3569 1908 3692 1969 auxilii);

2237 2010 2569 2076 γέγραπται,
2604 2005 2791 2057 οὐδένα
2841 2004 3021 2073 κρίνει
3050 2006 3079 2057 ὁ
3108 2005 3286 2073 νόμος,
3327 2004 3413 2055 ἐὰν
3453 2004 3515 2071 μὴ
3541 2001 3693 2069 πρῶτον

2236 2095 2446 2165 ἀκούσῃ
2469 2094 2563 2145 καὶ
2589 2091 2702 2161 γνῷ
2731 2091 2784 2143 τί
2821 2092 2986 2146 ποιεῖ.
3032 2110 3050 2143 ι
3086 2093 3195 2145 Καὶ
3225 2091 3440 2159 ἀλλαχοῦ
3471 2090 3586 2159 (24)·
3617 2086 3695 2138 ιΕί

2241 2190 2349 2257 γὰρ
2376 2190 2469 2239 καὶ
2498 2186 2565 2237 τὰ
2608 2185 2743 2238 ἄλλα
2776 2186 2932 2254 ἡμῶν
2965 2183 3286 2252 στεναγμῶν
3315 2182 3446 2247 ἄξια,
3466 2181 3557 2237 ἀλλ’
3575 2180 3695 2245 ἔγωγε

2236 2281 2395 2334 τοῦτο
2430 2270 2617 2347 τολμῶ
2670 2277 2981 2346 καυχᾶσθαι
3036 2278 3103 2330 ἐν
3140 2278 3358 2347 Κυρίῳ,
3404 2276 3475 2327 ὅτι
3515 2271 3695 2324 οὐδέποτε

2238 2366 2665 2436 πεπλανημένας
2713 2365 2875 2435 ἔσχον
2897 2365 2998 2427 τὰς
3036 2366 3169 2433 περὶ
3198 2363 3288 2416 τοῦ
3315 2361 3440 2415 Θεοῦ
3466 2357 3694 2426 ὑπολήψεις.

2236 2460 2270 2531 ἢ
2309 2461 2509 2528 ἑτέρως
2551 2456 2765 2525 φρονῶν
2800 2455 3110 2525 μετέμαθον
3162 2455 3411 2525 ὕστερον
3438 2449 3537 2504 ἀλλ’
3572 2449 3621 2517 ἦν
3652 2446 3694 2498 ἐκ

2238 2551 2427 2613 παιδὸς
2477 2549 2669 2601 ἔλαϐον
2701 2548 2909 2600 ἔννοιαν
2948 2547 3083 2617 περὶ
3128 2546 3263 2601 Θεοῦ
3314 2545 3451 2615 παρὰ
3481 2544 3698 2613 sinimu-

2239 2644 2359 2714 ρίας
2423 2641 2630 2711 μητρός
2685 2655 2788 2709 μου
2845 2637 2939 2692 καὶ
2994 2639 3098 2707 τῆς
3156 2639 3381 2709 μάμμης
3431 2650 3514 2704 μου
3552 2628 3701 2696 Mugi-

2239 2749 2339 2802 νης
2378 2732 2512 2804 (Ξῦ),
2553 2730 2759 2798 ταύτην
2817 2729 3155 2801 αὐξηϐεἰοαν
3203 2730 3352 2799 ἔσχον
3395 2728 3446 2778 ἐν
3490 2720 3696 2792 ἐμαυνῷιο

2237 2826 2349 2878 Καὶ
2386 2825 2585 2877 πάλιν·
2627 2842 2645 2874 ι
2697 2822 2840 2892 Ἐγὼ
2890 2823 3027 2892 πρὸς
3053 2826 3158 2892 τὴν
3207 2819 3484 2888 ἐπάλληλον
3526 2815 3609 2867 τῶν
3639 2812 3695 2878 Et

2239 2910 2384 2980 θρῶν
2432 2911 2592 2981 ἡμῶν
2642 2912 2736 2963 καὶ
2786 2910 3042 2981 ποικίλην
3092 2911 3214 2963 καθ’
3263 2908 3407 2978 ἡμῶν
3455 2901 3702 2971 ἐπιχείρησιν

2237 3003 2564 3056 ἀποϐλέπων
2599 2996 2811 3072 σιῳτὲᾷν
2836 3002 2884 3054 6‘
2907 3001 3066 3071 ᾤμην
3102 3001 3235 3063 δεῖν,
3271 2999 3363 3051 καὶ
3391 2993 3595 3065 δέχεσθαι
3623 2982 3701 3039 καθ’

2237 3094 2467 3163 ἡσυχίαν
2489 3098 2556 3147 τὰ
2579 3094 2913 3162 ἐπαγόμενα,
2939 3091 3060 3162 μηδ’
3083 3090 3355 3162 ἀνταίρειν
3372 3091 3469 3149 τοῖς
3498 3078 3699 3138 καθωπλι-

2237 3186 2452 3252 σμένοις
2485 3182 2561 3252 τῷ
2587 3183 2795 3252 ψεύδει,
2828 3183 2905 3252 τῷ
2932 3182 3155 3253 πονηρῷ
3184 3182 3352 3251 τούτῳ
3373 3179 3518 3248 ὅπλῳ.
3546 3171 3703 3235 Ἐδοξαν

2235 3278 2343 3343 γάρ
2368 3273 2854 3343 μοιπαραπλήσιόν
2890 3289 2940 3323 τι
2966 3277 3143 3324 ποιεῖν
3166 3273 3244 3341 τῷ
3264 3270 3522 3336 Αἰσωπείῳ
3546 3260 3701 3335 μύθῳώ

2234 3371 2294 3420 τὸ
2321 3368 2730 3438 ἀπροφάσιστον
2758 3364 2884 3418 καθ’
2912 3367 2945 3433 ἡ
2956 3366 3073 3434 μῶν
3108 3365 3452 3424 ἀναλασόντες
3475 3362 3610 3429 μῖσος·
3646 3350 3705 3411 ὀἱ

2236 3462 2342 3527 γὰρ
2372 3461 2579 3520 εκεῖνος
2632 3457 2956 3526 ἐγκλήματά
2989 3474 3115 3510 τινα
3163 3457 3245 3526 τῷ
3290 3456 3448 3527 ἀρνίῳ
3490 3451 3562 3505 τὸν
3597 3446 3708 3501 him

2234 3549 2565 3617 προσφέρεὶν
2609 3546 2883 3617 ἐποίησεν,
2903 3549 3294 3618 αἰσχυνόμενον
3320 3545 3464 3616 δῆθεν
3486 3543 3551 3597 ,τὸ
3572 3538 3694 3592 δοκεῖν

2236 3644 2363 3697 ἄνευ
2393 3641 2605 3697 δικαίας
2628 3642 2954 3709 προφάσεως
3003 3643 3254 3710 ἀναιρεῖν
3298 3640 3382 3693 τὸν
3406 3638 3548 3708 μηδὲν
3571 3630 3709 3700 129035-

2235 3737 2484 3802 πησαντα
2509 3750 2523 3764 ·
2550 3732 2642 3785 τοῦ
2691 3733 2733 3784 δ’
2765 3732 2928 3802 ἀρνὸς
2969 3734 3156 3786 πᾶσαν
3195 3736 3293 3802 τὴν
3340 3734 3400 3783 ἐκ
3437 3723 3709 3794 anticipant“

2240 3824 2590 3894 ἐπαγομένην
2620 3823 2801 3877 αίτίαν
2827 3823 3067 3893 εὐχερῶς
3099 3823 3421 3883 διαλύοντος,
3449 3819 3589 3889 μηδὲν

2234 3916 2325 3970 λον
2356 3917 2609 3985 ὑφίεσθαι
2637 3918 2736 3986 τῆς
2778 3919 2953 3985 ὁρμῆς
2988 3915 3082 3969 τὸν
3126 3915 3290 3968 λύκον
3312 3931 3326 3946 ·
3361 3912 3484 3967 ἀλλὰ
3522 3909 3612 3967 τοίς
3647 3902 3712 3972 μὶν

2234 4007 2461 4069 δικαίοις
2483 4005 2770 4075 ἡττᾶσθαι.
2818 4009 2931 4070 τοῖς
2959 4006 3005 4058 δ’
3050 4005 3238 4059 ὀδοῦσι
3289 4006 3468 4074 νικᾷν·
3506 3999 3643 4060 οὓτως
3662 3989 3714 4052 υἷε

2235 4102 2297 4156 τὸ
2327 4101 2450 4154 καθ’
2479 4101 2640 4171 ἡμῶν
2670 4106 2828 4171 μῖσος
2857 4100 2932 4164 ὥς
2957 4118 3012 4152 τι
3044 4099 3159 4154 τῶν
3188 4100 3403 4169 ἀγαθῶν
3430 4088 3712 4153 ἐσπουδάσθην

2234 4193 2595 4264 ἐρυθριᾶντες
2639 4194 2781 4263 τάχα
2838 4192 2917 4261 τῷ
2971 4191 3154 4247 δοκεῖν
3204 4193 3331 4246 ἄνευ
3376 4189 3535 4250 αἰτίας
3573 4181 3714 4253 μισεῖν.

2237 4287 2414 4348 αἰτίας
2442 4286 2748 4339 πλάσσουσι
2799 4284 3118 4355 καθ’,ημῶν
3168 4288 3265 4339 καὶ
3312 4283 3616 4351 ἐγκλήματι.
3652 4268 3717 4323 κλὶ

566 4395 692 4433 nem
726 4391 848 4446 quae
878 4391 941 4430 cx
969 4375 1233 4429 adornata
1269 4373 1539 4427 calumnia
1570 4372 1875 4426 intenditur
1908 4386 2130 4427 accusa-

2235 4378 2412 4431 οὺδενὶ
2436 4377 2544 4430 τῶν
2591 4376 2903 4447 λεγομένων
2959 4382 3122 4447 μέχρι
3174 4377 3374 4439 παντὸς
3423 4372 3715 4442 ἐπιμένουσιν.

571 4471 773 4525 tionem
821 4481 995 4537 agnus
1030 4464 1243 4534 placide
1283 4464 1477 4527 diluat,
1511 4464 1684 4520 nihilo
1719 4467 1890 4533 magis
1940 4466 2128 4533 lupum

2241 4469 2402 4522 Ἀλλά
2429 4469 2524 4521 νῦν
2566 4468 2664 4537 μὲν
2692 4468 2872 4530 τοῦτο,
2897 4467 3017 4537 μετ’
3044 4469 3227 4536 ὀλίγον
3256 4470 3301 4522 δ’
3326 4467 3465 4530 ἄλλο,
3508 4463 3587 4516 καὶ
3611 4455 3718 4516 αὖθις

566 4563 635 4617 ab
677 4562 887 4630 impetu
909 4557 1014 4612 sibi
1048 4568 1379 4626 temperare,
1404 4556 1495 4610 sed
1524 4555 1739 4610 etiamsi
1770 4556 1939 4627 justis
1965 4557 2131 4611 ratio-

2231 4558 2415 4630 ἕτερον
2440 4560 2538 4629 τῆς
2581 4558 2703 4612 καθ’
2745 4560 2902 4630 ἡμῶν
2930 4561 3254 4629 δυσμενείας
3294 4560 3354 4613 τὺ
3397 4561 3550 4612 αίίτιον
3588 4552 3723 4616 λέγω·

569 4656 731 4709 nibus
760 4653 1031 4717 vincatur,
1064 4650 1326 4706 dentibus
1368 4660 1551 4705 tamen
1602 4650 1869 4706 victorem
1905 4650 2131 4719 pervin—

2231 4670 2302 4708 σι.
2338 4672 2358 4704 ι
2417 4653 2527 4705 Καὶ
2562 4650 2761 4725 πάλιν·
2817 4670 2837 4704 ι
2892 4652 3100 4707 Οὐκοῦν
3131 4657 3227 4706 καὶ
3269 4652 3423 4705 τοῦτο
3466 4647 3719 4720 ημῖνὲγκεν

566 4763 732 4801 cere:
764 4746 836 4801 ita
867 4757 922 4801 et
951 4746 1043 4816 qui
1093 4745 1223 4799 odio
1269 4744 1445 4798 nostri
1487 4758 1595 4797 non
1636 4758 1794 4798 secus
1836 4753 2001 4811 atque
2050 4743 2130 4797 rei

2231 4746 2401 4810 λοῦσι,
2435 4744 2497 4798 τὸ
2545 4746 2616 4797 τὰ
2655 4745 3023 4815 ἐπιλεγόμενα
3076 4749 3144 4816 τῇ
3198 4746 3321 4816 θείᾳ
3351 4744 3501 4815 φύσει
3543 4740 3723 4806 ὀνόματι

566 4841 809 4893 honesta:
837 4837 1081 4903 student,
1113 4846 1272 4905 turpe
1306 4833 1487 4889 forsan
1525 4845 1801 4905 putantes,
1846 4836 1891 4890 si
1923 4836 2130 4904 absque

564 4930 778 4983 ratione
826 4942 928 4981 nos
976 4927 1105 4982 odio
1137 4926 1392 4996 persequi
1447 4926 1755 4988 videantur,
1788 4940 1984 4981 causas
2016 4925 2129 4980 odti

563 5027 753 5073 contra
782 5032 884 5072 nos
917 5025 974 5072 et
1001 5018 1236 5072 erimina
1267 5016 1500 5087 tingunt.
1528 5016 1673 5071 Nihil
1710 5028 1891 5072 autem
1933 5031 2126 5071 eorum

562 5126 686 5181 quin
716 5119 905 5165 contra
943 5123 1043 5162 nos
1073 5108 1346 5172 feruntur,
1381 5117 1699 5163 constanter
1734 5116 1994 5173 tuentur;
2030 5111 2124 5163 sed

561 5218 710 5256 nunc
761 5201 922 5262 hanc.
970 5199 1135 5268 paulo
1168 5210 1294 5269 post
1326 5200 1511 5265 aliam,
1558 5208 1616 5253 et
1662 5215 1855 5255 rursus
1905 5216 2124 5271 quoque

561 5294 722 5347 aliam
770 5290 1072 5347 inimicitiae
1116 5304 1338 5345 causam
1379 5291 1678 5360 assignant.
1719 5309 1737 5342 ι
1772 5291 1841 5346 Ει
1886 5306 2120 5347 rursus:

566 5401 588 5438 ι
629 5385 818 5461 Itaque
839 5392 898 5438 et
931 5382 1036 5438 boc-
1064 5382 1142 5437 illi
1173 5382 1334 5438 nobis
1364 5384 1580 5436 crimini
1611 5383 1763 5449 dant,
1791 5384 1937 5453 quod
1976 5400 2127 5439 com-

2247 4837 2550 4908 μοναδικῶς
2590 4836 2956 4904 ἐξαγγέλλειν.
3014 4836 3162 4890 “AD!
3219 4837 3433 4906 ἕτοιμος
3477 4834 3593 4902 ἡμῖν
3632 4824 3723 4893 πρὶς

2235 4928 2395 4981 τοῦτο
2419 4929 2510 4982 καὶ
2540 4929 2717 4998 σαφὴς
2738 4929 2772 4980 ὁ
2794 4927 2968 4997 λόγος.
3007 4929 3068 4981 ⁸0
3095 4931 3204 4999 γὰρ
3246 4926 3639 4996 καταγινώσκων
3654 4915 3726 4969 τῶν

2236 5022 2368 5090 μίαν
2394 5019 2663 5089 λεγόντων
2694 5019 2923 5090 θεότητα
2963 5020 3024 5087 ἐξ
3063 5024 3314 5092 ἀνάγκης
3356 5020 3433 5089 τῷ
3460 5015 3633 5073 πολλὰς
3667 5005 3728 5058 λέ’

2230 5126 2419 5176 γοντι.
2473 5110 2505 5181 ἦ
2559 5111 2631 5180 τῷ
2681 5111 2971 5181 μηδεμίαν,
3030 5109 3376 5179 συνθήσεται.
3417 5105 3607 5173 Οὑτάρ
3644 5100 3730 5151 ἔστι

2230 5202 2477 5267 δυνατὸν,
2528 5202 2714 5272 ἕτερόν
2756 5219 2811 5255 τι
2856 5201 3009 5272 παρὰ
3043 5204 3104 5255 τὸ
3146 5203 3433 5272 εἰρημένον
3480 5191 3726 5258 ἐπινοῆσαι·

2236 5294 2297 5346 Ιζί
2327 5288 2422 5347 οὖν
2445 5293 2503 5346 τὸ
2531 5295 2611 5356 είς
2646 5294 2847 5363 πλῆθος
2880 5294 3140 5346 ἐκτείνειν
3166 5294 3256 5346 τὸν
3281 5290 3503 5361 ἀριθμὸν
3524 5287 3618 5340 τῶν
3642 5285 3728 5333 059-

2233 5387 2411 5456 τήτων
2444 5387 2621 5455 μόνων
2679 5388 2789 5442 τῶν
2834 5387 2934 5458 τὴν
2981 5386 3245 5441 πολύοεον
3278 5386 3474 5455 πλάνην
3499 5369 3729 5443 νενοσηκό-

1890 5499 2241 5564 .Variorum
2280 5508 2467 5563 noue.

633 5600 742 5670 (ait)
780 5601 927 5654 ldcm
962 5601 1250 5655 Eustatbio
1285 5602 1528 5670 episeop.
1562 5576 1842 5659 Scbastire.
1877 5604 2114 5658 Βοινιιν..

630 5669 742 5738 (ἓῦ)
771 5670 846 5725 De
902 5687 1007 5741 qua
1041 5673 1160 5726 vide
1191 5683 1245 5727 et
1293 5669 1578 5741 epistolam
1617 5678 1729 5737 τοῖς
1777 5675 2106 5745 Νεοκαιςαρ.
2151 5676 2367 5730 Bowm.
