3982 6214
216 356 223 369 ‘
288 356 412 420 2297
660 354 740 419 ιι.
782 366 833 407 c.
872 335 1035 424 tam

1249 356 1694 420 ΒΥΖΑΝΤΙΝᾸΞ
1734 361 2120 422 IlISTORI/E
2153 363 2299 424 LIB.
2333 362 2495 424 XXI.

3378 358 3514 420 1-98

2608 356 2748 445 [ηιμ.
2784 371 2826 411 1.
2866 367 3163 412 σιδηροῖ.
3205 356 3261 427 5|

283 470 659 543 καθῃρέθησαν
688 473 777 527 διά
799 473 897 545 τὴν
926 474 1182 529 ἀσέϐειαν
1212 475 1321 529 τῶν
1348 477 1850 548 καινοτομηθέντων

1962 488 2097 534 male
2120 478 2345 544 feriunt,
2374 494 2472 549 per
2500 490 2639 547 quos
2672 475 2797 547 ipsi,
2822 484 2882 529 ut
2904 491 3172 530 novorum
3201 474 3522 544 impiorum-

283 561 585 632 δογμάτων,
616 565 820 619 οὑτωσὶ
853 566 980 630 τοὺς
1008 566 1105 636 τῆς
1144 565 1401 639 ἀσεϐείας
1445 568 1703 639 ἐλέγχους
1733 569 1850 623 δια-

283 655 466 723 δρᾶναι
500 656 841 726 νομίσαντες,
880 660 955 729 μὴ
986 658 1122 730 πρὸς
1166 638 1479 714 ἐπισκόπων
1512 638 1693 732 δῆθεν,
1729 660 1847 715 ἀλλ’

283 747 381 800 ὑπὸ
401 747 802 820 καθῃρημένων
828 750 1247 821 καθαιρεθέντες
1268 766 1285 783 ⁸
1322 752 1418 806 καὶΙ
1445 753 1619 807 ταῦτα
1643 754 1753 806 τῶν
1782 770 1848 821 γε

285 838 535 891 πλειόνων
564 840 919 911 ὑπαρχόντων
958 843 1160 907 αὐτῶν,
1199 844 1248 897 οἳ
1284 845 1381 897 σὺν
1418 844 1496 915 τῷ
1531 844 1846 917 πατριάρχῃ

284 931 399 985 τότε
431 933 526 987 καὶ
564 937 673 997 τοῖς
711 936 1036 999 ἐπισκόποις
1068 936 1298 1000 ἐκείνοις
1325 932 1468 1008 ἦσαν
1500 937 1548 990 οἱ
1580 937 1848 1006 Παλαμᾶν

284 1039 339 1074 τε
362 1022 523 1075 αὐτὸν
546 1023 925 1095 καθῃρηκότες
948 1026 1044 1079 καὶ
1071 1027 1574 1097 ἀναθεματίσαντες
1605 1028 1701 1082 καὶ
1730 1027 1848 1098 ἅμα

285 1115 403 1177 τοὺς
429 1114 569 1185 ἀμφ’
591 1117 754 1169 αὐτόν
775 1133 790 1149 ο
845 1117 913 1172 δι’
949 1117 986 1173 ἃ
1020 1119 1260 1189 σήμερον
1308 1120 1535 1183 ἑαυτοὺς
1568 1118 1850 1189 ἀναθεμα-

283 1202 537 1271 τίζουσιν,
573 1207 1017 1280 ὑπερμαχοῦντες
1046 1211 1141 1265 τοῦ
1171 1211 1428 1282 Παλαμᾶ.
1460 1210 1718 1282 Ἐζήτουν
1740 1210 1849 1279 γὰρ

287 1297 484 1363 μᾶλλον
532 1296 873 1368 ἁμαρτάνειν
924 1301 1264 1369 ἀνέγκλητα,
1309 1301 1343 1370 ἦ
1391 1302 1502 1364 τοῖς
1547 1300 1849 1369 ἐπιτιμίοις

287 1388 612 1452 ὑπείκοντας
646 1391 914 1458 εὐσεϐεῖν,
947 1393 1041 1445 καὶ
1085 1392 1152 1446 δι’
1186 1392 1464 1447 ἀπώλειαν
1509 1392 1711 1463 μᾶλλον
1749 1391 1852 1461 ψυ-

286 1482 382 1552 χῆς
416 1483 743 1551 σωματικῶς
770 1484 1089 1553 εὐπραγεῖν.

354 1576 427 1627 Δ’.
470 1573 660 1643 Ὅμως
703 1574 813 1629 οὐδ’
866 1575 1140 1628 ἀπώλειαν
1173 1575 1328 1648 ῷοντ³
1373 1573 1514 1631 εἶναι
1559 1576 1736 1648 ψυχῆς
1782 1576 1853 1630 τὰ

285 1665 553 1736 δρώμενα.
612 1666 737 1730 Πῶς
784 1666 916 1736 γὰρ,
951 1667 1000 1720 οἳ
1037 1668 1505 1739 τυραννικώτερον
1552 1669 1754 1740 τρόπον
1789 1669 1851 1722 τὸ

286 1756 630 1833 αύτεξούσιόν
654 1776 715 1810 τε
751 1761 844 1812 καὶ
874 1759 1197 1829 βουλόμενον
1219 1758 1314 1815 τοῦ
1347 1759 1483 1814 Θεοῦ
1520 1760 1850 1837 σφετερισά-

291 1871 457 1923 μενοι,
492 1853 553 1906 τό
575 1853 627 1920 γ’
657 1855 738 1917 είς
764 1853 961 1917 αὐτοὺς
994 1847 1151 1925 ἦχον,
1185 1854 1346 1939 αύςτδν
1388 1854 1487 1925 μὲν
1528 1855 1585 1908 ὲν
1628 1854 1850 1918 κόλποις

286 1945 451 2013 δήπου
486 1944 594 1997 τῶν
622 1946 888 2014 οὐρανίων
929 1946 1187 2014 θαλάμων
1216 1946 1655 2015 περιγράψαντες
1692 1964 1850 2000 συνε-

288 2034 554 2104 κάλυψαν,
585 2035 958 2090 ἀνυπόστατον
1008 2037 1065 2091 δέ
1110 2055 1232 2091 τινα
1263 2038 1358 2090 καὶ
1404 2037 1657 2092 ἀνούσιον
1698 2038 1851 2091 ἔθεο-

290 2129 517 2196 ποίησαν
541 2131 848 2197 ἐνέργειαν,
877 2128 1074 2183 ταυτὸν
1103 2129 1280 2182 εἰπεῖν
1311 2130 1500 2183 ἀθεῖαν
1524 2146 1539 2162 ·
1571 2127 1639 2183 ἶν’
1666 2131 1853 2201 ἀμαρ-

287 2221 517 2271 τάνωσιν
564 2218 894 2288 ἀνέγκλητα,
924 2219 1018 2272 καὶ⁵
1036 2219 1232 2289 ἄφεσιν
1251 2219 1501 2289 ἀλλήλοις
1523 2220 1855 2291 ἁμαρτημά-

288 2321 396 2359 των
418 2304 618 2360 διδόναι
636 2324 692 2360 τε
718 2312 810 2361 καὶ
835 2308 1253 2378 ἀντιλαμϐάνειν
1277 2310 1639 2375 αὐτεξουσίως
1668 2310 1853 2380 ἔχωσι,

204 2444 219 2454 .
291 2398 541 2471 καθάπερ
572 2402 620 2453 οί
651 2399 719 2453 τά
745 2402 801 2454 ὲν
835 2403 1061 2473 ἀγοραῖς
1090 2403 1194 2473 ὄψα
1229 2405 1632 2475 πιπράσκοντες
1661 2421 1721 2457 τε
1758 2406 1855 2459 καὶ

291 2490 606 2559 ὠνούμενοι.
630 2493 725 2557 El;
741 2493 900 2548 τοῦτο
917 2495 1025 2564 γὰρ
1045 2491 1199 2565 οἶμαι
1214 2495 1410 2550 τείνειν
1431 2497 1522 2549 καὶ¹
1538 2495 1566 2548 ὃ
1592 2496 1727 2567 πρὸς
1744 2500 1857 2559 τοῖς

285 2584 462 2650 ἄλλοις
477 2585 588 2639 ύπδ
600 2585 691 2640 τοῦ
712 2586 945 2653 Παλαμᾶ
958 2586 1215 2643 καὶτοῦτο
1230 2588 1323 2656 δογ
1330 2587 1523 2657 ματιζό
1529 2604 1687 2657 μενον
1705 2586 1801 2656 βλα
1809 2592 1861 2639 σ-

297 2677 584 2745 φημεῖται·
636 2677 907 2748 ἀνάρχους
928 2677 1129 2749 δηλαδὴ
1176 2678 1302 2743 τοὺς
1340 2677 1659 2750 ἀνθρώπους
1706 2678 1861 2732 καθί-

289 2764 513 2819 στασθαι
537 2767 631 2819 καὶ⁴
650 2766 957 2830 ἁκτίστους·
980 2766 1170 2820 ταυτδν
1197 2765 1242 2819 δ’
1271 2768 1445 2821 εἰπεῖν
1466 2768 1860 2828 ἐνυποστάτους

288 2854 380 2907 καὶ
402 2854 676 2918 ινουσίους
692 2854 866 2918 θεοὺς,
884 2855 1180 2925 ἀπειράκις
1199 2855 1483 2925 ἀπείρους,
1506 2856 1614 2910 τῶν
1631 2858 1861 2926 ἀπειρά-

289 2962 375 3008 κις
401 2945 642 3016 ἀπείρων
696 2945 822 3016 (χρὴ
877 2946 988 3016 γὰρ
1017 2946 1136 2999 κατ’
1166 2947 1372 2999 ἔκλυον
1401 2946 1636 3001 ἐνταῦθα
1654 2947 1862 3018 καλεῖν)

289 3038 588 3109 ἐνεργειῶν
628 3040 723 3092 καὶ
773 3038 1065 3108 θεοτήτων,
1116 3038 1387 3093 ἀκτίστων
1443 3041 1538 3093 καὶ
1598 3042 1864 3117 ἀνουσίων

1948 586 2055 639 que
2085 571 2399 639 dogmatum
2437 574 2710 629 auctores,
2735 564 2930 637 dejecti
2963 565 3211 626 fuerant.
3250 580 3427 634 eoque
3462 579 3520 617 se

1948 660 2247 731 impietatis
2299 671 2485 716 notam
2540 660 2867 731 effugituros
2921 659 3281 719 arbitrantur.
3314 657 3459 728 quod
3492 675 3519 710 τι

1948 752 2149 823 quibus
2193 752 2389 824 dejecti
2421 752 2553 814 sint.
2589 752 2626 806 ii
2687 750 2939 805 videlicet
2989 766 3097 804 non
3128 749 3392 819 episcOpi.
3426 749 3519 802 sed
3622 824 3625 827 _

1949 847 2142 918 dejecti
2179 846 2280 915 ipsi
2320 845 2388 901 de
2438 845 2609 915 gradu
2635 842 2863 901 fuerint.
2894 844 2960 899 Et
2990 846 3110 900 haec
3143 837 3264 914 qui
3297 843 3522 905 faciunt,

1948 953 2139 994 eorum
2164 938 2411 1007 plerique
2444 938 2612 993 iidem
2656 947 2804 1003 sunt,
2837 938 2931 1007 qui
2969 953 3095 991 cum
3130 936 3441 1007 patriarrha’
3470 948 3525 991 et

1947 1029 2220 1100 episcopis
2258 1030 2367 1084 illis
2423 1038 2537 1084 tum
2577 1029 2859 1098 conjuncti
2888 1028 3163 1082 Palamam
3203 1038 3259 1082 et
3289 1029 3410 1098 ejus
3443 1042 3528 1081 as-

1947 1120 2122 1175 seclas
2146 1119 2485 1175 anathemati
2521 1120 2899 1190 subjeeerunt.
2930 1119 3119 1188 Itaque
3146 1118 3311 1172 iidem
3337 1117 3523 1180 hodie,

1949 1226 2052 1281 pro
2082 1211 2301 1266 Palama
2342 1222 2673 1282 pugnantes,
2714 1226 2773 1266 se
2800 1212 2950 1281 ipsos
2988 1209 3323 1266 anathemati
3350 1209 3527 1279 subji-

1949 1304 2122 1360 ciunt.
2153 1303 2359 1373 Nempe
2384 1303 2460 1359 illi
2490 1304 2712 1375 impune
2743 1320 2973 1374 peccare
3002 1304 3336 1367 maluerunt,
3362 1318 3524 1371 quam

1949 1411 2141 1467 ptenas
2172 1397 2354 1451 dando
2401 1398 2581 1452 colere
2632 1397 2889 1467 pietatem
2917 1439 2930 1461 ,
2967 1405 3025 1451 et
3055 1405 3114 1450 ut
3144 1396 3362 1465 corpori
3390 1396 3527 1449 bene

1950 1498 2118 1555 esset,
2152 1489 2391 1543 animam
2423 1490 2569 1544 ultro
2606 1489 2987 1560 perdiderunt.

2024 1582 2114 1639 IV.
2154 1582 2321 1651 Atqui
2352 1582 2426 1635 illi
2460 1596 2565 1636 nec
2594 1598 2658 1636 ea
2693 1598 2814 1651 qua:
2844 1582 3037 1636 ﬁerent
3063 1581 3371 1652 perniciosa
3403 1582 3525 1635 ani-

1952 1689 2054 1729 mae
2106 1688 2227 1728 esse
2280 1673 2582 1728 credidere.
2623 1673 2976 1743 Ecqumnodo
3024 1683 3206 1728 autem
3259 1673 3527 1728 credidis-

1952 1775 2096 1831 sent,
2121 1766 2215 1836 qui
2237 1764 2563 1845 auctoritate
2603 1773 2658 1819 et
2698 1765 2979 1845 voluntate
3026 1765 3210 1819 divina
3245 1766 3524 1837 tyrannice

1952 1859 2057 1914 sibi
2114 1857 2250 1928 ipsis
2305 1842 2576 1927 subjecta,
2605 1866 2872 1926 quantum
2916 1842 3141 1926 quidem
3199 1856 3255 1909 in
3308 1872 3367 1910 se
3398 1854 3524 1919 fuit,

1953 1951 2129 2022 ipsum
2166 1949 2337 2003 Deum
2374 1950 2427 2003 in
2478 1947 2785 2002 recessibus
2818 1947 3124 2002 caelestium
3161 1947 3525 2001 thalamorum

1953 2041 2427 2109 circumscriptum
2462 2040 2841 2101 occultat-unt,
2895 2040 3187 2110 quamdam
3220 2049 3403 2093 autem
3441 2040 3530 2093 in-

1954 2129 2344 2185 subsistentem
2427 2128 2853 2198 substantiaeque
2918 2138 3196 2198 cXpertem
3258 2130 3536 2200 operatio-

1955 2232 2105 2283 nem,
2132 2233 2251 2278 seu.
2282 2216 2429 2286 quod
2484 2215 2626 2270 idem
2665 2226 2769 2279 est,
2795 2218 3122 2272 atheismum
3172 2220 3349 2289 ipsum
3381 2219 3532 2273 deifi-

1956 2318 2151 2366 carunt
2175 2350 2190 2377 ,
2212 2308 2473 2363 nimirum
2495 2316 2559 2363 ut
2589 2318 2817 2380 peccent
2846 2308 3069 2378 impune
3093 2318 3148 2362 et
3176 2317 3530 2378 peccatorum

1957 2401 2198 2467 veniam,
2242 2400 2475 2471 perinde
2541 2410 2602 2455 ut
2667 2401 2898 2454 obsonia
2956 2399 3010 2453 in
3061 2399 3181 2454 foro
3228 2399 3534 2454 vendentes

1957 2504 2335 2565 ementesque,
2365 2494 2600 2550 invicem
2640 2493 2770 2549 dare
2811 2505 2867 2548 et
2900 2493 3151 2562 accipere
3179 2492 3391 2562 privata
3430 2508 3532 2547 au-

1959 2590 2215 2645 ctoritate
2275 2588 2506 2657 possint.
2547 2586 2625 2641 Eo
2686 2587 2836 2640 enim
2888 2594 3136 2654 spectare
3202 2585 3332 2638 illud
3378 2593 3533 2654 puto.

1959 2681 2105 2751 quod
2141 2680 2387 2735 Palamas
2445 2686 2647 2750 praeter
2669 2687 2864 2733 ca-tera
2919 2678 3085 2743 impie
3128 2677 3289 2732 docet
3321 2685 3376 2731 et
3414 2693 3539 2746 pro-

1963 2770 2215 2827 nuntiat:
2251 2770 2505 2824 homines
2533 2768 2671 2824 e’llici
2711 2766 2966 2838 principii
3008 2778 3261 2837 expertes
3323 2766 3539 2838 1024

1962 2877 2019 2921 et
2051 2867 2363 2928 increatos;
2396 2878 2515 2924 seu,
2542 2861 2688 2932 quod
2721 2861 2862 2915 idem
2894 2868 2995 2919 est.
3031 2861 3170 2914 Deos
3198 2876 3295 2929 per
3317 2876 3375 2915 se
3406 2859 3536 2914 sub-

1965 2957 2245 3018 sistentes,
2277 2966 2332 3009 et
2365 2955 2669 3009 substantia
2697 2953 2954 3023 pr.cditos
2985 2951 3247 3006 inlinitics
3274 2952 3537 3014 inﬁnitos.

1970 3047 2234 3103 inlinities
2287 3046 2622 3100 inﬁnitarum
2687 3046 2926 3113 (oportet
2959 3044 3106 3096 enim
3138 3044 3240 3123 hoc
3295 3044 3415 3097 loco
3461 3042 3541 3097 sic

291 3130 450 3196 θεῶν,
487 3131 686 3185 ταυτδν
711 3128 756 3184 δ’
794 3132 970 3185 είπεῖν
1015 3131 1281 3202 μηδένων.
1330 3131 1422 3202 Τῷ
1466 3134 1575 3203 γὰρ
1624 3135 1858 3205 ἀκτίστῳ

1971 3155 2168 3195 vocare
2203 3149 2260 3192 ut
2289 3138 2357 3192 ab
2378 3153 2444 3190 eo
2473 3135 2759 3204 vocantur)
2784 3139 3132 3204 energiarum
3197 3143 3256 3189 et
3283 3133 3543 3188 divinita-

290 3224 387 3277 καὶ
417 3223 778 3295 ἀνυποστάτῳ
826 3224 887 3275 τὸ
935 3222 1106 3292 μηδὲν
1141 3221 1269 3292 μήτ’
1300 3218 1437 3276 εἶναι
1469 3224 1607 3295 μήτε
1638 3224 1863 3278 πιστεύ-

291 3315 448 3369 εσθαι
478 3317 645 3370 πᾶσιν
684 3316 991 3386 ἀνθρώποις
1041 3315 1189 3367 δοκεῖ
1231 3316 1327 3368 καὶ
1373 3315 1715 3380 πιστεύεται,
1764 3317 1862 3370 καὶ

291 3409 477 3470 αὐτοῖς
505 3424 569 3476 γε
600 3410 712 3472 τοῖς
743 3408 1021 3477 βρέφεσιν,
1053 3405 1195 3462 εἶναι
1227 3410 1443 3461 ταυτὸν.
1469 3396 1565 3479 [PI
1597 3408 1725 3480 6M]
1759 3409 1861 3461 Οὐ-

290 3500 453 3571 δεμία
481 3499 588 3571 γὰρ
624 3500 799 3571 (φησι)
840 3500 1021 3569 φύσις,
1063 3501 1146 3554 ὅτι
1184 3500 1259 3572 μὴ
1292 3501 1410 3553 τόδε
1441 3499 1610 3565 ἐστὶν,
1631 3499 1751 3554 ἀλλ’
1777 3501 1859 3555 ὅτι

290 3592 433 3647 τόδε.
448 3592 513 3645 Ἡ
527 3584 621 3645 τοῦ
640 3591 791 3655 ὄντος
820 3591 965 3655 θέσις
983 3592 1079 3662 ούχ
1110 3593 1143 3662 ἡ
1161 3591 1251 3646 τοῦ
1285 3592 1360 3662 μὴ
1377 3591 1529 3655 ὄντος
1554 3593 1858 3664 ἀναίρεσις.

1971 3241 2106 3295 tum,
2132 3246 2251 3300 quae
2278 3231 2388 3282 sint
2429 3227 2658 3282 increati
2714 3238 2770 3281 et
2819 3231 3123 3282 substantia
3150 3237 3400 3282 carentes
3423 3226 3538 3289 dii;

1969 3336 2090 3384 seu,
2119 3318 2267 3389 quod
2320 3318 2467 3372 idem
2521 3327 2628 3383 est,
2662 3317 2820 3371 nulli.
2851 3317 2985 3370 Nam
3018 3316 3162 3385 quod
3205 3328 3289 3371 est
3328 3316 3545 3370 increa-

1969 3422 2085 3467 tum
2116 3409 2282 3464 simul
2311 3418 2368 3462 et
2393 3410 2712 3463 substantiae
2741 3423 2960 3477 expers,
2987 3408 3039 3461 id
3072 3407 3332 3461 omnibus
3359 3407 3541 3461 homi-

1967 3504 2153 3562 nibus,
2182 3511 2237 3555 et
2263 3500 2397 3570 ipsis
2423 3514 2644 3569 quoque
2670 3499 2995 3561 infantibus,
3025 3498 3242 3552 videtur
3271 3498 3542 3552 creditur-

1967 3610 2075 3665 que
2106 3594 2249 3649 idem
2278 3608 2402 3647 esse
2447 3602 2614 3661 atque
2650 3590 2805 3656 illud,
2834 3591 2979 3661 quod
3014 3590 3149 3643 nihil
3173 3600 3259 3644 est
3288 3589 3542 3658 nihilque

290 3699 413 3741 esse
468 3684 729 3740 creditur.
778 3684 937 3739 Nulla
985 3685 1155 3751 enim,
1207 3685 1405 3755 inquit,
1460 3696 1655 3741 natura
1692 3686 1749 3741 in
1797 3701 1865 3742 eo
1905 3687 2177 3751 consistit,
2213 3684 2361 3756 quod
2410 3671 2534 3743 non
2567 3683 2641 3739 sit
2702 3685 2828 3748 hoc,
2884 3682 2978 3738 sed
3031 3682 3083 3736 in
3151 3696 3238 3747 eo,
3267 3681 3412 3752 quod
3437 3682 3542 3736 hoc

289 3780 385 3837 sit.
407 3779 527 3838 Non
576 3772 803 3850 ponitur
855 3781 907 3833 id
937 3780 1085 3850 quod
1126 3791 1229 3847 est,
1262 3782 1366 3837 hoc
1399 3781 1518 3852 ipso
1548 3781 1695 3851 quod
1722 3782 1934 3839 tollitur
1970 3784 2023 3840 id
2050 3782 2196 3854 quod
2228 3798 2339 3837 non
2374 3791 2479 3836 est.

359 3871 440 3927 E'.
474 3871 630 3926 Οὕτω
682 3870 1070 3942 μειρακιωδῶς
1123 3871 1531 3925 ὲνεανιεύσαντο
1576 3872 1719 3927 κατὰ
1762 3874 1864 3946 τῆς

287 3964 607 4030 εὐσεϐείας,
661 3963 759 4018 καὶ
810 3962 983 4027 οὕτως
1020 3962 1258 4018 ἀσύνετα
1311 3965 1429 4018 καθ’
1476 3965 1633 4036 ἡμῶν
1676 3967 1864 4035 είργά-

288 4057 458 4111 σαντό
486 4073 543 4110 τε
573 4057 669 4110 καὶ
698 4054 1115 4122 ἐϐουλεύσαντο,
1158 4057 1279 4121 ταῖς
1311 4056 1610 4127 ἡμετέραις
1654 4074 1866 4126 συμφο-

289 4151 416 4219 ραῖς
440 4147 540 4219 τὴν
568 4145 781 4201 ἑαυτῶν
821 4146 1106 4209 ἑστιῶντες
1139 4147 1458 4218 θηριωδίαν,
1499 4149 1595 4203 καὶ
1628 4149 1737 4202 πᾶν
1765 4163 1865 4202 πο-

286 4240 457 4312 νηρὸν
488 4240 642 4311 ῥῆμα
672 4238 798 4293 καθ’
832 4239 989 4310 ἡμῶν
1031 4238 1353 4309 ψευδόμενοι
1397 4241 1699 4306 συνέθεντο,
1742 4240 1866 4295 καθ’

286 4335 392 4387 ὅσα
434 4335 530 4387 καὶ
573 4327 662 4387 οἷά
690 4349 877 4401 σφισιν
924 4331 1236 4402 ὑπηγόρευε
1285 4331 1347 4385 τὸ
1398 4331 1740 4403 θυμούμενον
1768 4335 1867 4403 τῆς

284 4423 502 4495 ψυχῆς
543 4423 643 4478 καὶ¹
680 4422 891 4494 ἀγορὰς
926 4425 1023 4477 καὶ
1054 4423 1270 4492 Oéarpw
1288 4421 1450 4477 πάντ’
1478 4421 1868 4495 ἐμπεπλήκασί

284 4516 359 4568 δι’
408 4513 693 4587 ἐμμίσθων
741 4514 1024 4587 κηρύκων,
1073 4512 1326 4583 λαμπρὸν
1372 4516 1452 4578 είς
1500 4515 1868 4584 ἀνανταγώνι-

286 4624 419 4661 στον
449 4607 718 4660 πίστωσιν
766 4608 878 4661 τῶν
927 4608 1238 4660 ἀκουόντων
1275 4606 1729 4677 ἐπιτηδεύσαντες
1771 4608 1864 4662 τδν

281 4702 561 4772 ἡμέτερον
585 4701 916 4771 συγλεισμόν
937 4717 952 4731 ·
986 4703 1074 4755 ῐνα
1109 4701 1235 4755 καθ’
1260 4701 1418 4773 ἡμῶν
1446 4720 1507 4755 τε
1541 4702 1863 4766 πλάττοντες

282 4792 699 4863 ἔπιψηφίζωσιν
744 4794 905 4847 ὁποῖα
963 4794 1056 4846 καὶ
1112 4794 1216 4847 ὅσα
1269 4793 1544 4863 βούλοιντο
1599 4795 1695 4848 καὶ
1746 4794 1866 4865 ἅμα

282 4866 511 4948 πλείους
548 4885 658 4938 τῶν
679 4886 958 4947 ἀσυνέτως
1000 4883 1231 4955 ἑχόντων
1268 4885 1560 4955 μαθήσεως
1598 4885 1737 4957 πρὸς
1765 4884 1864 4957 τὴν

282 4977 567 5049 σφετέραν
621 4976 803 5031 αὐτῶν
850 4976 1106 5031 ἀσέϐειαν
1151 4977 1719 5048 προσεταιρίζωνται,
1770 4978 1867 5031 τοῦ

280 5070 446 5141 παρὰ
491 5069 658 5132 πόδας
713 5066 940 5141 ἐλέγχου
995 5071 1141 5123 κατὰ
1197 5068 1493 5140 διάμετρον
1543 5070 1862 5140 ἱσταμένου,

283 5161 437 5231 μήτε
462 5160 595 5214 θεὸν
623 5159 971 5230 φοϐούμενοι,
1018 5160 1142 5231 μήτ’
1177 5159 1501 5230 ἀνθρώπους
1530 5161 1864 5232 αἰδούμενοι,

288 5250 430 5321 μήτ’
460 5253 542 5314 είς
573 5251 635 5304 τὸ
672 5251 863 5322 μέλλον
894 5247 1037 5305 εἶναι
1068 5250 1417 5316 πιστεύοντές
1449 5269 1574 5305 τινα
1619 5253 1732 5307 τῶν
1779 5256 1869 5307 ὲν-

212 5329 217 5333 ,
276 5344 467 5400 ταῦθα
488 5345 787 5416 δρωμένων
814 5344 1019 5416 κρίσιν,
1042 5345 1202 5416 ’μήτε
1249 5343 1589 5400 κατάστασιν
1632 5344 1868 5417 ἀμοιϐῆς

277 5438 517 5509 ἀγαθῶν
560 5438 659 5493 καὶ
708 5437 916 5505 κακῶν,
947 5435 1023 5505 ὥς
1050 5437 1122 5505 τὰ
1166 5436 1289 5509 ἱερά
1341 5437 1652 5494 διδάσκουσι
1685 5437 1865 5508 λόγια.

361 5778 383 5810 ⁸
422 5778 614 5837 Matth.
646 5796 703 5849 γ,
746 5781 832 5836 ll.

2034 3875 2099 3931 V.
2130 3874 2209 3929 Ita
2253 3871 2457 3928 saniori
2502 3869 2770 3925 doctrinae
2806 3870 3131 3938 iuveniliter
3178 3869 3255 3924 illi
3313 3868 3545 3924 insulta-

1962 3978 2113 4031 runt,
2142 3968 2218 4022 ita
2272 3979 2373 4020 nos
2419 3963 2579 4019 factis
2606 3962 2964 4033 consiliisque
2991 3961 3341 4017 dementibus
3372 3978 3544 4030 oppu-

1963 4068 2220 4131 gnarum,
2246 4057 2650 4114 calamitatibus
2673 4064 2683 4088 ¹
2704 4058 2907 4111 nostris
2958 4054 3358 4131 humanitatem
3385 4068 3542 4109 suam

1963 4153 2212 4208 cibantes
2235 4192 2249 4218 ,
2278 4151 2553 4221 iidemque
2583 4164 2746 4205 omne
2772 4149 2976 4203 malum
3001 4130 3228 4203 verbum
3252 4147 3542 4204 adversum

1965 4260 2069 4300 nos
2107 4244 2439 4299 mentientes
2464 4258 2534 4297 ex
2560 4241 2865 4312 composito
2896 4242 3066 4297 locuti
3099 4249 3247 4305 sunt,
3276 4240 3543 4312 quidquid

1968 4337 2048 4391 ira
2082 4344 2420 4406 suggereret,
2473 4324 2876 4404 qualiacunque
2922 4334 3142 4388 animus
3175 4334 3406 4389 dictaret
3435 4352 3448 4388 :
3478 4335 3546 4388 iis

1970 4426 2087 4481 fora
2119 4427 2439 4496 theatraque
2472 4426 2658 4481 omma
2705 4440 2806 4495 per
2861 4426 3237 4481 conductitios
3262 4441 3545 4496 pra‘cones

1970 4520 2364 4590 impleverunt.
2411 4518 2590 4588 Atque
2635 4527 2787 4573 utea
2820 4533 2943 4588 quae
2975 4518 3260 4582 dicebant,
3297 4510 3545 4574 audienti

1968 4610 2198 4666 cuilubet
2249 4594 2455 4665 invicto
2509 4619 2835 4679 argumento
2886 4614 3299 4676 conﬁrmarent,
3349 4626 3545 4677 magno

1967 4709 2227 4771 apparatu
2282 4716 2383 4754 nos
2446 4699 2830 4765 incluserunt,
2888 4715 3000 4770 quo
3055 4700 3263 4754 scilicet
3312 4700 3370 4753 in
3421 4716 3543 4764 nos,

1967 4803 2101 4862 quot
2126 4802 2181 4848 et
2236 4792 2419 4862 qualia
2468 4792 2741 4855 libuisset,
2792 4794 3168 4861 contingerent
3192 4806 3257 4846 ac
3288 4792 3547 4846 decerne-

1938 4893 2124 4965 ‘rent.
2157 4884 2431 4954 simulque
2450 4892 2509 4937 ut
2530 4898 2596 4937 ex
2629 4883 2699 4938 iis
2720 4877 2813 4951 qui
2841 4884 2997 4937 tardo
3026 4894 3211 4938 essent
3235 4883 3303 4937 ad
3335 4883 3547 4938 disceu-

1972 4975 2103 5028 dum
2160 4972 2401 5043 ingenio,
2460 4975 2644 5027 socios
2688 4973 2793 5026 sibi
2832 4972 3019 5041 plures
3050 4973 3432 5043 adjungerent,
3461 4988 3548 5025 re-

1973 5066 2136 5120 motis
2178 5079 2344 5134 quam
2404 5062 2721 5134 longissime
2768 5064 2899 5128 illis,
2921 5063 3126 5134 quibus
3178 5063 3545 5135 praesentibus

1970 5158 2134 5214 facile
2163 5166 2418 5228 poterant
2443 5156 2725 5226 redargui,
2757 5171 2868 5211 non
2901 5157 2997 5212 Dei
3033 5165 3206 5222 metu,
3240 5174 3347 5212 non
3375 5158 3547 5210 ιιυηιί-

1971 5266 2102 5305 num
2136 5248 2444 5304 reverentia
2475 5248 2769 5314 deterriti,
2806 5264 2917 5305 non
2957 5253 3024 5305 de
3072 5251 3239 5321 hujus
3270 5251 3392 5304 vitae
3417 5250 3546 5303 laci-

1971 5342 2198 5396 noribus
2218 5340 2488 5410 judicium
2517 5340 2648 5395 olim
2675 5339 2921 5396 futurum
2942 5358 3063 5398 esse
3105 5342 3416 5405 credentes,
3444 5358 3545 5397 nec

1968 5433 2279 5488 mercedem
2319 5430 2479 5486 bonis
2523 5440 2581 5486 et
2627 5433 2807 5499 malis,
2841 5435 3299 5504 quemadmodum
3343 5436 3544 5490 docent

1967 5539 2120 5579 sacra
2177 5522 2399 5578 oracula
2433 5522 2473 5588 ⁸,
2543 5524 2902 5581 constitutd’m
2962 5525 3175 5597 1025
3226 5541 3347 5584 esse
3392 5528 3543 5584 arbi-

1966 5625 2193 5674 trantes.
