3982 6214
275 330 402 399 1301
652 330 725 402 [Α.
767 346 816 387 c.
861 334 1021 408 1551]

1232 341 1670 407 ΒΥΖΑΝΤΙΝᾸζ
1706 347 2088 413 ΗΙΞΤΟΒΙᾹΞ
2125 354 2269 416 LIB-
2308 358 2470 420 XXI.

2586 353 2721 426 [ιιιν.
2761 372 2805 411 ι.
2844 367 3139 411 οιατλουι.
3181 353 3238 427 5]

3356 357 3495 423 1302

478 450 507 501 ὁ
540 448 971 545 ἀνὴρᾼέξᾼάρχῆς
1004 454 1181 531 ταύτῃ
1227 460 1355 524 τοὺς
1400 461 1826 532 ἐντυγχάνοντας

1932 466 2160 536 quadam
2187 479 2242 526 et
2270 472 2573 529 voluntario
2600 474 2769 530 animi
2799 487 2948 530 motu
2974 475 3199 545 caligine
3225 473 3491 540 turbidas,

270 539 354 592 διὰ
383 538 500 609 βίου
526 541 848 606 κατέκλυζε,
882 547 978 598 καὶ
1008 551 1215 620 τροφῆς
1256 552 1426 621 αὐτῆς
1476 554 1828 609 ἐπιλανθανό-

277 643 460 697 μενος.
502 629 591 681 Διὸ
625 633 721 685 καὶ
750 632 964 696 πάντας
997 637 1190 705 σοφίας
1235 639 1294 702 ις
1312 639 1473 694 τοῦτο
1499 643 1828 711 συγκλείσας

272 717 398 779 τοὺς
428 719 659 789 ἔρωτας,
709 721 805 774 καὶ
834 722 997 778 τοῦτο
1029 727 1190 796 μόνον
1214 725 1414 785 ἱκανὸν
1452 733 1824 805 ἡγησάμενος,

270 809 332 861 τὸ
374 809 618 879 χρυσοῦν
649 812 882 882 ἀπονητὶ
937 819 1296 890 συγκομίζειν
1329 821 1486 891 Θέρος
1538 824 1688 896 αὐτῷ
1718 828 1827 881 τῶν

271 899 513 952 ἐπαίνων
540 901 777 965 πάντων,
813 903 1013 973 ἣκιστα
1060 907 1148 963 διὰ
1195 911 1476 979 φροντίδος
1534 914 1827 985 πεποίηται

272 992 434 1057 σοφίᾳ
475 992 570 1043 καὶ
601 992 869 1059 δόγμασιν
900 995 1067 1067 ίεροίς
1094 999 1188 1051 τὸν
1212 1001 1313 1068 τῆς
1341 1001 1586 1074 γλώττης
1614 1010 1828 1076 κοσμῆ-

269 1094 358 1130 σαι
411 1079 628 1150 δρόμον.
660 1079 739 1136 Ἦ
766 1084 875 1156 γάρ
904 1085 971 1139 ἂν
998 1087 1109 1140 τῶν
1136 1089 1284 1142 δυοῐν
1318 1092 1539 1158 οὐδενὸς
1564 1095 1826 1161 ἐξέπιπτε

270 1171 479 1237 χρόνων
506 1186 522 1199 ·
552 1172 671 1225 ἀλλ’
700 1176 789 1227 ἀεὶ
822 1177 923 1245 μὲν
951 1178 1011 1229 τὸ
1034 1178 1134 1246 τῆς
1193 1181 1541 1252 πολυλογίας,
1603 1187 1678 1251 ὡς
1733 1190 1828 1243 ἐπὶ

270 1261 518 1314 πλείσταν
544 1265 862 1336 ἁμαρτάνον
897 1269 1034 1339 (52).
1068 1271 1352 1341 διέφευγεν
1404 1276 1470 1331 ἄν
1490 1293 1505 1308 ⁶
1557 1278 1654 1335 νῦν
1678 1281 1723 1335 δ’
1746 1284 1827 1348 είς

270 1352 329 1403 τὸ
359 1354 454 1421 τῆς
487 1356 744 1423 ἀσεϐείας
777 1360 879 1413 οὐκ
907 1359 974 1414 ἂν
1002 1364 1260 1419 ἐνέπιπτε
1296 1367 1587 1442 βάραθρον.

1132 1578 1161 1599 /

340 1630 419 1684 ll'.
456 1633 725 1699 Τοιούτοις
744 1634 897 1707 οἶμαι
931 1644 1026 1693 καὶ
1056 1645 1084 1696 ὁ
1114 1645 1290 1714 μέγας
1330 1649 1387 1703 ὲν
1411 1650 1659 1727 θεολογίᾳ
1684 1656 1827 1727 Γρη-

269 1723 448 1789 γὸριος
476 1727 699 1791 ἀνδράσι
731 1733 1059 1802 περιτυχὼν,
1095 1737 1154 1789 ἐν
1173 1740 1238 1807 τῇ
1290 1739 1397 1793 τῶν
1436 1723 1829 1817 Πνευματομά-

1931 553 2193 630 repellit.‘
2232 563 2456 633 Ingenio
2500 566 2702 637 quippe
2739 576 2796 621 et
2848 566 3072 621 dicendi
3103 564 3261 636 copia
3293 570 3375 620 vir
3401 567 3495 620 il'ie

1922 654 2031 725 jam
2062 656 2189 713 inde
2240 659 2309 713 ab
2374 660 2533 715 initio
2593 660 2856 725 confisus,
2889 675 2955 715 eo
2990 668 3249 729 tanquam
3288 658 3495 713 diluvio

1928 745 2119 802 obvios
2137 762 2385 820 quosque
2412 760 2678 820 perpetuo
2701 751 3025 808 inundahat.
3052 751 3218 805 etiam
3244 750 3493 818 capiendi

1928 835 2036 891 cibi
2076 837 2385 896 immemor.
2415 839 2683 898 Omnibus
2714 842 2897 912 itaque
2923 843 3184 897 doctrina:
3217 842 3496 896 amoribus

1928 928 2035 985 hoc
2065 929 2176 985 ﬁne
2209 932 2665 1004 circumscriptis,
2695 950 2820 991 cum
2862 951 3031 989 unum
3077 935 3181 989 hoc
3207 937 3340 990 satis
3372 951 3494 990 esse

1928 1022 2289 1078 arbitraretur
2321 1023 2389 1078 ad
2448 1025 2810 1095 colligendam
2859 1026 2962 1079 sibi
2991 1026 3212 1080 laudum
3245 1027 3493 1079 onmiunt

1927 1127 2161 1168 messem
2214 1130 2460 1180 auream,
2514 1116 2799 1171 minimum
2858 1119 3073 1172 curavit
3122 1119 3268 1172 illam
3299 1118 3494 1185 lingtm

1929 1205 2333 1262 volubilitatem
2373 1207 2734 1263 scientiarum
2794 1217 2849 1263 et
2871 1224 3151 1264 sacrorum
3178 1208 3489 1276 dugtuatum

1928 1310 2033 1350 usu
2061 1310 2287 1354 ornare.
2316 1298 2533 1368 Alioqui
2568 1300 2719 1354 nullo
2756 1309 3001 1368 tempore
3025 1300 3165 1353 male
3203 1300 3253 1354 ei
3294 1299 3490 1351 cessis-
3598 1324 3609 1328 ο

1929 1394 2041 1440 set:
2078 1387 2171 1441 sed
2212 1399 2268 1442 et
2310 1388 2603 1443 verborum
2648 1389 3063 1451 abundantiam,
3103 1404 3223 1457 qua:
3254 1390 3493 1457 plerum-

1928 1492 2035 1546 que
2065 1488 2275 1547 peccat,
2320 1494 2535 1544 semper
2568 1479 2870 1549 effugisset.
2908 1494 3009 1533 nec
3061 1479 3116 1534 in
3172 1479 3487 1533 barathrum

1929 1567 2233 1637 impietatis
2263 1569 2475 1640 1027
2505 1586 2752 1640 praeceps
2778 1586 2925 1625 nunc
2959 1573 3279 1625 corruisset.

2000 1657 2135 1714 Vill.
2167 1659 2326 1716 Tales
2361 1662 2527 1716 credo
2580 1678 2810 1731 magnus
2860 1664 2949 1718 ille
2976 1663 3256 1732 theologus
3283 1662 3489 1733 Grego-

1930 1749 2048 1804 rius
2084 1751 2335 1805 homines
2362 1762 2576 1817 nactus,
2617 1752 2674 1806 in
2699 1753 3319 1808 Pnenntatomacborntn
3382 1758 3492 1808 hae-

265 1833 371 1883 χων
409 1821 793 1887 περιπεσοῦσιν
831 1825 1059 1893 αἱρέσει,
1103 1828 1398 1886 ιΤοσοῦτον
1424 1836 1597 1905 ὑμῶν,
1622 1857 1641 1890 ι
1670 1843 1821 1911 φησὶ,

1932 1841 2075 1896 resin
2129 1843 2436 1913 prolapsos,
2500 1861 2520 1896 ι
2560 1807 2735 1899 ’Λάθο
2798 1843 3019 1915 (inquit)
3052 1807 3147 1899 vos
3191 1845 3490 1913 amplector

272 1926 289 1955 ι
328 1910 657 1979 περιέχομαι
703 1918 796 1967 καὶ
825 1917 1078 1972 τοσοῦτον
1106 1921 1260 1988 ὑμῶν
1309 1925 1563 1997 αἰδοῦμαι
1615 1930 1715 2001 τὴν
1734 1910 1827 1985 εὖ·

267 2015 470 2065 κοσμον
498 2002 702 2071 ταύτην
737 2006 935 2077 στολὴν
970 2013 1063 2063 καὶ
1113 2014 1176 2065 τὸ
1230 2016 1429 2086 χρῶμα
1484 2020 1583 2089 τῆς
1622 2022 1827 2092 ἐγκρα-

265 2094 414 2153 τείας
438 2094 533 2186 καὶ
564 2095 632 2146 τὰ
656 2097 776 2166 ἱερά
808 2101 980 2155 ταῦτα
1010 2106 1326 2175 συστήματα
1369 2111 1462 2162 καὶ
1500 2112 1597 2182 τὴν
1626 2115 1827 2186 σεμνὴν

268 2185 566 2253 παρθενίαν
592 2190 685 2240 καὶ
714 2189 982 2261 κάθαρσιν
1008 2199 1103 2250 καὶ
1142 2196 1239 2267 τὴν
1277 2200 1546 2272 πάννυχον
1600 2185 1830 2277 ψαλμῶ-

266 2275 386 2367 δίαν
415 2278 510 2331 καὶ
537 2280 598 2331 τδ
634 2282 976 2354 φιλὸπτωχον
1002 2290 1098 2340 καὶ
1153 2291 1477 2360 φιλάδελφον
1517 2297 1614 2350 καὶ
1673 2275 1828 2367 φιλδ-

268 2364 439 2430 ξενον,
488 2368 627 2423 ὥστε
671 2375 766 2426 καὶ¹
819 2376 1065 2446 ἀνάθεμα
1103 2374 1242 2435 εἶναι
1295 2383 1402 2435 ἀπὸ
1455 2364 1695 2455 Χριστοῦ
1733 2392 1828 2444 καὶ

268 2457 459 2511 παθεῖν
486 2477 539 2512 τι
565 2463 640 2525 ὡς
671 2465 1002 2545 κατάκριτος
1029 2471 1252 2539 δέχομαι
1274 2488 1290 2503 ⁶
1326 2475 1484 2542 μόνον
1518 2478 1566 2528 εί
1603 2479 1825 2550 σταίητε

270 2549 590 2640 μεθ’ἡμῶν,
628 2558 722 2626 καὶ
753 2546 906 2629 κοινῇ
939 2563 1038 2629 τὴν
1071 2563 1274 2631 Τριάδα
1316 2565 1661 2636 δοξάσαιμεν.
1694 2546 1829 2640 Περὶ

266 2636 375 2705 γὰρ
400 2639 510 2743 τῶ.ν
537 2639 711 2743 ἀλλων
735 2642 788 2694 τί
827 2644 1054 2743 χρίὲλκαὶ
1084 2647 1293 2714 λέγειν,
1344 2652 1530 2719 σαφῶς
1576 2636 1830 2724 τεθνηκδ-

265 2744 409 2792 των;
437 2726 528 2791 οὓς
552 2731 790 2800 Χριστοῦ
818 2726 981 2803 μόνδυ
1019 2737 1248 2805 ἐγεῖραι,
1286 2738 1382 2792 τοῦ
1437 2741 1828 2807 ζωοποιοῦντος

266 2823 394 2884 τοὺς
424 2828 649 2893 νεκροὺς
680 2827 821 2884 κατά
847 2826 944 2894 τὴν
988 2829 1184 2882 ἑαυτοῦ
1246 2830 1506 2900 δύναμιν·
1538 2834 1587 2886 οἳ
1643 2835 1827 2899 κακῶς

268 2912 345 2980 τῷ
373 2913 524 2984 τόπῳ
571 2917 918 2987 χωρίζονται,
975 2921 1052 2989 τῷ
1106 2921 1248 2990 λόγῳ
1299 2922 1689 2993 συνδεδεμένοι,
1734 2929 1827 2978 καὶ

266 3005 518 3059 τοσοῦτον
550 3007 684 3077 πρὸς
718 3010 981 3080 ἀλλήλους
1013 3011 1435 3083 ζυγομαχοῦσιν,
1484 3016 1607 3068 ὅσον
1633 3015 1833 3083 ὀφθαλο

1926 1940 2089 2002 atqne
2122 1934 2432 1999 exosculor,
2455 1935 2594 1990 adeo
2626 1936 2953 1990 concinnam
2981 1936 3123 1991 hanc
3149 1945 3384 1990 vestram
3434 1943 3491 1989 et

1926 2023 2288 2093 compositam
2342 2038 2549 2080 vestem
2606 2041 2885 2092 revereor,
2918 2036 2974 2082 et
3027 2035 3367 2081 contractum
3421 2040 3490 2080 ex

1925 2115 2261 2168 continentia
2293 2115 2554 2182 colorem,
2576 2124 2632 2170 et
2654 2132 2841 2172 sacros
2866 2117 2966 2171 hos
3011 2125 3208 2182 cattus,
3236 2126 3293 2171 et
3324 2132 3491 2172 vene-

1928 2203 2155 2257 randam
2212 2206 2585 2276 virginitatem
2643 2222 2706 2261 ac
2761 2206 3483 2278 purgationem,ctnoctes.

1925 2297 2137 2363 quasi"
2165 2297 2496 2366 psalmorum
2550 2300 2804 2352 cantione
2863 2299 3140 2351 insomnes
3166 2297 3483 2366 Iransigitis,
3516 2282 3517 2285 η

1926 2394 1979 2438 ct
2018 2400 2351 2455 propensum
2410 2386 2467 2440 in
2517 2402 2788 2456 pauperes
2837 2396 2893 2442 et
2922 2385 3121 2440 fratres
3152 2397 3207 2440 et
3238 2386 3487 2456 hospites

1926 2476 2166 2531 studium
2226 2488 2391 2546 atque
2460 2491 2725 2542 amorem,
2787 2486 2847 2532 ut
2900 2478 3192 2531 anathema
3249 2480 3414 2532 etiam
3456 2493 3487 2532 a

1926 2566 2146 2620 Christo
2206 2582 2349 2633 esse,
2390 2582 2455 2621 ac
2513 2568 2876 2651 nonnihiluut
2924 2570 3238 2630 damnatus,
3272 2567 3485 2638 perpeti

1928 2672 2037 2710 non
2071 2673 2320 2712 recusem
2354 2677 2368 2713 :
2396 2661 2561 2713 modo
2595 2659 2883 2714 nobiscum
2919 2660 3312 2730 adjungantini,
3337 2674 3489 2713 com-

1931 2748 2296 2817 munibusque
2360 2751 2558 2804 animis
2587 2749 2911 2804 Trinitatem
2960 2750 3321 2804 celebremus.
3351 2748 3486 2802 Nam

1927 2837 2058 2904 quid
2088 2838 2155 2891 de
2186 2838 2308 2891 aliis
2358 2838 2559 2901 dicant,
2594 2840 2884 2908 perspicue
2933 2838 3166 2892 mortuis
3229 2838 3390 2907 (quos
3419 2837 3489 2891 ad

1927 2929 2092 2982 vitam
2128 2942 2387 2984 revocare
2411 2928 2613 2985 Christi
2648 2930 2820 2985 solius
2845 2940 2950 2995 est,
2982 2931 3077 3000 qui
3112 2944 3209 2984 sua
3242 2927 3490 2999 potentia

1928 3030 2178 3074 mortuos
2235 3021 2519 3091 viviticat),
2561 3023 2656 3092 qui
2707 3022 2828 3076 loco
2857 3022 2999 3077 male
3047 3031 3210 3091 atque
3243 3019 3492 3089 improbe

273 3098 363 3166 μοὶ
406 3097 720 3170 διάστροφοι
767 3103 828 3156 τὸ
859 3104 932 3165 ,ἓν
967 3104 1273 3173 βλέποντες,
1326 3109 1417 3161 καὶ
1475 3109 1537 3161 οὐ
1590 3112 1655 3180 τῇ
1688 3110 1829 3179 ὄψει,

1933 3115 2340 3178 distrahuntur,
2367 3131 2492 3169 cum
2519 3116 2783 3170 doctrina:
2801 3115 3022 3171 vinculo
3052 3112 3332 3171 constricti
3358 3112 3492 3175 sint,

266 3189 334 3254 τῇ
362 3189 509 3243 θέσει
532 3191 589 3244 δὲ
614 3194 995 3259 στασιάζοντες
1018 3212 1030 3225 ·
1057 3198 1109 3249 εἰ
1137 3214 1200 3263 γε
1251 3199 1346 3252 καὶ
1373 3201 1704 3271 διαστροφὴν
1726 3203 1825 3256 αὐ-

266 3285 380 3347 τοῖς
413 3285 727 3357 ὲγκλητέον,
758 3289 894 3343 ἀλλά
917 3289 992 3361 μὴ
1018 3291 1310 3362 τύφλωσιν.
1345 3310 1365 3344 ι

1936 3213 2257 3275 tantumque
2305 3207 2447 3261 inter
2494 3207 2939 3272 secontendunt,
2969 3217 3232 3276 quantum
3278 3201 3493 3258 distorti

1936 3298 2101 3362 oculi,
2164 3313 2325 3351 unam
2378 3298 2736 3367 eamdemque
2790 3312 2902 3352 rem
2949 3306 3257 3359 cementes,
3282 3309 3347 3349 ac
3383 3307 3496 3347 non

266 3376 471 3440 obtitu,
503 3379 601 3434 sed
657 3380 764 3436 situ
820 3380 1079 3438 duntaxat
1115 3385 1260 3438 inter
1283 3398 1343 3440 se
1380 3383 1745 3453 dissidentes;
1780 3386 1823 3441 si
1865 3396 2046 3444 tamen
2084 3389 2213 3465 lillis
2242 3389 2519 3455 distortio
2548 3400 2605 3446 et
2642 3389 2997 3462 perversitas,
3027 3405 3136 3445 non
3182 3398 3366 3445 autem
3396 3404 3497 3445 caa-

260 3469 406 3524 citas
436 3470 740 3539 objicienda
776 3481 879 3526 est.
934 3492 954 3524 ι

339 3565 423 3638 [Ρ.
456 3564 580 3638 646]
622 3566 700 3621 Θ’.
728 3566 871 3636 Ἐγὼ
905 3567 962 3621 δὲ
992 3568 1087 3623 καὶ
1116 3569 1296 3624 ταῦτα
1325 3570 1507 3634 καλῶς
1534 3587 1594 3625 τε
1623 3573 1710 3625 καὶ
1742 3573 1830 3625 2'3-

269 3658 421 3726 φυῶς
444 3659 578 3727 πρὸς
600 3659 698 3728 τὴν
724 3658 1002 3729 παροῦσαν
1022 3660 1293 3732 εὑρίσκων
1315 3662 1572 3715 ὑπόθεσιν
1598 3664 1666 3735 ἀρ
1676 3664 1835 3733 μοζό-

272 3768 412 3820 μενα
440 3751 534 3804 καὶ
569 3751 730 3804 πλέον
756 3752 863 3821 ἔχω
892 3769 947 3805 τι
968 3752 1148 3819 λέγειν
1174 3754 1359 3817 αὑτός.
1413 3754 1707 3826 Ἀνῄρηται
1726 3757 1835 3826 γὰρ

269 3843 465 3913 ἀγάπη
493 3846 643 3897 πᾶσα
677 3845 784 3896 καῖ’
813 3845 1135 3914 παραμυθία
1162 3845 1256 3899 καὶ
1281 3845 1434 3913 λόγος
1462 3845 1631 3914 φίλων
1653 3848 1834 3916 παρή-

269 3952 453 4007 γορος,
483 3936 735 4006 Οὐδαμοῦ
765 3937 1070 4008 σπλάγχνον
1098 3938 1386 4006 ἀδελφικὸν
1431 3939 1568 4006 (35).
1600 3939 1835 4007 οὐδαμοῦ

269 4028 508 4097 δάκρυον
541 4030 845 4097 συμπαθές.
882 4030 1048 4082 Ὅθεν
1105 4032 1201 4084 καὶ
1232 4029 1583 4101 ἀνεμνήσθην
1613 4030 1838 4084 ἐκείνων

270 4120 367 4173 τοῦ
398 4120 741 4187 Σολομῶντος
769 4137 782 4152 ο
807 4121 1114 4192 ’Δπέϐλεψα
1142 4123 1272 4192 γὰρ,
1304 4124 1505 4186 ἐκεῖνός
1537 4139 1690 4192 φησι,
1745 4123 1838 4176 καὶ

269 4210 417 4266 εἶδον
442 4213 547 4265 ὑπὸ
575 4212 665 4266 τὸν
688 4213 862 4283 ἥλιον,
902 4213 985 4266 ὃτι
1015 4214 1075 4267 οὐ
1110 4215 1223 4277 τοῖς
1277 4204 1502 4282 κούφοις
1559 4216 1586 4266 ὁ
1614 4213 1836 4282 δρόμος,

269 4307 393 4360 οὐδὲ
424 4308 537 4368 τοῖς
576 4306 827 4370 δυνατοῖς
854 4307 885 4360 ὁ
914 4306 1151 4375 πόλεμος
1181 4323 1197 4340 ·
1225 4308 1318 4361 καί
1344 4324 1407 4375 γε
1435 4307 1497 4360 οὐ
1526 4308 1639 4369 τοῖς
1656 4308 1840 4372 σοφοῖς

271 4399 305 4469 ἡ
337 4398 637 4468 (ιν>ρι5νησι‹;“⁹
658 4397 754 4451 καί
779 4413 846 4465 γι
881 4397 945 4451 οὐ
973 4399 1086 4458 τοῖς
1129 4395 1301 4464 φίλοις
1329 4397 1390 4450 τδ
1422 4394 1613 4449 εὔελπι
1637 4412 1649 4425 ⁸
1703 4395 1841 4449 ἀλλά

272 4487 471 4556 καιρὸς
523 4487 617 4540 καὶ
664 4486 964 4554 ἀπάντημα
1020 4484 1363 4553 συμϐήσεται
1437 4485 1605 4537 πᾶσιν
1654 4484 1839 4546 αὐτοῖς

270 4578 683 4647 ἀπροσδόκητον
711 4578 779 4628 ὲκ
811 4574 971 4640 Θεοῦ,
1035 4576 1217 4629 πᾶσαν
1267 4574 1594 4646 ὕπερϐαἷνον
1647 4576 1837 4643 σοφίαν

270 4669 374 4722 καὶ
399 4668 634 4739 δύναμιν
683 4666 1052 4736 ἀνθρωπίνην,
1086 4666 1180 4718 καὶ
1210 4666 1391 4719 πάντα
1445 4665 1709 4734 φαυλίζον
1739 4666 1837 4717 ἀν-

270 4756 547 4827 θρὼπινον
575 4757 737 4826 ὄγκον
773 4759 869 4811 καὶ
918 4757 1111 4824 τῦφον.
1163 4755 1255 4809 Διὸ
1285 4756 1378 4809 καὶ
1436 4756 1595 4826 σιγᾷν
1648 4754 1839 4825 ἔκρινα

268 4849 407 4915 δεῖν,
445 4850 545 4902 καὶ
583 4852 693 4903 τῶν
736 4848 831 4902 τοῦ
890 4848 1005 4915 βίου
1062 4847 1331 4916 παιγνίων
1381 4845 1685 4916 θαυμάζειν
1741 4846 1840 4907 τάς

270 4940 680 5009 ἀγχιστρόφους
730 4937 1057 5007 μεταϐολάς,
1095 4938 1192 4989 καὶ
1242 4935 1447 5005 μηδένα
1483 4934 1589 5005 πρὸ
1649 4934 1840 4987 τελευ-

269 5030 377 5101 τῆς
436 5026 789 5098 μακαρίζειν.
851 5027 957 5082 Καὶ
986 5028 1014 5079 ὀ
1052 5027 1152 5097 μὲν
1199 5027 1423 5095 Δαρεῖος
1479 5025 1686 5087 ἐκεῖνος
1732 5024 1837 5077 ὑπὸ

269 5120 502 5189 πληγῶν
554 5123 647 5174 καί
709 5120 1043 5190 τραυμάτων
1112 5117 1418 5172 ἐπιϐούλων
1467 5118 1548 5177 είς
1607 5116 1838 5170 θάνατον

266 5212 651 5282 ἐλαυνόμενος,
710 5210 897 5278 ἐπειδὴ
967 5207 1201 5279 διψήσας
1256 5207 1457 5278 ᾔτησεν
1522 5205 1684 5274 ὕδωρ,
1744 5206 1841 5259 καὶ

266 5302 462 5373 παρῆν
485 5302 661 5364 οὐδεὶς
698 5302 757 5353 ὲν
789 5302 981 5372 ἐρήμῳ
1029 5301 1125 5354 καὶ
1160 5299 1349 5368 ἀϐάτῳ
1383 5298 1703 5369 διω;.ομένῳ
1745 5300 1842 5369 γῇ,

350 5443 371 5474 ⁸
411 5443 595 5499 Eccle.
635 5458 711 5511 ιχ,
753 5444 839 5499 il.

2011 3571 2103 3628 IX.
2139 3571 2271 3643 Ego'
2299 3587 2450 3639 vero,
2512 3572 2618 3628 etsi
2657 3571 2774 3627 btec
2797 3571 2865 3626 atl
2909 3586 3149 3639 praesens
3184 3570 3494 3624 institutum

1936 3667 2163 3736 pulchre
2204 3673 2261 3720 et
2305 3674 2428 3735 apte
2458 3664 2867 3719 accommodata
2899 3662 3133 3731 reperio,
3167 3670 3346 3716 tamen
3379 3661 3497 3731 ipse

1937 3760 2058 3820 plus
2091 3760 2232 3813 dico.
2260 3759 2484 3813 Sublata
2513 3757 2725 3812 scilicet
2742 3757 2921 3810 omnis
2943 3755 3183 3810 t-haritas
3207 3764 3265 3810 et
3293 3770 3495 3809 consoo

1934 3851 2086 3913 latio,
2121 3858 2178 3904 et
2201 3850 2501 3904 amicorum
2527 3847 2726 3902 blanda
2780 3846 3060 3900 allocutio.
3085 3844 3363 3915 Nusquam
3389 3846 3499 3900 fra-

1936 3951 2091 3995 terna
2140 3941 2351 3996 viscera
2407 3956 2422 3991 :
2468 3953 2738 4008 nusquam
2801 3937 3055 4008 lacrymte
3120 3936 3496 3992 condolentcs.

1935 4034 2090 4094 Uude
2112 4044 2169 4087 et
2203 4033 2294 4086 illa
2330 4030 3019 4087 Salomonir‘recordatus
3066 4043 3186 4083 sum
3221 4049 3234 4082 :
3262 4027 3497 4098 Respexi

1936 4124 2083 4179 enim
2116 4123 2316 4193 (inquit
2369 4123 2481 4190 ille)
2539 4130 2597 4176 et
2625 4120 2736 4175 vidi
2787 4120 2890 4175 sub
2933 4120 3069 4183 sole,
3100 4119 3358 4188 quoniam
3387 4132 3499 4172 non

1933 4225 2017 4271 est
2046 4218 2322 4271 velocibus
2343 4230 2559 4282 cursus,
2609 4229 2713 4269 nec
2763 4212 3075 4284 potentibus
3101 4211 3372 4280 praelium.
3396 4226 3501 4267 nec

1935 4307 2157 4376 quidem
2203 4306 2546 4376 sapientibus
2583 4304 2898 4375 prudentia,
2929 4316 3030 4356 nec
3055 4302 3276 4371 quidem
3310 4301 3501 4355 amicis

1939 4396 2154 4467 1028
2180 4411 2306 4465 spes
2333 4397 2472 4450 bona
2499 4413 2515 4462 ;
2570 4395 2665 4450 sed
2722 4405 2936 4464 tempus
2957 4402 3014 4447 et
3042 4401 3271 4446 eventus
3302 4405 3501 4445 occur.

1938 4500 2023 4542 ret
2049 4487 2307 4542 omnibus
2327 4487 2434 4541 illis
2463 4486 2776 4556 inopinatus
2816 4499 2845 4538 a
2892 4479 3025 4547 Deo,
3050 4496 3267 4536 omnem
3306 4495 3501 4549 saper-

1938 4576 2189 4646 grediens
2221 4574 2541 4644 sapientiam
2565 4581 2619 4628 et
2651 4574 2910 4626 virtutem
2941 4571 3257 4634 humanam,
3282 4583 3501 4622 omnem

1935 4666 2250 4736 deprimens
2284 4668 2583 4720 humanum
2617 4673 2886 4719 tumorem
2942 4670 2999 4717 et
3051 4661 3274 4715 fastum.
3296 4660 3511 4725 Quam-

1934 4755 2121 4809 obrem
2147 4761 2204 4809 et
2231 4754 2417 4818 silere,
2440 4764 2498 4808 et
2524 4768 2716 4807 eorum
2746 4752 2838 4819 qui
2865 4751 3030 4827 vitam
3075 4751 3215 4803 hanc
3246 4755 3504 4801 exercent

1935 4842 2191 4897 ludorum
2219 4842 2441 4896 crebras
2463 4840 2868 4897 vicissitudines
2899 4838 3110 4901 mirari,
3136 4848 3193 4891 et
3226 4837 3499 4891 neminem

1938 4944 2065 4989 ante
2122 4933 2336 4989 obitum
2386 4934 2495 4989 dici
2537 4933 2750 4988 felicem
2795 4928 3319 5001 oporterejudicavi
3356 4930 3396 4981 '.
3428 4929 3505 4983 Ac

1943 5025 2134 5080 Darius
2156 5024 2377 5094 quidem
2428 5026 2539 5086 ille.
2565 5024 2742 5095 plagis
2791 5033 2848 5078 et
2882 5021 3201 5076 vulneribus
3254 5034 3348 5088 per
3374 5020 3508 5073 insi-

1943 5115 2063 5170 dias
2091 5117 2354 5186 acceptis,
2382 5117 2627 5185 adeoque
2656 5124 2831 5169 morte
2873 5114 3131 5175 instante,
3156 5127 3281 5165 cum
3306 5125 3504 5179 aquam

1944 5206 2138 5260 sitiens
2197 5205 2467 5276 petiisset,
2525 5214 2583 5258 et
2629 5204 2680 5259 ei
2740 5219 2836 5274 per
2882 5202 3099 5259 deserta
3125 5212 3180 5256 et
3215 5196 3356 5255 invia
3388 5201 3506 5253 ιοιοιι

1947 5297 2177 5369 fugienti
2212 5312 2374 5352 nemo
2407 5295 2647 5364 adesset,
2679 5312 2790 5352 uno
2825 5306 3076 5367 excepto,
3101 5309 3274 5365 eoque
3309 5291 3510 5346 infima:

1590 5560 1925 5623 Variornm
1973 5568 2163 5637 notte.

275 5682 468 5810 B0(32)
506 5668 774 5755 Cregoras
821 5698 983 5740 suum
1020 5681 1194 5753 ipsius
1225 5680 1416 5738 vitium
1448 5684 1605 5740 alteri
1634 5685 1844 5755 objicit.

364 5769 491 5809 tvm.

364 5769 491 5809 IVIN.

2029 5684 2140 5752 (53)
2171 5681 2264 5737 Sic
2285 5697 2456 5754 supra
2485 5683 2540 5737 in
2570 5681 2846 5752 excerptis
2876 5697 2942 5738 ex
2968 5682 3029 5741 D.
3062 5681 3264 5738 Basilio
3291 5682 3356 5739 de
3389 5684 3514 5754 Spi-

1956 5754 2063 5808 ritu
2092 5761 2299 5809 sancto.
2337 5752 2547 5809 Butvnt.
3124 5772 3131 5779 ’
