3982 6214
240 315 368 377 1⁸⁸05
610 313 686 382 [Α.
728 326 781 367 e.
822 311 982 385 1551]

1220 276 1663 381 ΒῩΖΑινΤιΝίΕ
1702 319 2084 383 HISTORIA!
2122 326 2271 385 LIB.
2312 324 2452 385 XXI
2504 355 2513 362 -
2558 319 2689 391 [ων.
2729 334 2771 374 ι.
2811 333 3107 375 οικτλευι.
3146 317 3200 391 5]

2092 124 2175 143 -—<’

3327 324 3456 388 1306

234 423 377 501 εἶχεν
406 426 567 498 ἡμῶν
599 430 819 501 καὶτῆς
848 429 1129 495 εὐσεϐείας
1149 446 1164 463 ⁸
1195 435 1261 503 τῇ
1304 433 1351 487 δ’
1385 433 1615 505 ἀληθείᾳ
1646 431 1787 502 γνώ-

1897 450 1997 505 que
2037 435 2304 491 doctrina:
2341 455 2356 492 :
2391 436 2570 506 reipsa
2618 446 2800 492 autem
2853 436 3032 491 inerat
3076 438 3297 507 scriptis
3354 438 3455 494 illis

238 539 339 593 μης
366 520 591 576 ἐκείνων
629 518 775 591 εἶχεν
807 524 993 577 εἰκόνα
1023 526 1118 578 καὶ
1169 526 1374 597 στήλην
1402 528 1661 599 ἀσεϐείας
1716 526 1788 579 τὰ

234 612 550 684 γράμματα.
595 614 750 668 Ἐπεὶ
775 616 886 686 γὰρ
913 616 962 669 οί
998 616 1147 685 λόγοι
1183 617 1281 671 νῦν
1313 617 1413 688 μέν
1440 618 1649 681 εἰκόνες
1675 618 1786 671 εἰσὶ

233 704 335 756 τῶν
360 704 725 773 πραγμάτων,
757 706 849 758 ὅτε
900 708 1008 777 πρὸ
1039 708 1149 760 τῶν
1183 707 1435 777 πράξεων
1465 712 1523 761 ἐν
1553 711 1662 772 τοῖς
1690 709 1788 778 τῆς

231 792 459 855 διανοίας
508 793 591 848 ἐτι
652 794 920 865 θαλάμοις
973 799 1365 868 γυμνάζονται,
1402 802 1497 854 καὶ¹
1545 800 1614 853 τὰ
1660 799 1787 867 τέλη

233 886 608 958 ζωγραφοῦσιν
632 889 748 941 ἐκεῖ
780 906 899 952 πως
930 890 1111 943 αὐτῶν
1135 905 1148 920 ·
1181 890 1277 943 νῦν
1298 890 1343 944 δ’
1372 890 1561 957 ἕτερον
1589 890 1790 958 τρόπον

232 980 325 1032 καὶ
350 981 556 1044 εἰκόνες
606 980 960 1036 καθίστανται
988 978 1086 1052 τῆς
1109 981 1309 1053 ψυχῆς,
1342 983 1431 1036 ὅτε
1495 993 1634 1052 μετα
1691 984 1790 1051 τὴν

232 1071 383 1125 ἔνδον
429 1072 715 1142 διάσκεψιν
768 1054 907 1145 ἐργά
962 1075 1203 1143 γίνονται
1255 1076 1351 1128 καὶ
1394 1076 1569 1137 αὐτοὶ,
1614 1076 1790 1145 ψυχῆς

234 1164 500 1229 ἀπόζοντα
527 1166 603 1228 ὡς
641 1166 839 1231 εἰπεῖν,
867 1167 963 1219 καὶ
990 1169 1137 1230 ὅπως
1169 1168 1337 1235 ἕξεως
1370 1168 1483 1239 ἔχει
1520 1169 1616 1222 καὶ
1644 1166 1790 1236 γνὼ-

236 1274 342 1327 μης
369 1256 509 1325 αὐτὴ
540 1260 654 1321 τοῖς
683 1257 791 1324 ἔξω
830 1258 1199 1314 διατυποῦντα
1220 1275 1236 1292 ο
1269 1262 1368 1323 τὰς
1398 1261 1497 1327 τῆς
1524 1260 1670 1313 ἔνδον
1688 1277 1794 1313 κα-

233 1349 470 1415 κοδοξίας
490 1367 549 1402 τε
580 1352 675 1403 καὶ
703 1350 998 1421 θηριωδίας
1028 1353 1245 1416 εἰκόνας
1273 1356 1388 1416 τοῖς
1440 1352 1545 1418 ἔξω
1606 1352 1792 1405 λοιπὸν

231 1441 323 1495 καὶ
372 1442 501 1495 τάδε
578 1444 852 1512 πομπεύει
911 1444 979 1496 τὰ
1036 1445 1359 1513 γράμματα,
1414 1444 1793 1515 μεσημϐρινῆς

230 1533 448 1596 ἀκτῖνος
493 1523 960 1604 περιφανέστερον
993 1534 1055 1586 τὸ
1099 1535 1372 1605 βδέλυγμα
1420 1535 1523 1605 τῆς
1555 1535 1795 1605 ἐσχάτης

234 1621 496 1693 ὑπάρχειν
538 1621 873 1693 ἐρημώσεως
931 1623 1256 1695 αὐτόχρημα
1293 1625 1428 1696 (37).
1492 1625 1652 1678 Ἀλλὰ
1699 1625 1792 1677 τοῦ

233 1728 298 1781 γε
342 1712 628 1783 θεομισοῦς
685 1713 1036 1786 ἀναθήματος
1093 1715 1304 1767 ἐκείνου
1362 1717 1428 1785 τῇ
1486 1715 1608 1785 ἱερᾷ
1661 1731 1793 1785 τρα-

232 1802 366 1870 πέζῃ
401 1803 742 1867 ἐπιτεθέντος
773 1802 862 1876 [Ρ.
894 1803 1021 1876 648]
1077 1806 1106 1875 ἡ
1139 1804 1262 1858 θεία
1314 1805 1412 1875 μὲν
1473 1806 1573 1875 οὐχ
1615 1806 1793 1876 ἥψατο

230 1895 429 1965 ψῆφος,
456 1895 618 1959 εὐθὺς
646 1895 745 1967 τὴν
800 1897 1064 1964 ἀνάλογον
1114 1898 1451 1968 ἐπιφέρουσα
1505 1902 1571 1970 τῇ
1622 1900 1792 1971 τόλμῃ

229 1987 467 2042 κόλασιν.

300 2081 371 2135 Γ’.
425 2080 567 2134 Ἀλλ’
600 2082 650 2134 οἱ
689 2079 879 2148 κύκλῳ
926 2084 1347 2152 περιιστάμενοι
1389 2085 1527 2145 τέως
1566 2083 1792 2135 ἐπίσκο-

231 2189 322 2225 ποι
351 2173 445 2226 καὶ
493 2172 862 2243 πρεσϐύτεροι
920 2174 1125 2236 πάντες
1176 2174 1432 2244 ἐϐόησαν,
1463 2175 1560 2243 οὐχ
1618 2174 1794 2244 ἥνπερ

231 2265 396 2335 ἐχρῆν
447 2265 801 2337 ἐπιτίμησιν
838 2265 922 2319 ὅτι
972 2266 1117 2329 Πῶς,
1187 2265 1462 2336 ἄνθρωπε,
1517 2265 1594 2335 τῷ
1650 2266 1795 2335 μόνῳ

229 2358 446 2411 πάντων
482 2359 682 2427 ποιητῇ
716 2357 839 2427 Θεῷ
870 2357 1143 2427 θεοτήτων
1175 2357 1495 2423 ἐπενεγκεῖν
1516 2358 1792 2426 διαφόρων

228 2447 566 2516 τετόλμηκας
588 2447 816 2517 πλῆθος,
842 2448 937 2502 καὶ
962 2450 1169 2519 ἥκιστα
1213 2451 1393 2511 δέδιας
1418 2450 1563 2503 κατὰ
1591 2448 1790 2503 σαυτοῦ

229 2557 293 2594 τε
329 2541 421 2594 καὶ
440 2540 596 2609 ἡμῶν
626 2542 722 2594 καὶ
759 2539 1050 2611 Ῥωμαίων
1099 2543 1356 2596 ἁπάντων
1408 2542 1794 2613 προκαλούμε-

232 2634 450 2706 νος-τὴν
500 2633 713 2703 ἀμαχον
749 2634 967 2704 ἐκείνην
1050 2637 1329 2706 ῥομφαίαν
1386 2637 1480 2689 καὶ
1530 2637 1655 2700 τούς
1686 2638 1795 2689 τῶν

198 2704 417 2777 πωλῶν
474 2725 773 2788 παιδευτὰς
827 2704 1128 2795 αἰθερίουςν
1183 2726 1521 2797 κεραυνούς;
1579 2726 1795 2780 Τούτων

234 2816 334 2887 μὲν
360 2812 452 2869 οὖν
486 2816 641 2870 οὐδὲν
681 2816 789 2871 τῶν
834 2817 1088 2870 ἁπάντων
1112 2816 1230 2870 οὔτ’
1281 2813 1454 2882 εἷπον,
1493 2815 1610 2869 οὐθ’
1660 2814 1794 2891 ἧκεν

229 2909 415 2971 αὐτοῖς
433 2906 584 2960 οὐδὲν
608 2907 701 2961 ἐπὶ
728 2905 872 2971 νοῦν,
896 2907 934 2961 ἀ
960 2907 1056 2960 καὶ
1095 2908 1197 2976 τῆς
1241 2908 1499 2973 ἀληθείας
1525 2909 1795 2979 ἐγγύτερα

229 2997 302 3072 ἦν
330 3017 345 3032 ’
376 3000 513 3053 ἀλλά
569 3000 806 3063 κόλακας
841 2999 1067 3054 ἔκαστοι
1113 2998 1304 3068 λόγους
1355 3000 1796 3070 προμελετῆσαν-

232 3109 322 3156 τες
347 3090 701 3162 ὑπισχνοῦντο
750 3091 844 3144 καὶ
877 3089 1212 3162 προύφερον,
1241 3090 1276 3144 θ.
1316 3090 1475 3159 φύσις
1512 3090 1665 3160 δίκης
1697 3107 1793 3142 πει
1819 3122 1861 3181 c

235 3186 442 3257 ραίνειν
487 3185 587 3237 οὐκ
612 3179 782 3236 οἶδεν*
835 3184 918 3235 ὅτι
969 3184 1084 3245 τοῖς
1135 3182 1234 3249 μὲν
1291 3183 1462 3234 πάλαι
1510 3181 1792 3249 βασιλεῦσι

232 3278 407 3331 κοινόν
438 3294 492 3328 τι
516 3278 609 3331 καὶ
646 3276 873 3344 πάτριον
898 3274 1222 3341 σπούδασμα
1281 3270 1369 3345 ἦν,
1409 3274 1658 3342 κομίζειν
1698 3278 1796 3326 sv.

231 3368 404 3422 ταῦθα
444 3368 629 3438 χρυσῴ
650 3368 745 3420 καὶ
779 3356 1004 3436 ἀργύρῳ
1034 3368 1129 3418 καὶ
1154 3365 1324 3428 λίθοις
1356 3366 1675 3434 πολυτίμοις
1701 3383 1794 3418 κε-

232 3460 556 3529 κοσμημένα
585 3457 756 3525 σκεύη
814 3456 910 3509 καὶ
962 3455 1188 3519 ἔπιπλα,
1234 3454 1329 3507 καὶ
1385 3453 1612 3507 τοιαῦτα
1662 3453 1796 3519 ἅττα

230 3552 510 3622 κειμήλια.
544 3551 617 3603 Σύ
644 3549 700 3602 δέ
730 3548 1112 3619 προσήνεγκας
1138 3546 1309 3615 δῷρον
1356 3544 1553 3615 ἔπηλυ,
1589 3546 1684 3597 καὶ
1706 3545 1796 3597 οὐ·

231 3645 377 3713 δαμῆ
409 3642 528 3695 ποτ’
560 3639 827 3711 ἐγχώριον
854 3643 921 3711 τῇ
977 3639 1069 3692 τοῦ
1121 3640 1257 3692 Θεσῦ
1299 3637 1602 3710 Ἐκκλησία
1626 3654 1642 3668 ο
1681 3636 1798 3690 ἀλλ’

230 3731 344 3789 οἷον
367 3734 478 3786 τῶν
504 3733 562 3796 ἐξ
591 3733 788 3795 αἰῶνος
818 3732 1114 3801 κεκόμικεν
1169 3729 1346 3792 οὐδεὶς
1377 3730 1597 3783 οὐδέπω
1639 3730 1797 3799 βασι-

229 3828 377 3889 λεύς.
416 3826 526 3881 Καὶ
556 3827 638 3878 σοὶ
669 3825 986 3894 πλατυσμὸν
1029 3822 1441 3893 ὑπισχνούμεθα
1490 3823 1592 3893 τῆς
1646 3824 1800 3888 ἐξου-

231 3920 352 3980 σίας
379 3918 522 3970 κατά
550 3917 594 3969 τ’
634 3914 907 3985 Εὐρώπην
937 3913 1035 3967 καὶ
1069 3912 1280 3975 Ἀσίαν,
1312 3908 1424 3966 οἷον
1482 3912 1635 3965 οὐπω
1693 3913 1800 3964 τῶν

229 4010 402 4062 πάλαι
437 4006 699 4079 βασιλέων
742 4000 900 4076 εὗρεν
950 4004 1146 4071 οὐδεὶς,
1201 4003 1322 4057 οὐδὲ
1377 4004 1620 4073 μείζονος
1655 4006 1804 4057 ἀντι-

228 4103 434 4163 δόσεως
463 4100 733 4170 τετύχηκε
765 4099 902 4168 πρὸς
940 4096 1099 4165 Θεοῦ,
1126 4097 1221 4151 τοῦ
1278 4097 1340 4149 τὸ
1390 4097 1653 4164 ἀνάλογον
1703 4098 1802 4163 τῆς

230 4190 605 4261 προσαγωγῆς
654 4189 1012 4252 ἀντιδιδόντος
1041 4189 1298 4252 κατόπιν,
1346 4188 1442 4241 καὶ
1491 4190 1578 4240 διὰ
1606 4189 1663 4241 τὸ
1706 4189 1804 4257 τῆς

228 4281 551 4343 ἀντιδόσεως
581 4280 850 4350 πρόδηλον
888 4279 1280 4349 ἐμφανίζοντος
1308 4282 1441 4334 πᾶσι
1460 4281 1559 4349 τὴν
1585 4280 1658 4349 μὴ
1678 4298 1805 4348 φαι-

226 4371 468 4440 νομένην
499 4369 761 4440 ποιότητά
808 4388 867 4424 τε
899 4372 995 4423 καὶ
1054 4369 1285 4440 δύναμιν
1326 4370 1516 4436 αὐτῆς,
1563 4369 1697 4440 πρός
1744 4386 1802 4421 τε

225 4464 292 4514 τὸ
323 4461 599 4533 βέλτιστον
634 4464 730 4515 καὶ
763 4462 825 4516 τὺ
845 4462 1142 4532 χείριστον.

207 4625 219 4638 ’
303 4648 388 4700 Δ’.
416 4648 484 4699 Ἀ
511 4646 574 4716 δὴ
599 4645 693 4698 καὶ
758 4640 1094 4697 ἀκουσθέντα
1152 4643 1253 4713 μὲν
1294 4643 1634 4711 Βυζαντίοις,
1668 4644 1808 4715 ὑπὲρ

222 4734 306 4790 ὧν
365 4738 466 4806 τὴν
521 4737 828 4807 πρόρρησιν
896 4733 1317 4804 προεθέσπιζον,
1376 4735 1713 4815 ἀκουσθέντα
1749 4736 1807 4788 δὲ

223 4830 373 4899 Θεῷ.
414 4828 552 4901 πρὸς
580 4828 694 4897 avt)
739 4824 1076 4897 προσαγωγὴ
1124 4827 1283 4896 καὶή
1334 4826 1440 4878 τῶν
1501 4826 1804 4895 μελλόντων

222 4922 417 4992 κρίσις
468 4919 768 4983 ἀνετίθετο,
810 4922 1039 4989 ταχεῖαν
1103 4919 1317 4988 εἰλήφει
1366 4919 1477 4984 τὴν,
1529 4920 1755 4972 ἔκϐασιν
1787 4935 1799 4948 ·

222 5016 327 5083 οὐχ
348 5014 470 5067 οἵαν
487 5013 642 5065 αὐτοὶ⁵
656 5012 915 5083 κατάιτὴν
933 5012 1199 5083 σφετέραν
1217 5011 1607 5079 προεθέσπιζον
1621 5011 1812 5083 βούλη-

220 5124 317 5158 σιν
344 5145 362 5169 ,
388 5103 504 5157 ἀλλ’
520 5103 636 5157 οἵαν
658 5104 714 5157 αἱ
730 5103 828 5172 τῆς
846 5101 1168 5170 θείαςδίκης
1193 5103 1453 5173 ἀρῤεπεῖς
1474 5101 1809 5172 ἐπεψήφιζον

220 5196 596 5263 πλάστιγγες,
666 5195 770 5248 ὐπὸ
833 5195 1069 5263 μάρτυσι
1121 5197 1234 5254 τοῖς
1305 5195 1490 5248 εἰδόσι.
1547 5193 1807 5261 Βρχχείαι

224 5291 344 5359 γὰρ
377 5289 582 5340 ἐκεῖθεν
606 5286 831 5356 ἡμέραι,
863 5285 959 5347 καὶ
980 5285 1111 5357 πυρὶ
1132 5281 1580 5351 κατανηλωκότες
1609 5285 1792 5346 πάσας

1860 528 2069 597 -imago
2101 543 2291 583 eorum
2323 528 2511 589 animi.
2548 537 2604 583 et
2631 528 2876 598 quaedam
2910 529 3078 583 veluti
3146 538 3327 583 statua
3361 546 3448 584 tm-

1888 621 2124 690 pietatis.
2180 621 2392 675 Etenim
2442 628 2502 674 ut
2554 619 2719 674 verba
2774 635 2922 674 nunc
2973 620 3456 690 rerum.imagines

1889 722 2038 775 sunt,
2077 724 2187 765 tum
2213 712 2426 767 scilicet
2457 727 2578 766 cum
2598 721 2725 765 ante
2748 712 3151 765 exsecutionem
3178 710 3230 763 in
3257 710 3457 766 intimis

1891 802 2057 856 animi
2095 801 2468 871 penetralibus
2494 801 2675 855 adhuc
2721 800 3036 870 proludunt,
3069 810 3125 855 et
3167 800 3280 854 illic
3331 815 3458 856 suos

1889 897 2067 950 exitus
2096 895 2446 949 adumbratos
2504 893 2907 963 quodammodo
2939 893 3243 947 informant.
3272 911 3286 946 :
3315 908 3459 948 nunc

1890 987 2100 1049 eadem.
2135 986 2227 1041 sed
2273 986 2451 1050 aliter,
2482 994 2609 1038 sunt
2634 985 2928 1039 simulacra
2982 984 3172 1053 animi,
3227 999 3352 1039 cum
3407 991 3459 1038 et

1891 1076 2008 1146 ipsa
2036 1086 2156 1144 post
2201 1089 2451 1129 arcanam
2488 1075 2636 1128 illam
2669 1074 3129 1128 consultationem
3159 1088 3249 1127 res
3292 1082 3349 1127 et
3377 1072 3455 1126 fa-

1892 1176 1976 1221 cta
2000 1181 2118 1220 esse
2152 1166 2445 1233 incipiunt.
2478 1165 2723 1217 animum
2755 1167 2839 1233 (ut
2870 1163 2944 1216 ita
2972 1162 3173 1232 dicam)
3204 1163 3462 1216 redolen-

1894 1258 1987 1318 tia,
2024 1272 2085 1310 ac
2136 1256 2254 1324 ejus
2310 1256 2553 1309 habitum
2587 1265 2644 1308 et
2695 1254 2953 1308 allectum
3020 1252 3162 1322 apud
3224 1267 3319 1307 eus
3368 1253 3461 1321 qui

1894 1348 2027 1401 foris
2053 1347 2163 1401 sint
2196 1346 2555 1415 exprimentia
2592 1361 2605 1397 :
2646 1345 2719 1399 ita
2747 1344 2914 1399 etiam
2970 1343 3090 1399 haec
3107 1333 3313 1413 Scripta
3340 1358 3464 1396 sen-

1894 1454 1988 1492 sus
2016 1438 2165 1507 pr’avi
2205 1447 2258 1491 et
2288 1437 2455 1490 moris
2494 1436 2720 1490 bellnini
2762 1436 2909 1489 intus
2944 1435 3166 1489 latentis
3197 1433 3464 1504 imagines

1899 1530 2109 1600 1030
2138 1530 2465 1598 spectandas
2517 1530 2734 1609 publice
2766 1528 3029 1585 exhibent
3082 1529 3151 1584 iis
3176 1528 3268 1599 qui
3331 1527 3466 1582 foris

1895 1624 2040 1687 sunt,
2074 1623 2454 1677 utmeridiano
2486 1622 2600 1676 sole
2663 1621 2866 1675 clarius
2899 1612 3103 1691 pateat.
3159 1634 3281 1676 eam
3341 1632 3466 1673 esse

1897 1730 2084 1769 revera
2107 1714 2568 1769 abominationem
2600 1714 2807 1769 ultimae
2839 1711 3223 1767 desolationis.
3280 1711 3467 1765 Enim-

1861 1803 1866 1865 ἶ
1895 1823 2026 1862 vero
2063 1808 2205 1861 Deus
2234 1807 2468 1861 invisum
2495 1805 2598 1860 sibi
2628 1805 2857 1869 donum,
2886 1814 3079 1859 sancto
3111 1803 3267 1858 altari
3291 1804 3468 1872 impo-

1895 1899 2083 1961 situm,
2116 1898 2379 1969 suﬂ‘ragio
2415 1914 2517 1952 suo
2541 1898 2686 1952 haud
2726 1894 2980 1968 dignatus
3010 1905 3126 1962 est;
3159 1895 3254 1951 sed
3278 1909 3465 1965 parem

1894 1991 2076 2045 statim
2107 1990 2348 2045 audacia:
2372 2003 2591 2059 pmnam
2625 1987 2900 2057 rependit.

1963 2080 2050 2133 lll.
2081 2081 2148 2134 At
2174 2058 2415 2151 episcopi
2448 2089 2504 2135 et
2533 2080 2838 2150 presbyteri
2871 2087 2985 2132 tum
3047 2079 3470 2133 circumstantes
3530 2058 3541 2069 ’

1894 2173 2133 2227 universi
2171 2173 2581 2227 acclamabant:
2624 2186 2730 2225 non
2753 2171 2849 2239 {illi
2880 2171 3100 2240 quidem
3150 2170 3236 2223 his
3263 2168 3467 2231 verbis,

1893 2265 2035 2318 sicut
2086 2264 2331 2328 decebat,
2385 2279 2510 2319 eum
2541 2261 2893 2333 objurgantes
2914 2278 2935 2316 :
2958 2260 3106 2316 Heus
3168 2272 3246 2327 tu,
3280 2261 3468 2320 homo,

1892 2357 2166 2424 quomodo
2190 2370 2355 2408 ausus
2384 2369 2443 2408 es
2474 2354 2637 2408 unico
2674 2354 2919 2406 omnium
2972 2353 3185 2407 auctori
3221 2353 3333 2406 Deo
3390 2353 3472 2406 ol-

1892 2449 2037 2503 ferre
2083 2446 2422 2501 diversarum
2481 2443 2835 2499 divinitatum
2877 2443 3310 2508 multitudinem,
3367 2458 3472 2496 nec

1895 2541 2103 2595 veritus
2137 2555 2197 2593 es
2226 2540 2281 2592 in
2310 2547 2362 2593 te
2391 2539 2594 2608 ipsum,
2622 2538 2676 2592 in
2705 2552 2827 2603 nos,
2861 2536 2915 2591 in
2946 2552 3138 2591 omnes
3172 2537 3469 2597 liotnancs.

1892 2633 2037 2687 ciere
2057 2631 2297 2701 gladium
2329 2630 2479 2683 illum
2515 2622 2949 2690 intolerabilem,
2990 2637 3046 2682 et
3083 2627 3329 2682 coelestia
3361 2627 3470 2681 ful-

1893 2725 2060 2789 mina,
2101 2739 2197 2793 per
2228 2739 2349 2793 qua:
2379 2721 2608 2791 improbi
2637 2720 3014 2791 castigantur?
3064 2718 3267 2773 Horum
3331 2718 3471 2772 nihil

1893 2817 1960 2869 ab
2000 2815 2066 2868 iis
2091 2815 2320 2878 dictum,
2356 2813 2465 2867 imo
2493 2829 2561 2874 ne
2586 2814 2883 2884 cogitatum
2911 2812 3134 2883 quidem
3168 2831 3182 2867 :
3212 2827 3333 2881 qum
3390 2821 3474 2865 ta-

1895 2924 2018 2961 men
2041 2908 2185 2960 veris
2215 2906 2473 2976 propiora
2500 2915 2680 2962 erant.
2716 2905 2823 2961 Sed
2860 2907 3027 2961 verba
3085 2906 3470 2975 unusquisque

1895 3000 2170 3053 adulantia
2198 2997 2583 3068 praemeditati,
2644 2998 3053 3068 pollicebantur
3112 3006 3167 3051 et
3202 3012 3473 3067 propone-

1900 3095 2111 3145 bantca
2144 3107 2285 3161 (pne,
2346 3098 2407 3145 ut
2454 3099 2549 3145 est‘
2598 3100 2793 3144 natura
2819 3089 3298 3160 justitbefpcrliei
3360 3106 3472 3143 non

1897 3182 2185 3236 debebant.
2219 3198 2239 3234 ι
2269 3182 2527 3237 Veterum
2571 3180 2964 3250 imperatorum
3017 3196 3309 3235 commune
3339 3180 3474 3234 illud

1895 3284 1949 3327 et
1980 3275 2216 3342 patrium
2253 3273 2564 3326 institutum
2598 3271 2702 3326 fuit
2759 3272 3047 3343 (aiebant),
3115 3282 3175 3326 ut
3230 3288 3371 3327 vasa‘
3417 3285 3477 3328 et

1903 3363 2286 3431 Supellectilia,
2337 3379 2496 3428 auro,
2530 3371 2781 3431 argento,
2811 3372 2867 3417 et
2906 3364 3167 3432 pretiosis
3198 3365 3477 3432 lapidibus

1896 3464 2108 3513 ornata.
2146 3463 2199 3508 et
2226 3453 2359 3507 alias
2385 3455 2652 3524 ejusmodi
2702 3469 2863 3524 gazas
2893 3454 3091 3507 all‘crre
3136 3454 3242 3507 huc
3284 3455 3477 3509 stude-

1900 3553 2043 3600 rent.
2079 3544 2159 3598 Tu
2187 3559 2320 3597 vero
2354 3544 2598 3597 obtulisti
2631 3544 2836 3598 donum
2871 3544 3254 3609 adventilittm,
3280 3552 3333 3596 et
3357 3560 3473 3601 rem

1899 3644 2123 3698 minime
2183 3641 2491 3708 indigenam
2529 3642 2784 3697 Ecclesia:
2820 3641 2954 3707 Dei;
3003 3641 3099 3695 sed
3150 3641 3367 3709 qualem
3405 3642 3476 3698 ab

1900 3732 2394 3787 omnimvouullus
2422 3747 2658 3801 unquam
2717 3732 2973 3801 princeps
3022 3729 3303 3785 intulerat.
3362 3729 3478 3787 Nos

1901 3839 2082 3880 autem
2112 3826 2205 3879 tibi
2237 3825 2427 3878 [inium
2466 3823 2683 3893 imperii
2717 3833 2773 3878 et
2806 3823 3036 3879 ditionis
3075 3839 3172 3893 per
3202 3824 3475 3894 Europam

1901 3926 1955 3972 et
1983 3934 2080 3988 per
2105 3917 2286 3972 Asiam
2345 3917 2792 3986 propagationem
2851 3916 3209 3986 pollicemur;
3281 3914 3361 3968 sic
3416 3923 3480 3973 ut

1902 4022 2146 4064 veterqu
2186 4008 2493 4079 principum
2526 4007 2737 4062 nemini
2772 4023 3012 4077 unquam
3050 4006 3171 4061 talis
3194 4004 3475 4075 obtigerit,

1904 4116 2005 4159 nec
2036 4102 2207 4171 major
2242 4100 2496 4170 cuiquam
2532 4115 2743 4154 merces
2768 4098 2893 4153 data
2922 4116 2954 4153 a
2987 4100 3098 4152 Deo
3127 4100 3296 4153 fuerit
3327 4116 3340 4152 :
3374 4100 3469 4167 qui

1904 4192 2145 4261 quidem,
2182 4207 2278 4260 pro
2310 4190 2477 4244 oblati
2510 4192 2754 4244 muneris
2800 4193 3032 4254 ratione,
3074 4190 3282 4260 1031
3331 4190 3480 4245 solet

1904 4282 2123 4351 dignam
2163 4280 2363 4334 deinde
2395 4279 2703 4334 mercedem
2743 4282 3081 4349 persolverit.
3117 4291 3174 4335 et
3237 4297 3335 4349 per
3362 4282 3481 4337 eviv

1906 4366 2357 4442 dens‘praemium
2403 4373 2658 4431 latentem
2688 4370 2817 4426 doni
2860 4372 3067 4441 accepti
3105 4371 3475 4426 conditionem
3568 4384 3577 4393 κ

1839 4466 1883 4520 D
1910 4474 1965 4519 et
1990 4472 2262 4528 naturam,
2305 4473 2578 4533 quatenus
2609 4479 2674 4518 ea
2708 4464 2792 4517 vel
2839 4465 3043 4534 optima
3097 4463 3180 4519 vel
3239 4464 3480 4533 pessima

1909 4558 1999 4620 sit,
2026 4556 2257 4625 prodere
2287 4567 2341 4610 et
2373 4556 2675 4610 declarare.
2718 4574 2737 4606 ι

1978 4648 2062 4702 IV.
2095 4646 2219 4701 Hzt'c
2241 4648 2429 4701 audita
2467 4663 2495 4699 a
2527 4647 2823 4717 Byzantiis,
2882 4662 3114 4716 quorum
3145 4646 3316 4716 gratia
3351 4661 3481 4700 ora-

1904 4741 2087 4795 Culum
2119 4739 2250 4793 illud
2283 4718 2633 4805 cauebatur;
2664 4740 2845 4793 audita
2878 4740 3007 4792 item
3041 4754 3071 4793 a
3102 4739 3233 4799 Deo,
3280 4737 3371 4792 cui
3425 4747 3483 4792 ct

1903 4832 2239 4885 oll‘erebatur
2286 4830 2512 4895 donum,
2567 4841 2620 4885 et
2659 4831 2967 4884 futurorum
3016 4830 3289 4897 judicium
3357 4845 3486 4898 per-

1907 4924 2241 4985 mittebatur,
2273 4922 2509 4977 celerem
2538 4925 2745 4977 exitum
2780 4923 3129 4987 habuerunt;
3190 4936 3300 4975 non
3338 4937 3479 4990 qua-

1905 5014 2010 5067 lem
2035 5013 2108 5068 illi
2160 5031 2255 5083 pro
2287 5030 2384 5069 sua
2446 5014 2731 5068 voluntate
2803 5013 3087 5067 vaticinati
3138 5020 3340 5078 erant;
3383 5011 3482 5067 sed

1905 5122 2031 5159 eum
2063 5106 2262 5175 ipsum,
2294 5123 2455 5172 quem
2481 5108 2695 5178 justitia
2737 5107 2920 5161 divina
2950 5106 3281 5177 aequissimis
3306 5102 3483 5160 lanci-

1906 5198 2009 5252 bus
2073 5199 2436 5268 ponderatum
2493 5201 2775 5270 irrogavit.
2829 5200 3023 5255 Testes
3085 5200 3240 5254 luere
3294 5199 3333 5253 ii
3384 5197 3483 5265 qui

1905 5289 2109 5343 sciunt.
2142 5290 2357 5344 Etenim
2414 5291 2600 5360 paucis
2632 5304 2698 5343 ex
2751 5304 2818 5344 eo
2846 5288 3043 5343 diebus
3086 5285 3311 5355 elapsis,
3358 5283 3483 5340 illas

1570 5404 1898 5468 Variorum
1944 5418 2132 5473 notae.

300 5528 422 5597 (57)
447 5527 581 5584 Cum
606 5527 883 5585 Palamita‘:
927 5530 1098 5583 multa
1146 5538 1203 5584 et
1233 5530 1493 5598 praeclara
1527 5528 1805 5584 Cantacu-

214 5614 377 5653 ια·ηο
406 5600 806 5668 promisissent,
839 5600 882 5653 si
907 5599 1136 5653 Tommn
1176 5616 1334 5653 suum
1362 5600 1517 5654 altari
1558 5600 1675 5668 ipse
1705 5600 1807 5651 im-

212 5677 488 5737 poneret,
514 5684 577 5722 ac
601 5684 740 5723 novo
770 5669 876 5722 ritu
909 5680 1276 5727 consecraret.
1306 5670 1599 5737 Gregoras,
1630 5669 1723 5723 ubi
1748 5668 1801 5722 id

213 5739 482 5799 rescivit,
508 5738 645 5804 lino,
696 5738 896 5805 inquit,
950 5756 1065 5794 cum
1096 5741 1325 5794 videritis
1354 5738 1803 5797 abominatiouem

1904 5534 2246 5589 desolationis
2268 5546 2492 5590 stantem
2532 5537 2586 5590 in
2627 5535 2739 5589 loco
2763 5541 2969 5598 sancto,
3012 5530 3309 5599 cognoscite
3347 5545 3483 5599 qua-
3544 5578 3549 5589 .

1905 5606 2050 5676 {tiam
2072 5608 2515 5676 appropinquavit
2540 5607 2792 5659 desolatio
2816 5603 3019 5667 imperii
3051 5600 3298 5658 Romani.
3340 5600 3479 5658 Vide

1904 5672 2040 5729 Hist.
2068 5672 2165 5730 lib.
2202 5672 2482 5747 xxv,'cap.
2520 5677 2618 5731 ult.
2649 5676 2855 5733 ButVtN.
