3982 6214
221 319 353 383 936')
674 316 748 389 [Α.
791 335 839 377 c.
884 322 1045 400 1551]

1192 326 1626 387 ΒΥΖΧΝΤΙΝίΕ
1662 329 2041 391 HISTORIIE
2082 333 2226 393 LIB-
2265 336 2419 398 XXI.

2084 182 2165 201 υ⁴

2565 336 2697 409 [tum
2738 351 2779 389 ι.
2821 349 3111 389 unum.
3156 333 3212 405 5]

3324 338 3458 413 1310

213 428 314 496 τῆς
346 426 581 496 ἀμαθίας
643 430 905 499 ταράττει
934 433 1089 504 δίκην
1113 432 1341 504 θυέλλης
1375 433 1613 507 ἅπαντα.
1648 434 1783 502 πρὸς

1901 438 1996 493 bus
2017 440 2269 510 dogmata
2304 445 2722 502 labefactantur.
2755 447 2947 502 Omnia
2981 448 3230 516 procellae
3288 448 3458 501 instar

218 517 522 587 ὑπερϐολὰς
557 521 653 572 καὶ
682 521 950 591 ἐλλείψεις
972 525 1043 577 τὰ
1074 525 1175 594 τῆς
1228 525 1511 585 εὐσεϐείας
1540 542 1787 594 παρασο-

220 611 424 676 ρόντων
452 611 719 680 δόγματα.
753 613 882 679 Τοῖς
924 617 1023 685 μὲν
1068 618 1176 669 τῶν
1223 616 1635 685 ἀνθισταμένων
1681 620 1791 686 χεῖ-

220 714 313 766 ρες
343 701 638 767 ἐπάγονται
688 707 906 772 φονικαί
931 719 946 737 °
978 708 1105 767 τοὺς
1138 708 1183 760 δ’
1207 708 1410 777 ὲξορίαι
1430 710 1527 760 ικαὶ
1559 708 1788 777 sumta

221 792 463 844 παντοῖοι
494 794 845 863 μερίζονται*
868 799 994 858 τοὺς
1033 798 1078 851 δ’
1109 800 1325 870 εἱρκταὶ
1377 797 1785 868 συγκρύπτουσι

218 887 939 958 καταχθόνιοι,αὑτοσχέδιοι
973 893 1085 950 τοῖς
1118 891 1198 943 ἔτι
1226 890 1359 953 ζῶσι
1394 890 1662 960 ὁρώμενοι
1694 892 1789 942 τά·

220 995 331 1045 φοι.
350 979 704 1046 (θεολογοῦσιν
729 982 899 1044 ἀδεῶς
927 984 977 1035 oi.
1010 983 1287 1051 βάναυσοι,
1314 985 1520 1053 ἀγορὰς
1538 989 1629 1034 καὶ
1660 982 1783 1035 θέαο

223 1087 325 1139 τρα
362 1072 538 1126 πάντα
580 1076 838 1127 τοιούτων
871 1073 960 1147 [Ρ.
994 1074 1118 1145 650]
1161 1078 1353 1144 φωνῶν
1380 1076 1780 1144 ὲμπιπλιτιντες.

226 1163 485 1229 Ποιμένες
518 1163 833 1215 ἐλαύνονται
863 1180 877 1192 ·
915 1165 1099 1234 βαρεῖς
1128 1165 1171 1216 δ’
1197 1165 1607 1231 ἀντεισὰγονται
1638 1162 1792 1215 λύκοι

225 1256 363 1307 κατὰ
393 1254 503 1307 τῶν
537 1257 825 1324 ποιμνίων.
859 1257 1143 1325 Θεοτήτων
1203 1255 1476 1325 ἁκτίστων
1508 1257 1536 1307 ὸ
1563 1252 1795 1322 ἀριθμὸς

225 1348 306 1409 εἰς
334 1348 561 1417 ἄπειρον
592 1348 895 1400 ἐκτείνεται
922 1324 1148 1414 πλῆθος.
1201 1324 1473 1399 Λαλείται
1495 1344 1554 1396 τὸ
1600 1342 1795 1412 ψεῦδος

225 1437 479 1506 ἀφόϐως·
538 1440 572 1508 ἡ
609 1439 835 1503 ἀλήθεια
889 1436 1353 1506 συγκαλύπτεται.
1405 1435 1798 1489 Διασάλλουσιν

226 1528 373 1597 ἡμᾶς
403 1527 490 1596 ἐφ’
520 1522 603 1592 οἷς
630 1529 783 1583 αὐτοί
808 1546 872 1598 γε
900 1531 1177 1601 ἐνέχονται
1225 1529 1558 1600 ἐγκλήμασι.
1591 1526 1798 1597 Θεσμοὶ

233 1620 491 1688 Πατέρων
519 1621 884 1690 πεπάτηνται.

1883 534 2177 588 conturbat
2204 538 2425 605 junctus
2453 556 2575 593 cum
2599 540 2900 608 ignorantia
2933 540 3103 592 fastus
3125 541 3262 606 print
3286 539 3457 609 ipum,

1884 625 1979 693 qui
2030 637 2085 680 et
2130 628 2405 697 superﬂua
2450 632 2723 693 addendo,
2751 640 2808 685 et
2864 629 3208 684 detrahendo
3266 644 3459 681 neres-

1885 716 2055 781 saria,
2102 718 2405 774 doctrinam
2440 722 2562 775 fidei
2588 731 2932 791 pervertunt.
2966 722 3021 774 Si
3056 722 3148 788 qui
3174 720 3457 779 resistunt,

1885 823 2077 862 eorum
2098 809 2219 863 aliis
2248 827 2442 866 manus
2489 813 2801 867 inferuntur
2861 812 3262 882 sanguinari:e;
3327 811 3462 863 alios

1891 896 2080 951 exsilia
2115 900 2366 954 etomnis
2391 902 2611 970 generis
2648 904 3058 972 persecutiones
3087 901 3459 972 dispertiunt:

1894 984 2033 1037 alios
2084 985 2321 1055 denique
2379 1003 2569 1042 carcer
2619 990 3015 1044 subterraneus
3067 970 3267 1058 operit.
3317 988 3465 1041 vvlnt

1898 1072 2143 1126 tumulus
2170 1075 2392 1144 quidam
2430 1076 2760 1143 subitarius,
2788 1078 3110 1132 hominibus
3160 1076 3344 1130 adhuc
3378 1075 3464 1127 vi-

1899 1162 1984 1216 vis
2015 1176 2255 1234 paratus.
2288 1166 2445 1222 Fabri
2478 1168 2731 1225 vilissimi
2758 1169 2829 1223 de
2855 1171 3020 1227 rebus
3046 1168 3250 1222 divinis
3280 1166 3468 1235 dispu-

1892 1263 2010 1309 tant
2076 1261 2320 1325 impune.
2397 1259 2511 1314 fora
2571 1261 2897 1331 theatraque
2967 1262 3150 1314 omnia
3196 1257 3466 1327 ejusmodi

1891 1351 2240 1404 sermonibus
2272 1350 2582 1421 implentes.
2613 1354 2868 1407 Pastores
2905 1352 3277 1421 expelluntur.
3327 1348 3467 1417 Lupi

1890 1439 2144 1495 crudeles
2172 1442 2226 1496 in
2254 1459 2452 1498 eorum
2488 1445 2668 1500 locum
2703 1446 2967 1501 adversus
2990 1460 3185 1515 greges
3217 1443 3469 1498 introdu-

1892 1541 2114 1587 cuntur.
2141 1534 2494 1599 Divinitatum
2527 1538 2890 1594 increatarum
2916 1552 3181 1592 numerus
3238 1538 3291 1591 in
3346 1536 3469 1589 inti-

1894 1622 2071 1678 nitum
2094 1628 2434 1683 extenditur.
2482 1629 2776 1684 Mcntiendi
2806 1629 2992 1684 nullus
3025 1637 3234 1683 metus.
3304 1626 3466 1682 Veri-

226 1723 308 1768 tas
336 1712 633 1769 involucris
667 1715 886 1785 tegitur.
922 1713 1166 1781 Quorum
1232 1711 1528 1770 criminum
1550 1709 1629 1765 rei
1691 1708 1793 1779 ipsi
1833 1722 1981 1777 sunt,
2010 1730 2073 1769 ea
2106 1715 2161 1770 in
2183 1732 2282 1772 nos
2309 1734 2408 1788 per
2428 1720 2757 1775 calumniam
2823 1718 3191 1774 transferunt.“
3246 1718 3466 1773 Patrum

227 1807 542 1877 praescripta
579 1806 810 1875 pedibus
832 1817 1213 1877 proteruntur.

295 1897 370 1950 Z'.
403 1897 509 1948 Καὶ
537 1897 590 1949 τί
625 1896 707 1949 δεῖ
738 1899 859 1948 καθ’
908 1898 1115 1950 ἕκαστα
1166 1897 1347 1949 πάντα
1383 1894 1640 1959 διεξιέναι
1694 1888 1787 1959 ζηὶ

1962 1895 2073 1952 VII.
2110 1897 2178 1955 Et
2228 1900 2360 1971 quid
2390 1916 2613 1957 necesse
2661 1908 2745 1956 est
2791 1900 2930 1954 velle
2982 1901 3167 1955 omnia
3215 1892 3469 1970 persequi

226 1993 363 2052 τεῖν,
387 1989 509 2055 ἐξὸν
543 1989 670 2052 τοὺς
707 1990 1181 2057 ἀναγινώσκοντας
1252 1987 1627 2057 παραὸἁλλειν
1681 1984 1797 2047 τοῖς

230 2081 542 2151 πράγμασι,
569 2081 662 2134 καὶ
692 2082 948 2148 συνάγειν
983 2082 1049 2133 ὲκ
1112 2078 1472 2149 παραθέσεως
1536 2076 1637 2144 τὴν
1685 2075 1796 2128 τῶν

231 2172 398 2226 πάλαι
431 2173 584 2240 πρὸς·
614 2172 683 2225 τὰ
728 2171 825 2223 νῦν
886 2172 1223 2242 ὁμοιότητα·
1284 2169 1451 2239 φαίην
1504 2169 1550 2221 δ’
1600 2167 1666 2221 ἂν
1704 2165 1799 2219 καὶ

235 2264 405 2332 μείζω
434 2264 530 2332 τὴν
555 2262 650 2315 νῦν
691 2263 971 2333 εὑρίσκειν
1007 2264 1229 2327 κακίαν,
1274 2261 1307 2332 ἢ
1341 2264 1483 2314 κατᾶ
1511 2262 1607 2323 τὰς
1632 2260 1799 2328 θρυλ-

228 2355 496 2424 λουμένας
524 2356 633 2408 τῶν
656 2356 866 2409 πάλαι·
905 2356 1145 2425 παρόσον
1188 2356 1284 2423 τῆς
1331 2353 1452 2405 τότε
1512 2352 1799 2419 Ῥωμαίων

234 2446 407 2516 ἀρχῆς
466 2446 770 2516 εὐρυτέροις
809 2445 977 2513 οὖσης
1020 2448 1078 2498 ὲν
1124 2446 1340 2514 ἠπείρῳ
1384 2445 1478 2497 καὶ
1532 2444 1799 2513 θαλάσσῃ,

231 2538 328 2590 καὶ
362 2539 543 2606 σοφῶν
571 2538 781 2608 ἀνδρῶν
807 2538 1055 2608 πανταχῆ
1094 2540 1191 2608 τῆς
1248 2537 1576 2605 οἰκουμένης
1615 2538 1801 2605 ἀκμα-

232 2631 453 2694 ζόντων.
488 2632 584 2682 καὶ
638 2631 854 2685 πάντων
893 2632 992 2700 μὲν
1030 2630 1385 2700 πατριαρχῶν
1450 2631 1657 2700 σχεδὸν,
1707 2630 1802 2681 καὶ

234 2721 552 2773 ἰπισκόπων
605 2721 714 2773 τῶν
766 2721 1057 2785 πλείστων,
1131 2722 1362 2791 ἑχόντων
1420 2721 1559 2787 μετὰ
1614 2720 1803 2787 σοφίας

236 2812 499 2887 ἀνάὶργον
524 2814 617 2867 καὶ
644 2814 743 2883 τὴν
780 2814 838 2866 ἐν
875 2814 1106 2884 δόγμασι
1138 2816 1356 2881 πεῖραν,
1384 2812 1458 2873 ὡς
1507 2812 1651 2879 ἔχειν
1678 2815 1803 2873 τοὺς

230 2905 599 2975 διωκομένους
623 2906 885 2959 πλατεῖαν
915 2905 1013 2974 τὴν
1042 2906 1247 2975 χώραν,
1296 2906 1360 2957 ἐκ
1394 2904 1555 2972 τῆσδε
1588 2890 1685 2975 τῆς
1714 2902 1806 2955 πό-

231 2996 370 3059 λεως
406 2973 635 3064 *φεύγειν
674 2998 754 3059 είς
782 2996 881 3067 τὴν
908 2973 1416 3066 ἑτέραν,κακεῖθεν
1476 2997 1556 3058 είς
1608 2973 1800 3063 ἄλλην,

234 3089 330 3140 καὶ
377 3087 530 3150 αὖθις
551 3087 763 3140 ἐκεῖθεν
808 3087 1096 3140 ἐντεῦθενο
1134 3086 1225 3138 καὶ
1278 3084 1535 3138 δύνασθαι
1581 3085 1673 3138 τοῦ
1708 3091 1806 3152 μὲν

232 3179 353 3241 ἑνὸς
399 3178 797 3240 κινδυνεύοντος
827 3178 1052 3246 μέρους,
1077 3176 1185 3229 τῶν
1212 3177 1258 3229 δ’
1303 3177 1479 3230 ἄλλων
1531 3176 1799 3243 ὑγιαινὸν⁴

232 3288 342 3323 των
372 3267 451 3321 ἔτι
492 3271 587 3321 καὶ
639 3268 1077 3338 ἀνθισταμένων,
1144 3267 1457 3336 ἐγείρεσθαι
1492 3267 1551 3320 τὸ
1588 3283 1804 3317 πεπτω-

236 3365 352 3425 κός.
390 3361 506 3414 Νῦν
540 3360 585 3413 δ’
619 3364 676 3413 ἐν
712 3363 857 3430 μόνῳ
883 3361 959 3430 τῷ
990 3361 1275 3428 Βυζαντίῳ
1304 3361 1494 3428 σχεδὸν
1518 3358 1617 3425 τῆς
1650 3357 1801 3420 ἐξου-

233 3456 353 3517 σίας
388 3454 790 3523 καθισταμένης
816 3453 1055 3519 ἁπάσης,
1077 3450 1492 3522 πατριαρχικῶν
1524 3451 1570 3503 δ’
1600 3450 1801 3515 ἐκκλη-

232 3546 368 3598 σιῶν
400 3549 494 3598 καὶ
536 3545 936 3611 ὲπισκοπικῶν,
962 3545 1143 3612 ὁλὶγον
1172 3546 1274 3598 δέω
1308 3545 1491 3611 λέγειν
1548 3544 1798 3607 ἁπασῶν,

233 3641 543 3706 γενομένων
582 3639 674 3705 ὑφ’
699 3639 929 3708 ἡγεμόσι
992 3637 1311 3708 βαρϐάροις,
1358 3637 1452 3689 καὶ
1483 3637 1572 3688 διὰ
1628 3633 1802 3686 ταῦτα

232 3732 339 3784 τῶν
359 3732 667 3784 διωκόντων
693 3733 828 3800 ὁμοῦ
864 3731 956 3783 καὶ
986 3732 1355 3799 διωκομένων,
1387 3729 1585 3781 ταυτὸν
1629 3726 1675 3779 δ’
1727 3727 1803 3778 εξ-

232 3825 355 3875 πεῖν
378 3824 559 3876 λύκων
589 3822 725 3889 ὁμοῦ
754 3821 847 3873 καὶ
872 3821 1093 3887 ἀρνίων,
1122 3822 1178 3872 ὲν
1210 3818 1419 3889 μάνδρᾳ.
1454 3818 1573 3886 μιᾷ,
1604 3817 1678 3882 τῷ
1700 3816 1801 3867 Β.)-

233 3916 434 3983 ζαντίῳ
468 3918 633 3983 φημὶ,
662 3911 1151 3982 συγκλεισθέντων,
1186 3911 1323 3978 μετὰ
1361 3908 1563 3975 πολλῆς
1618 3907 1801 3967 ἁδείας

230 4008 409 4061 τὸτοῦ
439 4006 678 4075 Χριστοῦ
713 4005 1024 4057 δαπανᾶται
1071 4002 1350 4069 ποίμνιον,
1405 3996 1636 4069 μηδενὸς
1697 4015 1801 4066 μησ-

230 4101 380 4170 δαμῆ
442 4099 718 4168 μηδεμίαν
764 4095 1091 4162 καταφυγὴν
1150 4092 1367 4161 ἀσφαλῆ
1437 4090 1797 4160 κεκτημένου,

235 4191 364 4262 μηδ’
393 4193 451 4244 ὲν
471 4191 612 4261 ψυχῇ
635 4188 825 4246 λαβεῖν
855 4186 1102 4240 ὁπωσοῦν
1142 4185 1443 4255 δυναμένου
1472 4184 1533 4235 τὸ
1588 4180 1796 4237 εὔελπι.

232 4287 346 4339 Καὶ
392 4283 605 4350 γίνεται
635 4280 695 4333 τὸ
724 4281 961 4350 πρᾶγμα
997 4275 1176 4347 πολλῷ
1237 4276 1540 4345 βιαιότερον
1588 4272 1708 4338 νῦν,
1763 4271 1795 4341 ῆ

231 4376 375 4428 κατὰ
440 4374 532 4425 τὸν
586 4370 889 4424 Αἰσώπειον
954 4368 1122 4438 μῦθον
1178 4368 1403 4427 ἐκεῖνον,
1456 4358 1500 4432 ᾧ
1547 4364 1639 4416 ἐπὶ
1675 4379 1798 4415 και-

232 4461 330 4532 ροῦ
374 4460 657 4521 Βασίλειος
718 4459 748 4511 ὁ
811 4458 983 4528 μέγας
1055 4458 1324 4526 ἐχρήσατο
1391 4453 1796 4522 παραδείγματι

1900 1989 2200 2060 sigillatim.
2234 2007 2356 2061 quae
2399 1993 2494 2061 qui
2517 1993 2704 2062 legunt
2748 1992 2909 2049 facile
2933 1993 3037 2062 ipsi
3073 2000 3302 2061 possunt
3340 2007 3465 2045 cum

1900 2080 2065 2135 rebus
2094 2082 2368 2147 conferre,
2412 2093 2469 2137 ut
2499 2085 2803 2153 priscarum
2841 2099 2964 2138 cum
3008 2083 3291 2138 hodiernis
3315 2084 3471 2138 simi-

1900 2171 2073 2226 litudo
2110 2190 2174 2229 ex
2206 2176 2618 2243 comparatione
2645 2176 2975 2244 colligatur:
3014 2175 3145 2233 imo.
3178 2176 3354 2228 ausim
3390 2176 3472 2228 di-

1901 2277 2047 2328 cere,
2079 2274 2138 2318 ut
2170 2267 2343 2333 majus
2369 2265 2531 2320 hodie
2562 2266 2764 2320 malum
2794 2269 3028 2334 grassari
3076 2266 3468 2333 comperiatnr.

1902 2372 2063 2425 quam
2092 2360 2293 2413 fuerint
2319 2371 2501 2414 vetera
2537 2370 2592 2413 et
2640 2362 2960 2430 pervulgata
3013 2359 3101 2414 illa
3132 2376 3147 2415 :
3182 2368 3471 2427 propterea

1902 2450 2048 2517 quod
2110 2449 2178 2502 iis
2235 2450 2601 2518 tt-mpor.bus,
2659 2466 2784 2503 cum
2825 2450 3131 2503 Romanum
3184 2446 3468 2515 imperium

1906 2550 2047 2593 terra
2073 2550 2126 2592 et
2158 2540 2294 2593 mari
2322 2540 2898 2610 latiusjporrigeretur,
2924 2522 3197 2607 etubique
3226 2539 3470 2606 gentium

1906 2631 2008 2683 viri
2039 2632 2134 2685 dor
2149 2631 2187 2685 ti
2234 2632 2519 2695 florerent,
2550 2632 2876 2700 patriarcha:
2907 2644 3088 2684 autem
3120 2630 3235 2684 fere
3261 2645 3470 2703 clunes.

1903 2733 1959 2778 et
1989 2725 2231 2794 episcopi
2270 2724 2542 2793 plerique.
2597 2723 2810 2794 1034
2851 2722 3165 2775 eruditione
3207 2722 3359 2787 juxta
3407 2736 3474 2771 ac

1906 2815 2221 2885 dogmatum
2269 2830 2371 2868 usu
2427 2823 2770 2877 praestarent,
2815 2814 3073 2881 patebant
3126 2811 3469 2880 fugientibus

1908 2923 2098 2976 magna
2138 2908 2385 2961 locorum
2420 2906 2615 2976 spatia,
2638 2916 2697 2959 ut
2725 2906 2864 2976 pulsi
2914 2905 3017 2959 hac
3052 2905 3186 2957 urbe
3228 2904 3281 2957 in
3309 2902 3470 2955 aliam

1909 2997 2177 3067 fugerent,
2216 3008 2270 3051 et
2298 2997 2422 3051 in.!e
2453 3000 2507 3050 in
2539 2998 2725 3058 aliam,
2758 3007 2812 3048 et
2847 3009 3041 3048 rursus
3068 2993 3191 3046 inde
3242 2993 3476 3045 aliover-

1907 3105 2027 3146 sum
2061 3107 2075 3141 :
2111 3093 2380 3157 adeoque,
2439 3089 2484 3142 si
2522 3103 2651 3157 pars
2682 3103 2790 3140 una
2829 3086 3126 3148 laboraret,
3189 3083 3309 3135 alia:
3342 3096 3474 3134 vero

1909 3182 2091 3236 adhuc
2116 3183 2362 3235 valerent
2393 3196 2457 3234 ac
2484 3182 2824 3241 resisterent,
2858 3185 3041 3246 posset
3066 3173 3202 3243 erigi
3238 3173 3298 3241 id,
3326 3170 3476 3240 quod

1906 3273 2217 3327 cecidisset.
2252 3272 2362 3326 Hoc
2400 3281 2581 3339 autem
2622 3281 2890 3340 tempore,
2954 3282 3078 3320 cum
3136 3262 3479 3319 o:unis.fcre

1901 3364 2243 3433 principatus
2266 3365 2319 3415 in
2351 3365 2467 3416 solo
2498 3361 2755 3431 Byzantio
2772 3359 3049 3422 consistit,
3094 3372 3219 3412 cum
3246 3358 3479 3425 patriar-

1903 3455 2089 3509 chales
2116 3454 2362 3508 ecclesiae
2382 3495 2396 3517 ,
2420 3462 2475 3506 et
2496 3452 2837 3521 episcopales
2886 3464 3023 3518 pene
3057 3447 3288 3501 dixerim
3350 3446 3478 3498 uni-

1856 3578 1861 3585 -
1905 3561 2101 3607 versa),
2155 3544 2496 3614 principibus
2549 3542 2796 3597 barbaris
2866 3538 3277 3608 subjiciuntur;
3314 3545 3481 3603 atque

1904 3637 2111 3691 idcirco
2135 3643 2516 3705 persecutores
2544 3632 2707 3686 simul
2743 3642 2798 3685 et
2831 3630 2868 3683 ii
2901 3628 2992 3697 qui
3024 3626 3469 3696 persecutionem

1903 3730 2205 3801 patiuntur,
2235 3743 2355 3789 seu,
2378 3725 2524 3795 quod
2570 3725 2713 3778 idem
2747 3732 2851 3782 est.
2905 3718 3030 3789 lupi
3081 3717 3395 3786 promiscue
3425 3724 3485 3770 et

1905 3821 2032 3892 agni
2067 3822 2119 3873 in
2149 3819 2342 3874 eodem
2370 3817 2524 3880 ovili,
2566 3814 2829 3886 Byzantio
2866 3812 3024 3876 urbe,
3084 3808 3440 3863 includuntur
3463 3847 3479 3870 ,

1902 3916 2007 3970 hoc
2032 3915 2252 3984 inquam
2288 3922 2531 3980 tempore
2550 3925 2681 3964 oves
2706 3906 2908 3964 Christi
2942 3920 3135 3975 magna
3163 3919 3286 3958 eum
3306 3903 3484 3956 licen-

1907 4011 1978 4064 tia
2015 4006 2431 4076 disperduutur.
2469 4005 2598 4074 quia
2641 4003 3002 4057 nullatutnm
3034 4012 3267 4067 usquam
3291 3996 3483 4064 perfuo

1901 4100 2048 4167 gium
2082 4098 2268 4159 habet,
2312 4112 2410 4151 nec
2434 4110 2585 4165 spem
2615 4097 2807 4146 bonam
2845 4091 3140 4160 concipere
3180 4089 3289 4142 ullo
3322 4086 3484 4140 modo

1902 4198 2098 4259 patest.
2128 4190 2204 4241 ita
2242 4190 2321 4251 fit,
2358 4198 2413 4254 ut
2442 4186 2702 4241 violentia
2730 4185 2900 4239 multo
2948 4198 3097 4237 nunc
3161 4182 3337 4249 major
3385 4193 3483 4233 sa-

1899 4287 2033 4342 viat,
2062 4296 2224 4349 quam
2261 4289 2317 4333 ut
2343 4289 2596 4333 narratur
2645 4278 2700 4331 in
2731 4278 2820 4331 illa
2867 4274 3060 4343 )Esopi
3113 4273 3321 4333 fabula,
3370 4286 3479 4339 qua

1901 4389 2128 4442 magnus
2154 4372 2386 4425 Basilius
2414 4370 2467 4423 in
2506 4380 2750 4439 tmnpore
2781 4383 2913 4422 usus
2947 4376 3054 4425 est.
3090 4373 3145 4418 ut
3191 4365 3483 4417 immanem

1900 4470 2318 4531 persecutorum
2354 4460 2619 4513 saevitiam
2651 4473 2717 4512 eo
2747 4456 2998 4525 exemplo
3021 4454 3347 4508 declararet.

228 4552 369 4623 πρὸς
438 4552 779 4621 παράστασιν
838 4550 939 4620 τῆς
1001 4549 1295 4620 θηριωδίας
1352 4549 1459 4601 τῶν
1496 4549 1616 4600 τότε
1666 4548 1792 4601 διω-
1835 4560 1883 4618 ι)

230 4661 400 4701 κτων.

304 4735 389 4791 H’.
424 4736 585 4792 Ἐπεὶ
615 4737 671 4789 δὲ
698 4737 793 4789 καὶ
846 4736 947 4807 τῆς
1013 4735 1080 4788 δι’
1130 4733 1357 4802 ὀνείρων
1408 4731 1808 4801 ἠναγκάσμεθά

232 4846 352 4891 πως
381 4831 651 4900 μαντικῆς
688 4827 781 4881 ὑπ’
843 4826 1023 4881 αὐτῶν
1051 4827 1139 4880 διὰ
1178 4826 1400 4895 μνήμης
1463 4826 1634 4877 ἐλθεῖν
1669 4825 1804 4894 (59),

226 4923 299 4977 δι’
332 4918 409 4977 ὧν
449 4925 529 4985 εις
557 4923 627 4975 τὰ
665 4921 901 4992 μάλιστα
956 4921 1055 4989 τῆς
1118 4919 1211 4970 τοῦ
1260 4920 1523 4987 βασιλέως
1581 4916 1807 4984 γνώμης

226 5016 335 5085 τὴν
367 5014 622 5069 εὐκολίαν
653 5013 953 5082 ἐξέπληξαν
976 5030 1036 5064 τε
1075 5012 1273 5081 ῥᾳδίως
1305 5009 1400 5060 καὶ
1435 5009 1805 5076 ὑπηγάγοντο,

229 5109 370 5178 φέρε
434 5109 529 5159 καὶ
586 5106 714 5175 περὶ
762 5107 968 5157 τούτων
1016 5104 1216 5178 μέτρια
1263 5100 1534 5168 λέξωμεν,
1584 5102 1677 5150 καὶ
1707 5099 1808 5152 ὅσα

227 5174 387 5263 παρὰ
419 5194 513 5245 τοῦ
544 5174 900 5262 προτεθέντος
947 5174 1148 5257 ἀρ’τέως
1195 5188 1327 5255 ἡμῖν
1388 5188 1468 5246 εἰς
1499 5186 1809 5253 ἀρχέτυπον

228 5284 569 5353 ἀφηγήσεως
596 5280 882 5335 Βασιλείου
908 5278 1003 5331 τοῦ
1056 5278 1204 5330 θείου
1237 5275 1594 5346 ἐρανίσασθαι
1641 5275 1807 5344 δυνη-

1985 4721 2122 4776 Vlll.
2152 4720 2417 4786 Quoniam
2456 4734 2585 4773 vero
2609 4719 2727 4788 ejus
2764 4719 2937 4789 ipsius
2968 4731 3129 4787 quant
3160 4714 3363 4767 habent
3386 4728 3486 4782 per

1912 4814 2123 4868 somnia
2151 4814 2433 4869 divinandi
2467 4813 2748 4868 facultatis
2794 4812 3127 4865 mentionem
3165 4808 3349 4861 facere
3384 4822 3479 4859 ro-

1910 4910 2016 4962 acti
2055 4909 2123 4962 ab
2150 4908 2256 4961 illis
2274 4922 2485 4970 sumus,
2512 4921 2617 4974 qua
2676 4903 3019 4973 potissimum
3083 4914 3142 4954 re
3196 4898 3479 4953 credulam

1912 5000 2265 5071 imperatoris
2294 5009 2531 5052 mentem
2567 4995 2733 5050 facile
2782 4992 3160 5063 perculerunt,
3225 5005 3291 5045 ac
3328 4989 3481 5043 velut

1913 5095 2174 5149 domitam
2200 5091 2672 5161 subegerunt,age
2703 5086 2770 5141 de
2795 5086 2879 5141 his
2925 5084 3090 5139 etiam
3118 5098 3289 5153 pauca
3319 5097 3350 5135 a
3384 5097 3483 5135 no-

1914 5188 1994 5239 bis
2039 5170 2330 5245 dicamur;
2372 5197 2436 5237 ea
2481 5181 2714 5242 scilicet,
2757 5194 2828 5249 qu
2847 5170 2990 5249 ε’σί
3021 5186 3209 5232 sancto
3258 5173 3479 5236 Basilio,

1911 5293 2071 5347 quem
2126 5276 2283 5329 nobis
2340 5276 2393 5329 in
2442 5272 2528 5327 his
2569 5272 2735 5326 rebus
2786 5248 3107 5324 enarrandis
3154 5265 3479 5322 imitandum

228 5374 464 5443 θείημεν
492 5374 748 5437 ἄν.’Τοὺς
777 5374 886 5441 γὰρ
915 5372 1108 5432 ἄλλους
1143 5369 1231 5422 διὰ
1275 5367 1571 5438 συντομίαν
1626 5369 1798 5437 παρή-

1911 5370 2077 5422 modo
2106 5367 2514 5437 proposuimus,
2575 5377 2870 5432 corrogare
2923 5358 3163 5415 licuerit.
3200 5357 3336 5412 Nam
3377 5370 3480 5409 ca:-

1587 5487 1907 5546 t'ariorum
1941 5496 2126 5548 uotae.

306 5597 420 5675 iﬁlli
449 5593 720 5675 Gregoras
750 5596 855 5648 hoc
885 5593 1003 5675 loro
1027 5592 1346 5674 .Palamitas
1377 5598 1550 5675 aptat.
1584 5599 1644 5644 ut
1673 5605 1800 5675 pro-

228 5669 367 5735 priis
392 5659 619 5719 somniis
646 5666 904 5735 intentos.
930 5668 995 5715 At
1027 5664 1126 5729 ipsi
1152 5676 1367 5729 unoque
1388 5659 1644 5735 ﬁrggorzc
1676 5661 1797 5712 Plii-

227 5729 454 5791 intltcus
485 5734 788 5805 patriarcha
820 5735 1106 5787 Antirrhet.
1168 5731 1419 5794 xu,'eod.
1466 5729 1595 5799 Reg.
1640 5730 1792 5791 l996.

1905 5592 2001 5645 fol.
2030 5592 2155 5651 297.
2183 5591 2434 5646 eumdem
2465 5589 2714 5643 morbum
2742 5585 2966 5651 objicit;
3004 5598 3110 5654 qua
3134 5581 3201 5637 de
3232 5595 3289 5636 re
3317 5580 3474 5651 plura

1908 5678 2007 5716 nos
2040 5678 2202 5732 supra
2237 5663 2288 5715 in
2327 5662 2439 5714 Vita
2478 5661 2752 5729 (ἤρεθε-τε.
2784 5658 2993 5711 Bon'tx.
