4018 6206
472 1695 488 1797 ἑ

518 308 658 372 1315
796 298 875 372 [Α.
916 315 971 354 tt.
1011 297 1170 363 6859,
1202 312 1314 353 IND.
1344 295 1400 367 Δ]

1686 293 2111 358 NICEPHORI
2149 292 2532 353 GREGORAE

3616 272 3756 338 1316

2849 282 2983 354 [ιιιιι.
3023 297 3069 338 ι.
3109 291 3400 333 σικτλεοι.
3442 273 3499 346 5]

512 414 757 473 obsecuti
790 428 915 469 cum
964 413 1178 467 Palama
1223 412 1309 466 sic
1335 410 1544 482 egistis,
1584 425 1822 479 eumque
1885 406 2080 462 iisdem

2198 406 2351 475 ὒμεῖς
2388 402 2572 475 ἐκείνῃ
2620 403 2686 471 τῇ
2740 400 2860 470 θείᾳ
2898 399 2993 452 καὶ
3040 395 3399 462 οἰκουμενικῇ
3436 392 3548 445 τῶν
3578 389 3758 447 nasi.

512 506 919 561 conditionibus
949 505 1266 573 recepistis;
1289 504 1400 573 jam
1433 519 1555 566 vos,
1608 503 1815 571 scripta
1844 500 1938 554 illa
1984 512 2084 567 pa-

511 600 619 652 lam
648 596 1009 667 proferentes,
1033 594 1277 648 animum
1309 609 1368 648 re
1391 578 1687 651 declarate.
1738 600 1794 645 et
1818 605 1901 644 me
1930 588 2087 643 vobis

513 689 951 743 consentientem
985 687 1263 741 habetote.
1300 684 1458 751 Quod
1495 684 1539 738 si
1573 694 1627 737 et
1658 682 1876 752 przmnia
1905 679 2088 734 distri-

512 780 667 843 buta,
703 790 760 831 et
793 792 996 831 mensa:
1036 777 1398 843 itnperatoriaa
1427 774 1609 836 luxus,
1634 782 1692 826 et
1743 771 1888 839 larga
1920 784 2087 839 pecu-

514 867 619 933 nia:
654 865 812 933 copia
848 865 902 918 in
955 871 1172 918 vestros
1202 863 1448 917 sacculos
1497 858 1698 932 jugiter
1738 859 1984 929 defluens
2030 868 2087 912 et

515 957 781 1021 animum,
811 970 872 1007 ea
895 950 1059 1021 parte
1090 967 1194 1019 qua
1224 952 1481 1021 gaudium
1513 950 1703 1014 sentit,
1731 948 1927 1002 blande
1969 947 2088 1001 alli-

515 1047 702 1109 ciens;
738 1047 782 1098 si
812 1045 1049 1111 denique
1083 1049 1163 1112 (ut
1192 1052 1246 1096 et
1273 1043 1377 1096 hoc
1395 1041 1681 1108 addamus)
1717 1039 1875 1092 ollicii
1934 1039 2088 1108 igno-

517 1141 655 1193 ratio
688 1150 743 1192 et
797 1137 1014 1191 inscitia
1045 1136 1197 1189 vobis
1232 1141 1645 1203 persuaserunt,
1682 1130 1840 1182 facile
1875 1142 1933 1182 ut
1984 1130 2089 1183 Pa-

518 1243 662 1285 trum
688 1230 941 1298 dogmata
961 1226 1252 1295 ejuraretis
1276 1224 1763 1277 ctconstitutarum
1788 1222 1963 1291 legum
1991 1237 2088 1274 no-

517 1324 784 1377 bilitatem
814 1320 969 1389 parvi
1001 1318 1287 1380 faceretis;
1322 1316 1426 1368 hoc
1469 1316 1682 1377 scitote,
1733 1314 1884 1367 nullo
1927 1324 2087 1381 pacto

519 1411 635 1465 fieri
660 1416 912 1477 posse,nt
940 1407 1046 1460 ulla
1072 1420 1307 1473 unquam
1335 1403 1479 1456 inter
1510 1418 1611 1455 nos
1640 1417 1894 1454 common
1921 1415 1953 1455 0
1980 1401 2083 1464 sit;

516 1518 624 1556 non
662 1501 831 1569 magis
872 1499 1102 1558 scilicet.
1160 1510 1321 1564 quam
1351 1503 1445 1546 aut
1505 1493 1611 1545 luci
1644 1507 1767 1545 cum
1818 1490 2083 1555 tenebris,

517 1601 610 1645 aut
642 1590 926 1645 serenitati
950 1604 1074 1643 cum
1108 1584 1383 1640 saevientis
1417 1582 1590 1652 pelagi
1629 1581 1907 1635 fluetibus.

2190 512 2299 566 ρων
2328 494 2532 565 συνόδῳ
2565 494 2632 545 τὰ
2654 495 2816 562 ὃμοια
2846 490 2983 543 κάπὶ
3021 489 3100 558 τῷ
3143 486 3377 553 Παλαμᾷ
3408 481 3760 551 πεπράχατε,

2188 586 2332 638 κάπὶ
2375 587 2488 646 τοῖς
2537 585 2746 652 ὁμοίοις
2798 582 2960 634 αὑτὸν
2988 576 3264 641 ἐδέξασθε,
3304 573 3490 641 ἔργοις
3523 573 3661 640 ἡμῖν
3694 571 3765 622 τα

2193 679 2294 744 τῆς
2328 674 2556 744 γνώμης
2596 669 2926 735 ἐνδείξασθε,
2967 666 3254 739 παρρησίᾳ
3310 663 3380 714 τὰ
3444 662 3767 729 γράμματα

2189 764 2449 833 φέροντες
2468 779 2481 793 ’
2508 765 2600 815 καὶ
2631 760 2888 828 ὁμόφρων
2920 758 3048 826 ὑμῖν
3079 756 3295 821 ἔσομαι.
3323 752 3385 804 Εί
3413 750 3468 801 δὲ
3505 750 3768 814 διανομαὶ

2188 855 2368 924 γερῶν
2417 855 2511 906 καὶ
2567 852 2854 921 βασιλικῆς
2901 846 3184 918 τραπέζης
3211 841 3392 914 τρυφὴ
3418 840 3514 893 καὶ
3539 840 3766 907 χρημάο

2188 963 2297 997 των
2325 945 2555 1010 ἄφθονος
2589 942 2823 1012 χορηγία
2859 938 3247 1007 συνεχέστερον
3279 931 3617 1000 ἀντλουμένη
3647 932 3768 989 τοῖς

2197 1034 2503 1102 βαλαντίοις
2536 1034 2690 1094 ὑμων
2728 1031 2824 1085 καὶ
2858 1031 2918 1081 τὸ
2966 1030 3153 1098 χαῖρον
3179 1026 3277 1093 τῆς
3304 1023 3482 1091 ψυχῆς
3510 1019 3768 1071 ἐντεῦθεν

2187 1127 2553 1193 ἐφελκομένη,
2589 1123 2949 1195 προσκείσθω-
2970 1120 3015 1173 δ⁹
3049 1122 3168 1187 ἅμα
3200 1120 3291 1171 καὶ
3318 1112 3426 1167 τῶν
3454 1111 3765 1181 προσηκόν-

2187 1233 2295 1267 των
2328 1216 2551 1282 ἀπειρία
2603 1214 2740 1282 μετὰ
2768 1212 2868 1277 τῆς
2912 1209 3173 1279 ἀμαθίας,
3208 1205 3404 1276 ῥαδίως
3436 1198 3766 1269 ἐξόμνυσθαι

2187 1306 2255 1357 τὰ
2295 1304 2506 1372 πάτρια
2547 1305 2783 1355 πέπεικε
2806 1300 3050 1368 δόγματα
3076 1298 3170 1350 καὶ
3195 1295 3294 1366 τὴν
3325 1294 3432 1344 τῶν
3482 1286 3767 1343 καθεστώ-

2187 1415 2297 1450 των
2326 1397 2572 1466 νομίμων
2630 1392 2915 1462 φαυλίζειν
2970 1390 3276 1458 εὐγένειαν,
3313 1386 3513 1439 εἰδέναι
3556 1381 3762 1451 χρεὼν,

2188 1489 2264 1550 ὼς
2296 1488 2471 1548 οὐδεὶς
2514 1488 2644 1555 ἡμῖν
2691 1485 2901 1553 οὐδαμῆ
2943 1499 3077 1535 ποτε
3137 1478 3427 1539 κοινωνίας
3478 1476 3765 1541 ἐγγίνεται

2188 1568 2412 1657 τρόπος.
2446 1580 2558 1649 Οὖχ
2596 1573 2758 1649 ἦττον
2793 1578 2901 1645 γὰρ
2923 1575 2987 1628 ἂν
3074 1572 3216 1643 φωτὶ
3246 1571 3382 1640 πρὸς
3424 1570 3639 1628 σκότος,
3665 1564 3768 1617 καὶ

2189 1671 2401 1744 γαλήνῃ
2428 1671 2563 1741 πρὸς
2591 1671 2938 1731 διαποντίους
2959 1666 3262 1725 κλύδωνας.

589 1773 676 1827 Ill.
713 1772 781 1826 At
810 1771 888 1825 illi
918 1786 1021 1824 nec
1044 1767 1245 1823 libellis
1272 1781 1409 1836 opus
1439 1778 1562 1819 esse
1594 1762 1645 1816 in
1670 1761 1949 1831 praesenti,
1982 1777 2084 1816 nec

2256 1763 2330 1816 I".
2376 1750 2608 1814 Ἐκεῖνοι
2667 1760 2765 1830 μὲν
2797 1757 2890 1814 οὖν
2935 1761 3009 1829 μὴ
3066 1758 3255 1829 χρείαν
3316 1750 3457 1807 εῖναι
3495 1749 3768 1803 man

521 1865 648 1920 talia
675 1878 821 1917 nunc
854 1850 1119 1929 exigenda
1149 1860 1217 1912 ab
1246 1874 1303 1913 se
1330 1857 1569 1912 aiebant.
1605 1857 1739 1910 Nam
1771 1852 1916 1923 quod
1953 1853 2086 1922 ipsis

520 1956 879 2026 approbatum
922 1954 1314 2019 decretumque
1343 1960 1508 2014 esset,
1537 1947 1590 2002 id
1628 1947 1800 2016 legem
1829 1960 1949 1999 esse
1972 1960 2089 1998 om-

520 2052 685 2103 nibus
730 2048 931 2101 libellis
979 2045 1296 2097 ﬁrmiorem.
1334 2042 1487 2107 Quod
1540 2041 1605 2093 ad
1665 2054 1803 2092 nova
1843 2038 2083 2101 decreta,

521 2157 643 2209 quae
687 2138 1062 2208 scripsissent,
1099 2145 1155 2190 et
1201 2135 1267 2188 ad
1323 2132 1570 2204 synodici
1621 2129 1776 2184 Tomi
1817 2129 2087 2182 constitu-

523 2231 701 2285 tiones
731 2231 1026 2291 attinerct;
1058 2242 1121 2281 ea
1167 2225 1293 2295 quia
1330 2241 1436 2278 non
1472 2223 1805 2285 attulissent,
1837 2234 1898 2273 se
1943 2223 2089 2289 ipsos

523 2321 867 2382 incusabant,
897 2323 953 2372 et
981 2318 1096 2384 ejus
1128 2317 1207 2370 rei
1238 2317 1452 2386 culpam
1485 2314 1841 2369 conferebant
1870 2312 1921 2364 in
1952 2310 2090 2364 obii.

521 2402 766 2475 't-iouem,
798 2411 955 2478 cujus
986 2418 1228 2478 poteStas
1261 2422 1472 2462 summa
1509 2414 1565 2460 et
1597 2403 1876 2474 tyrannica
1910 2410 2085 2465 esset;

525 2520 690 2572 atque
728 2504 778 2555 id
819 2511 1101 2570 peccatum
1141 2508 1361 2568 postera
1404 2498 1495 2552 die
1533 2504 1879 2553 correcturos
1912 2510 1972 2550 se
2008 2494 2091 2549 af-

526 2599 739 2648 firmate
773 2592 1186 2663 promittebant.

599 2686 684 2740 IV.
749 2686 1038 2737 lsnimvet-o
1090 2684 1350 2753 negabam
1402 2698 1502 2751 ego
1557 2679 1752 2734 rationi
1798 2685 2089 2733 consenta-

530 2796 688 2833 neum
721 2792 861 2839 esse,
903 2787 996 2827 aut
1043 2774 1165 2828 aliis
1206 2775 1501 2827 convenire
1548 2782 1911 2845 praaterquam
1951 2769 2090 2831 istis,

530 2870 794 2938 ejusmodi
825 2869 988 2922 verba
1021 2869 1240 2932 aliene,
1278 2883 1397 2936 qua:
1441 2881 1569 2920 aere
1613 2880 1870 2933 percusso
1908 2862 2089 2916 statim

530 2967 958 3023 era-noscerent;
1009 2958 1120 3011 imo
1158 2958 1248 3010 illa
1298 2958 1537 3018 decreta,
1589 2956 1744 3025 prius
1778 2969 1939 3021 quam
1987 2953 2090 3021 ipsi

2188 1851 2397 1921 ἔφασαν
2433 1852 2699 1917 ἐνταυθοῖ,
2733 1852 2865 1921 μηδὲ
2914 1850 3175 1911 τοιούτων
3226 1848 3432 1916 σφίσιν·
3461 1846 3768 1913 ἀπαίτησιν

2191 1930 2307 1997 νῦν.
2339 1930 2523 2012 Νόμον
2557 1945 2664 2012 γὰρ
2698 1943 2836 1995 εἶναι
2890 1942 3153 1994 λιὸἐλλων
3177 1942 3434 1994 ἁπάντων
3467 1938 3769 2006 στερρότε-

2190 2056 2282 2110 ρον
2312 2039 2370 2090 τὸ
2405 2039 2556 2105 σφίσι
2596 2030 2916 2104 δεδεγμένον
2948 2052 3008 2087 τε
3051 2037 3144 2088 καὶ
3169 2033 3510 2102 δεδογμένον.
3544 2031 3685 2098 Περὶ
3716 2027 3768 2080 δ’

2188 2126 2262 2184 ὧν
2294 2131 2482 2193 αὐτοῖς
2509 2129 2824 2196 γέγραπται
2855 2130 2948 2180 νέα
2970 2127 3318 2197 ψηφίσματα,
3359 2124 3454 2177 καὶ
3478 2139 3769 2193 τομογρα-

2190 2222 2365 2291 φικῶν
2414 2221 2793 2290 συνθημάτων,
2824 2220 2979 2271 αὐτοὶ
3013 2219 3227 2280 ἑαυτοῖς
3281 2220 3354 2285 μὴ
3400 2215 3766 2284 κεκομικόσιν

2189 2314 2497 2383 ἐμέμφοντο
2520 2330 2578 2364 τε
2612 2313 2707 2364 καὶ
2730 2314 2787 2374 ὲς
2813 2310 2914 2381 τὴν
2932 2310 3031 2380 τῆς
3055 2309 3224 2378 λήθης
3246 2308 3542 2375 αὐτόνομον
3560 2323 3767 2374 τυρανο

2193 2405 2310 2457 νίδα
2358 2404 2457 2474 τὴν
2509 2403 2602 2456 τοῦ
2657 2401 2967 2471 συμϐάντος
3020 2398 3351 2468 διαμαρτίαν
3388 2398 3685 2465 ἀνέφερον·
3732 2396 3765 2449 δ
3803 2430 3809 2435 ~

2190 2494 2438 2567 διορθοῦν
2469 2494 2569 2565 τὴν
2600 2486 2893 2564 ὑστεραίαν
2925 2491 3131 2562 σφόδρα
3157 2490 3579 2560 ἐπηγγέλλοντο.

2261 2682 2335 2733 Δ’.
2367 2656 2520 2748 Μηδὲ
2571 2678 2684 2747 γὰρ
2726 2671 2868 2731 εἶναι
2925 2676 3035 2729 τῶν
3075 2677 3319 2738 εἰκότων,
3345 2675 3487 2743 πλὴν
3508 2674 3762 2734 ἐκείνων,

2188 2772 2382 2843 λόγους
2410 2771 2547 2843 ὁμοῦ
2585 2770 2663 2841 τῷ
2700 2770 2964 2840 πληγέντι
3024 2769 3406 2837 δία).υομένους
3450 2768 3573 2836 ἀέρι
3605 2771 3770 2833 κομί-

2195 2867 2331 2931 ζειν,
2392 2866 2633 2933 ἔφασκον
2687 2864 2883 2931 ἔγωγε,
2931 2862 3146 2916 Μᾶλλον
3186 2861 3296 2929 γάρ
3356 2860 3424 2912 ἂν
3459 2859 3646 2911 ἐκεῖνά
3698 2876 3769 2924 γε

2193 2958 2394 3029 χρῆναι
2447 2960 2624 3010 ποιεῖν
2689 2957 2929 3027 ἐμφανῆ,
2993 2956 3123 3024 πρὶν
3174 2953 3206 3023 ἢ
3268 2954 3510 3016 ἐκείνους
3538 2952 3767 3014 αὐτούς.

533 3060 936 3125 comparerent,
981 3049 1291 3116 oportuisse
1329 3047 1540 3117 1040
1585 3061 1766 3101 coram
1818 3045 2088 3099 exhiberi.

2208 3051 2360 3103 Ἐπεὶ
2397 3050 2491 3101 καὶ
2549 3050 2616 3102 τὰ
2663 3048 2783 3101 θεῖα
2811 3050 2924 3109 τοῖς
2953 3045 3272 3107 ἀποστόλοις
3324 3044 3633 3110 Εὑαγγέλια
3662 3045 3769 3094 καὶ

533 3143 743 3209 Quippe
781 3140 1036 3209 (aiebam)
1079 3155 1179 3192 nec
1219 3140 1402 3192 divina
1445 3139 1731 3207 Evangelia
1772 3139 1841 3191 ab
1873 3147 2093 3206 aposto-

534 3235 621 3298 lis,
655 3248 757 3286 nec
795 3234 1108 3299 sapientum
1147 3230 1401 3284 Ecclesia:
1436 3228 1740 3282 antistitum
1775 3227 2096 3297 praeceptio-

535 3342 656 3389 nes,
690 3319 793 3378 nec
824 3339 977 3377 sacra
1008 3324 1258 3393 dogmata
1299 3323 1376 3376 sic
1407 3323 1608 3391 scripta
1641 3329 1790 3384 sunt,
1828 3330 1886 3375 ut
1920 3320 1974 3373 in
2011 3320 2096 3373 lu-

536 3432 653 3472 cent
677 3417 821 3470 edita
852 3415 994 3467 haud
1024 3413 1261 3476 fueuiut;
1295 3428 1396 3466 nec
1419 3413 1497 3466 sic
1526 3411 1746 3480 quidem
1771 3411 1913 3463 edita
1947 3420 2097 3473 sunt,

536 3515 597 3558 ut
644 3506 803 3559 tacita
857 3504 1155 3564 latuerint;
1193 3503 1287 3556 sed
1320 3512 1375 3556 et
1422 3511 1534 3556 toto
1584 3502 1738 3566 orbe,
1772 3517 2098 3571 quacunque

536 3596 853 3651 habitabilis
883 3606 985 3657 est,
1018 3595 1386 3663 pnedicantur
1433 3594 1553 3648 sine
1595 3594 1721 3659 line,
1755 3602 1830 3653 ct.
1871 3593 2099 3647 mortuis

540 3689 609 3743 iis
638 3689 730 3756 qui
758 3689 1120 3755 scripserunt,
1151 3697 1474 3753 permanent
1517 3687 1714 3754 scripta
1748 3686 2096 3751 immortalia,

539 3783 733 3848 quatis
772 3780 953 3848 cippo.
998 3772 1336 3847 quibuslibet
1379 3779 1688 3832 simulacris
1722 3779 2046 3847 perenniora
2083 3795 2101 3834 :

540 3887 713 3939 caque
742 3887 855 3925 non
886 3870 1061 3923 solum
1100 3871 1186 3932 iis,
1217 3871 1310 3939 qui
1347 3880 1595 3932 utuntur,
1624 3869 1805 3922 tivum
1841 3879 1895 3922 et
1929 3870 2099 3923 veluti

541 3965 836 4026 spirantem
872 3961 1105 4014 fructum
1137 3961 1408 4026 afferunt;
1436 3961 1528 4015 Sed
1562 3970 1617 4015 et
1648 3959 1885 4023 illorum,
1922 3975 1951 4013 a
1976 3961 2102 4028 qui-

543 4058 647 4110 bus
674 4057 871 4122 scripta
904 4063 1054 4118 sunt,
1096 4054 1430 4107 voluntatem
1470 4051 1875 4121 ofﬁciosamque
1915 4054 2101 4121 provi-

542 4145 784 4200 dentiam
840 4152 1106 4212 perpetuo
1160 4150 1570 4212 reprwsentant,
1606 4151 1685 4203 ,ct
1739 4158 1921 4197 veram
1969 4143 2103 4212 ipsis

544 4237 1004 4290 immortalitatem
1041 4235 1309 4290 tribuunt.
1342 4235 1548 4303 Nempe
1581 4212 1759 4297 ea‘est
1789 4246 1980 4289 natura
2015 4252 2102 4290 re-

544 4345 664 4382 rum
702 4328 1005 4393 scnsilium,
1043 4339 1104 4381 ut
1137 4328 1262 4397 quia
1305 4326 1557 4380 sensibus
1590 4336 1830 4395 cognatae
1860 4336 1917 4381 et
1944 4327 2101 4396 quasi

2196 3138 2305 3190 τῶν
2334 3137 2514 3205 σοφῶν
2538 3139 2636 3206 τῆς
2654 3134 2982 3204 Ἐκκλησίας
3026 3132 3401 3202 μυσταγωγῶν
3426 3133 3481 3182 οἱ
3507 3131 3771 3183 διδασκα-

2197 3229 2310 3282 λίαι
2346 3231 2439 3281 καὶ
2467 3228 2535 3282 τά
2576 3230 2699 3298 ἱερὰ
2733 3230 2979 3296 δόγματα
3018 3229 3330 3298 γέγραπται
3367 3229 3490 3297 μὲν,
3526 3228 3628 3280 οὒκ
3670 3230 3771 3279 ὲκ-

2198 3321 2408 3374 δέδοται
2432 3322 2488 3373 δέ
2508 3336 2523 3352 ·
2556 3321 2663 3373 οὐδ’
2692 3323 2964 3374 ὲκδέδοται
3000 3322 3118 3388 μὲν,
3147 3324 3482 3392 σεσιώπηται
3506 3321 3562 3375 δέ
3583 3335 3597 3349 ’
3626 3321 3772 3374 ἀλλὰ

2201 3417 2293 3465 καὶ
2312 3413 2398 3466 διὰ
2420 3414 2597 3481 πάσης
2617 3413 2716 3481 τῆς
2735 3415 3055 3481 οἰκουμένης
3074 3416 3159 3467 ἀεὶ
3183 3416 3530 3483 κηρύττεται,
3548 3414 3775 3466 καὶτῶν

2200 3508 2554 3575 γεγραφότων
2587 3505 2853 3558 θανόντων
2882 3506 3122 3560 ἀθάνατα
3152 3508 3301 3574 μένει
3329 3506 3394 3559 τὰ
3435 3508 3771 3577 γράμματα,

2203 3596 2402 3665 στήλης
2421 3595 2746 3669 ἀπάσηςκαὶ
2767 3596 3096 3665 ἀνδριάντων
3120 3597 3371 3650 ἁπάντων
3394 3599 3591 3667 μακρῷ
3616 3615 3775 3668 μονιο

2205 3685 2448 3754 μώτερα,
2508 3683 2583 3753 μὴ
2638 3686 2798 3753 μόνον
2848 3684 3033 3749 ζῶσαν
3084 3689 3177 3737 καὶ
3222 3686 3462 3754 ἔμπνουν
3493 3693 3614 3740 τινα
3649 3690 3771 3751 τοῖς

2202 3778 2505 3847 χρωμένοις
2539 3777 2890 3846 παρεχόμενα
2924 3779 3025 3846 τὴν
3054 3776 3345 3843 ὠξέλειαν,
3381 3778 3520 3830 ἀλλά
3547 3779 3643 3831 καὶ
3668 3778 3775 3849 τὴν

2202 3871 2313 3921 τῶν
2367 3869 2724 3938 γεγραφότων
2774 3869 3098 3937 προαίρεσίν
3154 3885 3212 3920 τε
3272 3871 3368 3922 καὶ
3416 3870 3776 3940 οἰκονομικὴν

2206 3960 2422 4011 σύνεσιν
2484 3957 2746 4026 διηνεκῶς
2805 3959 3164 4023 εἰκονίζοντα,
3221 3960 3315 4013 καὶ
3377 3959 3442 4011 τὸ
3500 3961 3778 4035 ἀθάνατον

2204 4050 2524 4118 ἔμπρακτον
2559 4065 2714 4117 σφισι
2742 4050 3015 4104 διδόντων.
3049 4053 3264 4120 Πέφυκε
3297 4052 3405 4121 γὰρ
3441 4052 3530 4105 ἀεὶ
3558 4055 3781 4123 χειροῦ-

2206 4143 2330 4195 σθαι
2365 4143 2507 4211 μετά
2536 4141 2820 4212 ῥᾳστώνης
2849 4147 2919 4196 τὰ
2956 4143 3191 4214 αἰσθητὰ
3222 4143 3321 4212 τὴν
3350 4145 3458 4197 τῶν
3512 4146 3783 4216 αἰσθητη-

2208 4236 2339 4307 ρίων
2378 4233 2686 4304 ἀντίληψιν,
2734 4234 2824 4287 διὰ
2878 4234 2940 4286 τὸ
2992 4234 3253 4302 συγγενὲς
3285 4236 3381 4289 καὶ
3433 4238 3781 4304 οίκεῖον,καὶ

2206 4333 2402 4398 πεῖραν
2442 4329 2556 4396 ἅμα
2609 4326 2706 4379 καὶ
2735 4326 3042 4396 γνωστικὴν
3094 4320 3386 4398 ἐμπειρίαν
3444 4330 3779 4398 συνάγεσθαι

545 4420 841 4474 familiares
876 4429 1021 4482 sunt,
1053 4419 1258 4473 idcirco
1287 4419 1351 4471 ad
1384 4417 1467 4472 sui
1505 4418 1911 4487 perceptionem
1948 4419 2096 4473 facile

2212 4423 2274 4474 τὸ
2307 4420 2525 4490 καίριον
2574 4419 2804 4490 ἔχουσαν
2850 4421 2916 4472 ὲκ
2957 4422 3056 4489 τῆς
3102 4419 3321 4491 ὁμιλίας
3361 4423 3588 4494 ἀμφοῖν.
3627 4423 3780 4488 Νοῦς

544 4528 640 4565 eos
671 4527 885 4581 semper
914 4511 1068 4581 quasi
1101 4514 1439 4579 mancipatus
1468 4509 1759 4572 adducant,
1785 4519 1948 4579 atque
1973 4511 2107 4564 adeo

544 4617 611 4655 ex
646 4604 889 4669 utrisque
937 4590 1244 4667 conjunctis
1286 4616 1417 4654 usus
1465 4609 1520 4653 et
1557 4610 1865 4668 opportune
1911 4601 2107 4670 agendi

545 4708 707 4761 sagax
742 4693 1080 4762 experientia
1112 4692 1417 4760 colligatur.
1451 4690 1652 4745 Eorum
1689 4691 1861 4754 enim,
1898 4707 2019 4761 qua-
2054 4691 2106 4743 in

546 4784 959 4855 mundosunt,
1002 4782 1170 4854 judex
1226 4783 1524 4837 constituta
1575 4797 1729 4835 mens
1786 4782 1897 4834 vim
1949 4797 2107 4835 suam

547 4889 694 4927 nunc
727 4874 779 4926 in
815 4876 1035 4937 coelum,
1062 4888 1210 4926 nunc
1244 4873 1300 4926 in
1334 4883 1531 4927 terram
1572 4881 1813 4935 exercet,
1851 4883 1904 4926 et
1924 4886 2109 4926 rerum

544 4965 838 5034 qualitates
883 4981 985 5033 ope
1031 4979 1292 5019 sensuum
1335 4965 1651 5034 cognoscit;
1699 4978 1763 5017 ae
1815 4964 1976 5017 modo
2015 4974 2110 5032 per

443 5068 466 5091 κ
548 5064 748 5108 tactum
784 5057 1106 5124 asperitates
1133 5056 1504 5123 lmvitatesque
1532 5070 1842 5123 corporum,
1878 5062 1935 5109 et
1964 5070 2110 5124 quae.

544 5162 762 5214 cunque
794 5146 842 5199 ei
873 5148 1056 5199 sensui
1085 5162 1114 5198 a
1141 5155 1332 5200 natura
1364 5146 1756 5217 subjiciuntur,
1781 5146 2031 5213 explorat
2054 5156 2109 5201 et

544 5237 834 5307 intelligit;
871 5237 1032 5290 modo
1056 5233 1179 5305 'per
1222 5237 1533 5298 odoratum,
1568 5252 1690 5306 qua}
1734 5238 2108 5292 suaveolentia

545 5330 653 5383 sint
684 5342 738 5383 et
769 5338 995 5403 contra;
1027 5329 1190 5383 modo
1225 5345 1323 5399 per
1371 5328 1617 5401 auditum
1662 5346 1822 5384 voces
1867 5331 2110 5385 modula-

547 5429 627 5472 tas
664 5420 935 5489 percipit;
974 5419 1135 5472 modo
1174 5435 1271 5488 per
1300 5420 1490 5474 oculos
1531 5420 1698 5473 variis
1741 5422 1985 5474 colorum
2022 5421 2112 5476 fu-

549 5510 625 5563 cis
662 5511 919 5574 intcrest;
955 5520 1116 5579 atque
1149 5511 1341 5565 eadem
1377 5520 1637 5579 praetcrea
1669 5510 1956 5565 hominum
1991 5528 2111 5567 mo-

551 5613 636 5650 res
666 5617 810 5654 nuuc
841 5601 1038 5671 lingua:
1073 5619 1220 5656 nunc
1250 5604 1536 5671 scriptura:
1565 5618 1666 5672 0pc
1693 5604 2024 5672 assequitur,
2057 5613 2112 5658 et

551 5691 739 5755 quales
775 5694 809 5746 ii
841 5693 949 5745 sint
976 5692 1159 5748 discit.
1194 5695 1253 5747 ln
1300 5693 1365 5747 iis
1398 5695 1651 5749 sensibus
1695 5696 1804 5749 duo
1841 5696 2112 5765 principa-

2211 4513 2313 4582 μὲν
2346 4514 2455 4583 γὰρ
2490 4512 2752 4581 δικαστὴς
2783 4511 2893 4564 τῶν
2924 4514 2983 4564 ὲν
3014 4513 3210 4583 κόσμῳ
3234 4513 3583 4583 πραγμάτων
3603 4514 3781 4585 Concip-

2210 4617 2321 4671 χων
2338 4599 2433 4652 νῦν
2457 4599 2554 4665 μὲν
2572 4601 2651 4661 εἰς
2669 4599 2884 4669 αίθέρα,
2905 4599 2999 4651 νῦν
3014 4599 3059 4652 δ’
3078 4602 3159 4657 είς
3186 4602 3555 4672 γῆν,ἐνεργεῖ,
3573 4605 3671 4655 καὶ
3687 4604 3780 4657 διὲ

2210 4691 2320 4744 τῶν
2336 4690 2423 4762 [Ρ.
2439 4688 2567 4762 654]
2587 4690 2953 4761 αἰσθητηρίων
2968 4689 3066 4752 τὰς
3091 4691 3197 4743 τῶν
3216 4694 3562 4761 πραγμάτων
3583 4696 3778 4762 ἀναγιο

2207 4781 2407 4833 νὼσκει
2442 4783 2729 4844 ποιότητας
2749 4797 2764 4811 ⁸
2804 4782 2899 4833 καὶ
2926 4781 3020 4833 νῦν
3057 4782 3159 4851 μὲν
3186 4782 3274 4836 διὰ
3300 4782 3400 4853 τῆς
3426 4785 3575 4855 ἁφῆς
3596 4787 3780 4857 ἐρωτᾷ

2208 4871 2306 4923 καὶ
2334 4871 2593 4940 μανθάνει
2630 4872 2916 4939 σωμάτων.
2946 4874 3291 4943 τραχύτητας
3342 4877 3443 4928 καὶ
3466 4877 3777 4946 λειότητος,

2210 4967 2306 5017 mi.
2334 4964 2434 5015 ὅσα
2466 4962 2542 5032 τῷ
2579 4961 2810 5032 τοιούτῳ
2843 4963 3088 5030 πέφυκεν
3139 4964 3464 5019 ὑποκεῖσθαι
3508 4970 3778 5040 αίσθητη-

2211 5051 2346 5123 ρίῳ·
2378 5051 2474 5104 καὶ
2508 5046 2575 5104 αὖ
2600 5051 2689 5103 διὰ
2708 5053 2815 5118 τῆς
2853 5051 3177 5122 ὀσφρήσεως
3201 5056 3302 5107 ὃσα
3333 5057 3505 5127 εὐώδη
3542 5064 3635 5112 καὶ
3670 5068 3776 5130 μή·

2208 5143 2305 5194 καὶ
2332 5142 2428 5194 νῦν
2464 5142 2562 5211 μὲν
2592 5142 2680 5195 διὰ
2711 5143 2808 5212 τῆς
2843 5144 3015 5212 ἀκοῆς
3049 5146 3158 5199 τῶν
3206 5148 3548 5217 ἐναρμονίων
3587 5156 3784 5219 φωνῶν

2209 5232 2305 5303 τὴν
2346 5232 2634 5302 ἀντίληψιν
2669 5234 2843 5303 ἴσχει·
2874 5234 2968 5288 νῦν
2996 5235 3053 5289 δὲ
3079 5239 3202 5300 ταῖς
3246 5238 3527 5309 διαςόροις
3558 5243 3648 5296 διὰ
3679 5248 3784 5297 τῶν

2210 5322 2384 5391 ὄψεων
2434 5321 2633 5402 βαφαῖς
2678 5322 2858 5392 ὁμιλεῖ
2906 5322 3016 5375 τῶν
3047 5326 3391 5394 χρωμάτων*
3427 5331 3520 5381 καὶ
3547 5332 3686 5398 πρός
3720 5348 3784 5400 γε

2211 5414 2292 5466 ἔτι
2340 5413 2436 5467 νῦν
2471 5414 2570 5482 μὲν
2607 5413 2695 5467 διὰ
2744 5414 3016 5483 γλώττης,
3053 5416 3147 5470 νῦν
3187 5417 3243 5469 δὲ
3276 5418 3363 5472 διὰ
3402 5422 3783 5490 γραμμάτων,

2213 5506 2516 5572 ἐφάπτεται
2559 5504 2668 5558 τῶν
2697 5505 3057 5576 ἀνθρωπίνων
3088 5507 3237 5577 ὴθῶν
3290 5511 3384 5563 καὶ
3428 5512 3526 5573 τὰς
3572 5514 3787 5565 τούτω,

2192 5601 2597 5678 ’ἀναγινώσκει
2623 5603 2938 5667 ποιότητας.
2968 5604 3192 5688 Τούτων
3218 5607 3400 5662 τοίνυν
3426 5608 3574 5661 δυοῖν
3607 5611 3787 5662 όντων

2215 5696 2726 5767 ἡγεμονικωτὲρων,
2774 5697 2875 5753 ὅσα
2917 5714 2980 5766 γε
3025 5700 3162 5773 πρὸς
3203 5701 3263 5755 τὸ
3308 5701 3676 5756 διακονεῖσθαι
3714 5722 3790 5774 τῳ
