4018 6206
280 276 411 342 l3l7
660 276 733 348 [Α.
774 293 825 332 c.
869 277 1028 349 1551]

1173 274 1617 342 ΒῩΖΑΝΤΙΝίΕ
1651 269 2033 333 HISTORIA?
2071 268 2215 331 ΗΒ.
2257 264 2446 326 XXII.

2373 180 2387 206 \

3363 258 3502 326 1118

2576 264 2711 333 itur.
2747 276 2791 315 ι.
2839 297 2851 315 .
2882 275 3165 317 omnem.
3195 263 3249 333 5]

272 394 369 461 τῆς
404 392 581 461 ψυχῆς
619 392 851 463 βελτίονι
897 396 1078 466 μέρει,
1133 393 1228 447 νῦν
1267 391 1364 463 μὲν
1402 390 1611 459 θατέρῳ
1641 386 1839 458 μᾶλλον

1955 390 2056 434 tum
2089 377 2294 448 ιοίιι
2331 385 2536 442 tenent,
2572 376 2625 430 in
2665 386 2930 446 quantum
2981 375 3193 431 scilicet
3231 376 3504 429 excellvn-

274 484 448 547 ἐνίους
506 484 614 537 τῶν
678 485 848 539 πάλαι
891 486 1155 555 παρέχειν
1218 483 1399 553 σοφῶν
1447 481 1547 552 τὴν
1592 478 1836 551 βελτίονα

280 579 476 647 μοῖραν
527 575 825 648 ἀκούομεν,
869 577 965 631 νῦν
1004 580 1048 632 δ’
1098 578 1274 642 ἐνίους
1337 575 1571 645 θατέρῳ.
1626 573 1691 627 ἸΙ
1739 571 1886 656 μὲν⁸

274 669 383 741 γάρ
412 670 521 721 τῶν
548 669 862 723 ἐνεστώτων
892 671 1258 741 ἀντιληπτικὴ
1291 671 1387 723 καὶ
1429 669 1713 737 παρόντων
1742 665 1840 734 μό-

274 778 366 815 νον
396 761 429 828 ἡ
460 760 583 831 δψις
618 761 943 832 ὑπάρχουσα
998 761 1451 834 δραστικωτέραν
1488 760 1638 829 ὅμως
1666 758 1741 819 ὡς
1769 755 1839 809 τά

277 852 452 905 πολλά
495 853 594 921 τὴν
634 852 744 906 τῶν
773 853 1150 922 ὑποκειμένων
1193 855 1507 924 παρέχεται
1529 850 1732 918 γνῶσιν
1754 867 1769 881 ο

278 943 324 993 δ’
356 942 496 1013 ἀκοὴ
522 943 870 1013 ἀμϐλυτέραν
902 946 999 1014 μέν
1031 963 1170 1010 πως,
1201 944 1549 1014 πλατυτέραν
1579 942 1627 995 δ’
1664 942 1839 1012 ὅμως.

280 1030 404 1083 Τῶν
428 1048 487 1083 τε
514 1031 619 1101 γάρ
652 1012 936 1100 παρόντων
974 1034 1216 1103 εὐχερῶς
1247 1012 1716 1102 ἀντιλαμϐάνεται
1746 1034 1840 1083 καὶ

280 1121 392 1175 τῶν
424 1123 674 1176 ἀπόντων
709 1124 784 1187 ὡς
825 1126 1113 1195 παρόντων
1147 1125 1486 1197 αίσθάνεται,
1542 1124 1843 1193 δαιμονίως

281 1214 379 1277 τάς
405 1216 637 1278 τοπικὰς
693 1217 1047 1271 συνάπτουσα
1090 1215 1422 1279 διαστάσεις.
1455 1216 1518 1269 Et
1553 1215 1609 1269 δέ
1636 1232 1714 1285 τῳ
1766 1214 1842 1284 μὴ

281 1303 541 1369 φορτικὸς
566 1302 594 1352 ὁ
624 1300 804 1368 λόγος,
853 1302 995 1371 αὕτη
1056 1303 1153 1355 καὶ
1192 1302 1302 1353 τῶν
1337 1301 1640 1371 μελλόντων
1673 1302 1848 1371 ἑρμη-

281 1395 407 1454 νεὺς
438 1394 631 1462 ὁρᾶται
656 1395 767 1456 τοῖς
806 1396 923 1460 νῦν,
966 1394 1021 1447 εῐ
1042 1411 1126 1456 τις
1183 1395 1388 1463 Μωσῆς
1435 1396 1528 1447 καὶ
1561 1395 1724 1447 Δα6⁴ιδ
1758 1394 1845 1447 διὰ

287 1481 603 1551 Πνεύρατος
657 1483 801 1538 θείου
842 1484 941 1555 τὴν
969 1485 1172 1538 τούτων
1205 1484 1563 1547 ἀποθεσπίζει
1594 1486 1843 1556 ιιτρόγνω⁹

286 1589 393 1627 σιν.
438 1574 503 1626 El
550 1570 642 1626 οὖν
686 1577 745 1626 ἐν
779 1577 890 1639 τοῖς
937 1576 1109 1638 άλλως
1137 1575 1321 1645 έχουσι
1357 1576 1679 1647 πράγμασιν
1701 1574 1845 1628 οὑτω

283 1664 433 1716 ταῦτ’
466 1664 601 1735 ἔχει,
645 1668 738 1719 καὶ
789 1668 1090 1736 χρημάτων
1126 1668 1224 1721 καὶ
1254 1667 1473 1738 χωρίων
1521 1667 1734 1737 κρίσεις
1786 1667 1843 1719 αἱ

286 1754 506 1818 πλείους
564 1757 1027 1826 αὑτοπροσώπους
1084 1757 1437 1827 ἐπιζητοῦσιν
1501 1756 1844 1820 ἐπιστασίας,

286 1848 383 1902 καὶ
419 1847 614 1917 χρόνου
646 1847 856 1901 δέονται
889 1848 1228 1918 μακροτέρου
1249 1847 1528 1912 πολλάκις,
1546 1849 1644 1901 καὶ
1670 1847 1847 1916 ὅψεως

298 1940 414 2007 ἃμα
442 1937 536 1991 καὶ
566 1938 736 2006 ἀκοῆς
763 1940 820 1990 ἐν
843 1937 1025 2009 ταυτῷ
1043 1938 1112 1991 τὰ
1152 1939 1418 2010 κριτήρια
1447 1938 1535 1991 διά
1568 1937 1662 2009 τὴν
1681 1938 1844 2006 ἀκρί-

288 2031 442 2083 ϐειαν
464 2029 774 2097 τάσφαλοῦς
805 2031 1118 2095 ἀπαιτοῦσι,
1138 2030 1256 2109 πῶς
1282 2030 1381 2083 οὑκ
1415 2028 1479 2084 ἄν
1501 2046 1585 2093 τις
1616 2029 1848 2101 ἐνταῦθα

292 2120 355 2172 τὸ
383 2118 473 2172 τοῦ
505 2120 934 2188 ὑπερϐάλλοντος
956 2121 1179 2190 ὄφλημα
1203 2121 1315 2183 τοῖς
1355 2119 1622 2190 δόγμασιν
1649 2122 1849 2175 ἐνεῖναι

289 2210 389 2277 τῆς
428 2208 519 2262 τοῦ
545 2208 679 2263 Θεοῦ
697 2210 1023 2280 Ἐκκλησέας
1058 2208 1343 2281 σταθμῷτο
1377 2209 1515 2279 μετά
1534 2208 1731 2263 πολλοῦ
1755 2210 1848 2264 τοῦ

286 2302 638 2372 κρείττονοςς
682 2302 874 2356 Δοτέον
905 2302 997 2355 οὑν
1030 2303 1126 2355 καὶ
1160 2304 1308 2374 ἡμῖν,
1334 2302 1430 2356 καὶ
1463 2303 1606 2374 μετὰ
1651 2303 1848 2371 πολλῆς

289 2392 387 2445 καὶ
423 2393 625 2462 σφόδρα
657 2393 1217 2465 κατεσπουδασμένης
1259 2393 1493 2465 ἐρεύνης
1532 2394 1851 2459 ἐξεταστέον

289 2484 429 2535 κάπὶ
463 2487 691 2553 μακροῖς
722 2484 1087 2554 νυχθημέροις
1114 2485 1183 2538 τά
1204 2485 1301 2539 νέα
1336 2486 1498 2539 ταυτὶ
1521 2486 1848 2557 γράμματα.

260 2575 430 2647 ,Τοὺς
461 2575 566 2645 γὰρ
622 2576 729 2628 τῶν
767 2575 941 2644 λόγων
996 2575 1215 2638 καινοίις
1259 2578 1353 2631 καὶ
1404 2577 1616 2648 κρίσεις
1659 2579 1852 2643 καινὰς

289 2668 592 2736 ἐπιφέρειν,
628 2667 790 2735 φασὶν
824 2669 871 2719 oi
898 2669 1071 2735 σοφοὶ,
1097 2667 1162 2737 ἢν
1208 2669 1283 2738 μὴ
1311 2668 1446 2722 Θεοῦ
1493 2669 1687 2738 μεστός
1716 2686 1800 2732 τις
1825 2672 1854 2722 ὁ

292 2755 639 2824 καινοτομῶν
684 2751 742 2829 ᾖ,
782 2757 879 2808 καὶ
937 2751 1048 2819 οἷος
1087 2760 1115 2810 ὁ
1144 2757 1377 2828 θεόπτης
1405 2759 1610 2821 ἐκεῖνος
1639 2760 1853 2829 ὑπῆρχε

293 2846 523 2913 Μωσῆς,
551 2847 579 2898 ὁ
604 2845 671 2898 τά
705 2846 876 2915 μυρία
909 2847 1017 2898 τῶν
1062 2846 1329 2917 Ἐϐραίων
1372 2848 1716 2917 στρατόπεδα
1764 2848 1854 2900 διὰ

288 2936 403 2989 τῶν
448 2936 636 3005 ὑγρῶν
682 2937 783 3003 τῆς
828 2937 1103 3007 θαλάσσης
1136 2937 1390 2992 ἀϐύσσων
1417 2938 1491 3003 ὡς
1520 2937 1588 2992 δι’
1610 2938 1853 3009 ἀνύδρων

1938 470 2066 525 tiori
2097 470 2261 524 animi
2303 468 2444 538 parti
2473 467 2801 523 inserviunt.
2833 467 2911 520 Ex
2943 466 3225 520 veteribus
3258 465 3505 534 philoso-

1937 561 2063 633 phis
2095 561 2185 615 alii
2221 561 2373 627 huic,
2419 559 2507 614 alii
2555 559 2632 613 illi
2682 559 2887 629 primas
2921 557 3188 611 tribuunt.
3232 559 3310 633 Ae
3355 557 3505 612 visits

1939 621 2186 718 quidem,
2223 649 2440 702 tametsi
2471 662 2535 701 ea
2572 621 2782 700 tantum
2824 647 3109 715 percipere
3149 621 3349 715 potest,
3384 661 3505 712 quia

1939 740 2139 796 adsunt
2165 748 2220 794 et
2259 738 2553 808 praesentia
2590 738 2977 800 obversantur,
3022 746 3199 790 tamen
3237 735 3506 789 ellieacio.

1940 845 2054 885 rem
2108 830 2432 899 plerumque
2491 843 2675 883 rerum
2735 828 3071 898 obiectarum
3136 814 3501 897 cognitionem

1939 922 2086 991 parit
2130 939 2143 975 :
2198 923 2422 977 auditus
2453 935 2587 975 vero
2621 920 2958 975 liebetiorem
2990 919 3414 988 quodammodo,
3446 927 3503 972 at

1939 1014 2105 1068 latius
2140 1014 2429 1080 diﬂ'usam;
2475 1022 2663 1082 utpote
2694 1012 2786 1083 qui
2818 1024 2873 1066 et
2910 1014 3200 1081 praesentia
3238 1012 3389 1066 facile.
3421 1028 3507 1064 ar-

1943 1105 2094 1173 ripit,
2140 1113 2196 1158 et
2246 1103 2492 1158 locorum
2529 1102 2832 1158 intervallis
2860 1101 3131 1171 disjuncta
3171 1101 3250 1155 sic
3281 1101 3510 1169 conjun-

1943 1195 2021 1265 git
2054 1194 2402 1259 mirabiliter,
2435 1202 2495 1246 ut
2526 1193 2833 1246 absentium
2871 1199 3126 1258 tanquam
3156 1190 3504 1260 prtesentinm

1943 1304 2108 1344 sensu
2142 1286 2409 1342 adiciatur
2445 1301 2460 1338 :
2497 1284 2882 1352 cumdemque,
2919 1283 2965 1336 si
2996 1281 3078 1336 fas
3103 1283 3311 1344 dicere,
3344 1282 3507 1336 etiam

1945 1382 2252 1434 futurorum
2285 1377 2353 1431 iis
2382 1377 2475 1444 qui
2506 1389 2653 1429 nunc
2683 1375 2876 1428 vivunt
2906 1374 3261 1441 interpretem
3290 1372 3512 1427 exsiste-

1945 1488 2004 1526 re
2048 1471 2321 1534 videmus,
2371 1471 2416 1523 si
2452 1470 2574 1537 quis
2606 1467 2690 1521 vel
2724 1468 2919 1532 Moses,
2955 1466 3037 1520 vel
3090 1465 3281 1526 David.
3322 1465 3511 1518 divino

1947 1564 2153 1634 Spiritu
2190 1563 2423 1623 amatus,
2456 1560 2786 1630 praecognita
2817 1573 2880 1612 ea
2916 1558 3268 1612 vaticinetur.
3311 1557 3366 1611 Si
3408 1557 3509 1610 ita-

1948 1671 2053 1724 que
2084 1655 2137 1708 in
2173 1654 2241 1708 iis
2270 1653 2457 1712 rebus,
2491 1665 2719 1719 quarum
2753 1649 2967 1703 diversa
2999 1656 3084 1701 est
3109 1647 3270 1711 ratio,
3298 1647 3370 1701 ita
3394 1647 3510 1701 lure

1949 1759 2007 1796 se
2044 1742 2278 1806 habent;
2312 1740 2356 1794 si
2391 1739 2648 1808 pleraque
2678 1737 2745 1794 de
2777 1736 3026 1805 pecuniis
3071 1745 3127 1788 et
3178 1728 3396 1804 praediis
3424 1734 3513 1803 ju-
3566 1798 3577 1805 ἶ

1949 1835 2090 1889 dieia
2133 1833 2404 1889 oculalam
2451 1840 2508 1886 et
2559 1837 2822 1884 attentam
2880 1827 3276 1895 inspectionem
3329 1827 3513 1894 requi-

1949 1936 2098 1990 runt,
2134 1942 2197 1982 ac
2228 1926 2390 1994 longo
2420 1936 2560 1992 saepe
2590 1930 2838 1989 tempore
2866 1929 3043 1988 egent,
3077 1926 3151 1981 et,
3185 1928 3245 1972 ut
3274 1917 3512 1973 certiora

1949 2021 2081 2083 sint,
2129 2027 2424 2087 utrumque
2470 2015 2655 2079 simul,
2702 2014 2983 2067 oculorum
3024 2012 3145 2065 dico
3189 2018 3247 2064 et
3296 2011 3509 2085 aurium

1950 2127 2178 2169 examen
2210 2110 2563 2181 coniunctura
2592 2106 2850 2175 exigunt;
2883 2102 3203 2174 quidnilioc
3239 2101 3381 2167 loco,
3412 2101 3509 2181 ubi

1950 2205 2018 2261 de
2046 2204 2296 2259 Ecclesiae
2316 2177 2421 2256 'Dei
2452 2199 2720 2270 dogmatis
2746 2199 2946 2267 agitur,
2977 2194 3029 2249 id
3060 2192 3394 2249 cumulatius
3418 2177 3513 2246 de-

1951 2297 2083 2352 bere
2109 2295 2352 2366 praestari
2383 2294 2542 2363 longe
2571 2291 2771 2362 potiori
2796 2290 2919 2356 jure
2944 2286 3173 2356 quisque
3199 2281 3513 2337 existimet?

1952 2385 2019 2441 Et
2046 2386 2206 2440 nobis
2238 2386 2403 2453 igitur
2434 2398 2571 2437 uova
2605 2382 2694 2435 illa
2726 2381 2945 2432 decreta
2977 2367 3091 2428 dai'i
3128 2383 3365 2442 oportet,
3394 2386 3514 2453 quae

1950 2475 2125 2531 multo
2157 2484 2214 2529 et
2251 2473 2673 2543 diligentissimo
2717 2470 2968 2524 exaunine
3018 2473 3195 2542 longis
3229 2471 3420 2525 diebus
3459 2449 3516 2522 ei

1955 2567 2206 2623 noctibus
2234 2566 2666 2636 perpendamus.
2696 2565 2826 2632 ρυλε
2856 2564 3001 2617 enim
3039 2580 3177 2618 nove
3209 2564 3352 2617 dicta
3395 2576 3517 2630 pro-

1953 2659 2224 2720 feruntur,
2255 2671 2318 2709 ea
2348 2655 2504 2708 novis
2534 2654 2758 2722 judiciis
2792 2652 3098 2708 subeundis
3133 2653 3367 2706 obnoxia
3395 2664 3516 2705 esse

1955 2749 2228 2818 sapientes
2263 2748 2652 2816 pronuntiant;
2709 2745 2809 2798 nisi
2862 2746 2907 2799 is
2954 2745 3047 2813 qui
3101 2759 3241 2798 nova
3285 2742 3514 2813 proli-rt,

1955 2843 2176 2897 numine
2220 2840 2293 2894 sit
2337 2839 2569 2907 plenus;
2603 2836 2781 2905 qualis
2812 2836 2913 2888 fuit
2944 2835 3034 2889 ille
3082 2835 3247 2887 Deum
3282 2847 3519 2901 [mesen-

1957 2945 2063 2990 tem
2096 2934 2329 2987 intuitus
2357 2930 2561 2989 Moses;
2594 2927 2688 2997 qui
2716 2926 3146 2981 innumerabiles
3172 2924 3383 2995 1042
3408 2922 3517 2989 lle-

290 3026 638 3092 διαϐιδάσας,
668 3030 765 3082 καὶ
812 3029 1121 3082 τούναντίον
1151 3027 1218 3082 αὑ
1248 3029 1337 3082 διὰ
1367 3031 1463 3100 τῆς
1503 3030 1731 3099 ἀνύδρου
1763 3031 1855 3083 πέ-

1959 3028 2227 3082 brmorum
2261 3012 2535 3078 exercitus
2586 3035 2681 3089 per
2734 3018 2973 3087 liquidos
3032 3019 3199 3070 maris
3249 3015 3514 3085 gurgites,

294 3133 433 3187 τρας
485 3121 598 3187 ῥεῖν
653 3118 864 3173 ὑδάτων
908 3119 1186 3180 θαλάσσας
1234 3122 1681 3191 παρασκευάσας.
1718 3120 1853 3174 Θεοῦ

292 3211 405 3279 γὰρ
421 3210 731 3273 κελεύοντός
756 3227 815 3263 τε
842 3212 938 3263 καὶ
969 3212 1379 3284 συναιρομένου,
1404 3214 1500 3266 καὶ
1527 3214 1686 3282 νόμοι
1703 3212 1857 3264 λύον-

288 3316 383 3351 ται
416 3300 651 3367 φύσεως.
685 3300 873 3352 Ἢνλδέ
903 3315 985 3362 τις
1004 3298 1113 3350 τῶν
1146 3298 1252 3352 ἀπὸ
1273 3300 1481 3370 τρυφῆς
1502 3302 1596 3353 καὶ
1624 3301 1722 3368 τῆς
1760 3299 1856 3368 ὀψὲ

294 3386 609 3454 κραιπάλης
635 3384 801 3439 ἔωθεν
818 3385 1218 3438 ἀνατελλόντων
1245 3382 1302 3459 ᾖ,
1332 3388 1544 3456 ἀνάγκη
1576 3389 1881 3458 νοσήματα,

297 3477 533 3546 φύεσθαι
561 3477 807 3548 μοχθηρά
837 3478 934 3530 καὶ
958 3477 1293 3542 παντοδαπά,
1313 3479 1403 3530 καὶ
1419 3477 1688 3546 διαφόρων
1714 3479 1859 3531 εἰσα-

295 3572 484 3638 γωγὰς
511 3571 775 3639 αἱρέσεων
810 3571 946 3639 προς
979 3569 1078 3640 τὴν
1110 3569 1460 3624 καθεστῶσαν
1508 3573 1571 3623 ἐκ
1627 3570 1856 3623 παλαιοῦ

293 3662 598 3726 πολιτείαν,
640 3660 735 3713 καὶ
772 3659 1055 3723 ἀναλύσεις
1084 3662 1418 3731 δογματικῆς
1448 3660 1729 3730 ἁρμονίας,
1764 3659 1859 3713 καὶ

300 3751 552 3821 στάθμης
578 3752 793 3822 ἁπάσης
823 3751 1250 3820 εὐνομουμένης.
1284 3752 1484 3821 Διόπερ
1506 3750 1608 3803 οὑκ
1632 3748 1857 3803 ἀταλαί-

299 3844 490 3913 πωρόν
519 3860 641 3896 τινα
672 3841 765 3896 καὶ
794 3840 1031 3910 μάλιστά
1056 3857 1141 3892 τοι
1164 3839 1364 3893 εὔωνον
1400 3840 1653 3909 ἡγεῖσθαι
1682 3839 1859 3910 χρεὼν

298 3937 403 4005 τὴν
442 3936 540 4004 τῆς
592 3934 852 4004 ἀληθείας
885 3931 1123 4001 εὕρεσιν.
1158 3930 1246 4003 [Ρ.
1280 3930 1409 4003 655]
1438 3933 1515 3985 υὺ
1555 3932 1664 4002 γάρ
1694 3933 1859 3986 αὑτο-

300 4025 489 4096 σχέδια
524 4026 617 4078 καὶ
644 4023 931 4093 αὐτόματα
961 4021 1214 4091 φύεσθαι,
1246 4024 1498 4092 καθάπερ
1533 4023 1631 4085 τὰς
1662 4023 1720 4076 ἐν
1750 4027 1862 4087 τοῖς

297 4118 492 4173 ἄλσεσι
533 4108 748 4188 βάτους,
784 4116 942 4184 ἴσμεν
969 4116 1035 4170 τά
1062 4117 1311 4187 χρήσιμα
1335 4132 1348 4147 ·
1376 4117 1510 4170 ἀλλά
1554 4116 1729 4179 πόνοις
1756 4134 1865 4169 πα-

301 4210 494 4281 ρέμιξε
527 4209 820 4272 πλείστοις,
861 4209 957 4261 καὶ
990 4206 1188 4275 κομιδῆ
1221 4207 1452 4278 μακροῖς
1500 4204 1860 4275 περιετείχισε

296 4306 412 4365 τοῖς
448 4302 683 4372 ἱδρῶσιν,
701 4303 730 4355 ὅ
749 4317 911 4369 τιπερ
940 4299 1234 4367 κεφάλαιον
1262 4298 1369 4351 τῶν
1396 4283 1497 4363 τῆς
1515 4298 1693 4367 ψυχῆς
1721 4300 1860 4366 ἁγα-

1958 3120 2108 3174 velut
2157 3133 2256 3186 per
2295 3116 2509 3169 aridum
2564 3113 2762 3188 solum,
2817 3110 3141 3173 transmisit,
3177 3118 3232 3162 et
3278 3106 3516 3159 vicissim

1956 3211 2161 3274 effecit,
2195 3218 2254 3262 ut
2280 3224 2374 3277 per
2402 3206 2610 3261 aridam
2642 3212 2849 3273 petram
2878 3215 3143 3270 aquarum
3175 3200 3256 3253 vis
3286 3198 3519 3252 maxima

1957 3303 2171 3356 ﬂueret.
2205 3301 2425 3355 Scilicet
2456 3300 2564 3350 Deo
2587 3296 2817 3365 jubcnte
2847 3305 2902 3347 et
2937 3293 3229 3361 adjuvante
3262 3291 3391 3358 ipsa:
3415 3288 3522 3343 sol-

1958 3405 2163 3448 vuntur
2195 3394 2340 3457 leges
2371 3399 2599 3442 naturae.
2634 3389 2699 3438 At
2732 3386 2775 3438 si
2820 3384 2869 3437 is
2914 3385 2983 3437 sit
3014 3399 3155 3436 unus
3191 3398 3256 3436 ex
3302 3382 3389 3442 iis,
3422 3381 3518 3448 qui

1958 3503 2024 3542 ex
2064 3488 2190 3540 luxu
2226 3493 2279 3537 et
2314 3495 2583 3536 nocturna
2622 3477 2841 3548 crapula
2874 3474 3096 3529 excitati
3134 3487 3293 3526 mane
3322 3486 3515 3539 exper-

1959 3579 2265 3650 giscuntur,
2298 3574 2543 3642 profecto
2572 3585 2794 3624 necesse
2816 3575 2934 3633 .est,
2968 3564 3309 3634 perniciosos
3335 3560 3519 3615 omnis

1959 3670 2176 3742 generis
2228 3665 2451 3720 morbos
2501 3662 2784 3722 exsistere,
2832 3667 2888 3712 et
2940 3657 3124 3709 varias
3179 3654 3414 3707 haereses
3462 3651 3518 3706 in

1961 3762 2313 3817 constitutam
2351 3757 2656 3825 antiquitus
2681 3751 3027 3819 disciplinam
3068 3745 3273 3802 invehi.
3311 3751 3366 3796 et
3395 3742 3522 3794 liar~
3590 3794 3595 3799 ,

1961 3853 2203 3908 muniam
2235 3848 2597 3919 dogmaticam
2634 3843 2960 3914 regulasquc
3007 3852 3197 3892 omnes
3250 3833 3522 3904 legitimas

1962 3943 2169 4001 aboleri
2209 3949 2373 4010 atque
2414 3937 2662 3993 dissolvi.
2710 3934 2828 4013 Non
2869 3931 3033 3985 debet
3062 3930 3246 3996 itaque
3276 3924 3522 3978 veritatis

1963 4034 2309 4106 investigatio
2342 4030 2486 4086 facili
2520 4028 2708 4084 labore
2742 4022 2999 4096 parabilis
3036 4028 3091 4075 et
3127 4017 3348 4072 minimo
3394 4028 3519 4084 pre-

1966 4111 2039 4184 tio
2083 4127 2291 4182 venalis
2337 4122 2658 4179 existimari.
2715 4119 2848 4174 Nam
2895 4130 3016 4185 qua:
3066 4111 3220 4167 utilia
3260 4117 3407 4169 sunt,
3454 4121 3520 4161 ea

1964 4233 2070 4271 non
2098 4216 2349 4271 videmus
2373 4213 2558 4267 subito
2596 4219 2652 4264 et
2681 4222 2777 4263 sua
2809 4214 3001 4276 sponte
3044 4201 3215 4266 nasci,
3251 4209 3310 4252 ut
3354 4197 3523 4250 rubos

1965 4308 2019 4361 in
2054 4305 2226 4359 silvis.
2273 4302 2426 4368 Quod
2475 4308 2657 4353 autem
2702 4309 2973 4351 summum
3014 4302 3098 4347 est
3146 4287 3310 4341 animi
3345 4286 3519 4340 bono-

300 4396 430 4450 θῶν.
464 4396 529 4446 Τί
559 4396 603 4446 δ’
637 4394 763 4447 ἄλλο
785 4395 929 4463 ψυχῇ
962 4393 1286 4461 τιμιώτερον
1316 4390 1592 4461 ἀγαθον,ῆ
1627 4392 1855 4452 πίστεως

1968 4414 2110 4460 rum,
2167 4395 2219 4449 id
2268 4393 2535 4464 plurimos
2583 4390 2801 4449 labores
2852 4385 3185 4440 intermistos
3230 4377 3412 4440 liabet,
3464 4382 3523 4429 et

299 4486 539 4556 ἀκριϐὴς
586 4487 856 4555 ἀσφάλεια
914 4487 1054 4555 πρὸς
1101 4484 1258 4543 Θεόν;
1320 4481 1575 4552 Σώματος
1613 4481 1708 4551 μὲν
1754 4480 1861 4550 γάρ

300 4579 586 4649 νοσήματα
621 4577 814 4639 παῖδας
861 4576 1062 4645 ἰατρῶν
1110 4571 1422 4626 είσκαλοῦσι
1485 4570 1859 4641 θεραπευτάςν

300 4670 406 4725 κᾶν
442 4672 515 4740 μὴ
548 4670 825 4738 εὐστοχεῖν
858 4668 920 4720 τὺ
954 4664 1277 4731 σπούδασμα
1304 4663 1455 4732 δόξῃ,
1484 4663 1545 4715 τὸ
1577 4661 1771 4732 βλάϐος
1802 4660 1863 4713 οὑ

300 4765 443 4817 πάνυ
468 4779 554 4815 τοι
580 4760 835 4831 χαλεπὸν,
870 4759 992 4813 οὐδὲ
1024 4758 1119 4812 τοῦ
1148 4760 1417 4828 παρόντος
1450 4757 1566 4828 βίου
1603 4755 1868 4827 μακρότε-

303 4869 430 4925 ρον·
463 4853 535 4905 τά
553 4852 611 4905 δὲ
646 4851 755 4906 τῶν
787 4850 945 4904 θείων
988 4848 1277 4918 δογμάτων
1330 4849 1740 4920 ἀρρωστήματα
1769 4848 1867 4918 οὑχ

300 4945 555 5014 αἱμάτων
584 4943 819 5014 ῥήγνυσι
859 4941 1096 5012 ῥύακας,
1126 4939 1241 4992 ἀλλ’
1269 4931 1406 5008 αὑτῇ
1454 4956 1518 5007 γε
1546 4940 1866 5009 αὐτόχρημα

301 5040 369 5106 τῇ
417 5034 598 5088 πίστει
650 5034 879 5104 παρέχει
929 5031 1030 5102 τὴν
1084 5030 1311 5101 βλάϐην,
1345 5032 1687 5101 ἀναίμακτον
1741 5034 1866 5102 μὲν,

280 5125 443 5187 ,ἀλλά
476 5127 621 5196 μάλα
674 5140 759 5178 τοι
815 5123 1023 5193 σφόδρα
1060 5123 1278 5195 καιρίαν
1309 5121 1404 5176 καὶ
1432 5122 1610 5193 ψυχῆς
1654 5123 1869 5176 αἰώνιον

305 5218 403 5272 καὶ
428 5218 697 5271 ἀθάνατον
727 5215 1071 5285 πράττουσαν
1106 5214 1358 5279 θάνατον,
1391 5208 1458 5283 ἧς
1492 5216 1692 5283 κόσμος
1723 5213 1867 5278 ἄπας

307 5308 413 5361 οὑκ
468 5308 616 5360 ἐστιν
674 5306 947 5372 ἀντάξιος.
998 5306 1090 5358 Διὸ
1139 5305 1582 5378 παρῤησιαστέον
1632 5306 1750 5361 ἐστὶ
1804 5306 1871 5359 τά

306 5397 557 5464 τοιαῦτα,
585 5397 678 5451 καὶ
711 5398 816 5467 πρό
848 5414 915 5465 γε
948 5398 1157 5450 τούτων
1212 5399 1338 5459 τοὺς
1395 5397 1639 5459 ἐκείνους
1696 5396 1873 5450 λιὸέλ-

306 5493 458 5553 λους,
486 5489 584 5551 τὰς
633 5490 743 5542 τῶν
790 5491 1168 5557 ἐπταισμένων
1204 5489 1492 5559 μετανοίας
1520 5489 1868 5558 κομίζοντας,

310 5584 398 5636 ἵνα
433 5584 508 5652 μὴ
541 5584 721 5653 χεῖρον
752 5585 816 5653 τῇ
848 5582 1145 5652 Ἐκκλησία
1189 5581 1250 5634 τὸ
1280 5580 1769 5652 σχίσμαγένηται.
1809 5580 1869 5634 El

306 5675 363 5729 δέ
398 5691 460 5743 γε
492 5675 566 5745 μὴ
600 5673 896 5745 βούλοισθε,
923 5674 1004 5737 τίς
1041 5672 1118 5726 ἔτι
1151 5674 1305 5744 χρεία
1340 5674 1671 5745 μαρτύρων;
1706 5672 1872 5726 Αὐτοὶ

1962 4488 2219 4544 maximis
2248 4484 2540 4541 sudoribus
2569 4480 2797 4551 objectis
2825 4473 3191 4547 praecluditur.
3221 4465 3362 4534 Quid
3396 4480 3521 4533 por-

1966 4596 2027 4635 ro
2073 4578 2366 4650 pretiosius
2417 4575 2614 4630 animae
2660 4580 2763 4635 est,
2807 4580 2968 4638 quam
3006 4562 3256 4631 religiosa
3290 4566 3344 4613 et
3394 4570 3523 4610 coa-
3620 4594 3627 4601 .

1967 4685 2117 4725 stans
2144 4684 2283 4721 verae
2318 4682 2445 4736 erga
2495 4665 2664 4718 Deum
2697 4659 2820 4714 fidei
2849 4652 3193 4712 observatio?
3218 4650 3298 4703 Ad
3328 4663 3521 4701 sanau-

1967 4762 2066 4815 dos
2122 4757 2366 4827 corporis
2429 4754 2653 4810 morbos
2714 4748 2912 4805 medici
2975 4750 3356 4805 arcessuntur;
3415 4752 3522 4807 qua

1967 4852 2186 4923 quidem
2219 4863 2383 4918 opera
2412 4846 2455 4901 si
2493 4845 2672 4899 minus
2703 4836 3051 4899 successerit,
3082 4833 3341 4887 damnum
3372 4837 3523 4883 certe

1969 4922 2075 4999 non
2107 4944 2241 4998 adeo
2272 4957 2457 5012 grave,
2488 4953 2666 5007 neque
2690 4935 2791 4990 hac
2819 4926 3033 4985 mortali
3067 4926 3178 4980 vita
3208 4922 3525 4977 diuturnius

1972 5039 2232 5097 futurum,
2263 5033 2553 5102 accipitur.
2594 5030 2662 5082 At
2704 5027 2741 5081 ii
2793 5022 2991 5085 morbi,
3030 5017 3125 5088 qui
3165 5017 3232 5071 ad
3272 5015 3523 5085 dogmata

1973 5125 2273 5194 theologica
2328 5122 2626 5191 pertinent,
2680 5129 2988 5188 quanquam
3040 5107 3324 5179 sanguinis
3378 5106 3523 5158 rivos

1972 5222 2149 5287 ruptis
2179 5214 2335 5269 venis
2365 5230 2472 5267 non
2503 5209 2816 5272 effundunt,
2852 5206 2969 5261 [idci
2998 5204 3099 5273 ipsi
3138 5202 3346 5271 plagam
3374 5212 3528 5251 reve-

1972 5326 2029 5363 ra
2062 5306 2332 5376 inﬂigunt,
2368 5307 2709 5359 incruentam
2750 5299 2968 5370 quidem
3011 5296 3181 5357 illam,
3217 5292 3310 5345 sed
3354 5286 3527 5340 maxi-

1973 5412 2058 5451 me
2100 5395 2379 5458 letbalcm,
2425 5394 2818 5461 sempiternum
2866 5388 3063 5456 quippe
3108 5392 3162 5435 ct
3222 5376 3527 5433 immortale

1971 5490 2196 5545 exitium
2234 5488 2520 5541 allaturum
2565 5482 2778 5542 animae,
2826 5478 2910 5533 cui
2964 5491 3060 5529 nec
3113 5482 3259 5526 totus
3289 5466 3527 5521 mundus

1972 5579 2395 5651 mquiparaudus
2421 5586 2523 5633 est.
2553 5575 2914 5641 Quamobrem
2948 5567 3119 5638 palam
3150 5566 3248 5618 ista
3274 5559 3527 5632 proferri,

1974 5684 2136 5741 atque
2170 5674 2225 5729 in
2263 5672 2458 5743 primis
2499 5670 2640 5734 illos,
2681 5664 2890 5737 104,3
2916 5662 3006 5732 qui
3043 5658 3416 5748 paenitentiam
3442 5669 3533 5708 er-
