4018 6206
655 213 729 285 [Α.
771 227 817 266 c.
878 212 1027 283 l55l]

310 219 441 288 1321

1244 214 1681 276 BYZANTlNzE
1716 217 2097 278 HISTORIE
2154 218 2294 278 LIB.
2338 218 2527 279 XXII.

2646 212 2780 283 [ινιτ.
2822 231 2864 267 1.
2907 230 3199 270 caxracw.
3242 215 3294 288 5]

3410 221 3429 281 1
3442 221 3543 282 (12?.

302 334 416 387 ὅσοι
440 332 547 385 τῶν
572 333 738 401 ἐγγύς
765 351 820 386 τε
849 333 944 385 καὶ
978 330 1168 403 πόρρω
1202 349 1303 385 που
1335 332 1439 402 γῆς
1473 332 1566 386 καὶ
1590 331 1866 401 θαλάσσης

1981 343 2132 387 terra:
2166 340 2221 386 et
2257 332 2422 387 maris
2449 348 2616 403 prope
2654 342 2745 387 aut
2772 335 2932 405 longe
2961 335 3292 396 habitarent.
3325 344 3380 388 et
3410 351 3537 388 suo-

302 427 596 481 οίκούντων
630 428 766 480 είσίν
790 443 802 458 ο
830 428 1050 490 ὁποίους
1093 429 1189 482 καὶ
1231 428 1320 482 διὰ
1352 429 1450 500 τὴν
1481 428 1725 483 σύνοικον
1751 430 1873 482 ἀλο-

300 522 429 588 γίαν
485 520 756 590 ἁλώσιμον
816 524 881 573 ἐκ
945 520 1040 572 τοῦ
1102 521 1303 590 ῥᾴστου
1362 521 1588 591 θήραμα
1619 523 1740 583 ταῖς
1774 520 1873 589 τῆς

304 607 605 676 θρησκείας
655 607 884 674 παγίσιν
932 606 1162 675 ἤλπισεν
1195 605 1451 659 ἔσεσθαι·
1494 608 1617 677 ἐμοὶ
1647 608 1692 660 δ’
1723 608 1873 676 ἀπη-

304 701 561 767 γόρευται
591 698 736 767 μόνῳ
785 698 1136 751 παντάπασιν
1169 691 1310 751 εἶναι
1342 698 1419 768 μὴ
1453 699 1532 750 ὅτι
1582 714 1643 765 γε
1696 696 1874 768 ἄψαυ-

308 808 433 843 στον
471 790 684 856 ὄψεσιν,
717 788 831 842 ἀλλ’
871 789 979 841 οὐδ’
1005 789 1132 859 ἄχρι
1163 788 1326 858 ψιλῆς
1358 788 1533 843 ἐλθεῖν
1571 790 1740 858 ἀκοῆς
1763 791 1871 843 οὐδ’

303 881 552 933 ὁπωσοῦν
604 879 711 934 οὔδ’
746 882 892 953 ἴχνος
936 881 1148 952 οὐδαμῆ
1187 882 1305 933 ποτ’
1355 883 1508 935 οὐδὲν
1548 882 1654 936 τῶν
1701 883 1872 938 ἁπάν-

303 991 413 1027 των
444 973 673 1029 ἐκεῖθεν.

376 1066 452 1119 l".
488 1062 588 1118 Ὧν
621 1067 785 1119 ἕνεκα
815 1067 908 1120 καὶ
945 1065 1042 1129 τὰς
1080 1068 1218 1137 ἐμὰς
1267 1068 1326 1128 ἐς
1363 1067 1521 1119 πλέον
1558 1083 1871 1137 προσεπατ-

303 1156 529 1209 τάλευον
586 1157 666 1208 ἔτι
731 1156 923 1225 θύρας,
962 1156 1036 1226 μὴ
1089 1157 1228 1230 λάθῃ
1257 1175 1341 1221 τις
1391 1154 1535 1227 αὖρα
1562 1158 1631 1210 δι’
1654 1156 1872 1227 αἰθέρος

303 1248 451 1308 τινος
484 1248 617 1316 ἡμῖν
670 1247 1036 1315 είσκομίσασα
1077 1249 1266 1318 φήμην
1316 1248 1527 1301 ἐκεῖθέν
1576 1263 1727 1301 τινα·
1779 1248 1874 1300 καὶ

304 1339 558 1405 φύλακας
607 1338 800 1390 ἔθεσαν
855 1339 1169 1407 ἔμπροσθέν
1214 1356 1273 1392 τε
1326 1341 1420 1393 καὶ
1460 1341 1706 1405 ὄπισθεν,
1764 1343 1875 1393 κάκ

303 1432 494 1497 δεξιῶν
542 1431 645 1495 κάξ
688 1432 1009 1500 εὐωνύμων,
1038 1431 1165 1494 τοὺς
1204 1432 1372 1502 ἐμοὺς
1407 1432 1667 1497 ἅπαντας
1695 1435 1874 1503 γείτο-

304 1542 402 1587 νας
423 1541 436 1557 ’
468 1525 517 1575 οἱ
570 1525 858 1594 μοναδικὶν
887 1525 1349 1595 ἐπαγγειλάμενοι
1382 1525 1498 1597 βίον
1532 1528 1745 1589 ἀσκεῖν,
1782 1528 1876 1581 καὶ

307 1616 532 1684 ἀγαπᾷν
558 1614 648 1666 τὸν
688 1613 912 1682 πλησίον
942 1614 1014 1676 ὡς
1039 1615 1231 1665 ἑαυτὸν
1262 1614 1513 1680 ἕκαστος,
1547 1616 1640 1667 καὶ
1671 1618 1781 1677 τοῖς
1817 1616 1873 1666 ἐν

309 1705 580 1772 φυλακαῖς
620 1704 929 1774 προσιέναι,
963 1705 1060 1757 καὶ
1108 1704 1482 1774 λυπουμένους
1530 1707 1876 1779 παραμυθεῖ-

310 1796 457 1859 σθαι,
498 1796 593 1847 καὶ
632 1793 843 1866 ψυχροῦ
904 1795 1129 1864 διψῶντι
1195 1795 1397 1849 δ.δόναι
1459 1801 1719 1869 ποτήριον
1781 1800 1875 1869 (ἐῶ

305 1887 458 1941 τᾶλλ’
485 1889 584 1940 ὅσα
614 1887 709 1940 καὶ
734 1885 1037 1955 βαρίάροις
1061 1886 1273 1940 ἔθνεσιν
1306 1887 1539 1941 εἴθισται
1569 1889 1702 1959 δρᾷν
1732 1907 1873 1960 συμ-

305 1980 457 2050 παθῆ
489 1981 640 2050 κοινῇ
700 1978 837 2048 πρὸς
873 1977 1122 2041 ἅπαντας
1173 1979 1479 2048 ὁμοφύλους
1527 1979 1623 2033 καὶ
1666 1976 1885 2045 ξένους,

309 2071 547 2141 φυσικῆς
575 2070 818 2140 ἀγούσης
845 2070 1009 2140 ὁλκῆς
1037 2071 1095 2133 ἐς
1123 2074 1184 2122 τδ
1216 2070 1610 2141 καμπτόμενον
1638 2072 1736 2142 τῆς
1768 2072 1873 2142 ψυ-

312 2166 461 2252 χῆς),
496 2166 546 2215 οἱ
588 2162 632 2215 δ’
678 2164 821 2217 οὕτω
846 2181 936 2234 μοι
969 2165 1065 2216 καὶ
1108 2164 1313 2235 θηρίων
1340 2163 1438 2237 ,[Ρ.
1469 2164 1596 2239 657]
1646 2166 1875 2231 ἑαυτοὺς

304 2254 649 2323 κατέστησαν
682 2255 1043 2324 πικροτέρους
1079 2255 1175 2309 καὶ
1204 2254 1318 2308 τῶν
1352 2257 1753 2310 ὲπιταττόντων
1779 2274 1877 2327 μα-

304 2344 423 2414 κρῷ
456 2345 884 2416 σκληροτέρους,
918 2345 1063 2399 ὥστε
1107 2347 1375 2418 μυριάκις
1416 2346 1481 2401 ἂν
1527 2349 1752 2419 εἱλόμην
1782 2351 1877 2421 θη-

304 2439 445 2506 ρίοις
481 2439 539 2490 ὲν
588 2439 774 2509 ὄρεσιν
821 2439 1037 2508 ἀγρίοις
1095 2443 1360 2503 συνεῖναι,
1391 2440 1423 2510 ἢ
1455 2442 1722 2507 τοιούτοις
1778 2445 1875 2498 ἀν-

301 2530 519 2597 δράσιν.
542 2528 697 2583 Οὕτω
729 2547 816 2599 μοι
842 2533 937 2586 καὶ
964 2530 1074 2583 τῶν
1101 2531 1423 2600 ἀλλοφύλων
1444 2533 1714 2604 ὠμότεροι
1740 2554 1875 2590 κατ-

302 2620 541 2687 έστησαν
570 2622 618 2673 οἱ
644 2619 874 2691 πλησίον
893 2638 907 2652 ·
939 2622 1136 2686 οἵτινες
1165 2625 1262 2677 καὶ
1299 2626 1358 2689 ἐς
1387 2625 1610 2680 τοσοῦτο
1671 2627 1874 2698 θηριω-

300 2713 422 2768 δίας
450 2712 749 2778 ἐξέκλιναν,
786 2713 862 2777 ὡς
889 2715 983 2767 καὶ
1013 2718 1405 2787 συκοφαντίαις
1431 2719 1607 2783 ἐνίους
1641 2720 1749 2772 τῶν
1777 2721 1874 2791 τὴν

302 2802 522 2857 αὔλειον
554 2805 651 2875 τῆς
674 2806 848 2867 οἰκίας
871 2807 1033 2877 ἡμῶν
1054 2808 1364 2883 παριόντων
1396 2828 1461 2863 πε
1469 2811 1716 2883 ριϐαλεῖν
1739 2812 1874 2883 (42),

302 2895 370 2946 ἐκ
404 2896 574 2965 μόνης
606 2896 843 2966 ὑποψίας
882 2899 1263 2969 ἀτεκμάρτου,
1313 2880 1655 2969 πλασάμενοι
1709 2880 1876 2973 πρόσ-

1975 431 2065 492 pte
2099 432 2323 494 stupore
2356 425 2427 478 ita
2459 425 2639 480 stolidi
2669 436 2874 491 essent,
2912 437 2971 481 ut
3006 427 3415 492 superstitionis
3465 427 3541 478 la-

1973 516 2133 584 queis
2164 515 2423 570 facillime
2460 532 2554 590 cos
2589 526 2807 587 captum
2844 516 2910 571 iri
2950 532 3075 586 spes
3103 517 3246 570 foret
3305 517 3404 572 Uni
3446 531 3542 568 au-

1978 612 2085 659 tem
2137 605 2271 659 mihi
2310 623 2540 676 prorsus
2588 624 2698 663 non
2747 610 2923 664 solum
2972 610 3145 664 oculis
3200 609 3538 678 usurpanda,

1975 697 2069 750 sed
2108 706 2163 751 et
2200 699 2435 768 simplici
2479 700 2694 755 aurium
2740 716 2905 756 sensu
2949 701 3265 771 attingenda
3301 716 3537 769 unquam

1976 789 2059 841 vel
2098 788 2396 857 levissime,
2430 788 2849 847 etiam’minima
2874 808 3064 848 eorum
3103 793 3329 864 vestigia
3366 792 3561 847 iuter-‘

1976 877 2258 935 dicuntur.

3444 999 3467 1019 Ι

2047 1059 2136 1114 Ill.
2176 1060 2306 1114 Eam
2347 1061 2416 1114 ob
2448 1075 2667 1115 causam
2706 1060 2865 1115 fores
2900 1075 3047 1115 meas
3079 1062 3330 1132 pluribus
3379 1074 3540 1130 quam

1977 1161 2136 1207 antea
2175 1153 2392 1222 paxillis
2424 1153 2713 1218 muniunt;
2753 1169 2820 1208 ne
2859 1170 2965 1224 qua
3015 1154 3223 1213 furum,
3252 1170 3407 1217 aura,
3442 1169 3541 1223 per

1978 1244 2213 1313 aliquem
2249 1244 2390 1299 acris
2421 1256 2659 1299 meatum
2690 1245 2899 1315 illapsa,
2932 1246 3127 1300 famam
3159 1246 3321 1300 ullam
3351 1246 3417 1298 axl
3448 1260 3548 1298 nos

1978 1335 2330 1390 intromittat.
2372 1334 2637 1390 Custodes
2664 1351 2795 1390 vero
2838 1351 2868 1389 a
2913 1337 3111 1401 fronte,
3145 1352 3174 1390 a
3206 1346 3378 1406 tergo,
3409 1336 3545 1390 dex-

1980 1436 2240 1491 trorsum,
2273 1428 2647 1483 sinistrorsum
2683 1414 2986 1498 apponunt,
3016 1429 3223 1483 vicinos
3244 1444 3403 1483 meos
3431 1443 3549 1481 om-

1978 1537 2078 1577 nes
2102 1540 2116 1589 ;
2143 1525 2236 1592 qui
2261 1523 2386 1576 vitre
2410 1523 2723 1579 monasticae
2754 1533 3026 1577 austeram
3052 1522 3393 1591 disciplinam
3424 1538 3547 1592 pro-

1982 1612 2131 1676 fessi,
2187 1622 2243 1667 et
2297 1612 2602 1683 proximum
2660 1612 2979 1674 dilecturos,
3035 1612 3177 1665 sicut
3229 1612 3437 1683 1055
3490 1627 3548 1665 se

1981 1704 2158 1774 ipsum
2187 1704 2438 1773 quisque,
2466 1712 2522 1757 et
2551 1719 2675 1758 eum
2709 1704 2802 1772 qui
2847 1703 2900 1757 in
2937 1704 3201 1757 custodiis
3244 1702 3388 1756 foret
3422 1703 3550 1757 visi-

1980 1807 2216 1864 taturos,
2259 1807 2315 1853 et
2366 1798 2578 1852 tristem
2623 1797 3023 1861 consolaturos,
3056 1807 3111 1851 et
3142 1796 3349 1851 sitienti
3384 1812 3551 1867 poeu-

1977 1891 2090 1946 lum
2139 1889 2352 1960 frigida:
2396 1896 2749 1960 porrecturos
2780 1903 2838 1943 se
2875 1889 3242 1957 promiserant
3288 1906 3303 1943 :
3354 1890 3548 1943 omitto

1978 1991 2175 2040 ca:tera
2198 1982 2557 2037 humanitatis
2581 1981 2779 2046 oflicia,
2806 1997 2927 2051 qua:
2947 1991 3003 2035 et
3025 1981 3270 2037 barbara:
3298 1983 3551 2036 nationes

1978 2084 2238 2145 praestare
2280 2073 2541 2128 omnibus
2592 2072 2794 2138 solent,
2846 2073 3206 2138 popularibus
3257 2075 3463 2142 pariter
3494 2082 3552 2126 et

1980 2166 2304 2238 peregrinis,
2355 2164 2593 2219 naturali
2653 2164 2890 2233 quodam
2948 2163 3255 2220 aﬂ‘ectionis
3309 2165 3550 2233 pondere

1980 2259 2191 2313 animos
2220 2257 2431 2312 scilicet
2461 2267 2748 2312 curvante.
2786 2255 2852 2310 ili
2892 2267 3075 2311 autem
3118 2253 3265 2312 adeo'
3288 2257 3421 2311 feris
3453 2257 3549 2311 be-

1981 2348 2103 2404 stiis
2127 2346 2466 2402 crudeliores
2492 2356 2548 2401 et
2574 2345 2644 2401 iis
2677 2345 2811 2425 ipsis
2836 2347 2926 2416 qui
2956 2347 3225 2416 jubebant
3247 2348 3409 2416 longe
3448 2348 3552 2401 du-

1981 2446 2160 2497 riores
2190 2441 2244 2496 in
2277 2455 2363 2494 me
2396 2440 2540 2495 uitro
2573 2438 2821 2503 fuerunt,
2856 2448 2919 2492 ut
2965 2453 3065 2509 ego
3113 2440 3321 2493 centies
3366 2439 3550 2492 malim

1980 2531 2035 2586 in
2080 2529 2363 2585 montibus
2409 2542 2535 2582 cum
2589 2526 2925 2582 immanibus
2971 2526 3190 2591 belluis,
3235 2542 3396 2597 quam
3427 2542 3553 2583 cura

1980 2622 2247 2694 ejusmodi
2278 2620 2617 2684 hominibus.
2650 2621 2882 2675 versari.
2917 2620 3066 2675 Adeo
3094 2635 3222 2685 erga
3254 2636 3337 2675 me
3363 2621 3556 2675 alieni-

1979 2715 2132 2784 genis
2191 2712 2445 2768 szeviores
2498 2712 2758 2766 exstitere
2824 2710 2859 2764 ii
2916 2710 3011 2780 qui
3080 2712 3315 2781 proximi
3374 2719 3551 2767 erant.

1980 2811 2274 2866 Enimvero
2304 2808 2372 2862 ab
2405 2787 2650 2861 humano
2695 2803 2762 2859 ad
2808 2804 3043 2869 ferinum
3084 2820 3290 2860 merent
3339 2805 3419 2860 sic
3452 2805 3552 2860 de-

1982 2901 2270 2963 ﬂuxerunt,
2318 2908 2378 2953 ut
2420 2907 2475 2953 et
2510 2894 2797 2967 quosdam,
2835 2895 2927 2965 qui
2957 2905 3178 2966 propter
3207 2896 3405 2951 domus
3446 2912 3548 2951 no-

299 3004 465 3060 ρησιν
489 2988 648 3055 δῆθεν
678 2989 900 3043 ἐκείνων
934 2990 1063 3058 ἡμῖν
1100 2990 1422 3057 ἐγγενέσθαι
1458 2993 1609 3057 ποτε,
1635 2992 1733 3060 τὴν
1767 3011 1874 3063 μη-

1981 3004 2102 3049 strre
2135 2992 2463 3046 vestibulum
2488 2988 2850 3068 transiisspnt,
2869 2987 3158 3041 calumniis
3193 2988 3543 3052 involverint,

299 3078 451 3146 δειμῆ
482 3096 612 3131 ποτε
648 3080 1029 3150 τολμηθεῖσαν.
1067 3081 1177 3133 Καὶ
1210 3082 1381 3136 ταῦτα
1405 3082 1575 3149 τίνεςς
1607 3085 1667 3136 Οί
1690 3085 1872 3152 φιλίας

303 3170 748 3232 ἀπολελαυκότες
810 3171 1026 3239 μακρᾶς
1081 3170 1177 3223 καὶ
1233 3173 1483 3242 ποικίλης
1512 3173 1573 3236 ἐξ
1609 3174 1790 3241 ἡμῶν,
1818 3176 1875 3226 ὲν

303 3260 587 3330 διαφόροις
621 3261 829 3332 καιρῶν
865 3261 1248 3332 περιστάσεσι,
1284 3266 1377 3315 καὶ
1416 3263 1584 3333 μηδὲν
1633 3265 1741 3316 τῶν
1771 3266 1879 3318 δει-

304 3353 414 3404 νῶν
443 3352 804 3421 μηδεπώποτε
841 3354 1203 3422 πειραθέντες
1247 3354 1337 3422 ὑφ’
1376 3356 1567 3423 ἡμῶνο
1612 3355 1753 3426 πλὴν
1778 3355 1874 3408 τοῦ

303 3445 542 3515 κώλυμά
601 3463 753 3513 σφισι
798 3446 1063 3510 πολλάκις
1112 3446 1475 3501 καθίστασθαι
1505 3449 1603 3516 τῆς
1638 3465 1697 3502 τε
1750 3448 1875 3501 καθ’

301 3535 446 3588 ὅλων
467 3534 576 3587 τῶν
608 3536 772 3606 ἱερῶν
814 3538 1165 3608 πραγμάτων
1193 3538 1442 3608 δαπάνης
1476 3540 1572 3592 καὶ
1611 3539 1710 3611 τῆς
1746 3539 1877 3594 ἐκά-

307 3642 454 3680 στων
486 3629 924 3699 αἰσχροκερδίας.

380 3897 456 3953 Δ’.
498 3900 593 3951 Ἐκ
622 3884 730 3967 γὰρ
773 3896 914 3950 πᾶνυ
944 3912 1025 3948 τοι
1068 3895 1194 3958 νέας
1225 3895 1317 3947 καὶ
1345 3893 1603 3961 παιδικῆς
1640 3893 1876 3965 ἡλικίας,

305 3990 546 4061 ἐμαυτὸν
580 3988 977 4058 ὲγκαθιδρύσας
1005 3986 1129 4055 τῇδε
1158 3988 1223 4057 τῇ
1262 3988 1421 4055 μονῇ,
1449 3986 1753 4056 παρέμεινα
1781 3989 1880 4056 μέ·-

302 4100 398 4153 χρι
432 4082 525 4134 καὶ
547 4082 602 4143 ἐς
636 4082 1027 4151 τῆν’τήμερον,
1057 4077 1177 4140 ἔτος
1220 4077 1464 4147 ἀμείὸων
1492 4077 1593 4148 ἥδη
1640 4077 1738 4147 τῆς
1761 4078 1880 4148 ἡλι-

303 4174 433 4235 κίας
464 4172 894 4243 ἑξηκοστόειμό).
954 4169 1058 4223 Καὶ
1084 4168 1298 4221 πολλῶν
1349 4167 1447 4238 μὶν
1475 4169 1532 4219 ὲν
1566 4170 1713 4238 μέσῳ
1743 4164 1881 4239 πρός

304 4263 454 4326 ξενος
490 4262 757 4331 ἐγενόμην
781 4261 858 4330 τῷ
888 4259 1037 4329 τόπῳ
1072 4259 1273 4322 καλῶν,
1300 4252 1693 4329 συναιρομένου
1719 4257 1877 4311 Θεοῦ·

1981 3082 2213 3152 simplici
2248 3097 2441 3151 nempe
2475 3082 2789 3151 conjectura
2823 3088 2878 3132 et
2907 3079 3196 3132 temeraria
3239 3079 3551 3148 suspicione

1983 3174 2253 3245 fingendo,
2284 3188 2381 3227 eos
2410 3173 2673 3226 allorutcs
2710 3185 2831 3225 esse
2862 3186 2971 3234 me,
3011 3171 3103 3239 qui
3147 3171 3369 3226 minime
3403 3182 3554 3227 certe

1980 3271 2097 3321 ausi
2132 3246 2367 3321 fuerant.
2411 3265 2644 3330 Quinam
2685 3280 2817 3319 vero
2848 3263 3004 3318 hinc?
3039 3264 3120 3317 Illi
3163 3264 3290 3334 ipsi,
3326 3266 3418 3333 qui
3458 3282 3556 3319 va-

1980 3358 2077 3412 riis
2107 3364 2162 3412 et
2202 3357 2407 3426 iniquis
2440 3356 2780 3425 temporibus
2821 3370 3076 3424 magnum
3107 3365 3160 3408 rt
3192 3350 3550 3424 multiplicem

1980 3448 2181 3501 amoris
2207 3446 2378 3500 nostri
2410 3445 2645 3498 fructum
2677 3451 3067 3513 perceperunt,
3096 3444 3247 3497 nulla
3279 3454 3459 3500 autem
3492 3447 3559 3501 re'

1978 3551 2173 3607 graves
2224 3552 2326 3589 nos
2375 3550 2612 3605 unquam
2661 3533 2873 3602 experti
2920 3542 3085 3598 sunt;
3135 3535 3239 3587 nisi
3278 3546 3552 3604 quatenus

1981 3626 2049 3679 iis
2079 3641 2222 3695 smpe
2253 3624 2590 3689 obstitimus,
2631 3639 2700 3678 nc
2749 3633 2889 3677 totas
2935 3640 3024 3678 res
3072 3639 3256 3678 sacras
3293 3627 3557 3693 impensis

1978 3724 2390 3783 consumerent,
2438 3724 2494 3770 et
2536 3714 2792 3786 privatim
2828 3715 3061 3784 quisque
3090 3715 3247 3770 lucro
3289 3717 3437 3786 turpi
3474 3719 3558 3773 di-

1981 3815 2271 3861 tescerent.
3330 3826 3333 3831 >
3449 3791 3456 3799 ’

2053 3897 2141 3953 ιγ.
2184 3897 2396 3969 Quippe
2448 3913 2547 3969 ego
2596 3913 2624 3951 a
2680 3898 2974 3954 tenerrima
3017 3911 3074 3955 et
3123 3900 3322 3970 puerili
3372 3911 3553 3967 tritate,

1980 4003 2105 4045 cum
2141 3989 2194 4043 in
2238 4004 2305 4044 eo
2352 3992 2689 4046 monasterio
2724 3992 2907 4046 sedem
2958 3992 3092 4071 mihi
3137 3994 3239 4062 ipsi
3292 3993 3554 4061 fixissem,

1980 4081 2257 4153 permansi
2311 4082 2514 4139 ibidem
2552 4100 2724 4153 usque
2759 4084 2824 4138 ad
2860 4083 3190 4140 hodiernum
3241 4086 3409 4153 diem,
3446 4104 3556 4158 quo

1977 4175 2088 4245 jam
2135 4176 2537 4245 sexagesimum
2580 4175 2759 4230 aetatis
2786 4191 2991 4230 annum
3024 4177 3254 4232 excedo.
3288 4178 3394 4233 Per
3423 4179 3558 4235 illud

1987 4276 2202 4336 tempus
2230 4267 2411 4333 effeci,
2444 4267 2552 4322 Deo
2574 4269 2824 4339 juvante,
2856 4268 3025 4323 multa
3059 4280 3117 4323 ut
3152 4270 3279 4324 huic
3314 4272 3433 4329 loco
3466 4290 3559 4326 or-

305 4352 538 4413 πο).λοὺς
576 4352 633 4403 δὲ
667 4355 763 4404 καὶ
805 4352 884 4421 τῷ
929 4350 1032 4418 τὴν
1072 4350 1240 4419 μονὴν
1285 4351 1448 4413 εὐθὺς
1500 4351 1876 4419 ἀναδεξαμένῳ

1982 4366 2240 4412 namenla
2270 4355 2633 4423 accederent;
2664 4372 2729 4419 ac
2756 4359 2934 4424 illum,
2964 4359 3056 4428 qui
3081 4360 3245 4431 hujus
3278 4371 3556 4416 monaste-

302 4444 402 4497 καὶ
453 4443 816 4511 ἐγκαινίςοντι
853 4443 1125 4513 φιλοτίμῳ
1174 4440 1369 4516 γνώμῃ
1400 4443 1496 4496 καλ⁸
1534 4447 1679 4512 χειρὶ
1708 4459 1885 4511 σοφω-

306 4536 456 4604 τάτῳ
504 4536 702 4605 ἐκείνῳ
754 4534 909 4605 ἀνδρὶ
951 4537 1297 4604 συνηράμην,
1327 4538 1383 4597 ἐς
1432 4534 1530 4587 ὅσα
1582 4551 1641 4587 τε
1694 4536 1885 4605 χρείας

304 4628 504 4697 ἐκείνῳ
539 4626 633 4679 καὶ
663 4627 795 4696 ἡμῖν
834 4625 943 4677 ἔδει
973 4627 1069 4679 καὶ
1107 4627 1211 4678 ὅσα
1237 4626 1299 4677 τὸ
1341 4625 1436 4679 τοῦ
1466 4625 1690 4696 φίλτρου
1720 4627 1881 4680 δυνά-

309 4733 475 4789 μενον
508 4718 639 4787 ἡμῖν
663 4716 997 4786 ὑπηγόρευε.
1037 4716 1115 4767 Δι’
1144 4715 1181 4769 ἃ
1215 4732 1304 4785 μοι
1332 4717 1424 4769 καὶ
1447 4716 1545 4786 τὴν
1575 4718 1884 4786 ἐπιτροπὴν

304 4813 404 4863 καὶ
433 4800 534 4877 τὴν
562 4806 673 4859 τῶν
700 4806 803 4874 τῆς
841 4806 1008 4874 μονῆς
1038 4808 1378 4875 τιμιωτέρων
1411 4807 1886 4874 καὶεάναλκαιοτέ-

306 4918 421 4969 ρων
466 4899 755 4967 ἐπίσκεψιν
787 4896 1130 4967 πραγμάτων
1179 4898 1490 4964 ἐπίστευσε,
1538 4899 1636 4951 καὶ
1681 4900 1883 4969 τρόπον

302 4993 428 5045 τινὰ
460 4991 702 5058 διάδοχον
751 4990 950 5042 ἑαυτοῦ
1007 4990 1307 5058 κατέστησε
1350 4990 1619 5041 τελευτῶν
1672 4992 1881 5052 ἐκεῖνος

304 5082 560 5136 ἐνταῦθα.
592 5081 703 5135 Καὶ
731 5081 827 5135 νῦν
862 5078 955 5143 οὓς
988 5081 1086 5151 μὲν
1116 5074 1273 5151 εὖρον
1307 5082 1678 5150 ἀσκουμένους
1709 5079 1879 5132 ἐλθὼν

1982 4449 2051 4503 rii
2096 4464 2281 4504 curam
2329 4450 2440 4518 jam
2496 4459 2610 4503 tum
2661 4451 2905 4520 suscepit
2938 4452 3151 4523 105,6
3180 4461 3235 4506 ct
3285 4452 3337 4506 id
3380 4457 3557 4523 ipsum

1984 4541 2270 4612 magnifice
2324 4551 2378 4597 et
2422 4543 2569 4612 larga
2623 4556 2789 4597 manu
2840 4543 3189 4608 instauravit,
3246 4546 3422 4610 illum,
3474 4546 3560 4600 iu-

1984 4650 2169 4704 quam,
2204 4635 2671 4703 sapientissimum
2708 4635 2886 4689 virum
2923 4636 3109 4705 adjuvi
3148 4637 3215 4691 ad
3252 4654 3314 4691 ca
3348 4640 3554 4701 omnia,

1984 4740 2105 4793 qua:
2149 4725 2417 4779 ambobus
2462 4725 2619 4780 nobis
2664 4726 2788 4781 usui
2841 4727 3025 4781 futura
3076 4739 3280 4785 essent.
3331 4740 3387 4781 et
3434 4744 3558 4796 Qua:

1983 4813 2188 4867 antoris
2226 4812 2306 4866 vis
2337 4812 2525 4867 eﬂicax
2554 4814 2691 4866 mihi
2737 4814 3040 4868 dictasset:
3082 4827 3191 4881 quo
3237 4812 3459 4874 factum,
3499 4821 3559 4865 ut.

1982 4905 2431 4973 procurationem
2470 4918 2763 4974 rerumque
2788 4905 2976 4976 ejusce
3008 4904 3320 4958 monasterii
3356 4909 3561 4974 pretio-

1979 4994 2324 5048 sissimarum
2374 5001 2430 5048 et
2478 4995 2715 5049 maxime
2767 4995 3205 5050 necessariarum
3258 4995 3556 5065 inspectio-

1978 5101 2101 5139 nem
2139 5086 2267 5139 fidei
2304 5100 2436 5139 mea:
2468 5087 2830 5153 commiserit,
2861 5102 2923 5140 ac
2955 5102 3040 5140 me
3075 5086 3345 5140 Itutrcdcm
3413 5101 3552 5156 quo-

254 5185 259 5188 ’
304 5173 368 5238 ἐξ
407 5175 582 5246 ἀρχῆς
635 5174 811 5244 ἔγωγε
847 5174 1121 5241 ἐνταυθοῖ,
1180 5175 1380 5238 πάντες
1431 5177 1497 5227 ἐκ
1552 5173 1751 5254 πολλοῦ
1784 5177 1875 5243 τὸν

1981 5175 2265 5230 dummodo
2293 5190 2452 5229 suum
2482 5176 2575 5229 hic
2609 5177 2846 5230 moriens
2875 5175 3193 5230 inStituerit.
3212 5174 3366 5230 Nunc
3394 5185 3557 5245 quot-

1638 5294 1973 5357 \'ariorum
2021 5300 2213 5359 notat.

382 5423 495 5495 (62)
528 5420 783 5491 ϐτεεοτξιι
812 5421 1509 5495 domuminullasui'partc
1550 5436 1667 5495 was
1688 5421 1869 5495 publi-

308 5492 403 5550 cas
434 5492 699 5562 attigisse,
730 5502 883 5562 testis
917 5501 1001 5547 est
1039 5492 1360 5546 Philotheus
1417 5493 1723 5560 patriarcha
1757 5493 1872 5544 An-

309 5566 511 5617 lirrhct.
542 5560 582 5626 i,
618 5562 741 5615 eod.
792 5560 923 5631 Reg.
988 5564 1141 5624 l99b‘,
1204 5564 1296 5614 fol.
1349 5562 1403 5626 7,
1461 5575 1517 5617 ut
1555 5563 1874 5617 adnotatum

309 5649 474 5702 supra
504 5635 569 5685 ad
609 5633 862 5701 (iregura:
890 5633 1088 5687 Vitam.
1122 5634 1327 5686 BOHIN.

634 5726 898 5787 l’ATunL.
948 5727 1060 5786 (in.
1100 5726 1383 5787 CXLV!!!

1769 5802 1845 5817 ⁸η.-

2045 5423 2159 5494 (45)
2188 5422 2478 5493 Gregoras.
2497 5438 2605 5492 quo
2624 5433 2868 5491 tempore
2893 5422 3007 5494 lure
3055 5422 3295 5492 scripsit.
3315 5424 3556 5479 nondum

1979 5493 2298 5565 esplcvenat
2323 5510 2526 5547 annum
2554 5495 2726 5565 artatis
2757 5493 2845 5546 57.
2885 5493 3017 5549 Vide
3044 5497 3302 5547 adnotata
3336 5497 3400 5547 tul
3431 5510 3554 5565 cap.

1985 5563 2014 5615 7
2049 5565 2173 5617 liln‘i
2207 5580 2359 5629 mn,
2397 5577 2546 5616 num.
2576 5564 2628 5615 ’5.
2668 5563 2877 5616 Bmvtx.

3087 5724 3162 5782 [εὶ
