4018 6206
797 190 872 262 [Α.
914 205 967 244 ιι.
1008 188 1168 253 6859,
1211 201 1315 241 IND.
1362 205 1416 257 τι

481 194 611 259 1327

1686 182 2099 247 NICEPHORI
2136 184 2517 245 GBEGOILE

3590 176 3606 234 ι
3618 176 3725 238 328

2790 178 2924 253 [ιιιρ.
2962 193 3007 233 ι.
3048 192 3111 233 ελ
3127 191 3350 233 ατιοιιῑ.
3383 174 3439 246 5]

476 328 620 381 sent,
656 324 710 386 et
741 315 1021 384 adjunctas
1048 311 1211 365 dictis
1259 308 1436 363 minas
1473 320 1911 376 quampturunas
1934 299 2042 357 ἐς·

2164 304 2363 358 isis-0:1:
2398 305 2534 374 (Π).
2581 301 2741 355 Ἀλλά
2773 301 2882 371 γὰρ
2914 299 3199 386 πλείστους
3249 297 3357 349 καὶ
3386 286 3531 349 οὗτοι
3559 289 3731 345 κενώ-

477 418 853 479 aggerasscnt,
883 403 983 474 ipsi
1011 416 1228 472 quoque
1264 415 1321 454 re
1358 397 1562 453 iniecta
1599 396 1998 451 discesserunt.

548 681 639 737 ιν.
672 680 812 734 Tum
845 693 978 733 vero
1004 678 1283 732 Crebriora
1305 690 1469 746 quam
1502 675 1734 729 antehac
1763 683 1818 729 et
1853 674 2057 743 priori-

481 776 587 828 bus
620 770 973 841 impensiora,
1001 768 1325 824 velut’l‘actu
1374 766 1592 836 agmine
1618 806 1634 830 ,
1692 765 1953 819 mandata
1988 766 2053 818 ad

481 867 603 920 illos
641 863 855 918 vicinos
885 861 1145 916 custodes
1199 868 1420 913 nostros
1455 867 1762 923 venerunt;
1815 859 1882 912 ad
1929 859 2054 915 illos

482 957 608 1011 dico
666 955 949 1025 appositos
1029 951 1190 1005 nobis
1217 949 1609 1004 acerbissimos
1649 950 2052 1019 exploratores,

505 1045 720 1116 1050
746 1043 827 1098 vel
860 1047 941 1111 (ut
977 1040 1372 1112 congruentius
1402 1041 1613 1110 loquar)
1643 1041 1827 1094 omnia
1869 1041 2060 1097 viden-

483 1151 564 1193 tes
594 1136 991 1207 speculatores,
1057 1131 1247 1201 quales
1279 1131 1462 1185 fabula
1513 1133 1691 1186 Attica
1749 1143 2051 1187 memorat:

481 1227 587 1281 nisi
623 1227 747 1295 quis
805 1223 941 1277 istos
989 1221 1164 1275 multo
1202 1221 1567 1277 terribiliores
1618 1222 1826 1277 idcirco
1887 1224 2053 1290 dicat,

478 1316 607 1386 quia
631 1314 724 1369 uni
753 1312 958 1367 homini
996 1312 1198 1365 multos
1228 1311 1419 1365 oculos
1467 1311 1667 1366 fabulae
1720 1314 2055 1381 tribuebant,

479 1409 573 1462 hic
607 1420 737 1461 vero
770 1404 1022 1458 homines
1054 1403 1235 1469 multi,
1290 1402 1442 1472 iique
1493 1403 1717 1459 diverso
1752 1415 1807 1458 et
1870 1407 2059 1460 multi-

486 1498 609 1568 plici
641 1496 862 1565 ingenio
897 1493 1134 1564 pradit’i,
1167 1495 1314 1548 inter
1350 1508 1407 1548 se
1433 1503 1670 1557 certant,
1705 1496 1830 1564 quis
1861 1511 2054 1566 quem-

484 1604 592 1658 que
622 1587 881 1642 facultate
911 1584 1132 1640 videndi
1194 1593 1250 1640 et
1286 1585 1529 1655 plurium
1577 1586 1732 1656 quasi
1772 1588 2054 1642 Oculorum

481 1680 823 1752 parspicacia
862 1686 1225 1748 superaturus
1256 1678 1348 1732 sit.

502 1831 507 1835 ,
553 1773 615 1827 ν.
647 1772 886 1826 Rursum
919 1770 1107 1824 multis
1139 1779 1263 1839 post
1292 1767 1490 1823 diebus
1527 1768 1840 1838 patriarcha
1876 1769 1941 1822 ad
1971 1782 2058 1822 sa-

479 1877 636 1916 crum
672 1862 777 1915 hoc
804 1867 1051 1913 nostrum
1083 1857 1385 1927 hospitium
1412 1872 1471 1912 se
1499 1858 1756 1922 contulit,
1785 1873 1894 1928 quo
1928 1872 2053 1912 eum

485 1955 634 2010 aliud
663 1952 924 2024 quiddam
949 1950 1153 2022 negotii
1194 1950 1441 2005 vocabat.
1502 1950 1589 2004 -Ac
1651 1958 1766 2003 tum
1829 1949 2103 2019 quidem-

431 2041 437 2047 ’
486 2044 633 2101 haud
661 2060 760 2115 per
790 2059 850 2099 se
886 2042 1003 2112 ipse
1039 2041 1330 2096 nobiscum
1360 2055 1547 2095 coram
1600 2040 1908 2095 collocutus
1936 2049 2054 2104 est;

483 2137 578 2191 sed
613 2151 712 2207 per
740 2134 1115 2188 internuntios
1171 2146 1236 2186 ea
1297 2131 1653 2201 signiﬁcavit,
1715 2147 1953 2201 quorum
2004 2139 2059 2185 et

404 2238 415 2249 '
480 2227 634 2295 prius
656 2225 767 2295 jam
797 2231 1090 2292 sategerat.
1131 2221 1351 2292 Scripta
1387 2210 1602 2297 autem,
1655 2223 1838 2291 qualia
1889 2221 2062 2292 petie-

484 2333 621 2378 ram,
656 2331 759 2370 nec
814 2326 928 2371 tum
960 2329 1178 2383 quoque
1239 2313 1348 2367 ulla
1374 2312 1579 2367 attulit.
1637 2312 1846 2367 Nostrae
1877 2313 2060 2382 itaque

484 2423 573 2463 res
602 2406 799 2462 eodem
832 2419 1028 2458 rursus
1061 2411 1205 2457 statu
1246 2402 1494 2457 fuerunt.
1525 2403 1591 2457 Et
1625 2404 1736 2469 ille,
1766 2419 1891 2458 cum
1913 2406 2060 2473 ejus—

483 2498 634 2554 modi
658 2514 784 2568 spes
809 2511 939 2551 suas
963 2510 1115 2550 mera
1146 2494 1496 2564 vigilantium
1529 2495 1741 2550 somnia
1767 2495 2061 2553 esseintelo

481 2591 699 2661 ligcret,
732 2587 863 2643 hinc
890 2585 1130 2656 denique
1161 2585 1315 2639 abiit.

2084 1655 2132 1715 B

2160 412 2351 461 σαντες
2381 397 2599 462 λόγους,
2628 397 2718 449 τὸν
2749 396 2935 462 ὅμοιον
2987 378 3187 459 τρόπον
3232 392 3346 452 τοῖς
3393 387 3597 449 ἄλλοις,
3631 384 3734 437 καὶ

2159 487 2417 552 πλείστας
2449 490 2562 552 τοῖς
2593 487 2832 557 λεχθεῖσι
2864 486 2964 549 τὰς
2989 482 3222 546 ἀπειλάς
3245 477 3737 551 ἐπῳκοδομηκότες

2157 580 2402 651 ἀπῄεσαν
2424 581 2695 651 ἄπρακτοι
2721 580 2818 633 καὶ
2846 579 3021 633 αὐτοί.

2228 675 2301 725 Δ⁸.
2340 673 2449 725 Καὶ
2474 671 2589 743 ἅμα
2620 670 2887 742 συνῄεσαν
2919 665 3075 731 αὖθις
3109 666 3431 738 συχνότεραι
3463 661 3574 716 τῶν
3599 675 3742 729 προ-

2157 764 2331 834 τέρων
2361 762 2729 834 παραγγελίαι
2749 762 3102 831 παμπληθὲς,
3128 777 3199 811 πα
3214 759 3428 828 ριοῦσαι
3451 755 3548 816 τὰς
3576 753 3741 821 πρὶν,

2158 855 2218 918 ἐς
2271 857 2396 917 τοὺς
2439 845 2688 924 γείτονας
2765 854 3013 922 φύλακας
3081 851 3282 924 ἡμῶν·
3341 847 3434 910 οὓς
3488 846 3744 904 ἐπόπτας

2160 946 2249 1020 [Ρ.
2286 945 2414 1020 660]
2441 949 2575 1016 ἡμῖν
2606 947 2968 1017 πικροτάτους
3004 946 3337 1013 ἐπέστησαν,
3374 939 3658 998 πανόπτας
3688 936 3737 988 δ’

2158 1041 2337 1103 εἰπεῖν
2409 1040 2765 1111 οἰκειότερον,
2825 1039 2969 1092 κατὰ
3020 1038 3109 1091 τὸν
3159 1034 3506 1097 ἀττικίζοντα
3566 1028 3746 1098 μῦθον

2158 1131 2365 1184 ἐκεῖνον
2386 1149 2399 1162 ο
2434 1132 2483 1184 εί
2518 1131 2593 1201 μὴ
2624 1133 2717 1185 καὶ
2750 1130 2928 1202 πολλῷ
2956 1128 3293 1198 δεινοτέρους
3334 1124 3558 1185 τούτους
3601 1120 3745 1188 εἴπῃ
3816 1148 3819 1149 ν

2154 1239 2240 1285 τις
2276 1221 2341 1275 άν
2376 1239 2388 1253 ο
2420 1222 2500 1275 ὅτι
2529 1222 2649 1276 ἐκεῖ
2680 1223 2778 1292 μὲν
2807 1223 2887 1274 ὲνέ
2918 1237 3026 1274 τινι
3053 1219 3169 1272 ὄντι
3196 1214 3426 1277 πολλοὺς
3463 1210 3746 1280 παρέχου-

2161 1332 2246 1369 σιν
2275 1314 2585 1386 ὀφθαλμούς
2613 1332 2624 1346 ·
2677 1315 2911 1368 ἐνταῦθα
2938 1314 2992 1368 δὲ
3023 1312 3212 1366 πολλοί
3255 1326 3402 1372 τινες
3432 1307 3612 1369 ὅντες,
3643 1303 3745 1356 καὶ

2158 1406 2446 1475 διαφόρους
2466 1407 2563 1461 καὶ
2582 1406 2970 1476 πολυμόρφους
2990 1403 3286 1474 τρέφοντες
3310 1397 3562 1468 γνώμας,
3580 1395 3746 1465 άμιλι-

2159 1498 2257 1551 λαν
2287 1497 2504 1568 ἔχουσιν
2541 1499 2598 1560 ἐς
2631 1497 2693 1550 τὸ
2724 1497 2945 1560 πλείους
2975 1496 3135 1558 ἄλλος
3178 1492 3341 1548 ἄλλοι)
3377 1490 3615 1561 φανῆναι
3640 1487 3745 1548 τας

2159 1590 2467 1653 ἐποπτικὰς
2513 1590 2852 1660 κεκτημένος
2885 1589 3168 1659 δυνάμεις.

2156 1794 2159 1797 ·
2227 1776 2303 1828 Ε’.
2337 1773 2496 1827 Μετὰ
2538 1773 2740 1836 πολλὰς
2768 1771 2814 1825 δ’
2844 1766 3000 1833 αὖθις
3048 1769 3262 1839 ἡμέρας
3303 1765 3445 1820 κατὰ
3490 1763 3558 1832 δή
3604 1779 3740 1815 τινα

2156 1866 2346 1938 χρείαν
2400 1866 2592 1935 ἐδέησε
2628 1863 2979 1932 πατριάρχης
3019 1862 3157 1914 ίέναι
3191 1861 3249 1921 ἔς
3279 1857 3378 1927 τὴν
3428 1854 3552 1910 καθ’
3584 1852 3737 1925 ἡμᾶς

2156 1955 2311 2022 αὖθις
2341 1958 2498 2027 ἱερὰν
2535 1956 2777 2027 μάνδραν
2809 1968 2821 1984 ·
2852 1954 2950 2007 καὶ
2976 1948 3422 2023 αύτοπροσώπως
3462 1948 3562 2016 μὲν
3587 1946 3737 2010 τέως

2157 2050 2293 2119 ἡμῖν
2331 2046 2494 2105 αὐτὸς
2523 2046 2621 2114 οὑχ
2648 2042 2920 2113 ὡμίλησε,
2948 2039 3020 2095 δι’
3047 2039 3369 2094 ἀποστόλων
3397 2036 3442 2089 δ’
3482 2036 3586 2090 ὅσα
3638 2040 3744 2089 καὶ

2165 2140 2432 2210 πρότερον
2461 2133 2575 2208 εἶχε
2609 2134 3094 2205 πεφροντισμένος,
3137 2130 3273 2201 μηδὲ
3318 2128 3416 2183 νῦν
3441 2128 3511 2180 τὰ
3539 2124 3745 2197 ζητού·-

2169 2249 2305 2303 μενα
2330 2229 2636 2303 γράμματά
2666 2246 2755 2298 μοι
2792 2225 3127 2297 κεκομικώς.
3176 2223 3287 2278 Kal
3323 2223 3483 2278 πάλιν
3507 2216 3649 2292 ἦμεν
3678 2220 3745 2272 ὲν

2163 2324 2278 2385 τοῖς
2327 2322 2532 2385 αὐτοῖς.
2584 2321 2856 2383 Κάκεῖνος
2886 2319 3055 2393 ἀπῄει
3088 2317 3299 2381 λοιπὸν,
3332 2313 3433 2378 τὰς
3480 2312 3745 2373 τοιαύτας

2166 2412 2389 2477 ἐλπίδας
2426 2406 2571 2467 εἶναι
2608 2410 3033 2485 γρηγορούντων
3068 2404 3357 2481 μανθάνων
3382 2406 3633 2462 ἐνύπνια.

2087 2707 2152 2761 iT
2195 2705 2258 2761 ιν

1193 2796 1324 2853 Cum
1352 2797 1603 2853 Cabasila
1646 2806 1694 2853 et
1738 2706 2057 2871 anonyftﬁ:

2195 2706 2258 2764 IV

2164 2767 2362 2857 ’a'lama:
2410 2799 2678 2856 erroribus
2711 2799 3028 2869 disputatio.

555 2916 596 2969 l.
627 2914 839 2977 Elapsis
879 2902 1080 2966 exinde
1112 2910 1432 2982 quindecim
1467 2893 1661 2967 rursus
1712 2911 1931 2978 diebus,
1959 2928 2062 2968 no-

481 3019 723 3063 strorum
778 3004 1082 3058 amicorum
1144 3002 1387 3072 optimus
1444 3002 1534 3056 ille
1563 3001 1843 3058 Cabasilas
1890 3003 2058 3069 venit,

2238 2913 2327 2986 [P.
2362 2911 2489 2986 661]
2520 2915 2624 2977 Λα,
2656 2894 2900 2987 Ἐκεῖθεν
2949 2905 3108 2972 αὖθις
3154 2905 3360 2977 ἡμέραι
3391 2904 3745 2973 παρίππευον

2166 3007 2329 3059 πέντε
2379 3007 2473 3060 καὶ
2523 3005 2677 3070 δέκα,
2731 3004 2827 3057 καὶ⁵
2866 3007 2893 3058 ό
2924 3003 3033 3056 τῶν
3069 3001 3240 3073 φίλων
3285 3000 3421 3070 ἡμῖν
3457 2998 3743 3069 βέλτιστος

485 3094 721 3151 occultis
748 3102 804 3148 ct
831 3091 1002 3147 variis
1041 3100 1157 3145 tum
1190 3091 1533 3160 patriarchae,
1570 3101 1684 3146 tum
1710 3093 2057 3163 imperatoris

2164 3098 2372 3161 ἐκεῖνος
2397 3094 2499 3170 ἦκε
2528 3097 2869 3162 Καϐασίλας,
2901 3095 3177 3166 λαθραίων
3204 3095 3297 3149 καὶ
3326 3093 3592 3146 ποικίλων
3613 3091 3743 3161 βου-

486 3195 723 3241 onustus
752 3183 1025 3249 consiliis,
1057 3191 1221 3252 atque
1266 3182 1390 3238 inde
1415 3183 1726 3253 omnigenis
1759 3185 2054 3250 machinis,

484 3262 635 3331 νεῖαι
657 3275 969 3332 muralibus
998 3273 1326 3344 quibusdam
1357 3276 1668 3340 tormentis,
1704 3276 2007 3333 instructus
2040 3296 2055 3333 :

485 3373 690 3443 quippe
748 3370 845 3440 qui
898 3367 1179 3422 virressct
1232 3366 1569 3438 inteliigens,
1635 3369 1830 3424 avidus
1888 3370 2057 3425 multa

486 3463 709 3535 agendi,
740 3461 1017 3516 variarum
1054 3473 1240 3513 rerum
1271 3458 1510 3528 peritus,
1562 3475 1665 3515 nec
1711 3461 1767 3515 in
1800 3446 2059 3518 civilibus

484 3556 720 3626 negotiis
765 3552 921 3607 rudis
949 3561 1156 3607 orator.
1202 3550 1400 3623 ipsum
1434 3551 1799 3606 comitabatur
1835 3566 1979 3607 unus
2026 3567 2059 3607 θ

486 3643 942 3716 patriarchalium
969 3640 1328 3697 ecclesiarum
1385 3640 1680 3710 praefectis,
1711 3640 1807 3711 qui
1852 3641 2060 3697 nostris

490 3735 815 3790 custodibus
852 3733 966 3804 (isti
996 3747 1163 3802 porro
1192 3740 1352 3787 erant
1383 3732 1560 3787 oculei
1597 3733 1699 3787 toti
1727 3741 1890 3803 atque
1920 3732 2058 3790 adeo

487 3824 792 3896 terribiles)
826 3824 1116 3895 prmcepit,
1176 3833 1237 3878 ut
1271 3822 1465 3877 huicce
1501 3821 1767 3878 Cabasilae
1826 3808 2059 3879 liberum

426 3913 433 3919 ”
489 3920 800 3988 ingressum
856 3914 1196 3985 praeberent.
1262 3912 1368 3969 llic
1411 3923 1621 3983 autem,
1678 3914 1775 3970 ubi
1836 3931 1923 3972 me
1958 3930 2059 3987 pro

490 4022 642 4063 more
671 4022 771 4061 suo
797 4005 1075 4069 salutavit,
1102 4014 1289 4075 postea
1318 4005 1561 4061 demisso
1588 4006 1646 4060 in
1670 4013 1872 4061 terram
1902 4007 2059 4062 vultu

488 4099 740 4154 consedit
769 4116 784 4152 :
813 4103 868 4152 et
903 4095 1111 4167 1051
1140 4096 1267 4166 quia
1292 4095 1492 4151 domus
1527 4111 1661 4153 mea
1693 4097 2057 4153 calamitatem

490 4205 799 4259 novamque
826 4189 1152 4259 tragoediam
1182 4188 1552 4258 conspiceret,
1582 4188 1734 4244 visus
1788 4197 1872 4244 est
1924 4189 2059 4244 mihi

486 4280 612 4350 plus
645 4280 809 4335 solito
840 4277 1196 4346 commoveri,
1231 4287 1395 4350 atque
1439 4279 1564 4335 ideo
1586 4279 1654 4335 ad
1691 4293 1749 4334 se
1801 4293 2059 4336 reversus

460 4373 658 4428 'hocce
685 4372 933 4442 corporis
966 4369 1157 4426 habitu
1190 4371 1425 4439 sedisse,
1461 4386 1658 4427 sensus
1702 4383 1963 4427 externos
1986 4372 2056 4428 ad

2161 3189 2450 3259 λευμάτων
2505 3189 2922 3262 πατριαρχικῶν
2969 3187 3105 3258 ὁμοῦ
3141 3192 3235 3240 και
3273 3183 3571 3257 βασιλικῶν
3605 3188 3742 3236 ἐπα-

2160 3282 2395 3353 γόμενος.
2422 3283 2641 3354 φόρτον,
2672 3282 2767 3336 καὶ
2797 3284 3063 3354 μηχαναῖς
3087 3281 3251 3335 οἱονεί
3274 3296 3417 3333 τισιν
3449 3276 3735 3333 ἑλεπόῖιεσι

2159 3375 2550 3444 πεφραγμένος
2582 3374 2789 3427 ἐκεῖθεν
2820 3373 3210 3434 παντοδαπαῖς,
3237 3371 3334 3423 an
3386 3366 3738 3430 συνετὸςικαὶ

2160 3467 2574 3539 πολυπράγμων
2602 3467 2742 3537 ἀνὴρ
2790 3466 2886 3520 καὶ
2919 3465 3181 3519 ποικίλων
3215 3462 3352 3532 ἴδρις
3389 3461 3739 3530 πραγμάτων

2158 3560 2256 3612 καὶ
2282 3559 2455 3627 λόγων
2479 3558 2775 3612 πολιτικῶν
2795 3575 2808 3589 ·
2837 3560 2932 3612 σὺν
2961 3558 3006 3612 δ’
3035 3557 3184 3626 αὐτῷ
3210 3561 3303 3609 καὶ
3328 3556 3438 3608 τῶν
3462 3568 3742 3624 πατριαρ-

2159 3650 2331 3723 χικῶν
2381 3649 2659 3722 ἀρχόντων
2690 3651 2800 3723 (48)
2833 3645 2934 3715 εἷς,
2984 3652 3098 3712 τοῖς
3146 3648 3449 3708 πανόπταις
3504 3645 3736 3709 ἐκείνοις

2160 3744 2255 3799 καὶ
2284 3745 2478 3808 δεινοῖς
2517 3743 2675 3815 ἡμῶν
2706 3743 2934 3812 φύλαξιν
2964 3742 3244 3796 ἀκώλυτον
3274 3739 3586 3793 ἐπιτάττων
3614 3755 3736 3789 του-

2159 3831 2259 3903 τῳῒ
2287 3833 2384 3903 τὴν
2409 3830 2618 3886 εἴσοδον
2649 3833 2975 3902 παρασχεῖν.
3005 3831 3117 3884 Καί
3148 3847 3238 3900 μοι
3263 3828 3406 3883 κατὰ
3441 3826 3502 3880 τὺ
3545 3824 3740 3888 εἰωθὸς

2162 3918 2500 3991 προσειπὼν,
2559 3916 2681 3972 εἶτα
2719 3918 2942 3973 ἐκάθισε
2994 3918 3173 3988 κύψας
3216 3917 3277 3969 τὸ
3317 3918 3618 3986 πρόσωπον
3656 3915 3742 3978 είς

2160 4002 2287 4085 γῆν.
2325 4013 2483 4083 Ἐμοὶ
2515 4011 2613 4082 μὲν
2639 4007 2733 4065 οὖν
2757 4012 3170 4082 ἐμπαθέστερον
3212 4009 3357 4075 ἔδοξε
3386 4007 3583 4062 τοῦτον
3613 4008 3741 4061 δια-

2159 4104 2410 4174 τεθῆναι,
2438 4101 2538 4174 τὴν
2597 4103 2697 4169 τῆς
2736 4102 2875 4173 ἐμῆς
2934 4100 3112 4164 οἰκίας
3164 4099 3328 4161 εὐθὺς
3389 4100 3740 4168 θεασάμενον

2162 4195 2449 4265 συμφοράν
2476 4193 2573 4248 καὶ
2599 4180 2700 4264 τὴν
2734 4192 2928 4263 καινὴν
2972 4191 3300 4264 τραγῳδίαν,
3335 4191 3432 4243 καὶ
3454 4190 3546 4243 διὰ
3575 4189 3742 4279 τοῦτρ

2159 4283 2283 4337 καθ’
2317 4282 2509 4335 ἑαυτὸν
2540 4280 2837 4351 γενόμενον
2861 4280 2955 4333 ἐπὶ
2990 4278 3178 4334 τούτου
3209 4279 3438 4337 καθίσαι
3474 4277 3571 4330 τοῦ
3603 4277 3741 4347 crqu

2162 4393 2353 4448 ματος,
2401 4376 2582 4444 ἡσυχῇ
2625 4373 2805 4436 πάθος
2860 4374 3033 4442 (ἐντὸς
3068 4373 3167 4436 τὰς
3216 4354 3499 4443 αἰσθήσεις
3535 4372 3615 4434 είς
3666 4371 3741 4425 τά

485 4467 655 4523 animi
681 4472 888 4521 secreta
913 4465 1276 4537 convertisse,
1321 4473 1376 4519 et
1403 4480 1531 4519 cum
1560 4475 1779 4519 nostros
1804 4480 1964 4521 casus
1995 4484 2057 4524 ac

2164 4467 2261 4539 τῆς
2308 4467 2491 4538 ψυχῆς
2529 4467 2818 4538 ἀπόρρητα
2853 4467 3181 4537 στρέψαντα)
3212 4467 3307 4519 καὶ
3355 4464 3455 4528 τὰς
3502 4465 3601 4533 τῆς
3641 4464 3742 4518 τύ-

485 4558 720 4609 [οιιιιιιω
749 4551 1153 4608 vicissitudines
1186 4552 1479 4623 tranquilla
1506 4560 1691 4607 mente
1718 4553 2059 4610 consideras-

488 4654 592 4711 set,
630 4645 686 4700 in
712 4644 831 4700 haec
863 4644 979 4700 fere
1005 4645 1172 4700 verba
1205 4643 1455 4715 erupisse
1480 4658 1495 4701 :
1524 4643 1809 4711 Quomodo
1831 4659 1951 4714 qua:
1981 4654 2061 4702 tot

483 4738 714 4793 vocibus
779 4736 1063 4808 personuit
1113 4736 1334 4801 domus,
1397 4734 1697 4804 derepente
1741 4735 2060 4790 obmutuit?

483 4830 761 4901 quomodo
792 4839 969 4885 coetus
998 4829 1099 4894 illi,
1150 4826 1217 4881 ad
1251 4841 1393 4897 quos
1426 4826 1523 4881 alii
1559 4826 1694 4881 alias
1730 4841 1948 4896 semper
1969 4841 2060 4882 ac—
2104 4840 2105 4843 ‘

482 4922 755 4977 cedebant
781 4920 1080 4990 sapientes,
1133 4918 1411 4989 quomodo
1469 4918 1766 4972 rationales
1821 4917 1901 4972 illi
1930 4932 2061 4972 con-

482 5023 682 5068 ventus
711 5021 767 5067 et
797 5011 1111 5066 veneranda
1139 5009 1231 5064 illa
1262 5010 1564 5065 certamina
1596 5010 1778 5065 subito
1812 5020 2053 5065 evanue-

484 5104 654 5160 runt?
683 5102 958 5173 quomodo
987 5101 1402 5171 disciplinarum
1426 5101 1624 5169 fontes,
1655 5102 1750 5171 qui
1777 5108 1857 5155 tot
1879 5103 2060 5156 scien-

484 5197 689 5252 tiarum
720 5192 928 5249 rivulos
957 5191 1218 5248 omnibus
1280 5191 1608 5259 fundebant,
1662 5208 1809 5247 nunc
1840 5195 1893 5248 in
1933 5209 2061 5264 pro-

2155 4579 2260 4634 χης
2291 4562 2348 4615 ὲν
2380 4560 2457 4631 νῷ
2486 4560 2797 4628 συνορῶντα
2826 4558 3160 4627 μεταϐολάςο
3186 4557 3311 4619 Πῶς
3341 4555 3371 4607 6
3397 4556 3465 4609 τὰ
3504 4557 3737 4608 πλεῖστα

2157 4655 2536 4724 φθεγξάμενος
2583 4645 2731 4714 οἶκος
2792 4649 3069 4720 ἄφθογγος
3126 4650 3389 4725 ἐξαίφνης
3440 4651 3732 4720 κατέστη;

2155 4747 2252 4801 καὶ
2281 4746 2398 4810 πῶς
2429 4745 2486 4798 αἱ
2534 4745 2645 4797 τῶν
2683 4744 2768 4796 ἀεὶ
2823 4743 3161 4813 προσιόντων
3197 4742 3373 4796 ἄλλοτ’
3408 4742 3588 4795 ἄλλων
3642 4759 3734 4795 σοι

2156 4834 2272 4902 φῶν
2305 4831 2589 4885 συναυλίαι
2620 4832 2714 4885 καὶ
2736 4830 2953 4898 λογικαὶ
2976 4830 3313 4901 πανηγύρεις
3335 4834 3431 4882 καὶ
3452 4836 3521 4884 τε
3553 4833 3734 4900 σεμνὰ
3813 4837 3817 4840 ’

2159 4924 2267 4980 τῶν
2301 4926 2531 4993 ἀγώνων
2564 4924 2791 4977 ἐκείνων
2861 4922 3214 4990 παλαίσματα
3265 4923 3475 4993 φροῦδα
3503 4928 3736 4991 γέγονεν

2161 5020 2219 5069 ἐν
2269 5016 2496 5086 βραχεῖς
2541 5015 2636 5069 καί
2682 5013 2797 5077 πῶς
2824 5015 2875 5067 oi
2925 5014 3038 5067 τῶν
3087 5013 3487 5085 μαθηματικῶν
3534 5017 3737 5084 πηγῶν

2159 5106 2476 5175 άταμίευτοι
2507 5104 2707 5175 ῥύακες
2737 5103 2831 5155 νῦν
2860 5103 3166 5173 ἀταμίευτα
3192 5105 3435 5171 σιγῶσαν
3466 5105 3569 5176 τὴν
3600 5107 3740 5177 ἑρηο

2165 5196 2296 5265 μίαν
2331 5195 2670 5264 ἡλλάξαντος
2704 5196 2796 5248 καὶ
2830 5195 2949 5258 πῶς
2991 5195 3040 5248 οἱ
3079 5196 3189 5249 τῶν
3227 5194 3560 5265 πολλαχόθεν
3591 5200 3738 5251 άπο-

1711 5344 1735 5353 α
1832 5309 2162 5373 Variorum
2211 5320 2400 5375 notae.

552 5416 665 5486 (i7)
702 5412 909 5486 llorutn
943 5413 1240 5486 verborum
1293 5413 1384 5486 hic
1415 5412 1635 5486 videtur
1659 5426 1783 5486 esse
1836 5427 2051 5477 sensus,

478 5481 633 5541 illum
647 5481 970 5555 discipulum
1001 5484 1131 5537 adeo
1157 5500 1213 5536 se
1243 5484 1311 5536 ad
1341 5484 1634 5555 exemplum
1662 5481 1813 5537 Iuda:
1841 5490 2052 5545 conmo-

477 5558 663 5619 suisse,
695 5563 751 5607 ut
778 5553 839 5609 ne
868 5564 980 5607 tum
1010 5554 1240 5623 quidem,
1289 5568 1406 5606 cum
1429 5553 1663 5606 habitum
1706 5556 2053 5623 moimsticum

479 5626 755 5691 induisset,
801 5622 1042 5693 magistri
1103 5625 1297 5693 proditi
1318 5626 1516 5678 crimen
1564 5623 1726 5676 solius
1757 5622 1910 5677 Judw
1930 5639 2054 5693 pro-

2151 5415 2328 5485 prium
2359 5432 2470 5470 esse
2496 5415 2735 5470 voluerit.
2768 5416 2981 5472 Bomn.

2225 5485 2336 5565 (liii)
2372 5486 2505 5542 Vide
2543 5487 2702 5541 Goari
2734 5487 3032 5559 Eucholog.
3060 5500 3183 5558 pag.
3213 5485 3319 5541 268
3344 5497 3400 5542 et
3428 5502 3547 5561 seq.
3583 5488 3739 5551 Cu-

2152 5572 2371 5609 PEIRUNN.
