4018 6206
272 433 409 497 1:320
534 480 545 493 .
666 428 1042 503 [Α.ε.155’1]

1272 436 2121 504 ΒΥΖΑΝΤΙΝΑΞΗΙδΤΟΙΠΕ
2170 446 2315 508 LIB.
2351 449 2540 511 xxn.
2620 443 2748 516 [mm
2789 463 2833 501 ι-
2871 461 3166 501 mmvz-
3212 445 3263 518 ὕ]

267 557 398 627 ριῶν
431 555 526 609 καὶ
553 554 764 609 λύσεων
796 556 894 625 τῆς
928 556 1363 627 ἁστροθεάμονος
1401 558 1595 627 σοφίας
1622 558 1831 612 δίαυλοι

1947 562 2159 617 Γυηιίειιιι
2200 573 2256 619 et
2289 565 2505 619 tacitam
2555 566 2906 621 solitudinem
2970 566 3294 621 commutati
3347 569 3516 621 sunt?

216 668 229 695 ι
262 647 356 699 νῦν
386 648 446 699 ἐν
475 650 588 710 τοῖς
622 648 719 715 τῆς
738 648 907 719 λήθης
937 648 1252 718 ὲκρύϐησαν
1275 649 1504 718 τάφοις;
1547 650 1706 719 Ἐμοὶ
1736 650 1838 719 μὲν

262 733 357 792 οὖν
410 738 615 791 τοιαῦτ’
661 739 834 791 ἐδίδου
869 740 930 792 τδ
965 740 1150 809 σχῆμα
1183 740 1274 793 τοῦ
1311 742 1467 810 φίλου
1496 741 1835 811 λογίζεσθαι,

265 832 362 882 καὶ
390 832 491 884 ὅσα
524 830 693 884 πλείω
724 832 933 896 τούτοις
963 831 1179 887 ἕπεται.

334 1093 409 1150 B’.
444 1096 535 1148 Διδ
565 1097 661 1149 καὶ
688 1094 868 1162 λέγειν
889 1095 1194 1166 ἀρξάμενος
1229 1095 1406 1165 ἔγωγε
1440 1098 1567 1166 περὶ
1601 1097 1701 1167 μὲν
1726 1096 1837 1152 τῶν

262 1188 550 1259 ἡμετέρων
575 1188 811 1241 ’Ἥκιστά
866 1204 950 1251 σε,
991 1187 1404 1259 φίλωπίᾶριστε,
1456 1188 1835 1258 χαλεπαίνειν,

261 1279 525 1346 ἔφασκον,
562 1274 698 1331 εἶναι
735 1277 932 1346 χρεὼν,
961 1278 1083 1334 ἐπεὶ
1135 1278 1302 1348 μηδὲν
1343 1278 1449 1330 τῶν
1481 1279 1539 1331 ὲν
1573 1276 1674 1349 βίῳ
1706 1294 1837 1350 χρη..

266 1368 411 1422 στῶν
464 1369 665 1438 ἀμιγὲς
714 1368 823 1421 οὐδ’
861 1368 1101 1439 ἄκρατον
1152 1369 1267 1438 ἔχει
1320 1368 1382 1422 τὸ
1418 1371 1643 1440 χαῖρον·
1700 1366 1840 1422 ἀλλὰ

265 1456 533 1530 μέμικται
576 1461 753 1514 πάντα
793 1458 933 1529 πρὸς
980 1459 1074 1513 τοῦ
1123 1458 1280 1525 Θεοῦ,
1334 1459 1586 1530 καθάπερ
1632 1459 1838 1530 χαλινῷ

261 1570 372 1606 τινι
397 1535 797 1623 τῆν’διαμονὴν
829 1552 925 1604 τοῦ
971 1554 1187 1622 φρονεῖν
1235 1554 1294 1604 ὲν
1330 1551 1551 1621 μέτροις
1581 1551 1840 1622 κατέχον-

261 1662 352 1707 τος
376 1660 394 1677 ·
425 1641 563 1696 εἶναι
597 1644 705 1714 γὰρ
753 1644 1124 1714 παγχάλεπον,
1170 1643 1463 1714 εὐροοῇντα
1506 1646 1622 1708 ταῖς
1649 1647 1840 1713 ἁμωσ-

262 1736 451 1804 γέπως
501 1733 973 1805 μακαριζομέναις
1012 1734 1208 1804 τύχαις
1266 1733 1360 1787 τοῦ
1401 1733 1521 1804 βίου
1555 1734 1741 1804 μένειν
1779 1733 1838 1787 ὲν

264 1828 343 1898 τῷ
374 1826 683 1882 καθεστῶτι
720 1824 813 1879 τοῦ
864 1826 1055 1897 ἧθους.
1088 1826 1223 1894 Περὶ
1252 1825 1310 1879 δὲ
1342 1825 1437 1880 σοῦ
1488 1842 1579 1896 μοι
1625 1825 1839 1895 θαυμά-

266 1920 385 1985 ζειν
414 1918 615 1982 ἔπεισι,
653 1920 771 1982 πῶς
803 1918 1058 1972 τοσούτου
1085 1919 1354 1989 χειμῶνος
1376 1918 1443 1973 τὰ
1473 1919 1570 1988 τῆς
1612 1919 1842 1989 Ἐκκλη-

267 2012 392 2074 σίας
413 2009 749 2079 ταράξαντος
770 1992 1037 2079 δόγματα,
1062 2012 1261 2085 ἥκιστα
1287 2010 1580 2079 γινώσκειν
1606 2011 1691 2081 [Ρ.
1711 2000 1840 2084 662]

264 2106 381 2166 τοῖς
423 2102 593 2173 φίλοις
632 2105 783 2174 ἡμῖν,
815 2097 897 2166 οἷς
935 2102 1003 2156 τὰ
1038 2104 1278 2174 μάλιστα
1315 2104 1540 2174 θαρρεῖν
1587 2105 1799 2167 ἐδόκεις
1823 2144 1837 2170 ,

265 2195 421 2250 οῡπω
460 2195 701 2259 δέδωκας
751 2197 883 2266 ἡμῖν
914 2195 1069 2249 οὐδὲν
1124 2196 1355 2266 ἀκριϐές
1386 2214 1401 2228 ο
1434 2180 1569 2251 ἀλλ’
1616 2198 1842 2268 ἀφῆκας

267 2287 643 2351 παντοδαπαῖς
693 2287 1000 2341 πλανᾶσθαι
1054 2289 1285 2358 φήμαις,
1322 2289 1417 2341 καὶ
1446 2290 1839 2358 ἀμφισϐητεῖν,

268 2381 504 2451 πότερον
532 2381 643 2442 τοῖς
682 2380 829 2448 ὅροις
874 2378 1105 2442 ἐκείνοις
1138 2380 1399 2447 ἐμμένεις
1431 2383 1526 2434 καὶ
1555 2383 1642 2445 σὺ,
1668 2382 1840 2435 καθάο

271 2489 381 2543 περ
405 2473 573 2541 ἡμεῖς
599 2487 614 2502 ⁸
641 2471 675 2542 ἢ
705 2469 959 2539 καθάπερ
1007 2469 1232 2538 θυέλλης
1264 2473 1361 2541 τῆς
1411 2475 1526 2536 τοῖς
1576 2472 1844 2543 δόγμασιν

268 2563 627 2634 ὲνσκηψάσης
672 2562 768 2616 νῦν
803 2561 1141 2630 καταιγίδος,
1176 2562 1268 2614 καὶ
1303 2562 1480 2616 ἄλλων
1529 2563 1716 2618 ἄλλοθι
1750 2581 1845 2635 φεο

270 2656 544 2728 ρομένων,
579 2653 833 2724 καθάπερ
868 2653 976 2707 τῶν
1012 2654 1212 2709 πλοίων
1241 2654 1312 2707 τὰ
1340 2656 1709 2725 ἀκυϐέρνητα,
1748 2658 1844 2725 φέ-

271 2765 384 2820 ρων
435 2749 530 2800 καὶ
576 2745 643 2799 σὺ
691 2746 894 2799 σαυτὸν
930 2748 1044 2809 τοῖς
1094 2746 1360 2811 ἐναντίοις
1390 2747 1715 2819 ὲπέῥριψας,
1747 2748 1844 2803 καὶ

269 2822 522 2909 γλώττης
552 2836 786 2905 ἀφειδῶς
822 2836 945 2890 καθ’
974 2838 1131 2909 ήμῶν
1162 2838 1363 2908 ὁμοίως
1397 2837 1539 2908 ἔχεις
1591 2840 1842 2901 ἐκείνοις.

269 2930 471 2983 Καίτοι
509 2931 562 2998 γ’
592 2928 838 2996 ἀνάγκην
871 2927 1050 2997 ἥκιστ’
1085 2926 1247 2997 ίσμεν
1292 2927 1550 2997 οὐδεμίαν
1600 2926 1692 2999 βίᾳ
1746 2942 1847 2979 πε-

276 3020 524 3093 ριοῦσαν,
557 3019 768 3073 πείθειν
816 3022 884 3088 τῇ
938 3018 1209 3091 θρησκείᾳ
1241 3020 1337 3073 καὶ
1365 3020 1467 3088 τὴν
1497 3018 1677 3087 φιλίαν
1706 3017 1845 3088 ὁμοῦ

274 3112 689 3178 συνεξίστασθαι
715 3127 730 3143 ’
757 3112 879 3165 ἐπεὶ
902 3113 997 3165 καὶ⁸
1028 3110 1302 3177 Λιϐάνιον,
1324 3111 1563 3182 Ἕλληνα
1588 3111 1687 3184 τὴν
1715 3111 1847 3184 θρη-

1940 655 2216 725 quomodo
2246 656 2485 727 denique
2542 658 2650 713 illa:
2700 658 2933 713 subinde
2986 668 3337 732 recurrentes
3366 674 3516 728 quae

1939 746 2179 803 stionum
2209 762 2273 802 ac
2297 749 2630 803 solutionum
2662 749 3161 804 astronomicarum
3228 751 3505 804 exercita-

1939 838 2118 892 tiones
2144 837 2255 907 jam
2284 839 2559 894 oblivione
2585 840 2776 895 deletae
2797 832 2958 897 sunt?
2981 840 3126 907 lltrc,
3160 851 3214 894 et
3231 840 3334 895 alia
3357 841 3511 910 plura

1939 926 2026 982 his
2057 930 2382 995 consimilia,
2434 930 2586 986 'mihi
2644 932 2931 1002 cogitanda
2991 931 3284 1002 objicicbat
3350 931 3512 987 amici

1889 1036 1897 1049 ι
1939 1017 2110 1071 nostri
2146 1019 2383 1074 habitus.

2009 1105 2078 1160 ll.
2115 1106 2302 1179 itaque
2324 1111 2471 1180 loqui
2494 1127 2746 1180 exorsus,
2783 1132 2802 1166 ι
2837 1113 3192 1170 Calamitates
3245 1116 3509 1186 (inquam)

1939 1206 2157 1252 nostras
2189 1215 2334 1269 aegre
2359 1200 2503 1257 ferre
2532 1217 2641 1257 non
2692 1202 2881 1271 debes,
2932 1206 3233 1260 amicorum
3285 1207 3511 1275 optime,

1937 1289 2387 1360 quandoquidem
2412 1293 2621 1349 nullum
2651 1304 2735 1351 est
2762 1296 2866 1351 hac
2896 1297 2950 1351 in
2991 1297 3104 1351 vita
3137 1295 3510 1360 commodum,

1937 1383 2083 1451 quod
2107 1397 2300 1454 puram
2334 1399 2391 1440 et
2416 1386 2574 1455 plane
2631 1386 2904 1442 sinceram
2962 1388 3206 1442 iustitiam
3261 1387 3453 1442 aderat
3487 1402 3503 1439 :
3540 1377 3548 1387 ’

1937 1472 2071 1542 quin
2106 1474 2218 1528 imo
2240 1473 2385 1530 Deus
2418 1478 2603 1532 omnia
2652 1479 3020 1543 commiscuit,
3092 1488 3256 1548 atque
3307 1478 3379 1532 ita
3414 1493 3512 1531 nos
3542 1462 3547 1465 ί

1939 1563 2097 1618 freno
2119 1564 2358 1632 quodam
2393 1576 2615 1622 coercet
2646 1585 2661 1633 ;
2694 1584 2762 1623 ne
2786 1568 2915 1638 quid
2949 1569 3134 1634 nimis,
3167 1568 3260 1624 sed
3294 1567 3359 1622 ad
3395 1584 3513 1621 me—

1937 1652 2287 1710 diocritatem
2317 1669 2538 1725 semper
2561 1657 2862 1727 sapiamus.
2888 1657 2949 1712 Si
2975 1658 3099 1727 quis
3130 1658 3277 1712 enim
3312 1667 3511 1711 utcun-

1939 1761 2047 1817 que
2069 1746 2351 1817 prosperis
2408 1747 2645 1803 fortunaa
2697 1748 2920 1803 ﬂatibus
2953 1722 3168 1809 utatur.
3230 1749 3278 1802 is
3344 1747 3512 1801 animi

1940 1852 2265 1908 morumque
2295 1838 2660 1894 constant-iam
2689 1839 3002 1894 difﬁcillime
3033 1848 3350 1894 conservat.
3374 1837 3510 1891 Illud

1941 1937 2126 1995 autem
2160 1929 2294 1983 mihi
2321 1929 2623 1998 permirum
2688 1928 2910 1994 accidit,
2968 1927 3115 1997 quod
3173 1941 3296 1981 cum
3363 1935 3510 1979 tanta

1944 2024 2237 2086 tempestas
2262 2017 2517 2072 Ecclesiae
2547 2016 2799 2085 dogmata
2832 2018 3190 2086 perturbarit,
3223 2031 3324 2071 nos
3372 2014 3513 2068 ami-

1942 2124 2037 2167 cos
2070 2117 2196 2165 tuos
2217 2150 2233 2176 ,
2270 2109 2471 2178 quibus
2522 2108 2804 2164 conﬁdere
2855 2110 3090 2163 maxime
3122 2108 3333 2178 1052
3364 2107 3517 2161 vide-

1941 2201 2111 2266 baris,
2144 2201 2380 2256 necdum
2410 2202 2606 2257 feceris
2638 2201 2922 2263 certiores,
2965 2200 3059 2255 sed
3105 2201 3271 2254 variis
3308 2201 3413 2253 huc
3446 2199 3513 2251 il-

1941 2293 2033 2348 luc
2082 2293 2283 2349 abduci
2335 2292 2658 2348 rumoribus
2715 2301 2772 2346 et
2830 2291 3091 2347 dubitare
3168 2291 3511 2362 permiseris,

1944 2392 2153 2449 utrum,
2184 2382 2643 2454 quemadmodum
2679 2397 2801 2447 nos,
2835 2390 2892 2436 tu
2920 2397 3140 2452 quoque
3193 2382 3245 2435 in
3283 2381 3390 2436 illis
3422 2381 3517 2433 de-

1944 2475 2288 2531 ﬁnitionibus
2319 2491 2683 2545 permaneas;
2714 2492 2784 2531 an
2812 2490 2966 2539 vero,
3009 2488 3132 2527 cum
3166 2473 3333 2526 veluti
3391 2486 3517 2542 pro-

1944 2568 2078 2622 cella
2100 2568 2348 2637 quaedam
2381 2569 2679 2625 vehemens
2707 2568 2960 2625 Ecclesiae
2987 2567 3330 2639 dogmatibus
3361 2567 3517 2621 incn-

1904 2692 1907 2693 ν
1947 2659 2149 2724 buerit,
2177 2666 2233 2713 et
2272 2658 2363 2713 alii
2399 2659 2505 2714 alio
2558 2660 2808 2716 ferantur
2840 2659 2909 2715 de
2943 2674 3095 2715 more
3149 2659 3512 2730 navigiorum,

1946 2766 2069 2822 quae
2100 2739 2717 2821 gubernaculo'carent,
2767 2753 2820 2807 in
2854 2731 3298 2808 adversariorum
3330 2761 3518 2822 partes

1946 2854 2000 2899 te
2026 2845 2206 2914 ipsum
2239 2844 2567 2915 conjeceris,
2601 2858 2892 2915 necparce
2950 2843 3191 2914 linguam
3250 2842 3518 2897 adversus

1945 2948 2050 2989 nos
2073 2948 2259 3000 acuas,
2282 2934 2519 2988 sicutilli
2538 2933 2806 2990 hactenus
2830 2943 3120 2990 acuerunt.
3148 2932 3308 3003 Atqui
3334 2942 3512 2988 tamen

1947 3025 2155 3081 nullam
2186 3025 2445 3080 novimus
2469 3040 2596 3080 esse
2622 3025 3033 3090 necessitatem,
3092 3040 3215 3095 qua:
3245 3025 3426 3094 adigat
3456 3034 3519 3076 ut

1950 3117 2115 3173 simul
2174 3132 2301 3173 cum
2376 3116 2641 3189 religione
2689 3117 2928 3173 amicitia
2986 3116 3103 3187 ipsa
3171 3117 3514 3186 deponatur;

275 3207 468 3261 σκείαν
505 3207 658 3271 ὄντα,
694 3205 959 3274 Βασιλείῳ
981 3204 1136 3273 φίλον
1160 3199 1301 3258 εἶναι
1334 3205 1462 3276 ἐνῆν
1492 3205 1570 3274 τῷ
1595 3204 1840 3275 μεγάλῳ·

1948 3205 2390 3277 quandoquidem
2430 3204 2684 3270 Libanio,
2710 3206 2944 3262 ethnictc
2976 3207 3259 3278 religionis
3291 3204 3540 3269 cultori,

275 3301 373 3353 xci.
397 3298 658 3352 τοιούτων
685 3298 714 3349 ό
735 3294 859 3367 βίος
891 3299 1052 3367 γέμει
1078 3295 1428 3366 παραϐολῶν.
1461 3297 1699 3364 "Enen-3,
1725 3297 1847 3351 οὐδὲ

277 3391 471 3455 θέλων,
514 3390 591 3461 τῷ
656 3389 892 3459 Παλαμᾷ
974 3388 1365 3459 προστίθεσθαι
1422 3388 1710 3460 δυνηθείης
1758 3390 1846 3445 ἄν.

276 3482 453 3537 Οἶσθα
480 3485 587 3552 γὰρ
620 3482 695 3546 ὡς
734 3483 959 3554 Ἰωάννῃ
991 3480 1068 3551 τῷ
1123 3481 1442 3554 πατριάρχῃ
1478 3480 1640 3545 ζῶντι
1676 3483 1849 3553 συχνὰ

276 3577 375 3629 καὶ
410 3577 549 3643 μετά
576 3590 640 3642 γε
662 3573 861 3645 πολλῆς
890 3574 991 3643 τῆς
1039 3571 1224 3635 αίδοῧς
1256 3571 1519 3642 προσιὼν,
1552 3572 1715 3627 αὐτὸν
1748 3574 1847 3644 μὲν

276 3665 394 3725 τοῖς
423 3662 599 3729 ἁγίοις
631 3662 953 3725 συνέταττες
982 3661 1132 3725 ὅλαις
1174 3662 1462 3730 προθέσεσι
1502 3663 1601 3732 τῆς
1629 3662 1809 3735 ψυχῆς
1828 3680 1848 3699 θ

281 3755 552 3823 Παλαμᾶν
611 3753 657 3807 δ’
705 3753 841 3825 ὁμοῦ
896 3752 1108 3824 βασιλεῖ
1154 3753 1596 3825 Καντακουζηνῷ
1650 3755 1853 3819 πάσαις

279 3844 509 3908 ἔπλυνες
538 3843 726 3916 ὕϐρεσι
754 3844 970 3915 νύκτωρ
1020 3843 1114 3897 καὶ
1150 3843 1272 3913 μεθ’
1311 3844 1546 3914 ἡμέραν,
1598 3843 1695 3898 καὶ
1726 3846 1851 3898 ἀσε-

284 3937 397 3989 ϐῶν
426 3936 820 4007 ἀσεϐεστέρους
852 3936 1109 3989 ἁπάντων
1138 3934 1355 3998 ἐκάλεις
1376 3949 1392 3968 ο
1425 3935 1522 3988 καί
1568 3952 1723 4005 σφισι
1753 3953 1853 3996 τα-

283 4029 385 4099 χὺν
414 4029 505 4081 τὸν
537 4026 846 4097 ἀφανισμὸν
879 4027 1097 4081 ἔσεσθαι
1150 4024 1456 4098 προῦλεγες
1481 4041 1497 4059 ο
1546 4025 1621 4090 ὡς
1654 4027 1854 4097 ἥκιστα

287 4122 439 4193 μάλα
472 4103 554 4175 σοι
584 4120 976 4190 περιίστασθαι
1007 4117 1125 4182 νῦν,
1155 4119 1252 4189 τὴν
1282 4118 1421 4190 πρὸς
1453 4119 1719 4173 τάναντία
1758 4138 1857 4192 με-

286 4213 525 4283 ταϐολὴν
551 4204 925 4282 ἁρμόττουσαν
964 4205 1129 4271 εἶναι,
1166 4209 1438 4274 συνέσεως
1465 4213 1609 4265 οὕτω
1639 4212 1733 4266 καί⁸
1764 4210 1857 4279 γή-

1948 3298 2188 3353 amleitia
2241 3312 2364 3352 cum
2399 3312 2596 3368 magno
2668 3297 2870 3352 Basilio
2904 3312 3027 3353 esse
3085 3296 3302 3367 potuit:
3333 3305 3389 3351 et
3415 3297 3518 3350 hu-

1948 3394 2108 3442 mana
2133 3387 2246 3441 vita
2304 3385 2620 3457 huiusmodi
2656 3387 2922 3455 exemplis
2973 3386 3172 3441 referta
3201 3396 3305 3441 est.
3362 3385 3517 3440 Adde

1952 3479 2098 3550 quod
2131 3479 2377 3543 Palamte,
2410 3494 2513 3535 nec
2533 3480 2578 3534 si
2606 3478 2743 3533 velis
2773 3478 3016 3548 quidem,
3050 3479 3301 3532 assentiri
3327 3492 3519 3548 queas.

1952 3572 2110 3636 Nam,
2146 3581 2207 3626 ut
2252 3571 2420 3634 nosti,
2479 3571 2544 3625 ad
2600 3571 2866 3627 Joannem
2928 3570 3294 3640 patriarcham
3352 3569 3521 3622 multa

1953 3677 2077 3717 cum
2108 3661 2416 3716 reverentia
2446 3676 2588 3730 saepe
2610 3661 2912 3725 accessisti,
2940 3677 3178 3731 eumque
3199 3669 3310 3716 tota
3344 3661 3524 3715 inten-

1955 3754 2103 3809 tione
2155 3752 2322 3808 animi
2381 3754 2589 3808 sanctis
2644 3752 3093 3818 adnumerabas;
3152 3754 3206 3807 in
3248 3753 3521 3806 Palamam

1955 3855 2136 3901 autem
2165 3855 2224 3901 et
2260 3846 2645 3915 imperatorem
2670 3844 3118 3900 ‘Cantacuzenum
3148 3844 3333 3899 omnia
3351 3845 3525 3899 male-

1956 3937 2105 3992 dicta
2154 3936 2249 3991 diu
2278 3943 2557 4004 noctuque
2583 3934 2928 3991 conferebas.
2989 3935 3340 3991 Vocabantur
3368 3935 3459 3989 isti
3493 3950 3523 3989 a

1956 4037 2010 4083 te
2041 4028 2288 4082 omnium
2319 4026 2615 4096 impiorum
2642 4026 2880 4081 maxime
2908 4027 3062 4095 impii
3100 4045 3114 4081 :
3168 4042 3308 4097 quos
3357 4026 3518 4081 etiam

1956 4119 2024 4173 de
2045 4117 2227 4172 medio
2248 4116 2547 4173 confestim
2594 4117 2870 4172 sublatum
2933 4117 3000 4173 iri
3037 4118 3411 4187 praedicebas:
3443 4119 3516 4170 ita

1952 4219 2016 4265 ut
2047 4225 2157 4264 non
2197 4210 2434 4281 amplius
2457 4210 2572 4281 jam
2608 4217 2661 4264 te
2692 4208 2884 4264 deceat
2944 4209 2998 4264 in
3028 4211 3256 4265 alteram
3306 4219 3517 4279 partem

3377 450 3515 516 1330
3582 490 3593 499 -

287 4324 399 4378 ρως
435 4306 629 4376 ἔχοντι,
667 4304 761 4358 καὶ
796 4304 1031 4374 συνορᾷν
1072 4302 1358 4372 δυναμένῳ
1384 4302 1481 4371 τῆς
1509 4300 1769 4373 αἰσχύνης
1794 4301 1851 4354 τὸ

1957 4307 2224 4368 converti,
2259 4315 2387 4358 cum
2422 4310 2628 4356 tantam
2659 4301 3005 4371 prudentiam
3071 4309 3128 4357 et
3179 4310 3518 4356 senectutem

288 4396 545 4468 μέγεθος.
606 4397 766 4449 Ποῖον
809 4396 917 4465 γὰρ
972 4395 1051 4448 ἔτι
1101 4394 1291 4465 χρόνον
1346 4393 1455 4446 τῶν
1504 4392 1851 4463 καθηκόντων

1955 4392 2187 4462 adeptus
2212 4391 2403 4458 fueris,
2435 4401 2493 4447 et
2525 4391 2685 4447 facile
2713 4393 3004 4463 perpicere
3026 4393 3231 4457 valeas‘,
3258 4402 3522 4462 quantum

285 4492 559 4559 ἁναμενεῖ
595 4506 681 4551 τις
731 4487 1059 4558 σύμϐουλον,
1089 4489 1148 4540 ὲν
1195 4486 1424 4556 τοιαύτῃ
1456 4485 1695 4552 γεγονὼς
1737 4486 1851 4555 ἡλι-

1961 4483 2016 4537 in
2050 4492 2101 4538 te
2127 4481 2368 4538 dedecus
2393 4483 2590 4538 exinde
2617 4483 2689 4539 sit
2718 4483 3183 4541 redundaturum.
3240 4484 3343 4552 Qui
3374 4485 3519 4539 enim

287 4541 383 4651 κίᾳ
404 4541 553 4647 ΞΚαί
579 4541 781 4642 πάσαις
804 4541 907 4646 μὲν
928 4541 1300 4648 γὰρ-ἡλικίαις
1323 4541 1624 4645 καλιτύχαις
1643 4541 1851 4645 ἀνάγκη

1960 4590 2027 4631 εο
2056 4575 2234 4629 aetatis
2259 4583 2551 4644 provectus
2573 4584 2681 4640 est,
2722 4575 2883 4644 quale
2917 4585 3131 4645 tempus
3156 4575 3521 4644 exspectabit,

288 4671 456 4739 φόϐον
485 4664 623 4722 εἶναι
652 4668 904 4732 θανάτου,
932 4667 1175 4738 ἀγνωσία
1201 4669 1439 4738 μυστικῇ
1475 4668 1601 4731 τοὺς
1627 4666 1861 4729 κανόνας

288 4763 425 4832 ἡμῖν
462 4762 561 4830 τῆς
592 4760 739 4831 ζωῆς
773 4758 866 4812 τοῦ
912 4759 1047 4812 Θεοῦ
1094 4759 1592 4827 συγκαλύπτοντος,
1624 4758 1860 4829 μάλιστα

289 4852 348 4903 δὲ
380 4854 492 4914 τοῖς
527 4854 620 4904 τὸν
652 4850 878 4919 ἔσχατον
915 4849 1087 4917 οὕτως
1114 4849 1240 4919 ὅρον
1266 4850 1362 4919 τῆς
1392 4848 1613 4919 ἡλικίας
1663 4864 1860 4920 σκηνο-

289 4943 590 4996 ϐατοῦσινθ
623 4942 710 4994 ὅτε
754 4939 991 5011 μάλιστα
1046 4940 1141 4993 καὶ
1189 4939 1288 5010 τῆς
1342 4939 1527 5010 ἀκμῆς
1582 4939 1856 5010 ὲκείνηςή

289 5037 603 5104 πανήγυρις
639 5033 741 5105 ἤδη
774 5033 1082 5099 σϐέννυται,
1130 5034 1225 5085 καὶ
1264 5033 1325 5085 τὸ
1365 5033 1474 5086 τῶν
1503 5032 1735 5103 μακρῶν
1764 5032 1853 5086 ὲλ-

290 5132 466 5185 πίδων
494 5130 568 5192 ὡς
600 5130 668 5183 τὰ
690 5128 861 5182 πολλὰ
889 5127 1231 5199 παρατρέχει
1255 5127 1503 5198 θέατρον.
1537 5116 1602 5180 Ὃ
1631 5126 1693 5197 δὴ
1724 5125 1863 5180 κάπὶ

290 5222 418 5278 νοῦν
451 5224 536 5277 ἀεί
573 5241 662 5294 μςνι
693 5222 975 5292 στρέφοντι
1008 5219 1113 5274 τῶν
1147 5217 1605 5291 ἀνδριαντοποιῶν
1649 5215 1763 5287 (49)
1802 5231 1862 5269 τε

292 5319 391 5370 καὶ
422 5316 528 5368 τῶν
559 5314 867 5384 ζωγράφων
902 5313 1143 5375 ἐκείνους
1174 5311 1331 5382 ἐπῄει
1382 5308 1709 5377 θαυμάζειν,
1745 5308 1859 5361 ὅσοι

291 5407 395 5476 τῆς
423 5407 683 5477 χρονικῆς
716 5404 964 5476 περιόδου
1001 5402 1061 5456 τὸ
1093 5403 1257 5471 τάχος
1298 5400 1583 5469 μιμεῖσθαι
1630 5397 1718 5450 διὰ
1763 5397 1863 5465 τῆς

292 5500 493 5570 τέχνης
547 5498 822 5560 ἐθέλοντες
874 5496 1039 5562 ἄνδρα
1092 5492 1336 5546 ποιοῦσιν
1384 5486 1860 5558 όπισθοφάλακρον

300 5591 403 5664 μὲν
435 5593 509 5656 ὡς
546 5592 773 5657 ἐπίπαν,
814 5590 876 5643 ού
903 5590 944 5642 δ’
970 5583 1375 5652 ἁναφαλαντίαν
1396 5599 1408 5612 ’
1441 5580 1578 5635 ἀλλὰ
1610 5580 1862 5647 μέτωπον

1957 4663 2105 4734 quod
2129 4677 2255 4717 eum
2279 4663 2363 4717 sui
2394 4662 2559 4718 cilicii
2598 4662 2931 4720 admoneat?
2970 4663 3106 4718 Nam
3163 4679 3288 4717 cum
3344 4664 3525 4718 omnis

1956 4756 2136 4811 aetatis
2168 4763 2225 4811 et
2247 4754 2485 4809 fortunae
2510 4754 2833 4812 hominibus
2863 4756 3103 4811 timenda
3133 4755 3206 4810 sit
3237 4769 3407 4819 mors,
3458 4769 3524 4811 eo

1958 4849 2106 4919 quod
2130 4847 2256 4903 vita:
2284 4854 2487 4901 nostrae
2517 4855 2695 4902 metas
2755 4847 2984 4917 mystica
3015 4845 3250 4916 quadam
3302 4845 3525 4917 ignora-

1956 4939 2109 4993 tione
2135 4937 2281 4992 Deus
2306 4936 2598 5002 obvelarit,
2638 4944 2752 4991 tum
2786 4936 3021 4990 maxime
3050 4936 3117 4989 iis
3152 4936 3397 4991 timenda
3417 4944 3523 4999 est,

1957 5026 2051 5098 qui
2081 5025 2293 5098 1053
2324 5026 2619 5081 terminum
2656 5027 2778 5082 vitae
2809 5036 2865 5083 et
2919 5027 3176 5081 ultimum
3231 5041 3413 5082 actum
3445 5027 3527 5082 sic

1957 5117 2107 5173 velut
2145 5117 2397 5177 inscena
2422 5116 2702 5187 produnt:
2735 5118 2955 5188 quando
3010 5118 3315 5188 praesertim
3375 5116 3523 5171 festi-~

1957 5226 2060 5266 vus
2086 5210 2175 5265 ille
2206 5210 2362 5280 vigor
2390 5210 2568 5264 astatis
2599 5209 2987 5280 exstinguitur,
3011 5224 3067 5264 et
3111 5225 3233 5279 qum
3276 5224 3376 5263 nos
3429 5209 3525 5263 diu

1958 5317 2085 5373 spes
2111 5302 2385 5372 praeclara:
2409 5301 2678 5363 luserant,
2713 5316 2900 5356 earum
2936 5302 3049 5357 fere
3075 5302 3352 5357 theatrum
3388 5317 3526 5371 prae-

1963 5394 2272 5450 terlabitur.
2333 5392 2488 5458 Quod
2520 5393 2702 5448 animo
2741 5393 2872 5448 dum
2921 5409 3139 5464 semper
3184 5409 3396 5449 mecum
3428 5409 3526 5445 vo-

1962 5484 2098 5551 luto,
2130 5484 2423 5539 statuarios
2479 5484 2600 5539 illos
2659 5492 2716 5538 et
2765 5484 3006 5553 pictores
3037 5482 3302 5541 admirari
3357 5482 3524 5545 subit.

1965 5576 2062 5645 qui
2122 5575 2366 5632 velocem
2404 5576 2782 5632 convertentis
2833 5590 2954 5635 sese
3007 5576 3268 5646 temporis
3302 5590 3524 5631 cursant

1608 5719 1937 5779 Variorum
1985 5720 2172 5775 nota).

377 5868 488 5940 (49)
530 5869 619 5923 Sic
666 5882 827 5937 supra
858 5865 954 5920 lib.
992 5877 1110 5927 xm,
1165 5874 1284 5929 cap.
1322 5854 1372 5924 Al,
1410 5864 1541 5913 sccl.
1590 5856 1636 5910 -l.
1664 5853 1999 5909 Carrunoxx.
