4088 6212
256 424 263 438 θ
323 403 458 469 1337
695 396 769 472 [Α.
799 414 851 456 c.
882 396 1039 471 1551]

1254 401 1696 464 BYZANTlN/E
1735 398 2124 462 HlSTORI/E
2165 401 2314 463 LIB.
2347 399 2540 461 XXII.

2670 394 2805 467 [ιιιιτ.
2834 409 2879 449 ι.
2912 408 3213 449 ’(ᾺΝἹἊΟΕΖ.
3251 395 3308 463 51
3428 397 3563 458 i333

319 538 461 590 μεως
492 520 588 574 καὶ
621 519 824 590 ἰσχύος,
859 520 987 574 ἀνευ
1020 520 1210 583 οὐσίας
1245 521 1380 591 πρὸς
1407 522 1555 591 ἡμᾶς
1590 528 1875 588 κατιουσης

1990 518 2084 574 Dei
2123 520 2381 574 tht'onnm
2432 534 2582 575 sacra
2616 518 2902 589 Scriptura
2954 517 3191 585 vocavit)
3233 515 3565 586 participare

315 613 556 682 ἑκάστης
591 613 687 666 καὶ
720 612 981 681 ποιούσης
1014 611 1307 675 ἀκτίστους
1339 626 1356 645 ο
1388 611 1550 680 ἄλλης
1583 610 1683 681 μὲν
1720 608 1882 678 οὔσης

313 708 409 761 καὶ⁵
436 706 648 776 μακρὸν
670 705 731 758 τὸ
752 706 1010 774 διάφορον
1042 706 1106 759 ὲκ
1135 704 1233 775 τῆς
1258 705 1445 768 οὐσίας
1478 703 1706 775 ἐχούσης
1729 719 1743 732 ·
1769 704 1887 757 θεό-

311 813 476 866 τητος
509 794 555 847 δ’
584 793 752 864 οὔσης
782 796 877 848 καὶ
905 795 1099 864 αὐτῆς,
1130 794 1390 847 ἀκτίστου
1425 794 1546 864 μὲν,
1585 793 1886 866 ύφειμένης

311 885 358 941 δ’
387 886 502 941 οὖν.
538 905 558 940 ι
592 886 781 941 Ταῦτα
810 886 854 938 δ’
886 885 1054 940 αὐτοῦ
1080 886 1389 952 διεξιόντος,
1419 887 1570 957 κῦμα
1603 888 1695 940 καὶ
1726 887 1887 941 σάλον

313 976 430 1048 εἶχε
460 980 521 1032 τὸ
549 974 678 1050 ἦθος
707 977 874 1032 αὐτοῦ
894 994 911 1009 ’
947 980 1044 1033 καί⁵
1072 978 1310 1032 ἐνέκειτο
1341 978 1489 1046 μάλα
1525 980 1790 1050 σφοδρῶς,
1822 979 1888 1032 ὲκ

309 1068 409 1122 τοῦ
441 1068 691 1137 μείζονος
723 1068 972 1122 ἀπαιτῶν
996 1110 1012 1135 ,
1043 1069 1305 1140 ὁπότερον
1351 1068 1418 1122 ἂν
1447 1068 1672 1139 ἑλοίμην
1724 1069 1888 1132 αὐτὸς

310 1160 461 1213 δυοῖν
486 1161 662 1215 ὄντοιν
683 1160 1052 1231 πραγμάτοιν,
1072 1159 1399 1222 ἀντιθέσεως
1425 1159 1519 1212 καὶ
1542 1157 1885 1227 συγκαταθέο.

311 1265 473 1316 σεως.

1992 628 2101 667 non
2143 614 2409 678 valemus,
2441 613 2535 667 sed
2582 614 2703 683 ejus
2752 614 3156 683 operationem,
3203 612 3562 676 voluntatem,

1990 706 2180 769 vitam,
2203 705 2499 776 potentiam
2527 714 2583 759 et
2608 706 2867 760 virtutem
2889 706 3302 774 participamus,
3329 715 3559 771 quarum

1992 810 2335 866 unaquaeque
2388 795 2596 866 absque
2649 796 2955 850 substantia
2996 795 3281 848 descendit
3316 792 3385 846 ad
3435 806 3560 856 nos,

1986 897 2208 959 quoset
2239 887 2512 942 increatos
2539 887 2723 943 cliicit.
2766 887 2834 941 Et
2862 886 3082 956 quidem
3120 886 3335 939 illarum
3368 884 3563 954 quaeli-

1984 981 2080 1034 bet
2110 980 2213 1033 alia
2243 987 2329 1033 est
2350 996 2378 1033 a
2407 978 2589 1033 divina
2621 979 2947 1042 substantia,
2974 992 3004 1031 a
3034 993 3141 1045 qua
3170 977 3331 1044 longe
3355 975 3561 1040 distat;

1986 1081 2227 1125 attamen
2268 1071 2381 1141 ipsa
2416 1088 2638 1141 quoque
2677 1072 2865 1126 Deitas
2898 1082 2983 1126 est
3015 1071 3281 1134 inet-cata,
3309 1067 3563 1139 quamvis

1988 1163 2239 1217 inferior.
2280 1183 2298 1216 ι
2347 1163 2480 1218 Cum
2530 1165 2631 1219 ista
2684 1165 2920 1219 dicendo
2969 1172 3345 1234 percurreret,
3397 1160 3563 1215 maris

1990 1251 2235 1307 adinstar
2283 1254 2548 1309 aestuabat
2581 1263 2635 1309 et
2666 1255 3120 1311 commovebatur
3149 1256 3267 1325 ejus
3305 1252 3559 1307 animus:

311 1352 427 1398 tum
461 1344 636 1401 multo
662 1344 833 1415 magis
863 1343 1123 1410 instabat,
1156 1357 1187 1398 a
1211 1351 1299 1400 me
1357 1357 1633 1414 quaerens,
1666 1351 1848 1397 utrum
1880 1358 1913 1398 e
1951 1343 2173 1401 duobus
2236 1346 2537 1417 eligerem;
2570 1363 2701 1402 num
2746 1348 2957 1403 scilicet
3008 1335 3462 1410 contradicerem,
3493 1359 3562 1397 an

309 1449 441 1490 vero
471 1435 788 1489 assentirer.

377 1527 460 1579 H'.
480 1524 799 1579 ’Υπολαῦὼν
822 1524 955 1594 γοῦν
983 1524 1094 1594 ἐγὼ
1120 1524 1259 1596 πρὸς
1297 1526 1391 1580 δύο
1422 1526 1523 1597 τὴν
1559 1525 1887 1597 παροιμίαν,

313 1638 333 1672 α
373 1620 525 1690 Μηδὲ
556 1619 647 1672 τὸν
680 1618 955 1690 Ἡρακλέα
999 1619 1250 1672 διδοῦσαν
1290 1618 1474 1673 ἀκούω
1518 1618 1580 1671 τὸ
1629 1617 1889 1672 δύνασθαι

309 1713 447 1779 πρὲις
493 1710 785 1763 ἀντίπαλον
824 1710 1067 1778 ἔφασκον
1101 1709 1299 1781 μάχην.
1346 1708 1487 1772 Ἐγὼ
1513 1709 1568 1761 δὲ
1602 1711 1698 1763 καὶ
1730 1710 1889 1779 μόνος

304 1802 383 1856 ὢν
404 1803 673 1865 ἐνταυθοῖ,
700 1802 793 1855 καὶ
814 1802 1054 1870 δέσμιος,
1087 1802 1183 1855 καὶ
1207 1799 1341 1870 μηδὲ
1370 1799 1544 1871 βραχὺ
1576 1802 1636 1853 τὸ
1667 1801 1889 1870 θαρρεῖν

2063 1526 2199 1583 Vill.
2229 1528 2341 1599 Ego
2377 1528 2561 1598 itaque
2594 1528 2812 1583 huncin
2839 1526 3059 1582 modum
3095 1527 3390 1596 impendi:
3433 1546 3450 1577 ι
3483 1526 3561 1582 Ne

1990 1622 2252 1678 Hercules
2283 1623 2506 1693 quidem
2536 1622 2801 1678 adversus
2835 1623 2973 1677 duos
3009 1622 3181 1691 :equis
3219 1621 3429 1675 viribus
3463 1626 3589 1690 pn-‘

1988 1729 2156 1785 guare
2192 1725 2396 1783 posset,
2425 1723 2483 1768 ut
2523 1730 2590 1769 ex
2624 1715 2797 1768 veteri
2831 1713 3125 1781 proverbio
3155 1713 3345 1767 didici.
3392 1712 3566 1766 Porto

1988 1822 2108 1861 sum
2138 1807 2229 1861 hic
2251 1806 2423 1874 solus,
2447 1816 2502 1861 et
2536 1806 2774 1869 vinctus,
2813 1806 2899 1861 cui
2937 1823 3005 1860 nc
3036 1805 3307 1860 tantillum
3341 1805 3565 1875 quidem

304 1895 446 1964 ἔχων
480 1896 543 1948 ἐκ
573 1893 669 1947 τοῦ
701 1892 916 1963 καιροῦ,
957 1894 1089 1963 πρὸς
1118 1893 1212 1947 δύο
1241 1893 1334 1946 τὸν
1364 1893 1553 1962 ἀγῶνα
1614 1894 1875 1946 ποιεῖσθαι

1990 1898 2196 1954 audere
2230 1914 2329 1969 per
2362 1898 2466 1953 hoc
2494 1909 2709 1968 tempus
2742 1898 2891 1953 licet.
2926 1897 3103 1968 Cogor
3137 1908 3314 1952 tamen
3351 1903 3564 1949 certare

305 1988 775 2056 ἀναγκαζόμενος,
805 1987 1213 2059 τεθαρῤηκυίας
1245 1987 1574 2049 ὁπλίσαντας
1607 1989 1666 2041 ἐν
1705 1986 1886 2057 σαυτῷ

304 2084 397 2137 καὶ
415 2084 660 2150 γλώττας
682 2084 778 2135 καὶ
798 2079 1041 2149 γνώμας,
1058 2084 1115 2134 ὲν
1132 2084 1163 2136 ἀ
1170 2081 1433 2153 μαρτύρῳ
1451 2083 1649 2151 σταδίῳ
1663 2082 1731 2135 τά
1748 2083 1887 2136 κατά

303 2175 560 2244 βούλησιν
587 2171 667 2245 [Ρ.
710 2173 833 2245 666]
859 2174 1072 2227 ἅπαντα
1098 2173 1279 2241 λέγειν
1304 2174 1516 2243 ὸφόῦως
1541 2174 1768 2245 ἐχούσας
1792 2175 1885 2227 καὶ

300 2267 726 2335 ἀποφαίνεσθαι,
742 2267 834 2321 καὶ
852 2265 1155 2321 διαδάλλειν
1174 2265 1306 2335 πρὸς
1334 2267 1572 2330 ἀπόντας
1595 2268 1757 2320 ἀπιόν
1769 2286 1881 2335 τοις,

304 2359 435 2430 μήτ’
477 2358 607 2424 ἐμοῦ
652 2359 937 2427 παρόντος,
997 2357 1126 2428 μήτ’
1153 2358 1365 2420 οῦδενδς
1415 2350 1732 2427 ἑτέρουτοῦ
1778 2358 1880 2423 τὴν

300 2450 566 2518 ἀλήθειαν
589 2449 703 2503 ἀντ’
734 2449 868 2519 ἐμοῦ
901 2448 1371 2519 μαρτυρήσοντος,
1401 2450 1458 2501 ὲν
1483 2449 1653 2518 στενῷ
1680 2449 1878 2520 κομιδῇ

298 2544 399 2612 τὴν
440 2543 539 2612 τῆς
574 2542 883 2613 ἀμηχανίας
921 2541 1034 2612 ὁρῶ
1078 2557 1168 2609 μοι
1204 2541 1528 2611 περίστασιν
1563 2542 1877 2611 ἑστηκυῖαν.

304 2636 499 2697 ..ουτος
527 2634 635 2701 γάρ
682 2632 943 2701 ἐκατέρου
974 2631 1169 2699 κομιδῇ
1203 2629 1467 2701 φορτικοῦ
1486 2669 1501 2695 ,
1531 2628 1626 2682 τοῦ
1655 2646 1712 2681 τε
1748 2632 1876 2702 σιγῇ

298 2728 401 2790 τὰς
424 2727 525 2796 τῆς
544 2724 640 2779 νῦν
669 2724 835 2795 ἀκοῆς
864 2726 1107 2791 ἐνεγκεῖν
1133 2723 1431 2793 τρικυμίας
1461 2725 1553 2776 καὶ
1579 2722 1673 2776 τοῦ
1698 2739 1877 2794 παρα-

297 2822 489 2891 χρῆμα
528 2820 654 2882 τοὺς
698 2818 797 2888 τῆς
843 2819 1073 2877 ἀτοπίας
1111 2817 1367 2888 ἐλέγχους
1412 2815 1667 2886 κομίζειν
1713 2815 1874 2885 ύμῖν,

296 2910 393 2972 οὓς
441 2910 593 2979 τάμά
637 2909 946 2971 διαβάλλειν
990 2908 1143 2962 οὐδὲν
1187 2909 1293 2961 τῶν
1344 2907 1601 2961 ἁπάντων
1642 2908 1735 2961 ἐπὶ
1777 2908 1876 2977 τῆς

296 3006 536 3074 ἐρημίας
582 3005 786 3072 ταύτης
836 3000 1103 3068 κωλύσει,
1139 3000 1404 3072 δύσεργός
1460 3017 1550 3070 μοι
1597 3000 1692 3053 καὶ
1728 3000 1875 3070 μάλα

295 3095 631 3165 δυσέμϐολος
664 3096 696 3164 ἡ
729 3094 1070 3165 ἐπιχείρησις
1108 3093 1241 3162 πρὸς
1277 3093 1539 3161 ἑκάτερον
1576 3094 1873 3160 ἀναφαίνε-

295 3207 410 3243 ται.
463 3188 827 3257 ’Δναιμάκτου
874 3186 984 3257 γὰρ
1035 3184 1203 3256 οῦσης
1234 3186 1328 3255 τῆς
1376 3186 1554 3256 μάχης
1580 3224 1595 3251 ,
1632 3185 1726 3238 καὶ
1765 3186 1873 3239 τῶν

1989 1991 2258 2046 adversus
2289 1993 2448 2054 duos,
2476 1992 2571 2051 nui
2601 1991 2836 2045 audaces
2862 1990 3078 2061 linguas
3107 1998 3162 2045 et
3186 1997 3399 2043 mentes
3420 1988 3567 2057 pari-

1991 2092 2071 2137 ter
2100 2092 2406 2148 armarunt,
2432 2092 2489 2138 et
2520 2084 2574 2136 in
2606 2083 2786 2138 stadio
2818 2083 2922 2136 hoc
2951 2082 3186 2136 testibus
3214 2095 3386 2134 vacuo
3415 2094 3567 2149 quau-

1984 2190 2206 2245 cunque
2230 2173 2509 2230 voluerint
2536 2173 2684 2243 loqui
2713 2181 2767 2228 et
2794 2173 3151 2242 pronuntiare
3180 2181 3440 2240 possunt:
3469 2168 3560 2224 ubi

1984 2278 2166 2321 autem
2202 2268 2552 2328 recesserint,
2589 2265 2723 2337 ipsis
2757 2264 2915 2319 facile
2964 2264 3070 2319 erit
3118 2263 3261 2330 apud
3306 2262 3499 2340 absent
3533 2277 3583 2317 δ’

1983 2360 2328 2425 calumniari,
2380 2359 2511 2413 dum
2553 2373 2655 2414 nec
2692 2373 2793 2428 ego
2843 2357 3035 2421 adero,
3094 2370 3197 2410 nec
3246 2355 3408 2418 alius,
3465 2355 3559 2422 qui

1985 2468 2104 2506 mea
2138 2452 2255 2506 vice
2283 2451 2500 2506 veritati
2532 2450 2909 2505 testimonium
2950 2447 3236 2517 perhibeat
3273 2466 3284 2501 :
3324 2446 3466 2501 unde
3503 2446 3560 2502 in

1982 2560 2207 2615 magnas
2249 2559 2433 2598 rerum
2478 2543 2755 2613 angustias
2795 2550 2849 2597 et
2883 2541 3233 2596 difiicultates
3278 2541 3559 2594 r‘eziactnm

1982 2653 2067 2692 me
2098 2637 2274 2691 video.
2319 2634 2456 2690 Nam
2485 2650 2609 2689 cum
2647 2645 2944 2704 utrumque
2979 2630 3136 2687 valde
3167 2632 3455 2686 molestum
3497 2646 3561 2685 ac

1978 2745 2142 2801 grave
2183 2729 2279 2793 sit,
2327 2743 2423 2783 seu
2475 2728 2795 2791 verborum,
2846 2743 2967 2795 quin
3013 2725 3369 2787 audivimus,,
3400 2723 3561 2792 quasi

1978 2823 2313 2877 dccumauos
2336 2820 2532 2876 [luctus
2554 2836 2679 2875 cum
2703 2821 2924 2874 silentio
2946 2820 3201 2877 toierare.
3229 2834 3324 2872 seu
3351 2828 3558 2870 extem-

1977 2914 2218 2982 poralem
2273 2908 2468 2967 harum
2521 2912 2743 2983 1059‘
2786 2913 3118 2983 ineptiarum
3169 2910 3552 2965 refutationem

1978 3006 2133 3060 vobis
2158 3006 2377 3068 afferre,
2399 3020 2538 3074 quos
2565 3005 2702 3059 nihil
2725 3005 3023 3074 quidquam
3051 3004 3106 3057 in
3132 3002 3235 3057 hac
3259 3002 3556 3058 solitudine

1976 3099 2269 3168 prohibt-re
2302 3098 2529 3167 poterit,
2558 3080 2858 3166 quominus
2898 3110 3048 3150 meas
3077 3110 3166 3149 res
3196 3090 3553 3156 obtrectctis;

1980 3190 2107 3245 hinc
2132 3190 2353 3244 diiiicile
2379 3189 2511 3243 mihi
2542 3190 2759 3242 videtur
2785 3204 2847 3242 ac
2875 3186 3031 3240 valde
3057 3185 3311 3247 arduum,
3343 3193 3556 3238 utrum-

294 3280 531 3348 λογικῶν
561 3280 730 3348 ξιφῶν
767 3281 861 3333 καὶ
904 3278 1241 3349 τραυμάτων
1271 3276 1367 3341 τὰς
1411 3278 1742 3348 ἀντερείσεις
1773 3278 1870 3345 τῆς

1978 3284 2114 3337 libet
2146 3284 2343 3336 borum
2380 3282 2620 3352 aggredi.
2653 3281 2790 3346 Quia
2821 3279 2968 3333 enim
3010 3279 3297 3333 incruenta
3321 3286 3406 3332 est
3438 3277 3554 3331 haec

289 3373 591 3442 ἀσωμάτου
625 3370 804 3441 ψυχῆς
852 3370 1184 3442 δεχομένης,
1217 3368 1508 3422 εὐδιάϐολα
1551 3368 1651 3438 μὲν
1679 3368 1768 3422 διὰ
1814 3368 1874 3420 τὸ

291 3468 498 3533 ἀφανὲς
532 3470 778 3534 φανεῖται
810 3463 879 3516 τά
909 3465 1180 3533 τροπαῖα,
1225 3461 1591 3532 ἀγχίστροφος
1627 3459 1671 3513 δ’
1696 3462 1744 3530 ,ἡ
1777 3462 1874 3525 τῆς

289 3559 539 3627 γλώττης
595 3555 852 3618 διάθεσις,
903 3554 1039 3624 πρὸς
1084 3553 1182 3624 τὴν
1229 3552 1327 3622 τῆς
1378 3550 1605 3620 γνώμης
1658 3551 1891 3622 αἵρεσιν

292 3647 687 3717 καπηλεύουσα
709 3645 808 3717 τὴν
849 3645 1072 3715 γνώμην
1092 3644 1189 3714 τῆς
1221 3643 1479 3715 κρίσεως.
1515 3643 1746 3696 Ἔπειτα
1762 3641 1872 3695 οὐδ’

292 3741 407 3808 εχω
450 3739 564 3803 πῶς
592 3738 843 3806 ὀνομάσω
874 3736 971 3807 τὴν
1007 3733 1313 3807 παράταξιν
1342 3732 1453 3803 ἐγὼ
1496 3732 1591 3786 τοῦ
1629 3733 1871 3788 τοιούτου

290 3831 554 3900 πολέμου.
586 3827 721 3883 Οὔτε
744 3828 852 3899 γὰρ
889 3825 1195 3899 μονομαχία
1226 3826 1311 3889 τίς
1334 3827 1470 3888 ἐστι,
1493 3825 1585 3878 δύο
1615 3824 1869 3887 καθ’ένὸς

289 3922 667 3992 ὁπλιζομένων
687 3921 947 3989 γλωσσῶν
968 3935 984 3951 ν
1010 3920 1133 3973 οὔτε
1166 3919 1272 3991 μὴν
1305 3917 1755 3989 στρατευομένων
1778 3918 1872 3971 καὶ

291 4017 603 4087 βλεπόντων
630 4014 831 4081 ἔξωθεν
863 4012 1063 4082 ἕστηκε
1094 4012 1319 4083 πλῆθος,
1339 4012 1406 4065 ἶν’
1433 4012 1674 4083 ἐμφανὲς
1707 4006 1871 4087 ᾗτῶν

288 4106 712 4175 ἀγωνιζομένων
749 4104 809 4157 τὸ
832 4103 1063 4169 στάδιον,
1094 4102 1278 4172 ὥσπερ
1300 4097 1412 4156 οἷον
1444 4103 1739 4172 πολεμικαὶ
1772 4121 1872 4157 πε-

290 4200 608 4270 ριτρέχουσι
642 4196 737 4248 καὶ
771 4194 1093 4266 περιηχοῦσι
1125 4196 1448 4264 σάλπιγγες,
1479 4196 1547 4247 τά
1581 4196 1869 4267 παρακλη-

286 4288 421 4341 τικά
464 4285 864 4355 συγκροτοῦσαι
894 4285 1005 4337 τῶν
1037 4287 1093 4339 ἐν
1141 4285 1428 4355 ὑπαίθροις
1473 4284 1726 4354 πολέμων
1751 4303 1766 4318 ο
1795 4286 1870 4351 ὡς

289 4379 702 4448 ἀναγικάζεσθαί
738 4397 804 4447 με
845 4374 1028 4432 λοιπὸν
1059 4379 1406 4448 ἀμφίστομον
1448 4379 1508 4431 τὸ
1538 4379 1636 4447 τῆς
1663 4380 1870 4448 ἡμετέ-

295 4486 397 4537 ρας
432 4467 635 4521 τιθέναι
660 4468 939 4536 φάλαγγος
962 4468 1253 4537 πρόσωπον
1274 4469 1517 4537 τήμερον
1536 4484 1549 4498 ⁸
1576 4469 1643 4521 ἶν’
1669 4470 1869 4537 ούτωσὶ

291 4562 433 4631 πρὸς
463 4562 726 4631 ἑκατέρας
769 4559 869 4623 τάξ
912 4560 1153 4628 γλώττας
1189 4560 1478 4628 ὲφικνῆταί
1514 4549 1631 4623 πως
1673 4563 1867 4615 καὶτὰ

287 4653 560 4722 ἡμέτερα,
588 4653 683 4704 νῦν
710 4650 809 4720 μὲν
835 4649 1131 4721 ἀθλοθέτην
1160 4651 1255 4704 καὶ
1286 4650 1543 4721 δικαστὴν
1569 4651 1866 4704 ἀδέκαστον

286 4744 486 4814 ἔχοντα
521 4744 611 4797 τὸν
661 4744 958 4813 ἀκοίμητον
991 4742 1271 4812 ὀφθαλμὸν
1300 4743 1394 4796 τοῦ
1435 4744 1593 4808 Θεοῦ,
1628 4744 1767 4814 ὑπὲρ
1799 4740 1864 4798 οῦ

284 4835 418 4895 τοὺς
443 4832 637 4896 ἄθλους
667 4832 813 4889 ἀνύω
846 4832 1105 4897 τούτους*
1130 4834 1253 4885 ῦστε
1264 4850 1355 4903 ρον
1381 4833 1458 4901 δὲ,
1492 4836 1587 4887 καὶ
1616 4834 1724 4888 τῶν
1751 4836 1865 4889 ὅσοι

292 4926 371 4995 μὴ
402 4925 622 4994 πάρεισι
645 4924 741 4978 νῦν
770 4925 870 4978 οὐκ
893 4925 1106 4993 ὀλίγους
1127 4940 1143 4956 ⁸
1173 4928 1567 4996 παραπομποῖς
1588 4929 1870 4996 χρησάμε-

286 5003 516 5078 νονλτοῖς
547 5016 835 5085 ἡμετέροις
864 5015 1208 5085 γράμμασιν,
1237 5016 1286 5067 εἰ
1309 5015 1501 5085 χρόνον
1531 5018 1661 5086 ἡμῖν
1690 5017 1869 5088 παρά-

289 5124 416 5177 σχοι
471 5108 600 5171 Θεὸς
663 5105 919 5179 βραχείας
980 5109 1080 5178 μέν
1135 5125 1281 5179 τινος
1339 5108 1507 5176 ζωῆς,
1570 5107 1866 5179 ἐλευθέρας

284 5198 338 5251 δ’
361 5198 477 5252 οὖν.
516 5217 536 5250 ι

1978 3389 2177 3443 pugna,
2218 3382 2274 3426 et
2306 3372 2570 3426 adversus
2614 3370 3032 3425 dialecticorum
3068 3368 3374 3439 gladiorum
3409 3369 3552 3424 ictus

1975 3481 2039 3519 ac
2088 3464 2317 3517 vulnera
2378 3463 2598 3517 animus
2650 3462 3008 3531 incorporeus
3060 3460 3293 3528 accipit,
3350 3470 3569 3529 tropaea

1976 3566 2199 3626 prt'pter
2221 3570 2375 3610 suam
2401 3554 2792 3609 obscuritatem
2817 3553 3106 3609 calumniis
3130 3553 3286 3607 facile
3310 3552 3550 3607 obnoxia

1974 3664 2094 3704 esse
2122 3647 2481 3702 videbuntur.
2511 3644 2747 3700 Aliunde
2777 3660 2908 3699 vero
2940 3645 3138 3715 linguae
3166 3643 3456 3713 diSpositio
3481 3645 3548 3697 ad

1975 3738 2179 3793 mentis
2211 3737 2503 3792 arbitrium
2532 3735 2807 3790 versatilis
2839 3745 2943 3802 est,
2986 3744 3039 3791 et
3080 3734 3283 3805 judicis
3321 3745 3550 3790 senten-

1977 3829 2107 3884 tiam
2139 3830 2465 3896 corrumpit.
2490 3827 2701 3883 Deinde
2733 3827 2920 3882 nescio
2947 3842 3056 3897 quo
3082 3827 3303 3882 demum
3327 3828 3549 3883 nomine

1972 3920 2241 3989 appellem
2275 3920 2398 3975 belli
2431 3919 2605 3975 aciem
2647 3920 2752 3974 hoc
2782 3918 2942 3974 modo
2976 3918 3324 3973 instructam.
3358 3919 3548 3989 Neque

1972 4013 2119 4065 enim
2155 4021 2239 4067 est
2272 4009 2547 4079 singulare
2593 4019 2895 4075 certamen,
2946 4009 3389 4081 quandoquidem
3424 4011 3546 4065 duae

1973 4114 2162 4158 contra
2193 4120 2361 4158 unum
2393 4104 2587 4172 linguae
2623 4112 2940 4171 armantur;
2977 4121 3157 4174 neque
3188 4105 3543 4161 militantium

1971 4206 2027 4251 et
2058 4196 2423 4266 spectantium
2455 4191 2831 4268 ingens'extra
2862 4196 3116 4251 consiSLit
3146 4197 3460 4261 multitudo,
3490 4207 3549 4252 ut

1971 4290 2149 4357 palam
2204 4288 2297 4342 ﬁat
2332 4288 2669 4344 certantium
2722 4287 2995 4355 stadium;
3045 4289 3207 4359 quale
3258 4300 3342 4345 est
3389 4291 3546 4357 illud,

1970 4380 2115 4449 quod
2142 4380 2586 4435 circumcurrant
2611 4391 2667 4434 et
2697 4381 3111 4436 circumsonant
3139 4381 3350 4437 bellica:
3380 4382 3542 4448 tubae,

1970 4471 2099 4525 dum
2130 4472 2418 4526 classicum
2449 4483 2655 4527 canunt
2683 4483 2740 4529 et
2769 4473 2836 4528 ad
2866 4485 3054 4543 aperta
3102 4474 3242 4528 bella
3285 4474 3541 4529 incitant.

1969 4563 2241 4618 Caeterum
2269 4564 2431 4619 hodie
2459 4565 2610 4621 acies
2636 4578 2820 4622 nostra
2849 4567 3161 4622 necessario
3183 4567 3320 4621 mihi
3343 4580 3547 4637 anceps

1971 4666 2027 4709 et
2068 4654 2279 4710 bifrons
2315 4656 2470 4725 quasi
2508 4660 2829 4711 instruenda
2862 4660 2976 4725 est;
3028 4668 3088 4713 ut
3129 4658 3213 4712 sic
3260 4659 3545 4727 utriusque

1974 4747 2273 4803 adversarii
2299 4764 2609 4803 sermonem
2642 4750 2860 4819 aggredi
2892 4751 3391 4820 quomodocuuque
3421 4766 3546 4819 pos—

1975 4840 2100 4896 sim.
2124 4840 2190 4894 Et
2215 4854 2359 4893 nunc
2382 4840 2604 4909 quidem
2637 4841 2815 4896 habeo
2843 4842 3159 4896 certaminis
3183 4841 3344 4911 hujus
3367 4843 3543 4896 nostri

1976 4929 2377 4983 moderatorem
2399 4938 2454 4983 et
2481 4929 2860 5001 incorruptum
2886 4930 3151 5001 judicem,
3174 4931 3295 4994 Dei,
3319 4940 3544 5002 propter

1972 5010 2135 5087 quem
2175 5020 2273 5072 liae
2307 5019 2362 5073 in
2391 5016 2569 5090 pugna
2605 5018 2815 5075 tantum
2849 5022 3053 5076 laboris
3091 5037 3380 5084 consumo,
3414 5040 3546 5092 per-

1971 5110 2188 5180 vigilem
2220 5112 2438 5164 oculum
2468 5129 2481 5165 :
2517 5111 2612 5165 sed
2640 5112 2693 5166 in
2722 5121 3002 5181 posterum
3039 5129 3145 5168 non
3176 5116 3330 5184 pauci
3358 5130 3423 5169 ex
3454 5114 3541 5177 iis,

1972 5199 2069 5269 qui
2116 5215 2265 5255 nunc
2322 5200 2545 5266 adsunt,
2591 5204 2835 5273 ejusdem
2892 5201 3279 5261 controversia:
3329 5207 3543 5274 judices

285 5297 477 5369 erunt,
527 5289 595 5344 ad
648 5305 881 5358 quorum
939 5305 1024 5345 me
1084 5289 1325 5344 tribunal
1379 5290 1656 5347 deducent
1702 5292 1867 5361 libri;
1909 5308 2068 5364 quos,
2104 5295 2319 5351 simihi
2379 5296 2561 5352 brevis
2597 5298 2842 5368 quidem,
2876 5309 2932 5355 at
2959 5300 3146 5355 liberae
3178 5312 3391 5370 tempus
3422 5299 3540 5354 vita.

287 5385 441 5439 Deus
464 5382 784 5452 pra-buerit,
820 5382 1184 5437 conscribam.
1213 5401 1230 5435 ι

362 5479 441 5531 6'.
479 5494 498 5528 ι
544 5476 618 5530 Τὸ
654 5477 753 5546 μὲν
786 5474 879 5530 οὖν
913 5478 982 5531 τὰ
1011 5477 1319 5548 ζητούμενα
1347 5477 1421 5542 ὡς
1452 5479 1866 5551 ὁμολογούμενα

285 5569 558 5634 τίθεσθαι,
604 5568 825 5640 πολλὴν,
864 5589 882 5621 ι
923 5570 1082 5638 ἔφην,
1117 5588 1135 5621 t
1190 5571 1430 5640 ἀμαθίαν
1480 5570 1575 5624 τοῦ
1627 5572 1865 5643 δρῶντος

287 5662 610 5732 κατηγορεῖ,
650 5660 747 5717 καὶ
785 5663 900 5730 ᾰμα
953 5660 1119 5713 πολύν
1150 5678 1211 5714 τε
1266 5661 1606 5730 ὀφλισκαίνει
1643 5665 1733 5717 τὸν
1763 5666 1865 5735 τῆς

288 5754 556 5825 αἰσχύνης
587 5753 810 5823 ἔλεγχον
843 5753 935 5806 καὶ
966 5740 1343 5824 μεσημϐρινῆς
1380 5754 1594 5817 ἀκτῖνος
1625 5773 1861 5825 περιφα-

290 5844 567 5916 νέστερον.
608 5844 788 5899 Ἠλίου
822 5843 929 5915 γὰρ
956 5844 1054 5916 τὴν
1095 5843 1194 5914 μὲν
1223 5845 1415 5901 οὐσίαν
1442 5846 1590 5918 αύτῷ
1623 5841 1860 5919 οὐρανίῳ

2038 5486 2132 5544 IX.
2166 5487 2292 5546 Haec
2312 5491 2590 5560 praefatus,
2612 5495 3029 5565 responsionem
3056 5510 3228 5549 meam
3253 5493 3340 5549 his
3358 5494 3543 5550 verbis

1966 5577 2200 5635 institui.
2244 5599 2264 5632 ι
2294 5581 2622 5653 Quicunque
2661 5594 3069 5642 controversam
3115 5601 3229 5640 rem
3280 5594 3536 5654 tanquam

1965 5683 2278 5723 concessam
2331 5671 2545 5742 1060
2600 5677 2772 5741 ponit,
2831 5663 3188 5745 is;maguum
3247 5677 3537 5746 lmpct‘itllﬁ

1961 5775 2073 5813 sure
2096 5773 2476 5829 argumentum
2504 5768 2743 5834 przebet:
2771 5777 2825 5821 et
2849 5768 3017 5824 multo
3040 5767 3308 5823 dedecore
3334 5770 3542 5839 dignus

1960 5860 2040 5906 cst
2073 5857 2479 5926 ignominiaque
2516 5862 2855 5927 turpissima,
2888 5879 3007 5920 uuae
3041 5864 3355 5920 meridiana:
3388 5865 3539 5919 iacis
3622 5914 3625 5915 ν
