4088 6212
657 144 731 198 [Α.
769 159 821 200 c.
866 143 1026 217 1551]

348 148 482 213 1325

1243 147 1681 208 BYZ:\.\'II.\'.’E
1718 146 2099 206 IllSTOIlIdi
2134 147 2273 206 ΗΒ.
2314 147 2500 206 ΧΧΞΙ.

3466 148 3603 215 Ῑὲιίίῖ

2684 141 2819 214 [ιιιιτ.
2857 160 2897 197 ι.
2942 159 2969 199 c
3006 161 3229 201 uncuz.
3275 148 3330 220 δ]

340 268 506 337 φύσιν
533 262 859 330 δηλωτικάς.
890 262 1025 316 Τινὶι
1065 260 1166 331 μὲν
1196 260 1305 331 γὰρ
1347 262 1631 330 πρέποντα
1675 261 1741 330 τῇ
1799 258 1903 328 θείς1

2032 259 2313 314 immunis.
2368 260 2505 315 liinc
2560 260 2613 314 in
2655 262 2766 316 Deo
2818 278 2996 331 neque
3047 266 3304 321 accifcns
3355 282 3473 322 esse
3522 269 3604 323 di-

340 354 500 423 φύσει
521 353 904 423 σημαίνουσιν,
944 351 1046 405 οὐκ
1074 352 1244 421 αὐτὴν
1266 352 1322 405 δὲ
1345 349 1443 421 τὴν
1465 349 1628 420 φύσιν
1689 350 1916 421 μηνύου-

340 464 442 511 σιν,
468 447 601 514 ὅπερ
629 443 760 497 ίδιον
791 442 902 496 τῶν
949 442 1254 496 οὐσιωδέων
1310 444 1406 496 καὶ
1439 441 1775 496 συστατικῶν
1794 441 1913 496 δια-

337 538 538 608 φορῶν.
580 554 611 587 ε
640 534 748 589 Kal.
786 533 946 589 πάλιν
977 552 993 569 ο
1025 552 1045 585 ι
1081 535 1238 588 Πᾶσα
1255 533 1432 600 οὐσία,
1465 534 1555 587 τὸν
1613 533 1742 587 ίδιον
1786 533 1913 604 ὅρον

336 630 504 698 ἑαυτῇ
546 625 964 693 συνεισάγουσα,
1012 624 1290 677 τουτέστιν
1315 623 1630 695 ὁριζομένη,
1659 621 1802 693 ἀρχὴ
1818 624 1915 675 πέ-

340 736 513 789 φυκεν
529 713 669 770 εἶναι
698 716 795 786 τῆς
826 715 1305 783 ὲπιθεωρουμένης
1330 715 1465 785 αὐτῇ
1513 714 1653 767 κατὰ
1681 713 1933 784 δύναμιν,

336 811 623 879 κινήσεως,
657 809 807 861 πᾶσα
830 807 887 862 δὲ
911 806 1179 875 οὐσιώδης
1215 806 1353 875 stch
1381 806 1668 875 ἐνέργειαν
1694 806 1911 875 κίνησις

337 902 575 971 μεσότης
611 899 727 951 ἐστὶ
748 896 1215 966 μετεπινοουμένη
1257 895 1357 965 μὲν
1380 896 1480 966 τῆς
1507 895 1713 962 οὐσίαςι
1746 912 1911 967 προε-

334 992 664 1062 πινοουμένη
687 990 744 1043 δὲ
784 990 883 1060 τῆς
916 991 999 1043 ένε
1010 990 1217 1060 ργείας.
1235 990 1342 1043 Καὶ
1366 990 1517 1042 πᾶσα
1540 989 1810 1060 ἐνέργεια,
1833 990 1910 1059 τῷ

334 1084 458 1138 καθ’
487 1084 688 1153 ἑαυτὴν
716 1082 861 1151 λόγῳ
920 1080 1165 1149 φυσικῶς
1218 1079 1692 1150 περιγραφομένη,
1756 1078 1908 1144 τέλος

332 1177 452 1230 ἐστὶ
476 1176 573 1243 τῆς
590 1174 697 1246 πρὸ
721 1174 892 1239 αὐτῆς
947 1171 1065 1226 κατ’
1087 1170 1327 1225 ἐπίνοιαν
1388 1170 1769 1242 Θεωρουμένης
1816 1172 1909 1225 οὐο

336 1269 561 1330 σιὼδους
593 1266 883 1336 κινήσεως.
914 1265 974 1318 ’0
994 1264 1051 1316 δὲ
1084 1264 1216 1328 Θεὸς
1250 1265 1372 1318 οὐτε
1400 1265 1542 1336 ἀρχή
1603 1266 1749 1319 εστιν
1775 1264 1910 1336 (61),

334 1358 461 1414 οὐτε
497 1358 756 1428 μεσότης,
812 1355 936 1410 οὔτε
965 1357 1143 1419 τέλος.
1203 1355 1389 1410 Ταῦτα
1435 1358 1545 1426 γὰρ
1581 1356 1689 1410 τῶν
1734 1356 1910 1427 χρόνῳ

333 1450 626 1523 διαιρετῶν
648 1451 756 1503 είσι
794 1446 1156 1519 γνωρίσματα
1177 1462 1193 1478 ο
1226 1447 1372 1502 είποι
1405 1448 1451 1501 δ’
1484 1448 1549 1503 ἄν
1577 1464 1684 1515 τις,
1706 1449 1789 1502 ὅτι
1811 1447 1908 1502 καὶ

332 1546 444 1598 τῶν
464 1542 624 1595 αίῶνι
650 1539 1067 1611 συνορωμένων.
1110 1538 1171 1595 ’0
1199 1539 1308 1610 γὰρ
1351 1540 1563 1612 χρόνος,
1600 1540 1906 1612 μετρουμέ-

2030 351 2266 407 centium
2312 362 2416 415 est,
2475 368 2655 424 neque
2694 355 3012 426 qualitatem
3048 374 3061 410 :
3101 356 3215 412 hazc
3259 358 3406 412 enim
3456 375 3603 415 cont-

2031 442 2227 510 positis
2252 442 2474 497 entibus
2522 446 2859 499 conveniunt
2903 465 2916 499 :
2951 446 3045 502 sed
3082 464 3424 518 qumcunque
3457 451 3605 506 Deus

2028 530 2214 599 habet,
2245 543 2374 588 sunt
2405 534 2479 588 illi
2519 535 2812 602 naturalia,
2850 550 2959 591 non
2994 528 3172 592 autem
3223 539 3542 595 adventitia.
3579 561 3598 595 ι

2023 624 2198 695 Igitur
2227 625 2342 680 sive
2396 626 2649 682 dicamus
2689 629 2831 684 hanc
2878 630 2972 686 Dei
3024 632 3398 700 operationem
3447 636 3499 688 in
3532 651 3602 691 co

2023 730 2144 771 esse
2180 717 2497 773 distinctam
2545 733 2575 772 a
2622 719 2952 787 substantia,
2988 721 3103 776 sive
3169 725 3251 791 (ut
3297 726 3600 798 existimas)

2024 808 2339 877 qualitatem
2406 823 2527 863 esse
2585 810 3025 865 substantialiter
3100 814 3483 879 accidenlem,
3543 816 3602 870 in

2022 910 2268 951 errorem
2323 897 2685 952 insanabilem
2752 899 3137 970 impingetnus.
3187 902 3322 956 Nam
3380 906 3598 973 piorum

2023 1003 2189 1042 nemo
2224 988 2361 1042 duas
2405 999 2586 1059 potest
2641 989 2736 1044 Dei
2791 992 3128 1045 substantias
3192 994 3499 1059 nominare,
3546 1003 3603 1049 et

2024 1079 2134 1134 duo
2165 1079 2414 1135 eﬂ'ectiva
2440 1081 2737 1151 principia;
2791 1090 2850 1137 ut
2881 1082 2992 1151 jam
3040 1099 3201 1139 antea
3252 1087 3439 1140 multis
3469 1103 3600 1141 san-

2025 1178 2237 1225 ctorum
2315 1169 2602 1227 doctorum
2666 1173 3001 1247 testimoniis
3073 1173 3596 1231 demonstravimus.

2023 1261 2213 1332 Neque
2246 1279 2488 1334 unquam
2525 1266 2581 1319 in
2614 1266 2722 1319 Deo
2748 1264 3044 1335 excogitari
3077 1265 3311 1336 qualitas
3372 1268 3598 1334 poterit,

2023 1367 2145 1422 qua:
2170 1369 2200 1408 a
2235 1355 2417 1409 divina
2442 1356 2747 1410 substantia
2798 1356 3190 1427 distinguatur,
3231 1366 3325 1410 aut
3359 1374 3481 1426 qua:
3526 1358 3605 1419 sit

2023 1443 2423 1500 substantialis.
2481 1446 2636 1512 Quod
2688 1446 2837 1502 enim
2894 1449 3260 1503 sulistantiale
3315 1462 3422 1511 e5t,
3472 1466 3599 1519 pars

2021 1542 2108 1587 est
2148 1534 2493 1600 substantiae,
2541 1545 2602 1589 ut
2629 1537 2828 1590 docent
2870 1547 2979 1591 tum
3016 1540 3294 1609 sapientes
3341 1541 3598 1597 Ecclesia:

458 1593 599 1706 έχων
620 1635 718 1704 τὴν
740 1593 988 1701 ⁸κίνησιν,
1031 1593 1251 1702 ἀριύμίῤ
1277 1593 1751 1703 Ισι·τζι;ιγρείίι›εται’⁶
1780 1593 1825 1685 ὁ⁸
1855 1631 1903 1686 6!

2016 1622 2289 1690 doctores,
2352 1634 2465 1680 tum
2531 1629 2830 1697 scriptores
2879 1630 3113 1702 profani,
3159 1632 3252 1701 qui
3300 1634 3597 1688 verborum

320 1710 492 1794 ἀίὼν,
533 1725 1024 1794 συνεπινοουμένην
1068 1721 1207 1792 ἔχων
1236 1725 1302 1794 τῇ
1355 1721 1590 1794 ὑπάρξει
1618 1726 1717 1793 τὴν
1766 1726 1913 1777 πότε

337 1816 703 1887 κατηγορίαν,
728 1815 925 1885 πάσχει
950 1815 1256 1880 διάστασιν,
1311 1814 1385 1877 ὡς
1415 1817 1591 1886 ἀρχὴν
1621 1815 1716 1869 τοῦ
1773 1811 1911 1869 εῖναι

334 1906 533 1963 λαϐὼν.
568 1905 651 1979 [Ρ.
686 1904 814 1977 67η
847 1906 907 1958 Ei
933 1904 992 1957 δὲ
1025 1904 1217 1975 χρόνος
1245 1906 1341 1959 καὶ
1363 1904 1497 1959 αἰὼν
1540 1906 1643 1959 οὐκ
1672 1907 1908 1975 ἄναρχοι,

332 1998 514 2068 πολλῷ
573 1996 774 2069 μᾶλλον
795 1996 863 2049 τὰ
893 1998 951 2049 ὲν
981 1995 1192 2060 τούτοις
1231 1996 1618 2067 περιεχόμενα.
1655 1997 1714 2050 'U
1770 1996 1902 2060 Θεὸς

336 2092 541 2155 τοίνυν,
568 2089 693 2185 οὐξι
746 2088 905 2143 οὐσία
928 2088 1024 2185 ὢν,
1044 2087 1132 2140 ἵνα
1168 2088 1242 2185 μὴ
1272 2088 1414 2158 ἁρχὴ
1442 2088 1725 2185 νομισθείη
1747 2087 1908 2185 ’.οὔτε

330 2180 581 2250 δύναμις,
618 2176 704 2233 ἵνα
746 2177 821 2249 μὴ
855 2176 1088 2245 μεσότης
1116 2193 1129 2206 ·
1151 2176 1273 2229 οὐτε
1292 2178 1564 2246 ἐνέργεια,
1600 2176 1684 2231 ἵνα
1717 2176 1793 2248 μὴ
1817 2177 1908 2230 τέ·

335 2271 428 2335 λος
448 2288 465 2305 ο
499 2271 646 2324 ἔστιν
674 2269 980 2331 οὐσιοποιδς
1014 2266 1111 2322 καὶ
1137 2268 1459 2340 ὑπερούσιος
1511 2269 1755 2338 όντότης,
1811 2269 1908 2323 καὶ

331 2361 697 2431 ῑυναμοποιὸς
725 2360 824 2413 καὶ
858 2357 1240 2428 ὐπερδύναμος
1280 2360 1631 2425 πανσθὲνεια,
1666 2361 1764 2414 καὶ
1796 2359 1905 2412 πά-

334 2470 433 2523 σης
463 2453 747 2522 ἐνεργείας
807 2449 1071 2522 δραστικὴ
1124 2453 1214 2505 καὶ
1246 2449 1602 2520 ἀτελεύτητος
1623 2449 1739 2515 ἕξις
1786 2450 1903 2514 καὶ,

334 2543 614 2613 συντόμως
635 2546 831 2610 εἰπεῖν,
860 2546 1038 2617 πάσης
1093 2546 1280 2607 οὐσίας
1328 2544 1424 2597 καὶ
1477 2542 1758 2613 δυνάμεως
1813 2543 1907 2596 καὶ

333 2633 613 2704 ἐνεργείας
642 2634 818 2704 ἀρχῆς
852 2650 912 2687 τε
952 2638 1047 2690 καὶ
1075 2635 1371 2706 μεσότητος
1402 2636 1497 2687 καὶ
1530 2632 1719 2696 τέλους
1744 2648 1907 2702 ποιη-

327 2727 476 2796 τική.
521 2744 540 2777 ι
580 2726 742 2796 Ὀρᾷς
764 2727 909 2788 ὅπως
944 2725 1068 2779 οὔτε
1098 2727 1217 2779 κατ’
1246 2727 1433 2779 οὐσίαν
1455 2726 1735 2796 διάφορον,
1776 2724 1899 2779 οὐτε

207 2822 225 2846 ’
325 2817 449 2870 καθ’
468 2811 580 2870 οἷον
594 2815 656 2887 δή
670 2833 791 2869 τινα
801 2816 1020 2888 τρόπον,
1036 2815 1294 2885 ποιότητα
1313 2813 1687 2886 συγχωροῦσιν
1704 2814 1753 2866 οί
1770 2814 1905 2867 Θείοι

1982 1715 2297 1770 “scientiam
2350 1720 2783 1784 atlinvenerunt;
2835 1721 2901 1774 ad
2932 1737 3191 1791 quorum.
3230 1726 3460 1793 proinde
3500 1741 3596 1780 ca-

2014 1820 2191 1861 nones
2219 1817 2273 1861 et
2310 1807 2528 1877 regulas
2555 1824 2617 1862 ea
2662 1809 3051 1879 perpendenda
3093 1820 3197 1867 est.
3234 1814 3300 1866 Et
3332 1828 3478 1869 certe
3516 1815 3597 1879 id,

2012 1913 2124 1968 quo
2177 1898 2394 1953 sublato
2430 1899 2718 1954 mutilatur
2768 1911 2964 1964 totum,
2996 1903 3165 1959 totius
3216 1916 3425 1974 partem
3473 1922 3596 1963 esse

2012 2004 2243 2044 necesse
2277 1999 2381 2045 est.
2418 1990 2473 2046 Si
2499 2008 2629 2063 ergo
2657 1994 2771 2063 ipsa
2804 1995 3074 2063 operatio,
3111 2005 3303 2066 utpote
3336 1998 3597 2054 substan-

2015 2080 2183 2145 tialis,
2230 2097 2299 2135 ex
2352 2090 2441 2135 tua
2492 2084 2767 2138 sententia
2820 2101 2949 2155 pars
2999 2095 3077 2140 est
3104 2089 3447 2153 substantiae,
3502 2089 3593 2143 rlic

2011 2171 2174 2226 nobis
2206 2188 2311 2241 qua
2364 2174 2580 2227 tandem
2618 2175 2831 2230 ratione
2862 2177 3021 2230 aliud
3079 2179 3151 2231 sit
3190 2194 3220 2232 a
3260 2180 3593 2246 substantia,

2010 2272 2107 2318 aut
2136 2264 2206 2317 sit
2236 2278 2365 2332 pars
2410 2265 2579 2327 illius.
2625 2266 2771 2335 quod
2832 2268 3010 2322 nullas
3057 2268 3221 2323 habet
3273 2272 3500 2339 partes?
3536 2271 3594 2327 Si

2011 2366 2142 2405 vero
2195 2353 2295 2405 ista
2334 2354 2582 2423 cpe-ratio
2630 2355 2883 2424 qualitas
2915 2365 3002 2411 est
3046 2372 3077 2411 a
3134 2357 3445 2413 substantia
3499 2359 3591 2415 di-

2012 2432 2235 2511 stincta,
2270 2447 2546 2515 quomodo
2582 2447 2701 2503 sine
2750 2449 3001 2519 subjecto
3042 2450 3270 2520 intelligi
3325 2459 3421 2504 aut
3464 2467 3594 2507 con-

2009 2536 2144 2606 Spici
2178 2538 2397 2606 potest?
2424 2538 2560 2592 Nam
2605 2539 2723 2593 sine
2778 2541 3028 2610 subjecto
3071 2543 3450 2598 exsistentiam
3492 2543 3591 2597 ba-

2010 2624 2141 2680 bere
2178 2641 2456 2696 nunquam
2508 2629 2736 2697 poterit.
2780 2629 2935 2695 Quod
2975 2641 3158 2685 autem
3194 2648 3305 2687 non
3354 2633 3588 2701 exsistit,

2008 2717 2285 2785 quomodo
2316 2719 2463 2773 Deus
2487 2720 2634 2773 erit?
2663 2718 2831 2774 Vides
2855 2736 2964 2790 qua
3012 2723 3246 2789 ratione,
3299 2739 3399 2793 per
3447 2726 3590 2780 hanc

2008 2807 2076 2862 de
2096 2808 2298 2865 divinis
2326 2812 2742 2880 operationibus
2784 2814 3124 2881 Opinionem,
3173 2817 3461 2885 imperitos
3486 2817 3591 2871 Ec-

328 2910 575 2981 Πατὲρες
609 2908 703 2962 επὶ
727 2910 826 2979 τῆς
854 2908 1014 2977 ,Θείας
1054 2905 1402 2977 δογματίζειν
1426 2906 1640 2977 ἐκείνης
1660 2906 1848 2969 οὐσίας
1876 2921 1895 2971 ;

2011 2901 2186 2956 clesiae
2212 2902 2490 2958 antistites
2522 2903 2578 2957 in
2622 2904 2960 2960 atbeismum
2998 2906 3249 2961 Palamas
3302 2909 3590 2979 impellat?

244 3038 247 3041 ν
331 3021 353 3057 ε
379 3004 592 3074 Ὥσπερ
618 3001 724 3072 γὰρ
747 3002 779 3070 ὴ
801 3001 961 3071 μονὰς
983 3001 1081 3053 οὐκ
1112 3001 1200 3065 ἂν,
1248 3018 1266 3051 ι
1293 3000 1445 3070 φησὶ,
1479 3017 1497 3051 ι
1552 2999 1782 3071 τμηθείη
1821 3001 1900 3062 είς

329 3096 564 3165 μονάδας
591 3094 681 3147 δύο
710 3094 766 3165 (ἡ
800 3094 906 3163 γὰρ
931 3094 1011 3156 είς
1034 3092 1208 3147 ταῦτα
1231 3093 1583 3164 διαιρουμένη
1610 3092 1787 3146 οὐκᾶν
1813 3092 1902 3164 είη

327 3186 665 3256 μονὰς,ἀλλ5ι
694 3185 870 3254 δυὰς),
890 3183 1033 3237 οὕτω
1056 3187 1089 3254 ἡ
1113 3185 1260 3252 ὲνέις,
1278 3186 1417 3241 κατὰ
1441 3184 1540 3254 τὴν
1560 3182 1737 3252 ἄκραν
1760 3182 1901 3237 ἕνωσ-

332 3296 439 3343 σιν,
465 3281 566 3331 οὐκ
592 3277 657 3331 ἂν
678 3278 755 3340 είς
784 3275 877 3329 δύο
900 3276 1204 3345 διαιρεθείη
1228 3276 1441 3345 φύσεις.
1461 3276 1535 3328 Οὐ
1564 3276 1673 3345 γὰρ
1695 3275 1901 3338 ἁπλοῦς

325 3370 709 3440 ἔσται,ξφησ’.ν,
736 3373 764 3421 ό
791 3367 899 3421 τῶν
930 3368 1064 3421 ὅλων
1092 3367 1223 3429 Θεὸς
1268 3367 1349 3419 ἔτι
1380 3366 1473 3436 τὴν
1501 3364 1683 3435 φύσιν,
1741 3366 1900 3435 εἴπερ

324 3463 473 3516 ἐστὶν
508 3463 671 3532 ἑτέρα
696 3460 825 3530 παρ’
855 3459 1017 3512 αὐτὸν
1056 3460 1169 3530 ήὲν
1225 3458 1373 3529 αὐτῷ
1437 3458 1570 3526 ζωή.
1609 3457 1707 3527 Εῐη
1731 3456 1776 3510 δ’
1833 3460 1900 3510 ἂν

324 3554 420 3606 καὶ
442 3552 643 3623 μείζων
668 3549 855 3615 αὐτοῦ,
873 3552 966 3602 καὶ
984 3552 1041 3604 ἐν
1059 3550 1342 3620 ἀμείνοσιν
1374 3548 1741 3618 ὰσυγκρίτως,
1768 3550 1793 3600 ό
1821 3547 1899 3612 ὡς

324 3646 427 3699 οὐκ
457 3645 630 3714 ἔχοντι
660 3643 779 3706 δοὺς
804 3641 902 3712 τὴν
922 3640 1086 3711 ζωὴν,
1116 3641 1274 3711 εἴπερ
1318 3640 1452 3701 ὅλως
1475 3638 1629 3709 ἁλοίη
1659 3639 1891 3693 λαϐὼν.»

288 3741 299 3749 ’
340 3735 484 3790 Ἀλλ’
512 3736 541 3787 ό
567 3735 828 3804 ὑμέτερος
849 3732 1166 3795 διδασκαλος
1194 3733 1454 3801 Παλαμᾶς
1485 3729 1584 3789 (δεῖ
1613 3730 1719 3801 γὰρ
1752 3730 1895 3784 ὲκεί-

327 3847 406 3898 νῳ
446 3828 803 3897 περιγράφειν
826 3825 922 3888 τὰς
948 3826 1057 3875 τῶν
1075 3823 1330 3875 τοιούτων
1376 3823 1555 3883 αἰτίας
1580 3821 1790 3885 κακῶν,
1833 3819 1894 3873 οὐ

335 3914 520 3990 μόνοις
555 3919 682 3986 ὑμῖν
708 3918 900 3987 ἐκείνῳ
930 3915 1349 3986 μαθητευῡεῖσιν
1378 3914 1649 3983 ἐγκαλεῖν)
1675 3912 1734 3965 οὐ
1778 3912 1896 3981 μεθ’

327 4011 631 4080 ὑποστολῆς
658 4027 820 4075 τινος,
841 4006 949 4061 οὐδ’
981 4007 1399 4077 αἰνιγματωδῶς
1430 4022 1565 4070 πως,
1594 4002 1708 4057 ἀλλ’
1738 4004 1894 4057 ἀναι-

333 4107 441 4168 δῶς
474 4104 574 4158 καὶ
597 4103 915 4175 διαρρήδην,
936 4102 1138 4173 κυρίω,
1163 4100 1422 4169 θεότητας
1448 4097 1766 4167 δογματίζει
1798 4097 1894 4167 τὴν

328 4197 629 4265 ἐνέργειαν,
648 4197 742 4247 καὶ
757 4192 874 4262 apta
902 4190 1045 4262 ζωὴν
1072 4192 1162 4243 καὶ
1187 4189 1382 4258 σοφίαν
1408 4193 1499 4243 καί
1523 4187 1777 4257 βούλησιν
1799 4187 1893 4240 καὶ

2008 3006 2218 3061 Deinde
2246 3021 2378 3061 vero
2406 3008 2498 3077 qui
2536 3007 2654 3063 ﬁeri
2685 3018 2892 3078 posset.
2941 3018 3001 3064 ut
3039 3010 3145 3065 ista
3173 3011 3360 3067 divina
3393 3028 3587 3083 opera-

2010 3100 2087 3156 tio
2118 3110 2268 3158 esset
2314 3116 2345 3155 a
2379 3101 2471 3157 Dei
2522 3103 2830 3157 substantia
2883 3103 3180 3159 distincta?
3207 3105 3276 3161 Ut
3332 3106 3480 3161 enim
3510 3110 3588 3161 ait

2007 3204 2230 3248 sanctus
2289 3192 2593 3258 Maximus,
2656 3212 2675 3246 ι
2708 3195 2914 3251 Eorum
2969 3212 3091 3266 quae
3144 3211 3268 3252 esse
3323 3199 3587 3253 dicuntur

2009 3283 2142 3336 nihil
2174 3282 2338 3336 habet
2366 3284 2594 3336 omnino
2626 3285 2849 3353 proprie
2874 3300 3017 3339 esse.
3055 3285 3227 3354 Igitur
3258 3286 3395 3339 nihil
3430 3302 3587 3356 pror-

2008 3388 2105 3428 sus
2130 3388 2237 3426 una
2261 3388 2385 3428 cum
2411 3373 2520 3427 Deo
2556 3373 2770 3443 1066
2803 3374 3030 3439 intelligi
3052 3375 3122 3429 ab
3152 3385 3358 3430 αξιοι-[ιο
3379 3388 3582 3446 potest.
3666 3362 3675 3367 ’

2006 3464 2153 3536 quod
2191 3464 2260 3518 ab
2290 3464 2412 3534 ipso
2442 3465 2885 3519 substantialitcr
2920 3465 3160 3527 din‘erat,
3220 3482 3326 3520 non
3377 3484 3580 3532 aevum,

2009 3571 2120 3609 non
2156 3564 2394 3625 tempus,
2430 3570 2611 3624 neque
2640 3555 2942 3625 quidquam
2977 3571 3190 3622 eorum,
3222 3571 3343 3625 qua:
3374 3558 3427 3611 in
3465 3575 3582 3614 aavo

2006 3655 2103 3700 aut
2121 3645 2173 3699 in
2197 3654 2445 3715 tempore
2460 3647 2755 3701 exsistunt.
2776 3646 2910 3699 Nam
2925 3645 3028 3700 ista
3046 3647 3174 3712 duo,
3196 3649 3411 3717 proprie
3433 3664 3579 3714 esse,

2004 3749 2059 3791 et
2093 3752 2202 3790 non
2239 3736 2457 3805 proprie
2505 3752 2649 3803 esse,
2687 3753 2966 3806 nunquam
3012 3738 3116 3791 sibi
3167 3739 3397 3793 invicem
3448 3757 3578 3795 con-

2004 3828 2240 3882 venient.
2266 3845 2286 3877 ι
2306 3826 2374 3881 Ει
2401 3826 2601 3880 iterum
2638 3845 2651 3881 :
2690 3844 2708 3877 ι
2741 3827 2875 3883 Cum
2900 3829 2967 3883 de
2986 3826 3369 3894 Deodicimus,
3399 3830 3575 3899 ipsum

2003 3933 2125 3972 esse
2167 3933 2287 3983 ens,
2346 3918 2574 3982 bonum,
2627 3918 3122 3988 Deum,opilicem,
3156 3923 3579 3990 supersubstan—

2004 4009 2211 4073 tialem,
2262 4008 2558 4076 inﬁnitum,
2596 4010 2988 4075 immortalem,
3022 4022 3078 4066 et
3100 4012 3202 4066 alia
3236 4012 3575 4082 hujusmodi,

2000 4118 2110 4157 non
2132 4100 2516 4157 substantiales
2539 4100 2878 4156 diderentias
2903 4102 3272 4172 signiﬁcamus
3291 4113 3379 4174 (ne
3397 4109 3575 4179 ipsum

2001 4211 2066 4250 ex
2099 4196 2166 4250 iis
2193 4196 2556 4266 compositum
2581 4209 2703 4250 esse
2745 4195 3145 4264 praediiemus),
3169 4198 3264 4252 sed
3315 4201 3577 4269 quaslam

330 4286 591 4356 φρόνησιν
611 4286 704 4337 καὶ
737 4284 915 4352 ἱσχύν,
953 4282 1047 4333 καὶ
1075 4280 1144 4333 τὰ
1172 4279 1415 4344 τοιαῦτα,
1440 4282 1534 4332 καὶ
1550 4277 1896 4347 ἀσυγκρίτως

2011 4289 2526 4355 denoutinationes,
2583 4302 2703 4358 quae
2761 4287 2892 4341 licet
2970 4285 3238 4342 denotent
3292 4268 3576 4360 quidpiam

325 4377 537 4448 ἀμείνω
558 4379 653 4448 τῆς
669 4366 857 4437 οὐσίας
876 4374 1107 4436 ἕκαστα,
1125 4372 1357 4442 διάφορά
1377 4389 1434 4424 τε
1456 4372 1587 4425 ὄντα
1604 4374 1696 4443 τῆς
1713 4372 1899 4436 οὐσίας

330 4470 428 4522 καὶ
458 4467 721 4537 ἀλλήλων.
767 4468 907 4537 Περὶ
935 4461 1010 4521 ῶν
1044 4466 1137 4517 καί
1163 4467 1191 4517 ὁ
1221 4464 1362 4526 θεῖος
1383 4462 1523 4533 ἔφθη
1551 4465 1898 4534 προειρηκὼς

339 4560 655 4622 ’Λθανὰσιος
687 4559 798 4629 (62)
832 4573 844 4588 ι
875 4558 947 4622 ῶς
983 4576 1001 4609 ι
1039 4556 1343 4625 Οίρισεόείς
1366 4554 1427 4607 οὐ
1474 4554 1687 4608 θέλουσι
1740 4554 1897 4623 λόγον

327 4658 424 4709 καὶ
447 4652 637 4721 σοςίαν
673 4652 768 4706 καὶ
810 4651 1003 4723 βουλὴν
1034 4650 1214 4714 ζῶσαν
1270 4643 1409 4701 εἶναι
1444 4647 1535 4700 τὸν
1590 4647 1740 4714 Υίὸν,
1773 4649 1900 4720 περὶ

324 4749 383 4803 δὲ
418 4752 509 4804 τὸν
529 4746 660 4804 Θεὸν
691 4749 949 4817 φρόνησιν
983 4752 1075 4803 καὶ
1118 4744 1374 4818 βούλησιν
1430 4741 1522 4796 καὶ
1572 4745 1786 4814 σοφίαν.
1822 4747 1900 4813 ὡς

327 4841 446 4909 ἕξιν
479 4849 880 4918 συμϐαίνουσαν
910 4850 1003 4901 καὶ
1024 4843 1565 4913 ,ἀποωμόαίνουσαν.
1592 4863 1611 4896 ι
1665 4847 1773 4899 Καὶ
1796 4844 1899 4900 αὗ-

329 4934 416 4996 Θις
448 4938 474 4987 ὁ
508 4938 679 5007 μέγας
736 4938 904 5007 ἔφησε
938 4937 1185 5005 Μάξιμος
1215 4932 1331 5004 (65)
1362 4948 1375 4962 ⁸
1418 4952 1437 4985 t
1478 4934 1569 5003 Μὴ
1612 4935 1750 4999 ἔξεις
1806 4935 1899 4990 καὶ

329 5029 775 5101 ἑπιτηδειότητας
806 5028 1049 5101 ζητήσῃς
1079 5030 1173 5084 ἐπὶ
1218 5027 1315 5097 τῆς
1344 5027 1523 5098 ἁπλῆς
1544 5030 1637 5083 καὶ
1668 5031 1896 5099 ἀπείρου

330 5123 518 5186 οὐσίας
546 5123 641 5194 τῆς
674 5124 835 5194 ἁγίας
864 5125 1110 5196 Τριάδος,
1150 5125 1235 5179 ῐνα
1295 5127 1370 5197 μὴ
1412 5125 1679 5180 ,σύνθετον
1727 5123 1896 5194 αὐτὴν

2004 4396 2230 4443 eorum,
2289 4396 2412 4450 qua:
2464 4379 2611 4433 circa
2668 4379 2845 4447 ipsum
2907 4377 3072 4431 Deum
3126 4382 3574 4447 considerantur,

2004 4471 2144 4526 nihil
2175 4480 2355 4525 tamen
2386 4469 2455 4525 de
2488 4470 2610 4540 ejus
2635 4469 2940 4524 substantia
2968 4475 3025 4523 et
3071 4478 3267 4522 natura
3300 4469 3576 4523 delarant.

2005 4560 2266 4627 Quaedam
2317 4559 2465 4615 enim
2530 4561 2861 4631 signiﬁcant,
2930 4574 3051 4627 qua:
3104 4558 3303 4614 divintc
3369 4572 3579 4614 natura:

2010 4663 2343 4724 congruunt,
2396 4653 2567 4721 ipsam
2596 4666 2727 4706 vero
2778 4661 3031 4706 naturam
3085 4668 3193 4705 non
3242 4653 3578 4723 designant:

2004 4747 2152 4817 quod
2208 4743 2578 4801 constitutivis
2631 4752 2687 4798 et
2737 4743 3193 4798 substantialibus
3248 4742 3578 4796 ditl'erentiis

2005 4841 2287 4911 preprium
2337 4846 2441 4893 est.
2499 4856 2517 4888 ι
2563 4834 2627 4889 Et
2681 4850 2918 4889 rursus:
2956 4854 2974 4887 ι
3010 4834 3326 4888 Substantia
3369 4834 3574 4896 omnis,

2006 4949 2130 4987 cum
2178 4931 2454 5002 propriam
2505 4946 2691 4985 secum
2742 4929 3003 4999 importet
3049 4928 3464 4990 deﬁnitionem,
3509 4942 3577 4981 ex

2003 5038 2200 5083 natura
2247 5043 2345 5083 sua
2409 5027 2741 5098 principium
2796 5035 2880 5080 est
2928 5024 3077 5078 illius
3129 5034 3332 5088 motus,
3392 5024 3483 5094 qui
3526 5024 3576 5077 ei

2006 5122 2329 5176 substantia:
2365 5120 2558 5175 saltem
2607 5121 2675 5174 de
2722 5118 2969 5189 potentia
3006 5118 3187 5172 incssc
3231 5117 3575 5185 intelligitur.

1681 5217 2012 5279 Vat-iurum
2058 5222 2248 5278 notae.

404 5320 517 5392 (δῖ)
550 5319 692 5392 Deus
726 5337 886 5391 neque
930 5323 1246 5392 principium
1283 5330 1426 5379 est...
1461 5337 1622 5391 neque
1649 5320 1893 5375 substan-

332 5390 432 5444 tia.
470 5390 842 5461 Subintclligc,
878 5390 1179 5446 creaturam
1205 5392 1375 5446 rerum
1420 5390 1582 5453 more,
1617 5405 1775 5461 prout
1809 5392 1896 5443 lu-

257 5522 261 5526 ,
332 5462 587 5536 culenter
621 5460 860 5536 explicat
905 5462 1046 5515 idem
1099 5460 1647 5536 sanctus/liminum,
1682 5471 1814 5536 tom.
1853 5460 1891 5523 Ι,

333 5545 459 5599 pag.
495 5530 597 5585 46'2
623 5529 1140 5603 et7t65.lpsumtnct
1167 5534 1412 5598 consule,
1435 5532 1478 5587 si
1504 5534 1679 5585 lubet;
1699 5529 1896 5586 (miru-

336 5614 498 5656 BONN.

2075 5320 2187 5392 (6:2)
2218 5317 2372 5392 Orat.
2428 5317 2485 5379 4.
2535 5326 2727 5373 contra
2783 5319 2972 5373 Arian.
3032 5324 3162 5370 tom.
3204 5312 3246 5379 Ι,
3289 5328 3412 5383 pag.
3446 5312 3574 5389 515,

1996 5388 2136 5447 edit.
2168 5388 2273 5444 vet.
2309 5388 2636 5443 Caersnoxs.

2073 5463 2185 5530 (65)
2236 5459 2519 5527 Capitibus
2573 5458 2641 5514 dc
2702 5458 2970 5514 charitate
3020 5465 3154 5513 tom.
3191 5454 3234 5518 l,
3287 5468 3408 5526 pag.
3445 5453 3574 5512 5M.

2003 5530 2325 5588 Carrsnoxx.
