4006 6210
448 206 471 241 ἔ

579 151 711 217 13ἐ>1
858 146 909 219 [Α
979 164 1034 203 u.
1077 148 1372 212 6859.1Nv-
1416 144 1470 215 4]
1772 145 2159 208 NtCEPHon

2118 146 2191 205 Rl
2227 145 2631 208 GREGORE.
2900 141 3033 217 [tum
3072 158 3114 196 ι.
3152 156 3413 199 casucuz.
3444 146 3489 215 iii
3602 156 3700 222 ιδῃ

573 265 794 334 pliciter
821 264 985 318 etiam
1045 272 1101 318 et
1140 261 1486 317 uniformiter
1536 269 1617 316 est
1669 275 1735 316 ex
1787 271 1984 314 natura
2049 273 2145 315 sua

2122 273 2145 311 a
2179 267 2221 321 Α
2251 274 2377 321 τους
2405 257 2751 328 δογματίζων
2807 257 3091 339 ἐκτίστᾳυς
3132 260 3367 329 Θιότητας
3412 263 3587 330 πάντως
3619 270 3704 324 διὰ.

574 374 738 412 omne
771 360 998 421 bonum,
1028 365 1085 412 et
1122 371 1286 411 omne
1310 353 1606 425 pulchrum
1642 355 1957 419 essentiale,
1989 369 2154 423 supra

2124 370 2154 409 ο
2255 349 2436 417 στημά
2474 365 2526 402 τι
2557 350 2670 401 νοεῖ
2703 348 2931 417 μεταξύ.
2986 348 3150 403 Τοῦτο
3170 350 3216 403 δ’
3255 344 3450 421 ἄπειροπ)
3494 356 3614 426 ὁτῆς
3636 377 3704 430 με.

575 465 741 520 quam
794 449 1082 517 quisquam
1134 448 1422 502 hominum
1480 446 1786 516 intelligere
1843 445 2018 515 possit
2063 453 2157 497 aut

2124 453 2158 497 ιι
2257 442 2478 510 advnto;
2505 439 2644 496 εἶναι
2673 444 2733 496 οὐ
2766 444 2951 497 δίδωσι
2982 445 3134 513 λόγος
3153 460 3169 475 ο
3207 447 3329 515 μηδὲ
3355 449 3449 518 γὰρ
3481 456 3706 520 regnatur

574 554 854 607 enarrare.
900 540 1030 605 Qua:
1082 554 1213 594 vero
1269 540 1324 594 in
1384 540 1489 593 hac
1552 553 1740 593 rerum
1797 536 2156 615 universitate

2126 550 2159 589 e
2256 533 2355 603 τὴν
2384 533 2643 604 ἀπειρίαν
2674 536 2904 607 βαθμοῖς
2938 540 3034 591 καὶ
3093 540 3303 614 μέτροις
3353 543 3452 594 τισὶ
3494 544 3706 599 dicarint.

577 631 809 699 pnlchra
840 630 1134 694 habentur,
1170 645 1280 684 non
1323 637 1391 684 ex
1441 628 1660 699 prapria
1710 636 1926 691 natura,
1967 641 2159 680 verum

2129 641 2159 680 n
2262 630 2406 683 σθαι.
2443 626 2564 689 Πῶς
2588 629 2696 699 γὰρ
2724 630 2791 684 ἂν
2819 630 3010 699 (φησιν
3046 630 3074 681 ὁ
3103 631 3239 693 θεῖος
3270 630 3545 702 Γρηγόρως)
3572 653 3711 707 μετρη.

577 723 949 791 depcndenter
974 738 1001 776 a
1031 722 1334 777 constituto
1386 722 1592 791 aliquo,
1638 722 1866 791 pulchra
1916 730 2065 785 sunt,
2096 729 2153 774 et

2135 729 2153 774 t
2266 721 2382 789 οείη
2403 720 2461 774 τὸ
2489 721 2735 790 ἄπειρον,
2773 720 2840 773 ἶν’
2873 718 2903 771 ὃ
2922 719 3028 771 τῶν
3046 722 3444 789 περατουμὲνων
3467 725 3581 786 ἐστὶ.
3604 726 3712 780 auito

577 815 776 870 divinae
802 813 1234 884 pulchritudinis
1270 815 1488 869 nonnisi
1528 814 1824 868 obscuram
1860 813 2153 882 imaginem

2128 828 2153 864 ιι
2261 812 2413 885 πάθῃ
2447 811 2661 882 θεότης,
2689 810 2919 880 βαθμοῖς
2945 811 3285 881 μετρουμένη
3306 812 3393 865 καὶ
3420 814 3710 881 ὐπῡϐἁσεσιςι

577 909 861 963 exhibent.
889 908 1001 962 Nos
1068 918 1274 972 autem,
1345 907 1685 976 posteriores
1746 905 1896 969 facti,
1950 904 2096 959 bona
2155 902 2403 974 quaedam
2446 905 2723 991 exsistere
2762 904 3037 975 posterius
3086 903 3247 957 etiam
3276 902 3425 968 facta,
3467 906 3715 975 experientia

580 1013 719 1060 teste
748 1005 1042 1060 discimus:
1098 1015 1263 1072 atque
1295 1004 1493 1058 exinde
1536 1004 1604 1057 ad
1653 1003 1821 1058 Deum
1872 1000 2188 1073 hujusmodi
2229 1000 2371 1056 bona
2448 1000 2773 1063 referentes,
2829 1014 2893 1053 ex
2932 999 2998 1053 iis
3042 1000 3294 1054 omnibus
3333 1000 3483 1055 Deum
3511 1002 3635 1056 talem
3658 1003 3717 1071 de.

580 1099 950 1161 nominamus,
981 1096 1158 1165 qualis
1189 1104 1272 1150 est
1310 1110 1377 1149 ex
1409 1108 1600 1149 natura
1656 1112 1751 1149 sua
1788 1114 1803 1149 :
1856 1110 1965 1149 non
2012 1094 2157 1164 quod
2197 1108 2263 1148 ex
2337 1093 2448 1147 illis
2482 1093 2818 1161 compositus
2875 1092 2970 1155 sit,
2996 1092 3436 1161 quemadmodum
3472 1094 3601 1149 nobis
3624 1100 3718 1150 acci-

580 1190 683 1244 dit.
735 1191 862 1245 llazc
899 1190 1047 1244 cnim
1113 1196 1244 1243 sunt
1306 1189 1526 1243 nomina
1605 1198 1659 1242 et
1711 1198 2022 1243 nostrarum
2077 1187 2435 1257 cogitationes
2484 1186 2832 1248 animarum;
2905 1200 3027 1254 qua:
3087 1201 3210 1239 cum
3243 1185 3297 1239 in
3335 1184 3466 1257 adyti
3523 1190 3717 1243 vestibulo

580 1283 806 1352 degant,
836 1282 932 1336 Dei
972 1293 1153 1337 tamen
1217 1289 1466 1336 naturam
1529 1279 1810 1335 curiosius
1845 1280 2050 1335 audent
2111 1281 2470 1349 perscrutari,
2538 1293 2728 1333 verum
2776 1277 2845 1333 de
2890 1278 3092 1334 divinis
3133 1266 3399 1333 attributis
3456 1280 3570 1333 nihil
3605 1298 3721 1336 enun-

582 1380 723 1434 tiare
782 1386 1032 1448 possunt,
1097 1394 1225 1433 suas
1282 1376 1543 1432 duntaxat
1591 1377 1875 1447 passiones
1922 1386 1979 1431 et
2029 1391 2158 1447 erga
2199 1376 2367 1429 Deum
2446 1375 2770 1431 affectiones
2832 1374 3131 1443 declarant,
3177 1383 3288 1429 tum
3325 1375 3721 1446 diﬂicultatesqnas

583 1473 869 1542 patiuntur
926 1479 982 1525 et
1061 1478 1242 1526 errata
1306 1471 1361 1524 in
1442 1485 1564 1539 qua:
1631 1469 1984 1540 impingunt,
2053 1484 2162 1523 non
2239 1469 2463 1539 quidem
2517 1468 2848 1534 evidenter;
2940 1469 3037 1523 sed
3090 1467 3305 1523 indiciis
3346 1468 3620 1538 quibusdam
3662 1470 3721 1523 dc-

583 1577 904 1623 monstrant
957 1567 1026 1623 iis
1089 1567 1182 1636 qui
1223 1581 1287 1621 ea
1331 1565 1517 1620 valent
1589 1566 1970 1636 intelligere.»
2037 1562 2232 1620 Vester
2269 1574 2450 1620 autem
2532 1566 2794 1636 magister
2862 1564 3111 1621 Palamas
3181 1580 3498 1635 quaecunque
3539 1565 3593 1619 de
3649 1566 3721 1619 Deo

581 1674 708 1735 apte
769 1664 1177 1735 praedicantur,
1249 1671 1305 1717 et
1362 1661 1773 1732 intelliguntur,
1853 1662 2081 1718 totidem
2137 1662 2457 1717 divinitates
2506 1677 2629 1717 esse
2658 1660 2990 1725 'iucreatas,
3032 1677 3063 1716 a
3116 1677 3176 1717 se
3229 1661 3449 1717 invicem
3493 1661 3721 1726 distinctas,

583 1757 1018 1829 independentes
1090 1755 1412 1811 existimat:
1467 1754 1672 1824 quibus
1739 1755 1835 1809 Dei
1916 1754 2184 1826 judicium
2263 1763 2320 1810 et
2399 1756 2736 1827 majestatem
2819 1755 3201 1819 adnumerat,
3280 1763 3331 1810 et
3405 1755 3497 1809 alia
3555 1753 3721 1818 inﬁnita;

585 1865 727 1924 quae,
758 1852 1011 1907 adductis
1062 1852 1119 1907 in
1177 1850 1417 1906 medium
1476 1851 1652 1921 ipsius
1699 1850 1932 1905 Palamae
1972 1851 2176 1916 verbis,
2216 1851 2613 1919 ostendemus;
2667 1861 2728 1906 ut
2772 1866 2960 1922 supra,
3017 1851 3305 1906 moderate
3374 1851 3491 1905 licet
3529 1859 3574 1904 et
3624 1866 3722 1911 raro,

585 1963 620 2003 a
647 1947 806 2002 nobis
854 1946 1061 2000 factum
1113 1954 1219 2001 est.
1272 1945 1542 2000 Nimirum
1577 1960 1690 1999 non
1746 1944 2008 2016 intelligit
2053 1945 2171 2000 haec
2212 1946 2420 2015 1071
2464 1943 2568 1999 SS.
2615 1945 2837 1999 Patrum
2908 1944 3123 1999 verba:
3165 1963 3183 1997 ι
3219 1943 3488 1999 Credimus
3526 1943 3568 1996 in
3611 1958 3722 1996 unum

588 2041 787 2101 Deum,
818 2054 989 2094 unum
1027 2038 1361 2109 principium
1406 2037 1664 2108 principii
1696 2052 1917 2109 expers,
1982 2039 2289 2093 iucreatum
2359 2045 2493 2102 etc.,
2558 2052 2722 2092 unam
2766 2046 3121 2106 potestatem,
3190 2053 3350 2092 unam
3384 2035 3721 2098 dominationem.

588 2152 763 2192 unum
813 2150 1088 2205 regnum;
1124 2133 1269 2204 quod
1308 2136 1362 2188 in
1398 2135 1577 2190 tribus
1602 2120 1868 2205 perlectis
1913 2134 2171 2204 personis
2215 2133 2559 2204 agnoscitur,
2620 2141 2680 2190 et
2741 2132 3066 2189 adoratione
3108 2135 3273 2190 unica
3316 2133 3561 2188 adorator.
3592 2131 3726 2197 tonas

586 2232 737 2288 enim
770 2231 885 2285 Deo
916 2230 1217 2285 tribuimus
1246 2230 1648 2301 appellationes
1691 2229 1978 2299 plurimas,
2033 2231 2197 2284 unica
2236 2236 2293 2285 et'
2348 2227 2594 2285 solitaria
2626 2229 2981 2285 conclusione
3021 2245 3252 2300 magnus
3286 2230 3503 2284 Joannes
3524 2226 3723 2283 conclusit

589 2326 659 2383 Et
706 2342 839 2381 vero
896 2327 941 2381 si
1001 2326 1303 2381 multitudo
1360 2327 1731 2382 increatarum
1783 2327 2170 2392 divinitatum,
2214 2342 2352 2396 quas
2410 2325 2660 2381 Palamas
2730 2325 2961 2391 invexit,
2991 2326 3161 2382 habet
3191 2342 3257 2382 ex
3288 2335 3466 2381 natura
3494 2341 3571 2379 sua
3597 2322 3724 2379 identi-

592 2427 789 2480 tatem.
816 2430 873 2475 et
906 2420 1168 2476 iucreataa
1196 2422 1274 2476 rei
1308 2421 1709 2487 conditionem,
1763 2423 1875 2494 jam
1941 2423 2034 2477 illa
2101 2422 2396 2478 multitudo
2434 2437 2545 2477 non
2582 2421 2690 2478 erit
2735 2422 3034 2479 multitudo
3061 2464 3078 2489 ,
3126 2425 3222 2480 sed
3270 2424 3457 2478 unitas.
3499 2421 3588 2478 Hoc
3618 2423 3725 2492 igitur

597 2530 709 2568 non
746 2513 1145 2568 animadvertit
1191 2514 1485 2581 Palamas;
1557 2516 1703 2585 quod
1752 2516 1966 2572 scilicet
2030 2516 2261 2572 deitates
2300 2516 2422 2572 illas
2484 2525 2698 2572 asserat
2741 2532 2864 2572 esse
2906 2517 3039 2587 quid
3103 2534 3273 2573 unum
3308 2534 3441 2577 ,cum
3485 2516 3725 2571 substantia:

595 2610 744 2663 unde
772 2624 882 2663 non
910 2619 1058 2664 recte
1089 2609 1369 2681 inteHigit,
1388 2626 1511 2681 quae
1539 2622 1690 2668 recte
1719 2612 1990 2668 enuntiat.
2011 2611 2168 2679 Quod
2207 2613 2355 2668 enim
2391 2613 2536 2668 idem
2568 2623 2673 2679 est,
2707 2629 2816 2668 non
2842 2624 2926 2669 est
2956 2614 3133 2678 aliud,
3167 2630 3342 2685 neque
3385 2613 3640 2676 multitudo,
3666 2624 3725 2666 seu

591 2708 875 2765 naturam,
922 2716 1017 2756 seu
1047 2702 1408 2757 substantiam
1434 2713 1669 2773 spectes.
1697 2705 1754 2761 Si
1773 2693 1906 2760 vero
1923 2706 2098 2776 gratia
2120 2707 2407 2772 duntaxat,
2427 2707 2892 2776 quemadmodum
2927 2707 3211 2774 homines,
3229 2709 3342 2763 illas
3376 2708 3631 2763 divinitates
3654 2720 3730 2759 esse

599 2793 735 2863 quid
765 2810 937 2848 unum
973 2804 1030 2850 et
1061 2795 1366 2850 increatum
1404 2806 1611 2852 statuat
1640 2798 1912 2864 Palamac,
1942 2815 2050 2853 non
2095 2800 2333 2856 advertit
2361 2815 2391 2853 a
2423 2815 2483 2855 se
2516 2798 2771 2854 aﬂirmari
2819 2799 3084 2855 deitatum
3120 2801 3442 2872 oltujusmodi
3470 2801 3729 2856 increa'aruta

596 2886 1011 2942 multitudinem
1043 2902 1166 2942 esse
1195 2888 1323 2955 quid
1361 2889 1503 2943 idem
1535 2906 1658 2945 eum
1703 2891 2053 2946 hominibus:
2082 2904 2138 2946 et
2182 2893 2260 2948 sic
2296 2894 2447 2964 juxta
2474 2894 2707 2948 Palama:
2731 2894 3255 2965 sententiam,quod
3290 2897 3555 2951 increatum
3574 2902 3731 2958 est,nott

592 2978 703 3031 erit
759 2980 1088 3044 inereatum,
1141 2979 1236 3033 sed
1295 2990 1563 3035 creatum.
1619 2984 1754 3038 Nam
1813 3000 1935 3054 quae
1998 2986 2168 3041 multa
2209 2997 2361 3051 sunt,
2415 2986 2752 3042 exsistentia:
2791 2987 3082 3043 idcntitate
3156 2991 3442 3045 uniuntur:
3485 2987 3733 3060 quandoqui-

595 3068 719 3123 dem
755 3084 785 3122 a
828 3078 1025 3124 natura
1055 3070 1128 3124 ita
1170 3082 1549 3139 comparatum
1581 3084 1688 3137 est,
1723 3085 1783 3131 ut
1836 3093 1963 3147 qua!
2026 3078 2246 3133 diversa
2288 3094 2396 3133 non
2440 3088 2590 3142 sunt,
2618 3094 2822 3134 secum
2878 3081 3119 3136 invicem
3158 3084 3473 3139 conveniant
3522 3081 3733 3136 secundum

593 3172 809 3217 natura:
840 3174 893 3219 et
912 3164 1115 3236 gradus
1159 3168 1604 3236 similitudinem,
1652 3173 1745 3227 ubi
1812 3173 1962 3227 nulla
2030 3183 2115 3228 est
2192 3174 2506 3230 diversitas.
2552 3176 2701 3230 Alias
2747 3178 3025 3247 quomodo
3083 3183 3541 3234 commiscerent'zr
3587 3194 3632 3233 ea
3656 3188 3736 3243 qn:

596 3255 809 3309 directe
866 3271 929 3311 ac
983 3258 1151 3313 veluti
1195 3276 1225 3315 e
1271 3260 1546 3317 diametro
1591 3264 1696 3318 sibi
1769 3265 2005 3321 invicem
2076 3277 2456 3337 opponuntur,
2504 3278 2560 3322 et
2634 3269 2826 3324 saltem
2875 3271 3091 3325 ratione
3155 3288 3268 3327 suae
3317 3272 3603 3327 diversitatis
3638 3282 3735 3320 unu-

595 3362 757 3415 quam
790 3364 895 3402 non
937 3364 1122 3405 secum
1155 3350 1437 3421 pugnant?
1486 3354 1674 3425 Neque
1707 3360 1855 3412 enim
1905 3358 2023 3414 fieri
2070 3370 2298 3429 posset,
2340 3368 2399 3414 ut
2444 3360 2677 3416 alterum
2749 3364 2906 3418 alteri
2983 3364 3328 3420 luculentum
3396 3366 3572 3420 scilicet
3610 3360 3737 3416 interi-

596 3455 711 3498 tum
740 3446 963 3516 jamjam
1000 3449 1150 3501 omni
1186 3448 1334 3523 dicto
1372 3451 1538 3507 citius
1571 3469 1677 3507 non
1722 3465 1965 3524 pararet.
2000 3456 2171 3525 igitur
2205 3456 2298 3526 qui
2335 3465 2535 3528 prarter
2611 3459 2822 3529 1072
2884 3458 3131 3516 divinam
3163 3463 3526 3524 substantiam,
3549 3460 3738 3514 increuit

592 3537 911 3596 divinitates
947 3542 1084 3613 qlias
1150 3554 1208 3599 et
1242 3548 1595 3615 operationes
1636 3552 1849 3616 Statuit,
1920 3552 1965 3605 is
2005 3553 2250 3606 omnium
2289 3553 2575 3609 crcatricis
2637 3554 2941 3610 divinitatis
2991 3557 3261 3615 unitatem
3322 3557 3518 3614 evertit.
3569 3555 3736 3623 Naman

592 3648 821 3702 prorsus
858 3635 1198 3703 impossibile
1239 3650 1347 3703 est,
1381 3650 1439 3693 ut
1473 3640 1741 3697 deitatum
1772 3644 2067 3700 diversitas
2110 3646 2165 3701 in
2207 3648 2550 3702 iiléntitatem
2597 3650 2903 3703 naturalem
2966 3660 3148 3707 coeat.
3185 3654 3366 3723 itaque
3423 3651 3551 3707 nulla
3574 3649 3649 3702 luit
3672 3657 3735 3698 nec

592 3725 702 3777 erit
736 3743 977 3797 unquam
1031 3729 1275 3785 increata
1350 3732 1612 3789 divinitas
1661 3736 1790 3802 alia,
1862 3738 2347 3807 praetenditinam
2382 3750 2439 3795 et
2466 3740 2637 3795 solam
2705 3742 3069 3798 substantiam
3133 3745 3188 3800 iu
3227 3747 3398 3803 tribus
3436 3738 3739 3816 personist

594 3818 922 3897 sistentem;
957 3822 1175 3876 etiamsi
1210 3824 1494 3880 Palamitze
1530 3827 1678 3882 istud
1711 3830 2029 3885 ellutientes
2061 3830 2503 3903 disrumpantur.
2572 3834 2764 3905 Neque
2828 3851 2963 3892 vero
3009 3835 3347 3895 admittenda
3404 3850 3481 3894 est
3532 3834 3737 3907 paganica-

592 3926 714 3965 rum
775 3913 1002 3969 deorum
1053 3916 1371 3971 multitudo.
1403 3919 1480 3973 Ita
1509 3920 1657 3975 enim
1702 3923 1963 3991 praeclare
2010 3923 2178 3979 habet
2218 3914 2935 4000 celeberrimus'tlieologus
3001 3942 3231 3988 sanctus
3281 3933 3501 3989 Joannes
3535 3899 3774 3985 Damasre-I

595 4025 744 4065 ηυδε
792 4029 807 4059 ί
854 4010 911 4064 Si
952 4012 1171 4081 Plures.
1225 4012 1437 4084 lliqnit,
1486 4032 1609 4072 esse
1660 4017 1796 4073 deos
1845 4019 2170 4089 dixerimus,
2246 4038 2473 4078 necesse
2516 4036 2600 4079 est
2646 4034 2704 4079 ut
2772 4027 2875 4095 ipsi
2920 4026 3067 4082 inter
3112 4045 3174 4085 se.
3202 4029 3465 4084 differant.
3495 4027 3552 4081 Et
3592 4024 3739 4095 quidem

595 4106 748 4161 solus
781 4107 872 4160 ille
905 4107 1135 4163 omnino
1164 4118 1219 4164 et
1242 4112 1483 4166 totaliter
1513 4109 1661 4167 Deus
1699 4113 1827 4179 erit,
1859 4116 1953 4185 qui
1989 4118 2234 4173 totaliter
2261 4128 2315 4173 et
2362 4120 2588 4174 omnino
2644 4122 2921 4191 perfectus
2992 4124 3100 4181 erit
3162 4144 3176 4179 :
3237 4129 3528 4198 quicunque
3569 4131 3739 4178 autem

597 4212 813 4252 summe
863 4199 1105 4267 perfecto
1152 4202 1246 4256 illo
1274 4204 1628 4273 superabitur
1674 4209 1978 4262 secundum
2025 4210 2361 4278 bonitatem,
2426 4221 2521 4267 aut
2593 4215 2945 4285 sapientiam,
2990 4228 3086 4272 aut
3136 4202 3460 4290 potentiam,
3494 4226 3573 4274 aut
3605 4226 3738 4270 secun-

596 4295 727 4385 dum
771 4294 920 4348 aliud
954 4297 1263 4366 quidpiam,
1298 4299 1442 4354 Deus
1474 4316 1584 4355 non
1631 4301 1757 4357 erit.
1786 4303 1994 4360 Deinde
2026 4321 2179 4371 vero,
2221 4307 2267 4362 si
2334 4308 2490 4363 multi
2539 4309 2651 4366 sint
2692 4311 2805 4375 dii,
2839 4314 3117 4384 quomodo
3166 4316 3589 4385 incircumscripti
3620 4323 3742 4367 mane-

595 4384 900 4442 bunt?Ubi
952 4388 1099 4442 enim
1152 4390 1317 4445 fuerit
1369 4408 1537 4461 unus,
1590 4394 1667 4449 ibi
1716 4397 1854 4451 alter
1930 4414 2039 4453 non
2092 4401 2221 4457 erit.
2261 4403 2425 4472 Atqui
2475 4412 2658 4459 tamen
2686 4406 2926 4463 ’neccsse
2968 4419 3055 4468 est
3107 4423 3166 4469 ut
3225 4409 3670 4480 incircumscriptus
3696 4394 3741 4457 si1

600 4480 768 4541 Deus,
821 4488 878 4533 et
916 4482 1097 4535 omnia
1132 4485 1359 4554 repleat.
1396 4506 1414 4539 ι
1450 4488 1620 4559 Igitur
1660 4491 1787 4545 hinc
1829 4493 1995 4548 etiam
2042 4496 2505 4552 considerandum
2542 4509 2646 4565 est,
2712 4506 2991 4572 quomodo
3053 4509 3286 4566 stolidus
3345 4510 3581 4570 Palamas,
3620 4513 3738 4569 ιιθίῑυο

605 4585 817 4625 sacram
848 4572 1185 4644 Srripturam
1227 4578 1502 4636 ullatenus
1531 4582 1865 4655 intelligens,
1889 4588 2181 4644 manifeste
2221 4606 2439 4660 semper
2477 4596 2755 4649 censuerit
2792 4608 2847 4653 et
2884 4597 3154 4668 docuerit,
3174 4603 3336 4658 unius
3359 4601 3447 4657 Dei
3470 4596 3738 4655 substantiam

604 4672 661 4719 ct
698 4667 1080 4734 operationem
1114 4685 1143 4723 a
1177 4685 1235 4726 se
1267 4672 1503 4729 invicem
1550 4676 1799 4745 (ἥσει-τε,
1840 4697 2017 4752 neque
2058 4698 2220 4737 unam
2263 4684 2890 4746 duntaxatdivinitatem
2932 4692 3139 4749 admitti
3180 4712 3209 4750 a
3247 4711 3303 4752 se
3337 4692 3656 4751 declaraverit.
3680 4683 3738 4741 sed

612 4761 889 4865 inlinitas;
920 4780 1025 4820 nec
1053 4765 1296 4823 inﬁnitas
1332 4771 1641 4838 solum,sed
1670 4784 1727 4830 et
1752 4752 2051 4845 increatas;
2094 4796 2197 4835 nec
2235 4782 2615 4843 tantummodo
2641 4784 3039 4854 inereatas,sed
3065 4794 3291 4865 majores
3317 4801 3369 4848 et
3392 4786 3738 4846 minores.Porr0

606 4857 702 4956 {illi
736 4860 973 4930 lltajoccs
997 4874 1051 4917 et
1078 4866 1321 4922 minores
1356 4870 1628 4956 increatas
1656 4871 1887 4928 deitatcs
1910 4874 2229 4943 introducit,
2255 4876 2300 4932 is
2333 4878 2576 4948 profecto
2603 4881 2948 4940 intervallum
2974 4857 3243 4956 quoddam
3266 4891 3402 4945 inter
3417 4903 3503 4946 eas
3524 4888 3736 4954 excogitat-

604 4953 719 5052 lloc
763 4967 947 5012 autem
985 4958 1333 5017 intervallum
1362 4952 1638 5021 inﬁnitum
1677 4983 1799 5024 esse
1838 4971 2049 5042 1073
2090 4988 2198 5028 non
2235 4974 2443 5043 patitur
2490 4974 2659 5045 ipsius
2699 4979 2884 5045 medii,
2926 4952 3021 5036 seu
3056 4983 3345 5052 intervalli,
3373 4986 3500 5040 ratio
3545 4952 3735 5039 formatis.

600 5050 711 5106 l‘icc
753 5054 901 5107 enim
942 5055 1231 5113 inﬁnitatis
1274 5069 1472 5116 natura
1512 5064 1783 5135 ejusmodi
1842 5076 1942 5134 est,
1977 5079 2035 5122 ut
2084 5070 2346 5139 gradibus
2395 5078 2510 5125 tum
2548 5075 2927 5143 superioribus
2977 5086 3092 5135 tum
3144 5050 3481 5138 inferioribus
3532 5086 3737 5135 mensore-

595 5154 708 5200 tur.
743 5164 762 5197 ι
2176 5184 2179 5185 ν

674 5239 739 5293 Χ.
781 5240 1050 5307 Equidem
1101 5253 1347 5314 poteram
1414 5250 1520 5307 alia
1596 5255 1754 5325 plura
1811 5255 1911 5312 SS.
1942 5256 2164 5312 Patrum

598 5337 845 5403 prolerre
875 5336 1210 5403 testimonia.
1243 5342 1445 5410 quibus
1473 5356 1775 5412 constaret,
1808 5364 1990 5419 neque
2035 5366 2164 5420 ope-

598 5425 1079 5500 rationem,neque
1114 5432 1275 5487 ullam
1300 5435 1643 5504 qualitatem,
1666 5456 1842 5511 neque
1872 5442 2020 5496 aliud
2048 5461 2166 5498 om-

595 5514 729 5567 n’ino
764 5518 1065 5586 quidpiam,
1108 5521 1308 5580 divina:
1349 5525 1669 5583 substantim
1721 5541 2054 5586 coaateruunt
2110 5544 2166 5589 ct

2350 5260 2410 5319 I'.
2451 5258 2583 5329 Ἐμὲ
2613 5262 2670 5317 δὲ
2698 5264 2790 5318 καὶ
2829 5266 3051 5334 πλείους
3087 5274 3383 5346 μαρτυρίας
3410 5273 3576 5342 ἑτέρας
3602 5269 3736 5338 ἔχοντα

2276 5357 2462 5427 φέρειν
2484 5358 2677 5427 ἁγίων,
2703 5360 2832 5431 περί
2852 5378 2915 5430 γε
2932 5362 3025 5416 τοῦ
3047 5367 3182 5437 μήτε
3209 5367 3486 5438 ἐνέργειαν,
3517 5368 3631 5433 μήτε
3652 5355 3734 5410 τινὶ

2275 5451 2537 5520 ποιότητα
2554 5456 2689 5524 μήτε
2708 5470 2759 5507 τι
2780 5454 2887 5509 τῶν
2902 5458 3115 5511 πάντων
3137 5458 3193 5526 ἐξ
3214 5460 3374 5513 didicit
3394 5458 3593 5511 συνεῖναι
3608 5451 3736 5516 διάφο-

2277 5555 2369 5608 ρεν
2384 5540 2639 5598 δύἰαῖοαι
2668 5547 2733 5615 τῇ
2758 5544 2875 5616 Θείᾳ
2896 5547 3072 5621 οὐσίᾳ,
3095 5550 3185 5605 καὶ
3202 5552 3309 5620 ἅμα
3328 5550 3426 5611 τοῖς
3442 5546 3509 5617 τῷ
3524 5537 3732 5603 Καῦασίὶὲ
