  <div class='ocr_page' id='page_1' title='image "/cluster/home/n/w/nwhite01/storage/ocr_20150623/148/hvd.32044073502627/682.png"; bbox 0 0 4088 6212; ppageno 0'>
   <div class='ocr_carea' id='block_1_1' title="bbox 329 349 1090 422">
    <p class='ocr_par' dir='ltr' id='par_1_1' title="bbox 329 349 1090 422">
     <span class='ocr_line' id='line_1_1' title="bbox 329 349 1090 422; baseline -0.005 -14"><span class='ocrx_word' id='word_1_1' title='bbox 329 353 466 417; x_wconf 69' lang='lat'><strong>1353</strong></span> <span class='ocrx_word' id='word_1_2' title='bbox 717 349 794 422; x_wconf 52' lang='grc' dir='ltr'><strong>[Α.</strong></span> <span class='ocrx_word' id='word_1_3' title='bbox 835 366 887 405; x_wconf 73' lang='grc' dir='ltr'><strong>ο.</strong></span> <span class='ocrx_word' id='word_1_4' title='bbox 929 349 1090 421; x_wconf 69' lang='grc' dir='ltr'>ίδδί]</span> 
     </span>
    </p>
   </div>
   <div class='ocr_carea' id='block_1_2' title="bbox 1275 352 2544 415">
    <p class='ocr_par' dir='ltr' id='par_1_2' title="bbox 1275 352 2544 415">
     <span class='ocr_line' id='line_1_2' title="bbox 1275 352 2544 415; baseline -0.001 -1"><span class='ocrx_word' id='word_1_5' title='bbox 1275 354 1712 415; x_wconf 55' lang='grc' dir='ltr'><strong>ΒῩΖΑΝΤΙΝᾺΕ</strong></span> <span class='ocrx_word' id='word_1_6' title='bbox 1757 353 2134 412; x_wconf 53' lang='grc' dir='ltr'><strong>ΙΙΙΞἸὈΗΙΕ</strong></span> <span class='ocrx_word' id='word_1_7' title='bbox 2173 353 2314 412; x_wconf 70' lang='lat' dir='ltr'><strong>LIB.</strong></span> <span class='ocrx_word' id='word_1_8' title='bbox 2360 352 2544 413; x_wconf 68' lang='lat' dir='ltr'><strong>XXII.</strong></span> 
     </span>
    </p>
   </div>
   <div class='ocr_carea' id='block_1_3' title="bbox 2661 343 3322 420">
    <p class='ocr_par' dir='ltr' id='par_1_3' title="bbox 2661 343 3322 420">
     <span class='ocr_line' id='line_1_3' title="bbox 2661 343 3322 420; baseline -0.005 -21"><span class='ocrx_word' id='word_1_9' title='bbox 2661 345 2794 418; x_wconf 57' lang='lat' dir='ltr'><strong>[me</strong></span> <span class='ocrx_word' id='word_1_10' title='bbox 2838 361 2878 399; x_wconf 77' lang='grc' dir='ltr'>ι.</span> <span class='ocrx_word' id='word_1_11' title='bbox 2923 360 3216 400; x_wconf 60' lang='lat' dir='ltr'><strong>cunctis.</strong></span> <span class='ocrx_word' id='word_1_12' title='bbox 3262 343 3322 420; x_wconf 61' lang='grc' dir='ltr'><strong>ὅ]</strong></span> 
     </span>
    </p>
   </div>
   <div class='ocr_carea' id='block_1_4' title="bbox 3438 347 3574 414">
    <p class='ocr_par' dir='ltr' id='par_1_4' title="bbox 3438 347 3574 414">
     <span class='ocr_line' id='line_1_4' title="bbox 3438 347 3574 414; baseline -0.015 0"><span class='ocrx_word' id='word_1_13' title='bbox 3438 347 3574 414; x_wconf 61' lang='lat' dir='ltr'><strong>135i</strong></span> 
     </span>
    </p>
   </div>
   <div class='ocr_carea' id='block_1_5' title="bbox 323 463 1909 537">
    <p class='ocr_par' dir='ltr' id='par_1_5' title="bbox 323 465 1902 537">
     <span class='ocr_line' id='line_1_5' title="bbox 323 465 1902 537; baseline -0.003 -18"><span class='ocrx_word' id='word_1_14' title='bbox 323 465 634 534; x_wconf 78' lang='grc' dir='ltr'>προτεθεῖσι</span> <span class='ocrx_word' id='word_1_15' title='bbox 677 466 1128 537; x_wconf 83' lang='grc' dir='ltr'>κενοφωνήμασιν</span> <span class='ocrx_word' id='word_1_16' title='bbox 1162 467 1446 536; x_wconf 74' lang='grc' dir='ltr'><strong>ἐπιφέρειν</strong></span> <span class='ocrx_word' id='word_1_17' title='bbox 1476 467 1573 528; x_wconf 78' lang='grc' dir='ltr'><strong>τὰς</strong></span> <span class='ocrx_word' id='word_1_18' title='bbox 1600 465 1708 519; x_wconf 81' lang='grc' dir='ltr'><strong>τῶν</strong></span> <span class='ocrx_word' id='word_1_19' title='bbox 1731 465 1902 531; x_wconf 63' lang='grc' dir='ltr'>ἁγίων</span> 
     </span>
    </p>
   </div>
   <div class='ocr_carea' id='block_1_6' title="bbox 2010 463 3574 537">
    <p class='ocr_par' dir='ltr' id='par_1_6' title="bbox 2010 463 3574 532">
     <span class='ocr_line' id='line_1_6' title="bbox 2010 463 3574 532; baseline -0.001 -18"><span class='ocrx_word' id='word_1_20' title='bbox 2010 466 2073 514; x_wconf 86' lang='lat' dir='ltr'><strong>ab</strong></span> <span class='ocrx_word' id='word_1_21' title='bbox 2105 463 2218 532; x_wconf 84' lang='lat' dir='ltr'><strong>ipsa</strong></span> <span class='ocrx_word' id='word_1_22' title='bbox 2248 463 2563 516; x_wconf 88' lang='lat' dir='ltr'><strong>distinctum</strong></span> <span class='ocrx_word' id='word_1_23' title='bbox 2589 479 2704 515; x_wconf 74' lang='lat' dir='ltr'><strong>esse</strong></span> <span class='ocrx_word' id='word_1_24' title='bbox 2740 478 2918 532; x_wconf 76' lang='lat' dir='ltr'><strong>posse.</strong></span> <span class='ocrx_word' id='word_1_25' title='bbox 2951 463 3078 516; x_wconf 81' lang='lat' dir='ltr'><strong>Erat</strong></span> <span class='ocrx_word' id='word_1_26' title='bbox 3104 464 3267 518; x_wconf 89' lang='lat' dir='ltr'><strong>etiam</strong></span> <span class='ocrx_word' id='word_1_27' title='bbox 3298 465 3574 529; x_wconf 72' lang='lat' dir='ltr'><strong>inanium,</strong></span> 
     </span>
    </p>
   </div>
   <div class='ocr_carea' id='block_1_7' title="bbox 319 552 1899 625">
    <p class='ocr_par' dir='ltr' id='par_1_7' title="bbox 319 552 1899 625">
     <span class='ocr_line' id='line_1_7' title="bbox 319 552 1899 625; baseline -0.006 -15"><span class='ocrx_word' id='word_1_28' title='bbox 319 553 630 624; x_wconf 78' lang='grc' dir='ltr'>ἀντιλογίας</span> <span class='ocrx_word' id='word_1_29' title='bbox 661 555 1007 625; x_wconf 84' lang='grc' dir='ltr'>βουλόμενον,</span> <span class='ocrx_word' id='word_1_30' title='bbox 1035 554 1267 624; x_wconf 83' lang='grc' dir='ltr'>ἐπέσχεν</span> <span class='ocrx_word' id='word_1_31' title='bbox 1307 553 1775 623; x_wconf 79' lang='grc' dir='ltr'>ἐπαγγειλάμενος</span> <span class='ocrx_word' id='word_1_32' title='bbox 1801 552 1899 620; x_wconf 80' lang='grc' dir='ltr'>τὴν</span> 
     </span>
    </p>
   </div>
   <div class='ocr_carea' id='block_1_8' title="bbox 320 643 1900 718">
    <p class='ocr_par' dir='ltr' id='par_1_8' title="bbox 320 643 1900 718">
     <span class='ocr_line' id='line_1_8' title="bbox 320 643 1900 718; baseline -0.004 -18"><span class='ocrx_word' id='word_1_33' title='bbox 320 647 548 700; x_wconf 80' lang='grc' dir='ltr'>ἐκείνων</span> <span class='ocrx_word' id='word_1_34' title='bbox 573 646 895 718; x_wconf 68' lang='grc' dir='ltr'>ἀντίρρησιν</span> <span class='ocrx_word' id='word_1_35' title='bbox 929 647 1074 716; x_wconf 83' lang='grc' dir='ltr'>μάλα</span> <span class='ocrx_word' id='word_1_36' title='bbox 1102 647 1358 716; x_wconf 78' lang='grc' dir='ltr'>ἀσμένως</span> <span class='ocrx_word' id='word_1_37' title='bbox 1395 643 1730 698; x_wconf 77' lang='grc' dir='ltr'>ἀκούσεσθαι</span> <span class='ocrx_word' id='word_1_38' title='bbox 1779 643 1900 712; x_wconf 80' lang='grc' dir='ltr'>μετ’</span> 
     </span>
    </p>
   </div>
   <div class='ocr_carea' id='block_1_9' title="bbox 318 735 1904 809">
    <p class='ocr_par' dir='ltr' id='par_1_9' title="bbox 318 735 1904 809">
     <span class='ocr_line' id='line_1_9' title="bbox 318 735 1904 809; baseline -0.003 -18"><span class='ocrx_word' id='word_1_39' title='bbox 318 739 524 808; x_wconf 75' lang='grc' dir='ltr'>ὀλίγον.</span> <span class='ocrx_word' id='word_1_40' title='bbox 547 739 718 801; x_wconf 76' lang='grc' dir='ltr'>Αὐτὸς</span> <span class='ocrx_word' id='word_1_41' title='bbox 746 739 787 791; x_wconf 76' lang='grc' dir='ltr'><strong>δ’</strong></span> <span class='ocrx_word' id='word_1_42' title='bbox 818 740 876 792; x_wconf 82' lang='grc' dir='ltr'><strong>ἐν</strong></span> <span class='ocrx_word' id='word_1_43' title='bbox 904 737 1108 809; x_wconf 72' lang='grc' dir='ltr'>σπουδῇ</span> <span class='ocrx_word' id='word_1_44' title='bbox 1141 737 1375 808; x_wconf 75' lang='grc' dir='ltr'><strong>μεγίστῃ</strong></span> <span class='ocrx_word' id='word_1_45' title='bbox 1401 735 1722 805; x_wconf 78' lang='grc' dir='ltr'>πεποίηται,</span> <span class='ocrx_word' id='word_1_46' title='bbox 1770 735 1904 804; x_wconf 66' lang='grc' dir='ltr'>πρόδ-</span> 
     </span>
    </p>
   </div>
   <div class='ocr_carea' id='block_1_10' title="bbox 322 827 1899 902">
    <p class='ocr_par' dir='ltr' id='par_1_10' title="bbox 322 827 1899 902">
     <span class='ocr_line' id='line_1_10' title="bbox 322 827 1899 902; baseline -0.004 -17"><span class='ocrx_word' id='word_1_47' title='bbox 322 849 484 900; x_wconf 78' lang='grc' dir='ltr'>τερον</span> <span class='ocrx_word' id='word_1_48' title='bbox 513 832 965 901; x_wconf 83' lang='grc' dir='ltr'>παρεισενεγκεῖν</span> <span class='ocrx_word' id='word_1_49' title='bbox 999 828 1098 902; x_wconf 84' lang='grc' dir='ltr'><strong>τήν</strong></span> <span class='ocrx_word' id='word_1_50' title='bbox 1124 828 1331 899; x_wconf 79' lang='grc' dir='ltr'><strong>συνήθη</strong></span> <span class='ocrx_word' id='word_1_51' title='bbox 1359 828 1454 882; x_wconf 72' lang='grc' dir='ltr'>καὶ</span> <span class='ocrx_word' id='word_1_52' title='bbox 1489 827 1678 896; x_wconf 79' lang='grc' dir='ltr'>κοινὴν</span> <span class='ocrx_word' id='word_1_53' title='bbox 1736 843 1899 878; x_wconf 81' lang='grc' dir='ltr'>κατα-</span> 
     </span>
    </p>
   </div>
   <div class='ocr_carea' id='block_1_11' title="bbox 322 917 1902 995">
    <p class='ocr_par' dir='ltr' id='par_1_11' title="bbox 322 917 1902 995">
     <span class='ocr_line' id='line_1_11' title="bbox 322 917 1902 995; baseline -0.006 -18"><span class='ocrx_word' id='word_1_54' title='bbox 322 923 507 995; x_wconf 80' lang='grc' dir='ltr'>φυγὴν</span> <span class='ocrx_word' id='word_1_55' title='bbox 543 922 723 976; x_wconf 81' lang='grc' dir='ltr'>αὐτῶν</span> <span class='ocrx_word' id='word_1_56' title='bbox 755 924 812 976; x_wconf 92' lang='grc' dir='ltr'><strong>ἐν</strong></span> <span class='ocrx_word' id='word_1_57' title='bbox 869 923 930 975; x_wconf 77' lang='grc' dir='ltr'>οὐ</span> <span class='ocrx_word' id='word_1_58' title='bbox 993 921 1192 993; x_wconf 78' lang='grc' dir='ltr'>καιρῷ,</span> <span class='ocrx_word' id='word_1_59' title='bbox 1233 922 1293 974; x_wconf 86' lang='grc' dir='ltr'><strong>τὸ</strong></span> <span class='ocrx_word' id='word_1_60' title='bbox 1346 924 1403 971; x_wconf 86' lang='grc' dir='ltr'><strong>ἐν</strong></span> <span class='ocrx_word' id='word_1_61' title='bbox 1438 917 1711 988; x_wconf 76' lang='grc' dir='ltr'>Θαὸωρίῳ</span> <span class='ocrx_word' id='word_1_62' title='bbox 1761 917 1902 983; x_wconf 83' lang='grc' dir='ltr'>λέγω</span> 
     </span>
    </p>
   </div>
   <div class='ocr_carea' id='block_1_12' title="bbox 324 1008 1902 1084">
    <p class='ocr_par' dir='ltr' id='par_1_12' title="bbox 324 1008 1902 1084">
     <span class='ocr_line' id='line_1_12' title="bbox 324 1008 1902 1084; baseline -0.008 -15"><span class='ocrx_word' id='word_1_63' title='bbox 324 1016 466 1083; x_wconf 79' lang='grc' dir='ltr'>φῶς,</span> <span class='ocrx_word' id='word_1_64' title='bbox 509 1015 794 1084; x_wconf 78' lang='grc' dir='ltr'><strong>ἐνέργειαν</strong></span> <span class='ocrx_word' id='word_1_65' title='bbox 844 1013 1100 1066; x_wconf 77' lang='grc' dir='ltr'>ἄκτιστον</span> <span class='ocrx_word' id='word_1_66' title='bbox 1155 1013 1246 1065; x_wconf 74' lang='grc' dir='ltr'>καὶ</span> <span class='ocrx_word' id='word_1_67' title='bbox 1303 1011 1536 1080; x_wconf 80' lang='grc' dir='ltr'>θεότητα</span> <span class='ocrx_word' id='word_1_68' title='bbox 1604 1009 1741 1079; x_wconf 70' lang='grc' dir='ltr'>πρὸς</span> <span class='ocrx_word' id='word_1_69' title='bbox 1792 1008 1902 1059; x_wconf 82' lang='grc' dir='ltr'>τῶν</span> 
     </span>
    </p>
   </div>
   <div class='ocr_carea' id='block_1_13' title="bbox 323 1101 1900 1178">
    <p class='ocr_par' dir='ltr' id='par_1_13' title="bbox 323 1101 1900 1178">
     <span class='ocr_line' id='line_1_13' title="bbox 323 1101 1900 1178; baseline -0.009 -14"><span class='ocrx_word' id='word_1_70' title='bbox 323 1109 500 1178; x_wconf 79' lang='grc' dir='ltr'>ἁγίων</span> <span class='ocrx_word' id='word_1_71' title='bbox 566 1107 992 1178; x_wconf 75' lang='grc' dir='ltr'>ὀνομαζόμενον.</span> <span class='ocrx_word' id='word_1_72' title='bbox 1033 1124 1053 1158; x_wconf 86' lang='grc' dir='ltr'><strong>ι</strong></span> <span class='ocrx_word' id='word_1_73' title='bbox 1099 1105 1222 1169; x_wconf 64' lang='lat' dir='ltr'><strong>OG);</strong></span> <span class='ocrx_word' id='word_1_74' title='bbox 1277 1104 1406 1174; x_wconf 86' lang='grc' dir='ltr'>γὰρ,</span> <span class='ocrx_word' id='word_1_75' title='bbox 1453 1120 1473 1153; x_wconf 75' lang='grc' dir='ltr'><strong>ι</strong></span> <span class='ocrx_word' id='word_1_76' title='bbox 1550 1101 1754 1170; x_wconf 84' lang='grc' dir='ltr'>ἐλεγεν,</span> <span class='ocrx_word' id='word_1_77' title='bbox 1805 1119 1823 1151; x_wconf 76' lang='grc' dir='ltr'><strong>ι</strong></span> <span class='ocrx_word' id='word_1_78' title='bbox 1870 1101 1900 1168; x_wconf 84' lang='grc' dir='ltr'><strong>ή</strong></span> 
     </span>
    </p>
   </div>
   <div class='ocr_carea' id='block_1_14' title="bbox 325 1195 1902 1272">
    <p class='ocr_par' dir='ltr' id='par_1_14' title="bbox 325 1195 1902 1272">
     <span class='ocr_line' id='line_1_14' title="bbox 325 1195 1902 1272; baseline -0.006 -18"><span class='ocrx_word' id='word_1_79' title='bbox 325 1201 759 1272; x_wconf 85' lang='grc' dir='ltr'>παραδειχθείσα</span> <span class='ocrx_word' id='word_1_80' title='bbox 791 1199 1004 1268; x_wconf 85' lang='grc' dir='ltr'>θεότης,</span> <span class='ocrx_word' id='word_1_81' title='bbox 1048 1198 1216 1268; x_wconf 75' lang='grc' dir='ltr'>φησὶν</span> <span class='ocrx_word' id='word_1_82' title='bbox 1235 1199 1264 1250; x_wconf 91' lang='lat'><strong>6</strong></span> <span class='ocrx_word' id='word_1_83' title='bbox 1294 1197 1443 1260; x_wconf 87' lang='grc' dir='ltr'>θεῖος</span> <span class='ocrx_word' id='word_1_84' title='bbox 1464 1195 1784 1266; x_wconf 80' lang='grc' dir='ltr'>Γρηγόριος,</span> <span class='ocrx_word' id='word_1_85' title='bbox 1810 1195 1902 1245; x_wconf 77' lang='grc' dir='ltr'>ἐπὶ</span> 
     </span>
    </p>
   </div>
   <div class='ocr_carea' id='block_1_15' title="bbox 319 1285 1904 1362">
    <p class='ocr_par' dir='ltr' id='par_1_15' title="bbox 319 1285 1904 1362">
     <span class='ocr_line' id='line_1_15' title="bbox 319 1285 1904 1362; baseline -0.006 -16"><span class='ocrx_word' id='word_1_86' title='bbox 319 1293 415 1346; x_wconf 79' lang='grc' dir='ltr'>τοῦ</span> <span class='ocrx_word' id='word_1_87' title='bbox 437 1293 618 1362; x_wconf 67' lang='grc' dir='ltr'>δρους.</span> <span class='ocrx_word' id='word_1_88' title='bbox 654 1293 766 1345; x_wconf 76' lang='grc' dir='ltr'><strong>Καὶ</strong></span> <span class='ocrx_word' id='word_1_89' title='bbox 788 1293 816 1343; x_wconf 98' lang='lat'><strong>6</strong></span> <span class='ocrx_word' id='word_1_90' title='bbox 842 1291 1098 1360; x_wconf 83' lang='grc' dir='ltr'>Μελῳδὸς</span> <span class='ocrx_word' id='word_1_91' title='bbox 1138 1285 1298 1353; x_wconf 73' lang='grc' dir='ltr'>αὖθις</span> <span class='ocrx_word' id='word_1_92' title='bbox 1323 1289 1422 1352; x_wconf 83' lang='grc' dir='ltr'><strong>τὰς</strong></span> <span class='ocrx_word' id='word_1_93' title='bbox 1463 1287 1719 1350; x_wconf 79' lang='grc' dir='ltr'><strong>τοιαύτας</strong></span> <span class='ocrx_word' id='word_1_94' title='bbox 1753 1289 1904 1353; x_wconf 63' lang='grc' dir='ltr'>ἐνερς</span> 
     </span>
    </p>
   </div>
   <div class='ocr_carea' id='block_1_16' title="bbox 322 1373 1906 1451">
    <p class='ocr_par' dir='ltr' id='par_1_16' title="bbox 322 1373 1906 1451">
     <span class='ocr_line' id='line_1_16' title="bbox 322 1373 1906 1451; baseline -0.004 -17"><span class='ocrx_word' id='word_1_95' title='bbox 322 1383 476 1451; x_wconf 86' lang='grc' dir='ltr'>γείας</span> <span class='ocrx_word' id='word_1_96' title='bbox 501 1381 715 1451; x_wconf 77' lang='grc' dir='ltr'>βολίδας</span> <span class='ocrx_word' id='word_1_97' title='bbox 740 1380 947 1450; x_wconf 74' lang='grc' dir='ltr'>γράφει</span> <span class='ocrx_word' id='word_1_98' title='bbox 980 1379 1257 1449; x_wconf 79' lang='grc' dir='ltr'>θεότητος.</span> <span class='ocrx_word' id='word_1_99' title='bbox 1300 1376 1584 1430; x_wconf 78' lang='grc' dir='ltr'>Ἀκτίστου</span> <span class='ocrx_word' id='word_1_100' title='bbox 1636 1374 1767 1444; x_wconf 78' lang='grc' dir='ltr'>γοῦν</span> <span class='ocrx_word' id='word_1_101' title='bbox 1815 1373 1906 1427; x_wconf 69' lang='grc' dir='ltr'>ού-</span> 
     </span>
    </p>
   </div>
   <div class='ocr_carea' id='block_1_17' title="bbox 324 1466 1904 1543">
    <p class='ocr_par' dir='ltr' id='par_1_17' title="bbox 324 1466 1904 1543">
     <span class='ocr_line' id='line_1_17' title="bbox 324 1466 1904 1543; baseline -0.006 -16"><span class='ocrx_word' id='word_1_102' title='bbox 324 1491 425 1540; x_wconf 83' lang='grc' dir='ltr'><strong>σης</strong></span> <span class='ocrx_word' id='word_1_103' title='bbox 453 1475 555 1543; x_wconf 83' lang='grc' dir='ltr'>τῆς</span> <span class='ocrx_word' id='word_1_104' title='bbox 572 1472 727 1534; x_wconf 80' lang='grc' dir='ltr'>Θείας</span> <span class='ocrx_word' id='word_1_105' title='bbox 755 1471 965 1535; x_wconf 82' lang='grc' dir='ltr'>οὐσίας,</span> <span class='ocrx_word' id='word_1_106' title='bbox 1013 1471 1263 1525; x_wconf 78' lang='grc' dir='ltr'>ᾶκτιστοι</span> <span class='ocrx_word' id='word_1_107' title='bbox 1305 1471 1402 1523; x_wconf 71' lang='grc' dir='ltr'>καὶ</span> <span class='ocrx_word' id='word_1_108' title='bbox 1423 1471 1481 1521; x_wconf 78' lang='grc' dir='ltr'>αἱ</span> <span class='ocrx_word' id='word_1_109' title='bbox 1509 1466 1716 1539; x_wconf 81' lang='grc' dir='ltr'>βολίδες</span> <span class='ocrx_word' id='word_1_110' title='bbox 1763 1467 1904 1520; x_wconf 59' lang='grc' dir='ltr'>ἐκεῖ.</span> 
     </span>
    </p>
   </div>
   <div class='ocr_carea' id='block_1_18' title="bbox 323 1558 1904 1635">
    <p class='ocr_par' dir='ltr' id='par_1_18' title="bbox 323 1558 1904 1635">
     <span class='ocr_line' id='line_1_18' title="bbox 323 1558 1904 1635; baseline -0.005 -17"><span class='ocrx_word' id='word_1_111' title='bbox 323 1585 434 1632; x_wconf 81' lang='grc' dir='ltr'>ναι,</span> <span class='ocrx_word' id='word_1_112' title='bbox 461 1566 613 1633; x_wconf 74' lang='grc' dir='ltr'>παρὰ</span> <span class='ocrx_word' id='word_1_113' title='bbox 634 1563 735 1635; x_wconf 80' lang='grc' dir='ltr'><strong>τήν</strong></span> <span class='ocrx_word' id='word_1_114' title='bbox 756 1562 947 1616; x_wconf 80' lang='grc' dir='ltr'>ούτίαν</span> <span class='ocrx_word' id='word_1_115' title='bbox 965 1562 1093 1616; x_wconf 73' lang='grc' dir='ltr'>ἄλλο</span> <span class='ocrx_word' id='word_1_116' title='bbox 1108 1579 1162 1616; x_wconf 92' lang='grc' dir='ltr'><strong>τι</strong></span> <span class='ocrx_word' id='word_1_117' title='bbox 1191 1561 1368 1616; x_wconf 67' lang='grc' dir='ltr'>οὖσαι.</span> <span class='ocrx_word' id='word_1_118' title='bbox 1390 1559 1588 1632; x_wconf 61' lang='grc' dir='ltr'>Τὸιγὰρ</span> <span class='ocrx_word' id='word_1_119' title='bbox 1611 1559 1736 1614; x_wconf 79' lang='grc' dir='ltr'>ἄλλο</span> <span class='ocrx_word' id='word_1_120' title='bbox 1753 1558 1904 1628; x_wconf 77' lang='grc' dir='ltr'>παρὰ</span> 
     </span>
    </p>
   </div>
   <div class='ocr_carea' id='block_1_19' title="bbox 320 1647 1902 1728">
    <p class='ocr_par' dir='ltr' id='par_1_19' title="bbox 320 1647 1902 1728">
     <span class='ocr_line' id='line_1_19' title="bbox 320 1647 1902 1728; baseline -0.004 -19"><span class='ocrx_word' id='word_1_121' title='bbox 320 1659 422 1728; x_wconf 83' lang='grc' dir='ltr'>τὴν</span> <span class='ocrx_word' id='word_1_122' title='bbox 453 1659 646 1712; x_wconf 78' lang='grc' dir='ltr'>οὐσίαν</span> <span class='ocrx_word' id='word_1_123' title='bbox 674 1647 775 1712; x_wconf 82' lang='grc' dir='ltr'><strong>ούκ</strong></span> <span class='ocrx_word' id='word_1_124' title='bbox 810 1658 1018 1725; x_wconf 86' lang='grc' dir='ltr'>ἐκείνη,</span> <span class='ocrx_word' id='word_1_125' title='bbox 1047 1657 1162 1710; x_wconf 83' lang='grc' dir='ltr'>ἀλλ’</span> <span class='ocrx_word' id='word_1_126' title='bbox 1197 1657 1436 1725; x_wconf 89' lang='grc' dir='ltr'>ἐκείνης.</span> <span class='ocrx_word' id='word_1_127' title='bbox 1457 1654 1520 1707; x_wconf 81' lang='lat' dir='ltr'><strong>El.</strong></span> <span class='ocrx_word' id='word_1_128' title='bbox 1560 1652 1666 1727; x_wconf 69' lang='grc' dir='ltr'>γᾴρ</span> <span class='ocrx_word' id='word_1_129' title='bbox 1708 1652 1902 1704; x_wconf 72' lang='grc' dir='ltr'>ταυτὸν</span> 
     </span>
    </p>
   </div>
   <div class='ocr_carea' id='block_1_20' title="bbox 319 1745 1900 1822">
    <p class='ocr_par' dir='ltr' id='par_1_20' title="bbox 319 1745 1900 1822">
     <span class='ocr_line' id='line_1_20' title="bbox 319 1745 1900 1822; baseline 0.003 -20"><span class='ocrx_word' id='word_1_130' title='bbox 319 1746 408 1821; x_wconf 74' lang='grc' dir='ltr'>ἦν,</span> <span class='ocrx_word' id='word_1_131' title='bbox 449 1749 687 1821; x_wconf 79' lang='grc' dir='ltr'><strong>μεθεκτή</strong></span> <span class='ocrx_word' id='word_1_132' title='bbox 722 1751 790 1804; x_wconf 82' lang='grc' dir='ltr'>ἂν</span> <span class='ocrx_word' id='word_1_133' title='bbox 819 1745 889 1822; x_wconf 79' lang='grc' dir='ltr'>ἦν</span> <span class='ocrx_word' id='word_1_134' title='bbox 914 1750 1008 1804; x_wconf 83' lang='grc' dir='ltr'>καὶ</span> <span class='ocrx_word' id='word_1_135' title='bbox 1030 1749 1188 1802; x_wconf 84' lang='grc' dir='ltr'>ούσία</span> <span class='ocrx_word' id='word_1_136' title='bbox 1215 1748 1350 1818; x_wconf 71' lang='grc' dir='ltr'>ἐμοῦ</span> <span class='ocrx_word' id='word_1_137' title='bbox 1404 1750 1522 1812; x_wconf 81' lang='grc' dir='ltr'>ταῖς</span> <span class='ocrx_word' id='word_1_138' title='bbox 1561 1747 1864 1818; x_wconf 69' lang='grc' dir='ltr'>ἐνεργείαις</span> <span class='ocrx_word' id='word_1_139' title='bbox 1884 1787 1900 1807; x_wconf 75' lang='lat'><strong>.</strong></span> 
     </span>
    </p>
   </div>
   <div class='ocr_carea' id='block_1_21' title="bbox 323 1800 1978 1912">
    <p class='ocr_par' dir='ltr' id='par_1_21' title="bbox 323 1800 1978 1912">
     <span class='ocr_line' id='line_1_21' title="bbox 323 1800 1978 1912; baseline -0.002 -18"><span class='ocrx_word' id='word_1_140' title='bbox 323 1800 418 1894; x_wconf 61' lang='grc' dir='ltr'><strong>,ἰαὶ</strong></span> <span class='ocrx_word' id='word_1_141' title='bbox 449 1800 704 1912; x_wconf 43' lang='lat' dir='ltr'><strong>una;</strong></span> <span class='ocrx_word' id='word_1_142' title='bbox 726 1800 1206 1905; x_wconf 46' lang='lat' dir='ltr'><strong>;;.&quot;...;....e</strong></span> <span class='ocrx_word' id='word_1_143' title='bbox 1231 1800 1300 1910; x_wconf 52' lang='grc' dir='ltr'>ἦν</span> <span class='ocrx_word' id='word_1_144' title='bbox 1329 1800 1608 1912; x_wconf 44' lang='lat' dir='ltr'><strong>usus.</strong></span> <span class='ocrx_word' id='word_1_145' title='bbox 1653 1800 1811 1895; x_wconf 54' lang='grc' dir='ltr'><strong>ἒὲᾁτξ</strong></span> <span class='ocrx_word' id='word_1_146' title='bbox 1847 1800 1903 1892; x_wconf 74' lang='grc' dir='ltr'><strong>’δὲ</strong></span> <span class='ocrx_word' id='word_1_147' title='bbox 1934 1800 1978 1859; x_wconf 68' lang='grc' dir='ltr'><strong>Β</strong></span> 
     </span>
    </p>
   </div>
   <div class='ocr_carea' id='block_1_22' title="bbox 319 1930 1907 2002">
    <p class='ocr_par' dir='ltr' id='par_1_22' title="bbox 319 1930 1907 2002">
     <span class='ocr_line' id='line_1_22' title="bbox 319 1930 1907 2002; baseline -0.001 -19"><span class='ocrx_word' id='word_1_148' title='bbox 319 1930 601 1985; x_wconf 83' lang='grc' dir='ltr'>ἀδύνατον.</span> <span class='ocrx_word' id='word_1_149' title='bbox 675 1930 1002 2001; x_wconf 80' lang='grc' dir='ltr'>’Δμέθεκτος</span> <span class='ocrx_word' id='word_1_150' title='bbox 1052 1931 1160 2002; x_wconf 75' lang='grc' dir='ltr'>γὰρ</span> <span class='ocrx_word' id='word_1_151' title='bbox 1223 1933 1335 1996; x_wconf 79' lang='grc' dir='ltr'>τοῖς</span> <span class='ocrx_word' id='word_1_152' title='bbox 1385 1933 1678 2001; x_wconf 88' lang='grc' dir='ltr'>κτίσμασιν</span> <span class='ocrx_word' id='word_1_153' title='bbox 1735 1932 1907 1984; x_wconf 73' lang='grc' dir='ltr'>ἅπασι</span> 
     </span>
    </p>
   </div>
   <div class='ocr_carea' id='block_1_23' title="bbox 322 2023 1904 2096">
    <p class='ocr_par' dir='ltr' id='par_1_23' title="bbox 322 2023 1904 2096">
     <span class='ocr_line' id='line_1_23' title="bbox 322 2023 1904 2096; baseline -0.003 -20"><span class='ocrx_word' id='word_1_154' title='bbox 322 2024 568 2090; x_wconf 78' lang='grc' dir='ltr'>πέφυκεν</span> <span class='ocrx_word' id='word_1_155' title='bbox 595 2025 628 2094; x_wconf 83' lang='grc' dir='ltr'><strong>ή</strong></span> <span class='ocrx_word' id='word_1_156' title='bbox 656 2023 819 2078; x_wconf 83' lang='grc' dir='ltr'>οὐσία</span> <span class='ocrx_word' id='word_1_157' title='bbox 845 2038 861 2054; x_wconf 86' lang='grc'>⁶</span> <span class='ocrx_word' id='word_1_158' title='bbox 895 2023 993 2078; x_wconf 79' lang='grc' dir='ltr'>καὶ</span> <span class='ocrx_word' id='word_1_159' title='bbox 1025 2024 1292 2094; x_wconf 78' lang='grc' dir='ltr'>δαιμόνων</span> <span class='ocrx_word' id='word_1_160' title='bbox 1330 2024 1652 2096; x_wconf 77' lang='grc' dir='ltr'>εὕρημασκο</span> <span class='ocrx_word' id='word_1_161' title='bbox 1693 2024 1904 2088; x_wconf 81' lang='grc' dir='ltr'>τεινών,</span> 
     </span>
    </p>
   </div>
   <div class='ocr_carea' id='block_1_24' title="bbox 321 2112 1909 2189">
    <p class='ocr_par' dir='ltr' id='par_1_24' title="bbox 321 2112 1909 2189">
     <span class='ocr_line' id='line_1_24' title="bbox 321 2112 1909 2189; baseline -0.003 -19"><span class='ocrx_word' id='word_1_162' title='bbox 321 2115 560 2189; x_wconf 75' lang='lat' dir='ltr'><strong>[P.675]</strong></span> <span class='ocrx_word' id='word_1_163' title='bbox 613 2116 790 2180; x_wconf 78' lang='grc' dir='ltr'>ἄλλως</span> <span class='ocrx_word' id='word_1_164' title='bbox 839 2116 1016 2184; x_wconf 73' lang='grc' dir='ltr'>λέγειν</span> <span class='ocrx_word' id='word_1_165' title='bbox 1077 2133 1136 2169; x_wconf 83' lang='grc' dir='ltr'><strong>τε</strong></span> <span class='ocrx_word' id='word_1_166' title='bbox 1184 2118 1277 2172; x_wconf 74' lang='grc' dir='ltr'>καὶ</span> <span class='ocrx_word' id='word_1_167' title='bbox 1329 2112 1605 2170; x_wconf 69' lang='grc' dir='ltr'>πιστεύειν</span> <span class='ocrx_word' id='word_1_168' title='bbox 1664 2119 1776 2178; x_wconf 75' lang='grc' dir='ltr'>τοῖς</span> <span class='ocrx_word' id='word_1_169' title='bbox 1824 2115 1909 2166; x_wconf 82' lang='grc' dir='ltr'><strong>λέ-</strong></span> 
     </span>
    </p>
   </div>
   <div class='ocr_carea' id='block_1_25' title="bbox 319 2207 1904 2279">
    <p class='ocr_par' dir='ltr' id='par_1_25' title="bbox 319 2207 1904 2279">
     <span class='ocr_line' id='line_1_25' title="bbox 319 2207 1904 2279; baseline 0 -19"><span class='ocrx_word' id='word_1_170' title='bbox 319 2225 498 2275; x_wconf 83' lang='grc' dir='ltr'>γουσι.</span> <span class='ocrx_word' id='word_1_171' title='bbox 537 2209 635 2262; x_wconf 80' lang='grc' dir='ltr'><strong>Διὰ</strong></span> <span class='ocrx_word' id='word_1_172' title='bbox 664 2211 773 2279; x_wconf 83' lang='grc' dir='ltr'><strong>γὰρ</strong></span> <span class='ocrx_word' id='word_1_173' title='bbox 803 2207 963 2261; x_wconf 80' lang='grc' dir='ltr'>τοῦτο</span> <span class='ocrx_word' id='word_1_174' title='bbox 996 2209 1090 2262; x_wconf 71' lang='grc' dir='ltr'><strong>καλ⁸</strong></span> <span class='ocrx_word' id='word_1_175' title='bbox 1112 2208 1212 2278; x_wconf 80' lang='grc' dir='ltr'><strong>τήν</strong></span> <span class='ocrx_word' id='word_1_176' title='bbox 1255 2207 1445 2262; x_wconf 77' lang='grc' dir='ltr'>οὐσίαν</span> <span class='ocrx_word' id='word_1_177' title='bbox 1493 2207 1591 2279; x_wconf 83' lang='grc' dir='ltr'>τῆς</span> <span class='ocrx_word' id='word_1_178' title='bbox 1621 2208 1904 2278; x_wconf 72' lang='grc' dir='ltr'>ἐνεργείας</span> 
     </span>
    </p>
   </div>
   <div class='ocr_carea' id='block_1_26' title="bbox 319 2296 1906 2372">
    <p class='ocr_par' dir='ltr' id='par_1_26' title="bbox 319 2296 1906 2372">
     <span class='ocr_line' id='line_1_26' title="bbox 319 2296 1906 2372; baseline -0.003 -16"><span class='ocrx_word' id='word_1_179' title='bbox 319 2301 577 2371; x_wconf 73' lang='grc' dir='ltr'>διάφορον</span> <span class='ocrx_word' id='word_1_180' title='bbox 626 2296 764 2354; x_wconf 79' lang='grc' dir='ltr'>εἶναί</span> <span class='ocrx_word' id='word_1_181' title='bbox 807 2318 1010 2371; x_wconf 80' lang='grc' dir='ltr'>φαμεν,</span> <span class='ocrx_word' id='word_1_182' title='bbox 1055 2299 1300 2354; x_wconf 80' lang='grc' dir='ltr'>ἐκποδὼν</span> <span class='ocrx_word' id='word_1_183' title='bbox 1346 2301 1635 2372; x_wconf 78' lang='grc' dir='ltr'>γινομένης</span> <span class='ocrx_word' id='word_1_184' title='bbox 1687 2299 1906 2369; x_wconf 76' lang='grc' dir='ltr'>ἀπάσης</span> 
     </span>
    </p>
   </div>
   <div class='ocr_carea' id='block_1_27' title="bbox 321 2390 1906 2462">
    <p class='ocr_par' dir='ltr' id='par_1_27' title="bbox 321 2390 1906 2462">
     <span class='ocr_line' id='line_1_27' title="bbox 321 2390 1906 2462; baseline -0.003 -17"><span class='ocrx_word' id='word_1_185' title='bbox 321 2392 672 2462; x_wconf 81' lang='grc' dir='ltr'>ταυτότητος.</span> <span class='ocrx_word' id='word_1_186' title='bbox 699 2410 718 2442; x_wconf 69' lang='grc' dir='ltr'><strong>ι</strong></span> <span class='ocrx_word' id='word_1_187' title='bbox 743 2391 854 2444; x_wconf 68' lang='lat' dir='ltr'><strong>Kal</strong></span> <span class='ocrx_word' id='word_1_188' title='bbox 876 2390 994 2462; x_wconf 69' lang='grc' dir='ltr'><strong>ἃμα</strong></span> <span class='ocrx_word' id='word_1_189' title='bbox 1017 2391 1354 2462; x_wconf 73' lang='grc' dir='ltr'>παρεισῆγεν</span> <span class='ocrx_word' id='word_1_190' title='bbox 1379 2390 1494 2444; x_wconf 71' lang='grc' dir='ltr'>ἔνια</span> <span class='ocrx_word' id='word_1_191' title='bbox 1530 2390 1640 2444; x_wconf 85' lang='grc' dir='ltr'><strong>τῶν</strong></span> <span class='ocrx_word' id='word_1_192' title='bbox 1662 2391 1906 2457; x_wconf 78' lang='grc' dir='ltr'>Παλαμιο</span> 
     </span>
    </p>
   </div>
   <div class='ocr_carea' id='block_1_28' title="bbox 323 2481 1906 2553">
    <p class='ocr_par' dir='ltr' id='par_1_28' title="bbox 323 2481 1906 2553">
     <span class='ocr_line' id='line_1_28' title="bbox 323 2481 1906 2553; baseline -0.001 -19"><span class='ocrx_word' id='word_1_193' title='bbox 323 2483 438 2534; x_wconf 81' lang='grc' dir='ltr'><strong>κῶν</strong></span> <span class='ocrx_word' id='word_1_194' title='bbox 467 2483 759 2553; x_wconf 76' lang='grc' dir='ltr'>δογμάτων</span> <span class='ocrx_word' id='word_1_195' title='bbox 790 2483 899 2536; x_wconf 87' lang='grc' dir='ltr'>ἀπὸ</span> <span class='ocrx_word' id='word_1_196' title='bbox 932 2481 1180 2553; x_wconf 80' lang='grc' dir='ltr'><strong>γλώττης</strong></span> <span class='ocrx_word' id='word_1_197' title='bbox 1210 2485 1304 2536; x_wconf 70' lang='grc' dir='ltr'>καὶ</span> <span class='ocrx_word' id='word_1_198' title='bbox 1341 2484 1586 2553; x_wconf 81' lang='grc' dir='ltr'>μνήμης,</span> <span class='ocrx_word' id='word_1_199' title='bbox 1627 2481 1906 2552; x_wconf 80' lang='grc' dir='ltr'>σποράδην</span> 
     </span>
    </p>
   </div>
   <div class='ocr_carea' id='block_1_29' title="bbox 327 2571 1907 2645">
    <p class='ocr_par' dir='ltr' id='par_1_29' title="bbox 327 2571 1907 2645">
     <span class='ocr_line' id='line_1_29' title="bbox 327 2571 1907 2645; baseline -0.002 -19"><span class='ocrx_word' id='word_1_200' title='bbox 327 2575 462 2642; x_wconf 72' lang='grc' dir='ltr'>μὲν,</span> <span class='ocrx_word' id='word_1_201' title='bbox 496 2574 709 2643; x_wconf 81' lang='grc' dir='ltr'>παρῆγε</span> <span class='ocrx_word' id='word_1_202' title='bbox 743 2571 919 2636; x_wconf 66' lang='grc' dir='ltr'>δ’ὥν,</span> <span class='ocrx_word' id='word_1_203' title='bbox 955 2573 1250 2645; x_wconf 83' lang='grc' dir='ltr'>ὁλόκληρον</span> <span class='ocrx_word' id='word_1_204' title='bbox 1280 2577 1380 2642; x_wconf 77' lang='grc' dir='ltr'>τὴν</span> <span class='ocrx_word' id='word_1_205' title='bbox 1395 2574 1637 2627; x_wconf 80' lang='grc' dir='ltr'>διάνοιαν</span> <span class='ocrx_word' id='word_1_206' title='bbox 1667 2573 1907 2637; x_wconf 74' lang='grc' dir='ltr'>σώζοντα</span> 
     </span>
    </p>
   </div>
   <div class='ocr_carea' id='block_1_30' title="bbox 325 2662 1900 2735">
    <p class='ocr_par' dir='ltr' id='par_1_30' title="bbox 325 2662 1900 2735">
     <span class='ocr_line' id='line_1_30' title="bbox 325 2662 1900 2735; baseline -0.003 -17"><span class='ocrx_word' id='word_1_207' title='bbox 325 2668 419 2719; x_wconf 74' lang='grc' dir='ltr'>καὶ</span> <span class='ocrx_word' id='word_1_208' title='bbox 449 2665 767 2735; x_wconf 66' lang='grc' dir='ltr'>ὼςέχουσιν</span> <span class='ocrx_word' id='word_1_209' title='bbox 807 2666 900 2718; x_wconf 73' lang='grc' dir='ltr'>ἐπὶ</span> <span class='ocrx_word' id='word_1_210' title='bbox 949 2664 1147 2732; x_wconf 74' lang='grc' dir='ltr'>λέξεως</span> <span class='ocrx_word' id='word_1_211' title='bbox 1177 2664 1446 2735; x_wconf 76' lang='grc' dir='ltr'>ἀκριϐῶς.</span> <span class='ocrx_word' id='word_1_212' title='bbox 1485 2682 1504 2714; x_wconf 79' lang='grc' dir='ltr'><strong>ι</strong></span> <span class='ocrx_word' id='word_1_213' title='bbox 1546 2663 1742 2716; x_wconf 78' lang='grc' dir='ltr'>Κοινὸν</span> <span class='ocrx_word' id='word_1_214' title='bbox 1765 2662 1900 2732; x_wconf 73' lang='grc' dir='ltr'><strong>γὰρ»</strong></span> 
     </span>
    </p>
   </div>
   <div class='ocr_carea' id='block_1_31' title="bbox 328 2755 1908 2828">
    <p class='ocr_par' dir='ltr' id='par_1_31' title="bbox 328 2755 1908 2828">
     <span class='ocr_line' id='line_1_31' title="bbox 328 2755 1908 2828; baseline -0.002 -20"><span class='ocrx_word' id='word_1_215' title='bbox 328 2775 348 2808; x_wconf 82' lang='grc' dir='ltr'><strong>ι</strong></span> <span class='ocrx_word' id='word_1_216' title='bbox 382 2759 534 2828; x_wconf 71' lang='grc' dir='ltr'>φησι,</span> <span class='ocrx_word' id='word_1_217' title='bbox 565 2775 584 2810; x_wconf 75' lang='grc' dir='ltr'><strong>ι</strong></span> <span class='ocrx_word' id='word_1_218' title='bbox 615 2757 795 2826; x_wconf 69' lang='grc' dir='ltr'>δόγμα</span> <span class='ocrx_word' id='word_1_219' title='bbox 814 2755 921 2810; x_wconf 82' lang='grc' dir='ltr'>τῶν</span> <span class='ocrx_word' id='word_1_220' title='bbox 943 2757 1144 2823; x_wconf 72' lang='grc' dir='ltr'>ἔξωθεν</span> <span class='ocrx_word' id='word_1_221' title='bbox 1165 2758 1261 2810; x_wconf 69' lang='grc' dir='ltr'>καὶ</span> <span class='ocrx_word' id='word_1_222' title='bbox 1281 2757 1388 2809; x_wconf 83' lang='grc' dir='ltr'>τῶν</span> <span class='ocrx_word' id='word_1_223' title='bbox 1414 2755 1536 2810; x_wconf 77' lang='grc' dir='ltr'>καθ’</span> <span class='ocrx_word' id='word_1_224' title='bbox 1568 2756 1716 2824; x_wconf 67' lang='grc' dir='ltr'>ἡμᾶς</span> <span class='ocrx_word' id='word_1_225' title='bbox 1758 2756 1908 2822; x_wconf 76' lang='grc' dir='ltr'>φιλο-</span> 
     </span>
    </p>
   </div>
   <div class='ocr_carea' id='block_1_32' title="bbox 2008 553 3581 624">
    <p class='ocr_par' dir='ltr' id='par_1_32' title="bbox 2008 553 3581 624">
     <span class='ocr_line' id='line_1_32' title="bbox 2008 553 3581 624; baseline 0.003 -21"><span class='ocrx_word' id='word_1_226' title='bbox 2008 555 2162 608; x_wconf 88' lang='lat' dir='ltr'><strong>vanis</strong></span> <span class='ocrx_word' id='word_1_227' title='bbox 2211 564 2269 608; x_wconf 89' lang='lat' dir='ltr'><strong>et</strong></span> <span class='ocrx_word' id='word_1_228' title='bbox 2310 554 2565 609; x_wconf 70' lang='lat' dir='ltr'><strong>futilibus</strong></span> <span class='ocrx_word' id='word_1_229' title='bbox 2594 553 2861 609; x_wconf 72' lang='lat' dir='ltr'><strong>Cabasilze</strong></span> <span class='ocrx_word' id='word_1_230' title='bbox 2916 555 3098 608; x_wconf 83' lang='lat' dir='ltr'><strong>verbis</strong></span> <span class='ocrx_word' id='word_1_231' title='bbox 3146 555 3500 624; x_wconf 77' lang='lat' dir='ltr'><strong>depromptas</strong></span> <span class='ocrx_word' id='word_1_232' title='bbox 3551 576 3581 608; x_wconf 68' lang='grc' dir='ltr'>ιτ</span> 
     </span>
    </p>
   </div>
   <div class='ocr_carea' id='block_1_33' title="bbox 2008 644 3632 717">
    <p class='ocr_par' dir='ltr' id='par_1_33' title="bbox 2008 644 3632 717">
     <span class='ocr_line' id='line_1_33' title="bbox 2008 644 3632 717; baseline 0.001 -19"><span class='ocrx_word' id='word_1_233' title='bbox 2008 644 2107 699; x_wconf 85' lang='lat' dir='ltr'><strong>SS.</strong></span> <span class='ocrx_word' id='word_1_234' title='bbox 2144 645 2399 700; x_wconf 81' lang='lat' dir='ltr'><strong>Patribus</strong></span> <span class='ocrx_word' id='word_1_235' title='bbox 2428 646 2789 702; x_wconf 81' lang='lat' dir='ltr'><strong>refutationes</strong></span> <span class='ocrx_word' id='word_1_236' title='bbox 2827 647 3122 717; x_wconf 82' lang='lat' dir='ltr'><strong>subjicere.</strong></span> <span class='ocrx_word' id='word_1_237' title='bbox 3161 648 3265 702; x_wconf 88' lang='lat' dir='ltr'><strong>Sed</strong></span> <span class='ocrx_word' id='word_1_238' title='bbox 3290 663 3375 702; x_wconf 90' lang='lat' dir='ltr'><strong>me</strong></span> <span class='ocrx_word' id='word_1_239' title='bbox 3405 651 3579 703; x_wconf 77' lang='lat' dir='ltr'><strong>inter-</strong></span> <span class='ocrx_word' id='word_1_240' title='bbox 3629 655 3632 658; x_wconf 79' lang='grc'><strong>’</strong></span> 
     </span>
    </p>
   </div>
   <div class='ocr_carea' id='block_1_34' title="bbox 2006 736 3576 808">
    <p class='ocr_par' dir='ltr' id='par_1_34' title="bbox 2006 736 3576 808">
     <span class='ocr_line' id='line_1_34' title="bbox 2006 736 3576 808; baseline 0.006 -20"><span class='ocrx_word' id='word_1_241' title='bbox 2006 736 2248 806; x_wconf 86' lang='lat' dir='ltr'><strong>pellavit,</strong></span> <span class='ocrx_word' id='word_1_242' title='bbox 2287 738 2564 806; x_wconf 63' lang='lat' dir='ltr'><strong>pollicitus</strong></span> <span class='ocrx_word' id='word_1_243' title='bbox 2597 739 2760 808; x_wconf 90' lang='lat' dir='ltr'><strong>paulo</strong></span> <span class='ocrx_word' id='word_1_244' title='bbox 2809 748 2932 808; x_wconf 87' lang='lat' dir='ltr'><strong>post</strong></span> <span class='ocrx_word' id='word_1_245' title='bbox 2975 739 3230 795; x_wconf 81' lang='lat' dir='ltr'><strong>lubenter</strong></span> <span class='ocrx_word' id='word_1_246' title='bbox 3254 757 3312 796; x_wconf 88' lang='lat' dir='ltr'><strong>se</strong></span> <span class='ocrx_word' id='word_1_247' title='bbox 3360 742 3576 798; x_wconf 80' lang='lat' dir='ltr'><strong>il&#39;orum</strong></span> 
     </span>
    </p>
   </div>
   <div class='ocr_carea' id='block_1_35' title="bbox 2009 829 3578 902">
    <p class='ocr_par' dir='ltr' id='par_1_35' title="bbox 2009 829 3578 902">
     <span class='ocr_line' id='line_1_35' title="bbox 2009 829 3578 902; baseline 0.006 -20"><span class='ocrx_word' id='word_1_248' title='bbox 2009 829 2396 884; x_wconf 78' lang='lat' dir='ltr'><strong>refutationem</strong></span> <span class='ocrx_word' id='word_1_249' title='bbox 2455 845 2574 885; x_wconf 90' lang='lat' dir='ltr'><strong>esse</strong></span> <span class='ocrx_word' id='word_1_250' title='bbox 2621 831 2961 886; x_wconf 88' lang='lat' dir='ltr'><strong>auditurum.</strong></span> <span class='ocrx_word' id='word_1_251' title='bbox 3024 833 3142 902; x_wconf 80' lang='lat' dir='ltr'><strong>Ipse</strong></span> <span class='ocrx_word' id='word_1_252' title='bbox 3187 845 3367 889; x_wconf 88' lang='lat' dir='ltr'><strong>autem</strong></span> <span class='ocrx_word' id='word_1_253' title='bbox 3415 853 3578 892; x_wconf 68' lang='lat' dir='ltr'><strong>0mm:</strong></span> 
     </span>
    </p>
   </div>
   <div class='ocr_carea' id='block_1_36' title="bbox 2005 919 3576 994">
    <p class='ocr_par' dir='ltr' id='par_1_36' title="bbox 2005 919 3576 994">
     <span class='ocr_line' id='line_1_36' title="bbox 2005 919 3576 994; baseline 0.006 -22"><span class='ocrx_word' id='word_1_254' title='bbox 2005 919 2272 986; x_wconf 88' lang='lat' dir='ltr'><strong>studium,</strong></span> <span class='ocrx_word' id='word_1_255' title='bbox 2317 935 2536 974; x_wconf 90' lang='lat' dir='ltr'><strong>omnem</strong></span> <span class='ocrx_word' id='word_1_256' title='bbox 2578 936 2824 991; x_wconf 78' lang='lat' dir='ltr'><strong>operam</strong></span> <span class='ocrx_word' id='word_1_257' title='bbox 2859 923 3135 988; x_wconf 78' lang='lat' dir='ltr'><strong>adhibuit,</strong></span> <span class='ocrx_word' id='word_1_258' title='bbox 3167 936 3226 979; x_wconf 90' lang='lat' dir='ltr'><strong>ut</strong></span> <span class='ocrx_word' id='word_1_259' title='bbox 3254 925 3406 994; x_wconf 89' lang='lat' dir='ltr'><strong>prius</strong></span> <span class='ocrx_word' id='word_1_260' title='bbox 3442 944 3576 982; x_wconf 82' lang='lat' dir='ltr'><strong>con-</strong></span> 
     </span>
    </p>
   </div>
   <div class='ocr_carea' id='block_1_37' title="bbox 2005 1009 3582 1089">
    <p class='ocr_par' dir='ltr' id='par_1_37' title="bbox 2005 1009 3582 1089">
     <span class='ocr_line' id='line_1_37' title="bbox 2005 1009 3582 1089; baseline 0.008 -25"><span class='ocrx_word' id='word_1_261' title='bbox 2005 1020 2223 1066; x_wconf 89' lang='lat' dir='ltr'><strong>suetum</strong></span> <span class='ocrx_word' id='word_1_262' title='bbox 2255 1022 2311 1066; x_wconf 92' lang='lat' dir='ltr'><strong>et</strong></span> <span class='ocrx_word' id='word_1_263' title='bbox 2339 1025 2634 1070; x_wconf 84' lang='lat' dir='ltr'><strong>commune</strong></span> <span class='ocrx_word' id='word_1_264' title='bbox 2686 1009 3074 1070; x_wconf 78' lang='lat' dir='ltr'><strong>Palainitarum</strong></span> <span class='ocrx_word' id='word_1_265' title='bbox 3111 1019 3373 1089; x_wconf 80' lang='lat' dir='ltr'><strong>eﬂ&#39;ugium</strong></span> <span class='ocrx_word' id='word_1_266' title='bbox 3422 1023 3582 1076; x_wconf 75' lang='lat' dir='ltr'><strong>nobis</strong></span> 
     </span>
    </p>
   </div>
   <div class='ocr_carea' id='block_1_38' title="bbox 1995 1096 3575 1182">
    <p class='ocr_par' dir='ltr' id='par_1_38' title="bbox 1995 1096 3575 1182">
     <span class='ocr_line' id='line_1_38' title="bbox 1995 1096 3575 1182; baseline 0.006 -23"><span class='ocrx_word' id='word_1_267' title='bbox 1995 1096 2318 1175; x_wconf 77' lang='lat' dir='ltr'><strong>importune</strong></span> <span class='ocrx_word' id='word_1_268' title='bbox 2346 1107 3064 1174; x_wconf 81' lang='lat' dir='ltr'><strong>obtruderet,’l‘haboricum</strong></span> <span class='ocrx_word' id='word_1_269' title='bbox 3094 1112 3275 1165; x_wconf 87' lang='lat' dir='ltr'><strong>lumen</strong></span> <span class='ocrx_word' id='word_1_270' title='bbox 3313 1115 3575 1182; x_wconf 59' lang='lat' dir='ltr'><strong>intelligo,</strong></span> 
     </span>
    </p>
   </div>
   <div class='ocr_carea' id='block_1_39' title="bbox 2005 1196 3577 1272">
    <p class='ocr_par' dir='ltr' id='par_1_39' title="bbox 2005 1196 3577 1272">
     <span class='ocr_line' id='line_1_39' title="bbox 2005 1196 3577 1272; baseline 0.008 -24"><span class='ocrx_word' id='word_1_271' title='bbox 2005 1197 2157 1267; x_wconf 83' lang='lat' dir='ltr'><strong>quod</strong></span> <span class='ocrx_word' id='word_1_272' title='bbox 2206 1196 2318 1255; x_wconf 74' lang='lat' dir='ltr'><strong>SS.</strong></span> <span class='ocrx_word' id='word_1_273' title='bbox 2338 1198 2525 1254; x_wconf 81' lang='lat' dir='ltr'><strong>Patres</strong></span> <span class='ocrx_word' id='word_1_274' title='bbox 2560 1199 2863 1254; x_wconf 85' lang='lat' dir='ltr'><strong>increatam</strong></span> <span class='ocrx_word' id='word_1_275' title='bbox 2893 1203 3270 1272; x_wconf 87' lang='lat' dir='ltr'><strong>operationem</strong></span> <span class='ocrx_word' id='word_1_276' title='bbox 3305 1214 3361 1260; x_wconf 90' lang='lat' dir='ltr'><strong>et</strong></span> <span class='ocrx_word' id='word_1_277' title='bbox 3407 1208 3577 1260; x_wconf 62' lang='lat' dir='ltr'><strong>deitao</strong></span> 
     </span>
    </p>
   </div>
   <div class='ocr_carea' id='block_1_40' title="bbox 2012 1281 3578 1364">
    <p class='ocr_par' dir='ltr' id='par_1_40' title="bbox 2012 1281 3578 1364">
     <span class='ocr_line' id='line_1_40' title="bbox 2012 1281 3578 1364; baseline 0.005 -20"><span class='ocrx_word' id='word_1_278' title='bbox 2012 1299 2117 1345; x_wconf 76' lang='lat' dir='ltr'><strong>tem</strong></span> <span class='ocrx_word' id='word_1_279' title='bbox 2173 1293 2471 1362; x_wconf 73' lang='lat' dir='ltr'><strong>appellant.</strong></span> <span class='ocrx_word' id='word_1_280' title='bbox 2530 1311 2547 1344; x_wconf 85' lang='grc' dir='ltr'><strong>ι</strong></span> <span class='ocrx_word' id='word_1_281' title='bbox 2606 1281 2778 1356; x_wconf 77' lang='lat' dir='ltr'><strong>Nam,</strong></span> <span class='ocrx_word' id='word_1_282' title='bbox 2830 1295 3152 1364; x_wconf 75' lang='lat' dir='ltr'><strong>inquiebat,</strong></span> <span class='ocrx_word' id='word_1_283' title='bbox 3201 1297 3461 1353; x_wconf 81' lang='lat' dir='ltr'><strong>deitatem</strong></span> <span class='ocrx_word' id='word_1_284' title='bbox 3527 1301 3578 1352; x_wconf 87' lang='lat' dir='ltr'><strong>in</strong></span> 
     </span>
    </p>
   </div>
   <div class='ocr_carea' id='block_1_41' title="bbox 2008 1385 3584 1460">
    <p class='ocr_par' dir='ltr' id='par_1_41' title="bbox 2008 1385 3584 1460">
     <span class='ocr_line' id='line_1_41' title="bbox 2008 1385 3584 1460; baseline 0.004 -26"><span class='ocrx_word' id='word_1_285' title='bbox 2008 1393 2504 1444; x_wconf 80' lang='lat' dir='ltr'><strong>moute,ostensam</strong></span> <span class='ocrx_word' id='word_1_286' title='bbox 2557 1385 2742 1438; x_wconf 88' lang='lat' dir='ltr'><strong>lumen</strong></span> <span class='ocrx_word' id='word_1_287' title='bbox 2794 1385 2960 1441; x_wconf 78' lang='lat' dir='ltr'><strong>fuisse</strong></span> <span class='ocrx_word' id='word_1_288' title='bbox 3001 1387 3136 1441; x_wconf 83' lang='lat' dir='ltr'><strong>dicit</strong></span> <span class='ocrx_word' id='word_1_289' title='bbox 3190 1389 3352 1444; x_wconf 90' lang='lat' dir='ltr'><strong>divus</strong></span> <span class='ocrx_word' id='word_1_290' title='bbox 3380 1391 3584 1460; x_wconf 82' lang='lat' dir='ltr'><strong>Grego-</strong></span> 
     </span>
    </p>
   </div>
   <div class='ocr_carea' id='block_1_42' title="bbox 2009 1474 3581 1550">
    <p class='ocr_par' dir='ltr' id='par_1_42' title="bbox 2009 1474 3581 1550">
     <span class='ocr_line' id='line_1_42' title="bbox 2009 1474 3581 1550; baseline 0.004 -22"><span class='ocrx_word' id='word_1_291' title='bbox 2009 1474 2145 1528; x_wconf 83' lang='lat' dir='ltr'><strong>rius.</strong></span> <span class='ocrx_word' id='word_1_292' title='bbox 2183 1475 2250 1529; x_wconf 85' lang='lat' dir='ltr'><strong>Et</strong></span> <span class='ocrx_word' id='word_1_293' title='bbox 2277 1475 2476 1530; x_wconf 86' lang='lat' dir='ltr'><strong>iterum</strong></span> <span class='ocrx_word' id='word_1_294' title='bbox 2501 1475 2729 1532; x_wconf 86' lang='lat' dir='ltr'><strong>Cosmas</strong></span> <span class='ocrx_word' id='word_1_295' title='bbox 2767 1477 3010 1532; x_wconf 75' lang='lat' dir='ltr'><strong>Melodus</strong></span> <span class='ocrx_word' id='word_1_296' title='bbox 3042 1479 3354 1550; x_wconf 87' lang='lat' dir='ltr'><strong>bujusmodi</strong></span> <span class='ocrx_word' id='word_1_297' title='bbox 3379 1497 3581 1550; x_wconf 55' lang='lat' dir='ltr'><strong>opera.</strong></span> 
     </span>
    </p>
   </div>
   <div class='ocr_carea' id='block_1_43' title="bbox 2010 1567 3578 1643">
    <p class='ocr_par' dir='ltr' id='par_1_43' title="bbox 2010 1567 3578 1643">
     <span class='ocr_line' id='line_1_43' title="bbox 2010 1567 3578 1643; baseline 0.005 -24"><span class='ocrx_word' id='word_1_298' title='bbox 2010 1568 2189 1622; x_wconf 87' lang='lat' dir='ltr'><strong>tiones</strong></span> <span class='ocrx_word' id='word_1_299' title='bbox 2220 1567 2388 1624; x_wconf 82' lang='lat' dir='ltr'><strong>fuisse</strong></span> <span class='ocrx_word' id='word_1_300' title='bbox 2429 1567 2737 1643; x_wconf 75' lang='lat' dir='ltr'><strong>divinitatis</strong></span> <span class='ocrx_word' id='word_1_301' title='bbox 2765 1569 3158 1639; x_wconf 87' lang='lat' dir='ltr'><strong>ejaculationes</strong></span> <span class='ocrx_word' id='word_1_302' title='bbox 3188 1572 3406 1627; x_wconf 80' lang='lat' dir='ltr'><strong>scribit.</strong></span> <span class='ocrx_word' id='word_1_303' title='bbox 3445 1575 3578 1628; x_wconf 84' lang='lat' dir='ltr'><strong>Cum</strong></span> 
     </span>
    </p>
   </div>
   <div class='ocr_carea' id='block_1_44' title="bbox 2007 1659 3584 1734">
    <p class='ocr_par' dir='ltr' id='par_1_44' title="bbox 2007 1659 3584 1734">
     <span class='ocr_line' id='line_1_44' title="bbox 2007 1659 3584 1734; baseline 0.005 -21"><span class='ocrx_word' id='word_1_304' title='bbox 2007 1673 2141 1729; x_wconf 76' lang='lat' dir='ltr'><strong>ergo</strong></span> <span class='ocrx_word' id='word_1_305' title='bbox 2173 1659 2360 1714; x_wconf 86' lang='lat' dir='ltr'><strong>divina</strong></span> <span class='ocrx_word' id='word_1_306' title='bbox 2424 1659 2732 1715; x_wconf 80' lang='lat' dir='ltr'><strong>substantia</strong></span> <span class='ocrx_word' id='word_1_307' title='bbox 2778 1665 2851 1715; x_wconf 88' lang='lat' dir='ltr'><strong>sit</strong></span> <span class='ocrx_word' id='word_1_308' title='bbox 2891 1664 3154 1728; x_wconf 74' lang='lat' dir='ltr'><strong>inrreata,</strong></span> <span class='ocrx_word' id='word_1_309' title='bbox 3211 1663 3330 1720; x_wconf 73' lang='lat' dir='ltr'><strong>ista:</strong></span> <span class='ocrx_word' id='word_1_310' title='bbox 3378 1667 3584 1734; x_wconf 86' lang='lat' dir='ltr'><strong>pariter</strong></span> 
     </span>
    </p>
   </div>
   <div class='ocr_carea' id='block_1_45' title="bbox 2010 1751 3582 1817">
    <p class='ocr_par' dir='ltr' id='par_1_45' title="bbox 2010 1751 3582 1817">
     <span class='ocr_line' id='line_1_45' title="bbox 2010 1751 3582 1817; baseline 0.004 -13"><span class='ocrx_word' id='word_1_311' title='bbox 2010 1751 2408 1817; x_wconf 74' lang='lat' dir='ltr'><strong>ejaculationes</strong></span> <span class='ocrx_word' id='word_1_312' title='bbox 2435 1751 2694 1806; x_wconf 75' lang='lat' dir='ltr'><strong>increata:</strong></span> <span class='ocrx_word' id='word_1_313' title='bbox 2727 1761 2947 1814; x_wconf 90' lang='lat' dir='ltr'><strong>suut,et</strong></span> <span class='ocrx_word' id='word_1_314' title='bbox 2975 1767 3004 1805; x_wconf 91' lang='lat' dir='ltr'><strong>a</strong></span> <span class='ocrx_word' id='word_1_315' title='bbox 3037 1754 3344 1810; x_wconf 79' lang='lat' dir='ltr'><strong>substantia</strong></span> <span class='ocrx_word' id='word_1_316' title='bbox 3389 1759 3582 1812; x_wconf 84' lang='lat' dir='ltr'><strong>distin-</strong></span> 
     </span>
    </p>
   </div>
   <div class='ocr_carea' id='block_1_46' title="bbox 2008 1841 3581 1912">
    <p class='ocr_par' dir='ltr' id='par_1_46' title="bbox 2008 1841 3581 1912">
     <span class='ocr_line' id='line_1_46' title="bbox 2008 1841 3581 1912; baseline 0.004 -18"><span class='ocrx_word' id='word_1_317' title='bbox 2008 1851 2126 1896; x_wconf 68' lang='lat' dir='ltr'><strong>ctae.</strong></span> <span class='ocrx_word' id='word_1_318' title='bbox 2170 1842 2303 1895; x_wconf 87' lang='lat' dir='ltr'><strong>Nam</strong></span> <span class='ocrx_word' id='word_1_319' title='bbox 2353 1842 2499 1911; x_wconf 86' lang='lat' dir='ltr'><strong>quod</strong></span> <span class='ocrx_word' id='word_1_320' title='bbox 2549 1841 2696 1896; x_wconf 85' lang='lat' dir='ltr'><strong>aliud</strong></span> <span class='ocrx_word' id='word_1_321' title='bbox 2749 1851 2832 1897; x_wconf 88' lang='lat' dir='ltr'><strong>est</strong></span> <span class='ocrx_word' id='word_1_322' title='bbox 2879 1857 2908 1896; x_wconf 92' lang='lat' dir='ltr'><strong>a</strong></span> <span class='ocrx_word' id='word_1_323' title='bbox 2949 1843 3281 1912; x_wconf 83' lang='lat' dir='ltr'><strong>substantia,</strong></span> <span class='ocrx_word' id='word_1_324' title='bbox 3329 1863 3438 1901; x_wconf 78' lang='lat' dir='ltr'><strong>non</strong></span> <span class='ocrx_word' id='word_1_325' title='bbox 3497 1861 3581 1906; x_wconf 69' lang='lat' dir='ltr'><strong>est</strong></span> 
     </span>
    </p>
   </div>
   <div class='ocr_carea' id='block_1_47' title="bbox 2010 1932 3577 1999">
    <p class='ocr_par' dir='ltr' id='par_1_47' title="bbox 2010 1932 3577 1999">
     <span class='ocr_line' id='line_1_47' title="bbox 2010 1932 3577 1999; baseline 0.006 -15"><span class='ocrx_word' id='word_1_326' title='bbox 2010 1933 2122 1999; x_wconf 68' lang='lat' dir='ltr'><strong>ipsa</strong></span> <span class='ocrx_word' id='word_1_327' title='bbox 2165 1935 2490 1998; x_wconf 88' lang='lat' dir='ltr'><strong>substantia,</strong></span> <span class='ocrx_word' id='word_1_328' title='bbox 2545 1933 2640 1988; x_wconf 89' lang='lat' dir='ltr'><strong>sed</strong></span> <span class='ocrx_word' id='word_1_329' title='bbox 2690 1932 2760 1987; x_wconf 86' lang='lat' dir='ltr'><strong>ad</strong></span> <span class='ocrx_word' id='word_1_330' title='bbox 2811 1933 3174 1988; x_wconf 85' lang='lat' dir='ltr'><strong>substantiam</strong></span> <span class='ocrx_word' id='word_1_331' title='bbox 3227 1938 3488 1999; x_wconf 89' lang='lat' dir='ltr'><strong>pertinet.</strong></span> <span class='ocrx_word' id='word_1_332' title='bbox 3523 1941 3577 1993; x_wconf 89' lang='lat' dir='ltr'><strong>Si</strong></span> 
     </span>
    </p>
   </div>
   <div class='ocr_carea' id='block_1_48' title="bbox 2006 2024 3578 2094">
    <p class='ocr_par' dir='ltr' id='par_1_48' title="bbox 2006 2024 3578 2094">
     <span class='ocr_line' id='line_1_48' title="bbox 2006 2024 3578 2094; baseline 0.005 -18"><span class='ocrx_word' id='word_1_333' title='bbox 2006 2025 2154 2077; x_wconf 88' lang='lat' dir='ltr'><strong>enim</strong></span> <span class='ocrx_word' id='word_1_334' title='bbox 2202 2034 2349 2079; x_wconf 81' lang='lat' dir='ltr'><strong>esset</strong></span> <span class='ocrx_word' id='word_1_335' title='bbox 2379 2026 2510 2094; x_wconf 88' lang='lat' dir='ltr'><strong>quid</strong></span> <span class='ocrx_word' id='word_1_336' title='bbox 2546 2025 2691 2078; x_wconf 88' lang='lat' dir='ltr'><strong>idem</strong></span> <span class='ocrx_word' id='word_1_337' title='bbox 2725 2039 2849 2078; x_wconf 88' lang='lat' dir='ltr'><strong>cum</strong></span> <span class='ocrx_word' id='word_1_338' title='bbox 2901 2024 3229 2094; x_wconf 70' lang='lat' dir='ltr'><strong>substantia,</strong></span> <span class='ocrx_word' id='word_1_339' title='bbox 3257 2026 3371 2080; x_wconf 73' lang='lat' dir='ltr'><strong>lucc</strong></span> <span class='ocrx_word' id='word_1_340' title='bbox 3415 2029 3578 2084; x_wconf 87' lang='lat' dir='ltr'><strong>simul</strong></span> 
     </span>
    </p>
   </div>
   <div class='ocr_carea' id='block_1_49' title="bbox 2008 2115 3578 2185">
    <p class='ocr_par' dir='ltr' id='par_1_49' title="bbox 2008 2115 3578 2185">
     <span class='ocr_line' id='line_1_49' title="bbox 2008 2115 3578 2185; baseline 0.004 -16"><span class='ocrx_word' id='word_1_341' title='bbox 2008 2131 2134 2169; x_wconf 89' lang='lat' dir='ltr'><strong>cum</strong></span> <span class='ocrx_word' id='word_1_342' title='bbox 2188 2116 2607 2185; x_wconf 83' lang='lat' dir='ltr'><strong>operationibus</strong></span> <span class='ocrx_word' id='word_1_343' title='bbox 2659 2115 3280 2185; x_wconf 64' lang='lat' dir='ltr'><strong>essetparticipabilis,</strong></span> <span class='ocrx_word' id='word_1_344' title='bbox 3337 2135 3436 2174; x_wconf 87' lang='lat' dir='ltr'><strong>nec</strong></span> <span class='ocrx_word' id='word_1_345' title='bbox 3472 2121 3578 2176; x_wconf 85' lang='lat' dir='ltr'><strong>ulla</strong></span> 
     </span>
    </p>
   </div>
   <div class='ocr_carea' id='block_1_50' title="bbox 2009 2209 3578 2284">
    <p class='ocr_par' dir='ltr' id='par_1_50' title="bbox 2009 2209 3578 2284">
     <span class='ocr_line' id='line_1_50' title="bbox 2009 2209 3578 2284; baseline 0.007 -21"><span class='ocrx_word' id='word_1_346' title='bbox 2009 2209 2156 2264; x_wconf 91' lang='lat' dir='ltr'><strong>inter</strong></span> <span class='ocrx_word' id='word_1_347' title='bbox 2202 2225 2298 2265; x_wconf 85' lang='lat' dir='ltr'><strong>eas</strong></span> <span class='ocrx_word' id='word_1_348' title='bbox 2336 2210 2477 2266; x_wconf 82' lang='lat' dir='ltr'><strong>foret</strong></span> <span class='ocrx_word' id='word_1_349' title='bbox 2510 2211 2847 2265; x_wconf 89' lang='lat' dir='ltr'><strong>admittenda</strong></span> <span class='ocrx_word' id='word_1_350' title='bbox 2895 2211 3201 2266; x_wconf 78' lang='lat' dir='ltr'><strong>distinctio.</strong></span> <span class='ocrx_word' id='word_1_351' title='bbox 3257 2215 3420 2284; x_wconf 81' lang='lat' dir='ltr'><strong>Atqui</strong></span> <span class='ocrx_word' id='word_1_352' title='bbox 3475 2219 3578 2275; x_wconf 79' lang='lat' dir='ltr'><strong>hoc</strong></span> 
     </span>
    </p>
   </div>
   <div class='ocr_carea' id='block_1_51' title="bbox 2011 2305 3579 2374">
    <p class='ocr_par' dir='ltr' id='par_1_51' title="bbox 2011 2305 3579 2374">
     <span class='ocr_line' id='line_1_51' title="bbox 2011 2305 3579 2374; baseline 0.005 -16"><span class='ocrx_word' id='word_1_353' title='bbox 2011 2305 2355 2374; x_wconf 70' lang='lat' dir='ltr'><strong>impmsibile</strong></span> <span class='ocrx_word' id='word_1_354' title='bbox 2383 2317 2482 2359; x_wconf 79' lang='lat' dir='ltr'><strong>est.</strong></span> <span class='ocrx_word' id='word_1_355' title='bbox 2522 2306 2652 2360; x_wconf 79' lang='lat' dir='ltr'><strong>Nam</strong></span> <span class='ocrx_word' id='word_1_356' title='bbox 2687 2306 2994 2362; x_wconf 84' lang='lat' dir='ltr'><strong>substantia</strong></span> <span class='ocrx_word' id='word_1_357' title='bbox 3024 2307 3114 2363; x_wconf 86' lang='lat' dir='ltr'><strong>Dei</strong></span> <span class='ocrx_word' id='word_1_358' title='bbox 3147 2324 3212 2363; x_wconf 77' lang='lat' dir='ltr'><strong>ex</strong></span> <span class='ocrx_word' id='word_1_359' title='bbox 3245 2320 3440 2365; x_wconf 86' lang='lat' dir='ltr'><strong>natura</strong></span> <span class='ocrx_word' id='word_1_360' title='bbox 3480 2329 3579 2366; x_wconf 86' lang='lat' dir='ltr'><strong>sua</strong></span> 
     </span>
    </p>
   </div>
   <div class='ocr_carea' id='block_1_52' title="bbox 2009 2398 3582 2472">
    <p class='ocr_par' dir='ltr' id='par_1_52' title="bbox 2009 2398 3582 2472">
     <span class='ocr_line' id='line_1_52' title="bbox 2009 2398 3582 2472; baseline 0.007 -25"><span class='ocrx_word' id='word_1_361' title='bbox 2009 2398 2322 2466; x_wconf 80' lang='lat' dir='ltr'><strong>participari</strong></span> <span class='ocrx_word' id='word_1_362' title='bbox 2370 2414 2400 2452; x_wconf 86' lang='lat' dir='ltr'><strong>a</strong></span> <span class='ocrx_word' id='word_1_363' title='bbox 2439 2399 2708 2452; x_wconf 80' lang='lat' dir='ltr'><strong>creaturis</strong></span> <span class='ocrx_word' id='word_1_364' title='bbox 2758 2413 2864 2451; x_wconf 90' lang='lat' dir='ltr'><strong>non</strong></span> <span class='ocrx_word' id='word_1_365' title='bbox 2904 2409 3127 2466; x_wconf 88' lang='lat' dir='ltr'><strong>potest:</strong></span> <span class='ocrx_word' id='word_1_366' title='bbox 3177 2411 3233 2456; x_wconf 91' lang='lat' dir='ltr'><strong>et</strong></span> <span class='ocrx_word' id='word_1_367' title='bbox 3262 2402 3582 2472; x_wconf 83' lang='lat' dir='ltr'><strong>quicunque</strong></span> 
     </span>
    </p>
   </div>
   <div class='ocr_carea' id='block_1_53' title="bbox 2008 2489 3586 2557">
    <p class='ocr_par' dir='ltr' id='par_1_53' title="bbox 2008 2489 3586 2557">
     <span class='ocr_line' id='line_1_53' title="bbox 2008 2489 3586 2557; baseline 0.005 -15"><span class='ocrx_word' id='word_1_368' title='bbox 2008 2491 2155 2544; x_wconf 85' lang='lat' dir='ltr'><strong>aliud</strong></span> <span class='ocrx_word' id='word_1_369' title='bbox 2188 2491 2270 2545; x_wconf 85' lang='lat' dir='ltr'><strong>vel</strong></span> <span class='ocrx_word' id='word_1_370' title='bbox 2307 2490 2501 2544; x_wconf 84' lang='lat' dir='ltr'><strong>dicunt</strong></span> <span class='ocrx_word' id='word_1_371' title='bbox 2530 2490 2614 2544; x_wconf 85' lang='lat' dir='ltr'><strong>vel</strong></span> <span class='ocrx_word' id='word_1_372' title='bbox 2645 2489 2964 2546; x_wconf 81' lang='lat' dir='ltr'><strong>dicentibus</strong></span> <span class='ocrx_word' id='word_1_373' title='bbox 3009 2492 3265 2557; x_wconf 86' lang='lat' dir='ltr'><strong>credunt,</strong></span> <span class='ocrx_word' id='word_1_374' title='bbox 3309 2494 3346 2548; x_wconf 91' lang='lat' dir='ltr'><strong>ii</strong></span> <span class='ocrx_word' id='word_1_375' title='bbox 3379 2494 3586 2550; x_wconf 83' lang='lat' dir='ltr'><strong>doctri-</strong></span> 
     </span>
    </p>
   </div>
   <div class='ocr_carea' id='block_1_54' title="bbox 2011 2576 3586 2654">
    <p class='ocr_par' dir='ltr' id='par_1_54' title="bbox 2011 2576 3586 2654">
     <span class='ocr_line' id='line_1_54' title="bbox 2011 2576 3586 2654; baseline 0.005 -24"><span class='ocrx_word' id='word_1_376' title='bbox 2011 2594 2134 2632; x_wconf 85' lang='lat' dir='ltr'><strong>nam</strong></span> <span class='ocrx_word' id='word_1_377' title='bbox 2191 2594 2220 2630; x_wconf 88' lang='lat' dir='ltr'><strong>a</strong></span> <span class='ocrx_word' id='word_1_378' title='bbox 2282 2577 2702 2632; x_wconf 85' lang='lat' dir='ltr'><strong>tenebriontbus</strong></span> <span class='ocrx_word' id='word_1_379' title='bbox 2760 2576 2995 2632; x_wconf 88' lang='lat' dir='ltr'><strong>diabolis</strong></span> <span class='ocrx_word' id='word_1_380' title='bbox 3049 2578 3328 2634; x_wconf 85' lang='lat' dir='ltr'><strong>inventam</strong></span> <span class='ocrx_word' id='word_1_381' title='bbox 3371 2583 3586 2654; x_wconf 67' lang='grc'><strong>1074</strong></span> 
     </span>
    </p>
   </div>
   <div class='ocr_carea' id='block_1_55' title="bbox 2009 2669 3584 2739">
    <p class='ocr_par' dir='ltr' id='par_1_55' title="bbox 2009 2669 3584 2739">
     <span class='ocr_line' id='line_1_55' title="bbox 2009 2669 3584 2739; baseline 0.003 -15"><span class='ocrx_word' id='word_1_382' title='bbox 2009 2679 2312 2725; x_wconf 83' lang='lat' dir='ltr'><strong>sectantur.</strong></span> <span class='ocrx_word' id='word_1_383' title='bbox 2383 2669 2598 2723; x_wconf 86' lang='lat' dir='ltr'><strong>ldcirco</strong></span> <span class='ocrx_word' id='word_1_384' title='bbox 2657 2669 2860 2739; x_wconf 81' lang='lat' dir='ltr'><strong>quippe</strong></span> <span class='ocrx_word' id='word_1_385' title='bbox 2935 2671 3298 2727; x_wconf 81' lang='lat' dir='ltr'><strong>substantiam</strong></span> <span class='ocrx_word' id='word_1_386' title='bbox 3359 2675 3452 2728; x_wconf 70' lang='grc' dir='ltr'>θυι</span> <span class='ocrx_word' id='word_1_387' title='bbox 3515 2681 3584 2728; x_wconf 87' lang='lat' dir='ltr'><strong>ab</strong></span> 
     </span>
    </p>
   </div>
   <div class='ocr_carea' id='block_1_56' title="bbox 2008 2760 3585 2832">
    <p class='ocr_par' dir='ltr' id='par_1_56' title="bbox 2008 2760 3585 2832">
     <span class='ocr_line' id='line_1_56' title="bbox 2008 2760 3585 2832; baseline 0.002 -15"><span class='ocrx_word' id='word_1_388' title='bbox 2008 2764 2128 2832; x_wconf 86' lang='lat' dir='ltr'><strong>ejus</strong></span> <span class='ocrx_word' id='word_1_389' title='bbox 2167 2761 2485 2832; x_wconf 83' lang='lat' dir='ltr'><strong>operatione</strong></span> <span class='ocrx_word' id='word_1_390' title='bbox 2529 2760 2843 2816; x_wconf 75' lang='lat' dir='ltr'><strong>distinctam</strong></span> <span class='ocrx_word' id='word_1_391' title='bbox 2883 2775 3006 2818; x_wconf 86' lang='lat' dir='ltr'><strong>esse</strong></span> <span class='ocrx_word' id='word_1_392' title='bbox 3069 2764 3394 2832; x_wconf 63' lang='lat' dir='ltr'><strong>assnimus,</strong></span> <span class='ocrx_word' id='word_1_393' title='bbox 3430 2768 3585 2820; x_wconf 88' lang='lat' dir='ltr'><strong>iden-</strong></span> 
     </span>
    </p>
   </div>
   <div class='ocr_carea' id='block_1_57' title="bbox 325 2845 1909 2924">
    <p class='ocr_par' dir='ltr' id='par_1_57' title="bbox 325 2845 1909 2920">
     <span class='ocr_line' id='line_1_57' title="bbox 325 2845 1909 2920; baseline -0.004 -18"><span class='ocrx_word' id='word_1_394' title='bbox 325 2851 528 2917; x_wconf 76' lang='grc' dir='ltr'>σόφων,</span> <span class='ocrx_word' id='word_1_395' title='bbox 547 2851 638 2902; x_wconf 51' lang='grc' dir='ltr'><strong>ἐπὶ⁵</strong></span> <span class='ocrx_word' id='word_1_396' title='bbox 655 2848 835 2920; x_wconf 74' lang='grc' dir='ltr'>ἁπλῆς</span> <span class='ocrx_word' id='word_1_397' title='bbox 847 2850 944 2902; x_wconf 71' lang='grc' dir='ltr'>καὶ</span> <span class='ocrx_word' id='word_1_398' title='bbox 959 2845 1253 2918; x_wconf 81' lang='grc' dir='ltr'>ἀσωμάτου</span> <span class='ocrx_word' id='word_1_399' title='bbox 1273 2847 1486 2917; x_wconf 80' lang='grc' dir='ltr'>φύσεως</span> <span class='ocrx_word' id='word_1_400' title='bbox 1501 2847 1589 2899; x_wconf 87' lang='grc' dir='ltr'><strong>τὸν</strong></span> <span class='ocrx_word' id='word_1_401' title='bbox 1609 2847 1772 2898; x_wconf 73' lang='grc' dir='ltr'>αὑτὸν</span> <span class='ocrx_word' id='word_1_402' title='bbox 1792 2848 1909 2897; x_wconf 79' lang='grc' dir='ltr'>ἐπι·-</span> 
     </span>
    </p>
   </div>
   <div class='ocr_carea' id='block_1_58' title="bbox 2010 2845 3628 2924">
    <p class='ocr_par' dir='ltr' id='par_1_58' title="bbox 2013 2849 3628 2923">
     <span class='ocr_line' id='line_1_58' title="bbox 2013 2849 3628 2923; baseline 0.003 -15"><span class='ocrx_word' id='word_1_403' title='bbox 2013 2855 2166 2908; x_wconf 86' lang='lat' dir='ltr'><strong>titate</strong></span> <span class='ocrx_word' id='word_1_404' title='bbox 2203 2853 2451 2923; x_wconf 79' lang='lat' dir='ltr'><strong>qualibet</strong></span> <span class='ocrx_word' id='word_1_405' title='bbox 2475 2869 2505 2907; x_wconf 90' lang='lat' dir='ltr'><strong>e</strong></span> <span class='ocrx_word' id='word_1_406' title='bbox 2541 2853 2726 2908; x_wconf 87' lang='lat' dir='ltr'><strong>medio</strong></span> <span class='ocrx_word' id='word_1_407' title='bbox 2759 2854 2994 2910; x_wconf 89' lang='lat' dir='ltr'><strong>sublata.</strong></span> <span class='ocrx_word' id='word_1_408' title='bbox 3032 2874 3048 2905; x_wconf 74' lang='grc' dir='ltr'><strong>ι</strong></span> <span class='ocrx_word' id='word_1_409' title='bbox 3079 2856 3291 2910; x_wconf 85' lang='lat' dir='ltr'><strong>Pariter</strong></span> <span class='ocrx_word' id='word_1_410' title='bbox 3321 2861 3580 2914; x_wconf 87' lang='lat' dir='ltr'><strong>nonnulla</strong></span> <span class='ocrx_word' id='word_1_411' title='bbox 3619 2849 3628 2892; x_wconf 63' lang='grc' dir='ltr'><strong>ί</strong></span> 
     </span>
    </p>
   </div>
   <div class='ocr_carea' id='block_1_59' title="bbox 321 2939 1904 3013">
    <p class='ocr_par' dir='ltr' id='par_1_59' title="bbox 321 2939 1904 3013">
     <span class='ocr_line' id='line_1_59' title="bbox 321 2939 1904 3013; baseline -0.004 -17"><span class='ocrx_word' id='word_1_412' title='bbox 321 2941 579 3012; x_wconf 79' lang='grc' dir='ltr'>δέχεσθαι</span> <span class='ocrx_word' id='word_1_413' title='bbox 595 2942 754 3010; x_wconf 83' lang='grc' dir='ltr'>λόγον</span> <span class='ocrx_word' id='word_1_414' title='bbox 775 2942 876 3013; x_wconf 80' lang='grc' dir='ltr'><strong>τήν</strong></span> <span class='ocrx_word' id='word_1_415' title='bbox 903 2941 1188 3011; x_wconf 73' lang='grc' dir='ltr'>ἐνέργειαν</span> <span class='ocrx_word' id='word_1_416' title='bbox 1215 2943 1282 3011; x_wconf 82' lang='grc' dir='ltr'>τῇ</span> <span class='ocrx_word' id='word_1_417' title='bbox 1307 2940 1486 3009; x_wconf 60' lang='lat' dir='ltr'><strong>cinia.</strong></span> <span class='ocrx_word' id='word_1_418' title='bbox 1507 2939 1589 2992; x_wconf 69' lang='grc' dir='ltr'><strong>Τὰ</strong></span> <span class='ocrx_word' id='word_1_419' title='bbox 1610 2939 1667 2991; x_wconf 75' lang='grc' dir='ltr'><strong>δὲ</strong></span> <span class='ocrx_word' id='word_1_420' title='bbox 1699 2939 1788 2990; x_wconf 88' lang='grc' dir='ltr'><strong>τὸν</strong></span> <span class='ocrx_word' id='word_1_421' title='bbox 1810 2940 1904 2990; x_wconf 68' lang='grc' dir='ltr'><strong>α)-</strong></span> 
     </span>
    </p>
   </div>
   <div class='ocr_carea' id='block_1_60' title="bbox 322 3030 1928 3104">
    <p class='ocr_par' dir='ltr' id='par_1_60' title="bbox 322 3030 1928 3104">
     <span class='ocr_line' id='line_1_60' title="bbox 322 3030 1928 3104; baseline -0.002 -18"><span class='ocrx_word' id='word_1_422' title='bbox 322 3037 420 3088; x_wconf 84' lang='grc' dir='ltr'><strong>τὸν</strong></span> <span class='ocrx_word' id='word_1_423' title='bbox 464 3033 636 3101; x_wconf 73' lang='grc' dir='ltr'>’λόγον</span> <span class='ocrx_word' id='word_1_424' title='bbox 664 3031 1027 3104; x_wconf 79' lang='grc' dir='ltr'>ἑπιδεχόμενα</span> <span class='ocrx_word' id='word_1_425' title='bbox 1065 3030 1162 3086; x_wconf 85' lang='grc' dir='ltr'><strong>δύο</strong></span> <span class='ocrx_word' id='word_1_426' title='bbox 1201 3033 1342 3096; x_wconf 83' lang='grc' dir='ltr'>ἐστὶ,</span> <span class='ocrx_word' id='word_1_427' title='bbox 1369 3031 1464 3084; x_wconf 78' lang='grc' dir='ltr'>καὶ</span> <span class='ocrx_word' id='word_1_428' title='bbox 1493 3031 1593 3100; x_wconf 81' lang='grc' dir='ltr'><strong>οὐχ</strong></span> <span class='ocrx_word' id='word_1_429' title='bbox 1612 3030 1690 3083; x_wconf 78' lang='grc' dir='ltr'>ἐν.</span> <span class='ocrx_word' id='word_1_430' title='bbox 1719 3030 1829 3084; x_wconf 76' lang='grc' dir='ltr'><strong>Καὶ</strong></span> <span class='ocrx_word' id='word_1_431' title='bbox 1854 3033 1928 3091; x_wconf 77' lang='grc' dir='ltr'><strong>εί,</strong></span> 
     </span>
    </p>
   </div>
   <div class='ocr_carea' id='block_1_61' title="bbox 2010 2945 3583 3018">
    <p class='ocr_par' dir='ltr' id='par_1_61' title="bbox 2010 2945 3583 3018">
     <span class='ocr_line' id='line_1_61' title="bbox 2010 2945 3583 3018; baseline 0.006 -19"><span class='ocrx_word' id='word_1_432' title='bbox 2010 2961 2042 3000; x_wconf 92' lang='lat' dir='ltr'><strong>e</strong></span> <span class='ocrx_word' id='word_1_433' title='bbox 2078 2945 2312 3000; x_wconf 73' lang='lat' dir='ltr'><strong>Palamte</strong></span> <span class='ocrx_word' id='word_1_434' title='bbox 2352 2946 3072 3016; x_wconf 82' lang='lat' dir='ltr'><strong>dogmatibus&#39;adducebat,</strong></span> <span class='ocrx_word' id='word_1_435' title='bbox 3105 2965 3226 3018; x_wconf 72' lang='lat' dir='ltr'><strong>qua:</strong></span> <span class='ocrx_word' id='word_1_436' title='bbox 3276 2950 3403 3006; x_wconf 87' lang='lat' dir='ltr'><strong>hinc</strong></span> <span class='ocrx_word' id='word_1_437' title='bbox 3456 2954 3583 3008; x_wconf 87' lang='lat' dir='ltr'><strong>inde</strong></span> 
     </span>
    </p>
   </div>
   <div class='ocr_carea' id='block_1_62' title="bbox 2009 3039 3582 3110">
    <p class='ocr_par' dir='ltr' id='par_1_62' title="bbox 2009 3039 3582 3110">
     <span class='ocr_line' id='line_1_62' title="bbox 2009 3039 3582 3110; baseline 0.004 -18"><span class='ocrx_word' id='word_1_438' title='bbox 2009 3039 2162 3093; x_wconf 87' lang='lat' dir='ltr'><strong>nullo</strong></span> <span class='ocrx_word' id='word_1_439' title='bbox 2193 3040 2306 3094; x_wconf 80' lang='lat' dir='ltr'><strong>fere</strong></span> <span class='ocrx_word' id='word_1_440' title='bbox 2345 3040 2540 3095; x_wconf 88' lang='lat' dir='ltr'><strong>ordine</strong></span> <span class='ocrx_word' id='word_1_441' title='bbox 2574 3039 2805 3095; x_wconf 85' lang='lat' dir='ltr'><strong>collecta</strong></span> <span class='ocrx_word' id='word_1_442' title='bbox 2853 3040 3180 3096; x_wconf 85' lang='lat' dir='ltr'><strong>memoriter</strong></span> <span class='ocrx_word' id='word_1_443' title='bbox 3209 3042 3327 3110; x_wconf 89' lang='lat' dir='ltr'><strong>ipse</strong></span> <span class='ocrx_word' id='word_1_444' title='bbox 3381 3045 3582 3100; x_wconf 76' lang='lat' dir='ltr'><strong>recitu~</strong></span> 
     </span>
    </p>
   </div>
   <div class='ocr_carea' id='block_1_63' title="bbox 324 3117 1909 3201">
    <p class='ocr_par' dir='ltr' id='par_1_63' title="bbox 324 3117 1899 3197">
     <span class='ocr_line' id='line_1_63' title="bbox 324 3117 1899 3197; baseline -0.004 -18"><span class='ocrx_word' id='word_1_445' title='bbox 324 3126 570 3190; x_wconf 81' lang='grc' dir='ltr'>δύο,πῶς</span> <span class='ocrx_word' id='word_1_446' title='bbox 585 3125 756 3197; x_wconf 73' lang='grc' dir='ltr'>χωρὶς</span> <span class='ocrx_word' id='word_1_447' title='bbox 769 3122 1088 3195; x_wconf 77' lang='grc' dir='ltr'>ἡστινοσοῦν</span> <span class='ocrx_word' id='word_1_448' title='bbox 1101 3123 1235 3194; x_wconf 76' lang='grc' dir='ltr'>πρὸς</span> <span class='ocrx_word' id='word_1_449' title='bbox 1251 3121 1459 3192; x_wconf 79' lang='grc' dir='ltr'>ἄλληλα</span> <span class='ocrx_word' id='word_1_450' title='bbox 1477 3120 1762 3190; x_wconf 71' lang='grc' dir='ltr'>διαφορᾶςς</span> <span class='ocrx_word' id='word_1_451' title='bbox 1773 3117 1841 3172; x_wconf 68' lang='grc' dir='ltr'>Ἀ</span> <span class='ocrx_word' id='word_1_452' title='bbox 1851 3123 1899 3189; x_wconf 95' lang='grc' dir='ltr'>ρ’</span> 
     </span>
    </p>
   </div>
   <div class='ocr_carea' id='block_1_64' title="bbox 2010 3117 3581 3201">
    <p class='ocr_par' dir='ltr' id='par_1_64' title="bbox 2010 3129 3581 3201">
     <span class='ocr_line' id='line_1_64' title="bbox 2010 3129 3581 3201; baseline 0.004 -17"><span class='ocrx_word' id='word_1_453' title='bbox 2010 3129 2139 3185; x_wconf 86' lang='lat' dir='ltr'><strong>bat:</strong></span> <span class='ocrx_word' id='word_1_454' title='bbox 2165 3139 2382 3185; x_wconf 85' lang='lat' dir='ltr'><strong>servata</strong></span> <span class='ocrx_word' id='word_1_455' title='bbox 2411 3130 2584 3185; x_wconf 87' lang='lat' dir='ltr'><strong>nihilo</strong></span> <span class='ocrx_word' id='word_1_456' title='bbox 2616 3131 2800 3186; x_wconf 84' lang='lat' dir='ltr'><strong>minus</strong></span> <span class='ocrx_word' id='word_1_457' title='bbox 2821 3130 3031 3200; x_wconf 74' lang='lat' dir='ltr'><strong>integra</strong></span> <span class='ocrx_word' id='word_1_458' title='bbox 3062 3132 3348 3201; x_wconf 85' lang='lat' dir='ltr'><strong>scriptoris</strong></span> <span class='ocrx_word' id='word_1_459' title='bbox 3377 3146 3581 3200; x_wconf 89' lang='lat' dir='ltr'><strong>mente,</strong></span> 
     </span>
    </p>
   </div>
   <div class='ocr_carea' id='block_1_65' title="bbox 325 3213 1905 3289">
    <p class='ocr_par' dir='ltr' id='par_1_65' title="bbox 325 3213 1905 3289">
     <span class='ocr_line' id='line_1_65' title="bbox 325 3213 1905 3289; baseline -0.004 -17"><span class='ocrx_word' id='word_1_460' title='bbox 325 3215 420 3272; x_wconf 76' lang='grc' dir='ltr'>οὖν</span> <span class='ocrx_word' id='word_1_461' title='bbox 440 3223 502 3272; x_wconf 79' lang='grc' dir='ltr'>οὐ</span> <span class='ocrx_word' id='word_1_462' title='bbox 521 3220 797 3289; x_wconf 77' lang='grc' dir='ltr'>διενήνοχε</span> <span class='ocrx_word' id='word_1_463' title='bbox 818 3219 879 3272; x_wconf 88' lang='grc' dir='ltr'><strong>τὸ</strong></span> <span class='ocrx_word' id='word_1_464' title='bbox 897 3217 1125 3271; x_wconf 76' lang='grc' dir='ltr'>Θεᾶσθαι</span> <span class='ocrx_word' id='word_1_465' title='bbox 1147 3214 1240 3268; x_wconf 81' lang='grc' dir='ltr'>τοῦ</span> <span class='ocrx_word' id='word_1_466' title='bbox 1270 3213 1573 3280; x_wconf 69' lang='grc' dir='ltr'>θεοποιοῦνς</span> <span class='ocrx_word' id='word_1_467' title='bbox 1601 3213 1631 3281; x_wconf 83' lang='grc' dir='ltr'>ἢ</span> <span class='ocrx_word' id='word_1_468' title='bbox 1659 3216 1750 3266; x_wconf 71' lang='grc' dir='ltr'>καὶ</span> <span class='ocrx_word' id='word_1_469' title='bbox 1787 3213 1905 3266; x_wconf 77' lang='lat' dir='ltr'><strong>Oso-</strong></span> 
     </span>
    </p>
   </div>
   <div class='ocr_carea' id='block_1_66' title="bbox 327 3306 1905 3377">
    <p class='ocr_par' dir='ltr' id='par_1_66' title="bbox 327 3306 1905 3377">
     <span class='ocr_line' id='line_1_66' title="bbox 327 3306 1905 3377; baseline -0.004 -12"><span class='ocrx_word' id='word_1_470' title='bbox 327 3316 475 3366; x_wconf 78' lang='grc' dir='ltr'>ποιεῖ</span> <span class='ocrx_word' id='word_1_471' title='bbox 497 3312 650 3367; x_wconf 80' lang='grc' dir='ltr'>πάνθ’</span> <span class='ocrx_word' id='word_1_472' title='bbox 671 3313 770 3365; x_wconf 85' lang='grc' dir='ltr'>ὅσα</span> <span class='ocrx_word' id='word_1_473' title='bbox 797 3309 1154 3375; x_wconf 77' lang='grc' dir='ltr'>θεᾶταιΘεός;</span> <span class='ocrx_word' id='word_1_474' title='bbox 1172 3306 1326 3361; x_wconf 77' lang='grc' dir='ltr'>Ἐπεὶ</span> <span class='ocrx_word' id='word_1_475' title='bbox 1351 3308 1410 3361; x_wconf 72' lang='grc' dir='ltr'><strong>δὲ</strong></span> <span class='ocrx_word' id='word_1_476' title='bbox 1432 3306 1729 3376; x_wconf 80' lang='grc' dir='ltr'>διενήνοχε,</span> <span class='ocrx_word' id='word_1_477' title='bbox 1754 3307 1828 3377; x_wconf 86' lang='grc' dir='ltr'><strong>μή</strong></span> <span class='ocrx_word' id='word_1_478' title='bbox 1853 3323 1905 3358; x_wconf 84' lang='grc' dir='ltr'><strong>τι</strong></span> 
     </span>
    </p>
   </div>
   <div class='ocr_carea' id='block_1_67' title="bbox 327 3399 1905 3471">
    <p class='ocr_par' dir='ltr' id='par_1_67' title="bbox 327 3399 1905 3471">
     <span class='ocr_line' id='line_1_67' title="bbox 327 3399 1905 3471; baseline -0.006 -10"><span class='ocrx_word' id='word_1_479' title='bbox 327 3423 534 3461; x_wconf 83' lang='grc' dir='ltr'>τουτων</span> <span class='ocrx_word' id='word_1_480' title='bbox 581 3405 700 3459; x_wconf 81' lang='grc' dir='ltr'>ἐστὶ</span> <span class='ocrx_word' id='word_1_481' title='bbox 762 3403 1020 3471; x_wconf 85' lang='grc' dir='ltr'>κτιστόν;</span> <span class='ocrx_word' id='word_1_482' title='bbox 1053 3422 1071 3451; x_wconf 77' lang='grc' dir='ltr'><strong>ι</strong></span> <span class='ocrx_word' id='word_1_483' title='bbox 1111 3399 1247 3456; x_wconf 80' lang='grc' dir='ltr'>Εἶτα</span> <span class='ocrx_word' id='word_1_484' title='bbox 1303 3401 1722 3468; x_wconf 80' lang='grc' dir='ltr'>ἐπανελάμϐανε</span> <span class='ocrx_word' id='word_1_485' title='bbox 1780 3399 1905 3452; x_wconf 78' lang='grc' dir='ltr'>καθ’</span> 
     </span>
    </p>
   </div>
   <div class='ocr_carea' id='block_1_68' title="bbox 326 3487 1907 3566">
    <p class='ocr_par' dir='ltr' id='par_1_68' title="bbox 326 3487 1907 3566">
     <span class='ocr_line' id='line_1_68' title="bbox 326 3487 1907 3566; baseline -0.007 -15"><span class='ocrx_word' id='word_1_486' title='bbox 326 3499 539 3552; x_wconf 73' lang='grc' dir='ltr'>ἕκαστα</span> <span class='ocrx_word' id='word_1_487' title='bbox 562 3497 624 3550; x_wconf 91' lang='grc' dir='ltr'><strong>τὸ</strong></span> <span class='ocrx_word' id='word_1_488' title='bbox 643 3494 1072 3566; x_wconf 82' lang='grc' dir='ltr'>προγνωστικὸν,</span> <span class='ocrx_word' id='word_1_489' title='bbox 1097 3493 1157 3546; x_wconf 89' lang='grc' dir='ltr'><strong>τὸ</strong></span> <span class='ocrx_word' id='word_1_490' title='bbox 1178 3491 1534 3562; x_wconf 81' lang='grc' dir='ltr'>δημιουργὸν,</span> <span class='ocrx_word' id='word_1_491' title='bbox 1558 3489 1656 3558; x_wconf 84' lang='grc' dir='ltr'>τὴν</span> <span class='ocrx_word' id='word_1_492' title='bbox 1690 3489 1825 3558; x_wconf 80' lang='grc' dir='ltr'>πρὸς</span> <span class='ocrx_word' id='word_1_493' title='bbox 1849 3487 1907 3540; x_wconf 83' lang='grc' dir='ltr'><strong>τὸ</strong></span> 
     </span>
    </p>
   </div>
   <div class='ocr_carea' id='block_1_69' title="bbox 331 3579 1899 3658">
    <p class='ocr_par' dir='ltr' id='par_1_69' title="bbox 331 3579 1899 3658">
     <span class='ocr_line' id='line_1_69' title="bbox 331 3579 1899 3658; baseline -0.008 -16"><span class='ocrx_word' id='word_1_494' title='bbox 331 3589 581 3658; x_wconf 72' lang='grc' dir='ltr'>ἐνεργεῖν</span> <span class='ocrx_word' id='word_1_495' title='bbox 615 3586 963 3655; x_wconf 71' lang='grc' dir='ltr'>ἑτοιμότητα,</span> <span class='ocrx_word' id='word_1_496' title='bbox 989 3585 1083 3637; x_wconf 73' lang='grc' dir='ltr'>καὶ</span> <span class='ocrx_word' id='word_1_497' title='bbox 1119 3583 1304 3638; x_wconf 79' lang='grc' dir='ltr'>τᾶλλα.</span> <span class='ocrx_word' id='word_1_498' title='bbox 1332 3601 1350 3633; x_wconf 80' lang='grc' dir='ltr'><strong>ι</strong></span> <span class='ocrx_word' id='word_1_499' title='bbox 1391 3582 1485 3644; x_wconf 75' lang='grc' dir='ltr'>Ὠς</span> <span class='ocrx_word' id='word_1_500' title='bbox 1502 3583 1608 3649; x_wconf 80' lang='grc' dir='ltr'>γὰρ</span> <span class='ocrx_word' id='word_1_501' title='bbox 1639 3583 1666 3633; x_wconf 88' lang='lat'><strong>6</strong></span> <span class='ocrx_word' id='word_1_502' title='bbox 1695 3579 1839 3657; x_wconf 73' lang='grc' dir='ltr'>νοῦς,</span> <span class='ocrx_word' id='word_1_503' title='bbox 1881 3597 1899 3630; x_wconf 71' lang='grc' dir='ltr'><strong>ι</strong></span> 
     </span>
    </p>
   </div>
   <div class='ocr_carea' id='block_1_70' title="bbox 329 3673 1910 3753">
    <p class='ocr_par' dir='ltr' id='par_1_70' title="bbox 329 3673 1910 3753">
     <span class='ocr_line' id='line_1_70' title="bbox 329 3673 1910 3753; baseline -0.006 -19"><span class='ocrx_word' id='word_1_504' title='bbox 329 3680 487 3753; x_wconf 62' lang='grc' dir='ltr'>φησι,</span> <span class='ocrx_word' id='word_1_505' title='bbox 513 3698 531 3732; x_wconf 84' lang='grc' dir='ltr'><strong>ι</strong></span> <span class='ocrx_word' id='word_1_506' title='bbox 560 3680 658 3744; x_wconf 80' lang='grc' dir='ltr'><strong>τὰς</strong></span> <span class='ocrx_word' id='word_1_507' title='bbox 679 3679 988 3748; x_wconf 75' lang='grc' dir='ltr'>ἐπιστήμας</span> <span class='ocrx_word' id='word_1_508' title='bbox 1012 3674 1451 3747; x_wconf 73' lang='grc' dir='ltr'>προσλαμϐάνων</span> <span class='ocrx_word' id='word_1_509' title='bbox 1475 3673 1729 3736; x_wconf 79' lang='grc' dir='ltr'>σύνθετος</span> <span class='ocrx_word' id='word_1_510' title='bbox 1744 3674 1805 3725; x_wconf 79' lang='grc' dir='ltr'>οὐ</span> <span class='ocrx_word' id='word_1_511' title='bbox 1832 3673 1910 3740; x_wconf 88' lang='grc' dir='ltr'>γί-</span> 
     </span>
    </p>
   </div>
   <div class='ocr_carea' id='block_1_71' title="bbox 331 3765 1908 3844">
    <p class='ocr_par' dir='ltr' id='par_1_71' title="bbox 331 3765 1908 3844">
     <span class='ocr_line' id='line_1_71' title="bbox 331 3765 1908 3844; baseline -0.008 -14"><span class='ocrx_word' id='word_1_512' title='bbox 331 3792 509 3844; x_wconf 84' lang='grc' dir='ltr'>νεται,</span> <span class='ocrx_word' id='word_1_513' title='bbox 539 3774 630 3827; x_wconf 86' lang='grc' dir='ltr'><strong>τὸν</strong></span> <span class='ocrx_word' id='word_1_514' title='bbox 679 3772 840 3825; x_wconf 77' lang='grc' dir='ltr'>αὑτὸν</span> <span class='ocrx_word' id='word_1_515' title='bbox 883 3768 1218 3838; x_wconf 74' lang='grc' dir='ltr'>τρόπον,καὶ</span> <span class='ocrx_word' id='word_1_516' title='bbox 1243 3766 1420 3835; x_wconf 86' lang='grc' dir='ltr'>πολλῷ</span> <span class='ocrx_word' id='word_1_517' title='bbox 1445 3765 1666 3836; x_wconf 83' lang='grc' dir='ltr'>μᾶλλον,</span> <span class='ocrx_word' id='word_1_518' title='bbox 1687 3765 1749 3817; x_wconf 80' lang='grc' dir='ltr'><strong>τὸ</strong></span> <span class='ocrx_word' id='word_1_519' title='bbox 1773 3782 1908 3836; x_wconf 80' lang='grc' dir='ltr'>προ-</span> 
     </span>
    </p>
   </div>
   <div class='ocr_carea' id='block_1_72' title="bbox 327 3857 1908 3938">
    <p class='ocr_par' dir='ltr' id='par_1_72' title="bbox 327 3857 1908 3938">
     <span class='ocr_line' id='line_1_72' title="bbox 327 3857 1908 3938; baseline -0.007 -18"><span class='ocrx_word' id='word_1_520' title='bbox 327 3866 632 3938; x_wconf 72' lang='grc' dir='ltr'>γνωστικὸν</span> <span class='ocrx_word' id='word_1_521' title='bbox 659 3866 752 3918; x_wconf 74' lang='grc' dir='ltr'>καὶ</span> <span class='ocrx_word' id='word_1_522' title='bbox 774 3863 954 3925; x_wconf 79' lang='grc' dir='ltr'>πάσας</span> <span class='ocrx_word' id='word_1_523' title='bbox 977 3859 1162 3923; x_wconf 84' lang='grc' dir='ltr'>ἁπλῶς</span> <span class='ocrx_word' id='word_1_524' title='bbox 1184 3859 1282 3922; x_wconf 83' lang='grc' dir='ltr'>τὰς</span> <span class='ocrx_word' id='word_1_525' title='bbox 1297 3861 1556 3918; x_wconf 84' lang='grc' dir='ltr'>τοιαύτας</span> <span class='ocrx_word' id='word_1_526' title='bbox 1575 3857 1833 3928; x_wconf 79' lang='grc' dir='ltr'>δυνάμεις</span> <span class='ocrx_word' id='word_1_527' title='bbox 1850 3874 1908 3910; x_wconf 88' lang='grc' dir='ltr'><strong>τε</strong></span> 
     </span>
    </p>
   </div>
   <div class='ocr_carea' id='block_1_73' title="bbox 330 3947 1908 4029">
    <p class='ocr_par' dir='ltr' id='par_1_73' title="bbox 330 3947 1908 4029">
     <span class='ocr_line' id='line_1_73' title="bbox 330 3947 1908 4029; baseline -0.009 -15"><span class='ocrx_word' id='word_1_528' title='bbox 330 3961 426 4015; x_wconf 76' lang='grc' dir='ltr'>καὶ</span> <span class='ocrx_word' id='word_1_529' title='bbox 444 3957 723 4029; x_wconf 84' lang='grc' dir='ltr'>ἐνεργείας</span> <span class='ocrx_word' id='word_1_530' title='bbox 745 3955 991 4026; x_wconf 81' lang='grc' dir='ltr'>φυσικῶς</span> <span class='ocrx_word' id='word_1_531' title='bbox 1014 3957 1048 4026; x_wconf 90' lang='grc' dir='ltr'><strong>ή</strong></span> <span class='ocrx_word' id='word_1_532' title='bbox 1079 3953 1200 4007; x_wconf 89' lang='grc' dir='ltr'>οεία</span> <span class='ocrx_word' id='word_1_533' title='bbox 1225 3953 1386 4020; x_wconf 82' lang='grc' dir='ltr'>φύσις</span> <span class='ocrx_word' id='word_1_534' title='bbox 1412 3951 1611 4020; x_wconf 86' lang='grc' dir='ltr'>ἐχουσα</span> <span class='ocrx_word' id='word_1_535' title='bbox 1651 3947 1908 4012; x_wconf 71' lang='grc' dir='ltr'>σύνθετος</span> 
     </span>
    </p>
   </div>
   <div class='ocr_carea' id='block_1_74' title="bbox 331 4042 1908 4122">
    <p class='ocr_par' dir='ltr' id='par_1_74' title="bbox 331 4042 1908 4122">
     <span class='ocr_line' id='line_1_74' title="bbox 331 4042 1908 4122; baseline -0.009 -16"><span class='ocrx_word' id='word_1_536' title='bbox 331 4055 434 4108; x_wconf 73' lang='grc' dir='ltr'>οὐκ</span> <span class='ocrx_word' id='word_1_537' title='bbox 465 4054 602 4106; x_wconf 82' lang='grc' dir='ltr'>ἐστι.</span> <span class='ocrx_word' id='word_1_538' title='bbox 634 4071 653 4104; x_wconf 67' lang='grc' dir='ltr'><strong>ι</strong></span> <span class='ocrx_word' id='word_1_539' title='bbox 677 4053 788 4104; x_wconf 80' lang='grc' dir='ltr'><strong>Καὶ</strong></span> <span class='ocrx_word' id='word_1_540' title='bbox 837 4049 1019 4117; x_wconf 77' lang='grc' dir='ltr'>λέγειν</span> <span class='ocrx_word' id='word_1_541' title='bbox 1046 4048 1297 4117; x_wconf 79' lang='grc' dir='ltr'>φανερῶς</span> <span class='ocrx_word' id='word_1_542' title='bbox 1320 4045 1443 4106; x_wconf 77' lang='grc' dir='ltr'>τοὺς</span> <span class='ocrx_word' id='word_1_543' title='bbox 1487 4043 1674 4110; x_wconf 77' lang='grc' dir='ltr'>ἁγίους</span> <span class='ocrx_word' id='word_1_544' title='bbox 1706 4042 1908 4122; x_wconf 71' lang='grc' dir='ltr'>ἔφασκε</span> 
     </span>
    </p>
   </div>
   <div class='ocr_carea' id='block_1_75' title="bbox 335 4135 1912 4218">
    <p class='ocr_par' dir='ltr' id='par_1_75' title="bbox 335 4135 1912 4218">
     <span class='ocr_line' id='line_1_75' title="bbox 335 4135 1912 4218; baseline -0.01 -20"><span class='ocrx_word' id='word_1_545' title='bbox 335 4145 459 4218; x_wconf 77' lang='grc' dir='ltr'>μὲν,</span> <span class='ocrx_word' id='word_1_546' title='bbox 485 4145 546 4198; x_wconf 79' lang='grc' dir='ltr'>οὐ</span> <span class='ocrx_word' id='word_1_547' title='bbox 579 4144 873 4216; x_wconf 81' lang='grc' dir='ltr'>παρήγαγε</span> <span class='ocrx_word' id='word_1_548' title='bbox 895 4141 938 4194; x_wconf 76' lang='grc' dir='ltr'><strong>δ’</strong></span> <span class='ocrx_word' id='word_1_549' title='bbox 964 4139 1078 4193; x_wconf 74' lang='grc' dir='ltr'>οὔτ’</span> <span class='ocrx_word' id='word_1_550' title='bbox 1096 4140 1178 4200; x_wconf 79' lang='grc' dir='ltr'><strong>είς</strong></span> <span class='ocrx_word' id='word_1_551' title='bbox 1212 4138 1335 4208; x_wconf 67' lang='grc' dir='ltr'>ὄψιν</span> <span class='ocrx_word' id='word_1_552' title='bbox 1359 4135 1468 4189; x_wconf 77' lang='grc' dir='ltr'>οὔτ’</span> <span class='ocrx_word' id='word_1_553' title='bbox 1495 4136 1576 4196; x_wconf 80' lang='grc' dir='ltr'>εις</span> <span class='ocrx_word' id='word_1_554' title='bbox 1595 4136 1765 4193; x_wconf 80' lang='grc' dir='ltr'>ἀκοὴν</span> <span class='ocrx_word' id='word_1_555' title='bbox 1781 4150 1912 4202; x_wconf 87' lang='grc' dir='ltr'>γρα-</span> 
     </span>
    </p>
   </div>
   <div class='ocr_carea' id='block_1_76' title="bbox 2009 3221 3588 3292">
    <p class='ocr_par' dir='ltr' id='par_1_76' title="bbox 2009 3221 3588 3292">
     <span class='ocr_line' id='line_1_76' title="bbox 2009 3221 3588 3292; baseline 0.002 -16"><span class='ocrx_word' id='word_1_556' title='bbox 2009 3230 2065 3276; x_wconf 89' lang='lat' dir='ltr'><strong>et</strong></span> <span class='ocrx_word' id='word_1_557' title='bbox 2091 3221 2342 3292; x_wconf 80' lang='lat' dir='ltr'><strong>ejusdem</strong></span> <span class='ocrx_word' id='word_1_558' title='bbox 2373 3223 2666 3278; x_wconf 81' lang='lat' dir='ltr'><strong>sententiis</strong></span> <span class='ocrx_word' id='word_1_559' title='bbox 2699 3223 2767 3277; x_wconf 90' lang='lat' dir='ltr'><strong>de</strong></span> <span class='ocrx_word' id='word_1_560' title='bbox 2799 3223 2967 3278; x_wconf 85' lang='lat' dir='ltr'><strong>verbo</strong></span> <span class='ocrx_word' id='word_1_561' title='bbox 3001 3223 3068 3277; x_wconf 90' lang='lat' dir='ltr'><strong>ad</strong></span> <span class='ocrx_word' id='word_1_562' title='bbox 3098 3224 3321 3278; x_wconf 77' lang='lat' dir='ltr'><strong>verbum</strong></span> <span class='ocrx_word' id='word_1_563' title='bbox 3357 3238 3588 3280; x_wconf 77' lang='lat' dir='ltr'><strong>accura-</strong></span> 
     </span>
    </p>
   </div>
   <div class='ocr_carea' id='block_1_77' title="bbox 2013 3312 3588 3380">
    <p class='ocr_par' dir='ltr' id='par_1_77' title="bbox 2013 3312 3588 3380">
     <span class='ocr_line' id='line_1_77' title="bbox 2013 3312 3588 3380; baseline 0.003 -14"><span class='ocrx_word' id='word_1_564' title='bbox 2013 3314 2223 3368; x_wconf 87' lang='lat' dir='ltr'><strong>tissime</strong></span> <span class='ocrx_word' id='word_1_565' title='bbox 2275 3312 2482 3367; x_wconf 85' lang='lat' dir='ltr'><strong>relatis.</strong></span> <span class='ocrx_word' id='word_1_566' title='bbox 2544 3331 2564 3364; x_wconf 81' lang='grc' dir='ltr'><strong>ι</strong></span> <span class='ocrx_word' id='word_1_567' title='bbox 2622 3313 2746 3367; x_wconf 68' lang='grc' dir='ltr'>Ηιεο</span> <span class='ocrx_word' id='word_1_568' title='bbox 2789 3313 2937 3366; x_wconf 85' lang='lat' dir='ltr'><strong>enim</strong></span> <span class='ocrx_word' id='word_1_569' title='bbox 2991 3314 3301 3367; x_wconf 85' lang='lat' dir='ltr'><strong>communis</strong></span> <span class='ocrx_word' id='word_1_570' title='bbox 3328 3324 3444 3380; x_wconf 91' lang='lat' dir='ltr'><strong>est,</strong></span> <span class='ocrx_word' id='word_1_571' title='bbox 3503 3315 3588 3370; x_wconf 85' lang='lat' dir='ltr'><strong>in-</strong></span> 
     </span>
    </p>
   </div>
   <div class='ocr_carea' id='block_1_78' title="bbox 2004 3403 3580 3474">
    <p class='ocr_par' dir='ltr' id='par_1_78' title="bbox 2004 3403 3580 3474">
     <span class='ocr_line' id='line_1_78' title="bbox 2004 3403 3580 3474; baseline 0.002 -16"><span class='ocrx_word' id='word_1_572' title='bbox 2004 3405 2134 3474; x_wconf 81' lang='lat' dir='ltr'><strong>quit</strong></span> <span class='ocrx_word' id='word_1_573' title='bbox 2180 3405 2447 3469; x_wconf 77' lang='lat' dir='ltr'><strong>Palamas,</strong></span> <span class='ocrx_word' id='word_1_574' title='bbox 2513 3412 2629 3458; x_wconf 87' lang='lat' dir='ltr'><strong>tum</strong></span> <span class='ocrx_word' id='word_1_575' title='bbox 2658 3403 2946 3473; x_wconf 79' lang='lat' dir='ltr'><strong>gentilium</strong></span> <span class='ocrx_word' id='word_1_576' title='bbox 2993 3413 3104 3457; x_wconf 90' lang='lat' dir='ltr'><strong>tum</strong></span> <span class='ocrx_word' id='word_1_577' title='bbox 3135 3404 3580 3460; x_wconf 75' lang='lat' dir='ltr'><strong>Christianorum</strong></span> 
     </span>
    </p>
   </div>
   <div class='ocr_carea' id='block_1_79' title="bbox 2010 3494 3588 3563">
    <p class='ocr_par' dir='ltr' id='par_1_79' title="bbox 2010 3494 3588 3563">
     <span class='ocr_line' id='line_1_79' title="bbox 2010 3494 3588 3563; baseline 0 -14"><span class='ocrx_word' id='word_1_578' title='bbox 2010 3495 2263 3549; x_wconf 87' lang='lat' dir='ltr'><strong>doctrina</strong></span> <span class='ocrx_word' id='word_1_579' title='bbox 2310 3494 2814 3563; x_wconf 78' lang='lat' dir='ltr'><strong>philosOpborum:</strong></span> <span class='ocrx_word' id='word_1_580' title='bbox 2863 3508 3060 3562; x_wconf 85' lang='lat' dir='ltr'><strong>nempe</strong></span> <span class='ocrx_word' id='word_1_581' title='bbox 3133 3494 3186 3547; x_wconf 90' lang='lat' dir='ltr'><strong>in</strong></span> <span class='ocrx_word' id='word_1_582' title='bbox 3247 3495 3482 3561; x_wconf 72' lang='lat' dir='ltr'><strong>simplici</strong></span> <span class='ocrx_word' id='word_1_583' title='bbox 3529 3509 3588 3552; x_wconf 85' lang='lat' dir='ltr'><strong>et.</strong></span> 
     </span>
    </p>
   </div>
   <div class='ocr_carea' id='block_1_80' title="bbox 2011 3589 3579 3659">
    <p class='ocr_par' dir='ltr' id='par_1_80' title="bbox 2011 3589 3579 3659">
     <span class='ocr_line' id='line_1_80' title="bbox 2011 3589 3579 3659; baseline -0.002 -14"><span class='ocrx_word' id='word_1_584' title='bbox 2011 3592 2336 3659; x_wconf 84' lang='lat' dir='ltr'><strong>incorporea</strong></span> <span class='ocrx_word' id='word_1_585' title='bbox 2403 3599 2602 3643; x_wconf 87' lang='lat' dir='ltr'><strong>natura</strong></span> <span class='ocrx_word' id='word_1_586' title='bbox 2655 3589 3032 3656; x_wconf 88' lang='lat' dir='ltr'><strong>operationem</strong></span> <span class='ocrx_word' id='word_1_587' title='bbox 3101 3597 3158 3642; x_wconf 85' lang='lat' dir='ltr'><strong>et</strong></span> <span class='ocrx_word' id='word_1_588' title='bbox 3217 3589 3579 3642; x_wconf 83' lang='lat' dir='ltr'><strong>substantiam</strong></span> 
     </span>
    </p>
   </div>
   <div class='ocr_carea' id='block_1_81' title="bbox 2008 3681 3583 3752">
    <p class='ocr_par' dir='ltr' id='par_1_81' title="bbox 2008 3681 3583 3752">
     <span class='ocr_line' id='line_1_81' title="bbox 2008 3681 3583 3752; baseline -0.001 -13"><span class='ocrx_word' id='word_1_589' title='bbox 2008 3687 2256 3752; x_wconf 87' lang='lat' dir='ltr'><strong>ejusdem</strong></span> <span class='ocrx_word' id='word_1_590' title='bbox 2312 3698 2540 3752; x_wconf 90' lang='lat' dir='ltr'><strong>prorsus</strong></span> <span class='ocrx_word' id='word_1_591' title='bbox 2586 3696 2712 3736; x_wconf 90' lang='lat' dir='ltr'><strong>esse</strong></span> <span class='ocrx_word' id='word_1_592' title='bbox 2766 3681 3019 3735; x_wconf 87' lang='lat' dir='ltr'><strong>rationis.</strong></span> <span class='ocrx_word' id='word_1_593' title='bbox 3073 3681 3244 3734; x_wconf 86' lang='lat' dir='ltr'><strong>Porro</strong></span> <span class='ocrx_word' id='word_1_594' title='bbox 3281 3696 3403 3748; x_wconf 85' lang='lat' dir='ltr'><strong>quae</strong></span> <span class='ocrx_word' id='word_1_595' title='bbox 3454 3693 3583 3738; x_wconf 87' lang='lat' dir='ltr'><strong>sunt</strong></span> 
     </span>
    </p>
   </div>
   <div class='ocr_carea' id='block_1_82' title="bbox 2008 3773 3582 3846">
    <p class='ocr_par' dir='ltr' id='par_1_82' title="bbox 2008 3773 3582 3846">
     <span class='ocr_line' id='line_1_82' title="bbox 2008 3773 3582 3846; baseline -0.002 -16"><span class='ocrx_word' id='word_1_596' title='bbox 2008 3775 2257 3846; x_wconf 75' lang='lat' dir='ltr'><strong>ejusdem</strong></span> <span class='ocrx_word' id='word_1_597' title='bbox 2291 3774 2539 3839; x_wconf 82' lang='lat' dir='ltr'><strong>rationis,</strong></span> <span class='ocrx_word' id='word_1_598' title='bbox 2563 3774 2673 3828; x_wconf 90' lang='lat' dir='ltr'><strong>duo</strong></span> <span class='ocrx_word' id='word_1_599' title='bbox 2710 3783 2860 3836; x_wconf 90' lang='lat' dir='ltr'><strong>sunt,</strong></span> <span class='ocrx_word' id='word_1_600' title='bbox 2882 3787 2988 3826; x_wconf 90' lang='lat' dir='ltr'><strong>non</strong></span> <span class='ocrx_word' id='word_1_601' title='bbox 3020 3783 3201 3827; x_wconf 90' lang='lat' dir='ltr'><strong>autem</strong></span> <span class='ocrx_word' id='word_1_602' title='bbox 3229 3787 3394 3826; x_wconf 90' lang='lat' dir='ltr'><strong>unum</strong></span> <span class='ocrx_word' id='word_1_603' title='bbox 3425 3773 3582 3842; x_wconf 87' lang='lat' dir='ltr'><strong>quid.</strong></span> 
     </span>
    </p>
   </div>
   <div class='ocr_carea' id='block_1_83' title="bbox 2009 3864 3615 3935">
    <p class='ocr_par' dir='ltr' id='par_1_83' title="bbox 2009 3864 3615 3935">
     <span class='ocr_line' id='line_1_83' title="bbox 2009 3864 3615 3935; baseline 0 -14"><span class='ocrx_word' id='word_1_604' title='bbox 2009 3867 2166 3935; x_wconf 82' lang='lat' dir='ltr'><strong>Quod</strong></span> <span class='ocrx_word' id='word_1_605' title='bbox 2191 3867 2234 3922; x_wconf 88' lang='lat' dir='ltr'><strong>si</strong></span> <span class='ocrx_word' id='word_1_606' title='bbox 2255 3867 2366 3921; x_wconf 89' lang='lat' dir='ltr'><strong>duo</strong></span> <span class='ocrx_word' id='word_1_607' title='bbox 2392 3867 2520 3928; x_wconf 88' lang='lat' dir='ltr'><strong>sint,</strong></span> <span class='ocrx_word' id='word_1_608' title='bbox 2541 3865 2818 3934; x_wconf 89' lang='lat' dir='ltr'><strong>quomodo</strong></span> <span class='ocrx_word' id='word_1_609' title='bbox 2840 3864 3046 3918; x_wconf 87' lang='lat' dir='ltr'><strong>nullam</strong></span> <span class='ocrx_word' id='word_1_610' title='bbox 3066 3865 3210 3919; x_wconf 91' lang='lat' dir='ltr'><strong>inter</strong></span> <span class='ocrx_word' id='word_1_611' title='bbox 3229 3880 3288 3920; x_wconf 89' lang='lat' dir='ltr'><strong>se</strong></span> <span class='ocrx_word' id='word_1_612' title='bbox 3316 3865 3615 3921; x_wconf 85' lang='lat' dir='ltr'><strong>baberent-</strong></span> 
     </span>
    </p>
   </div>
   <div class='ocr_carea' id='block_1_84' title="bbox 2011 3953 3586 4024">
    <p class='ocr_par' dir='ltr' id='par_1_84' title="bbox 2011 3953 3586 4024">
     <span class='ocr_line' id='line_1_84' title="bbox 2011 3953 3586 4024; baseline -0.005 -11"><span class='ocrx_word' id='word_1_613' title='bbox 2011 3958 2382 4013; x_wconf 72' lang='lat' dir='ltr'><strong>diﬂerentiam</strong></span> <span class='ocrx_word' id='word_1_614' title='bbox 2409 3956 2432 4009; x_wconf 69' lang='grc' dir='ltr'>ἲ</span> <span class='ocrx_word' id='word_1_615' title='bbox 2464 3957 2602 4010; x_wconf 86' lang='lat' dir='ltr'><strong>Num</strong></span> <span class='ocrx_word' id='word_1_616' title='bbox 2655 3955 2821 4024; x_wconf 83' lang='lat' dir='ltr'><strong>igitur</strong></span> <span class='ocrx_word' id='word_1_617' title='bbox 2869 3955 3014 4007; x_wconf 89' lang='lat' dir='ltr'><strong>inter</strong></span> <span class='ocrx_word' id='word_1_618' title='bbox 3057 3969 3116 4008; x_wconf 84' lang='lat' dir='ltr'><strong>se</strong></span> <span class='ocrx_word' id='word_1_619' title='bbox 3163 3968 3273 4007; x_wconf 88' lang='lat' dir='ltr'><strong>non</strong></span> <span class='ocrx_word' id='word_1_620' title='bbox 3318 3953 3586 4008; x_wconf 75' lang='lat' dir='ltr'><strong>differunt</strong></span> 
     </span>
    </p>
   </div>
   <div class='ocr_carea' id='block_1_85' title="bbox 2011 4045 3583 4114">
    <p class='ocr_par' dir='ltr' id='par_1_85' title="bbox 2011 4045 3583 4114">
     <span class='ocr_line' id='line_1_85' title="bbox 2011 4045 3583 4114; baseline -0.004 -10"><span class='ocrx_word' id='word_1_621' title='bbox 2011 4049 2203 4104; x_wconf 90' lang='lat' dir='ltr'><strong>videre</strong></span> <span class='ocrx_word' id='word_1_622' title='bbox 2254 4059 2308 4104; x_wconf 91' lang='lat' dir='ltr'><strong>et</strong></span> <span class='ocrx_word' id='word_1_623' title='bbox 2352 4046 2652 4102; x_wconf 71' lang='lat' dir='ltr'><strong>dedicare?</strong></span> <span class='ocrx_word' id='word_1_624' title='bbox 2700 4047 2780 4099; x_wconf 86' lang='lat' dir='ltr'><strong>An</strong></span> <span class='ocrx_word' id='word_1_625' title='bbox 2829 4060 3172 4114; x_wconf 68' lang='lat' dir='ltr'><strong>quwcunque</strong></span> <span class='ocrx_word' id='word_1_626' title='bbox 3223 4045 3367 4100; x_wconf 89' lang='lat' dir='ltr'><strong>Deus</strong></span> <span class='ocrx_word' id='word_1_627' title='bbox 3411 4047 3583 4114; x_wconf 81' lang='lat' dir='ltr'><strong>videt,</strong></span> 
     </span>
    </p>
   </div>
   <div class='ocr_carea' id='block_1_86' title="bbox 2012 4137 3587 4208">
    <p class='ocr_par' dir='ltr' id='par_1_86' title="bbox 2012 4137 3587 4208">
     <span class='ocr_line' id='line_1_86' title="bbox 2012 4137 3587 4208; baseline -0.003 -11"><span class='ocrx_word' id='word_1_628' title='bbox 2012 4144 2179 4198; x_wconf 86' lang='lat' dir='ltr'><strong>etiam</strong></span> <span class='ocrx_word' id='word_1_629' title='bbox 2211 4141 2473 4196; x_wconf 84' lang='lat' dir='ltr'><strong>deiﬁcat?</strong></span> <span class='ocrx_word' id='word_1_630' title='bbox 2506 4141 2622 4196; x_wconf 76' lang='lat' dir='ltr'><strong>Jam</strong></span> <span class='ocrx_word' id='word_1_631' title='bbox 2662 4155 2792 4192; x_wconf 86' lang='lat' dir='ltr'><strong>vero</strong></span> <span class='ocrx_word' id='word_1_632' title='bbox 2821 4139 3082 4208; x_wconf 87' lang='lat' dir='ltr'><strong>quoniam</strong></span> <span class='ocrx_word' id='word_1_633' title='bbox 3138 4137 3252 4192; x_wconf 68' lang='lat' dir='ltr'><strong>haec</strong></span> <span class='ocrx_word' id='word_1_634' title='bbox 3282 4137 3392 4191; x_wconf 89' lang='lat' dir='ltr'><strong>duo</strong></span> <span class='ocrx_word' id='word_1_635' title='bbox 3425 4137 3587 4193; x_wconf 80' lang='lat' dir='ltr'><strong>diﬂ‘e-</strong></span> 
     </span>
    </p>
   </div>
   <div class='ocr_carea' id='block_1_87' title="bbox 333 4225 1909 4306">
    <p class='ocr_par' dir='ltr' id='par_1_87' title="bbox 333 4225 1908 4306">
     <span class='ocr_line' id='line_1_87' title="bbox 333 4225 1908 4306; baseline -0.009 -15"><span class='ocrx_word' id='word_1_636' title='bbox 333 4236 499 4306; x_wconf 73' lang='grc' dir='ltr'>φικας</span> <span class='ocrx_word' id='word_1_637' title='bbox 533 4235 746 4300; x_wconf 76' lang='grc' dir='ltr'>οὐδενὸς</span> <span class='ocrx_word' id='word_1_638' title='bbox 767 4233 1094 4304; x_wconf 80' lang='grc' dir='ltr'>μαρτυρίας.</span> <span class='ocrx_word' id='word_1_639' title='bbox 1125 4231 1234 4283; x_wconf 80' lang='grc' dir='ltr'><strong>Καὶ</strong></span> <span class='ocrx_word' id='word_1_640' title='bbox 1270 4229 1466 4282; x_wconf 83' lang='grc' dir='ltr'>πάλιν·</span> <span class='ocrx_word' id='word_1_641' title='bbox 1499 4244 1518 4279; x_wconf 81' lang='grc' dir='ltr'><strong>ι</strong></span> <span class='ocrx_word' id='word_1_642' title='bbox 1543 4225 1632 4287; x_wconf 84' lang='grc' dir='ltr'>Ὦς</span> <span class='ocrx_word' id='word_1_643' title='bbox 1681 4225 1790 4295; x_wconf 81' lang='grc' dir='ltr'>γὰρ</span> <span class='ocrx_word' id='word_1_644' title='bbox 1844 4226 1908 4278; x_wconf 76' lang='grc' dir='ltr'><strong>ἐκ</strong></span> 
     </span>
    </p>
   </div>
   <div class='ocr_carea' id='block_1_88' title="bbox 2010 4225 3586 4306">
    <p class='ocr_par' dir='ltr' id='par_1_88' title="bbox 2017 4230 3586 4304">
     <span class='ocr_line' id='line_1_88' title="bbox 2017 4230 3586 4304; baseline -0.003 -16"><span class='ocrx_word' id='word_1_645' title='bbox 2017 4246 2166 4300; x_wconf 88' lang='lat' dir='ltr'><strong>runt,</strong></span> <span class='ocrx_word' id='word_1_646' title='bbox 2195 4253 2324 4289; x_wconf 89' lang='lat' dir='ltr'><strong>num</strong></span> <span class='ocrx_word' id='word_1_647' title='bbox 2349 4235 2478 4304; x_wconf 84' lang='lat' dir='ltr'><strong>quid</strong></span> <span class='ocrx_word' id='word_1_648' title='bbox 2510 4235 2707 4287; x_wconf 83' lang='lat' dir='ltr'><strong>horum</strong></span> <span class='ocrx_word' id='word_1_649' title='bbox 2742 4241 2990 4286; x_wconf 87' lang='lat' dir='ltr'><strong>creatum</strong></span> <span class='ocrx_word' id='word_1_650' title='bbox 3023 4230 3145 4285; x_wconf 84' lang='lat' dir='ltr'><strong>est?</strong></span> <span class='ocrx_word' id='word_1_651' title='bbox 3183 4248 3201 4282; x_wconf 75' lang='grc' dir='ltr'><strong>ι</strong></span> <span class='ocrx_word' id='word_1_652' title='bbox 3235 4230 3442 4285; x_wconf 85' lang='lat' dir='ltr'><strong>Deinde</strong></span> <span class='ocrx_word' id='word_1_653' title='bbox 3475 4232 3586 4285; x_wconf 89' lang='lat' dir='ltr'><strong>vim</strong></span> 
     </span>
    </p>
   </div>
   <div class='ocr_carea' id='block_1_89' title="bbox 333 4318 1909 4400">
    <p class='ocr_par' dir='ltr' id='par_1_89' title="bbox 333 4318 1909 4400">
     <span class='ocr_line' id='line_1_89' title="bbox 333 4318 1909 4400; baseline -0.008 -16"><span class='ocrx_word' id='word_1_654' title='bbox 333 4330 470 4384; x_wconf 80' lang='grc' dir='ltr'>Θεοῦ</span> <span class='ocrx_word' id='word_1_655' title='bbox 513 4329 722 4400; x_wconf 86' lang='grc' dir='ltr'>Πατρὸς</span> <span class='ocrx_word' id='word_1_656' title='bbox 745 4327 878 4390; x_wconf 82' lang='grc' dir='ltr'>Θεὸς</span> <span class='ocrx_word' id='word_1_657' title='bbox 904 4327 982 4381; x_wconf 84' lang='grc' dir='ltr'>ὢν</span> <span class='ocrx_word' id='word_1_658' title='bbox 1012 4325 1106 4380; x_wconf 78' lang='grc' dir='ltr'><strong>καὶ</strong></span> <span class='ocrx_word' id='word_1_659' title='bbox 1129 4327 1156 4379; x_wconf 90' lang='lat'><strong>6</strong></span> <span class='ocrx_word' id='word_1_660' title='bbox 1174 4323 1321 4387; x_wconf 84' lang='grc' dir='ltr'>Υίὸς,</span> <span class='ocrx_word' id='word_1_661' title='bbox 1346 4322 1446 4375; x_wconf 82' lang='grc' dir='ltr'>οὐκ</span> <span class='ocrx_word' id='word_1_662' title='bbox 1474 4320 1632 4384; x_wconf 74' lang='grc' dir='ltr'>ἄλλος</span> <span class='ocrx_word' id='word_1_663' title='bbox 1657 4318 1759 4389; x_wconf 84' lang='grc' dir='ltr'>μὲν</span> <span class='ocrx_word' id='word_1_664' title='bbox 1779 4319 1909 4372; x_wconf 73' lang='grc' dir='ltr'>καθὸ</span> 
     </span>
    </p>
   </div>
   <div class='ocr_carea' id='block_1_90' title="bbox 2010 4318 3587 4400">
    <p class='ocr_par' dir='ltr' id='par_1_90' title="bbox 2018 4322 3587 4396">
     <span class='ocr_line' id='line_1_90' title="bbox 2018 4322 3587 4396; baseline -0.003 -17"><span class='ocrx_word' id='word_1_665' title='bbox 2018 4326 2114 4380; x_wconf 86' lang='lat' dir='ltr'><strong>Dei</strong></span> <span class='ocrx_word' id='word_1_666' title='bbox 2161 4327 2631 4396; x_wconf 71' lang='lat' dir='ltr'><strong>praecognitivam,</strong></span> <span class='ocrx_word' id='word_1_667' title='bbox 2682 4325 3009 4385; x_wconf 85' lang='lat' dir='ltr'><strong>creativam,</strong></span> <span class='ocrx_word' id='word_1_668' title='bbox 3057 4330 3115 4378; x_wconf 88' lang='lat' dir='ltr'><strong>et</strong></span> <span class='ocrx_word' id='word_1_669' title='bbox 3145 4323 3210 4376; x_wconf 91' lang='lat' dir='ltr'><strong>ad</strong></span> <span class='ocrx_word' id='word_1_670' title='bbox 3245 4322 3587 4392; x_wconf 80' lang='lat' dir='ltr'><strong>operandam</strong></span> 
     </span>
    </p>
   </div>
   <div class='ocr_carea' id='block_1_91' title="bbox 331 4409 1909 4486">
    <p class='ocr_par' dir='ltr' id='par_1_91' title="bbox 331 4409 1909 4486">
     <span class='ocr_line' id='line_1_91' title="bbox 331 4409 1909 4486; baseline -0.009 -10"><span class='ocrx_word' id='word_1_671' title='bbox 331 4423 465 4486; x_wconf 75' lang='grc' dir='ltr'>Θὲὸς</span> <span class='ocrx_word' id='word_1_672' title='bbox 491 4421 746 4484; x_wconf 70' lang='grc' dir='ltr'>ἄκτιστός</span> <span class='ocrx_word' id='word_1_673' title='bbox 775 4422 942 4485; x_wconf 86' lang='grc' dir='ltr'>ἐστιν,</span> <span class='ocrx_word' id='word_1_674' title='bbox 973 4417 1129 4480; x_wconf 74' lang='grc' dir='ltr'>ἄλλος</span> <span class='ocrx_word' id='word_1_675' title='bbox 1158 4415 1215 4469; x_wconf 78' lang='grc' dir='ltr'><strong>δέ</strong></span> <span class='ocrx_word' id='word_1_676' title='bbox 1243 4412 1382 4467; x_wconf 77' lang='grc' dir='ltr'>καθὸ</span> <span class='ocrx_word' id='word_1_677' title='bbox 1413 4411 1538 4474; x_wconf 78' lang='grc' dir='ltr'>Υἱός</span> <span class='ocrx_word' id='word_1_678' title='bbox 1564 4427 1578 4443; x_wconf 88' lang='grc'><strong>·</strong></span> <span class='ocrx_word' id='word_1_679' title='bbox 1629 4412 1724 4464; x_wconf 84' lang='grc' dir='ltr'>καὶ</span> <span class='ocrx_word' id='word_1_680' title='bbox 1779 4409 1909 4462; x_wconf 80' lang='grc' dir='ltr'>καθὸ</span> 
     </span>
    </p>
   </div>
   <div class='ocr_carea' id='block_1_92' title="bbox 2010 4409 3592 4486">
    <p class='ocr_par' dir='ltr' id='par_1_92' title="bbox 2022 4411 3592 4486">
     <span class='ocr_line' id='line_1_92' title="bbox 2022 4411 3592 4486; baseline -0.001 -16"><span class='ocrx_word' id='word_1_681' title='bbox 2022 4417 2602 4486; x_wconf 84' lang='lat' dir='ltr'><strong>promptitndinem,et</strong></span> <span class='ocrx_word' id='word_1_682' title='bbox 2624 4414 2729 4468; x_wconf 86' lang='lat' dir='ltr'><strong>alia</strong></span> <span class='ocrx_word' id='word_1_683' title='bbox 2756 4413 3032 4483; x_wconf 79' lang='lat' dir='ltr'><strong>sigillatim</strong></span> <span class='ocrx_word' id='word_1_684' title='bbox 3067 4411 3368 4482; x_wconf 87' lang='lat' dir='ltr'><strong>repetebat.</strong></span> <span class='ocrx_word' id='word_1_685' title='bbox 3395 4429 3414 4464; x_wconf 82' lang='grc' dir='ltr'><strong>ι</strong></span> <span class='ocrx_word' id='word_1_686' title='bbox 3435 4411 3592 4469; x_wconf 89' lang='lat' dir='ltr'><strong>Sicut</strong></span> 
     </span>
    </p>
   </div>
   <div class='ocr_carea' id='block_1_93' title="bbox 338 4475 1909 4586">
    <p class='ocr_par' dir='ltr' id='par_1_93' title="bbox 338 4475 1909 4586">
     <span class='ocr_line' id='line_1_93' title="bbox 338 4475 1909 4586; baseline -0.01 -17"><span class='ocrx_word' id='word_1_687' title='bbox 338 4475 907 4586; x_wconf 39' lang='lat' dir='ltr'><strong>ptv-éxstarosOsbg</strong></span> <span class='ocrx_word' id='word_1_688' title='bbox 929 4475 1044 4574; x_wconf 69' lang='grc' dir='ltr'>ίσος</span> <span class='ocrx_word' id='word_1_689' title='bbox 1077 4475 1219 4563; x_wconf 72' lang='grc' dir='ltr'>κατὰ</span> <span class='ocrx_word' id='word_1_690' title='bbox 1243 4507 1420 4560; x_wconf 79' lang='grc' dir='ltr'>πάντα</span> <span class='ocrx_word' id='word_1_691' title='bbox 1451 4504 1531 4576; x_wconf 77' lang='grc' dir='ltr'>τῷ</span> <span class='ocrx_word' id='word_1_692' title='bbox 1547 4503 1748 4573; x_wconf 83' lang='grc' dir='ltr'>Πατρί·</span> <span class='ocrx_word' id='word_1_693' title='bbox 1781 4502 1909 4555; x_wconf 74' lang='grc' dir='ltr'>καθὸ</span> 
     </span>
    </p>
   </div>
   <div class='ocr_carea' id='block_1_94' title="bbox 2010 4475 3587 4586">
    <p class='ocr_par' dir='ltr' id='par_1_94' title="bbox 2020 4504 3587 4576">
     <span class='ocr_line' id='line_1_94' title="bbox 2020 4504 3587 4576; baseline -0.002 -13"><span class='ocrx_word' id='word_1_694' title='bbox 2020 4509 2188 4572; x_wconf 87' lang='lat' dir='ltr'><strong>enim,</strong></span> <span class='ocrx_word' id='word_1_695' title='bbox 2263 4506 2464 4576; x_wconf 89' lang='lat' dir='ltr'><strong>inquit,</strong></span> <span class='ocrx_word' id='word_1_696' title='bbox 2549 4521 2722 4566; x_wconf 73' lang='lat' dir='ltr'><strong>mens,</strong></span> <span class='ocrx_word' id='word_1_697' title='bbox 2781 4508 2912 4560; x_wconf 88' lang='lat' dir='ltr'><strong>dum</strong></span> <span class='ocrx_word' id='word_1_698' title='bbox 2983 4504 3246 4559; x_wconf 87' lang='lat' dir='ltr'><strong>scientias</strong></span> <span class='ocrx_word' id='word_1_699' title='bbox 3323 4506 3587 4575; x_wconf 85' lang='lat' dir='ltr'><strong>acquirit,</strong></span> 
     </span>
    </p>
   </div>
   <div class='ocr_carea' id='block_1_95' title="bbox 334 4595 1920 4676">
    <p class='ocr_par' dir='ltr' id='par_1_95' title="bbox 334 4595 1920 4676">
     <span class='ocr_line' id='line_1_95' title="bbox 334 4595 1920 4676; baseline -0.009 -14"><span class='ocrx_word' id='word_1_700' title='bbox 334 4610 392 4662; x_wconf 83' lang='grc' dir='ltr'><strong>δέ</strong></span> <span class='ocrx_word' id='word_1_701' title='bbox 429 4607 576 4672; x_wconf 85' lang='grc' dir='ltr'>Υἱὸς,</span> <span class='ocrx_word' id='word_1_702' title='bbox 623 4605 848 4676; x_wconf 78' lang='grc' dir='ltr'>μείζονα</span> <span class='ocrx_word' id='word_1_703' title='bbox 871 4604 946 4667; x_wconf 84' lang='grc' dir='ltr'><strong>ὡς</strong></span> <span class='ocrx_word' id='word_1_704' title='bbox 973 4601 1148 4657; x_wconf 82' lang='grc' dir='ltr'>αῐτιον</span> <span class='ocrx_word' id='word_1_705' title='bbox 1176 4601 1318 4671; x_wconf 73' lang='grc' dir='ltr'>ἔχων</span> <span class='ocrx_word' id='word_1_706' title='bbox 1344 4602 1434 4654; x_wconf 88' lang='grc' dir='ltr'><strong>τὸν</strong></span> <span class='ocrx_word' id='word_1_707' title='bbox 1459 4598 1704 4668; x_wconf 84' lang='grc' dir='ltr'>Πατέρα,</span> <span class='ocrx_word' id='word_1_708' title='bbox 1734 4595 1920 4648; x_wconf 82' lang='grc' dir='ltr'>δεύτε-</span> 
     </span>
    </p>
   </div>
   <div class='ocr_carea' id='block_1_96' title="bbox 341 4691 1918 4771">
    <p class='ocr_par' dir='ltr' id='par_1_96' title="bbox 341 4691 1918 4771">
     <span class='ocr_line' id='line_1_96' title="bbox 341 4691 1918 4771; baseline -0.01 -17"><span class='ocrx_word' id='word_1_709' title='bbox 341 4719 435 4771; x_wconf 89' lang='grc' dir='ltr'><strong>ρος</strong></span> <span class='ocrx_word' id='word_1_710' title='bbox 459 4702 696 4769; x_wconf 73' lang='grc' dir='ltr'>ὑπάρχει</span> <span class='ocrx_word' id='word_1_711' title='bbox 728 4698 820 4752; x_wconf 76' lang='grc' dir='ltr'>τοῦ</span> <span class='ocrx_word' id='word_1_712' title='bbox 848 4698 1083 4768; x_wconf 85' lang='grc' dir='ltr'>Πατρὸς,</span> <span class='ocrx_word' id='word_1_713' title='bbox 1104 4696 1166 4748; x_wconf 85' lang='grc' dir='ltr'><strong>ού</strong></span> <span class='ocrx_word' id='word_1_714' title='bbox 1217 4694 1468 4762; x_wconf 79' lang='grc' dir='ltr'>δεύτερος</span> <span class='ocrx_word' id='word_1_715' title='bbox 1497 4691 1656 4754; x_wconf 83' lang='grc' dir='ltr'>Θεὸς,</span> <span class='ocrx_word' id='word_1_716' title='bbox 1717 4691 1918 4754; x_wconf 79' lang='grc' dir='ltr'>ἄπαγε,</span> 
     </span>
    </p>
   </div>
   <div class='ocr_carea' id='block_1_97' title="bbox 339 4777 1919 4859">
    <p class='ocr_par' dir='ltr' id='par_1_97' title="bbox 339 4777 1919 4859">
     <span class='ocr_line' id='line_1_97' title="bbox 339 4777 1919 4859; baseline -0.011 -14"><span class='ocrx_word' id='word_1_717' title='bbox 339 4793 476 4846; x_wconf 80' lang='grc' dir='ltr'>ἀλλὰ</span> <span class='ocrx_word' id='word_1_718' title='bbox 499 4791 748 4859; x_wconf 82' lang='grc' dir='ltr'>δεύτερος</span> <span class='ocrx_word' id='word_1_719' title='bbox 774 4791 836 4859; x_wconf 82' lang='grc' dir='ltr'>τῇ</span> <span class='ocrx_word' id='word_1_720' title='bbox 870 4788 1058 4852; x_wconf 78' lang='grc' dir='ltr'>τάξει·</span> <span class='ocrx_word' id='word_1_721' title='bbox 1091 4785 1342 4853; x_wconf 82' lang='grc' dir='ltr'>καθάπερ</span> <span class='ocrx_word' id='word_1_722' title='bbox 1370 4783 1398 4835; x_wconf 87' lang='lat'><strong>6</strong></span> <span class='ocrx_word' id='word_1_723' title='bbox 1438 4781 1613 4850; x_wconf 76' lang='grc' dir='ltr'>μέγας</span> <span class='ocrx_word' id='word_1_724' title='bbox 1643 4779 1780 4848; x_wconf 75' lang='grc' dir='ltr'>φησὶ</span> <span class='ocrx_word' id='word_1_725' title='bbox 1820 4777 1919 4829; x_wconf 82' lang='grc' dir='ltr'><strong>Βα-</strong></span> 
     </span>
    </p>
   </div>
   <div class='ocr_carea' id='block_1_98' title="bbox 343 4873 1918 4950">
    <p class='ocr_par' dir='ltr' id='par_1_98' title="bbox 343 4873 1918 4950">
     <span class='ocr_line' id='line_1_98' title="bbox 343 4873 1918 4950; baseline -0.01 -12"><span class='ocrx_word' id='word_1_726' title='bbox 343 4886 539 4949; x_wconf 74' lang='grc' dir='ltr'>σίλειος</span> <span class='ocrx_word' id='word_1_727' title='bbox 565 4902 580 4918; x_wconf 79' lang='grc' dir='ltr'><strong>ο</strong></span> <span class='ocrx_word' id='word_1_728' title='bbox 605 4885 749 4938; x_wconf 79' lang='grc' dir='ltr'>οὕτω</span> <span class='ocrx_word' id='word_1_729' title='bbox 772 4885 867 4937; x_wconf 80' lang='grc' dir='ltr'><strong>καὶ</strong></span> <span class='ocrx_word' id='word_1_730' title='bbox 900 4885 964 4936; x_wconf 88' lang='grc' dir='ltr'><strong>ἐκ</strong></span> <span class='ocrx_word' id='word_1_731' title='bbox 991 4881 1244 4950; x_wconf 73' lang='grc' dir='ltr'>Θεότητος</span> <span class='ocrx_word' id='word_1_732' title='bbox 1270 4876 1531 4930; x_wconf 77' lang='grc' dir='ltr'>ἀκτίστου</span> <span class='ocrx_word' id='word_1_733' title='bbox 1600 4876 1698 4942; x_wconf 80' lang='grc' dir='ltr'>τῆς</span> <span class='ocrx_word' id='word_1_734' title='bbox 1731 4873 1918 4934; x_wconf 68' lang='grc' dir='ltr'>οὐσίας</span> 
     </span>
    </p>
   </div>
   <div class='ocr_carea' id='block_1_99' title="bbox 341 4963 1918 5046">
    <p class='ocr_par' dir='ltr' id='par_1_99' title="bbox 341 4963 1918 5046">
     <span class='ocr_line' id='line_1_99' title="bbox 341 4963 1918 5046; baseline -0.011 -15"><span class='ocrx_word' id='word_1_735' title='bbox 341 4977 534 5046; x_wconf 82' lang='grc' dir='ltr'>θεότης</span> <span class='ocrx_word' id='word_1_736' title='bbox 557 4979 806 5036; x_wconf 81' lang='grc' dir='ltr'>ἄκτιστος</span> <span class='ocrx_word' id='word_1_737' title='bbox 837 4975 870 5044; x_wconf 94' lang='grc' dir='ltr'><strong>ή</strong></span> <span class='ocrx_word' id='word_1_738' title='bbox 892 4974 1139 5042; x_wconf 80' lang='grc' dir='ltr'>ἐνέργεια</span> <span class='ocrx_word' id='word_1_739' title='bbox 1161 4986 1178 5012; x_wconf 58' lang='grc'><strong>‹·</strong></span> <span class='ocrx_word' id='word_1_740' title='bbox 1215 4970 1314 5022; x_wconf 82' lang='grc' dir='ltr'>οὐκ</span> <span class='ocrx_word' id='word_1_741' title='bbox 1347 4966 1482 5036; x_wconf 76' lang='grc' dir='ltr'>ἄλλη</span> <span class='ocrx_word' id='word_1_742' title='bbox 1505 4965 1626 5036; x_wconf 79' lang='grc' dir='ltr'>μὲν,</span> <span class='ocrx_word' id='word_1_743' title='bbox 1650 4963 1785 5018; x_wconf 86' lang='grc' dir='ltr'>καθὸ</span> <span class='ocrx_word' id='word_1_744' title='bbox 1803 4963 1918 5016; x_wconf 79' lang='grc' dir='ltr'>θεό-</span> 
     </span>
    </p>
   </div>
   <div class='ocr_carea' id='block_1_100' title="bbox 341 5056 1923 5138">
    <p class='ocr_par' dir='ltr' id='par_1_100' title="bbox 341 5056 1923 5138">
     <span class='ocr_line' id='line_1_100' title="bbox 341 5056 1923 5138; baseline -0.009 -18"><span class='ocrx_word' id='word_1_745' title='bbox 341 5084 442 5138; x_wconf 89' lang='grc' dir='ltr'><strong>της</strong></span> <span class='ocrx_word' id='word_1_746' title='bbox 491 5067 766 5131; x_wconf 77' lang='grc' dir='ltr'>ἄκτιστος,</span> <span class='ocrx_word' id='word_1_747' title='bbox 799 5065 933 5134; x_wconf 73' lang='grc' dir='ltr'>ἄλλη</span> <span class='ocrx_word' id='word_1_748' title='bbox 971 5064 1024 5116; x_wconf 86' lang='grc' dir='ltr'><strong>δέ</strong></span> <span class='ocrx_word' id='word_1_749' title='bbox 1056 5062 1176 5117; x_wconf 82' lang='grc' dir='ltr'>κατ’</span> <span class='ocrx_word' id='word_1_750' title='bbox 1208 5060 1490 5131; x_wconf 79' lang='grc' dir='ltr'>ἐνέργειαν</span> <span class='ocrx_word' id='word_1_751' title='bbox 1529 5056 1604 5126; x_wconf 81' lang='grc' dir='ltr'><strong>τῷ</strong></span> <span class='ocrx_word' id='word_1_752' title='bbox 1640 5057 1736 5125; x_wconf 73' lang='grc' dir='ltr'>μὲν</span> <span class='ocrx_word' id='word_1_753' title='bbox 1767 5057 1923 5108; x_wconf 72' lang='grc' dir='ltr'>ἀκτὶ-</span> 
     </span>
    </p>
   </div>
   <div class='ocr_carea' id='block_1_101' title="bbox 342 5148 1922 5230">
    <p class='ocr_par' dir='ltr' id='par_1_101' title="bbox 342 5148 1922 5230">
     <span class='ocr_line' id='line_1_101' title="bbox 342 5148 1922 5230; baseline -0.01 -17"><span class='ocrx_word' id='word_1_754' title='bbox 342 5178 475 5230; x_wconf 82' lang='grc' dir='ltr'>στῳ,</span> <span class='ocrx_word' id='word_1_755' title='bbox 501 5162 599 5229; x_wconf 75' lang='grc' dir='ltr'>τῆς</span> <span class='ocrx_word' id='word_1_756' title='bbox 622 5159 805 5222; x_wconf 73' lang='grc' dir='ltr'>οὐσίας</span> <span class='ocrx_word' id='word_1_757' title='bbox 865 5157 1028 5227; x_wconf 81' lang='grc' dir='ltr'>μηδὲν</span> <span class='ocrx_word' id='word_1_758' title='bbox 1055 5155 1386 5222; x_wconf 80' lang='grc' dir='ltr'>διαφέρουσα</span> <span class='ocrx_word' id='word_1_759' title='bbox 1415 5150 1550 5219; x_wconf 83' lang='grc' dir='ltr'>μηδὲ</span> <span class='ocrx_word' id='word_1_760' title='bbox 1572 5148 1922 5218; x_wconf 70' lang='grc' dir='ltr'>διαιρουμένη</span> 
     </span>
    </p>
   </div>
   <div class='ocr_carea' id='block_1_102' title="bbox 341 5242 1916 5319">
    <p class='ocr_par' dir='ltr' id='par_1_102' title="bbox 341 5242 1916 5319">
     <span class='ocr_line' id='line_1_102' title="bbox 341 5242 1916 5319; baseline -0.009 -13"><span class='ocrx_word' id='word_1_761' title='bbox 341 5254 508 5311; x_wconf 73' lang='grc' dir='ltr'>ὅλωςδ</span> <span class='ocrx_word' id='word_1_762' title='bbox 566 5254 638 5316; x_wconf 81' lang='grc' dir='ltr'>ὡς</span> <span class='ocrx_word' id='word_1_763' title='bbox 683 5253 729 5306; x_wconf 80' lang='grc' dir='ltr'><strong>δ’</strong></span> <span class='ocrx_word' id='word_1_764' title='bbox 779 5253 960 5306; x_wconf 70' lang='grc' dir='ltr'>αἰτίαν</span> <span class='ocrx_word' id='word_1_765' title='bbox 1014 5248 1215 5317; x_wconf 85' lang='grc' dir='ltr'>ἐαυτῆς</span> <span class='ocrx_word' id='word_1_766' title='bbox 1252 5243 1660 5319; x_wconf 73' lang='grc' dir='ltr'>ὑπερκειμένην</span> <span class='ocrx_word' id='word_1_767' title='bbox 1701 5242 1916 5310; x_wconf 78' lang='grc' dir='ltr'>ἔχουσα.</span> 
     </span>
    </p>
   </div>
   <div class='ocr_carea' id='block_1_103' title="bbox 2020 4599 3593 4671">
    <p class='ocr_par' dir='ltr' id='par_1_103' title="bbox 2020 4599 3593 4671">
     <span class='ocr_line' id='line_1_103' title="bbox 2020 4599 3593 4671; baseline -0.001 -15"><span class='ocrx_word' id='word_1_768' title='bbox 2020 4618 2128 4656; x_wconf 88' lang='lat' dir='ltr'><strong>non</strong></span> <span class='ocrx_word' id='word_1_769' title='bbox 2183 4601 2240 4654; x_wconf 86' lang='lat' dir='ltr'><strong>iit</strong></span> <span class='ocrx_word' id='word_1_770' title='bbox 2270 4600 2593 4671; x_wconf 87' lang='lat' dir='ltr'><strong>composita,</strong></span> <span class='ocrx_word' id='word_1_771' title='bbox 2636 4601 2707 4653; x_wconf 91' lang='lat' dir='ltr'><strong>ita</strong></span> <span class='ocrx_word' id='word_1_772' title='bbox 2762 4601 2927 4654; x_wconf 83' lang='lat' dir='ltr'><strong>etiam</strong></span> <span class='ocrx_word' id='word_1_773' title='bbox 2962 4609 3016 4654; x_wconf 90' lang='lat' dir='ltr'><strong>et</strong></span> <span class='ocrx_word' id='word_1_774' title='bbox 3064 4599 3224 4671; x_wconf 81' lang='lat' dir='ltr'><strong>longe</strong></span> <span class='ocrx_word' id='word_1_775' title='bbox 3270 4602 3469 4670; x_wconf 87' lang='lat' dir='ltr'><strong>potiori</strong></span> <span class='ocrx_word' id='word_1_776' title='bbox 3509 4620 3593 4656; x_wconf 80' lang='lat' dir='ltr'><strong>ra-</strong></span> 
     </span>
    </p>
   </div>
   <div class='ocr_carea' id='block_1_104' title="bbox 2021 4693 3594 4762">
    <p class='ocr_par' dir='ltr' id='par_1_104' title="bbox 2021 4693 3594 4762">
     <span class='ocr_line' id='line_1_104' title="bbox 2021 4693 3594 4762; baseline -0.002 -13"><span class='ocrx_word' id='word_1_777' title='bbox 2021 4698 2167 4749; x_wconf 92' lang='lat' dir='ltr'><strong>tione</strong></span> <span class='ocrx_word' id='word_1_778' title='bbox 2195 4693 2379 4748; x_wconf 86' lang='lat' dir='ltr'><strong>divina</strong></span> <span class='ocrx_word' id='word_1_779' title='bbox 2429 4702 2646 4756; x_wconf 87' lang='lat' dir='ltr'><strong>natura,</strong></span> <span class='ocrx_word' id='word_1_780' title='bbox 2668 4708 2792 4746; x_wconf 91' lang='lat' dir='ltr'><strong>cum</strong></span> <span class='ocrx_word' id='word_1_781' title='bbox 2823 4697 2930 4746; x_wconf 86' lang='lat' dir='ltr'><strong>vim</strong></span> <span class='ocrx_word' id='word_1_782' title='bbox 2964 4693 3431 4761; x_wconf 69' lang='lat' dir='ltr'><strong>pmcognitivam,</strong></span> <span class='ocrx_word' id='word_1_783' title='bbox 3458 4712 3594 4762; x_wconf 68' lang='lat' dir='ltr'><strong>pra:-</strong></span> 
     </span>
    </p>
   </div>
   <div class='ocr_carea' id='block_1_105' title="bbox 2019 4784 3596 4853">
    <p class='ocr_par' dir='ltr' id='par_1_105' title="bbox 2019 4784 3596 4853">
     <span class='ocr_line' id='line_1_105' title="bbox 2019 4784 3596 4853; baseline -0.002 -14"><span class='ocrx_word' id='word_1_784' title='bbox 2019 4785 2436 4845; x_wconf 85' lang='lat' dir='ltr'><strong>intellectivam,</strong></span> <span class='ocrx_word' id='word_1_785' title='bbox 2467 4792 2523 4837; x_wconf 90' lang='lat' dir='ltr'><strong>et</strong></span> <span class='ocrx_word' id='word_1_786' title='bbox 2556 4799 2750 4836; x_wconf 81' lang='lat' dir='ltr'><strong>omnes</strong></span> <span class='ocrx_word' id='word_1_787' title='bbox 2804 4784 3128 4852; x_wconf 77' lang='lat' dir='ltr'><strong>simpliciter</strong></span> <span class='ocrx_word' id='word_1_788' title='bbox 3164 4784 3478 4853; x_wconf 83' lang='lat' dir='ltr'><strong>hujusmodi</strong></span> <span class='ocrx_word' id='word_1_789' title='bbox 3515 4791 3596 4838; x_wconf 79' lang='lat' dir='ltr'><strong>ta-</strong></span> 
     </span>
    </p>
   </div>
   <div class='ocr_carea' id='block_1_106' title="bbox 2023 4873 3596 4942">
    <p class='ocr_par' dir='ltr' id='par_1_106' title="bbox 2023 4873 3596 4942">
     <span class='ocr_line' id='line_1_106' title="bbox 2023 4873 3596 4942; baseline -0.002 -13"><span class='ocrx_word' id='word_1_790' title='bbox 2023 4877 2256 4930; x_wconf 85' lang='lat' dir='ltr'><strong>cultatcs</strong></span> <span class='ocrx_word' id='word_1_791' title='bbox 2297 4883 2352 4928; x_wconf 88' lang='lat' dir='ltr'><strong>et</strong></span> <span class='ocrx_word' id='word_1_792' title='bbox 2393 4873 2766 4942; x_wconf 76' lang='lat' dir='ltr'><strong>Operationes,</strong></span> <span class='ocrx_word' id='word_1_793' title='bbox 2817 4873 3142 4926; x_wconf 85' lang='lat' dir='ltr'><strong>naturaliter</strong></span> <span class='ocrx_word' id='word_1_794' title='bbox 3196 4873 3416 4938; x_wconf 83' lang='lat' dir='ltr'><strong>habeat,</strong></span> <span class='ocrx_word' id='word_1_795' title='bbox 3447 4891 3596 4927; x_wconf 83' lang='lat' dir='ltr'><strong>cum-</strong></span> 
     </span>
    </p>
   </div>
   <div class='ocr_carea' id='block_1_107' title="bbox 2025 4963 3594 5037">
    <p class='ocr_par' dir='ltr' id='par_1_107' title="bbox 2025 4963 3594 5037">
     <span class='ocr_line' id='line_1_107' title="bbox 2025 4963 3594 5037; baseline -0.001 -16"><span class='ocrx_word' id='word_1_796' title='bbox 2025 4969 2203 5037; x_wconf 80' lang='lat' dir='ltr'><strong>posita</strong></span> <span class='ocrx_word' id='word_1_797' title='bbox 2248 4981 2355 5020; x_wconf 92' lang='lat' dir='ltr'><strong>non</strong></span> <span class='ocrx_word' id='word_1_798' title='bbox 2407 4976 2512 5018; x_wconf 85' lang='lat' dir='ltr'><strong>est.</strong></span> <span class='ocrx_word' id='word_1_799' title='bbox 2553 4984 2570 5015; x_wconf 78' lang='grc' dir='ltr'><strong>ι</strong></span> <span class='ocrx_word' id='word_1_800' title='bbox 2631 4965 2696 5018; x_wconf 82' lang='lat' dir='ltr'><strong>Et</strong></span> <span class='ocrx_word' id='word_1_801' title='bbox 2739 4963 3027 5033; x_wconf 81' lang='lat' dir='ltr'><strong>jactitabat</strong></span> <span class='ocrx_word' id='word_1_802' title='bbox 3083 4965 3307 5034; x_wconf 86' lang='lat' dir='ltr'><strong>quidem</strong></span> <span class='ocrx_word' id='word_1_803' title='bbox 3368 4968 3510 5020; x_wconf 86' lang='lat' dir='ltr'><strong>istud</strong></span> <span class='ocrx_word' id='word_1_804' title='bbox 3563 4987 3594 5020; x_wconf 74' lang='grc' dir='ltr'><strong>ιι</strong></span> 
     </span>
    </p>
   </div>
   <div class='ocr_carea' id='block_1_108' title="bbox 2025 5057 3594 5114">
    <p class='ocr_par' dir='ltr' id='par_1_108' title="bbox 2025 5057 3594 5114">
     <span class='ocr_line' id='line_1_108' title="bbox 2025 5057 3594 5114; baseline -0.003 0"><span class='ocrx_word' id='word_1_805' title='bbox 2025 5058 2123 5114; x_wconf 85' lang='lat' dir='ltr'><strong>SS.</strong></span> <span class='ocrx_word' id='word_1_806' title='bbox 2179 5057 2433 5110; x_wconf 84' lang='lat' dir='ltr'><strong>Patribus</strong></span> <span class='ocrx_word' id='word_1_807' title='bbox 2482 5057 2768 5111; x_wconf 86' lang='lat' dir='ltr'><strong>evidenter</strong></span> <span class='ocrx_word' id='word_1_808' title='bbox 2819 5057 3116 5111; x_wconf 71' lang='lat' dir='ltr'><strong>adﬁrmari:</strong></span> <span class='ocrx_word' id='word_1_809' title='bbox 3177 5058 3271 5111; x_wconf 91' lang='lat' dir='ltr'><strong>sed</strong></span> <span class='ocrx_word' id='word_1_810' title='bbox 3329 5059 3533 5113; x_wconf 86' lang='lat' dir='ltr'><strong>nullius</strong></span> <span class='ocrx_word' id='word_1_811' title='bbox 3561 5079 3594 5110; x_wconf 66' lang='grc' dir='ltr'><strong>«α</strong></span> 
     </span>
    </p>
   </div>
   <div class='ocr_carea' id='block_1_109' title="bbox 2023 5150 3664 5220">
    <p class='ocr_par' dir='ltr' id='par_1_109' title="bbox 2023 5150 3664 5220">
     <span class='ocr_line' id='line_1_109' title="bbox 2023 5150 3664 5220; baseline -0.005 -15"><span class='ocrx_word' id='word_1_812' title='bbox 2023 5151 2243 5220; x_wconf 85' lang='lat' dir='ltr'><strong>scriptis</strong></span> <span class='ocrx_word' id='word_1_813' title='bbox 2274 5152 2585 5202; x_wconf 85' lang='lat' dir='ltr'><strong>testimonia</strong></span> <span class='ocrx_word' id='word_1_814' title='bbox 2619 5150 2956 5216; x_wconf 76' lang='lat' dir='ltr'><strong>proferebat,</strong></span> <span class='ocrx_word' id='word_1_815' title='bbox 2991 5166 3113 5217; x_wconf 70' lang='grc' dir='ltr'>ψιω</span> <span class='ocrx_word' id='word_1_816' title='bbox 3143 5151 3329 5205; x_wconf 70' lang='lat' dir='ltr'><strong>videre</strong></span> <span class='ocrx_word' id='word_1_817' title='bbox 3367 5161 3461 5203; x_wconf 77' lang='lat' dir='ltr'><strong>aut</strong></span> <span class='ocrx_word' id='word_1_818' title='bbox 3491 5168 3592 5201; x_wconf 70' lang='lat' dir='ltr'><strong>an-</strong></span> <span class='ocrx_word' id='word_1_819' title='bbox 3661 5157 3664 5160; x_wconf 79' lang='grc'><strong>’</strong></span> 
     </span>
    </p>
   </div>
   <div class='ocr_carea' id='block_1_110' title="bbox 2024 5234 3594 5308">
    <p class='ocr_par' dir='ltr' id='par_1_110' title="bbox 2024 5234 3594 5308">
     <span class='ocr_line' id='line_1_110' title="bbox 2024 5234 3594 5308; baseline -0.004 -14"><span class='ocrx_word' id='word_1_820' title='bbox 2024 5242 2142 5294; x_wconf 89' lang='lat' dir='ltr'><strong>dire</strong></span> <span class='ocrx_word' id='word_1_821' title='bbox 2177 5252 2484 5308; x_wconf 85' lang='lat' dir='ltr'><strong>possemus.</strong></span> <span class='ocrx_word' id='word_1_822' title='bbox 2519 5236 2582 5289; x_wconf 80' lang='lat' dir='ltr'><strong>Et</strong></span> <span class='ocrx_word' id='word_1_823' title='bbox 2617 5235 2817 5289; x_wconf 83' lang='lat' dir='ltr'><strong>iterum</strong></span> <span class='ocrx_word' id='word_1_824' title='bbox 2850 5254 2862 5289; x_wconf 89' lang='lat'><strong>:</strong></span> <span class='ocrx_word' id='word_1_825' title='bbox 2907 5254 2923 5286; x_wconf 87' lang='grc' dir='ltr'><strong>ι</strong></span> <span class='ocrx_word' id='word_1_826' title='bbox 2965 5237 3097 5291; x_wconf 78' lang='lat' dir='ltr'><strong>Nam</strong></span> <span class='ocrx_word' id='word_1_827' title='bbox 3129 5234 3594 5306; x_wconf 82' lang='lat' dir='ltr'><strong>quemadmodum</strong></span> 
     </span>
    </p>
   </div>
   <div class='ocr_carea' id='block_1_111' title="bbox 346 5327 3597 5399">
    <p class='ocr_par' dir='ltr' id='par_1_111' title="bbox 346 5327 3597 5399">
     <span class='ocr_line' id='line_1_111' title="bbox 346 5327 3597 5399; baseline -0.006 -1"><span class='ocrx_word' id='word_1_828' title='bbox 346 5343 496 5399; x_wconf 79' lang='grc' dir='ltr'>Εἶεν.</span> <span class='ocrx_word' id='word_1_829' title='bbox 547 5365 564 5395; x_wconf 72' lang='grc' dir='ltr'><strong>ι</strong></span> <span class='ocrx_word' id='word_1_830' title='bbox 2029 5331 2312 5390; x_wconf 70' lang='lat' dir='ltr'><strong>Filius,ex</strong></span> <span class='ocrx_word' id='word_1_831' title='bbox 2369 5329 2476 5382; x_wconf 84' lang='lat' dir='ltr'><strong>Deo</strong></span> <span class='ocrx_word' id='word_1_832' title='bbox 2527 5329 2686 5383; x_wconf 73' lang='lat' dir='ltr'><strong>Patre</strong></span> <span class='ocrx_word' id='word_1_833' title='bbox 2736 5331 3038 5397; x_wconf 81' lang='lat' dir='ltr'><strong>procedens</strong></span> <span class='ocrx_word' id='word_1_834' title='bbox 3094 5329 3258 5392; x_wconf 88' lang='lat' dir='ltr'><strong>Deus,</strong></span> <span class='ocrx_word' id='word_1_835' title='bbox 3296 5344 3402 5380; x_wconf 84' lang='lat' dir='ltr'><strong>nun</strong></span> <span class='ocrx_word' id='word_1_836' title='bbox 3457 5327 3597 5379; x_wconf 69' lang='lat' dir='ltr'><strong>alius</strong></span> 
     </span>
    </p>
   </div>
   <div class='ocr_carea' id='block_1_112' title="bbox 346 5421 3599 5508">
    <p class='ocr_par' dir='ltr' id='par_1_112' title="bbox 346 5421 3599 5508">
     <span class='ocr_line' id='line_1_112' title="bbox 346 5421 3599 5508; baseline -0.006 -13"><span class='ocrx_word' id='word_1_837' title='bbox 346 5451 428 5495; x_wconf 88' lang='lat' dir='ltr'><strong>est</strong></span> <span class='ocrx_word' id='word_1_838' title='bbox 486 5457 516 5492; x_wconf 88' lang='lat' dir='ltr'><strong>a</strong></span> <span class='ocrx_word' id='word_1_839' title='bbox 567 5440 758 5502; x_wconf 74' lang='lat' dir='ltr'><strong>l‘atre,</strong></span> <span class='ocrx_word' id='word_1_840' title='bbox 797 5447 1072 5508; x_wconf 89' lang='lat' dir='ltr'><strong>quatenus</strong></span> <span class='ocrx_word' id='word_1_841' title='bbox 1132 5435 1277 5488; x_wconf 88' lang='lat' dir='ltr'><strong>Deus</strong></span> <span class='ocrx_word' id='word_1_842' title='bbox 1323 5441 1411 5486; x_wconf 89' lang='lat' dir='ltr'><strong>est</strong></span> <span class='ocrx_word' id='word_1_843' title='bbox 1457 5431 1768 5492; x_wconf 78' lang='lat' dir='ltr'><strong>inrreatus,</strong></span> <span class='ocrx_word' id='word_1_844' title='bbox 1820 5426 1914 5481; x_wconf 82' lang='lat' dir='ltr'><strong>sed</strong></span> <span class='ocrx_word' id='word_1_845' title='bbox 1957 5428 2098 5481; x_wconf 86' lang='lat' dir='ltr'><strong>alius</strong></span> <span class='ocrx_word' id='word_1_846' title='bbox 2123 5436 2208 5480; x_wconf 88' lang='lat' dir='ltr'><strong>est</strong></span> <span class='ocrx_word' id='word_1_847' title='bbox 2272 5436 2546 5492; x_wconf 83' lang='lat' dir='ltr'><strong>quatenus</strong></span> <span class='ocrx_word' id='word_1_848' title='bbox 2621 5425 2829 5478; x_wconf 78' lang='lat' dir='ltr'><strong>Filius:</strong></span> <span class='ocrx_word' id='word_1_849' title='bbox 2861 5433 2917 5478; x_wconf 89' lang='lat' dir='ltr'><strong>et</strong></span> <span class='ocrx_word' id='word_1_850' title='bbox 2957 5424 3010 5478; x_wconf 89' lang='lat' dir='ltr'><strong>in</strong></span> <span class='ocrx_word' id='word_1_851' title='bbox 3044 5432 3305 5490; x_wconf 89' lang='lat' dir='ltr'><strong>quantum</strong></span> <span class='ocrx_word' id='word_1_852' title='bbox 3339 5421 3478 5475; x_wconf 76' lang='lat' dir='ltr'><strong>lteus</strong></span> <span class='ocrx_word' id='word_1_853' title='bbox 3517 5434 3599 5474; x_wconf 76' lang='lat' dir='ltr'><strong>est</strong></span> 
     </span>
    </p>
   </div>
   <div class='ocr_carea' id='block_1_113' title="bbox 346 5514 3596 5598">
    <p class='ocr_par' dir='ltr' id='par_1_113' title="bbox 346 5514 3596 5598">
     <span class='ocr_line' id='line_1_113' title="bbox 346 5514 3596 5598; baseline -0.006 -13"><span class='ocrx_word' id='word_1_854' title='bbox 346 5523 652 5596; x_wconf 79' lang='lat' dir='ltr'><strong>increatus,</strong></span> <span class='ocrx_word' id='word_1_855' title='bbox 732 5530 882 5584; x_wconf 84' lang='lat' dir='ltr'><strong>Patri</strong></span> <span class='ocrx_word' id='word_1_856' title='bbox 937 5544 1034 5598; x_wconf 87' lang='lat' dir='ltr'><strong>per</strong></span> <span class='ocrx_word' id='word_1_857' title='bbox 1081 5525 1264 5580; x_wconf 89' lang='lat' dir='ltr'><strong>omnia</strong></span> <span class='ocrx_word' id='word_1_858' title='bbox 1314 5522 1542 5591; x_wconf 72' lang='lat' dir='ltr'><strong>aequalis</strong></span> <span class='ocrx_word' id='word_1_859' title='bbox 1582 5519 1795 5590; x_wconf 78' lang='lat'><strong>1075</strong></span> <span class='ocrx_word' id='word_1_860' title='bbox 1870 5530 1994 5585; x_wconf 81' lang='lat' dir='ltr'><strong>est;</strong></span> <span class='ocrx_word' id='word_1_861' title='bbox 2041 5518 2134 5572; x_wconf 79' lang='lat' dir='ltr'><strong>sed</strong></span> <span class='ocrx_word' id='word_1_862' title='bbox 2181 5519 2233 5570; x_wconf 92' lang='lat' dir='ltr'><strong>in</strong></span> <span class='ocrx_word' id='word_1_863' title='bbox 2275 5525 2540 5585; x_wconf 88' lang='lat' dir='ltr'><strong>quantum</strong></span> <span class='ocrx_word' id='word_1_864' title='bbox 2593 5515 2803 5579; x_wconf 77' lang='lat' dir='ltr'><strong>Filius,</strong></span> <span class='ocrx_word' id='word_1_865' title='bbox 2859 5515 3132 5569; x_wconf 83' lang='lat' dir='ltr'><strong>secundus</strong></span> <span class='ocrx_word' id='word_1_866' title='bbox 3175 5525 3257 5567; x_wconf 83' lang='lat' dir='ltr'><strong>est</strong></span> <span class='ocrx_word' id='word_1_867' title='bbox 3319 5531 3349 5567; x_wconf 88' lang='lat' dir='ltr'><strong>a</strong></span> <span class='ocrx_word' id='word_1_868' title='bbox 3399 5514 3596 5577; x_wconf 81' lang='lat' dir='ltr'><strong>Patre;</strong></span> 
     </span>
    </p>
   </div>
   <div class='ocr_carea' id='block_1_114' title="bbox 269 5601 3597 5695">
    <p class='ocr_par' dir='ltr' id='par_1_114' title="bbox 269 5601 3597 5695">
     <span class='ocr_line' id='line_1_114' title="bbox 269 5601 3597 5695; baseline -0.008 -16"><span class='ocrx_word' id='word_1_869' title='bbox 269 5658 278 5660; x_wconf 96' lang='lat'>-</span> <span class='ocrx_word' id='word_1_870' title='bbox 346 5641 512 5695; x_wconf 89' lang='lat' dir='ltr'><strong>quem</strong></span> <span class='ocrx_word' id='word_1_871' title='bbox 564 5625 821 5694; x_wconf 87' lang='lat' dir='ltr'><strong>majorem</strong></span> <span class='ocrx_word' id='word_1_872' title='bbox 871 5637 950 5686; x_wconf 91' lang='lat' dir='ltr'><strong>se,</strong></span> <span class='ocrx_word' id='word_1_873' title='bbox 988 5627 1048 5673; x_wconf 89' lang='lat' dir='ltr'><strong>ut</strong></span> <span class='ocrx_word' id='word_1_874' title='bbox 1082 5617 1168 5674; x_wconf 86' lang='lat' dir='ltr'><strong>sui</strong></span> <span class='ocrx_word' id='word_1_875' title='bbox 1204 5629 1450 5678; x_wconf 88' lang='lat' dir='ltr'><strong>causam,</strong></span> <span class='ocrx_word' id='word_1_876' title='bbox 1482 5613 1770 5683; x_wconf 83' lang='lat' dir='ltr'><strong>agnoscit,</strong></span> <span class='ocrx_word' id='word_1_877' title='bbox 1808 5629 1914 5666; x_wconf 81' lang='lat' dir='ltr'><strong>non</strong></span> <span class='ocrx_word' id='word_1_878' title='bbox 1961 5621 2141 5665; x_wconf 85' lang='lat' dir='ltr'><strong>tamen</strong></span> <span class='ocrx_word' id='word_1_879' title='bbox 2209 5601 2487 5664; x_wconf 82' lang='lat' dir='ltr'><strong>secundus</strong></span> <span class='ocrx_word' id='word_1_880' title='bbox 2525 5607 2688 5670; x_wconf 81' lang='lat' dir='ltr'><strong>Deus,</strong></span> <span class='ocrx_word' id='word_1_881' title='bbox 2753 5606 2917 5668; x_wconf 86' lang='lat' dir='ltr'><strong>absit,</strong></span> <span class='ocrx_word' id='word_1_882' title='bbox 2948 5607 3041 5661; x_wconf 88' lang='lat' dir='ltr'><strong>sed</strong></span> <span class='ocrx_word' id='word_1_883' title='bbox 3068 5605 3350 5660; x_wconf 71' lang='lat' dir='ltr'><strong>secundm</strong></span> <span class='ocrx_word' id='word_1_884' title='bbox 3376 5605 3597 5663; x_wconf 65' lang='lat' dir='ltr'><strong>ordine,</strong></span> 
     </span>
    </p>
   </div>
   <div class='ocr_carea' id='block_1_115' title="bbox 357 5697 3602 5788">
    <p class='ocr_par' dir='ltr' id='par_1_115' title="bbox 357 5697 3602 5788">
     <span class='ocr_line' id='line_1_115' title="bbox 357 5697 3602 5788; baseline -0.01 -10"><span class='ocrx_word' id='word_1_885' title='bbox 357 5735 416 5778; x_wconf 92' lang='lat' dir='ltr'><strong>ut</strong></span> <span class='ocrx_word' id='word_1_886' title='bbox 447 5721 525 5775; x_wconf 84' lang='lat' dir='ltr'><strong>ait</strong></span> <span class='ocrx_word' id='word_1_887' title='bbox 561 5733 788 5788; x_wconf 77' lang='lat' dir='ltr'><strong>magnus</strong></span> <span class='ocrx_word' id='word_1_888' title='bbox 822 5717 1100 5771; x_wconf 82' lang='lat' dir='ltr'><strong>Basilius:</strong></span> <span class='ocrx_word' id='word_1_889' title='bbox 1132 5713 1211 5766; x_wconf 89' lang='lat' dir='ltr'><strong>sic</strong></span> <span class='ocrx_word' id='word_1_890' title='bbox 1253 5709 1417 5765; x_wconf 87' lang='lat' dir='ltr'><strong>etiam</strong></span> <span class='ocrx_word' id='word_1_891' title='bbox 1450 5725 1517 5762; x_wconf 71' lang='lat' dir='ltr'><strong>ex</strong></span> <span class='ocrx_word' id='word_1_892' title='bbox 1551 5709 1788 5762; x_wconf 88' lang='lat' dir='ltr'><strong>increata</strong></span> <span class='ocrx_word' id='word_1_893' title='bbox 1862 5706 2169 5770; x_wconf 78' lang='lat' dir='ltr'><strong>divinitate,</strong></span> <span class='ocrx_word' id='word_1_894' title='bbox 2235 5717 2431 5772; x_wconf 88' lang='lat' dir='ltr'><strong>nempe</strong></span> <span class='ocrx_word' id='word_1_895' title='bbox 2495 5701 2803 5756; x_wconf 77' lang='lat' dir='ltr'><strong>substantia</strong></span> <span class='ocrx_word' id='word_1_896' title='bbox 2851 5699 2965 5764; x_wconf 82' lang='lat' dir='ltr'><strong>Dei,</strong></span> <span class='ocrx_word' id='word_1_897' title='bbox 3035 5699 3281 5768; x_wconf 78' lang='lat' dir='ltr'><strong>procedit</strong></span> <span class='ocrx_word' id='word_1_898' title='bbox 3344 5697 3602 5750; x_wconf 65' lang='lat' dir='ltr'><strong>div-initus</strong></span> 
     </span>
    </p>
   </div>
   <div class='ocr_carea' id='block_1_116' title="bbox 347 5791 3598 5880">
    <p class='ocr_par' dir='ltr' id='par_1_116' title="bbox 347 5791 3598 5880">
     <span class='ocr_line' id='line_1_116' title="bbox 347 5791 3598 5880; baseline -0.009 -8"><span class='ocrx_word' id='word_1_899' title='bbox 347 5818 615 5879; x_wconf 86' lang='lat' dir='ltr'><strong>increata,</strong></span> <span class='ocrx_word' id='word_1_900' title='bbox 649 5826 847 5880; x_wconf 86' lang='lat' dir='ltr'><strong>nempe</strong></span> <span class='ocrx_word' id='word_1_901' title='bbox 870 5809 1153 5879; x_wconf 87' lang='lat' dir='ltr'><strong>operatio:</strong></span> <span class='ocrx_word' id='word_1_902' title='bbox 1183 5816 1236 5860; x_wconf 89' lang='lat' dir='ltr'><strong>et</strong></span> <span class='ocrx_word' id='word_1_903' title='bbox 1265 5805 1383 5857; x_wconf 73' lang='lat' dir='ltr'><strong>ba2c</strong></span> <span class='ocrx_word' id='word_1_904' title='bbox 1416 5802 1640 5872; x_wconf 83' lang='lat' dir='ltr'><strong>quidem</strong></span> <span class='ocrx_word' id='word_1_905' title='bbox 1687 5816 1796 5857; x_wconf 90' lang='lat' dir='ltr'><strong>non</strong></span> <span class='ocrx_word' id='word_1_906' title='bbox 1868 5811 1953 5856; x_wconf 90' lang='lat' dir='ltr'><strong>cst</strong></span> <span class='ocrx_word' id='word_1_907' title='bbox 1993 5800 2099 5854; x_wconf 87' lang='lat' dir='ltr'><strong>alia</strong></span> <span class='ocrx_word' id='word_1_908' title='bbox 2148 5814 2176 5853; x_wconf 90' lang='lat' dir='ltr'><strong>a</strong></span> <span class='ocrx_word' id='word_1_909' title='bbox 2234 5797 2561 5862; x_wconf 74' lang='lat' dir='ltr'><strong>divtuizatc,</strong></span> <span class='ocrx_word' id='word_1_910' title='bbox 2630 5805 2905 5864; x_wconf 71' lang='lat' dir='ltr'><strong>quatenus</strong></span> <span class='ocrx_word' id='word_1_911' title='bbox 2957 5792 3132 5847; x_wconf 67' lang='lat' dir='ltr'><strong>duitas</strong></span> <span class='ocrx_word' id='word_1_912' title='bbox 3180 5801 3264 5844; x_wconf 88' lang='lat' dir='ltr'><strong>est</strong></span> <span class='ocrx_word' id='word_1_913' title='bbox 3317 5791 3598 5851; x_wconf 73' lang='lat' dir='ltr'><strong>increata;</strong></span> 
     </span>
    </p>
   </div>
   <div class='ocr_carea' id='block_1_117' title="bbox 586 5883 1909 5986">
    <p class='ocr_par' dir='ltr' id='par_1_117' title="bbox 586 5897 1902 5966">
     <span class='ocr_line' id='line_1_117' title="bbox 586 5897 1902 5966; baseline -0.01 0"><span class='ocrx_word' id='word_1_914' title='bbox 586 5907 854 5966; x_wconf 69' lang='grc' dir='ltr'>ΡΑτΒοιι.</span> <span class='ocrx_word' id='word_1_915' title='bbox 898 5903 1014 5963; x_wconf 79' lang='lat' dir='ltr'><strong>Gn.</strong></span> <span class='ocrx_word' id='word_1_916' title='bbox 1055 5900 1156 5963; x_wconf 76' lang='lat' dir='ltr'><strong>CX</strong></span> <span class='ocrx_word' id='word_1_917' title='bbox 1174 5897 1358 5960; x_wconf 76' lang='lat' dir='ltr'><strong>LVIII</strong></span> <span class='ocrx_word' id='word_1_918' title='bbox 1869 5929 1902 5953; x_wconf 83' lang='lat'><strong>-.</strong></span> 
     </span>
    </p>
   </div>
   <div class='ocr_carea' id='block_1_118' title="bbox 2010 5883 3285 5986">
    <p class='ocr_par' dir='ltr' id='par_1_118' title="bbox 2183 5883 3285 5967">
     <span class='ocr_line' id='line_1_118' title="bbox 2183 5883 3285 5967; baseline -0.001 -21"><span class='ocrx_word' id='word_1_919' title='bbox 2183 5963 2186 5967; x_wconf 93' lang='lat'><strong>_</strong></span> <span class='ocrx_word' id='word_1_920' title='bbox 2967 5897 2982 5910; x_wconf 87' lang='lat'><strong>-</strong></span> <span class='ocrx_word' id='word_1_921' title='bbox 3210 5883 3285 5945; x_wconf 68' lang='grc' dir='ltr'>ιδ</span> 
     </span>
    </p>
   </div>
  </div>
