4088 6212
595 258 729 320 1375
877 254 952 324 [Α.
999 269 1054 307 n.
1092 251 1249 317 6859,
1289 267 1396 306 IND.
1434 250 1494 322 4]

1775 257 2198 318 NICEPHORI
2241 258 2627 319 GREGORr’E

2931 256 3068 329 [ηερ.
3108 275 3150 312 ι.
3193 272 3482 315 ωιιτλευῑ.
3527 259 3585 332 5]

3706 263 3845 330 1376

583 380 779 446 .digum
808 387 915 441 est,
937 374 1142 446 indiget
1171 382 1444 445 quatenus
1478 371 1736 444 principii
1755 369 2033 442 cupidium
2061 380 2168 428 est.

2293 375 2369 427 ιαὶ
2424 375 2530 444 πρὸ
2587 377 2846 446 νοήσεως.
2881 376 2948 431 Ἣ
2998 379 3235 448 νοήσεως
3279 378 3550 449 δεήσεται,
3589 381 3676 433 ἴνα
3730 381 3846 450 γνῷ

596 474 650 526 Si
681 486 812 539 ergo
834 470 1017 524 unitas
1055 478 1140 523 est
1166 467 1372 538 indiga,
1405 475 1489 521 est
1525 466 1862 536 huiusmodi,
1899 474 2172 534 quatenus

2297 465 2460 518 αυτὸν
2488 466 2516 517 ὁ
2549 464 2833 536 αῦτάρκης
2867 467 3066 536 ἐαυτῷ.
3093 467 3298 538 Νὸησις
3336 470 3446 538 γὰρ
3468 471 3531 523 οὔ
3557 473 3691 536 νοεῖ,
3732 472 3848 524 ἀλλ’

595 563 792 631 quaerit
851 577 962 614 non
1011 560 1250 629 amplius
1302 574 1425 615 esse
1463 573 1632 611 unum
1664 557 1796 626 quid
1829 573 1844 608 ι
1876 566 1932 610 et
1959 556 2038 610 sic
2065 556 2170 610 erit

2293 559 2416 611 ιίτία
2462 557 2558 611 τοῦ
2598 562 2742 613 νοεῖν
2796 558 2958 629 ἄλλῳ.
2993 561 3067 612 Τὸ
3093 561 3154 613 ·δ’
3203 563 3378 614 αἴτιον
3422 564 3480 614 οὐ
3523 565 3722 616 ταυτὸν
3767 563 3848 630 τῷ

595 652 744 706 illius
798 651 1002 721 indiga,
1034 650 1180 719 quod
1225 650 1298 704 sit
1331 651 1502 718 ipsam
1533 637 1949 717 corrupturum.
1979 647 2168 716 Itaque

2293 649 2514 720 ιῐτιατῷ.
2553 649 2624 703 Τὸ
2657 650 2714 704 δὲ
2767 652 2993 705 πάντων
3030 651 3206 706 αἴτιον
3235 653 3386 706 οὐδέν
3417 655 3563 708 ἔστιν
3591 655 3843 709 ἐκείνων.

593 743 791 799 unitati
824 744 959 797 nihil
989 754 1075 798 est
1109 743 1341 797 bonum.
1368 741 1604 797 Proinde
1636 757 1736 795 nec
1769 741 1935 794 ullius
1964 741 2041 794 rei
2073 755 2168 792 vo-

595 837 778 890 luntas
799 837 851 889 ei
889 845 1012 889 est:
1047 835 1139 890 sed
1169 845 1251 888 est
1281 849 1444 902 supra
1480 847 1698 886 omnem
1739 831 2040 886 bonitatem
2065 845 2165 900 po-

2266 739 2341 792 Οῦ
2387 739 2569 793 τοίνυν
2621 742 2731 795 οὐδ’
2778 741 2982 809 ἀγαθὸν
3033 742 3254 795 λεκτέον
3297 743 3458 796 τοῦτο
3511 743 3540 796 ὃ
3585 746 3846 814 παρέχει,

2263 830 2379 884 ἀλλ’
2420 830 2596 894 ἄλλως
2624 831 2865 900 τάγαθὸν
2901 832 3042 904 ὑπὲρ
3072 832 3304 887 τὰοᾶλλα
3341 835 3542 903 ἀγαθά.
3576 853 3596 884 ι

595 929 724 993 sita,
775 943 880 982 nec
910 928 1026 997 ipsa
1063 926 1170 981 sibi
1223 926 1365 980 bona
1394 933 1499 991 est,
1533 939 1721 979 verum
1773 924 1896 996 aliis
1919 963 1934 986 ,
2000 923 2044 977 si
2109 923 2501 994 quidjtandem
2535 925 2681 980 illius
2721 927 2995 996 particeps
3037 941 3159 980 esse
3192 927 3381 994 possit.
3408 925 3526 981 Non
3562 936 3647 981 est
3678 927 3850 981 etiam

594 1021 918 1086 inteliectio,
950 1036 1018 1076 ne
1045 1021 1338 1075 diversitas
1361 1019 1415 1073 in
1442 1033 1509 1074 eo
1533 1027 1818 1084 occurrat;
1850 1031 1953 1072 nec
1977 1018 2170 1092 motio,
2211 1033 2337 1073 cum
2372 1018 2597 1080 sittanle
2628 1021 2926 1074 motionem
2995 1026 3052 1073 et
3113 1018 3563 1084 iutellectionem,
3597 1023 3734 1075 alias
3770 1022 3856 1074 in-

596 1114 907 1169 tellectione
943 1111 1245 1182 indigebit,
1290 1119 1350 1165 ut
1393 1125 1451 1164 se
1507 1113 1684 1180 ipsum
1731 1117 2042 1180 cegnoscat,
2103 1111 2198 1180 qui
2238 1111 2345 1166 sibi
2388 1110 2506 1179 ipse
2576 1109 2799 1166 sufﬁcit.
2839 1113 3144 1169 lntellectio
3190 1112 3393 1183 quippe
3427 1128 3537 1169 non
3571 1114 3852 1186 intelligit,

596 1206 692 1262 sed
735 1207 788 1260 in
840 1221 1006 1260 causa
1038 1213 1122 1259 est
1194 1219 1294 1258 cur
1326 1202 1468 1257 alius
1519 1202 1807 1270 intelligat.

1889 1200 2068 1257 Causa
2110 1217 2389 1256 vero-non
2416 1210 2499 1256 est
2530 1200 2661 1271 quid
2699 1202 2842 1256 idem
2884 1218 3007 1256 cum
3033 1203 3257 1267 ell‘ectu,
3291 1210 3347 1257 et
3377 1204 3700 1259 universalis
3729 1224 3854 1260 om-

597 1303 749 1354 nium
806 1313 973 1355 causa
996 1339 1011 1363 ,
1044 1297 1179 1351 nihil
1228 1305 1315 1352 est
1366 1311 1559 1351 eorum
1593 1309 1826 1365 quorum
1871 1309 2034 1350 causa
2066 1303 2171 1348 est.
2215 1294 2386 1362 Igitur
2419 1309 2597 1363 neque
2624 1294 2675 1348 id
2743 1295 2948 1349 bonum
2979 1294 3270 1350 dicendum
3301 1307 3406 1359 est,
3467 1298 3613 1366 quod
3647 1298 3855 1356 bonum

597 1398 719 1453 aliis
751 1397 955 1464 prtebet
981 1413 994 1448 :
1019 1398 1112 1449 sed
1145 1394 1256 1449 alio
1293 1393 1517 1448 nomine
1546 1389 1933 1462 appellandum
1957 1429 1974 1455 ,
2017 1388 2277 1443 videlicet
2306 1390 2522 1444 bonum
2542 1403 2710 1458 super
2743 1389 2848 1444 alia
2880 1389 3038 1444 bona.
3068 1405 3097 1466 ι

672 1475 766 1543 xi.
811 1489 1010 1544 Eadem
1064 1488 1134 1543 de
1167 1504 1279 1543 uno
1320 1496 1377 1544 et
1406 1489 1556 1543 bono
1600 1485 2178 1543 Platonicus‘disserit

604 1581 854 1643 Proetus,
891 1581 1054 1652 cujus
1073 1579 1410 1651 theologicas
1431 1579 1807 1636 institutiones
1826 1579 1921 1650 qui
1946 1578 2142 1647 legerit
2159 1618 2174 1639 .

2358 1487 2462 1539 ΙΝ.
2493 1486 2575 1538 Τὰ
2628 1486 2677 1539 δ’
2713 1485 2852 1540 αὐτὰ
2903 1487 2932 1538 ὀ
2978 1487 3324 1553 Πλατωνικὸς
3356 1488 3578 1553 διέξεισι
3610 1488 3858 1556 Πρόκλος

2287 1580 2417 1650 περὶ
2465 1580 2559 1634 τοῦ
2600 1579 2719 1643 ἐνὸς
2752 1579 2845 1632 καὶ
2883 1579 2979 1634 τοῦ
3023 1581 3257 1647 ἀγαθοῖν
3286 1582 3378 1636 καὶ
3415 1583 3441 1634 ὁ
3468 1581 3582 1644 τοῖς
3609 1581 3856 1649 θεολογι-

600 1683 874 1722 summam
925 1684 1048 1722 cum
1103 1668 1378 1737 praedictis
1429 1670 1842 1724 consonantiam
1891 1667 2178 1724 manifeste

2293 1647 2400 1733 ιιοές
2430 1671 2776 1741 ἐντυγχάνων
2807 1671 3017 1726 ἐκείνου
3043 1673 3248 1725 εῐσεται
3281 1672 3470 1741 σαφῶς
3499 1672 3596 1744 τὴν
3628 1647 3856 1740 συμφοι-

599 1757 1001 1826 deprehendet.
1030 1758 1166 1811 Nam
1206 1768 1267 1813 ut
1299 1759 1383 1812 his
1409 1759 1616 1814 diutius
1651 1759 1933 1826 immorer,
1979 1759 2177 1830 capitis

600 1850 822 1903 dolores
841 1864 952 1903 non
970 1851 1318 1920 permittunt.
1349 1851 1489 1917 Quid
1512 1865 1646 1906 vero
1683 1853 1784 1907 hac
1817 1852 1886 1907 de
1932 1868 1992 1907 re
2023 1853 2177 1908 Plato

597 1956 821 2010 quoque
855 1942 1127 2009 senserit,
1182 1958 1249 1997 ex
1285 1943 1478 1997 eodem
1514 1943 1709 1999 Proclo
1741 1955 2034 2014 cognoscet
2082 1945 2177 2015 qui

606 2033 788 2102 hujus.
821 2034 1022 2103 scripta
1085 2034 1372 2090 evolverit.
1418 2035 1554 2090 Nam
1629 2036 1920 2106 plurimam
1968 2044 2178 2116 partem

606 2124 792 2178 omnia
831 2125 1076 2180 Platonis
1108 2126 1278 2181 verba
1311 2135 1557 2196 usurpat.
1591 2127 1856 2198 Pleraque
1886 2136 2063 2182 tamen
2088 2145 2181 2183 eo-

605 2231 726 2270 rum
759 2256 774 2280 ,
825 2232 944 2285 qua
985 2217 1204 2287 scripsit
1268 2218 1513 2282 Proc'lus,
1548 2235 1615 2274 ex
1653 2221 1805 2289 parte
1845 2221 2036 2274 saltem
2086 2221 2182 2276 de-

604 2309 960 2363 monstranda
1019 2320 1165 2364 sunt.
1223 2310 1314 2366 Sic
1367 2326 1530 2380 porro
1581 2311 1800 2366 habet:
1843 2331 1862 2363 ι
1902 2312 2180 2382 Quidquid

603 2415 775 2452 unum
831 2398 928 2463 ﬁt,
969 2399 1134 2454 unius
1195 2401 1615 2470 participatione
1655 2401 1714 2456 fit
1754 2418 1946 2456 unum.
2000 2403 2180 2472 Ipsum

601 2489 750 2542 enim
787 2505 886 2557 per
923 2504 982 2544 se
1037 2505 1207 2543 unum
1245 2506 1352 2544 non
1409 2500 1492 2545 est
1521 2509 1534 2544 :
1568 2491 1662 2548 sed
1698 2499 1968 2562 quatenus
2022 2493 2184 2547 unius

608 2582 667 2634 lit
698 2583 994 2652 particeps,
1029 2598 1196 2636 unum
1243 2591 1348 2638 est.
1377 2583 1510 2638 Nam
1561 2586 1604 2639 si
1657 2601 1827 2640 unum
1862 2585 2027 2653 (iant,
2063 2602 2184 2656 quae

608 2689 706 2740 rer
741 2689 800 2728 se
833 2673 948 2742 ipsa
985 2689 1091 2728 non
1129 2687 1260 2729 sunt
1295 2692 1498 2742 unum;
1532 2677 1666 2731 liunt
1691 2694 1884 2745 unum,
1916 2689 2184 2749 quatenus

605 2779 794 2819 secum
820 2766 1053 2822 invicem
1073 2777 1273 2823 coeunt
1293 2777 1350 2823 et
1377 2769 1622 2823 mutuam
1655 2769 1708 2824 in
1739 2771 2184 2826 communionem

610 2855 829 2927 1095.
859 2859 1086 2911 Veniunt
1108 2899 1122 2920 ,
1155 2861 1392 2925 necZnon
1430 2859 1657 2913 unitatis
1689 2861 2033 2929 prmsentiatn
2063 2875 2188 2916 sus-

2279 1765 2420 1820 νίαν.
2457 1765 2612 1834 Ἐμοὶ
2643 1764 2752 1836 γὰρ
2787 1767 2848 1819 οὐ
2877 1766 3157 1836 σχολάζειν
3190 1767 3247 1820 αἱ
3281 1767 3379 1836 τῆς
3413 1767 3656 1835 κεφαλῆς
3693 1767 3858 1820 ἐῶσιν

2280 1857 2573 1923 ἀλγηδόνες
2619 1860 2676 1910 ἐν
2721 1857 2951 1920 τούτοις.
2986 1858 3270 1912 Εῖσεταιδ⁹
3309 1861 3366 1911 ἐν
3392 1858 3578 1927 ταυτῷ
3624 1859 3721 1911 καὶ
3757 1857 3858 1926 τὴν

2280 1949 2570 2012 Πλάτωνος
2620 1951 2750 2018 περὶ
2802 1951 2870 2003 τὰ
2910 1949 3323 2014 τοιαῦτα¹δόξαν
3367 1950 3426 2012 ἐξ
3470 1939 3662 2011 αὑτοῦ,
3694 1949 3861 2017 εἰπερ

2281 2041 2444 2104 αὐτὸς
2505 2040 2582 2110 τῷ
2627 2058 2692 2110 γε
2745 2042 2954 2095 πλείονι
3019 2042 3178 2112 μέρει
3245 2042 3498 2094 τάκείνου
3555 2039 3860 2107 φθέγγεται

2284 2133 2487 2187 πάντα.
2526 2134 2780 2187 Δεικτέον
2814 2134 2858 2188 δ’
2881 2134 3037 2204 ὅμως
3072 2135 3136 2187 ὲκ
3171 2136 3372 2202 μέρους
3417 2132 3486 2186 τὰ
3526 2130 3718 2184 πλείω.
3749 2133 3863 2198 Φη-

2265 2227 2368 2278 ισ“ιν
2423 2225 2518 2278 οῦν
2568 2225 2684 2295 (77)
2711 2241 2726 2256 ο
2774 2242 2792 2275 ι
2835 2225 2950 2278 Πᾶν
2986 2224 3045 2278 τὸ
3095 2225 3381 2294 γινόμενον
3421 2223 3477 2275 ὲν
3513 2220 3732 2290 μεθέξει
3761 2219 3863 2272 τοῦ

2284 2317 2400 2379 ὲνδς
2439 2317 2650 2384 γίνεται
2680 2317 2759 2369 ἓν.
2796 2316 2937 2370 Αὐτὸ
2983 2316 3084 2385 μὲν
3114 2317 3221 2386 γὰρ
3255 2315 3353 2385 οὐχ
3401 2313 3462 2366 ἓν
3509 2314 3648 2366 ἐστι.
3703 2309 3863 2363 Keil?)

2283 2409 2340 2462 δὲ
2373 2409 2615 2463 πέπονθε
2649 2409 2749 2478 τὴν
2782 2411 3018 2479 μετοχὴν
3059 2408 3152 2460 τοῦ
3181 2408 3321 2474 ἑνὸς,
3356 2406 3416 2460 ἓν
3449 2408 3622 2459 ἐστιν.
3655 2405 3719 2456 ΕΞ
3752 2405 3865 2472 γὰρ

2285 2501 2487 2570 γίνοιτο
2517 2499 2594 2564 ἓν,
2626 2499 2662 2554 ἃ.
2686 2501 2760 2572 μὴ
2803 2498 2953 2552 ἐστιν
2993 2499 3057 2556 ἓν
3107 2500 3227 2554 καθ’
3254 2499 3450 2560 ἑαυτὰ,
3489 2497 3741 2550 συνιόντα
3772 2497 3868 2564 δὴ·

2287 2609 2391 2644 που
2429 2592 2524 2644 καὶ
2552 2592 2920 2645 κοινωνοῦντα
2957 2593 3228 2661 ἀλλήλοις,
3269 2592 3480 2658 γίνεται
3511 2589 3572 2641 ἓν
3608 2589 3703 2640 καὶ
3731 2588 3872 2641 ὓπο-

2290 2683 2440 2755 μὲνει
2486 2684 2584 2756 τὴν
2637 2684 2729 2743 τοῦ
2773 2684 2889 2747 ἑνὸς
2944 2687 3269 2754 παρουσίαν,
3301 2686 3401 2737 οὐκ
3447 2683 3579 2736 δντα
3610 2685 3749 2749 ὅπερ
3781 2681 3870 2734 ἓν.

2287 2778 2525 2848 Μετέχει
2566 2778 2676 2847 ἄρα
2707 2777 2802 2831 τοῦ
2837 2777 2954 2842 ἐνὸς
2985 2778 3179 2848 ταύτῃ,
3304 2777 3503 2845 πάσχει
3525 2774 3595 2826 τὸ
3625 2775 3685 2834 ἓν
3713 2776 3872 2840 γενὲ⁶

2292 2868 2435 2922 σθαι.
2469 2869 2531 2921 Εἰ
2568 2869 2667 2938 μὲν
2699 2868 2808 2938 γὰρ
2852 2869 2954 2940 ἤδη
3012 2870 3166 2922 ἐστὶν
3220 2869 3298 2932 ἓν,
3344 2867 3656 2935 οὐ,γίνεται
3685 2864 3766 2915 ἓν.
3793 2863 3872 2912 τὸ

609 2948 853 3016 cipiunt;
909 2950 1035 3003 licet
1083 2965 1190 3004 non
1245 2953 1359 3004 sint
1421 2951 1565 3005 istud
1608 2951 1808 3019 ipsum,
1835 2952 1980 3020 quod
2015 2968 2183 3007 unum

2293 2960 2399 3030 γὰρ
2435 2960 2495 3015 ὃν
2540 2961 2601 3014 οὺ
2636 2961 2844 3029 γίνεται
2892 2961 2920 3013 ὃ
2967 2961 3066 3032 ἤδη
3113 2961 3280 3013 ἐστίν.
3320 2960 3381 3012 Et
3425 2959 3481 3010 δὲ
3513 2957 3753 3025 γίνεται,
3786 2953 3872 3022 τῷ

607 3050 716 3093 est.
751 3041 921 3109 Igitur
955 3051 1188 3096 eatenus
1224 3043 1490 3096 unitatem
1519 3042 1890 3111 participant,
1918 3052 2189 3112 quatenus

609 3147 709 3200 per
751 3133 1147 3188 accidentalem
1192 3143 1247 3188 et
1301 3134 1658 3189 adventitiam
1712 3135 1818 3190 sibi
1867 3136 2188 3205 qualitatem

2292 3053 2366 3122 μὴ
2416 3052 2474 3104 ἓν
2508 3051 2649 3106 εῖναι
2684 3053 2974 3123 πρότερον,
3011 3052 3122 3118 ἕξει
3156 3051 3216 3104 τὸ
3245 3051 3302 3103 ἓν
3336 3049 3473 3120 (78),
3503 3045 3867 3115 ἐγγενομένου

2265 3145 2434 3207 Δτινὸς
2461 3146 2518 3197 ὲν
2546 3147 2728 3207 αὐτοῖς
2763 3144 2905 3206 ἑνός.
3412 3159 3435 3186 ο

609 3240 778 3276 unum
821 3228 976 3282 liunt.
1002 3227 1134 3282 Nam
1169 3229 1212 3283 si
1241 3229 1351 3299 jam
1394 3239 1552 3283 antea
1582 3245 1750 3286 unum
1779 3241 1984 3295 essent,
2017 3248 2184 3286 unum
2227 3251 2335 3291 non
2381 3239 2596 3294 ﬁerent.
2643 3238 2799 3306 Quod
2849 3237 2996 3293 enim
3068 3244 3174 3302 est,
3243 3250 3353 3288 non
3401 3232 3463 3290 ﬁt
3513 3229 3658 3285 istud
3690 3233 3872 3298 ipsum

603 3316 754 3385 θυοά
819 3317 930 3387 iam
987 3328 1089 3373 θεῖ·
1167 3318 1262 3374 δίη
1316 3335 1484 3374 unum
1534 3319 1706 3385 (iam:
1756 3335 1822 3374 eo
1876 3321 2025 3392 quod
2079 3339 2248 3380 unum
2291 3329 2446 3397 prius
2481 3347 2591 3386 non
2619 3329 2862 3393 essent,
2923 3328 3189 3383 unitatem
3239 3324 3560 3387 habebunt,
3597 3331 3876 3391 quatenus

521 3431 527 3437 -
609 3427 779 3477 unum
816 3411 945 3481 quid
979 3412 1114 3482 ipsis
1155 3428 1347 3468 recens
1373 3413 1560 3468 inerit.

2075 3525 2303 3582 CAPUT
2343 3525 2411 3580 ll.

687 3620 724 3674 I.
798 3621 922 3676 llaec
979 3636 1081 3692 ego
1137 3636 1262 3675 cum
1323 3620 1632 3688 dixissem,
1703 3623 1964 3694 loquendi
2025 3621 2202 3677 oﬂicio

614 3712 833 3766 ahnndc
865 3712 1214 3781 perfuucmm
1245 3729 1331 3767 me
1377 3728 1499 3767 esse
1534 3714 1815 3782 putabam.
1841 3714 2028 3782 Neque
2052 3712 2199 3766 enim

609 3802 989 3856 existimabam
1033 3801 1288 3870 pluribus
1317 3811 1373 3856 et
1415 3786 1855 3860 evidentioribus
1900 3820 2039 3874 opus
2079 3818 2201 3860 esse

611 3895 948 3948 testimoniis
969 3933 984 3956 ,
1017 3903 1076 3948 ut
1103 3893 1264 3948 unica
1297 3894 1384 3952 illa
1421 3894 1718 3965 singularis
1741 3906 1799 3951 et
1831 3897 2017 3951 divina
2050 3897 2196 3951 sim-

610 3987 829 4056 plicitas
863 3986 1272 4051 ostenderetur,
1309 3996 1367 4043 ut
1394 3987 1574 4041 etalia
1613 4003 1958 4059 quaecunque
1991 3988 2058 4042 de
2085 3989 2197 4043 Deo

609 4078 1062 4137 demonstrantur
1089 4094 1154 4132 ex
1189 4089 1438 4132 veterum
1468 4079 1682 4148 placitis
1721 4080 2197 4150 philosophorum,

615 4168 710 4236 qui
747 4168 924 4238 ipsum
971 4184 1138 4240 super
1176 4187 1395 4225 omnem
1428 4172 1730 4236 bonitatem
1765 4172 1992 4237 bonum,
2018 4173 2200 4227 locum

613 4276 784 4330 super
813 4276 1032 4316 omnem
1063 4263 1269 4325 locum,
1300 4263 1640 4317 intellectum
1671 4278 1838 4332 super
1866 4279 2082 4318 onmem
2120 4264 2202 4318 in-

615 4352 895 4408 tellectum
920 4393 934 4416 ,
973 4354 1274 4407 motionem
1307 4369 1475 4423 super
1506 4369 1723 4408 omnem
1762 4354 2061 4430 melionem
2101 4371 2199 4424 ap-

2371 3622 2450 3678 A'.
2498 3617 2638 3688 Ἐγὼ
2677 3619 2776 3689 μὲν
2803 3616 2899 3672 οῦν
2932 3617 3104 3672 ταῦτα
3122 3614 3295 3670 εἰπὼν
3329 3613 3487 3684 ᾤμην
3503 3613 3663 3679 λόγου
3700 3614 3875 3682 5:111-

2296 3712 2530 3784 λάχθαιο
2571 3709 2709 3782 μηδὲ
2753 3711 2864 3780 γὰρ
2911 3708 3124 3762 δεῖσθαι
3175 3706 3439 3763 πλειόνων
3492 3704 3576 3758 ἔτι
3631 3705 3730 3760 καὶ
3783 3721 3874 3757 σα-

2295 3802 2579 3872 φεστέρων
2615 3797 2963 3876 μαρτυριῷν,
3011 3798 3092 3860 εἰς
3140 3794 3496 3865 παράστασιν
3525 3791 3629 3859 τῆς
3659 3790 3874 3850 ἐνιαῐας

2293 3892 2510 3962 ἐκείνης
2542 3891 2638 3945 καὶ
2688 3887 2990 3961 μοναδικῆς
3049 3888 3146 3940 καὶ
3204 3886 3356 3946 Θείας
3403 3882 3737 3951 ἁπλότητος,
3782 3881 3875 3932 καὶ

2299 3984 2400 4036 ὅσα
2421 3983 2694 4036 δεικνῦσιν
2733 3980 2898 4049 ἕτερα
2937 3979 3067 4042 περ)⁸
3087 3977 3222 4030 Θεοῦ
3264 3975 3372 4029 τῶν
3415 3974 3796 4040 παλαιοσοφῶν
3827 3975 3874 4026 οἱ

2300 4077 2470 4147 λόγοι,
2493 4076 2575 4148 [Ρ.
2606 4074 2730 4147 687]
2754 4071 3104 4144 ὑπεράγαθον
3138 4069 3300 4129 αὑτὸν
3327 4068 3644 4130 καλοῦντες,
3670 4070 3770 4119 καὶ
3795 4066 3879 4117 τό·

2299 4186 2400 4222 πον
2437 4167 2580 4237 ὑπὲρ
2601 4168 2787 4228 τόπον,
2811 4166 2904 4218 καὶ
2922 4165 3111 4243 νόησιν
3134 4163 3272 4232 ὑπὲρ
3298 4164 3503 4228 νόησιν,
3533 4160 3628 4211 καὶ
3657 4159 3876 4225 κίνησιν

2303 4261 2446 4332 ὑπὲρ
2485 4255 2722 4334 κίνησιν,
2777 4259 2890 4320 τοῖς
2930 4257 3107 4320 ἁγίοις
3141 4253 3366 4323 ὁμοίως,
3396 4252 3492 4305 ἅτε
3533 4249 3640 4319 ὑφ’,
3666 4251 3752 4300 ἐνὶ
3787 4251 3879 4305 καὶ

2302 4357 2382 4426 τῷ
2409 4341 2560 4424 αὐτῷ
2593 4351 2804 4413 τούτοις
2841 4349 3028 4404 κανόνι
3084 4350 3416 4414 τυπούμενοι
3467 4346 3567 4412 τῆς
3621 4341 3878 4411 τεχνικῆς

609 4445 836 4516 pellant.
868 4446 982 4511 Qua
1016 4446 1069 4498 in
1092 4461 1150 4500 re
1181 4446 1275 4500 SS.
1312 4418 1571 4500 Patribus
1601 4445 1979 4511 consentiunt,
2010 4418 2189 4514 utpote

2302 4446 2554 4510 παιδείας
2585 4447 2678 4497 καὶ
2711 4445 3048 4512 ἐπιστήμης,
3091 4441 3247 4507 κοινῇ
3295 4439 3402 4498 τοῖς
3435 4436 3572 4487 πᾶσι
3610 4431 3752 4502 πρὸς
3792 4429 3880 4482 τοῦ

607 4554 733 4594 cum
771 4554 1056 4595 sermones
1115 4539 1191 4592 illi
1255 4553 1384 4592 suos
1448 4537 1849 4594 coniormarint
1899 4537 1972 4613 ad
2034 4553 2197 4594 unam

610 4629 978 4698 eamdemque
1009 4629 1272 4698 regulam,
1307 4627 1612 4682 artiﬁcialis
1647 4626 1913 4690 doctrina:
1948 4637 2000 4681 ct
2024 4628 2202 4682 scien-

613 4723 724 4790 tia,
767 4739 932 4792 quam
986 4723 1130 4775 Deus
1163 4719 1536 4774 communiter
1569 4718 1851 4784 omnibus,
1884 4719 2200 4794 quicunque

615 4815 801 4884 lingua
825 4814 1018 4870 eadem
1048 4821 1299 4882 utuntur,
1332 4811 1545 4866 tribuit.

691 4907 754 4962 il.
788 4907 868 4960 lili
903 4916 1083 4961 autem
1109 4921 1137 4959 a
1171 4922 1256 4959 me
1295 4921 1400 4958 non
1433 4903 1762 4960 recedebant
1786 4944 1800 4966 .
1850 4902 1944 4958 scd
2000 4914 2196 4973 postu-

617 5001 831 5068 labant,
873 5009 929 5052 ut
961 4998 1096 5068 ipsis
1145 4997 1216 5052 ob
1260 4997 1464 5061 'oculos
1512 5012 1772 5062 ponerem
1819 4997 2130 5050 testimonia
2166 5011 2197 5050 e

624 5077 728 5148 $8:
764 5091 986 5146 Patrum
1014 5090 1168 5144 libris
1201 5088 1562 5165 deprompta,
1592 5103 1714 5156 quae
1745 5087 2197 5163 phil030phorum

622 5184 841 5261 placitis
914 5197 1158 5239 consona
1216 5196 1340 5241 esse
1397 5181 1736 5247 viderentur.
1809 5180 2025 5265 Etenim
2099 5195 2200 5233 nc-

617 5296 766 5363 qne/
806 5275 906 5335 SS.
965 5277 1189 5358 Patrum
1265 5289 1446 5344 neque
1508 5273 1793 5360 gentilium
1846 5273 2202 5344 philosoriho-

2300 4539 2436 4594 Θεοῦ
2471 4536 2892 4610 βραϐευθείσης,
2943 4531 3133 4588 ὁπόσοι
3163 4530 3431 4599 διαλέκτῳ
3481 4526 3790 4595 κέχρηνται
3818 4525 3879 4590 τῇ

2300 4635 2464 4704 αὐτῇ.

2380 4892 2454 4949 B'.
2489 4893 2554 4947 Οἱ
2601 4891 2645 4944 δ’
2677 4891 2777 4945 οὐκ
2809 4885 3107 4958 ἀφίσταντό
3140 4901 3266 4953 μου,
3297 4882 3395 4950 τὴν
3429 4878 3757 4948 συμφωνίαν
3780 4876 3881 4926 κάκ

2311 4972 2421 5042 τῶν
2479 4985 2645 5055 ἱερῶν
2689 4978 3056 5040 ἀπαιτοῦντες
3116 4978 3304 5044 ὄψεσιν
3337 4974 3531 5033 αὐταῖς
3563 4969 3883 5036 ἁναλαμόάο

2308 5100 2424 5136 νειν
2476 5078 2717 5151 βιϐλίων.
2769 5076 2842 5127 Οὐ
2908 5074 3019 5142 γὰρ
3076 5070 3327 5138 ἐνέτυχον
3381 5063 3593 5132 οὐδαμῆ
3649 5079 3736 5113 πω
3769 5059 3882 5111 οὗθ’

2310 5179 2505 5244 ἱεραῖς,
2537 5172 2661 5226 οὔτε
2709 5173 2820 5224 τισὶ
2870 5168 2979 5220 τῶν
3019 5165 3251 5226 θύραθεν
3307 5162 3438 5230 περὶ
3485 5161 3626 5212 ὃτων
3679 5158 3882 5226 δήποτε

2310 5271 2510 5340 βίϐλων
2541 5264 2996 5336 φιλοπονώτερον,
3026 5259 3096 5312 ἵν’
3134 5257 3220 5324 εἴη
3254 5256 3348 5310 καὶ
3382 5255 3535 5323 ἡμῖν,
3569 5251 3710 5321 πρὸς
3753 5248 3884 5300 εἰδό-

1978 5392 2310 5453 V'ariorum
2347 5399 2530 5452 notae.

701 5505 814 5575 (Ti)
849 5501 1099 5565 Proclus,
1125 5497 1364 5553 Institut.
1409 5495 1682 5565 theologic.
1720 5493 1817 5549 lib.
1854 5509 1950 5556 vn.
2001 5510 2122 5567 cap.
2149 5493 2202 5550 5.

656 5591 965 5628 ,ιρρεηοκπ.

624 5576 1157 5716 (Λῖξξῗὲἓῗειιῃιίυιῃ
1192 5638 1482 5716 lectionem
1521 5636 1905 5716 marginalctn,
1941 5637 2005 5716 Et
2028 5635 2082 5688 δὲ
2123 5634 2204 5716 γί-

637 5709 808 5781 νεται,
841 5717 905 5767 ὲκ
929 5713 1021 5766 τοῦ
1053 5711 1278 5784 μηδενὸς
1320 5710 1550 5777 γίνεται,
1587 5709 1744 5762 τοῦτὸ
1787 5709 1953 5770 ἐστιν,
1993 5709 2055 5759 ὲκ
2105 5709 2202 5775 τῆς

2319 5493 2627 5562 στερήσεως
2683 5486 2948 5562 πρότερον
3004 5484 3062 5535 τὸ
3123 5481 3199 5543 ἓν,
3233 5479 3305 5559 ita
3336 5483 3514 5557 vertes

2307 5542 2794 5631 ﬁuntsicx'null'o,
2857 5542 2910 5607 id
2964 5563 3036 5606 est
3084 5542 3492 5632 erppriralionc
3545 5542 3698 5632 ﬁant
3741 5542 3888 5632 prius

2527 5611 2793 5697 quatenus
2820 5642 2980 5679 unum
3015 5623 3140 5692 quid
3170 5611 3294 5689 ipsis
3329 5632 3502 5670 recers
3540 5611 3724 5665 inerit.
3746 5611 3887 5664 (ΣΑΡο

2308 5719 2532 5759 ΡΕΒΗΝΝ.
