4088 6212
700 329 774 402 [Α.
815 344 862 384 c.
912 329 1071 402 iam]

307 333 436 401 1381

1249 334 1688 420 sz-ANTI-m
1702 288 1877 396 ‘ntst

1982 335 2112 396 ΠΑΞ
2151 332 2294 399 LIB.
2331 339 2558 400 XXIII.
2645 334 2777 406 [HIP-
2821 353 2861 390 ³·
2907 353 3196 397 CHTACCZ-
3240 339 3295 412 5]
3412 343 3548 404 1382

297 450 526 522 κλησίας
569 448 1001 519 εὐνομουμένης.
1051 450 1243 519 Ὅμως
1275 467 1336 503 τε
1385 451 1510 520 περὶ
1559 422 1868 520 βουλήσεως

1982 448 2171 518 1ngenii
2216 451 2669 519 concinnitatem,
2709 469 2888 525 neque
2923 458 3195 512 tantillum
3229 459 3378 513 abest
3417 460 3549 528 quin

298 541 696 610 καὶδυνάμεως
732 538 828 592 καὶ
860 539 1008 609 ζωῆς
1053 540 1148 592 καὶ
1181 539 1373 609 σοφίας
1405 543 1500 595 καὶ
1548 541 1656 593 τῶν
1698 538 1876 592 τοιού.

296 652 405 688 των
437 632 526 686 ἐπ’
561 631 794 693 ἐκείνοις
829 630 929 700 μὲν
959 629 1290 699 παμπληθὲς
1320 629 1623 701 διεξῆλθον*
1657 629 1788 699 ὑμῖν
1828 613 1876 680 δ’

295 725 555 781 ἐνταυθοῖ
572 722 910 794 προτιθέναι,
946 721 1202 790 φορτικὸν
1236 721 1358 791 ἐμοί
1396 737 1460 789 γε
1491 720 1741 790 φαίνεται
1783 718 1878 772 καὶ

295 815 406 868 οὐδ’
438 813 614 875 ἄλλως
645 813 964 875 ἀναγκαῖον.
993 802 1103 880 Τὴν
1149 810 1258 879 γὰρ
1294 811 1351 860 ὲν
1388 809 1600 872 τούτοις
1630 810 1877 878 ἀνάγκην

297 906 392 958 καὶ
443 903 652 974 καιρῶν
690 901 896 956 δεῖσθαι
943 901 1216 970 πολεμίων
1259 901 1498 970 ἀνάγκη,
1545 901 1633 955 ὅτε
1673 899 1739 971 δή
1776 917 1878 970 μα-

296 997 460 1064 χίμου
538 992 748 1063 (φάναι)
801 991 1007 1054 κόνεως
1063 988 1564 1061 ἀναρριπιζομένης
1611 991 1668 1042 ιν
1723 990 1876 1059 μέσῳ

299 1083 449 1152 μάλα
485 1081 730 1152 σφοδρῶς
772 1079 1210 1149 ἀναφλεγόμενον
1246 1081 1306 1132 τὸ
1336 1079 1537 1150 θερμὸν
1563 1080 1662 1150 τῆς
1695 1078 1875 1148 ψυχῆς

296 1176 597 1228 ἀκάθεκτον
647 1173 758 1244 ἔχει
797 1172 895 1244 τὴν
930 1172 1142 1226 οἴκοθεν
1191 1172 1390 1242 ὁρμὴν,
1420 1173 1515 1226 ἐπὶ
1544 1171 1710 1243 ξυροῦ
1764 1173 1875 1226 τῶν

295 1266 567 1318 κινδύνων
620 1265 1048 1336 αἰωρουμένων
1089 1263 1191 1334 τῆς
1229 1264 1276 1316 δ’
1304 1264 1488 1334 ἀκμῆς
1516 1265 1732 1333 ἐκείνης
1771 1281 1871 1318 πα-

297 1355 616 1424 ρελθούσης,
636 1356 729 1408 καὶ
765 1355 859 1410 τοῦ
887 1355 1135 1426 μαχίμου
1163 1353 1413 1426 θώρακος
1441 1355 1663 1410 καὶτῶν
1692 1356 1875 1410 ὃπλων

295 1450 521 1503 ἐκείνων
551 1448 840 1518 ῥιφέντων,
893 1448 948 1510 ἐς
998 1447 1306 1499 τούναντίον
1335 1449 1503 1517 χωρεῖ
1545 1449 1640 1503 καὶ
1667 1449 1736 1502 τὰ
1773 1448 1874 1513 τῆς

297 1541 556 1610 σπουδῆς,
596 1540 1002 1609 μαραινομένου
1045 1539 1137 1591 τοῦ
1191 1538 1618 1607 ὑπεκκαύματος
1648 1539 1873 1608 καὶτῆς

295 1634 552 1704 ἀφορμῆς
608 1633 703 1686 τοῦ
760 1633 996 1702 πολέμου
1047 1629 1192 1686 κατὰ
1241 1632 1439 1702 μικρὸν
1493 1634 1762 1703 ἀπιούσης
1813 1635 1874 1697 ἐς

292 1725 488 1795 λήθην,
531 1725 669 1798 μετᾴ
716 1742 780 1793 γε
833 1725 933 1794 τῆς
990 1725 1097 1778 τῶν
1152 1727 1335 1782 ὃπλων
1389 1725 1734 1796 ἀπαλλαγῆς.
1779 1727 1873 1780 Διὸ

294 1823 388 1871 καὶ
445 1821 576 1888 ἡμῖν
624 1817 1096 1891 ἐρῤᾳθυμημένως
1148 1837 1261 1880 πως
1293 1820 1393 1890 ἤδη
1434 1822 1500 1890 τῇ
1547 1821 1684 1890 πρὶς
1727 1820 1872 1889 ὑμᾶς

292 1917 545 1984 διηγήσει
586 1913 724 1983 μετά
757 1913 858 1982 τὴν
885 1912 1054 1983 ζάλην
1083 1913 1301 1982 ἐκείνην
1331 1913 1633 1984 χρωμένοις
1669 1915 1869 1967 ἐνεῖναι

293 2009 624 2080 συγγνώμην
655 2008 812 2065 οὐδὲν
864 2007 1114 2068 ἀπεικός·
1158 2007 1359 2072 ἐξεῖναι
1414 2009 1554 2076 γὰρ,
1602 2008 1712 2060 κάκ
1760 2007 1870 2059 τῶν

291 2103 624 2172 έίρημένων,
649 2102 889 2154 συνεῖναι
926 2100 1072 2170 ὑμᾶς
1102 2097 1204 2169 τὴν
1229 2097 1340 2150 τῶν
1372 2097 1552 2166 σοφῶν
1589 2097 1870 2168 ἑκατέρων

293 2193 637 2262 συμφωνίαν,
679 2193 789 2245 τῶν
820 2209 882 2245 τε
913 2190 1198 2261 ἡμετέρων
1257 2190 1458 2261 δηλαδὴ
1504 2192 1600 2246 καὶ
1627 2190 1738 2244 τῶν
1778 2190 1872 2242 θύ-

296 2286 481 2355 ραθεν,
521 2285 671 2345 ὅπως
726 2285 902 2339 ταυτὰ
953 2283 1050 2336 καὶ
1115 2282 1378 2352 φρονοῦσι
1407 2283 1503 2336 καὶ
1537 2281 1869 2350 φθέγγονται

292 2379 422 2446 περὶ
477 2375 590 2445 τῆς
633 2374 784 2437 θείας
837 2373 1165 2442 ἁπλότητος,
1201 2367 1342 2426 εἶναι
1382 2371 1739 2442 παγχάλεπον
1775 2373 1870 2426 καὶ

294 2465 504 2535 σφόδρα
537 2464 644 2516 τῶν
673 2463 987 2527 ἀδυνάτων,
1034 2460 1284 2515 σύνθεσιν
1341 2462 1545 2514 ἐννοεῖν
1597 2460 1629 2529 ἢ
1677 2461 1868 2528 διαφο·

295 2559 420 2628 ράν,
456 2555 597 2627 πλὴν
629 2553 912 2625 ὀνομάτων
953 2553 1113 2624 μόνον
1140 2591 1155 2616 ,
1185 2552 1376 2615 οὐσίας
1423 2568 1484 2604 τε
1526 2554 1621 2606 καὶ
1675 2551 1870 2622 βουλή-

291 2667 432 2712 σεως
463 2651 558 2702 καὶ
590 2648 871 2718 δυνάμεως
900 2646 998 2700 καὶ
1031 2645 1175 2714 ζωῆς
1197 2645 1294 2698 καὶ⁹
1315 2644 1527 2715 σοφίας,
1558 2646 1654 2698 καὶ
1681 2644 1869 2708 ἁπλῶς

292 2741 576 2808 ἐνεργείας
624 2725 864 2808 ἀπάσης.
901 2737 1115 2806 Ὥσπερ
1159 2738 1268 2806 γάρ
1315 2736 1517 2805 ἐπίσης
1567 2737 1782 2790 δίδωσιν
1839 2737 1869 2788 ὁ

291 2833 427 2896 Θεὸς
451 2830 698 2885 εὐσεϐέσι
725 2831 818 2884 καλ⁵
843 2828 1118 2893 ἀσεϐέσιν,
1153 2828 1383 2894 Ἕλλησί
1430 2841 1491 2881 τε
1532 2830 1626 2883 καὶ
1658 2827 1869 2898 βαρϐά-

295 2943 447 2996 ροις,
479 2925 577 2977 καὶ
610 2921 922 2992 συλλήϐδην
955 2922 1124 2975 πᾶσιν
1164 2919 1376 2974 ἔθνεσιν
1402 2923 1603 2989 εἰπεῖν,
1639 2922 1869 2992 οὐρανὸν

294 3020 390 3070 καὶ
420 3018 549 3085 γῆν,
579 3016 720 3086 ἀέρα
765 3031 826 3068 τε
869 3014 964 3068 καὶ
993 3013 1169 3078 ὑετόν,
1201 3014 1352 3084 ἥλιόν
1385 3031 1446 3066 τε
1476 3015 1570 3068 καὶ
1609 3014 1863 3087 σελήνην,

293 3111 391 3161 καὶ
441 3109 750 3176 τάναγκαῖα
793 3107 997 3161 πάντα’
1032 3105 1176 3160 οὕτω
1231 3107 1326 3160 καὶ
1363 3108 1491 3170 τοὺς
1543 3105 1652 3160 τῶν
1696 3109 1867 3177 ἀναγ-

293 3199 468 3252 καίων
520 3198 730 3268 τεχνῶν
791 3196 1022 3259 κανόνας
1069 3195 1270 3265 ἐπίσης
1329 3196 1628 3267 παρέχεται
1681 3199 1874 3263 πᾶσιν,

290 3291 587 3361 ὁμοφύλοις
623 3293 718 3344 καὶ
745 3289 1086 3358 ἀλλοφύλοις.
1131 3289 1206 3342 Οὐ
1237 3287 1344 3359 γὰρ
1393 3289 1528 3359 ἄλλη
1583 3291 1682 3360 μὲν
1723 3292 1758 3360 ή
1791 3306 1878 3344 τεσ-

292 3385 522 3455 κτονική
566 3382 700 3453 παρ’
750 3381 980 3452 Ἕλλησι
1037 3381 1293 3452 στάθμη,
1345 3382 1498 3450 παρά
1555 3381 1789 3445 Σκύθαις
1829 3383 1876 3437 δ’

291 3476 431 3546 ἄλλη
455 3491 470 3508 ο
505 3477 600 3529 καὶ
627 3473 830 3546 Μήδοις
863 3475 957 3528 καὶ
986 3473 1226 3543 Πέρσαις
1255 3474 1478 3543 ὁμοίως.
1507 3475 1584 3527 Οὐ
1623 3472 1729 3545 μὴν
1754 3473 1877 3527 οὐδὲ

290 3571 389 3622 τοῦ
423 3571 692 3640 γεωργεῖν
747 3568 846 3620 καὶ
891 3567 1236 3636 κυνηγετεῖν,
1288 3567 1382 3619 καὶ
1435 3565 1546 3620 τῶν
1596 3564 1878 3630 τοιούτων,

292 3662 549 3732 διαφορά.
587 3661 748 3714 Ἀλλά
786 3661 887 3729 τῆς
935 3658 1230 3730 θρησκείας
1261 3658 1644 3728 διαφερούσης,
1683 3659 1753 3713 τὰ
1781 3659 1881 3730 τῆς

293 3758 495 3826 τέχνης
543 3754 655 3824 ἔχει
697 3754 1017 3822 συνάφειαν.
1058 3752 1216 3806 οὕτω
1245 3751 1303 3805 δὲ
1350 3754 1488 3807 κάπὶ
1533 3751 1636 3821 τῆς
1661 3750 1880 3823 λεξικῆς

294 3849 608 3917 ἐπιστήμης
629 3846 778 3898 ἔστιν
794 3844 1112 3915 όρᾷνοὌσοι
1139 3842 1240 3913 μὲν
1267 3845 1376 3912 γὰρ
1397 3845 1463 3914 τῇ
1483 3843 1620 3912 αὐτῇ
1651 3841 1884 3913 κέχρην-

295 3958 391 3994 ται
432 3939 724 4007 διαλέκτῳ,
745 3940 810 4007 τῇ
839 3937 947 3989 τῶν
977 3935 1211 4006 πρώτων
1252 3936 1730 4006 εὐδοκιμησάντων
1755 3939 1884 4006 ὁμο-

294 4037 471 4105 γενῶν
507 4034 786 4104 ἐπιστήμῃ
813 4031 895 4105 [Ρ.
934 4030 1064 4102 690}
1098 4033 1194 4085 καὶ
1225 4030 1389 4102 τέχνῃ
1420 4029 1644 4093 τούτους
1680 4030 1885 4100 κεχρῆ-

297 4131 428 4184 σθαι
465 4127 671 4199 χρεὼν,
705 4125 959 4187 Φοίνικας
993 4123 1141 4193 λέγω
1165 4123 1265 4177 καὶ
1296 4123 1516 4191 Πέρσας
1548 4121 1646 4173 καὶ
1680 4120 1883 4173 ’Δσσυ-

298 4225 476 4294 ρίους.
510 4221 619 4275 Καὶ
653 4220 742 4274 ἴνα
773 4218 902 4282 τοὺς
919 4216 1117 4280 ἄλλους
1154 4215 1540 4285 παρέλθωμεν,
1569 4213 1664 4267 καὶ
1697 4213 1887 4267 ὁπόσοι

294 4315 364 4382 τῇ
408 4309 621 4364 Ἐλλάδι
653 4309 955 4379 κέχρηνται
994 4304 1244 4377 γλώσσῃ,
1289 4303 1507 4374 ἀνάγκη
1549 4305 1646 4357 καλ⁵
1674 4303 1888 4367 τούτοις

295 4407 366 4474 τῇ
427 4403 540 4455 τῶν
593 4399 857 4470 ἀρχηγῶν
915 4399 1019 4467 τῆς
1067 4396 1340 4467 εὑρέσεως
1383 4395 1622 4467 χρῆσθαι
1679 4394 1889 4466 μεθόδῳ

1979 541 2193 608 addam,
2225 557 2445 598 omnem
2499 545 2757 615 pietatem
2808 561 2971 618 atque
2999 549 3255 605 Ecclesia:
3288 551 3424 606 bene
3465 567 3554 605 or-

1978 630 2176 687 dinatae
2219 648 2480 691 canones.
2532 636 2737 692 Tame‘h
2807 640 2874 693 de
2927 641 3228 706 voluntate,
3289 643 3554 712 potentia,

1976 720 2110 781 vita,
2156 723 2447 792 sapientia,
2493 731 2549 780 et
2597 725 2721 781 aliis
2770 726 3111 796 huiusmodi,
3149 737 3375 800 propter
3432 731 3557 786 illos

1978 811 2298 880 plenissime
2331 814 2595 870 disserui.
2626 815 2790 887 Quae:
2817 818 2971 874 vobis
3019 819 3110 874 hic
3135 835 3464 890 proponere,
3499 833 3560 876 nt

1975 917 2141 972 grave
2187 917 2251 958 ac
2302 906 2596 962 molestum
2641 907 2857 963 videtur
2902 907 3058 976 mihi,
3083 909 3156 964 ita
3201 926 3302 966 nec
3332 913 3557 967 aliunde

1977 998 2378 1054 necessarium.
2401 999 2537 1054 Nam
2568 1011 2690 1071 quae
2727 1001 2782 1056 in
2826 1002 2914 1058 his
2957 1005 3201 1059 occurrit
3235 1005 3553 1066 necessitas,

1978 1086 2205 1144 hostiles
2234 1101 2289 1147 et
2324 1093 2550 1148 bellicas
2572 1095 2887 1151 occasiones
2934 1097 3248 1150 necessario
3278 1097 3511 1166 postula:
3536 1113 3551 1162 ;

1976 1195 2100 1235 cum
2136 1179 2349 1238 scilicet
2383 1184 2613 1240 bellicus
2644 1187 2824 1256 pulvis
2849 1188 2931 1259 (ut
2963 1187 3037 1243 ita
3060 1188 3261 1259 dicam)
3289 1189 3343 1243 in
3377 1191 3558 1244 medio

1977 1271 2154 1339 palam
2210 1273 2503 1339 excitatur,
2558 1285 2613 1329 et
2672 1275 3112 1332 ferventissimus
3149 1289 3317 1332 trstus
3363 1278 3558 1333 anima:

1977 1362 2306 1419 indomitum
2356 1366 2693 1422 intrinsecus
2761 1368 2929 1423 habet
2964 1373 3226 1439 impetum
3250 1411 3264 1433 ,
3297 1386 3364 1424 eo
3410 1371 3555 1439 quod

1979 1466 2069 1505 res
2101 1453 2172 1506 sit
2205 1455 2256 1508 in
2291 1470 2567 1510 summum
2599 1467 2764 1526 atque
2809 1459 3107 1513 imminens
3129 1461 3426 1514 discrimen
3459 1439 3560 1513 ιίιι-

1975 1540 2159 1596 ducta.
2202 1542 2307 1598 Ubi
2339 1559 2470 1600 vero
2518 1548 2701 1600 acrior
2746 1547 2836 1603 ille
2870 1548 3246 1603 contentionis
3272 1559 3437 1604 aestus
3468 1551 3563 1603 de-

1975 1635 2200 1698 ferbuit,
2254 1646 2307 1690 et
2352 1637 2604 1693 militaris
2651 1639 2824 1694 lorica
2897 1642 3063 1694 simul
3097 1657 3220 1696 cum
3256 1643 3424 1695 armis
3454 1641 3561 1695 illis

1976 1729 2214 1799 projecta
2240 1739 2346 1794 est,
2385 1738 2520 1785 tunc
2544 1732 2710 1786 etiam
2754 1733 3052 1788 vehemens
3079 1750 3271 1805 pugna’
3305 1735 3552 1788 studium

1978 1819 2030 1872 in
2055 1821 2394 1874 contrarium
2439 1822 2654 1892 vergit,
2684 1838 2752 1878 eo
2797 1825 2946 1894 quod
2992 1827 3170 1894 ipsius
3222 1827 3555 1881 exstinctum

1977 1912 2055 1967 sit
2085 1914 2509 1981 suscitabulum,
2529 1925 2587 1971 el.
2618 1915 2855 1972 bellicus
2895 1918 3133 1987 impetus
3165 1919 3349 1972 statim
3391 1927 3558 1987 atque

1977 2019 2128 2060 arma
2167 2007 2409 2077 projecta
2440 2017 2588 2073 sunt,
2611 2009 2870 2078 paulatim
2903 2011 2958 2065 in
2981 2012 3313 2066 oblivionem
3340 2013 3560 2068 abierit.

1977 2099 2164 2168 Itaque
2199 2113 2308 2154 non
2343 2098 2622 2156 immerito
2656 2101 2858 2158 dabitis
2898 2102 3040 2158 hanc
3069 2105 3321 2170 Veniam,
3348 2105 3392 2159 si
3420 2105 3561 2160 forte

1977 2198 2100 2258 post
2125 2190 2274 2246 illam
2301 2199 2679 2261 tempestatem
2712 2204 2996 2264 utcunque
3029 2194 3334 2249 remissiori
3366 2196 3553 2249 animo

1976 2280 2032 2334 in
2058 2281 2174 2336 haec
2207 2283 2366 2336 vobis
2403 2283 2710 2338 enarranda
2769 2285 3108 2342 incumbam.
3140 2287 3387 2356 Namque
3417 2303 3553 2340 una-

1976 2370 2180 2425 nimem
2199 2372 2528 2442 sapientium
2552 2383 2664 2428 tum
2681 2374 3120 2432 Christianorum
3137 2387 3249 2432 tum
3269 2379 3556 2448 gentilium

1974 2464 2304 2518 sententiam
2335 2465 2421 2520 vel
2447 2466 2614 2520 etiam
2641 2481 2710 2520 ex
2732 2467 2896 2522 dictis
2931 2469 3188 2538 poteritis
3214 2469 3518 2540 intelligere
3545 2491 3558 2533 ;

1974 2572 2082 2626 qua
2111 2571 2310 2627 nempe
2333 2559 2552 2613 ratione
2582 2559 2650 2614 de
2670 2559 2854 2615 divina
2884 2561 3234 2632 simplicitate
3258 2563 3447 2618 eadem
3473 2580 3560 2618 sa-

1975 2648 2130 2717 piant
2149 2657 2206 2703 et
2228 2651 2605 2718 pronuntient,
2625 2666 2746 2706 esse
2765 2666 3030 2721 perquam
3055 2653 3294 2719 difﬁcile,
3313 2653 3426 2708 imo
3449 2671 3563 2709 ma-

1976 2739 2119 2795 xime
2137 2740 2568 2810 impossibile,ut
2584 2743 2707 2812 quis
2723 2744 3177 2814 compositionem
3197 2757 3288 2802 aut
3309 2749 3565 2803 ditl‘eren-

1978 2831 2129 2897 tiam,
2160 2841 2523 2902 praeterquam
2557 2834 2839 2889 nominum
2864 2834 3155 2901 duntaxat,
3176 2837 3319 2892 inter
3350 2839 3566 2909 1099

1975 2925 2372 2990 substantiam,
2400 2935 2457 2980 et
2489 2928 2853 2994 voluntatem,
2886 2930 3211 2998 potentiam,
3255 2931 3442 2996 vitam,
3473 2948 3564 2988 sa-

1975 3015 2239 3085 pientiam
2285 3025 2374 3080 et,
2443 3025 2502 3071 ut
2536 3020 2848 3072 summatim
2878 3017 3077 3083 dicam,
3113 3035 3332 3076 omnem
3363 3038 3564 3092 opera.-

1983 3107 2209 3170 tionem,
2243 3109 2533 3179 excogitet.
2563 3108 3056 3176 Quemadmodum
3090 3113 3235 3167 enim
3272 3115 3379 3184 piis
3409 3132 3564 3185 aequo

1980 3215 2046 3254 ac
2097 3199 2304 3269 impiis,
2341 3199 2551 3256 Cra-cis
2597 3211 2652 3256 et
2715 3200 2990 3266 Barbaris,
3038 3212 3094 3257 ct
3129 3207 3212 3272 (ut
3255 3221 3362 3258 nno
3393 3207 3565 3260 verbo

1979 3293 2321 3363 complectar
2347 3292 2554 3363 omnia)
2588 3293 2842 3363 gentibus
2877 3295 3155 3359 omnibus,
3201 3298 3426 3363 caelum,
3459 3307 3569 3352 ter-

1979 3398 2120 3448 ram,
2150 3398 2302 3446 aera,
2360 3383 2618 3448 imbrem,
2666 3384 2859 3448 solem,
2911 3386 3124 3451 lunatn,
3171 3395 3226 3440 et
3259 3390 3442 3442 omnia
3473 3405 3569 3444 ne-

1979 3475 2242 3539 cessaria,
2275 3473 2420 3528 Dens
2473 3473 2705 3540 tribuit;
2749 3477 2829 3530 sic
2854 3486 2909 3530 et
2939 3477 3374 3532 necessariarum
3408 3495 3568 3549 regu-

1980 3566 2064 3621 las
2089 3565 2596 3636 artiunyindigenis
2625 3575 2681 3621 et
2710 3566 3033 3637 alienigenis
3067 3569 3352 3637 mqualiter
3385 3572 3566 3625 omni-

1981 3662 2088 3717 bus
2114 3662 2355 3717 exhibet.
2386 3661 2524 3715 Nam
2581 3676 2762 3730 neque
2816 3659 3029 3716 fabrilis
3080 3677 3270 3716 norma
3301 3670 3355 3716 et
3385 3663 3565 3718 libella

1982 3753 2088 3808 alia
2119 3761 2202 3808 est
2225 3753 2376 3822 apud
2401 3751 2641 3817 Graecos,
2666 3761 2723 3806 et
2775 3751 2881 3806 alia
2916 3753 3060 3822 apud
3085 3752 3354 3824 Scythas;
3389 3769 3570 3824 neque

1985 3845 2128 3915 apud
2159 3843 2348 3898 Medos
2396 3844 2524 3907 alia.
2553 3852 2609 3899 et
2633 3843 2738 3897 alia
2772 3844 2905 3899 item
2939 3844 3082 3914 apud
3125 3845 3356 3911 Persas;
3389 3861 3572 3914 neque

1986 3937 2335 4008 agricultura:
2369 3947 2464 3991 aut
2496 3936 2824 3997 venationis.
2853 3949 2909 3990 et
2959 3936 3192 3991 aliorum
3229 3937 3570 4008 hnjusmodi,

1987 4032 2096 4086 ulla
2133 4040 2218 4086 est
2240 4031 2382 4101 apud
2434 4031 2534 4086 hos
2561 4045 2754 4085 omnes
2785 4030 3096 4086 differentia
3132 4049 3148 4086 :
3184 4031 3277 4086 sed
3317 4047 3442 4086 cum
3485 4031 3574 4085 di-

1987 4138 2142 4178 versa
2180 4124 2420 4178 sentiant
2464 4121 2532 4177 de
2561 4121 2846 4193 religione,
2881 4122 2937 4177 in
2970 4123 3180 4178 artibus
3207 4124 3572 4178 conveniunt.

1988 4215 2138 4271 idem
2163 4213 2352 4268 videas
2400 4213 2457 4267 in
2507 4228 2574 4268 ea
2595 4213 2848 4278 scientia,
2881 4229 3002 4284 quae
3036 4215 3184 4270 circa
3214 4216 3478 4270 vocabula
3513 4227 3572 4271 et

1990 4302 2262 4358 dictiones
2326 4311 2600 4358 versatur.
2658 4301 2726 4356 Et
2777 4317 2909 4357 vero
2973 4303 3289 4374 quicunque
3335 4303 3578 4360 dialecto

1991 4395 2184 4450 eadem
2244 4400 2492 4458 utuntur,
2549 4393 2588 4448 ii
2616 4393 2918 4464 primorum
2951 4410 2982 4450 e
3013 4411 3111 4449 sua
3147 4406 3307 4466 gente
3352 4409 3408 4451 et
3439 4413 3580 4465 pne-

297 4495 400 4548 καὶ
432 4494 622 4564 τέχνῃ,
655 4491 910 4560 καθάπερ
965 4488 1184 4558 στάθμη
1229 4485 1363 4552 τινὶ,
1420 4488 1470 4540 εί
1523 4485 1598 4557 μὴ
1645 4486 1877 4556 βούλοιτί

1994 4487 2259 4540 stantium
2282 4487 2565 4540 vernaculi
2603 4486 2880 4542 sermonis
2936 4497 3226 4542 auctorum
3260 4489 3491 4543 scicntia
3521 4499 3580 4544 et

297 4605 385 4649 τις
439 4587 610 4639 πλείω
654 4581 979 4646 σολοικίζειν
1039 4581 1071 4653 ἢ
1130 4579 1490 4648 φθέγγεσθαι.
1552 4580 1617 4631 Ὃ
1667 4577 1732 4649 δὴ
1789 4581 1886 4633 καὶ

311 4680 592 4750 Ἰουλιανῴ
641 4678 719 4749 τῷ
767 4677 1022 4732 δυσσεϐεῖ
1050 4676 1258 4745 ληφθὲν
1317 4676 1408 4728 ἐπὶ
1464 4673 1590 4728 νοῦν
1635 4673 1884 4743 ἐμποδὼν

296 4777 415 4837 τοῖς
475 4773 762 4827 εὐσεϐοῦσι
803 4775 998 4843 στῆναι
1059 4771 1346 4833 πέπεικεν,
1385 4768 1715 4838 Ἑλληνικοῖς
1751 4768 1884 4838 ῥυθ-

304 4867 564 4932 μίζεσθαι
609 4867 791 4934 λόγοις
826 4866 926 4936 τὴν
963 4863 1236 4932 γλῶτταν.
1291 4863 1470 4915 Μόνον
1502 4863 1606 4932 τῆς
1652 4861 1887 4930 ἐκλογῆς

301 4959 477 5027 ὑγιῶς
527 4957 818 5012 ἀνθεκτέον
849 4953 1088 5018 ἐκεῖθεν,
1125 4955 1221 5008 καὶ
1252 4951 1396 5007 κατά
1431 4952 1532 5024 τὴν
1563 4953 1786 5024 ὲμμελῆ-
1821 4967 1881 5005 τε

299 5056 396 5105 καὶ
428 5051 748 5122 ἐναρμόνιον
808 5049 919 5101 τῶν
979 5047 1155 5116 ἁγίων
1196 5046 1360 5117 ἡμῶν
1420 5046 1763 5116 συμφωνίαν.
1807 5045 1886 5098 Ἦ

301 5146 415 5212 γὰρ
447 5142 551 5196 ούκ
581 5143 647 5196 ἂν
674 5141 872 5211 φθάνοι
900 5141 1187 5211 ταράττων
1207 5140 1277 5191 τὰ
1294 5141 1500 5209 πάτρια
1530 5137 1630 5207 τῆς
1652 5139 1886 5208 Ἐκκλη-

304 5236 430 5296 σίας
484 5233 607 5303 ίερά
649 5231 1030 5302 δόγματα,·δι⁹
1065 5231 1315 5301 ἀμαθίαν
1347 5229 1379 5300 ἢ
1420 5230 1730 5300 μοχθηρίαν
1761 5229 1888 5283 ἀτό-

302 5345 412 5380 που
453 5327 684 5397 γνώμης
738 5327 834 5378 καὶ
879 5325 1278 5395 προαιρέσεως,
1309 5323 1496 5388 κακῶς
1527 5323 1886 5393 ἐκλαμϐάνων

303 5421 403 5471 καλ⁵
455 5419 798 5487 διαστρέφων
857 5419 952 5470 τὸν
988 5416 1313 5485 ἐγκείμενον
1347 5418 1470 5478 ταῖς
1493 5415 1693 5481 λέξεσι
1735 5415 1885 5480 νοῦν,

301 5509 512 5578 ὁμοίως
565 5510 643 5580 τῷ
698 5509 776 5580 σῷ
839 5510 1076 5579 ιιαλαμᾷ
1133 5507 1229 5563 καὶ
1276 5508 1428 5578 ύμῖν,
1469 5508 1663 5578 ἐκείνῳ
1711 5507 1887 5561 ταύτὰ

304 5603 704 5672 φθεγγομένοις
743 5602 946 5672 ἀρτίως
975 5601 1044 5653 τά
1078 5617 1137 5652 τε
1179 5599 1318 5654 ἄλλα
1359 5599 1453 5652 καὶ
1495 5601 1647 5668 τρεῖς
1689 5597 1883 5668 ὁμολο-

305 5696 464 5762 γοῦσι
505 5695 697 5760 φύσεις
746 5695 840 5747 ἐπὶ
895 5693 990 5746 τοῦ
1049 5692 1306 5761 Σωτῆρος
1360 5690 1884 5762 μεταμορφώσεως,

311 5790 444 5859 μίαν
479 5787 580 5857 μὲν
610 5789 708 5856 τῆς
741 5786 1186 5855 ἀνθρωπότητος,
1220 5785 1314 5837 δύο
1353 5785 1407 5836 δὲ
1435 5786 1557 5836 ταῖν
1591 5783 1735 5837 δυεῖν
1769 5783 1887 5835 θεο-

1995 4587 2112 4642 arte
2148 4587 2377 4633 utantur
2428 4589 2664 4649 oportet.
2701 4579 2990 4635 Plitenices
3041 4581 3305 4651 intelligo,
3362 4582 3582 4644 Persas,

1947 4670 2266 4741 ‘Assyrios.
2315 4670 2416 4735 Et,
2474 4681 2534 4724 ut
2591 4681 2821 4726 cancros
2889 4673 3172 4738 omittam,
3227 4683 3375 4727 certe
3431 4674 3580 4742 apud

1995 4781 2355 4837 quosetinque
2397 4766 2600 4822 Graaca:
2655 4769 2854 4838 lingua:
2887 4784 3017 4822 usus
3050 4777 3155 4833 est,
3189 4767 3225 4821 ii
3258 4769 3583 4822 methodum

1993 4872 2047 4916 et
2077 4870 2251 4914 artem
2283 4876 2474 4914 eorum
2504 4860 2596 4930 qui
2639 4861 2845 4930 reperti
2877 4859 3159 4914 Grrcci-smi
3193 4861 3364 4915 duces
3397 4871 3451 4916 et
3475 4877 3576 4914 au-

1993 4962 2172 5007 ctores
2224 4951 2488 5017 fuerunt,
2552 4952 2864 5007 necessario
2927 4951 3082 5021 sequi
3137 4951 3374 5017 debent,
3427 4953 3579 5007 velut

2000 5043 2262 5098 amussim
2296 5043 2621 5112 quamdam;
2655 5043 2762 5097 nisi
2807 5042 2991 5112 plures
3019 5043 3072 5096 in
3105 5042 3381 5111 loquendo
3408 5045 3577 5098 solm-

1997 5136 2202 5190 cismos
2233 5150 2395 5204 quam
2433 5149 2599 5188 voces
2644 5134 2892 5203 proferre
2925 5134 3228 5188 voluerint.
3260 5136 3417 5198 Quod
3450 5149 3581 5188 cum

1994 5227 2214 5283 Juliano
2272 5227 2442 5297 impio
2497 5235 2761 5295 apostata:
2817 5225 2873 5280 in
2904 5234 3142 5281 tuentem
3176 5227 3435 5288 venisset,
3474 5225 3584 5295 ipsi

1995 5321 2166 5376 suasit
2218 5329 2277 5374 ut
2333 5319 2440 5389 piis
2490 5317 2824 5374 Christianis
2882 5318 3194 5374 Grazcarum
3251 5319 3580 5372 litterarum

1996 5413 2195 5476 studia,
2226 5411 2429 5481 quibus
2456 5410 2697 5479 linguam
2729 5408 2806 5463 illi
2837 5424 2992 5462 suam
3024 5418 3375 5471 exornarem,
3409 5411 3586 5461 inter-

1994 5510 2222 5564 diceret.
2253 5507 2306 5561 Id
2345 5520 2516 5561 unum
2538 5505 2629 5559 hic
2658 5503 2836 5558 notari
2857 5503 3042 5567 velim,
3079 5513 3140 5556 ut
3173 5518 3367 5571 nempe
3392 5501 3585 5572 profa-I

1996 5615 2192 5654 narum
2237 5599 2543 5653 litterarum
2584 5597 2830 5651 delectus
2879 5603 3028 5650 recte
3089 5595 3378 5660 habeatur,
3421 5595 3585 5666 juxta

1995 5699 2386 5759 congruentem
2417 5699 2471 5744 et
2502 5688 2805 5760 piissimam
2838 5695 3150 5740 sanctorum
3192 5687 3411 5742 Patrum
3443 5704 3580 5742 con-

1996 5783 2236 5837 cordiam
2272 5782 2515 5852 :alioqui
2564 5781 2785 5852 jamjam
2841 5779 3218 5849 unusquisque
3267 5781 3490 5848 antiqua
3525 5793 3583 5838 et
