4088 6212
497 190 634 254 Μι9
779 185 852 258 [Α.
895 201 947 240 n.
986 184 1144 255 6859,
1181 199 1288 238 LVI).
1333 183 1388 254 41

1638 180 2053 264 NICEPHORI
2093 187 2294 247 GREG
2305 183 2474 247 0R!!!

2756 179 2893 253 {um
2937 198 2977 236 ι.
3015 195 3300 236 cumcur.
3345 179 3404 251 5]

3595 182 3734 247 1420

501 304 730 360 increati
779 309 1146 371 permanent,
1197 299 1455 368 quoniam
1505 313 1600 351 cos
1651 298 1768 367 ipse
1825 296 2062 366 Spiritus

2186 297 2342 359 τείας.
2376 314 2394 346 ι
2441 293 2696 347 ’Λκούετε
2731 293 3004 364 γραῖδίων
3043 293 3358 360 φληνάφων,
3410 293 3734 361 αὐτόχρημα

497 393 742 458 sanctus,
789 399 850 446 ut
896 391 1111 445 innatas
1149 398 1205 444 et
1255 389 1449 444 insitas
1499 391 1885 459 operationcs,
1933 388 2064 442 facit

497 494 664 554 atque
714 493 995 554 operatur.
1039 500 1057 533 ι
1100 481 1342 546 Auditis,
1391 490 1451 534 ut
1497 480 1672 535 dicam
1725 481 1884 551 plane
1917 476 2063 550 quod

499 593 590 634 res
624 585 731 641 est,
784 575 1075 646 nugacium
1121 573 1462 628 anicularum
1507 572 1893 628 deliramenta.
1926 572 2064 627 Cum

498 669 647 724 enim
689 668 872 738 ipsum
905 681 1030 722 esse
1078 663 1641 719 Pneumatomaehum
1682 663 1891 732 liquido
1935 677 2068 717 con-

499 770 626 825 stet,
655 773 720 814 ac
762 756 960 813 deinde
990 756 1149 811 istam
1177 755 1596 824 appellationem
1621 753 1863 823 eﬂ‘ugere
1896 767 2067 808 cone-

500 863 615 916 tur,
663 846 1296 906 Pneumatomachorum
1335 843 1742 914 improbitatem
1789 845 1951 914 longo
1979 859 2070 898 su-

500 951 658 1015 perat
701 940 1009 1000 intervallo,
1063 947 1118 992 et
1157 937 1421 990 mutabile
1469 936 1672 990 malum
1725 951 1782 990 se
1826 935 1976 1000 facit,
2007 945 2070 989 ut

502 1049 700 1104 nempe
735 1031 874 1089 clam
928 1030 1087 1084 nobis
1131 1028 1378 1098 ell‘ugiat,
1431 1042 1530 1080 nec
1582 1027 1700 1096 ejus
1748 1026 2070 1095 improbitas

505 1135 787 1197 arguatur.
817 1123 1020 1179 Verum
1066 1121 1456 1190 undequaque,
1487 1118 1632 1186 quod
1683 1131 1791 1170 non
1827 1115 2070 1170 animad-

503 1219 692 1280 vertit,
744 1214 848 1268 liac
902 1211 1248 1282 potissimum
1302 1210 1510 1263 ratione
1545 1216 1694 1262 certe
1729 1217 1918 1277 captus
1965 1217 2067 1262 est.

502 1308 638 1364 Nam
669 1305 1008 1362 Palamitieze
1038 1301 1404 1372 improbitatis
1436 1310 1617 1369 patres
1650 1299 2071 1354 Pneuinatoma-

503 1402 616 1464 chi,
660 1415 780 1453 cum
831 1405 1079 1450 sanctum
1130 1393 1396 1463 Spiritum
1426 1407 1545 1471 esse
1591 1390 1794 1446 factum
1827 1391 2071 1445 dicerent

505 1494 665 1557 (sicut
707 1487 906 1544 Filium
939 1486 1182 1542 divinum
1231 1485 1393 1539 Arius
1429 1483 1633 1540 factum
1665 1497 1785 1537 esse
1814 1481 2069 1552 dixerat),

500 1579 818 1636 necessaria
846 1576 1084 1646 quadam
1121 1575 1511 1630 consecutione
1541 1583 1784 1628 creatum
1829 1588 1950 1628 esse
1984 1575 2070 1643 ip-

2170 388 2358 456 φάναι,
2418 387 2732 457 ληρήματα.
2792 385 3256 455 Πνευματομάχος
3318 383 3427 453 γὰρ
3478 384 3740 452 ὑπάρχων

2169 480 2372 548 σαφὴς,
2400 478 2593 530 ἔπειτα
2621 477 2846 545 φεύγειν
2870 479 3208 546 πειρώμενος
3239 475 3500 544 τοῦνομα,
3526 477 3740 543 γίνεται

2167 570 2366 640 χείρων
2407 571 2487 623 ἔτι
2531 569 2732 638 μᾶλλον
2788 568 3014 620 ἐκείνων
3059 569 3290 637 μακροῖς
3336 584 3448 619 τισι
3487 567 3738 637 μέτροιςο

2171 664 2263 715 καὶ
2295 661 2465 714 κακὸν
2508 661 2677 713 ποιῶν
2709 659 2902 711 ἑαυτὸν
2935 657 3396 726 ἀλλοπρόσαλλον,
3438 657 3527 709 ἵνα
3578 656 3740 725 δῆθεν

2169 753 2410 823 λανθάνῃ
2448 751 2839 820 διαδιδράσκων
2886 749 3015 811 τοὺς
3044 753 3139 817 τῆς
3172 749 3373 812 κακίας
3408 749 3689 817 ἐλέγχους,
3712 749 3743 800 ὁ

2169 844 2226 896 δὲ
2271 841 2462 910 λέληθε
2501 839 2700 908 μᾶλλον
2731 839 2891 900 αὐτὸς
2925 837 3117 889 ἑαυτὸν
3148 837 3508 904 ἁλισκόμενος
3537 852 3744 904 παντα-

2171 933 2350 1005 χόθεν.
2379 931 2442 984 Οἱ
2473 932 2580 1000 γάρ
2609 931 2710 996 τῆς
2753 928 2918 981 αὑτοῦ
2959 929 3156 990 κακίας
3213 927 3455 997 πατέρες
3491 931 3744 997 Ιινευμαο

2169 1023 2430 1092 τομάχοι,
2460 1022 2672 1090 ποίημα
2704 1019 2954 1086 λέγοντες
2975 1013 3197 1070 εἶναιτὸ
3226 1018 3471 1087 Πνεῦμα,
3495 1018 3744 1086 καθάπερ

2191 1117 2408 1185 ’Δρειος
2449 1113 2541 1166 τλν
2585 1111 2738 1174 Υίὸν,
2789 1108 3095 1170 ἀκολούθως
3134 1109 3228 1160 καὶ
3267 1111 3473 1177 κτίσμα
3499 1109 3644 1161 τοῦτ’
3688 1110 3747 1174 ἐξ

2173 1209 2420 1277 ἀνάγκης
2445 1206 2713 1274 ἔφασκονο
2746 1203 2843 1256 an
2875 1201 2951 1272 μὴ
2980 1201 3285 1270 δυναμένης
3326 1203 3464 1270 μήτε
3521 1201 3618 1270 τῆς
3662 1219 3748 1253 τε-

2177 1300 2371 1371 χνικῆς
2406 1298 2655 1368 μεθόδου,
2680 1296 2818 1364 μήτε
2844 1299 3077 1365 φυσικῆς
3123 1294 3233 1347 τῶν
3281 1292 3588 1363 ἀνθρώπων
3611 1293 3746 1361 γνὼ-

2176 1407 2336 1454 σεως,
2351 1389 2604 1444 ἄκτιστον
2623 1388 2832 1456 ποίημα
2848 1386 3025 1452 λέγειν
3045 1384 3198 1436 ποτέ.
3218 1383 3276 1436 '0
3294 1384 3349 1436 δὲ
3379 1383 3543 1453 μηδὲν
3560 1385 3752 1452 αἰσχυο

2173 1480 2397 1549 νόμενος
2438 1480 2692 1534 ἀκτιστον
2717 1479 2928 1547 ποῖημα
2953 1475 3280 1545 τετόλμηκεν
3311 1476 3412 1545 ἤδη
3442 1475 3751 1545 νομοθετεῖν

2175 1574 2232 1625 ὲν
2255 1575 2373 1635 ταῖς
2386 1571 2638 1641 ἐσχάταις
2655 1569 2880 1632 ταύταις
2902 1569 3156 1638 ἡμέραις.
3175 1567 3370 1638 Ἐχρῆν
3387 1566 3481 1620 οὖν
3498 1567 3590 1618 καὶ
3603 1567 3751 1636 ἡμᾶς

505 1686 626 1726 sum
658 1669 1019 1731 asserebant;
1053 1663 1500 1734 quandoquidem
1549 1663 1664 1718 sive
1693 1673 1808 1718 arte
1851 1678 2072 1734 compa-

2186 1665 2425 1719 ἐνταυθοί
2462 1665 2639 1733 σιωπῇ
2681 1663 2751 1716 τὰ
2800 1661 3024 1716 τοιαῦτα
3066 1659 3404 1730 μισήσαντάς
3449 1675 3509 1710 τε
3558 1659 3652 1710 καὶ
3685 1659 3752 1709 τα

499 1769 678 1827 “ratas,
712 1761 830 1815 sive
871 1774 902 1812 a
954 1765 1152 1811 natura
1197 1756 1390 1810 insitas
1419 1755 1703 1808 hominum
1736 1755 2078 1826 cognitiones

495 1854 882 1916 'consulamus,
930 1850 982 1904 id
1013 1849 1159 1920 quod
1208 1848 1411 1902 factum
1458 1857 1562 1911 est,
1615 1849 1919 1902 increatum
1967 1847 2076 1902 dici

497 1961 790 2016 nunquam
820 1943 1040 2014 poterit.
1075 1943 1181 1996 Sed
1232 1941 1504 2001 Palamas.
1537 1957 1700 2010 quem
1745 1941 1949 1995 nullius
2001 1939 2077 1994 rei

498 2039 696 2110 pudet,
743 2035 1058 2091 novissimis
1111 2033 1263 2088 hisce
1313 2033 1528 2097 diebus,
1577 2033 1630 2087 id
1680 2032 1823 2102 quod
1875 2033 2078 2086 factum

505 2140 675 2194 esset,
711 2116 1012 2183 i-ncreatum
1044 2134 1286 2181 statuere
1324 2141 1430 2179 non
1463 2125 1756 2180 dubitavit.
1790 2124 2082 2194 Oportcret

510 2223 696 2292 itaque
745 2230 818 2274 ut'
849 2217 968 2273 iure
998 2217 1184 2272 omnia
1215 2231 1431 2271 summo
1465 2217 1746 2286 prosecuti
1793 2216 1919 2270 odio
1949 2217 2081 2270 sile-

509 2328 720 2374 remus,
772 2318 828 2366 et
874 2309 1176 2364 obstructis
1226 2307 1453 2362 auribus
1489 2307 1558 2362 ab
1606 2306 1890 2361 auditione
1940 2308 2080 2360 mala

509 2403 934 2458 declinarcmus.
955 2398 1156 2454 Verum
1183 2399 1443 2469 quoniam
1483 2400 1568 2470 (ex
1597 2413 1660 2452 eo
1685 2399 1829 2467 quod
1861 2399 2084 2468 impune

510 2495 808 2550 mentiatur
835 2492 1078 2547 nefarius
1109 2491 1198 2546 ille
1221 2501 1276 2545 et
1315 2499 1530 2544 suomet
1575 2490 1780 2559 1131
1815 2489 2075 2560 sulfragio

507 2590 687 2660 justus
723 2585 997 2655 Palamas)
1029 2584 1330 2654 principes,
1359 2591 1680 2652 potestates,
1720 2584 1928 2652 quippe
1967 2597 2074 2637 sat-

511 2681 754 2737 cularem
790 2678 938 2732 hunc
970 2677 1026 2731 in
1074 2675 1339 2728 mundum
1369 2673 1575 2729 habent
1621 2672 1936 2744 imperium,
1975 2671 2079 2742 ipsi

512 2773 583 2827 ob
629 2763 960 2841 imperitiam
1013 2766 1391 2838 suppeditant,
1426 2765 1570 2820 unde
1610 2766 1677 2820 ad
1724 2765 2088 2836 simpliciores

513 2862 871 2933 decipiendos
893 2860 1000 2914 hoc
1024 2859 1290 2912 adversus
1307 2856 1592 2911 veritatem
1620 2866 1882 2927 tropaeum
1910 2855 2086 2926 erigat

2175 1751 2292 1810 ὦτα
2322 1755 2587 1826 βύσαντας
2615 1755 2806 1822 φυγεῖν
2825 1754 2933 1806 ἀπὸ
2955 1752 3124 1821 ἀκοῆς
3143 1751 3402 1821 πονηρᾶς.
3438 1749 3576 1802 Ἀλλ’
3604 1750 3752 1812 ἐπεὶ,

2180 1849 2271 1921 [Ρ.
2307 1847 2437 1920 708]
2461 1849 2547 1901 διὰ
2564 1848 2656 1899 τού
2679 1847 2978 1921 ἀνέλεγκτα
2997 1845 3293 1915 ψεύδεσθαι
3318 1843 3509 1896 τοῦτον
3533 1843 3752 1896 ἀνόσιόν

2181 1920 2242 1994 τε
2288 1942 2384 1994 καὶ
2431 1920 2944 2008 αύτοχειροτόνητον
2978 1939 3210 2001 δίκαιον,
3249 1937 3310 1989 αῐ
3353 1953 3412 1988 τε
3459 1921 3625 2004 άρχαὶ
3655 1933 3752 1986 καὶ

2180 2034 2426 2101 ἐξουσίαι
2483 2033 2576 2086 καὶ
2613 2033 2660 2083 οἱ
2694 2029 2786 2083 τοῦ
2827 2031 3022 2092 αἰῶνος
3055 2028 3271 2082 τουτουῒ
3301 2028 3751 2099 κοσμοκράτορες

2181 2126 2516 2197 χορηγοῦσιν
2557 2125 2704 2196 αὐτῷ
2734 2125 2798 2178 δι’
2835 2124 3083 2191 ἀμαθίαν
3126 2125 3391 2194 τρόπαιον
3419 2123 3578 2174 τοῦτο
3608 2124 3751 2174 κατὰ

2181 2219 2276 2287 τῆς
2303 2217 2563 2288 ἀληθείας
2603 2217 2840 2287 ἐγείρειν
2862 2219 2943 2279 είς
2980 2217 3190 2284 πλάνην
3208 2215 3318 2268 τῶν
3339 2214 3750 2281 ἁπλουστέρων

2181 2311 2398 2380 ἀνάγκη
2420 2311 2516 2362 καὶ
2545 2311 2695 2380 ἡμᾶς
2727 2309 2980 2363 ἐνταυθοῖ
3006 2309 3305 2377 γρηγορεῖν
3333 2323 3393 2358 τε
3420 2306 3538 2376 ἅμα
3568 2307 3662 2360 καὶ
3691 2306 3751 2356 τὸ

2181 2401 2284 2469 τῆς
2309 2400 2568 2472 ἀληθείας
2593 2399 3072 2470 ἀναλαμϐάνοντες
3109 2398 3262 2467 ξίφος
3297 2398 3580 2468 παρρησίᾳ
3605 2399 3749 2449 κατὰ

2183 2493 2278 2545 τοῦ
2311 2493 2543 2560 ψεύδους
2573 2491 2845 2555 ἐλαύνειν,
2884 2493 2944 2544 τό
2976 2508 3038 2559 γε
3062 2492 3192 2561 ἡμῖν
3223 2492 3466 2559 ἐφικτὸν,
3487 2489 3628 2542 ὅπλα
3660 2491 3753 2541 καὶ

2183 2585 2365 2652 τεῖχος
2388 2582 2738 2650 ἀκροπόλεως
2781 2582 3003 2651 ἰσχυρὸν
3027 2598 3077 2633 t.
3094 2597 3120 2644 ς
3143 2581 3418 2651 ἡμετέρας
3458 2582 3574 2641 τοῖς
3595 2578 3754 2648 ὀρθο-

2184 2674 2355 2738 6681;
2388 2675 2607 2744 γραφὰς
2638 2675 3028 2744 παρεχόμενοι,
3047 2674 3080 2740 ἢ
3103 2673 3305 2742 μᾶλλον
3333 2674 3433 2736 τάς
3459 2673 3570 2726 τῶν
3597 2673 3758 2725 θείων

2186 2764 2225 2816 Γ
2233 2765 2421 2835 pag“.th
2485 2766 2820 2834 μαρτυρίας,
2884 2763 2973 2816 ἴνα
3038 2764 3114 2832 μὴ
3187 2765 3325 2834 ἀκοῇ
3391 2766 3640 2834 σκοτεινῇ
3696 2779 3756 2816 τε

2189 2860 2285 2912 καὶ
2316 2858 2564 2926 ἀλαμπεῖ
2599 2856 3169 2926 κατακολουθήσαντες
3206 2857 3286 2918 είς
3327 2855 3602 2926 βάραθρον
3627 2859 3757 2908 ἐαυ-

512 2965 569 3011 et
599 2962 822 3018 statuat,
869 2964 1094 3006 necesse
1123 2958 1208 3003 est
1239 2959 1300 3002 ut
1351 2948 1440 3002 hic
1473 2947 1636 3002 etiam
1689 2947 2001 3017 vigilemus,
2027 2955 2079 3002 et

2187 2951 2314 3016 τοὺς
2362 2951 2747 3018 συνωθήσωσιν
2796 2949 3094 3011 ἀπωλείας.
3133 2949 3292 3000 Ἐπεὶ
3339 2950 3448 3019 γάρ
3491 2950 3760 3010 τοσαύτας

519 3051 863 3112 assumptum
912 3038 1162 3094 veritatis
1196 3053 1382 3091 ensem
1431 3037 1605 3092 libere
1648 3037 1703 3091 in
1733 3036 2080 3092 mendacium

519 3147 842 3192 exseramus
880 3140 958 3197 et,
995 3136 1260 3199 quantum
1305 3130 1358 3181 in
1389 3128 1548 3182 nobis
1591 3128 1718 3194 erit,
1753 3116 2080 3199 adigamus:

517 3241 670 3282 arma
703 3223 909 3294 pariter
961 3229 1018 3275 et
1060 3232 1288 3273 aeneum
1321 3219 1464 3274 arcis
1495 3234 1712 3275 murum
1762 3222 2085 3278 orthodoxis

517 3317 880 3389 praebeamus,
908 3321 1094 3367 nostra
1123 3310 1375 3366 videlicet
1419 3311 1730 3382 conscripta
1761 3326 1948 3383 opera,
1985 3327 2082 3369 seu

520 3411 703 3481 potius
733 3420 1011 3464 sacrarum
1053 3404 1462 3475 Scripturarum
1512 3405 1873 3471 testimonia;
1901 3421 1972 3460 ne
2002 3407 2082 3461 illi

516 3495 915 3552 tenebricosam
941 3503 995 3548 et
1019 3493 1366 3561 caliginosam
1397 3491 1732 3548 auditionem
1755 3505 2080 3563 sequantur,

515 3590 707 3658 sicque
742 3601 801 3642 se
835 3589 982 3656 ipsos
1010 3585 1064 3638 in
1102 3583 1427 3654 perditionis
1456 3583 1724 3654 gurgitem
1758 3584 2080 3657 conjiciunt.

516 3682 653 3737 Cum
682 3681 832 3736 enim
862 3687 960 3744 tot,
997 3685 1142 3732 tanta
1179 3686 1233 3732 et
1274 3677 1421 3742 talia,
1455 3677 1606 3747 prius
1635 3679 1858 3749 quidem
1901 3681 1954 3734 in
1988 3697 2086 3735 no-

516 3781 649 3834 stris
679 3777 968 3833 invectivis
992 3786 1047 3832 et
1077 3775 1488 3844 Antirrhcticis,
1523 3793 1672 3833 nunc
1695 3787 1877 3834 autem
1913 3780 1965 3834 in
1994 3794 2081 3846 ea,

519 3889 681 3944 quam
721 3870 996 3934 audiistis,
1029 3869 1399 3938 disputatione
1426 3870 1742 3925 testimonia
1782 3871 1884 3942 ipsi
1927 3874 2087 3929 Pala-

519 3978 620 4015 mze
645 3959 990 4031 protulerint,
1012 3973 1115 4012 nec
1151 3967 1330 4013 tamen
1353 3959 1511 4028 plene
1547 3960 1672 4014 huic
1695 3963 2084 4030 persuaserim,

529 4063 587 4106 ut
643 4054 719 4117 id,
752 4051 896 4122 quod
947 4051 1148 4105 fat-tum
1183 4059 1298 4112 est,
1331 4051 1555 4106 minime
1595 4054 1838 4106 omnium
1875 4055 2088 4109 increa-

521 4157 637 4198 tum
679 4159 800 4198 esse
856 4157 1016 4213 posse
1067 4142 1431 4213 intelligeret:
1488 4143 1720 4214 agedum
1766 4144 1834 4200 de
1889 4157 2090 4201 caetero

523 4238 752 4294 clariora
805 4246 862 4292 et
914 4235 1050 4306 ipsis
1097 4236 1423 4303 fossoribus,
1469 4246 1527 4290 ut
1575 4237 1650 4291 ita
1706 4238 1905 4306 dicam,
1961 4250 2089 4294 nota

2195 3043 2346 3111 αὐτῷ
2376 3045 2470 3096 καὶ
2495 3043 2754 3104 τοιαύτας
2801 3039 2911 3109 ἐγὼ
2947 3044 3308 3112 συμφορήσας
3335 3042 3602 3112 πρότερον
3655 3044 3763 3113 μὲν

2193 3134 2284 3187 διά
2313 3151 2372 3186 τε
2408 3133 2516 3185 τῶν
2551 3134 2980 3204 στηλιτευτικῶν
3017 3134 3245 3185 ἐκείνων
3296 3137 3389 3186 καὶ
3428 3135 3756 3205 άντιρῤητι-

2195 3225 2327 3289 κῶν,
2363 3226 2460 3278 καὶ
2488 3223 2554 3278 αὖ
2578 3225 2646 3278 δι’
2687 3219 2759 3278 ὧν
2784 3225 3076 3294 ἡκηκόειτε
3112 3224 3228 3290 νῦν,
3250 3221 3361 3278 ὀὐκ
3391 3227 3754 3297 ἐμπέπληκε,

2195 3318 2316 3371 ούδὲ
2347 3334 2411 3386 γε
2442 3319 2686 3371 συνιέναι
2726 3318 2986 3380 πέπεικα,
3017 3318 3277 3371 ἄκτιστον
3306 3319 3514 3387 ἥκιστα
3541 3323 3761 3374 πάντων

2195 3404 2338 3464 εἰναι
2370 3411 2586 3480 ποίημα
2607 3409 2782 3479 ’.φέρε
2812 3409 3002 3461 λοιπὸν
3053 3409 3404 3480 σαφεστέρων
3453 3411 3638 3474 τινῶν,
3668 3413 3770 3466 καί⁵

2194 3503 2377 3565 αύτοῖς
2411 3501 2706 3570 γνωρίμων
2758 3502 2932 3552 εἰπεῖν
2955 3502 3351 3564 σκαπανεῦσιν,
3382 3500 3650 3571 ἁψώμεθα
3680 3505 3774 3555 λο-

2195 3611 2329 3662 γων.
2369 3594 2628 3664 Ἐνδηλον
2679 3596 2788 3662 γὰρ
2841 3591 3012 3655 δήπου
3069 3594 3178 3654 τοῖς
3234 3592 3397 3656 ὅλοις,
3439 3593 3514 3656 ὡς
3552 3593 3612 3645 τὸ
3667 3594 3772 3662 τῆς

2197 3690 2435 3752 πίστεως
2468 3688 2625 3757 ἡμῶν
2657 3687 2807 3757 ἱερὸν
2839 3686 3140 3755 Σύμϐολον,
3188 3689 3246 3739 ἐν
3279 3687 3514 3756 ἡμέραις
3559 3687 3770 3748 πάσαις

2197 3781 2292 3833 καὶ
2319 3779 2494 3844 νυξὶν,
2531 3778 2798 3848 ὁμολογίᾳ
2849 3779 3018 3831 πᾶσιν
3044 3777 3345 3848 ὁρὶέοδόξοις
3377 3782 3530 3848 κοινῇ
3564 3779 3769 3849 περιᾴ-

2195 3873 2346 3926 δξται
2386 3873 2566 3938 πάντη
2614 3870 2885 3938 διηνεκὲς,
2932 3874 2991 3923 ὲν
3036 3869 3255 3940 κώμαις
3278 3871 3397 3941 ἅμα
3440 3874 3537 3926 καὶ
3570 3873 3771 3924 πόλεσι.

2199 3965 2294 4017 καὶ
2326 3963 2615 4034 σπηλαίοις
2662 3961 2760 4014 καὶ
2786 3962 2941 4031 ὄρεσι
2988 3963 3104 4026 καὶ,
3135 3963 3442 4032 συλλήϐδην
3473 3963 3686 4030 είπείν,”
3708 3965 3770 4016 ἐν

2200 4059 2349 4127 πάσῃ
2383 4073 2448 4124 γε
2492 4058 2557 4126 τῇ
2582 4057 2650 4126 γῇ
2681 4055 2776 4107 καὶ
2803 4056 2909 4122 ὅπη
2940 4055 3040 4124 τῆς
3075 4055 3248 4123 ὑγρᾶς
3274 4055 3460 4118 οὐσίας
3497 4055 3676 4127 διήκει
3709 4057 3774 4108 τὸ

2201 4149 2402 4219 ῥᾴδιον.
2439 4149 2594 4217 Ἔχει
2635 4147 2694 4200 δὲ
2749 4146 2954 4208 οὕτως·
2989 4165 3008 4198 ι
3036 4146 3371 4217 Πιστεύομεν
3395 4151 3474 4211 είς
3499 4147 3597 4202 ἕνα
3636 4148 3776 4202 Θεὸν

2209 4240 2429 4310 Πατέρα
2480 4240 2936 4310 παντοκράτορα,
2965 4240 3198 4310 ποιητὴν
3226 4241 3459 4313 οὐρανοῦ
3511 4241 3609 4294 καὶ
3640 4241 3773 4310 γῆς,

519 4333 689 4387 verba
716 4345 1068 4400 usurpemus.
1101 4327 1370 4384 Omnibus
1393 4329 1595 4400 quippe
1647 4341 1839 4385 notum
1870 4343 1974 4398 est,
2003 4349 2079 4386 sa-

2197 4333 2413 4402 ὁρατων
2447 4351 2508 4386 τε
2540 4336 2763 4387 πάντων
2795 4337 2890 4388 καὶ
2921 4336 3190 4403 ἀοράτων,
3222 4335 3411 4397 κα“ιείς
3435 4334 3532 4386 ἕνα
3565 4333 3775 4402 Κύριον

521 4441 676 4483 crum
729 4424 853 4478 ﬁdei
908 4434 1110 4478 nostra:
1154 4421 1494 4492 Symbolum.
1531 4421 1726 4476 diebus
1777 4425 1990 4478 cunctis
2039 4434 2094 4480 et

523 4519 802 4582 noctibus,
833 4516 1112 4571 communi
1143 4513 1387 4568 onmium
1416 4514 1845 4569 orthodoxorum
1877 4515 2093 4569 confes-

527 4611 681 4666 sione
709 4608 915 4676 ubique
943 4607 1170 4678 iugiter,
1208 4607 1261 4659 in
1293 4607 1470 4675 pagis,
1505 4606 1759 4672 urbibus,
1810 4609 2092 4663 montibus

525 4711 580 4758 et
638 4702 938 4770 Speluncis,
997 4710 1195 4768 atque,
1250 4706 1310 4751 ut
1368 4713 1477 4751 uno
1537 4697 1708 4752 verbo
1763 4700 2094 4767 complectar

525 4795 730 4856 omnia,
767 4793 823 4845 in
858 4791 1110 4845 universa
1145 4797 1308 4852 terra,
1365 4796 1421 4842 et
1463 4804 1788 4858 quacunque
1826 4805 2093 4860 aquarum

523 4895 719 4940 natura
764 4882 922 4937 facile
964 4880 1236 4950 pervadit,
1269 4878 1569 4933 decantari.
1604 4880 1779 4934 Porro
1815 4882 1896 4953 sic
1928 4882 2094 4936 habet

2215 4425 2422 4491 Ἰησοῦν
2447 4427 2716 4496 Χριστὸν,
2753 4427 2846 4479 τὸν
2885 4413 3013 4479 Υίὸν
3036 4427 3129 4478 τοῦ
3176 4425 3311 4478 Θεοῦ
3345 4426 3438 4476 τὸν
3480 4425 3772 4494 μονογενῆ,

2201 4520 2556 4590 γεννηθέντα,
2599 4523 2660 4574 ού
2709 4520 3021 4592 ποιηθέντα,
3053 4520 3340 4590 ὁμοούσιον
3367 4519 3446 4588 τῷ
3475 4518 3668 4586 (largi,
3699 4516 3775 4570 δι’

2198 4604 2262 4662 οὗ
2293 4612 2360 4662 τὰ
2397 4612 2575 4666 πάντα
2610 4611 2849 4680 ἐγένετο.
2878 4631 2896 4663 ι
2951 4612 3145 4680 Ὁρᾶτε
3180 4613 3296 4674 πῶς
3327 4609 3535 4664 ἀνωθεν
3559 4610 3654 4663 καὶ
3706 4608 3772 4673 ἐξ

2197 4702 2372 4773 ἀρχῆς
2407 4706 2519 4764 τοῖς
2556 4703 2723 4766 θείοις
2753 4705 3060 4772 ἀναιρεῖται
3088 4704 3652 4774 Πατράσιδιαρῤήδην
3686 4703 3770 4765 τὸ,

2200 4799 2416 4862 ποίημα
2456 4789 2597 4846 εἶναι
2644 4796 2736 4847 τὸν
2763 4793 2832 4847 δι’
2864 4789 2926 4849 οὗ
2963 4798 3032 4847 τὰ
3061 4795 3242 4847 πάντα
3276 4793 3594 4862 πεποίηται.
3637 4792 3767 4844 Γεν·

2198 4885 2432 4953 νηθέντα
2466 4887 2572 4957 γάρ
2597 4905 2785 4957 φησιν,
2811 4889 2872 4940 ού
2909 4889 3226 4957 ποιηθέντα.

525 4970 671 5032 istud
717 4975 1077 5046 Symbolum:
1126 4992 1144 5025 ι
1179 4973 1466 5028 Credimus
1495 4974 1548 5026 iu
1617 4989 1784 5027 unum
1851 4975 2019 5029 Deum
2095 4977 2306 5033 Patrem
2333 4980 2784 5050 omnipotentem,
2826 4981 3087 5036 factorem
3117 4982 3239 5036 caeli
3287 4989 3343 5035 et
3393 4989 3574 5044 terras,
3643 4977 3774 5032 visi-

525 5073 721 5125 bilium
754 5067 999 5122 omnium
1028 5077 1084 5119 et
1110 5064 1469 5118 invisibilium
1507 5082 1520 5130 ;
1583 5073 1640 5120 ct
1697 5068 1752 5120 in
1783 5083 1951 5120 unum
2016 5067 2308 5124 Dominum
2352 5072 2537 5126 Jesum
2579 5074 2880 5139 Christum,
2908 5074 3117 5144 1132
3157 5073 3350 5128 Filium
3395 5072 3492 5127 Dei
3521 5070 3776 5142 unigeni-

529 5164 1084 5235 tmn,genitum,non
1117 5160 1342 5224 factum,
1369 5161 1513 5214 Patri
1537 5163 2092 5222 consubstantialem;
2128 5183 2410 5238 perquam
2439 5170 2621 5224 omnia
2687 5170 2825 5225 facta
2871 5181 3020 5226 sunt.
3066 5191 3083 5222 ι
3120 5168 3328 5224 Videtis
3391 5177 3452 5222 ut
3480 5169 3592 5237 jam
3645 5165 3773 5220 inde

524 5263 594 5313 ab
646 5260 803 5313 initio
845 5259 1016 5313 divini
1069 5261 1258 5314 Patres
1305 5261 1507 5315 Nicwui
1558 5261 1736 5328 illum,
1788 5279 1884 5333 per
1931 5280 2074 5331 queu

2192 5271 2316 5320 nnia
2350 5269 2571 5322 tulerunt
2637 5268 2802 5335 facta,
2866 5269 3066 5323 factmn
3110 5283 3229 5323 esse
3259 5267 3462 5322 diserte
3493 5265 3771 5335 negarint.

523 5355 779 5410 (lenitum
811 5352 956 5405 enim
992 5348 1264 5422 inquiunt,
1299 5368 1404 5405 non
1434 5354 1660 5407 fartum.

597 5447 734 5501 Vill.
777 5448 882 5501 Sed
915 5458 972 5500 et
1013 5463 1242 5517 magnus
1265 5449 1598 5502 Athanasius
1632 5449 1683 5502 in
1715 5448 2095 5521 prima,quam
2276 5452 2359 5505 ll'.

528 5537 593 5589 ad
633 5537 984 5605 Serapionem
1017 5540 1368 5608 conscripsit,
1401 5541 1630 5610 epistola
1676 5541 1788 5596 haec
1814 5544 2092 5599 edasserit.

528 5646 546 5678 ι
581 5626 638 5680 lu
674 5629 794 5693 hoc,
828 5629 1026 5700 inquit,
1087 5632 1314 5702 (Spiritu
1373 5634 1650 5702 videlicet)
1719 5635 1953 5691 Verbum
2008 5654 2095 5704 res

2410 5454 2568 5507 ’Λλλά
2613 5457 2705 5506 καὶ
2751 5456 2779 5506 ὁ
2833 5457 3007 5522 μέγας
3053 5454 3373 5528 ξΑθανάσιος
3410 5455 3469 5505 ἐν
3527 5458 3594 5525 τῇ
3631 5457 3771 5527 πρὸς

2194 5547 2527 5612 Σεραπίωνα
2581 5546 2771 5616 πρώτῃ
2808 5545 2934 5599 τάδε
2967 5546 3219 5612 διέξεισιν
3255 5548 3545 5618 Ἐπιστολῇ
3572 5565 3586 5578 ·
3629 5569 3648 5600 ι
3686 5551 3770 5602 Ἐν

2199 5641 2391 5708 τςὶύτὶρ,
2427 5657 2442 5688 ι
2489 5639 2712 5706 φάσκων
2744 5639 2840 5707 (τῷ
2876 5639 3146 5707 πνεύματι
3171 5638 3424 5708 δηλαδὴ),
3463 5660 3481 5691 ι
3516 5644 3612 5710 τὴν
3647 5642 3766 5692 κτί-
