4088 6212
292 2878 325 2902 δ

465 315 602 382 14ἰῇ

764 319 816 388 [Α
882 333 939 372 ιι.
982 317 1140 383 ϐἷῦθ,
1185 334 1291 374 mn.
1334 319 1390 391 4]

1660 327 2076 389 NICEPHORI
2112 329 2497 393 GREGORB

2762 326 2898 399 [iam
2938 342 2981 381 ι.
3022 314 3313 383 caucos.
3357 325 3414 399 5]

3560 328 3699 395 1436

461 432 538 484 ira
568 430 1012 499 exeandnerunt;
1051 441 1108 487 et
1134 432 1303 488 veluti
1343 432 1580 504 quodam
1621 433 1807 489 furore
1833 437 2025 506 perciti

2136 443 2234 510 χῆς
2266 439 2543 512 εξερρἀη
2600 440 2753 509 σφίσι
2792 439 2996 508 πυρσόν
3020 455 3034 471 ο
3072 439 3166 492 καὶ
3197 437 3384 508 ῶσπερ
3434 437 3706 508 ἐμμανεῖς

460 539 491 577 e
521 522 738 578 duobus
772 524 1006 578 alterum
1038 526 1355 580 necessario
1384 526 1642 596 consequi
1665 527 2025 583 asserebant:

466 635 484 667 α
511 616 606 672 Vel
644 616 816 680 enim,
840 616 1181 687 inquiebant,
1218 617 1434 690 11M
1484 620 1657 673 sancti
1688 628 1838 680 sunt.
1873 627 1925 675 et
1950 620 2032 674 sic

462 707 567 762 ista
622 721 732 760 non
785 705 1075 772 dixerunt;
1126 707 1212 760 vel
1267 707 1367 761 ista
1401 707 1680 774 dixerunt,
1710 724 1772 764 ac
1801 708 2032 778 proinde

458 796 632 853 sancti
668 813 774 852 non
804 805 953 853 sunt.
1004 798 1161 853 Absit
1196 798 1364 859 enim,
1395 807 1457 852 ut
1483 799 1727 853 dicamus
1760 814 2025 870 unquam,

459 902 570 942 non
600 902 722 945 esse
771 888 940 944 dubio
994 890 1184 959 procul
1243 877 1506 955 increata,
1543 899 1655 945 tum
1715 891 1802 945 illa
1858 890 2030 946 sancti

459 978 698 1049 Spiritus
724 981 889 1047 dona,
923 996 1045 1051 quae
1076 983 1219 1037 Deus
1240 982 1386 1037 varie
1419 982 1719 1046 distribuit,
1754 992 1865 1037 tum
1907 998 2033 1053 gra-

460 1071 564 1126 tias
617 1081 674 1137 et
710 1073 1078 1143 operationes,
1116 1089 1252 1142 quas
1283 1074 1351 1128 ab
1403 1075 1551 1129 omni
1600 1090 1716 1130 aevo
1768 1075 2035 1132 creaturis

460 1163 707 1233 largitur.
740 1164 875 1219 Nam
934 1165 978 1219 si
1031 1175 1244 1220 creatas
1283 1181 1370 1219 res
1396 1164 1511 1218 dari
1553 1165 1718 1219 etiam
1751 1170 1780 1219 a
1821 1165 1930 1219 Deo
1957 1164 2034 1220 fa-

463 1265 726 1319 teremur,
778 1256 908 1326 quid
959 1258 1160 1326 egregii
1204 1266 1402 1326 praeter
1423 1266 1618 1311 cwtera
1649 1265 1705 1311 et
1730 1256 1918 1311 eximii
1951 1256 2034 1310 di-

459 1346 583 1402 vina
613 1348 868 1418 majeslas
889 1347 1153 1403 haberet?
1180 1347 1291 1403 lloc
1315 1348 1463 1402 enim
1485 1348 1663 1402 facere
1691 1362 1909 1415 semper
1933 1346 2035 1417 ipsi

459 1441 710 1496 homines
734 1451 999 1511 possunt;
1028 1456 1222 1511 nempe
1249 1440 1589 1510 quibuslibet
1613 1439 1743 1493 dare
1769 1448 2038 1509 quotquot

459 1533 789 1602 temporaria
821 1543 878 1588 et
902 1548 1245 1603 quacunque
1273 1541 1455 1588 creata
1482 1533 1751 1603 quispiam
1781 1532 2036 1589 voluerit.

462 1618 606 1675 Deus
637 1619 845 1690 itaque.
876 1634 1002 1674 cum
1032 1621 1104 1676 sit
1143 1620 1442 1682 increatus,
1477 1635 1575 1691 par
1623 1628 1707 1674 est
1737 1630 1794 1675 ut
1828 1620 2040 1675 increa.

461 1721 511 1762 ia
545 1710 832 1781 largiatur.
863 1710 920 1767 Si
948 1712 1073 1780 quis
1103 1719 1285 1766 autem
1318 1711 1478 1765 aliter
1526 1710 1676 1780 loqui
1710 1710 1858 1768 vilit.
1885 1709 2035 1765 hunc

458 1804 608 1857 omni
666 1818 893 1873 prorsus
951 1804 1163 1860 ratione
1196 1804 1496 1875 rejiciruus,
1528 1804 1657 1857 licet
1686 1802 1926 1857 ccelestis
1952 1810 2034 1857 ιο·
2067 1777 2109 1837 Β

460 1896 706 1948 nitrnum
736 1895 945 1949 clamor
971 1894 1249 1959 audiatur,
1293 1895 1425 1951 licet
1461 1896 1644 1950 omnia
1678 1910 1895 1964 quoque
1921 1895 2032 1950 ele-

460 1997 641 2041 menta
676 1988 809 2041 flant
839 1987 1046 2043 vocalia
1082 1999 1137 2043 et
1165 1987 1358 2044 istliaec
1388 1987 1693 2056 proferant.
1734 2005 1754 2039 ›

533 2077 593 2132 Il.
619 2078 755 2133 Cum
788 2093 921 2133 vero
952 2094 1039 2132 me
1071 2056 1417 2147 accingerem
1465 2078 1530 2132 ad
1567 2077 1883 2135 aﬂ‘erendos
1910 2087 2041 2134 san-'

459 2177 673 2225 etorum
719 2170 939 2225 Patrum
989 2166 1184 2232 libros,
1247 2170 1325 2224 illi
1375 2183 1445 2223 ne
1486 2170 1758 2224 tantillum
1811 2169 2032 2240 quidem

460 2263 775 2317 sustinuere
829 2279 844 2316 :
895 2260 992 2317 sed
1049 2261 1232 2315 statim
1286 2270 1665 2326 surrexerunt,
1723 2261 1883 2317 valde
1948 2276 2032 2317 me

460 2354 774 2416 irridentes,
810 2363 866 2408 et
915 2353 1029 2407 haec
1068 2354 1214 2408 inter
1266 2353 1370 2408 alia
1421 2353 1654 2423 plurima
1706 2352 1838 2407 mihi
1880 2352 2035 2407 dixe-

459 2454 590 2500 runt
622 2461 638 2500 :
674 2465 691 2494 ‹
724 2443 818 2499 Nze
878 2452 959 2508 tu,
1009 2443 1352 2514 inquiebant,
1401 2444 1781 2516 imprudenter
1807 2453 1864 2499 et
1896 2444 2033 2500 insi-

462 2538 677 2606 pienter
713 2536 980 2592 adversus
1006 2545 1173 2592 temet
1207 2536 1389 2607 ip~um
1439 2537 1575 2608 agis,
1610 2539 1753 2607 quod
1799 2536 2035 2593 sanctio-

462 2630 623 2684 nibus
651 2628 1023 2699 imperatoriis
1060 2627 1337 2693 obsistas;
1367 2644 1491 2683 cum
1548 2629 1746 2684 liceret
1775 2628 1843 2700 (si
1871 2628 2034 2700 paulo

344 2776 359 2794 ,
461 2724 746 2779 remissior
776 2722 954 2793 esses)
1000 2723 1165 2795 longe
1191 2724 1454 2795 majorem
1485 2732 1645 2795 quam
1673 2734 1833 2781 antea
1860 2726 2035 2796 impe—

456 2827 728 2881 ratorum,
766 2816 1200 2888 imperatricum,
1226 2826 1282 2871 et
1320 2817 1565 2873 omnium
1603 2819 1920 2889 quicunque
1945 2819 2032 2874 vel

459 2903 722 2958 senatorii
774 2912 905 2958 sunt
953 2902 1187 2970 ordinis,
1218 2904 1302 2960 vel
1333 2905 1514 2976 aliqua
1544 2906 1808 2976 dignitate
1843 2908 1946 2962 alia
1979 2914 2035 2962 et

460 2996 672 3051 honore
695 2994 926 3066 fulgent,
964 2995 1406 3051 benevolentiam
1439 2997 1730 3067 consequi.
1759 3000 2031 3072 Caeterum

461 3090 725 3161 (aiebant)
783 3090 1057 3145 sermonis
1112 3092 1284 3145 nostri
1354 3104 1567 3145 summa
1600 3091 1689 3146 illa
1740 3092 1807 3147 sit
1840 3111 1852 3145 :
1883 3093 1927 3147 si
1960 3092 2034 3146 ita

463 3180 778 3235 obstinatus
835 3179 1222 3247 permanseris,
1256 3182 1553 3238 multorum
1609 3166 1829 3251 quidem
1862 3182 2036 3237 bono-

463 3290 584 3329 rum
633 3272 905 3344 jacturam
962 3272 1150 3338 facies,
1188 3275 1356 3330 multa
1404 3290 1535 3331 vero
1568 3276 1739 3332 tristia
1780 3278 2035 3349 malaque

465 3368 713 3423 habebis.
767 3366 942 3434 Adde,
997 3367 1141 3437 quod
1197 3382 1488 3424 sermones
1538 3378 1661 3425 tuos
1698 3385 1910 3432 omnes,
1940 3369 2033 3441 qui

465 3474 563 3527 per
592 3457 791 3514 festum
821 3465 1135 3514 sanctorum
1187 3459 1304 3516 dies
1353 3460 1406 3515 in
1460 3461 1693 3516 ecclesia
1750 3460 2032 3531 leguntur,

466 3550 682 3622 1145
729 3550 958 3621 jubente
1023 3552 1377 3623 imperatore.
1431 3552 1686 3609 inimicus
1715 3562 1765 3609 et
1801 3553 2035 3609 infestus

462 3644 606 3715 ignis
664 3643 815 3701 brevi
860 3644 1151 3712 absumet;
1196 3654 1252 3699 tu
1300 3659 1433 3700 vero
1483 3655 1606 3715 post
1639 3644 1848 3700 obitum
1882 3655 2035 3701 tuum

460 3747 619 3791 extra
661 3735 850 3792 urbem
888 3736 1191 3807 insepultus
1228 3736 1412 3807 aliquo
1441 3735 1767 3808 projicieris.
1800 3756 1818 3789 ι

535 3827 625 3882 Ill.
657 3828 878 3883 illorum
909 3843 1013 3899 ego
1045 3842 1354 3883 sermonem
1385 3827 1684 3899 excipiens,
1717 3846 1736 3880 ι
1777 3827 1924 3892 llaec,
1952 3828 2036 3882 in-

461 3934 650 3990 quam,
702 3918 1039 3974 Diocletiano
1086 3918 1314 3990 ejusque
1346 3919 1683 3989 temporibus
1709 3918 1877 3974 verba
1907 3933 2036 3974 con-

460 4018 685 4081 gruunt.
735 4009 802 4065 Et
854 4019 1005 4066 certe
1065 4025 1188 4065 cum
1222 4010 1453 4064 maxima
1487 4009 1620 4064 mihi
1663 3994 1801 4064 bona
1824 4009 2034 4080 gratifio

461 4112 651 4158 cantes
678 4102 943 4168 oll‘eratis,
979 4103 1148 4158 nolite
1197 4100 1468 4155 minarum
1517 4102 1746 4155 obtentu
1798 4101 2031 4171 gratiam

463 4194 621 4248 istam
670 4193 1028 4248 confundere.
1072 4192 1208 4273 Nam
1257 4191 1385 4247 dum
1440 4191 1772 4261 pollicemini
1826 4191 1942 4247 fore
1974 4201 2037 4248 ut

464 4292 765 4355 martyrum
819 4284 952 4338 mihi
1012 4299 1242 4347 coronas
1288 4284 1638 4354 impertiatis.
1681 4299 1769 4340 res
1800 4283 2035 4352 optimas

461 4375 737 4444 pessimis,
765 4383 824 4428 ut
848 4374 1089 4439 videtur,
1120 4375 1435 4431 nominibus
1468 4374 1825 4430 confunditis.
1849 4373 1918 4429 Et
1939 4388 2035 4431 vos

2129 532 2410 601 γενόμενοι
2437 532 2585 584 δυοῖν
2613 530 2850 599 ἔφασκον
2878 526 3018 583 εἶναι
3051 530 3284 597 θάτερον
3315 529 3374 594 ἐξ
3413 527 3661 596 ἀνάγκἾῖ
3684 544 3698 557 ’

2129 624 2163 695 ἢ
2188 623 2320 694 γὰρ,
2344 622 2533 692 ἁγίους
2553 623 2736 688 ὄντας,
2765 620 2840 692 μὴ
2864 621 3044 689 λέγειν
3068 619 3295 674 τοιαῦτα
3314 636 3328 651 ο
3361 619 3393 688 ἧ
3420 618 3703 687 λέγοντας,

2130 715 2322 784 ἀγίους
2371 717 2473 770 οὐκ
2503 717 2571 770 ἂν
2626 712 2807 769 εἶναι·
2861 714 2982 767 οὐδὲ
3034 713 3142 783 γὰρ
3194 713 3261 767 ἄν
3311 728 3442 765 ποτε
3500 713 3707 779 φαῖμεν

2132 804 2316 878 ἡμεῖς,
2346 807 2470 862 οὔτε
2500 809 2567 862 τὰ
2601 806 2965 878 διειλημμένα
2997 804 3309 873 πνεύματα,
3355 801 3554 857 οὔκουν
3581 802 3703 854 οὐδὲ

2131 900 2230 963 τὰς
2260 902 2372 965 τοῖς
2418 901 2682 971 κτίσμασι
2726 900 3015 969 διδομένας
3055 897 3286 968 χάριτάς
3326 912 3387 948 τε
3428 896 3525 947 καὶ
3552 896 3706 962 ἐνερ-

2133 991 2288 1059 γείας
2326 993 2392 1045 ἐκ
2435 991 2531 1045 τοῦ
2578 992 2779 1054 παντὸς
2822 990 3040 1054 αἰῶνος,
3073 989 3150 1050 ὡς
3197 988 3297 1041 οὐκ
3327 983 3437 1040 εἶεν
3465 986 3612 1039 κατά
3643 986 3706 1036 τὸ

2134 1081 2537 1153 ἀναμφίλεκτον
2587 1083 2842 1137 ἄκτιστα.
2893 1083 2955 1136 Ei
2997 1082 3105 1150 γὰρ
3153 1079 3251 1134 καὶ
3306 1072 3440 1132 Θεὸν
3504 1077 3712 1132 διδόναι

2135 1178 2332 1229 κτιστᾰ
2365 1178 2806 1247 συγχωροίημεν.
2837 1174 2894 1229 τί
2937 1174 3006 1228 ἂν
3039 1174 3124 1244 εἴη
3156 1173 3217 1226 τὸ
3246 1172 3346 1240 τῆς
3392 1170 3546 1234 θείας
3574 1170 3711 1223 ὑπε-

2140 1266 2303 1337 ροχῆς
2332 1266 2652 1337 ὲξαίρετονς
2688 1265 2858 1320 Τοῦτο
2901 1264 3011 1335 γάρ
3037 1265 3132 1318 καὶ
3181 1262 3495 1334 ἀνθρώποις
3524 1260 3708 1326 ἔξεστι

2137 1360 2315 1412 ποιεῖν
2344 1359 2454 1423 ἀεὶ,
2493 1359 2590 1412 καὶ
2632 1357 2835 1413 διδόναι
2888 1352 2971 1420 οἷς
3000 1357 3064 1412 ἀν
3109 1355 3403 1419 τιςὲθέλοι
3437 1353 3614 1408 ὁπόσα
3641 1352 3710 1407 ἂν

2135 1449 2245 1503 τῶν
2294 1449 2649 1520 προσκαίρων
2705 1452 2800 1505 καὶ
2828 1450 2929 1503 ὅσα
2974 1450 3085 1502 τῶν
3147 1432 3708 1516 κτισμάτωνὲθέλοι.

2137 1538 2273 1602 Θεὸς
2296 1537 2391 1592 οὗν
2419 1539 2676 1602 ἀκτιστος
2706 1537 2944 1611 ἀκτιστα
2967 1537 3136 1607 διδοίη
3167 1537 3232 1590 ἂν
3261 1539 3400 1590 κατά
3433 1536 3496 1588 τὸ
3533 1535 3708 1596 εἰκός.

2141 1630 2202 1683 El
2218 1629 2274 1682 δέ
2298 1646 2383 1692 τις
2408 1629 2584 1694 ἄλλως
2614 1629 2790 1683 ἐθέλοι
2809 1629 3014 1697 λέγειν,
3043 1629 3350 1697 ἀπόϐλητος
3376 1626 3442 1681 ἂν
3464 1627 3549 1696 εῐη
3576 1627 3712 1695 ἡμῖν

2138 1720 2205 1776 ἐκ
2239 1722 2440 1786 παντός
2472 1738 2535 1790 γε
2568 1721 2794 1793 τρόπου,
2837 1723 2944 1777 κᾶν
2973 1721 3205 1790 οὐρανοῦ
3246 1720 3413 1790 βοῶσι
3459 1719 3712 1790 βρονταί,

2137 1813 2244 1867 κᾶν
2300 1814 2542 1884 στοιχεῖα
2596 1812 2778 1868 πάντα
2828 1814 3113 1884 φωνήεντα
3169 1810 3521 1866 καταστάντα
3570 1808 3719 1881 λέγῃ

2136 1907 2319 1965 ταυτί.

2213 2083 2291 2140 B'.
2346 2083 2511 2153 Ἐμοῦ
2538 2083 2595 2137 δὲ
2630 2082 2738 2139 τῶν
2764 2083 2938 2152 ἀγίων
2977 2083 3337 2154 προκομίζειν
3369 2080 3714 2153 ἐπιχειροῦν-

2138 2196 2230 2242 τος
2255 2179 2355 2242 τάς
2380 2177 2618 2247 βίϐλους,
2661 2178 2859 2231 ὲκεῖνοι
2912 2177 3049 2247 μηδὲ
3084 2176 3282 2248 μικρὸν
3314 2172 3447 2243 γοῦν
3474 2174 3713 2245 ἀνασχό-

2143 2252 2297 2341 μενοι
2327 2269 2715 2337 ἐξανέστησαν.
2743 2268 2945 2339 πολλὴν
2969 2267 3105 2338 ὲμοῦ
3127 2268 3488 2338 καταχέοντες
3512 2265 3717 2336 χλεύην

2139 2340 2235 2416 καὶ
2282 2359 2507 2413 πλεῖστά
2531 2340 2596 2411 ῖτε
2626 2341 2876 2426 λέγοντες
2933 2357 3099 2428 ἔτερα
3129 2360 3226 2412 καὶ
3259 2377 3279 2409 ι
3323 2359 3415 2423 Ὠς
3470 2357 3711 2412 ἀσύνετα

2138 2451 2271 2522 δρᾷς
2300 2451 2440 2504 κατά
2470 2447 2723 2515 σεαυτοῦ,
2761 2449 3064 2519 βασιλικοῖς
3107 2452 3495 2522 ἀντιπράττων
3540 2465 3713 2521 προσο

2139 2542 2438 2611 τάγμασιν,
2475 2539 2561 2613 [Ρ.
2599 2538 2726 2613 716]
2774 2540 2894 2605 ἐξὸν
2955 2540 3177 2595 ἐνδόντα
3230 2540 3406 2613 βραχὺ
3464 2540 3715 2611 μείζονος

2139 2633 2173 2705 ἢ
2208 2631 2354 2685 κατά
2382 2632 2482 2703 τὴν
2511 2634 2643 2701 πρὶν
2689 2631 2996 2687 ἀπολαύειν.
3028 2633 3340 2702 εὐμένειαν,
3372 2634 3439 2688 ἐκ
3466 2650 3528 2686 τε
3557 2632 3716 2704 βασι-

2140 2725 2280 2779 λέων
2313 2727 2405 2780 καὶ
2436 2724 2746 2795 βασιλίδων,
2779 2726 2875 2780 καὶ
2904 2725 3021 2795 ἅμα
3057 2726 3195 2796 πρὸς
3227 2726 3470 2793 πάντων,
3497 2726 3615 2781 ὅσοι
3652 2742 3715 2779 τε

2138 2821 2249 2871 τῶν
2273 2816 2650 2887 συγκλητικῶν
2672 2815 2769 2870 καὶ
2798 2817 2915 2871 ὅσοι
2940 2818 3050 2870 τῶν
3074 2817 3248 2881 άλλως
3278 2817 3510 2888 ἑχόντων
3532 2815 3717 2882 αίδοῦς

2142 2910 2238 2963 καὶ
2268 2909 2459 2978 τιμῆς.
2517 2910 2628 2963 Καὶ
2679 2910 2780 2980 μὲν
2813 2911 2879 2982 δή
2929 2910 3251 2980 κεφάλαιον,
3307 2910 3541 2982 ἔφασαν,
3571 2912 3720 2966 Im

2144 3020 2228 3056 σοι
2262 2999 2420 3055 τοῦτο
2451 3001 2557 3055 τῶν
2585 3002 2782 3071 λόγων,
2813 3003 2889 3066 ὡς
2919 3004 3200 3074 ἐπιμένων
3226 3002 3400 3076 ταύτῃ
3430 3006 3497 3073 τῇ
3546 3003 3715 3073 σκλη-

2142 3092 2331 3163 ρότητι
2367 3092 2583 3146 πολλῶν
2631 3093 2731 3163 μὲν
2766 3094 3008 3166 στερήσῃ
3056 3094 3167 3173 τῶν
3209 3094 3456 3163 ἀγαθῶν.
3497 3093 3715 3148 πολλῶν

2137 3183 2195 3238 δὲ
2232 3183 2545 3257 πειραθήσῃ
2576 3184 2687 3239 τῶν
2722 3185 2985 3273 λυπηρῶν
3004 3200 3021 3218 ο
3052 3186 3149 3239 καὶ
3179 3185 3297 3256 ἅμα
3322 3187 3434 3240 τῶν
3461 3185 3560 3257 μὲν
3598 3183 3714 3238 σῶν

2135 3273 2314 3343 λόγων
2341 3276 2457 3329 ὅσοι
2484 3277 2570 3330 ἐπ’
2603 3276 2903 3348 ἐκκλησίας
2934 3278 2991 3330 ὲν
3022 3279 3145 3342 ταῖς
3169 3277 3279 3331 τῶν
3308 3277 3480 3346 ἀγίων
3521 3278 3715 3347 ἀναγι-

2136 3365 2441 3422 νώσκονται
2488 3369 2759 3441 μνήμαις,
2806 3370 2917 3440 πῦρ
2963 3369 3266 3440 δαπανήσει
3308 3369 3568 3439 πολέμιον
3614 3370 3715 3425 καὶ

2137 3457 2415 3511 ἀντίθετον
2445 3458 2701 3524 ἅπαντας
2738 3461 2795 3513 ἐν
2837 3460 3052 3530 βραχεῖ,
3087 3459 3519 3530 προστάττοντος
3559 3460 3715 3530 βασι-

2136 3547 2273 3614 λέως
2294 3566 2309 3584 ·
2342 3551 2407 3605 σὺ
2429 3550 2475 3605 δ’
2504 3551 2712 3626 ἄταφος
2752 3550 2929 3606 θανὼν
2963 3551 3071 3621 ἔξω
3109 3570 3213 3609 που
3246 3554 3455 3629 ριφήϋη
3486 3553 3587 3625 τῆς
3608 3555 3712 3609 πό-
3766 3570 3772 3575 ·

2136 3641 2294 3707 λεως.
2341 3662 2361 3696 ι
2640 3652 2651 3667 ‘

2212 3821 2287 3877 I".
2331 3822 2473 3893 Ἐγὼ
2500 3824 2546 3879 δ’
2579 3824 2867 3880 ὑπολαϐὼν
2895 3825 3284 3898 Διοκλητιανοῦ
3317 3826 3543 3881 καὶτῶν
3561 3827 3711 3881 ὲκεί-

2138 3933 2229 3971 νου
2260 3916 2472 3987 καιρῶν
2523 3916 2762 3987 ἔφασκον
2795 3912 2939 3972 εῐναι
2983 3919 3149 3973 ταυτὶ
3199 3919 3268 3973 τά
3306 3921 3566 3990 ῥήματα·
3613 3920 3713 3977 καὶ

2139 4009 2235 4081 μὴ,
2263 4009 2334 4062 τά
2384 4008 2620 4080 μέγιστα
2653 4009 3007 4082 χαριζόμενοι
3045 4010 3155 4063 τῶν
3203 4008 3405 4076 καλῶν,
3456 4012 3710 4081 ωγχείτε

2136 4099 2234 4171 τὴν
2280 4101 2443 4171 χάριν
2470 4101 2528 4154 ὲν
2553 4099 2632 4170 τῷ
2683 4101 2784 4171 τῆς
2824 4101 3060 4168 ἀπειλῆς
3107 4101 3374 4172 σχήματι.
3404 4101 3546 4164 Τοὺς
3598 4102 3711 4171 γάρ

2140 4193 2437 4265 μαρτύρων
2467 4194 2592 4263 ἐμοὶ
2636 4194 2940 4262 στεφάνους
2989 4195 3417 4265 ὑπισχνούμενοι
3450 4197 3712 4265 χορηγεῖν

2137 4287 2421 4349 κακίστοις
2446 4285 2677 4357 ὀνόμασι
2704 4287 2775 4339 τὰ
2804 4284 3059 4356 βέλτιστα
3088 4282 3295 4341 δοκεῖτε
3327 4288 3550 4356 συγχεῖν
3569 4303 3584 4318 ’
3614 4285 3712 4339 καὶ

2137 4376 2299 4446 ὑμεῖς
2338 4377 2439 4447 μὲν
2477 4373 2552 4431 ῶν
2616 4377 2876 4447 βασιλεὺς
2926 4378 3139 4446 κύριος,
3171 4378 3444 4433 ἀπειλεῖτε
3467 4394 3482 4408 ⁸
3517 4361 3630 4444 ιγῖυ
3662 4377 3711 4430 δ’

462 4467 680 4536 quidem
727 4483 791 4522 ea
831 4468 1185 4554 minilamini,
1222 4485 1342 4539 quae
1374 4476 1503 4523 sunt
1535 4483 1701 4538 penes
1740 4469 2034 4539 imperato-

2138 4461 2212 4521 ὧν
2243 4467 2354 4537 ἐγὼ
2399 4468 2592 4539 κύριος
2632 4469 2732 4523 σύν
2785 4486 2849 4536 γε
2906 4469 3026 4540 Θεῷ
3061 4471 3153 4523 καὶ
3200 4472 3345 4524 πάνυ
3390 4467 3706 4538 φυλάττειν,

465 4575 578 4613 rem
633 4564 795 4632 :ego
856 4570 1040 4617 autem
1097 4563 1240 4634 (quae
1300 4562 1527 4634 iuvante
1577 4561 1687 4615 Deo
1719 4570 2036 4617 constanter

463 4669 681 4709 servare
706 4648 897 4724 “penes
929 4670 1017 4710 me
1075 4656 1180 4727 est)
1224 4654 1447 4712 certabo
1496 4662 1553 4710 et
1587 4670 1759 4725 usque
1787 4654 1856 4709 ad
1892 4670 2037 4709 mor-

465 4754 571 4800 tvm
610 4746 791 4810 slaho,
833 4747 1040 4802 nemini
1092 4749 1456 4817 mancipatam
1521 4757 1755 4802 mentem
1812 4760 2036 4801 conser-

462 4852 614 4891 vans.
640 4837 772 4893 Nam
828 4838 1048 4909 pietatis
1085 4839 1407 4895 exercenda:
1436 4854 1650 4894 summa
1684 4846 1767 4895 est
1799 4838 2035 4894 necessi-

463 4940 564 4988 tas.
594 4929 740 4983 nulla
763 4939 947 4984 autem
977 4931 1234 4985 vivendi:
1271 4946 1369 5001 pro
1396 4931 1597 5001 pietate
1645 4945 1865 5000 quoque
1895 4928 2033 4983 mori

461 5031 681 5072 necesse
719 5024 823 5084 est,
856 5032 964 5073 non
1005 5016 1134 5075 iam:
1166 5019 1404 5091 sepeliri.
1434 5038 1456 5073 ι
1497 5018 1719 5075 Interim
1771 5018 1852 5073 illi
1882 5018 2033 5074 abie-

459 5119 608 5165 ιἰιηι.

530 5202 612 5257 IV.
640 5200 710 5258 Ut
737 5209 921 5256 autem
955 5200 1163 5257 arctius
1217 5201 1417 5257 iterum
1460 5201 1791 5269 cumodirer,
1822 5199 2032 5255 foribus

456 5291 824 5346 admoventur
883 5306 1043 5355 δεῖτε,
1075 5290 1277 5360 pessuli
1330 5291 1632 5354 obduntur,
1660 5299 1719 5346 et
1770 5290 2029 5346 custodes

459 5379 738 5448 gnioribus
794 5379 1111 5434 acerbiores
1159 5389 1532 5450 apponuntur.
1563 5378 1794 5435 Maxime
1846 5388 2029 5434 tamen

457 5479 725 5537 optarem,
764 5478 822 5524 ut
849 5468 1076 5525 alteran'i
1117 5479 1324 5541 partem
1352 5482 1545 5526 eorum
1585 5469 2031 5526 comminationis

459 5579 700 5632 mngruo
719 5564 901 5619 derisu
927 5564 1184 5635 prosequi
1212 5580 1399 5619 coram
1430 5562 1564 5635 ipsis
1590 5563 1724 5619 milii
1755 5564 2026 5630 licuisset,

459 5662 515 5703 et
543 5653 617 5706 ibi
653 5654 992 5709 luculentius
1016 5658 1331 5719 ostendere,
1364 5664 1566 5724 quanta
1594 5655 1761 5710 fuerit
1795 5670 2030 5711 vesano-

462 5757 579 5794 llllll
632 5742 916 5798 hominum
955 5748 1193 5802 amentia
1219 5754 1274 5804 ct
1306 5745 1597 5803 stoliditas.
1623 5747 1702 5802 llli
1737 5754 1943 5813 autem,
1970 5757 2031 5803 ut

2140 4556 2480 4627 ἀγωνιοῦμαι
2536 4557 2631 4610 καὶ
2663 4558 2828 4629 μέχρι
2859 4556 3093 4612 θανάτου
3131 4559 3421 4628 στήσομαι,
3468 4557 3530 4610 τὸ
3576 4556 3713 4625 φρύ-

2137 4665 2288 4718 νημα
2319 4649 2504 4719 τηρῶν
2530 4648 2854 4705 ἀδούλωτον.
2882 4648 3147 4703 Εὐσεϐεἶν
3175 4648 3278 4718 μὲν
3304 4648 3414 4719 γὰρ
3464 4650 3710 4716 ἀνάγκη,

2137 4738 2237 4810 ζῇν
2269 4740 2314 4795 δ’
2348 4742 2449 4795 οὐκ
2499 4743 2716 4813 ἀνάγκη
2740 4757 2754 4772 ·
2797 4742 2895 4796 καὶ
2930 4726 3188 4812 θνήσκειν
3238 4743 3337 4811 μὲν
3367 4738 3510 4812 ὑπὲρ
3547 4740 3713 4793 εὐσε-

2138 4832 2290 4897 ϐείας
2312 4833 2549 4904 ἀνάγκη,
2574 4833 2877 4888 θάπτεσθαι
2906 4833 2951 4887 δ’
2980 4833 3083 4888 οὐκ
3129 4833 3197 4888 ἂν
3229 4835 3467 4902 ἀνάγκη.
3506 4832 3714 4886 Κάκεῖ-

2136 4938 2218 4976 νοι
2257 4922 2355 4994 μὲν
2381 4925 2441 4978 ιν
2465 4925 2677 4987 τούτοις
2706 4923 2974 4995 ἀπῄεσαν.

2206 5190 2279 5242 Δ’.
2327 5186 2481 5257 Ἐμοὶ
2532 5185 2591 5240 δὲ
2644 5184 2810 5242 πάλιν
2857 5184 3085 5254 κλεῖθρα
3131 5186 3231 5242 καὶ
3288 5185 3478 5256 μοχλοὶ
3523 5184 3711 5255 θυρῶν

2137 5282 2424 5351 ἐπήγοντο,
2458 5280 2553 5333 καὶ
2589 5278 2701 5335 τῶν
2744 5279 3031 5350 προτέρων
3079 5279 3397 5351 πικρότεροι
3436 5277 3707 5347 φύλακες.

2139 5375 2330 5429 Καίτοι
2360 5391 2426 5444 γε
2478 5373 2780 5447 ἐϐουλόμην
2810 5375 2863 5444 γ’
2893 5374 2960 5428 ἂν
2999 5375 3089 5429 ἐπ’
3131 5374 3313 5429 αὐτῶν
3340 5374 3438 5428 καὶ
3476 5374 3709 5446 θάτερον

2137 5468 2302 5538 μέρος
2333 5468 2433 5537 τῆς
2466 5467 2618 5536 σφῶν
2646 5467 2878 5537 ἀπειλῆς
2915 5471 2983 5541 τῇ
3014 5467 3372 5541 προσηκούσῃ
3402 5469 3705 5540 παραπέμ-

2132 5560 2230 5628 ψαι
2261 5558 2448 5632 χλεύῃ.
2482 5560 2577 5614 καὶ
2602 5559 2779 5625 δεῖξαι
2815 5560 3093 5615 κάνταῦθα
3136 5560 3551 5632 δαψιλέστερον,
3578 5561 3709 5614 ὅσον

2133 5653 2233 5723 τῆς
2254 5654 2515 5716 ἀπονοίας
2541 5653 2603 5706 τὸ
2635 5653 2891 5723 άγνωμόν
2929 5670 2989 5707 τε
3038 5655 3134 5708 καὶ
3166 5652 3387 5725 εὖηθες.
3412 5654 3481 5707 οι
3513 5653 3593 5715 δὲ,
3630 5652 3706 5715 ὡς

2132 5746 2301 5813 ἔοικε,
2334 5746 2428 5809 τὴν
2453 5745 2663 5802 ἑαυτῶν
2697 5748 2855 5801 αὐτοὶ
2887 5748 3251 5808 καταγνόντες
3287 5744 3572 5805 αίσνύνην.
3598 5762 3704 5799 κω-
