4088 6212
428 369 566 435 1437

1361 311 1805 422 numnum
1831 356 2215 433 mammas
2241 358 2383 418 LIB.
2422 357 2633 421 xx1v.

3533 355 3666 421 M38

417 484 511 553 φοι
536 485 651 546 τοῖς
680 481 1107 551 λεχθησομένοις
1134 476 1389 540 ἀπιόντες
1420 477 1644 547 ᾤχοντο.
1689 471 1843 529 Εἶναι
1881 473 1990 544 γὰρ

2094 472 2333 537 videtur,
2355 482 2645 545 perspecta
2707 472 3086 545 sua‘ipsorum
3126 473 3446 546 ignominia,
3467 476 3660 531 obsur-

421 576 765 645 Παλαμίταις
793 568 855 627 τὸ
885 572 1325 641 σκοπιμὼτατον,
1375 569 1584 623 παῦσαι
1615 570 1713 639 μὲν
1738 567 1835 630 τὰς
1868 568 1988 636 ἑορ-

413 664 513 724 τὰς
538 663 633 715 τοῦ
681 660 843 725 Θεοῦ,
895 661 995 731 τὴν
1044 658 1311 730 ινσαρκον
1349 658 1664 727 οἰκονομίαν
1718 656 1989 727 μηδαμῶς

415 753 584 807 αὐτοῦ
631 753 1009 824 προσιεμένοις
1033 766 1048 783 ·
1089 750 1294 804 παῦσαι
1328 749 1385 803 δὲ
1440 750 1533 802 καὶ
1579 746 1819 819 τοῦνομα
1873 749 1988 812 τοῖς

412 843 593 912 λόγοις
629 843 841 907 τούτοις
866 843 1067 913 τούμὸν
1101 842 1240 912 μετὰ
1281 844 1378 911 τῆς
1421 841 1561 910 ἐμῆς
1589 840 1989 911 ἐμφαινόμενον

413 938 714 999 εύσεὸείας.
748 936 810 989 Ei
864 930 958 989 οὖν
991 934 1149 988 τοῦτο
1192 933 1358 1003 διδοίη
1401 950 1506 995 τις,
1546 933 1648 985 οὐκ
1700 933 1765 987 ἂν
1797 932 1988 1001 φθάνοι

414 1030 513 1092 τὰς
561 1028 809 1090 Μωσέως
855 1027 951 1083 καὶ
988 1026 1153 1079 Δαδὶδ
1197 1025 1294 1079 καὶ
1324 1025 1506 1087 πάσας
1541 1024 1838 1087 Ἰουδαῖκὰς
1867 1025 1988 1078 δια-

415 1114 643 1184 γράφων
695 1113 931 1184 βίϐλους,
977 1111 1071 1167 ἅτε
1115 1112 1332 1184 χρόνοις
1383 1112 1607 1180 ὕστερον
1639 1111 1987 1182 ἑκκηρύκτου

417 1206 788 1269 καταστάντος
840 1204 938 1258 τοῦ
978 1204 1249 1258 Ἰουδαίων
1297 1203 1487 1265 ἔθνους
1535 1205 1689 1273 ἡμῖν.
1745 1202 1851 1255 Καί
1897 1219 1987 1272 μοι

418 1298 720 1366 θαυμάζειν
743 1298 1015 1368 περίεστι,
1046 1296 1162 1358 πῶς
1190 1294 1485 1365 Νεστόριον
1514 1296 1614 1365 μὲν
1642 1296 1736 1349 καὶ
1773 1295 1991 1349 Είκονο-

422 1390 625 1460 μάχους
659 1391 827 1444 τᾶλλα
855 1389 1114 1461 ζηλοῦσιν
1142 1390 1351 1455 αὐτοῖς
1454 1388 1690 1458 μάλιστὰ
1725 1405 1790 1457 γε
1821 1389 1989 1458 ἐχρῆν

416 1485 666 1538 ὁπωσοῦν
703 1485 948 1555 ἐχομένῳ
983 1472 1265 1553 φιλαυτία,
1296 1484 1355 1535 έν
1394 1482 1571 1553 τούτῳ
1613 1483 1849 1551 μάλιστα
1892 1484 1990 1553 ζη-

415 1576 541 1629 λοῦν
584 1576 646 1629 ού
687 1575 983 1646 γεγένηται
1032 1576 1147 1629 νῦν.
1187 1574 1302 1645 Τὴν
1346 1574 1454 1647 γὰρ
1503 1573 1594 1629 τοῦ
1639 1564 1772 1629 Θεοῦ
1824 1575 1987 1644 λόγου

419 1666 743 1737 συγχέοντες
772 1666 1191 1737 ἑνανθρώπησιν
1222 1667 1443 1729 ἐκεῖνοι,
1475 1666 1573 1720 καὶ
1618 1665 1718 1728 τὰς
1749 1665 1900 1729 θείας
1923 1669 1988 1720 ὲκ

2092 567 2332 620 (luerunt
2388 567 2455 620 ad
2504 581 2594 620 res
2643 565 2927 629 dicendas,
2959 575 3018 620 et
3064 565 3461 621 discesserunt.
3506 566 3663 622 Hunc

2090 657 2237 712 enim
2272 657 2375 711 sibi
2407 657 2741 727 praecipuum
2773 655 3050 712 Palamitas
3077 671 3305 726 scopum
3325 666 3666 726 proponunt,

2093 760 2152 802 ut
2184 758 2299 802 tum
2354 763 2547 803 omnes
2599 749 2693 804 Dei
2729 749 2900 805 festos
2948 749 3068 804 dies
3101 748 3359 803 aboleant
3381 750 3663 818 (quoniam

2092 840 2489 896 incarnationis
2536 841 2656 912 ejus
2710 841 3034 912 mysterium
3088 841 3406 895 nullatenus
3461 840 3648 894 admit-

2090 927 2258 997 tunt),
2312 936 2426 982 tum
2471 930 2639 983 etiam
2710 928 3035 999 impediant,
3065 943 3136 983 ne
3183 928 3420 997 amplius
3459 928 3515 982 in
3545 928 3666 984 istis

2090 1017 2332 1074 homiliis
2371 1035 2435 1075 ac
2477 1020 2828 1076 sermonibus
2870 1032 3070 1077 nomen
3127 1036 3309 1076 meum
3364 1006 3492 1083 mea
3536 1036 3664 1076 cum

2090 1110 2295 1179 pic-tate
2351 1120 2637 1182 appareat.
2692 1112 2848 1180 Quod
2901 1112 2948 1168 si
3002 1111 3333 1168 concederet
3365 1112 3661 1182 quispiam,

2093 1182 2459 1272 lléG‘Iieri
2506 1217 2616 1258 non
2643 1212 2854 1274 posset.
2885 1202 3033 1273 quin‘
3058 1203 3316 1274 protinus
3339 1203 3526 1268 Musis,
3563 1204 3667 1258 Da—

2090 1295 2255 1357 vidis,
2279 1302 2336 1349 et
2374 1310 2568 1351 omnes
2621 1294 2936 1351 Judaeorum
2993 1294 3167 1351 libros
3185 1295 3550 1361 oblitteraret,
3581 1305 3668 1352 ut-

2089 1399 2216 1460 pote
2244 1404 2369 1443 cum
2391 1391 2717 1461 jampridem
2761 1392 3075 1447 Iudaeorum
3103 1405 3237 1462 gens
3265 1407 3294 1446 a
3326 1391 3487 1446 nobis
3507 1393 3665 1446 dam-

2089 1491 2214 1535 nata
2246 1490 2302 1535 et
2333 1485 2639 1554 proscripta
2670 1484 2856 1539 fuerit.
2887 1483 2951 1539 Et
2982 1485 3085 1539 hoc
3110 1484 3244 1539 mihi
3269 1484 3428 1539 valde
3462 1485 3665 1539 mirum

2087 1572 2311 1637 accidit,
2368 1575 2645 1643 quomodo
2699 1574 3015 1630 Nestorium
3069 1585 3124 1630 et
3169 1573 3560 1631 lconomachos
3606 1576 3664 1631 in

2088 1665 2213 1720 aliis
2233 1665 2587 1732 aemulentur,
2631 1681 2734 1722 nec
2779 1675 2960 1721 tamen
2993 1666 3215 1721 eosdem
3243 1681 3391 1721 nunc
3420 1666 3665 1722 aemulati

421 1759 589 1828 μέσου
620 1756 903 1818 ποιοῦντες
938 1757 1173 1820 εἰκόνας,
1209 1757 1310 1810 ὅσα
1347 1756 1679 1826 μουσουργοὶ
1708 1757 1805 1809 καὶ
1832 1757 1986 1824 λογο-

2092 1755 2315 1819 fuerint,
2343 1756 2445 1811 hac
2479 1759 2782 1827 prassertim
2828 1759 2883 1813 in
2930 1775 3011 1821 re.
3041 1760 3096 1814 in
3136 1774 3245 1829 qua
3274 1760 3394 1815 illos
3416 1761 3664 1816 aamulari

417 1825 615 1917 γράφοι
635 1850 700 1917 τῇ
717 1845 1018 1919 Ἐκκλησία
1034 1844 1118 1917 [Ρ.
1143 1845 1269 1917 717]
1285 1825 1742 1899 καταλελοίπασιν
1770 1845 1838 1917 ᾅσ
1846 1864 1990 1916 ματα

2092 1846 2319 1902 deberet
2360 1849 2428 1911 is,
2476 1849 2567 1918 qui
2614 1850 2986 1920 qualicunque
3027 1850 3111 1905 sui
3141 1859 3667 1907 amoreteneretur.

418 1935 510 1985 καὶ
522 1935 736 2003 λόγους,
752 1934 1016 2005 ιτούτωνῇ⁹
1027 1932 1180 1986 οὐδὲν
1207 1933 1417 2001 οὐδαμῆ
1443 1931 1846 2002 συνεξώθησανο
1873 1934 1991 1987 ἀλλ’

416 2023 542 2099 ᾖδον
573 2029 668 2080 καὶ
703 2027 942 2096 ἐτησίοις
972 2025 1260 2096 ἐγέραιρον
1291 2024 1691 2094 πανηγύρεσιν.
1727 2018 1884 2079 Οὗτοι
1906 2025 1984 2089 δὲ,

416 2120 479 2172 τό
508 2137 693 2188 σφισιν
716 2119 909 2183 είωθὸς
936 2118 1219 2173 κάνταῦθα
1242 2113 1421 2171 ποιεῖν
1444 2117 1654 2187 οὐδαμῆ
1684 2134 1747 2185 γε
1771 2118 1989 2171 ὀκνοῦν-

416 2228 529 2274 τες,
588 2210 688 2264 καὶ
741 2209 917 2282 ταύτῃ
956 2209 1244 2272 κάκείνους
1294 2210 1363 2279 τῇ
1397 2208 1568 2279 κακίᾳ
1620 2207 1990 2276 φιλονεικοῦσι

418 2301 663 2372 νικῆσαι.
702 2301 942 2372 Δίσχύνη
998 2302 1107 2369 γὰρ
1138 2300 1316 2362 τοῦτο,
1360 2301 1456 2353 καὶ
1505 2299 1649 2369 μάλα
1679 2298 1988 2367 ἀπόϐλητον

418 2388 560 2444 εἶναι
590 2391 870 2460 νομίζεται
916 2390 1170 2460 Παλαμᾷ,
1204 2389 1326 2443 καθ’
1354 2389 1533 2443 ὁπόσα
1576 2391 1690 2450 τοῖς
1721 2390 1987 2457 ἀρχηγοῖς

416 2483 526 2536 τῶν
581 2482 845 2551 αἱρέσεων
880 2481 1107 2552 εὓρηται
1148 2482 1370 2551 σπέρμα
1433 2481 1988 2550 δυσσεϐείαςθάρκεῖ-

420 2577 570 2641 σθαι,
600 2576 648 2628 εί
690 2575 766 2646 μὴ
796 2577 890 2628 καὶ
933 2576 1034 2644 τὴν
1089 2572 1224 2642 παρ’
1254 2571 1453 2626 ἑαυτοῦ
1504 2571 1851 2640 συνεισφέροι
1897 2587 1994 2624 και

420 2666 547 2720 κίαν
592 2668 687 2735 ἐπὶ
736 2666 927 2736 κακίᾳ.
961 2665 1215 2735 Ἐνεργδν
1244 2665 1352 2733 γὰρ
1406 2664 1496 2718 ἀεὶ
1544 2663 1606 2716 τὸ
1640 2664 1924 2733 φιλότιμον
1966 2663 1996 2716 δ

422 2757 562 2828 ἀνὴρ
585 2758 945 2824 ἐνδείκνυται,
977 2756 1228 2827 πανταχῆ
1253 2756 1465 2819 πάντας
1492 2756 1698 2819 κακοὺς
1722 2756 1782 2808 ἂν
1805 2755 1997 2819 κακοῖς

418 2850 771 2921 ὑπερϐάλλων
799 2851 897 2921 (1).

2089 1937 2222 1991 Nam
2250 1938 2379 1995 licet
2406 1940 2499 1996 Dei
2527 1939 2689 1996 Verbi
2722 1941 3156 1998 incarnationem
3198 1950 3516 1997 everterent
3550 1943 3666 1999 leo-

2089 2030 2374 2092 nomachi,
2405 2038 2462 2083 et
2521 2031 2738 2085 divinas
2774 2033 3041 2100 imagines
3092 2048 3124 2089 e
3176 2033 3360 2097 medio
3391 2035 3667 2099 tollerrnt,

2090 2125 2331 2170 attamen
2365 2117 2544 2172 nullos
2577 2118 2838 2189 hymnos,
2863 2119 3042 2173 nullas
3070 2120 3346 2185 homilias,
3365 2123 3669 2177 nullacan-

2092 2208 2218 2272 tica,
2243 2222 2310 2262 ex
2341 2208 2407 2264 iis
2429 2224 2551 2279 qua:
2575 2211 2873 2280 scriptores
2895 2212 3207 2282 huiusmodi
3229 2228 3457 2283 operum
3488 2212 3669 2269 Eccle-

2096 2298 2192 2353 siae
2226 2298 2596 2368 reliquerunt,
2646 2301 2956 2366 abolevere,
2996 2304 3105 2357 imo
3131 2304 3403 2360 cauebant
3430 2314 3487 2373 et
3514 2304 3670 2360 anni-

2095 2386 2358 2441 versariis
2408 2388 2753 2443 honorabant
2800 2391 3269 2447 solemnitatibus.
3296 2400 3363 2446 At
3387 2410 3515 2448 vero
3543 2410 3667 2449 cum

2092 2479 2407 2545 Palamitas,
2467 2480 2614 2551 quod
2665 2481 2750 2536 sui
2811 2484 2981 2539 moris
3011 2495 3115 2550 est,
3149 2486 3240 2540 hic
3283 2486 3449 2542 etiam
3471 2500 3671 2556 perpe-

2094 2574 2595 2642 trare.nentiquam
2650 2574 2853 2646 pigeat,
2885 2577 2991 2630 ista
3030 2591 3251 2646 quoque
3277 2577 3673 2632 lconomachos

2093 2664 2447 2735 improbitate
2470 2682 2733 2737 superare
2764 2668 3128 2725 contendunt.
3158 2670 3492 2726 Probrosum
3522 2671 3669 2725 cnim

2095 2762 2151 2808 et
2209 2755 2582 2824 rejectaneum
2642 2756 2877 2812 Palama:
2904 2757 3145 2823 videtur,
3178 2758 3284 2813 sibi
3308 2758 3439 2813 satis
3470 2759 3672 2821 habere

2099 2861 2442 2918 qumcunque
2496 2847 2563 2902 ab
2592 2848 2874 2903 hmreseon
2916 2848 3152 2905 ducibus
3182 2860 3398 2920 reperta
3427 2859 3555 2905 sunt
3584 2866 3668 2905 se-

421 2944 567 2996 mina
632 2941 953 3011 impietatis,
996 2941 1107 2997 nisi
1168 2942 1387 2997 illorum
1457 2939 1798 3010 improbitati
1854 2954 2007 2994 suam
2049 2955 2271 3010 quoque
2310 2940 2723 3010 improbitatem
2774 2941 3028 2998 conferat
3067 2951 3123 2998 et
3171 2944 3454 3015 adiungat.
3512 2943 3672 2998 Nam-

420 3048 528 3103 que
559 3041 838 3086 actuosam
887 3045 1107 3101 semper
1136 3029 1497 3086 ambitionem
1534 3046 1646 3101 prae
1684 3045 1742 3083 se
1768 3029 1874 3084 fert
1904 3029 2175 3094 Palamas,
2215 3038 2271 3083 et
2294 3029 2502 3085 malitia
2536 3031 2709 3085 malos
2735 3047 2928 3086 omnes
2961 3031 3166 3102 ubique
3198 3044 3442 3103 superat.

492 3124 649 3196 [Cet].
679 3124 797 3180 Vat.
831 3122 927 3179 fol.
953 3123 1022 3178 95
1063 3123 1119 3195 a]
1155 3124 1228 3178 E'.
1261 3124 1402 3194 Ἤδη
1422 3124 1478 3177 δὲ
1507 3124 1603 3176 τοῦ
1632 3122 1981 3193 φθινοπώρου

2159 3122 2217 3177 ν.
2264 3122 2510 3178 Exeunte
2558 3123 2670 3193 jam
2719 3133 2987 3178 autumno
3050 3139 3174 3179 eum
3225 3126 3461 3182 instante
3507 3129 3669 3185 festo'

420 3216 698 3286 λήγοντος,
728 3216 821 3268 καὶ
874 3214 978 3284 τῆς
1031 3214 1227 3285 ἑορτῆς
1274 3216 1578 3284 ἐπιστάσης
1613 3214 1648 3283 ἢ
1679 3216 1797 3276 τοῖς
1829 3214 1986 3282 εμοῐς

419 3304 822 3372 δεσμοφύλαξιν
868 3306 1082 3375 ὲτήσιος
1134 3309 1199 3376 τῇ
1228 3307 1492 3375 πανάγνῳ
1518 3305 1754 3359 τελεῖται
1802 3304 1988 3372 Μητρὶ

420 3398 519 3452 τοῦ
545 3396 703 3466 Θεοῦ,
738 3400 832 3451 καὶ
876 3398 975 3468 μὶν
1007 3398 1072 3467 δὴ
1106 3399 1198 3449 aro"
1210 3397 1317 3449 λῶν
1361 3397 1456 3451 καὶ
1494 3396 1853 3449 παντοδαπῶν
1888 3394 1987 3448 ἀνα

421 3489 562 3556 δρῶν
598 3488 800 3557 ἀναμὶξ
844 3488 1126 3547 εἰσιόντων
1160 3489 1276 3556 ἅμα
1317 3488 1411 3541 καὶ
1453 3487 1703 3552 ἐξιόντων
1737 3489 1794 3551 ἐς
1819 3486 1878 3539 τὸ
1910 3488 1987 3539 ίε-

426 3584 540 3653 ρον,
570 3584 728 3637 ἔλαθέ
756 3601 838 3645 τις
858 3583 968 3636 τῶν
995 3583 1096 3635 οὐκ
1126 3582 1335 3649 ἅγενῶν
1360 3582 1454 3634 καὶ
1483 3578 1597 3652 [Γυί.
1634 3580 1702 3634 95
1728 3578 1780 3652 ὁ]
1821 3579 1990 3634 πάλαι

424 3673 696 3743 φοιτητῶν
723 3673 819 3725 καὶ
850 3674 908 3735 ἐς
927 3673 995 3724 τὰ
1030 3672 1258 3741 μάλιστα
1295 3672 1465 3741 φίλων
1497 3673 1619 3740 ἐμοὶ
1656 3670 1781 3742 περὶ
1807 3671 1993 3725 δευτέ-

427 3785 527 3837 ραν
558 3768 660 3837 ἥδη
700 3764 948 3837 φυλακὴν
983 3767 1081 3837 τῆς
1130 3764 1325 3828 νυκτὸς
1354 3765 1445 3816 διὰ
1479 3764 1696 3835 θυρίδος
1724 3764 1869 3827 τινὸς
1910 3765 1992 3829 είς

421 3855 521 3925 τὴν
546 3854 685 3925 ἐμὴν
712 3856 1069 3925 παρεισρυεὶς
1108 3853 1312 3907 οἰκίαν.
1363 3854 1563 3924 Ἔτυχε
1592 3853 1702 3924 γὰρ
1743 3870 1860 3916 πως
1887 3855 1989 3907 κά-

424 3948 612 4015 κείνην
634 3945 897 4015 ἀσέληνον
922 3942 1062 4000 εῖναι
1080 3947 1181 4017 τὴν
1212 3945 1402 4012 νύκτα,
1429 3945 1525 3999 ἆτε
1550 3945 1673 3999 καθ’
1695 3946 1754 3998 ἓν
1777 3945 1989 4012 ζὼδιον,

423 4035 623 4104 δηλαδὴ
643 4036 735 4087 τὸν
757 4035 1019 4103 Τοξότην,
1044 4034 1156 4087 τῶν
1187 4033 1331 4087 δυοῖν
1357 4034 1746 4104 διατριϐόντων
1776 4035 1992 4107 φωστή-

428 4140 537 4189 ρων
572 4122 898 4193 τηνικαῦτα,
926 4126 1020 4177 καὶ
1045 4122 1199 4193 μόλις
1225 4140 1329 4176 που
1361 4124 1749 4178 πεντεκαῖδεκα
1796 4124 1992 4193 μοίρας

423 4216 808 4285 ἀφισταμένων
829 4214 1090 4284 ἀλλήλων,
1126 4216 1265 4283 μετὰ
1283 4215 1498 4268 σύνοδον
1519 4216 1619 4288 ήδη
1645 4218 1746 4286 τῆς
1764 4217 1993 4285 σελήνης

425 4305 727 4375 φευγούσης
747 4305 840 4359 τδν
866 4306 1037 4374 ἥλιον,
1072 4306 1167 4358 καὶ
1199 4307 1368 4375 μήπω
1401 4306 1524 4377 μηδ’
1553 4308 1723 4376 αὐτῆς
1745 4307 1871 4378 μηδ’
1897 4307 1993 4359 επὶ

425 4397 600 4468 βραχὺ
617 4397 916 4468 δυναμένης
933 4395 1338 4479 βραχείαςκγοῦν
1355 4398 1420 4467 τῇ
1443 4399 1562 4452 καθ’
1584 4400 1617 4468 ἡ
1625 4400 1728 4467 μᾶς
1742 4406 1890 4453 οἰκον
1900 4399 1993 4469 μέ-

380 4551 387 4556 _
424 4506 487 4557 νῃ
521 4492 774 4558 χορηγεῐν
788 4487 895 4540 τῶν
919 4487 1137 4539 οίκείων
1157 4485 1340 4554 αὐγῶν
1359 4486 1457 4548 τὰς
1498 4487 1810 4556 λαμπάδας.
1851 4488 1991 4557 Ἐγὼ
2020 4481 2070 4543 D

425 4578 553 4646 γοῦν
581 4580 783 4651 ἀήθους
818 4580 913 4632 καὶ
972 4579 1128 4645 ξένου
1179 4578 1325 4642 τινος
1358 4570 1678 4649 αἰσθόμενος
1741 4580 1990 4634 ἐντεῦθεν

426 4674 670 4741 πατάγου
692 4672 761 4726 τὰ
797 4672 895 4740 μὲν
920 4671 1114 4741 πρῶτα
1144 4670 1236 4726 διὰ
1270 4671 1369 4743 τὴν
1410 4672 1620 4744 ἀωρίαν
1649 4672 1989 4743 ἐξεπεπλήγ-

429 4783 534 4835 μην
557 4784 572 4797 ο
603 4763 721 4818 εἶτα
766 4765 944 4835 φωτὸς
991 4764 1345 4833 κομισθέντος
1381 4766 1478 4818 καὶ
1510 4766 1635 4819 ίδὼν
1675 4766 1786 4819 οὐδ’
1815 4764 1989 4830 οὕτως

422 4859 636 4913 οὐδέπω
679 4859 789 4911 τῶν
825 4860 1123 4930 γνωρίμων
1168 4858 1323 4919 ιντὸς
1369 4857 1617 4928 ενόμιζον
1664 4853 1805 4909 εἷναί
1835 4873 1982 4922 τινα,

428 4950 657 5018 μακρῶν
700 4949 790 5003 διὰ
832 4951 932 5018 τὴν
959 4949 1230 5019 ἐκδημίαν
1264 4950 1366 5020 ἤδη
1421 4966 1520 5002 που
1553 4951 1984 5021 παραρρυέντων

423 5041 583 5105 ἑτῶν,
615 5042 710 5094 καὶ
743 5041 882 5094 αὐτὰ
918 5040 1248 5110 σχεδδνττῶν
1277 5041 1646 5111 χαρακτήρων
1679 5042 1778 5111 τῆς
1809 5041 1987 5110 ὂψεως

424 5131 590 5204 αὑτοῦ
616 5132 686 5185 τὰ
724 5134 926 5202 σημεῖα
954 5134 1059 5202 τῆς
1123 5132 1261 5203 ἐμῆς
1292 5133 1683 5203 ’ἀφῃρημένων
1742 5135 1987 5204 μνήμης.

437 5225 575 5278 Ἀλλ’
606 5225 813 5288 ἐκεῖνος
839 5225 959 5277 ἐπεί
992 5241 1050 5278 τε
1081 5227 1181 5278 ίδοι
1208 5226 1303 5279 καὶ
1322 5225 1583 5293 ἀναγνοίη
1616 5224 1848 5292 βεσαίως
1868 5224 1989 5292 ἐμὲ.

429 5317 613 5386 ⁸βύθιόν
666 5331 720 5369 τι
771 5316 1102 5387 καὶνσφόδρκ
1153 5316 1460 5389 περιπαθὲς
1513 5315 1832 5387 ἀνῴμωξεν,
1879 5313 1992 5371 οἷον

425 5412 624 5479 ἄθρουν
666 5408 790 5463 τινὰ
836 5409 927 5463 καὶ
964 5409 1238 5481 ὁμιχλώδη
1284 5400 1848 5479 καπνὸνικαμινιαίας
1904 5413 1990 5467 αὶ-

2089 3214 2233 3284 quod
2283 3229 2313 3267 a
2360 3213 2497 3270 meis
2551 3213 2875 3269 custodibus
2904 3215 3198 3283 quotannis
3230 3218 3547 3273 castissima:
3577 3235 3673 3274 ce-

2090 3302 2332 3356 lebratur
2358 3302 2516 3358 Matri
2557 3303 2689 3367 Dei,
2728 3303 2887 3356 turba
2932 3303 3214 3359 hominum
3264 3308 3446 3362 omnis
3504 3324 3672 3378 gene-

2089 3393 2165 3447 ris
2227 3392 2538 3463 promiscue
2607 3392 2841 3446 intraret
2894 3394 3158 3463 templum
3225 3386 3390 3464 atque
3444 3397 3673 3466 egrede-

2090 3496 2268 3547 retur,
2300 3486 2387 3539 vir
2421 3483 2622 3539 nobilis
2655 3483 2904 3553 quidam,
2926 3485 3016 3554 qui
3047 3484 3323 3554 quondam
3358 3501 3517 3542 meus
3547 3488 3670 3541 fue-

2092 3590 2177 3635 rat
2232 3578 2533 3647 discipulus
2582 3577 2829 3647 mihique
2877 3577 3116 3632 maxime
3173 3577 3484 3643 familiaris,
3531 3579 3669 3633 clam

2092 3671 2469 3742 secundajam
2500 3670 2683 3742 noctis
2708 3669 2890 3741 vigilia
2921 3685 3021 3739 per
3055 3669 3666 3740 fenestramﬂuamdam

2094 3764 2147 3819 in
2179 3777 2355 3817 meam
2388 3762 2610 3830 irrepsit
2631 3762 2876 3818 domum.
2900 3765 3097 3820 Evenit
3122 3765 3268 3819 enim
3308 3765 3451 3819 forte
3483 3776 3543 3818 ut
3577 3765 3669 3820 illa

2092 3871 2202 3911 nox
2226 3861 2374 3908 esset
2402 3851 2611 3915 illunis.
2642 3854 2790 3924 quod
2822 3857 2876 3910 in
2914 3871 3025 3911 uno
3075 3856 3285 3912 zodiaci
3338 3858 3514 3928 signo,
3568 3861 3668 3914 Sa-

2093 3946 2332 4019 gittario,
2379 3952 2676 4014 utrumque
2727 3947 2914 4002 lumen
2952 3956 3067 4003 tum
3120 3949 3445 4004 versabatur
3472 3960 3530 4004 et
3577 3952 3668 4008 vix

2093 4038 2408 4109 quindecim
2461 4033 2576 4095 fere
2607 4039 2854 4108 partibus
2892 4039 3126 4095 alterum
3169 4039 3239 4095 ab
3286 4041 3460 4098 altero
3497 4045 3671 4101 dista-

2095 4132 2187 4187 bat
2220 4133 2348 4188 luna
2383 4141 2505 4204 post
2535 4146 2893 4202 congressum
2925 4132 3036 4202 jam
3082 4133 3251 4189 solem
3284 4134 3548 4206 fugiente,
3594 4138 3667 4193 ita

2097 4235 2154 4280 ut
2186 4226 2300 4295 ipsa
2333 4241 2400 4281 ne
2443 4227 2497 4281 in
2534 4225 2701 4281 breve
2717 4223 2956 4294 quidem
2986 4233 3204 4296 tempus
3231 4227 3314 4283 vel
3348 4229 3542 4299 exigua
3575 4246 3669 4283 no-

2097 4327 2265 4373 stram
2305 4325 2507 4373 terram
2543 4317 2667 4372 luce
2711 4316 3038 4372 collustrare
3069 4329 3278 4387 posset.
3338 4316 3453 4390 Ego
3481 4331 3666 4375 autem

2099 4422 2223 4463 cum
2251 4417 2409 4461 nocte
2442 4406 2768 4476 intempesta
2790 4420 2987 4460 novum
3016 4415 3180 4477 atque
3212 4408 3490 4463 insolitum
3516 4410 3671 4465 audi-

2098 4513 2209 4554 rem
2241 4500 2553 4570 strepitum,
2595 4498 2834 4569 primum
2876 4499 3098 4569 quidem
3148 4511 3297 4555 metu
3342 4503 3671 4571 perterritus

2096 4602 2246 4641 eram
2272 4604 2289 4655 ;
2318 4589 2517 4644 deinde
2548 4605 2676 4643 vero
2715 4589 2924 4642 lumine
2953 4589 3120 4643 allato
3149 4605 3273 4644 cum
3296 4590 3406 4661 jam
3440 4576 3669 4645 cernere

2096 4679 2273 4735 oculis
2332 4695 2572 4751 possem,
2610 4695 2957 4751 nequaquam
2991 4690 3181 4735 notum
3209 4682 3503 4751 quemdam
3533 4684 3667 4738 mihi

2097 4776 2372 4830 hominem
2411 4776 2558 4831 intus
2601 4790 2723 4833 esse
2765 4778 3048 4848 putabam.
3111 4776 3313 4833 Multos
3362 4780 3508 4833 enim
3554 4781 3666 4850 jam

2096 4882 2269 4921 annos
2298 4866 2389 4922 ille
2419 4869 2804 4939 peregrinatus
2825 4868 3024 4935 fuerat,
3056 4867 3130 4923 ita
3161 4876 3220 4922 ut
3250 4873 3514 4938 temporis
3543 4872 3668 4927 lou-

2094 4958 2341 5029 gitudine
2384 4959 2538 5028 signa
2582 4966 2749 5029 atque
2791 4960 3122 5014 lineamenta
3148 4960 3264 5014 oris
3291 4962 3411 5033 ejus
3440 4979 3508 5018 ex
3537 4981 3656 5022 mea

2093 5048 2353 5102 memoria
2376 5048 2492 5103 lere
2527 5049 2879 5105 excidissent.
2917 5048 3166 5122 1156a
3193 5050 3290 5106 Ille
3331 5065 3512 5110 autem
3536 5072 3662 5112 cum

2094 5156 2180 5194 me
2198 5139 2583 5211 videret‘atque
2602 5141 2758 5211 plane
2779 5152 3121 5212 agnosceret,
3139 5143 3495 5200 vehementer
3511 5128 3666 5201 eom-

2095 5239 2278 5284 motus
2303 5231 2371 5286 ab
2402 5230 2510 5286 imo
2542 5242 2760 5303 pectore
2790 5233 3089 5304 suspirium
3124 5236 3346 5300 eduxit,
3391 5244 3447 5291 et
3494 5239 3663 5293 veluti

2096 5320 2328 5374 densum
2368 5331 2535 5391 atque
2571 5322 2900 5378 nebulosum
2927 5328 3138 5379 fumum
3162 5334 3218 5380 et
3245 5325 3528 5397 fuliginem
3559 5328 3667 5384 for-

2097 5413 2344 5467 nacalcm
2390 5415 2559 5469 animi
2610 5404 2762 5470 intus
2813 5430 3030 5472 summo
3057 5418 3244 5474 dolore
3282 5422 3566 5478 testuantis
3596 5439 3665 5480 ex

492 5614 562 5676 (ί)
588 5615 677 5665 llic
717 5617 899 5667 desinit
926 5616 1334 5682 editiounolviui,
1379 5630 1555 5682 nempe
1583 5620 1630 5667 in
1660 5617 1771 5667 libri
1801 5632 1909 5665 xm
1939 5625 2076 5681 parte
2121 5618 2300 5679 priori;
2339 5627 2527 5682 partem
2569 5620 2797 5678 alteram,
2823 5633 2968 5682 quam
2995 5620 3353 5678 subuectimns.
3382 5638 3491 5673 cnm
3524 5625 3667 5676 libris

430 5693 523 5727 λιν
551 5686 606 5740 et
629 5691 766 5736 xm,
802 5693 863 5726 ex
897 5682 1065 5727 codice
1092 5678 1353 5740 Vaticano;
1392 5681 1545 5728 libros
1586 5692 1913 5728 xxvn-xxxvu
1941 5678 2015 5729 ἐκ
2060 5678 2199 5729 codd.
2230 5678 2405 5740 Paris,
2432 5681 2621 5740 primus
2651 5682 2810 5730 edidit
2840 5678 2982 5731 Ἰιιιιιι.
3018 5685 3294 5740 liekkerus.
3322 5688 3663 5738 Bonum-1855.

427 5739 568 5813 Quod
591 5749 753 5813 autem
783 5739 1205 5813 licivininslibros
1230 5754 1407 5790 xxxvm
1433 5745 1790 5802 numeraverit,
1817 5743 1905 5790 huc
1938 5744 2049 5797 inde
2075 5743 2280 5798 ﬂuxisse
2309 5735 2503 5791 vidi-tur
2526 5735 2656 5806 quod
2687 5742 2796 5794 libri
2830 5758 2940 5793 xxtv
2969 5752 3158 5807 partem
3206 5735 3537 5809 posteriorem
3576 5735 3664 5813 pro

430 5801 557 5859 libro
588 5812 711 5850 roo
738 5801 979 5851 habuerit.
1013 5801 1141 5851 Eutr.
