4088 6212
445 216 582 282 Ιῖᾇῖἰ

1628 216 2043 281 ΝιιῑΕΡιιῡιιι
2084 215 2468 281 ΟΗΕΟΟΒᾹΞ

3563 209 3693 279 HM

441 345 541 384 ncs
575 328 723 382 enim
759 343 846 381 res
880 328 932 382 in
985 329 1190 384 mundo
1222 330 1444 399 publico
1499 332 1716 386 cuidam
1767 333 2016 387 omnium

2135 335 2231 387 τῶν
2266 336 2504 393 πάντων,
2535 331 2786 403 καθάπερ
2818 333 2999 386 ἐκεῖνα
3029 332 3169 401 πρὸς
3199 327 3258 385 τὸ
3292 328 3574 400 φιλητικὸν
3597 333 3694 398 τῆς

441 420 677 475 examini
725 421 1002 490 subjectae
1061 422 1228 477 veluti
1280 421 1532 478 informis
1566 424 1823 480 materies
1855 441 2010 479 suam

443 511 861 581 dispositionem
899 513 968 567 ab
1024 514 1352 569 auctoritate
1399 515 1642 570 hominis
1684 525 1901 585 petunt,
1953 528 2014 574 ut

443 603 514 657 ab
546 618 615 658 eo
644 611 902 671 tanquam
935 606 1148 662 artiﬁce
1170 617 1335 677 atque
1392 607 1588 674 opiﬁce
1637 607 1806 678 ﬁgura
1848 619 2013 679 atque

444 694 620 749 forma
658 696 863 752 induta:
886 698 941 752 in
974 698 1171 752 bonam
1208 707 1301 753 aut
1329 700 1523 754 malam
1552 711 1762 770 partem
1790 701 2011 754 nomina

442 788 733 857 accipiant,
764 799 819 843 et
865 790 937 845 ita
982 791 1207 845 vocibus
1253 792 1400 844 omni
1434 793 1646 846 tonitru
1677 792 2013 846 clarioribus

442 880 860 948 dispositionem
892 882 1178 937 hominum
1204 892 1460 952 tanquam
1490 898 1781 952 praecones
1811 882 2012 951 [medi-

444 979 590 1022 cent.
657 970 712 1024 Si
734 972 901 1025 etiam
920 972 1014 1025 alii
1034 972 1263 1026 eandem
1285 986 1448 1041 quam
1480 987 1579 1026 nos
1606 972 2017 1041 amplectuntur

444 1062 797 1124 sententiam,
850 1077 939 1117 res
982 1063 1119 1120 tales
1170 1071 1539 1132 cognoscent,
1573 1063 1893 1133 quicunque
1937 1063 2015 1117 illi

447 1161 615 1206 sunt:
648 1154 733 1206 sin
767 1154 973 1222 minus,
1019 1164 1078 1210 at
1126 1157 1260 1211 mihi
1315 1156 1543 1227 quidem
1578 1173 1742 1228 quam
1782 1158 2019 1211 maxime

445 1258 510 1295 ex
540 1244 711 1298 animi
742 1247 1013 1301 sententia
1044 1257 1196 1313 sunt,
1243 1263 1366 1318 quae
1418 1249 1485 1303 ad
1518 1250 1792 1321 ejusmodi
1831 1264 2015 1304 rerum

447 1336 813 1404 cognitionem
846 1340 1141 1409 pertinent.
1560 1358 1571 1365 '

2122 415 2302 495 eum;
2327 424 2541 479 οίκοθὲν
2570 441 2631 478 τε
2663 427 2771 478 κάκ
2804 426 3018 494 φύσεως
3050 423 3147 492 τὴν
3176 422 3349 493 ῥοπὴν
3374 422 3647 488 ἐκτήσατο
3665 436 3682 450 ·

2124 518 2385 588 δημόσιον
2446 517 2556 586 γάρ
2589 533 2710 570 τινα
2769 515 2999 586 βάσανον
3030 516 3133 569 τάν
3189 514 3381 584 κόσμῳ
3404 514 3517 575 ταῖς
3557 513 3694 565 πᾶσι

2127 606 2451 677 προκεῖσθαι
2486 606 2709 673 γίνεται
2728 605 3054 674 πράγματα,
3082 604 3334 671 καθάπερ
3367 603 3544 665 εἴδους
3563 602 3692 655 ἄνευ

2127 695 2261 766 ὓλην
2302 695 2366 748 τὸ
2411 695 2714 764 αὐτόνομον
2748 696 2851 764 τῆς
2893 695 3002 748 τῶν
3040 693 3346 765 ἀνθρώπων
3400 693 3696 755 διαθέσεως

2125 787 2611 858 προκαλουμένων,
2637 779 2750 839 οἷόν
2779 803 2906 840 τινα
2941 785 3275 858 δημιουργὸν
3316 784 3411 839 καὶ
3440 784 3693 853 τεχνίτην

2127 878 2264 947 πρὸς
2288 878 2385 949 τὴν
2412 878 2585 949 αὐτῆς
2608 872 2943 949 είδοποίησιν
2974 881 3067 932 καὶ
3100 878 3338 949 μορφὴν,
3373 878 3460 931 ῖνα
3500 877 3565 946 δὴ
3581 873 3691 929 ’τοῦ

2127 969 2402 1040 βελτίονος
2444 970 2478 1042 ἢ
2532 970 2626 1024 τοῦ
2669 971 2914 1042 χείρονος
2952 973 3053 1041 σχῇ
3096 971 3196 1037 τὴν
3234 969 3567 1038 ἐπωνυμίαν,
3599 968 3695 1022 καὶ

2128 1064 2311 1135 πάσης
2348 1062 2575 1133 βροντῆς
2602 1054 3235 1133 μεγαλοφωνότεροιτῆς
3260 1060 3368 1112 τῶν
3394 1060 3693 1130 χρωμένων

2128 1157 2394 1223 γένωνται
2421 1157 2666 1227 κήρυκες
2691 1155 2987 1215 διαθέσεως
3021 1153 3249 1208 αὐτόθεν
3269 1152 3337 1206 τά
3365 1150 3692 1221 πράγματα..

2125 1248 2189 1299 Et
2226 1247 2328 1316 μὲν
2350 1242 2444 1300 οῦν
2475 1248 2571 1300 καὶ
2603 1247 2783 1310 ἄλλοις
2816 1244 2903 1315 εἴη
2938 1245 3072 1316 πρὸς
3107 1244 3312 1314 τρόπου
3338 1243 3408 1297 τά
3437 1242 3538 1310 τῆς
3562 1241 3698 1310 ἠμε-

2121 1340 2280 1408 τέρας
2340 1339 2505 1403 ἕξεως
2565 1339 2726 1408 τῆσδε
2753 1377 2770 1403 ,
2824 1337 3014 1391 εἰδεῖεν
3064 1336 3130 1390 ἀν
3195 1335 3393 1393 οίτινές
3438 1324 3558 1386 ποτ’
3605 1329 3695 1399 ἄρ’

448 1423 560 1508 ετεν
614 1431 841 1485 ἐκεῖνον
894 1434 943 1486 σί
1001 1434 1048 1487 δ’
1080 1433 1196 1496 οὖν,
1255 1434 1372 1491 ἀλλ’
1424 1438 1612 1508 ἔμοιγε
1660 1438 1756 1491 καὶ
1805 1434 2016 1505 σφόδρα
2088 1431 2152 1501 γέ
2217 1449 2301 1486 τοι
2350 1435 2493 1486 κατὰ
2527 1431 2753 1503 γνώμην
2799 1431 2974 1485 ὁπόσα
3016 1428 3116 1499 τῆς
3144 1427 3356 1481 τοιᾶσδε
3406 1424 3695 1496 μαθήσεως

449 1522 652 1591 ἔχεται.

523 1612 631 1668 νει.
668 1614 822 1680 Quod
875 1630 1002 1670 cum
1056 1632 1160 1688 ego
1233 1617 1524 1680 dixissem.
1573 1619 1742 1674 etiam
1796 1618 1885 1673 ille
1938 1616 2013 1671 ita

2194 1615 2266 1667 Z'.
2304 1615 2416 1667 Καὶ
2449 1617 2546 1684 μὲν
2579 1614 2643 1685 δὴ
2674 1612 2843 1667 ταῦτα
2867 1612 3156 1677 διεξιόντος
3182 1612 3338 1682 ίμοῦ,
3372 1609 3549 1665 τοιάδε
3591 1609 3699 1663 κά-

446 1720 680 1759 cxorsus
724 1716 829 1760 est.
878 1704 1115 1773 Omnia,
1170 1707 1384 1777 inquit,
1441 1708 1540 1762 tibi
1590 1722 1851 1762 enarrare
1899 1707 2022 1760 vita:

2135 1711 2306 1771 κεῖνος
2338 1706 2646 1778 ἀρξάμενος
2694 1708 2915 1780 διεξῄει.
2972 1708 3154 1761 Πάντα
3209 1705 3309 1774 μὲν
3363 1703 3601 1773 χαλεπὸν
3629 1702 3698 1755 άν

449 1811 585 1849 meze
617 1796 749 1860 lata,
780 1796 1003 1851 diﬁicile
1031 1809 1147 1862 est;
1199 1798 1444 1860 breviter
1470 1810 1655 1854 autem
1688 1799 1868 1867 aliqua
1901 1811 2023 1866 per-

448 1888 741 1955 stringere,
776 1889 827 1943 id
880 1890 1104 1959 quidem
1138 1898 1199 1943 ut
1242 1905 1350 1944 non
1380 1890 1541 1945 valde
1570 1904 1867 1959 operosum
1911 1904 2020 1942 non

443 1981 862 2058 ‘abncgaverim.
896 1982 976 2036 Tu
1023 1984 1195 2047 enim,
1230 1984 1277 2038 si
1312 1982 1438 2054 quis
1485 1984 1649 2045 alius,
1700 1982 1872 2051 probe
1913 1981 2023 2036 scis

451 2081 656 2140 quanto
695 2089 796 2143 ego
850 2074 1017 2128 animi
1048 2074 1353 2145 arduryex
1396 2078 1498 2131 hac
1523 2091 1642 2131 mea
1666 2075 1839 2145 patria
1867 2074 2023 2129 abire

451 2166 674 2237 longum
756 2167 1032 2237 quondam
1103 2136 1317 2237 temiius
1380 2136 1726 2240 optaverim,
1803 2177 1865 2223 ut
1933 2182 2024 2223 res

451 2258 636 2313 omnis
694 2259 913 2327 generis
971 2260 1247 2331 urbesque
1296 2277 1361 2317 ac
1413 2269 1607 2331 portus
1657 2261 1915 2322 viserem,
1970 2268 2023 2314 et

451 2362 748 2416 quemnam
776 2366 966 2406 eorum
991 2352 1234 2422 quidque
1265 2352 1493 2407 haberet
1524 2352 1689 2407 situm
1717 2352 1863 2406 inter
1890 2366 1950 2405 se
1970 2359 2027 2405 ct

455 2441 524 2494 ad
564 2450 734 2496 totam
769 2451 932 2498 terra:
962 2444 1154 2499 faciem
1192 2460 1605 2517 cognoscerem,
1661 2444 1865 2513 quippe
1898 2457 2023 2495 cum

456 2532 511 2587 id
543 2534 843 2603 plurimum
876 2537 1129 2591 conferat
1166 2538 1231 2591 ad
1273 2537 1560 2592 scientiam
1598 2539 2025 2592 astronomlcam

456 2628 875 2698 perﬁciendam.
906 2629 1061 2696 Quod
1098 2640 1280 2685 autem
1317 2629 1613 2699 plurimum
1661 2643 1771 2693 me,
1804 2636 1863 2681 ut
1898 2643 2028 2697 pro-

457 2719 751 2774 lectionem
778 2721 1169 2783 accelerarem,
1188 2720 1609 2785 adhortabatur,
1631 2719 1887 2774 Ecclesiae
1908 2725 2030 2772 erat

457 2812 803 2883 naufragium
833 2822 890 2867 et
912 2813 1006 2883 qui
1039 2813 1165 2868 inde
1196 2814 1361 2868 rebus
1391 2813 1628 2883 publicis
1654 2812 2031 2867 adnasceban—

461 2911 555 2957 tur
584 2904 781 2957 morbi.
812 2904 967 2971 Quod
998 2905 1148 2959 enim
1185 2914 1296 2957 tum
1327 2904 1409 2959 vel
1448 2905 1678 2959 maxime
1712 2901 2029 2972 reipublicae

2124 1800 2232 1869 εἵη.
2266 1801 2421 1869 φησι,
2453 1800 2762 1869 διηγεῖσθαι
2811 1800 2934 1853 καθ’
2958 1802 3191 1853 ’ἑκαστον
3217 1798 3292 1858 ὡς
3340 1796 3464 1867 ἔσχε
3502 1796 3654 1863 τάμά
3676 1806 3696 1829 ⁸

2122 1892 2198 1955 ὡς
2227 1893 2272 1946 δ’
2298 1889 2394 1947 οῦν
2418 1894 2475 1946 ὲν
2502 1893 2784 1963 κεφαλαίῳ
2820 1892 3077 1957 διεξιέναι
3114 1892 3184 1946 τά
3227 1890 3418 1955 πλείω,
3461 1888 3620 1941 τοῦτο
3651 1884 3698 1939 δ’

2124 1984 2225 2037 ούκ
2260 1984 2326 2036 ἄν
2360 1984 2479 2038 ποτ’
2501 1984 2943 2054 ἀπαγορεύσαιμ’
2970 1984 3154 2047 αὐτὸς,
3186 1984 3259 2046 ὡς
3294 1983 3437 2053 μάλα
3463 1981 3524 2034 δν
3544 1979 3700 2033 οὐδὲν

2124 2076 2389 2145 ἐργῶδες.
2422 2071 2594 2131 Οἶσθα
2644 2076 2773 2145 γάρ,
2818 2076 2977 2145 εἴπερ
3026 2091 3110 2137 τις
3150 2076 3426 2132 ἁπάντων,
3466 2071 3536 2123 δι’
3564 2072 3698 2138 ὅστις

2127 2171 2238 2240 ἐγὼ
2276 2175 2374 2241 τῆς
2422 2173 2663 2241 ἐφέσεως
2713 2168 2849 2241 ἦγον
2904 2168 3074 2224 πολύν
3113 2184 3238 2221 τινα
3279 2164 3447 2221 πάλαι
3503 2167 3699 2236 χρόνον

2125 2263 2361 2331 ταυτησὶ
2408 2261 2513 2332 τῆς
2558 2264 2702 2333 ἐμῆς
2741 2263 3009 2334 ἔκδημος
3037 2262 3365 2333 γεγενῆσθαι
3412 2258 3696 2328 πατρίδος.

2130 2355 2374 2425 ἱστορίας
2402 2373 2462 2408 τε
2486 2356 2651 2409 ἕνεκα
2687 2357 3032 2426 πραγμάτιον
3080 2353 3439 2409 παντοδαπῶν
3462 2353 3556 2405 καὶ
3580 2351 3699 2418 ἀμα

2129 2449 2340 2502 πόλεων
2379 2448 2472 2500 καὶ
2506 2444 2763 2517 λιμένων,
2805 2449 2900 2501 καὶ
2938 2446 3062 2502 οῖαν
3089 2446 3297 2502 ἕκαστα
3340 2444 3552 2497 τούτων
3582 2443 3698 2512 ἔχει

2127 2540 2225 2610 τὴν
2292 2530 2467 2595 θέσιν“
2490 2542 2629 2609 πρός
2680 2555 2741 2592 τε
2771 2537 2975 2608 ἄλληλα
3029 2537 3122 2591 καὶ
3158 2534 3279 2591 ὅλον
3307 2537 3367 2589 τὸ
3390 2539 3577 2606 σχῆμα
3596 2534 3698 2601 τῆς

2128 2631 2251 2700 γῆς’
2291 2632 2394 2687 ἁτε
2435 2631 2501 2704 τῇ
2526 2632 2626 2701 τῆς
2659 2632 3062 2701 ἀστρονομικῆς
3094 2628 3157 2703 [Γ.
3192 2630 3258 2685 97
3296 2629 3352 2701 lt}
3379 2616 3696 2693 ἐπιστήμης

2129 2725 2289 2796 χρείᾳ
2331 2723 2597 2793 μεγίστην
2643 2724 2995 2796 παρεχόμενα
3032 2723 3131 2794 τὴν
3171 2721 3503 2776 συντέλειαν.
3540 2716 3609 2771 Ὀ
3641 2714 3700 2767 δέ

2134 2834 2202 2889 με
2232 2819 2454 2873 πάντων
2485 2818 2721 2887 μάλιστα
2752 2818 3037 2873 ἐπεπείκει
3060 2818 3152 2871 τδν
3175 2817 3410 2870 ἔκπλουν
3437 2810 3703 2881 ἐπιταχῦ-

2132 2928 2244 2977 ναι,
2286 2913 2355 2966 τά
2377 2930 2436 2965 τε
2460 2909 2560 2981 τῆς
2594 2908 2925 2981 Ἑκκλησίας
2954 2908 3188 2976 ναυάγια
3218 2903 3307 2979 ἦν,
3335 2904 3434 2959 καὶ
3464 2905 3563 2957 ὅσα
3583 2901 3701 2964 τοῖς

460 3004 661 3050 statum
689 3012 910 3051 servare
944 2997 1147 3066 potuit,
1184 2997 1236 3051 id
1265 2996 1753 3051 vehementissime
1790 2993 2028 3049 vexaba-

2135 3005 2438 3069 πολιτικοῖς
2478 3003 2695 3074 ἐπεφύη
2736 2998 3037 3071 τηνικαῦτα
3086 3002 3367 3071 νοσήματα
3407 2998 3703 3068 πράγμασι

461 3098 553 3142 tur
589 3098 644 3143 et
677 3088 914 3157 pessime
965 3088 1198 3159 jacebat,
1255 3088 1446 3158 religio
1477 3086 1867 3157 inquam.Qu:e
1903 3101 2028 3141 cum

462 3189 827 3235 commutarct
880 3181 1131 3249 dogmata
1165 3179 1395 3235 Palamze
1432 3195 1557 3234 cum
1593 3179 1659 3234 iis
1694 3194 1816 3250 quae
1853 3193 1882 3233 a
1938 3192 2033 3247 pa-

465 3273 643 3327 tribus
692 3272 852 3327 nobis
892 3272 1092 3328 tradita
1139 3281 1290 3336 sunt,
1346 3270 1587 3326 civitatis
1636 3285 1841 3340 corpus
1890 3284 2034 3339 aegre

463 3364 718 3420 aﬁ‘cctum
741 3373 861 3419 erat
892 3365 1206 3434 nullamque
1235 3363 1460 3435 probam
1488 3378 1638 3434 spem
1672 3379 1784 3433 prae
1810 3377 1867 3418 se
1891 3362 2035 3417 fcre—

463 3458 578 3513 bat.
615 3458 876 3514 Homines
922 3458 1069 3513 enim
1104 3457 1198 3527 qui
1234 3467 1346 3512 tum
1384 3456 1550 3512 rebus
1599 3463 1892 3526 praeerant,
1929 3470 2034 3523 qua

465 3558 625 3603 erant
658 3542 878 3605 sordida
913 3559 969 3605 et
1013 3549 1221 3605 inculta
1279 3549 1447 3603 animi
1486 3549 1693 3612 indole,
1743 3548 2031 3605 veritatem

467 3642 642 3711 ipsam
678 3641 1162 3719 impudentissime
1205 3640 1562 3697 venditabant
1585 3650 1640 3695 et
1667 3640 2037 3696 inexorabiles

466 3742 624 3787 erant
670 3735 1077 3788 obtrectatores
1130 3733 1271 3803 spei,
1322 3747 1444 3803 quae
1498 3742 1612 3788 tum
1658 3731 1820 3786 unice
1866 3747 2038 3801 genus

470 3841 692 3882 servare
739 3826 1035 3896 potuisset.
1066 3824 1183 3892 Qua
1234 3825 1289 3881 in
1329 3841 1387 3881 re
1432 3842 1558 3881 cum
1620 3825 1758 3879 iram
1794 3825 2036 3880 divinam

469 3922 624 3977 velut
655 3921 798 3993 typis
841 3921 1224 3975 adumbratam
1268 3929 1435 3990 atque
1484 3918 1654 3975 veluti
1688 3916 2038 3974 incunabulis

458 4015 886 4073 delitescentem
922 4030 985 4070 ac
1032 4015 1323 4069 lactentem
1370 4013 1637 4084 viderem,
1669 4023 1870 4068 terram
1911 4026 2036 4066 cum

477 4114 624 4175 terra
662 4104 793 4157 mihi
828 4103 1273 4159 commutandam
1312 4118 1432 4158 esse
1466 4101 1709 4168 decrevi,
1743 4112 2040 4172 antequam

473 4214 596 4257 eam
647 4195 814 4250 armis
862 4197 1069 4265 apertis
1116 4194 1399 4264 improbos
1441 4195 1643 4251 acriter
1692 4196 2040 4251 invadentem

477 4290 745 4344 viderem.
780 4288 955 4345 ﬂomo
983 4291 1128 4345 enim
1164 4291 1424 4345 cordatus
1458 4283 1826 4360 prudentique
1857 4290 2041 4344 animo

477 4386 742 4456 praeditus
775 4385 1038 4454 temporis
1073 4385 1343 4440 rationem
1376 4400 1659 4455 nunquam
1690 4399 1800 4439 non
1834 4385 2040 4440 habere

482 4480 526 4549 ι
538 4478 730 4550 ιωά
744 4477 901 4532 debet
913 4519 926 4540 ,
941 4493 1119 4549 neque
1131 4492 1250 4533 sese
1265 4477 1332 4531 ad
1351 4493 1533 4533 rerum
1554 4479 1897 4555 [prtunaeque
1915 4493 2046 4531 con-

480 4570 746 4624 ditionem
771 4569 1047 4637 applicare
1067 4584 1189 4638 qua:
1209 4567 1368 4623 ﬁrmo
1396 4567 1755 4623 fundamento
1778 4568 2041 4638 indigeat,

484 4662 786 4733 praesertim
816 4662 908 4716 ubi
957 4661 1155 4717 animae
1186 4660 1479 4716 immortali
1529 4675 1679 4715 mors
1711 4659 2045 4729 sempiterna

483 4756 796 4821 immineat,
839 4772 947 4811 non
980 4763 1303 4825 praesentem
1353 4762 1571 4823 oportet
1614 4768 1740 4808 eum
1795 4752 2047 4821 volupta-

484 4861 591 4905 tem
623 4858 868 4920 raptare,
894 4848 988 4905 sed
1017 4864 1080 4904 ea
1122 4864 1241 4917 qua:
1275 4845 1328 4899 in
1367 4847 1614 4901 futurum
1650 4855 1863 4915 tempus
1895 4843 2045 4898 utilia

483 4942 595 4996 sint
636 4956 871 5003 curare,
906 4956 1014 4996 non
1069 4948 1217 4994 metu
1257 4938 1557 4994 mendaciis
1606 4936 1912 5006 indulgere,
1952 4933 2048 4989 sed

486 5035 739 5088 veritatis
772 5033 1184 5103 propugnaculo
1222 5029 1591 5101 improbitatis
1620 5044 1838 5083 causam
1868 5027 2050 5100 repri-

488 5141 671 5190 mere;
709 5140 818 5179 non
864 5123 1214 5178 detestabilia
1244 5133 1299 5176 et
1341 5119 1530 5175 odiosa
1579 5116 1918 5185 desiderare,
1954 5118 2049 5174 sed

490 5217 654 5273 rebus
698 5216 878 5271 noxiis
912 5230 1095 5270 rerum
1131 5214 1452 5268 salutarium
1483 5213 1883 5284 possessionem
1913 5228 2052 5283 prae-

490 5310 654 5365 ferre.

563 5573 703 5629 Vlli.
738 5574 933 5630 Statim
984 5574 1151 5646 igitur
1205 5585 1329 5645 post
1378 5574 1768 5645 aequinoctium
1822 5588 2053 5627 vernum

2133 3097 2338 3151 τούτων
2389 3111 2479 3164 γε.
2503 3095 2689 3151 ἕνεκα.
2741 3088 2837 3159 Οἷς
2876 3095 2986 3165 γὰρ
3028 3094 3149 3146 τότε
3196 3092 3435 3163 μάλιστα
3482 3090 3703 3144 πάντων

2136 3185 2331 3251 σώζειν
2382 3188 2510 3256 ἐνῆν
2552 3186 2621 3239 τά
2668 3189 2769 3257 τῆς
2822 3185 3095 3249 πολιτείας
3150 3186 3473 3256 πράγματα,
3531 3180 3703 3233 ταῦτα

2134 3279 2254 3333 τότε
2285 3279 2519 3347 μάλιστα
2571 3277 2792 3331 πάντων
2828 3276 3093 3346 ἠλαύνετο
3124 3278 3217 3329 καὶ
3272 3275 3474 3343 σφόδρα
3507 3273 3706 3326 δυστυ-

2135 3371 2244 3442 χῶς
2278 3371 2528 3434 διέκειτο,
2556 3369 2701 3437 λέγω
2727 3369 2791 3439 δὴ
2820 3370 2889 3423 τά
2916 3368 3017 3438 τῆς
3045 3367 3326 3429 εὐσεϐείας
3357 3368 3663 3437 πράγματα
3685 3378 3700 3393 ⁸

2136 3465 2383 3533 δόγματα
2439 3466 2547 3535 γὰρ
2613 3462 3022 3533 ἀλλαττομένης
3077 3460 3378 3531 τηνικαῦτα
3445 3459 3704 3523 ἐκείνης.

2137 3556 2205 3611 τὰ
2235 3556 2524 3626 Παλαμικά
2578 3554 2777 3625 δηλαδὴ
2825 3555 2932 3609 τῶν
2983 3555 3247 3626 πατρίων,
3282 3551 3537 3621 πονηρῶς
3589 3545 3706 3618 εἶχε

2137 3650 2197 3704 τὸ
2246 3650 2405 3718 σῶμα
2439 3651 2547 3718 τῆς
2578 3649 2870 3712 πολιτείας,
2929 3647 3016 3701 καὶ
3052 3649 3232 3700 πᾶσαν
3263 3642 3462 3717 εφραζε
3498 3644 3708 3712 χαίρειν

2138 3741 2330 3796 ἐλπίδα
2397 3742 2679 3812 χρηστήν·
2743 3740 2804 3793 τδ
2868 3740 2975 3810 γάρ
3032 3737 3284 3808 φορτικὸν
3342 3738 3438 3790 καὶ
3494 3734 3707 3804 ἀμαθὲς

2139 3831 2248 3887 τῶν
2312 3832 2658 3903 ἡγεμονικῶν
2716 3831 2927 3903 ἀνδρῶν
2989 3831 3159 3902 αὑτήν
3206 3843 3264 3882 τε
3331 3827 3708 3895 έκαπήλευσεν

2140 3924 2386 3993 ἀσελγῶς
2446 3924 2544 3996 τὴν
2602 3920 2902 3995 ἀλήθειαν,
2966 3921 3063 3975 καὶ
3118 3920 3489 3990 ἀπαραίτητος
3551 3918 3704 3970 ἵσταν

2139 4033 2201 4071 το
2254 4014 2523 4083 κολαστὴς
2583 4013 2682 4086 τῆς
2757 4015 2925 4084 μόνης¹
2968 4012 3165 4077 σώζειν
3207 4011 3511 4082 δυναμένης
3580 4007 3705 4060 τότε

2140 4110 2201 4163 τὸ
2255 4102 2411 4178 γένος
2451 4106 2684 4170 ἐλπίδος.
2741 4106 2907 4160 Ὅθεν
2956 4103 3427 4175 ζωγραφουμένην
3487 4104 3546 4155 ὲν
3603 4097 3707 4153 τύ-

2144 4218 2266 4265 ποις
2312 4200 2390 4255 ἔτι
2453 4199 2552 4272 τὴν
2607 4200 2756 4253 θείαν
2804 4198 3019 4266 βλέπων
3076 4196 3279 4267 ὀργὴν,
3337 4200 3431 4249 καὶ
3476 4188 3589 4247 οἷον
3652 4193 3710 4243 έν

2146 4277 2483 4364 σπαργάνοις
2531 4291 2611 4344 ἔτι
2655 4295 2751 4344 καὶ
2780 4287 2973 4358 γάλαξι
3018 4288 3425 4361 κρυπτομένην,
3465 4287 3571 4355 γῆν
3618 4284 3713 4338 ἀλ·-

2146 4383 2436 4439 λάττεσθαι
2482 4378 2586 4454 γῆς
2620 4382 2846 4451 ἐνόμισα
2887 4382 3019 4447 δεῖν,
3060 4382 3191 4452 πρὶν
3235 4381 3293 4433 ὲν
3331 4381 3517 4441 ὅπλοις
3547 4379 3709 4430 ύπαίο

2146 4476 2296 4546 θροις
2341 4475 2783 4545 στρατευομένης
2820 4474 2964 4527 κατά
3011 4473 3123 4526 τῶν
3170 4473 3504 4527 ἀδικούντων
3542 4466 3712 4541 αὐτῆς

2147 4569 2474 4643 πειραθῆναι
2518 4568 2914 4639 κραταιότερον
2936 4582 2954 4599 ’
2987 4567 3181 4637 χρόνου
3224 4562 3379 4637 [γάρ]
3407 4566 3494 4617 ἀεὶ
3518 4565 3715 4634 στοχά·

2148 4659 2335 4726 ζεσοαι
2363 4660 2471 4712 δεῖν
2510 4658 2617 4729 ὅτῳ
2659 4655 2784 4720 νοῦς
2836 4659 3076 4712 συνοικεῖ
3130 4657 3445 4726 σωφρονῶν,
3494 4656 3588 4709 καὶ
3633 4658 3710 4723 μὴ

2148 4750 2327 4821 καιρῷ
2355 4750 2448 4804 καὶ
2472 4748 2664 4818 τύχαις
2694 4747 3047 4818 προσομιλεῖν
3072 4747 3325 4800 ἀϐέϐαιον
3350 4746 3713 4815 κεκτημένοις

2148 4842 2418 4911 θεμέλιον,
2451 4843 2545 4893 καὶ
2588 4841 2804 4910 μάλισθ’
2831 4841 2920 4893 ὅτε
2957 4838 3135 4909 ψυχῆς
3166 4837 3435 4891 ἀθανάτου
3480 4834 3714 4901 θάνατος

2150 4935 2415 4994 ἀθάνατος
2469 4933 2828 4995 οῖκονομοῖτο,
2886 4930 3018 4999 μηδὲ
3067 4929 3144 4998 τῷ
3199 4930 3427 4997 παρόντι
3474 4931 3717 4982 συνεῖναι

2152 5024 2336 5097 ζητεῖν
2368 5023 2503 5093 ἡδεῖ,
2536 5022 2671 5076 άλλά
2714 5022 2777 5075 τὸ
2816 5020 3008 5091 μέλλον
3048 5020 3537 5091 πραγματεύεσθαι
3577 5022 3716 5090 χρὴ·

2157 5132 2337 5185 σιμον,
2366 5114 2498 5185 μηδὲ
2518 5114 2605 5166 διὰ
2639 5113 2803 5181 φόϐον
2836 5115 2949 5174 τοῖς
2996 5112 3265 5181 παροῦσιν
3287 5113 3552 5181 ἡττᾶσθαι
3583 5113 3718 5181 4mi-

2153 5209 2323 5273 δεσιν,
2374 5207 2511 5260 ἀλλά
2542 5205 2632 5258 διά
2674 5205 2770 5275 τὴν
2812 5204 3080 5269 τάληθοῦς
3108 5204 3379 5273 προϐολὴν
3413 5204 3509 5257 τοῦ
3546 5206 3718 5257 κακοῦ

2158 5297 2408 5360 κολάζειν
2438 5294 2534 5365 τὴν
2566 5295 2858 5364 πρόφασιν,
2888 5292 3009 5345 οὐδὲ
3034 5292 3093 5345 τὸ
3127 5294 3317 5362 μίσους
3342 5293 3493 5356 ἄξιον
3521 5296 3603 5356 είς
3622 5294 3725 5366 τὴν

2158 5388 2341 5460 χώραν
2373 5386 2621 5453 εἰσάγειν
2655 5382 2749 5437 τοῦ
2795 5383 2984 5445 πόθου,
3015 5384 3130 5436 ἀλλ’
3165 5386 3287 5437 ἀντὶ
3319 5384 3414 5437 τοῦ
3448 5384 3724 5454 βλάπτον·

2158 5496 2248 5541 τος
2279 5477 2377 5546 τὴν
2409 5477 2518 5528 τῶν
2555 5474 2848 5544 ὠφελίμων
2877 5475 3249 5545 ἀνθαιρεῖσθαι
3282 5477 3616 5544 συνοίκησιν.

2231 5566 2311 5622 η’·
2351 5569 2513 5637 Ἄρτι
2539 5568 2718 5620 τοῖνυν
2743 5569 2840 5628 τὰς
2868 5567 3060 5635 ἠρινὰς
3098 5567 3191 5619 τοῦ
3216 5565 3604 5639 ἠλίουιτροπὰς
3624 5586 3730 5620 πα-

496 5676 690 5717 navem
737 5675 933 5722 nactus
984 5667 1039 5721 in
1084 5664 1376 5738 Egyptum
1426 5667 1795 5736 profecturam
1843 5664 2030 5721 lubcnt

2164 5658 2550 5731 ραλλάττοντος
2596 5658 2730 5719 νεὼς
2773 5658 3046 5727 ἐπιτυχὼν
3084 5658 3407 5722 ναυστολίας
3455 5658 3728 5731 ὡρμημέ-
