4006 6210
276 332 370 383 νης
397 317 486 370 ἐπ’
515 322 817 393 Αἴγυπτον,
841 329 1077 403 ἄσμενος
1109 338 1272 405 εὐθὺς
1301 349 1403 397 αὐτ

271 408 367 509 τὸν
409 411 722 509 ἐνεϐίϐασα.
759 412 869 476 Kal.
904 424 1008 493 μὲν
1039 427 1102 498 δὴ
1161 431 1393 502 ἄραντος
1415 408 1505 501 ἐξ
1538 408 1637 509 τὴν
1692 408 1850 496 dm-

274 500 433 569 ραίαν
459 507 522 558 ἐκ
553 508 865 573 Βυζαντίων
896 516 1134 588 λιμένων
1156 500 1440 594 ,ἐδδομαῒοι
1474 500 1605 594 τοῖς.
1624 532 1851 589 Ῥοδίων

273 594 656 694 προσέσχομεν
706 603 951 674 λιμέσιν,
1008 609 1138 665 ἔνθα
1196 618 1398 687 συχνὰς
1443 620 1852 694 διατετριφότες

275 683 495 786 ἡμέρας
535 690 735 786 ούρίων
796 698 979 753 πνοῶν
1021 701 1228 775 ἀπορίᾳ
1266 683 1594 780 περιῄειμέν
1630 683 1714 766 ’τί

274 775 463 875 νῆσον,
478 780 587 875 ἰκαὶ
627 788 1056 875 περιεργότερον
1090 793 1228 849 ἅττα
1274 775 1507 868 ἧν-θέας
1527 803 1655 874 ἀξια
1682 775 1851 860 ἐθεώ-

278 870 437 937 μεθα.
475 874 751 932 Κολοσσοῦ
786 880 889 950 μὲν
928 870 1024 938 οὗν
1070 885 1285 944 ἐκείνου
1320 870 1593 961 μνημεῖον*
1611 896 1763 952 οὐδέν
1797 915 1850 952 τι

274 961 578 1032 ἐλέλειπτο,
624 970 686 1024 ού
715 973 872 1039 μέντ’
912 975 979 1030 ἂν
1024 980 1137 1033 οὐδ’
1171 983 1227 1035 εί
1252 998 1380 1036 ποτε
1429 986 1656 1054 γέγονεν
1705 988 1852 1056 ὅστις

277 1056 396 1152 ποτ’
422 1056 531 1152 ἄρα
557 1056 629 1152 ἦν
655 1063 1146 1131 ὲκεῖνος,εἱκασίαν
1192 1074 1364 1128 ἐδίδου
1392 1077 1549 1131 τινά·
1578 1078 1704 1134 οὗτε
1742 1082 1851 1152 γὰρ

275 1148 478 1213 χαλκοῦ
515 1150 707 1222 μόριον
735 1155 914 1220 οὐδὲν,
970 1160 1029 1213 οὐ
1070 1163 1178 1233 μὴν
1205 1163 1314 1219 οὐδ’
1370 1168 1427 1221 εί
1475 1186 1618 1234 τινες
1649 1148 1763 1225 εἶεν
1788 1148 1853 1228 ὲκ

277 1237 444 1292 λίθων
474 1241 669 1315 ἐκείνῳ
709 1250 997 1319 κρηπῖδες,
1033 1254 1315 1312 ἐλέλειπτο
1347 1260 1601 1329 λείψανον
1634 1263 1854 1320 πάντων

277 1329 452 1428 οὐδέν.
487 1334 704 1428 Πόλεων
736 1339 793 1392 δὲ
825 1341 935 1395 τῶν
970 1344 1137 1400 πάλαι
1171 1349 1228 1401 al
1261 1351 1362 1420 μὲν
1404 1357 1648 1423 σεισμοῖς
1671 1357 1855 1428 ἐκτρι-

279 1422 456 1479 6.ῖσαι
510 1427 833 1499 κατέδυσαν,
866 1428 943 1487 ὧν
991 1437 1023 1505 ἠ
1058 1439 1325 1511 καλλίστη
1362 1422 1543 1505 Ῥόδος
1592 1441 1663 1515 ἦν
1708 1448 1740 1516 ὴ
1772 1422 1851 1517 ’τῇ

280 1517 431 1588 νήσῳ
458 1519 773 1593 ὁμώνυμος,
823 1525 920 1578 καὶ
953 1529 1157 1597 σημεῖα
1191 1531 1398 1586 τούτων
1444 1535 1760 1591 ἐδείκνυσαν
1791 1539 1855 1610 ή-

282 1611 375 1677 μῖν
413 1611 461 1663 οί
497 1611 793 1684 ἐγχώριοιο
831 1617 888 1670 αί
922 1617 968 1670 δ’
999 1620 1081 1673 ἔτι
1112 1622 1421 1691 σωζόμεναί
1460 1642 1516 1678 τε
1541 1628 1851 1698 διαμένουσι

278 1702 373 1752 καὶ
417 1700 674 1772 λαμπραὶ.¹
704 1704 972 1776 λαμπρῶς
1007 1688 1298 1782 ὲττηκυῖαί
1353 1715 1484 1770 είσι.
1533 1688 1753 1771 Τούτων
1805 1719 1851 1775 δ’
1884 1688 1924 1742 Β

278 1784 419 1842 εἶναι
453 1789 575 1844 κατ’
600 1794 837 1863 ὲμαυτδν
870 1798 1117 1852 ινενόουν
1148 1802 1213 1854 ὲκ
1245 1805 1490 1872 σημείων
1528 1805 1692 1860 τινῶν
1730 1807 1853 1860 Λίν-

276 1882 365 1934 δον
399 1883 676 1953 Ἰηλυσσόν
728 1903 788 1941 τε
824 1889 916 1942 καὶ
954 1890 1280 1959 ἀργινόεντα
1330 1895 1611 1965 Κάμειρον
1634 1939 1649 1964 ,
1684 1892 1762 1953 ὧν
1809 1902 1842 1972 ή

275 1974 371 2027 τοῦ
427 1976 837 2048 Μελησιγενοῦς
892 1980 1138 2052 Ὀμήρου
1204 1986 1488 2056 μέμνηται
1547 1988 1847 2061 Καλλιόπη.

280 2068 569 2137 ιιρόσοικοι
608 2070 653 2123 δ’
686 2067 830 2143 ἦσαν
866 2075 1141 2146 τῇηνήσῳ,
1181 2076 1243 2130 τὸ
1281 2078 1542 2133 πλεῖστον
1572 2083 1771 2145 είπεῖν,
1798 2084 1854 2137 ό-

280 2159 595 2228 μόφυλοίιτε
620 2162 753 2232 ἡμῖν
776 2163 872 2218 καὶ
891 2165 992 2237 τὴν
1017 2162 1203 2221 πίστιν
1223 2168 1523 2240 ρρθόδοξοι.
1552 2172 1650 2224 καὶ
1677 2172 1850 2246 ταύτῃ

276 2250 341 2320 δὴ
366 2253 433 2322 τῇ
488 2253 609 2307 καθ’
655 2255 805 2326 ἡμᾶς
847 2255 1061 2312 Ἐλλάδι
1086 2258 1391 2331 -χρὼμενοι
1424 2266 1608 2336 φωνῇ’
1663 2264 1877 2329 παῖδες

277 2346 386 2414 γάρ
416 2344 522 2397 είσι
544 2344 655 2398 τῶν
683 2347 746 2399 ού
775 2347 918 2402 πάνυ
953 2349 1061 2420 πρὸ
1094 2351 1307 2421 μάκροῦ
1337 2352 1679 2423 τεθνηκότων
1706 2357 1853 2411 ἐκεί-

277 2453 385 2488 νων
426 2436 659 2506 ἀνδρῶν,
691 2438 742 2492 οἶ
786 2438 1016 2494 πλεῖστα
1049 2440 1150 2512 μὲν
1199 2441 1565 2513 ἠγωνίσαντο,
1600 2448 1852 2512 Λατίνοις

279 2527 581 2596 μαχόμενοι
611 2529 867 2599 τριήρεσί
918 2547 978 2584 τε
1020 2532 1117 2585 καὶ
1147 2534 1335 2599 ὅπλοις
1372 2538 1712 2606 παμπόλὶοις
1750 2538 1850 2611 τὴν

277 2618 469 2686 ἔφοδον
502 2618 591 2671 ἐπ’
627 2620 829 2686 αὐτοὺς
860 2625 1229 2696 ποιουμένοις,
1264 2625 1327 2698 [ί.
1357 2629 1426 2683 97
1447 2627 1500 2700 b]
1535 2622 1863 2700 ἡττήθησαν

274 2714 333 2766 δὲ
359 2713 429 2767 δι’
452 2716 742 2785 ὀλιγότητα
780 2718 875 2772 καὶ
901 2721 1261 2792 ὑπετάγησαν
1290 2723 1539 2788 ἄκοντες.
1572 2720 1675 2779 ’Ὦν
1717 2726 1848 2781 ἔνιοι

275 2806 380 2858 κάν
412 2806 561 2878 γήρᾳ
580 2806 749 2872 ζῶσιν
778 2810 860 2864 ἔτι
888 2810 1065 2881 βαθεῖ,
1095 2815 1194 2884 τῆς
1224 2816 1353 2886 πρίν
1384 2833 1443 2870 τε
1493 2817 1847 2888 εὐδαιμονίας

274 2899 366 2952 ἀεὶ
414 2901 775 2971 μεμνημένοι,
830 2904 928 2957 καὶ
956 2903 1202 2975 διήγημα
1241 2905 1410 2961 ταῦτα
1447 2911 1558 2971 τοῖς
1591 2908 1848 2977 παριοῦσι

1233 235 1671 295 suamnam;
1728 220 2122 299 insvetum
2157 244 2297 305 LIB.
2344 248 2549 310 xxw.

1408 348 1441 418 ᾖ
1476 348 1659 419 φέρων
1682 350 1850 419 ἐμαυ-

1956 355 2141 410 animo
2169 361 2352 414 statim
2388 364 2708 431 conscendi,
2750 374 2915 436 atque
2954 364 3172 420 ancoris
3213 365 3523 439 insequenti
3608 365 3612 369 ⁴

1952 445 2042 499 die
2072 447 2306 504 sublatis
2332 468 2397 505 ex
2426 454 2697 522 portubus
2724 455 3043 527 Byzantinis
3075 456 3165 511 die
3192 460 3429 528 septimo
3455 461 3523 514 ad

1954 535 2298 594 Rhodiorum
2331 552 2526 611 portus
2562 547 2937 615 pervenimus,
2968 549 3060 603 ubi
3109 557 3403 604 ventorum
3436 566 3523 606 se-
3628 578 3633 583 ν

1952 629 2261 687 cundorum
2288 633 2473 705 inopia
2502 639 2707 695 multos
2732 641 2851 696 dies
2870 642 3196 697 commorati
3229 642 3528 713 perlustra-

1951 722 2135 778 vimus
2192 724 2427 781 insulam
2514 745 2712 800 resque
2765 731 2885 785 visu
2947 730 3142 803 dignas
3190 741 3524 803 aspeximus.

1951 814 2166 872 Colossi
2198 833 2330 874 vero
2363 820 2510 876 illius
2541 825 2830 894 vestigium
2862 826 3116 881 exstabat
3146 827 3380 889 nullum,
3414 828 3524 881 imo

1952 920 2022 961 ne
2049 909 2379 978 coniectura:
2410 912 2632 981 quidem
2662 914 2826 971 dabat
2863 917 3065 977 locum.
3106 932 3237 971 nam
3282 934 3520 987 unquam

1951 999 2276 1082 esstitisset,
2307 1002 2560 1073 quisquis
2588 1005 2678 1061 ille
2708 1006 2848 1072 fuit;
2884 1008 3038 1062 nulla
3066 1010 3212 1063 enim
3242 1010 3372 1063 aeris
3402 1026 3525 1080 par-

1953 1090 2144 1156 ticula,
2195 1094 2356 1149 nulla;
2408 1111 2636 1165 prorsus
2669 1105 2831 1152 erant
2882 1098 3128 1167 lapidum
3179 1101 3446 1170 reliquim,
3480 1104 3524 1157 si

1953 1180 2096 1237 forte
2120 1199 2187 1237 ex
2221 1185 2288 1238 iis
2318 1185 2676 1242 fundamenta
2707 1199 2986 1244 exstructa
3020 1190 3259 1245 fuerant.
3295 1189 3526 1247 Urbium

1954 1273 2308 1342 antiquarum
2353 1278 2474 1330 aliae
2527 1285 2686 1333 terrm
2736 1281 2978 1337 motibus
3012 1282 3319 1351 absumptae
3367 1293 3528 1338 erant

1954 1371 2117 1432 atque
2140 1367 2461 1425 submersas.
2485 1385 2718 1437 quarum
2755 1372 3035 1440 puleberri
3048 1388 3130 1426 ma
3152 1383 3273 1427 erat
3299 1372 3530 1428 Rhodus

1956 1456 2151 1511 insulae
2189 1461 2553 1528 cognominis,
2598 1478 2908 1533 earumque
2957 1465 3186 1535 vestigia
3240 1464 3407 1520 nobis
3459 1465 3530 1520 ab

1955 1550 2229 1620 indigenis
2256 1555 2705 1611 monstrabantur
2733 1574 2746 1611 :
2778 1557 2896 1611 alite
2924 1557 3105 1612 adhuc
3136 1567 3367 1612 servata:
3399 1568 3531 1614 sunt

1955 1647 2119 1707 atque
2179 1640 2477 1708 splendidae
2551 1654 2805 1710 exstant,
2871 1649 2927 1702 in
3015 1663 3247 1717 quorum
3300 1664 3531 1703 numero

1955 1744 2151 1784 esseex
2179 1731 2399 1787 iudiciis
2423 1734 2751 1800 quibusdam
2771 1737 2980 1792 credidi
3008 1736 3267 1804 [.indum,
3290 1739 3529 1811 Jalysum

1953 1829 2011 1872 et
2044 1820 2386 1888 Splendidam
2425 1822 2729 1887 Camirum,
2766 1842 3001 1895 quarum
3040 1828 3266 1881 urbium
3306 1829 3530 1885 Homeri

1955 1913 2301 1984 Melesigenis
2333 1917 2585 1971 meminit
2613 1918 2881 1990 Calliope.
2922 1921 3119 1977 Incolae
3154 1922 3346 1977 insulm
3372 1933 3533 1977 erant

1954 2009 2190 2062 maxima
2214 2021 2284 2063 ex
2310 2018 2464 2079 parte
2489 2012 2666 2066 nostri
2697 2013 2994 2082 pepulares
3015 2023 3183 2084 atque
3211 2016 3533 2072 orthodoxae

1956 2101 2106 2166 ﬁdei,
2138 2113 2441 2174 nostraque
2478 2114 2712 2160 utuntur
2757 2107 2947 2162 Graeca
2983 2108 3192 2179 lingua.
3224 2108 3347 2164 Filii
3377 2109 3528 2163 enim

1953 2204 2084 2248 sunt
2128 2194 2374 2250 virorum
2424 2196 2668 2263 illorum,
2713 2199 2807 2268 qui
2853 2198 3221 2256 abbinc'non
3257 2201 3331 2256 ita
3366 2201 3530 2271 longo

1955 2293 2200 2356 tempore
2224 2286 2488 2343 interiere
2509 2329 2523 2352 ,
2544 2297 2601 2342 et
2623 2304 2941 2358 quanquam
2966 2290 3202 2357 plurima
3227 2292 3529 2348 certamina

1953 2375 2212 2430 serebant
2261 2392 2388 2431 eum
2438 2376 2684 2445 Latinis,
2732 2382 2827 2450 qui
2883 2380 3203 2437 triremibus
3252 2383 3530 2451 armisque

1954 2468 2141 2524 multis
2174 2482 2269 2523 eos
2304 2468 2725 2534 adoriebantur,
2755 2469 2827 2525 ob
2859 2471 3196 2540 paucitatem
3233 2479 3413 2526 tamen
3447 2471 3531 2524 in-

1953 2559 2184 2614 feriores
2214 2560 2515 2617 discessere
2545 2570 2603 2617 et
2632 2577 2757 2618 sese
2787 2562 2945 2617 inviti
2977 2563 3285 2633 subiecere.
3321 2563 3527 2618 Eorum

1952 2652 2201 2705 nonnulli
2261 2653 2612 2723 praegrandes
2665 2662 2795 2709 natu
2847 2654 3029 2718 adhuc
3079 2654 3133 2709 in
3182 2654 3325 2710 vivis
3375 2664 3527 2720 sunt,

1953 2743 2197 2813 pristinae
2218 2745 2499 2802 felicitatis
2522 2758 2803 2816 nunquam
2829 2762 2938 2802 non
2966 2761 3260 2811 memores.
3284 2755 3342 2802 et
3368 2763 3531 2818 pere-

1952 2837 2147 2906 grinis,
2184 2838 2279 2908 qui
2314 2838 2445 2894 illuc
2483 2847 2772 2893 transeunt
2803 2839 3052 2895 suaviter
3082 2840 3199 2895 haec
3230 2850 3524 2906 enarrant:

1953 2927 2009 2981 bi
2046 2927 2302 2983 dicebant
2352 2944 2473 2985 sese
2507 2930 2731 3000 quidem
2770 2929 3022 2986 infelices
3064 2944 3208 2994 esse,
3256 2931 3401 3001 quod
3434 2933 3528 3002 ju-

272 2989 385 3042 τῶν
414 2989 581 3054 ξένων
630 2992 731 3063 ήδὺ
787 2995 1158 3064 προτιθέντες,
1196 2997 1247 3050 οἶ
1303 3002 1409 3053 καί
1434 3001 1718 3070 δυστυχεῖν
1750 3003 1850 3070 μέν

1953 3034 2080 3089 gum
2111 3020 2396 3075 servitutis
2424 3035 2551 3074 cum
2599 3020 2856 3076 libertate
2889 3031 3345 3085 commutasscnt,
3377 3033 3526 3076 atta-

274 3099 394 3146 πως
424 3083 612 3152 ἔλεγον
632 3086 713 3139 ὅτι
732 3086 898 3156 ζυγὸν
921 3088 1237 3162 ἐλευθερίας
1268 3091 1566 3161 ἠλλάξαντο
1589 3092 1847 3158 δούλειον,

275 3178 527 3247 εὐτυχεῖν
558 3177 605 3231 δ’
654 3179 857 3244 ἄλλως,
884 3181 1160 3252 πολεμίων
1191 3183 1290 3253 μὲν
1336 3185 1538 3255 ἥκιστα
1573 3184 1772 3250 ἔξωθεν
1795 3189 1851 3240 ὲ-

275 3271 486 3341 νοχλείν
518 3271 594 3345 μή
623 3272 940 3342 δυναμένων
987 3275 1089 3345 τὴν
1141 3275 1305 3345 νῆσον
1333 3278 1436 3340 ἔτι,
1478 3275 1576 3329 ἆτε
1605 3276 1715 3330 τῶν
1751 3277 1850 3346 τῆς

272 3365 441 3435 νήσου
472 3364 817 3434 κρατούντων
844 3365 900 3417 ὲν
930 3364 1115 3428 ὅπλοις
1147 3365 1248 3437 ζῇν
1278 3367 1570 3434 εἰωθότων,
1621 3371 1715 3423 καὶ
1743 3369 1845 3421 ὅσα

274 3453 358 3515 είς
382 3452 618 3522 πόλεμον
649 3452 915 3521 ἐπεφύκει
950 3453 1387 3524 ἐπιτηδεύματα,
1419 3459 1513 3509 καὶ
1543 3457 1662 3527 ἅμα
1689 3459 1845 3511 εὐνο-

277 3542 411 3610 μίας
451 3544 509 3595 ἐν
534 3541 762 3612 ἀγοραῖς
785 3544 878 3597 καὶ
907 3544 1084 3613 δίκαις
1111 3546 1550 3615 ἐπιπολαζούσης
1584 3552 1650 3619 τῇ
1675 3551 1846 3620 νήσῳ,

276 3632 589 3700 πλεονεξίας
620 3636 869 3708 ἀπούσης
907 3636 983 3702 ὡς
1010 3638 1080 3692 τὰ
1121 3639 1312 3705 πολλὰ,
1353 3648 1444 3694 καὶ
1478 3640 1613 3710 πρὸς
1639 3634 1849 3706 τούτοις

273 3724 336 3779 εὖ
361 3727 598 3797 ἐχόντων
630 3729 879 3800 κράσεως
906 3728 1086 3801 ἀέρων
1113 3730 1389 3802 λαχόντων
1428 3732 1524 3804 τὴν
1558 3733 1739 3801 νῆσον,
1767 3733 1846 3786 ἔτι

272 3834 337 3871 τε
368 3818 607 3889 λιμένων
638 3821 733 3874 καὶ
764 3821 1006 3890 νεωρίων
1054 3822 1346 3891 παγκάλην
1374 3824 1606 3894 ἑχόντων
1632 3824 1731 3896 τὴν
1761 3822 1848 3877 θέ-

281 3927 391 3978 σιν,
420 3913 513 3964 καὶ
543 3913 753 3976 πάντας
786 3912 926 3982 μετὰ
960 3912 1246 3984 ῥᾳστώνης
1279 3914 1695 3986 ὑποδεχομένων
1720 3918 1847 3980 τοὺς

272 4002 602 4073 δθενδήποτε
647 4002 839 4073 χρείας
891 4004 1203 4075 ὲμπορικῆς
1249 4006 1610 4076 καταίροντας
1659 4006 1844 4073 ἕνεκα,

276 4095 355 4159 ὡς
381 4095 632 4164 γίνεσθαι
657 4094 749 4149 διὰ
785 4096 958 4149 ταῦτα
991 4095 1090 4166 τὴν
1121 4097 1232 4149 τῶν
1260 4096 1437 4149 ὠνίων
1458 4099 1646 4168 χρείαν
1668 4097 1848 4167 ξὰφθο-

277 4188 523 4257 νωτέραν
555 4187 834 4251 πλουσίοις
869 4189 965 4240 καὶ
1007 4188 1226 4258 πένησι,
1256 4188 1349 4241 καὶ
1379 4187 1493 4257 βίον
1533 4189 1847 4243 ἀταλαίπω-

279 4296 373 4348 ρον
403 4279 558 4347 ἀγειν
586 4277 715 4342 τοὺς
761 4275 1191 4347 προσοικοῦντας
1237 4277 1511 4334 ἐντεῦθεν.
1552 4279 1615 4333 Εί
1648 4280 1707 4333 δὲ
1757 4279 1845 4336 διὰ

1952 3123 2076 3163 men
2102 3108 2346 3179 alioquin
2367 3111 2510 3165 bona
2534 3110 2756 3164 fortuna
2780 3110 2883 3177 uti,
2904 3109 3052 3181 quod
3077 3111 3291 3165 externi
3313 3111 3524 3179 hostes,

1950 3214 2075 3253 cum
2125 3200 2319 3256 insula:
2352 3201 2558 3256 domini
2594 3200 2647 3254 in
2700 3200 2874 3257 armis
2918 3200 3273 3293 studiisque,’
3298 3218 3421 3272 quae
3457 3202 3526 3256 ad

1950 3293 2157 3348 bellum
2205 3295 2504 3361 pertinent,
2539 3293 2726 3348 vivere
2760 3293 2967 3348 assueti
3013 3303 3221 3360 essent,
3254 3309 3366 3349 non
3402 3309 3524 3349 am-

1949 3385 2097 3456 plius
2129 3384 2389 3438 infestare
2419 3384 2655 3438 insulam
2691 3392 2937 3453 possent,
2967 3391 3021 3439 et
3059 3384 3208 3454 quod
3245 3384 3417 3440 bonae
3444 3385 3527 3441 le-

1948 3489 2044 3544 ges
2070 3475 2124 3528 in
2152 3473 2287 3529 foris
2306 3473 2643 3544 judiciisque
2673 3475 2867 3531 insulae
2896 3487 3272 3547 versarentur,
3293 3477 3522 3531 avaritia

1948 3575 2131 3620 autem
2186 3565 2304 3620 fere
2359 3566 2600 3621 abesset.
2657 3564 2775 3620 Huc
2830 3566 3095 3622 accedere
3139 3566 3287 3637 quod
3340 3567 3524 3622 sortiti

1948 3666 2133 3711 essent
2165 3656 2429 3716 insulam,
2459 3671 2582 3729 quae,
2607 3657 2874 3727 gauderet
2899 3658 3041 3713 bona
3084 3657 3209 3713 caeli
3259 3657 3525 3727 temperie

1948 3758 2005 3804 et
2028 3759 2291 3820 portuum
2314 3763 2382 3803 ac
2411 3748 2687 3803 navalium
2714 3747 3040 3820 pneclarum
3069 3749 3303 3804 haberet
3327 3750 3525 3811 situm,

1949 3850 2011 3895 ut
2042 3855 2234 3895 omnes
2251 3838 2410 3895 facile
2427 3840 2681 3910 accipere
2706 3848 2936 3910 possent
2959 3840 3053 3910 qni
3087 3850 3411 3895 mercaturae
3440 3839 3525 3893 fa-

1947 3933 2157 3987 cienda:
2179 3948 2345 3988 causa
2371 3932 2739 4003 undecunque
2770 3931 3521 4002 advenirent._lnde'facte~.-1

1948 4034 2009 4079 ut
2039 4040 2223 4080 rerum
2286 4025 2563 4081 venalium
2619 4025 2850 4081 facultas
2906 4026 3111 4096 largior
3154 4033 3212 4082 et
3255 4025 3523 4080 divitibus

1947 4127 2003 4172 et
2037 4116 2374 4187 pauperibus
2409 4116 2771 4186 contingeret,
2814 4127 2982 4185 atque
3031 4116 3199 4172 vitam
3250 4118 3368 4171 sine
3402 4133 3522 4171 mo-

1946 4211 2105 4266 lestia
2139 4209 2329 4266 incolat
2359 4219 2604 4280 agerent.
2625 4209 2766 4264 Num
2798 4209 2922 4264 ideo
2954 4210 3094 4263 fama
3125 4218 3248 4264 orta
3276 4209 3372 4275 sit,
3399 4224 3522 4278 quas

1947 4303 2090 4358 inest
2125 4301 2179 4356 in
2218 4301 2534 4356 Grarcarum
2576 4301 2884 4354 fabularum
2913 4301 3149 4366 arcanis,
3180 4316 3314 4355 auro
3342 4316 3520 4368 quou-

276 4372 448 4427 ταῦτα
479 4352 587 4426 καὶ¹
613 4370 816 4441 χρυσόν
843 4386 977 4423 ποτε
1018 4368 1240 4433 Ῥοδίοις
1262 4369 1390 4425 ὗσαι
1419 4370 1650 4439 νεφέλας
1684 4371 1847 4426 κατέ-

1951 4352 2088 4448 5.};
2120 4352 2961 4463 stat}.auagasa;'.3
2984 4352 3240 4464 tam...
3290 4352 3519 4457 ‘...:.‘.i;;,

275 4484 362 4536 χει
400 4468 557 4535 λόγος
594 4468 707 4530 τοῖς
750 4464 861 4517 τῶν
909 4463 1261 4535 Ἑλληνικῶν
1289 4465 1479 4535 μύθων
1512 4466 1846 4537 ἀπορρήτοις

276 4560 720 4646 ἐνδιαιτώμενος,
736 4557 849 4627 ἐγὼ
888 4558 987 4627 μὲν
1018 4557 1121 4610 ούκ
1166 4558 1232 4611 ἀν
1263 4558 1382 4610 ποτ’
1416 4558 1638 4627 εἰδείην,
1674 4558 1850 4612 τοιού-

273 4673 382 4711 των
408 4652 729 4724 ύπολήψεων
751 4652 961 4720 ἀμείνω
985 4650 1330 4719 κτησάμενος
1361 4650 1570 4705 ἀνωθεν
1594 4650 1844 4722 γνώμην,

274 4748 481 4817 λεγέτω
509 4746 554 4801 δ’
583 4746 730 4808 ὅστις
758 4745 982 4817 ἄμεινον
1014 4743 1180 4814 είδείη
1208 4744 1274 4796 ἂν
1308 4744 1471 4814 ἐμοῦ,

346 4815 425 4895 9'.
461 4835 606 4893 Εἶεν.
632 4832 807 4907 Ἦρος
836 4815 880 4888 δ’
903 4835 1006 4907 ήδη
1034 4835 1358 4906 χωροῦντος,
1387 4837 1446 4890 ὲν
1474 4829 1517 4896 ὦ
1541 4837 1635 4889 καὶ
1664 4836 1849 4890 πλειά-

274 4935 363 4996 δες
422 4930 683 5001 ἄρχονται
712 4928 953 4997 κήρυκές
1007 4944 1067 4979 τε
1125 4928 1220 4982 καὶ
1268 4928 1571 5000 πρόδρομοι
1600 4930 1846 4998 γίνεσθαι

275 5026 377 5091 τῆς
408 5026 643 5093 ἡμέρας,
679 5022 884 5092 ούρίοις
926 5021 1182 5075 κάκεῖθεν
1220 5021 1562 5093 χρησάμενοι
1604 5024 1849 5093 πνεύμα-

278 5135 362 5171 σιν
392 5116 738 5186 ἀνήχθημεν,
760 5113 835 5177 ὠς
860 5112 1205 5183 πεμπταίους
1250 5115 1399 5184 ἡμᾶς
1430 5117 1488 5178 ές
1512 5117 1754 5185 μεγάλην
1786 5134 1844 5169 τε

280 5210 376 5263 καὶ
429 5209 546 5259 ὶίαν
572 5206 868 5275 εὐδαίμονα
891 5206 1188 5275 ἀφικέσθαι
1237 5206 1416 5269 πόλιν,
1452 5207 1551 5277 τὴν
1593 5207 1845 5271 Ἀλεξάν-

274 5302 458 5371 δρειάν
473 5317 634 5370 φημι,
658 5298 1131 5367 πεντακισχιλίους
1145 5297 1401 5359 σταδίους
1413 5298 1721 5367 ἀπέχουσαν
1734 5298 1847 5352 Ῥό-

275 5394 389 5458 δου,
424 5395 685 5460 κειμένην
709 5390 755 5442 δ’
780 5393 836 5442 ἐν
866 5389 1038 5460 δεξιᾷ,
1067 5389 1119 5441 εί
1146 5404 1229 5451 τις
1257 5390 1313 5451 ἐς
1334 5389 1393 5441 τὸ
1411 5387 1846 5460 Ἡρακλεωτικὸν

277 5481 558 5553 καταίρειν
604 5481 776 5533 ἐθέλοι
825 5481 1000 5548 στόμα
1048 5478 1143 5531 τοῦ
1177 5478 1397 5532 Νείλου.
1428 5480 1701 5548 Μέγιστος
1738 5484 1845 5550 γὰρ

277 5575 353 5628 ὢν
377 5574 639 5644 ποταμῶν
663 5576 689 5628 ό
719 5573 932 5636 Νεῖλος,
966 5571 1061 5626 καὶ
1088 5571 1215 5642 ὃλην
1238 5570 1416 5649 ἄρδων
1447 5573 1508 5624 ἐκ
1541 5574 1707 5642 μέσου
1751 5572 1847 5641 τὴν

282 5671 564 5734 Αἴγυπτον
590 5667 749 5733 μόνος
782 5666 967 5731 αὐτὸς,
1023 5664 1313 5735 ὁλόκληρος
1349 5664 1561 5717 κάτεισι
1591 5662 1846 5728 ζωννύων

1951 4486 2151 4542 talibus
2192 4485 2548 4557 opinionibus
2599 4485 2881 4558 meliorem
2931 4488 3257 4541 sententiam
3301 4486 3520 4541 coalitus

1948 4576 2223 4647 adeptus:
2260 4576 2430 4644 dicat,
2465 4576 2720 4647 quisquis
2755 4592 2841 4632 me
2876 4578 3072 4633 melius
3106 4578 3233 4633 Scit.

2020 4844 2110 4900 IX.
2142 4844 2399 4900 Ceterum
2429 4860 2556 4899 vere
2582 4843 2692 4914 jam
2732 4843 3090 4914 procedente.
3126 4857 3235 4913 quo
3275 4850 3520 4912 tempore

1947 4936 2115 4991 etiam
2146 4936 2397 4991 Pleiades
2426 4935 2699 5006 incipiunt
2727 4950 3009 5006 praecones
3039 4950 3160 4990 esse
3190 4945 3248 4990 et
3276 4950 3518 5004 praecur—

1948 5044 2104 5084 seres
2147 5028 2281 5093 diei,
2315 5029 2493 5083 ventis
2524 5023 2788 5082 secundis
2836 5028 2919 5080 usi
2954 5028 3006 5080 in
3060 5027 3229 5079 altum
3273 5026 3517 5096 provecti

1948 5136 2159 5184 sumus,
2194 5130 2254 5177 ut
2303 5122 2499 5190 quinto
2546 5121 2635 5175 die
2683 5119 3088 5183 Alexandriam,
3131 5119 3422 5172 maximam
3462 5130 3518 5174 ct

1948 5209 2421 5279 opulentissimam
2475 5208 2689 5275 urbem,
2716 5210 3052 5274 veniremus,
3102 5226 3222 5279 qua:
3270 5210 3517 5279 quinque

1951 5300 2117 5355 millia
2133 5300 2437 5355 stadiorum
2464 5301 2631 5356 distat
2655 5317 2684 5355 a
2715 5301 2931 5366 Rhodo,
2957 5301 3143 5356 dextra
3172 5303 3299 5366 sita,
3324 5304 3364 5356 si
3392 5301 3519 5371 quis

1948 5391 2001 5445 in
2038 5391 2469 5447 lleracleOtieum
2495 5391 2601 5448 Nili
2628 5394 2828 5447 ostium
2858 5393 3150 5448 decurrere
3180 5394 3328 5447 velit.
3358 5394 3518 5457 Nilus

1947 5483 2113 5547 enim,
2151 5483 2443 5539 ﬂuviorum
2478 5486 2768 5550 maximus,
2803 5485 2896 5555 qui
2928 5495 3093 5541 totam
3123 5485 3412 5557 Egyptnm
3445 5503 3513 5543 ex

1948 5575 2129 5630 medio
2148 5577 2300 5631 solus
2327 5576 2536 5646 irrigat,
2566 5593 2632 5633 ex
2663 5577 3042 5647 superioribus
3068 5579 3384 5649 regionibus
3413 5579 3517 5634 ali-

1948 5667 2126 5723 cunde
2155 5678 2310 5724 ortus
2344 5668 2567 5738 cingens
2597 5684 2717 5725 eam
2750 5669 3039 5725 universus
3088 5681 3252 5739 atque
3303 5672 3516 5745 iineger
