4088 6212
316 261 338 322 1
355 261 454 323 H9

1266 252 1705 319 nYmN'rtNe
1750 234 2132 310 liiS'l'ORt-E
2175 246 2314 308 Ltn.
2371 247 2580 306 XXIV.

3424 242 3475 302 li
3519 241 3554 304 0

317 372 491 441 μιδος,
517 372 619 427 καὶ
638 371 774 441 πρός
801 388 865 442 γε
907 370 1209 442 ’Λσσυρῖων
1235 374 1330 426 κοιλ⁵
1368 374 1593 442 Περσῶν
1626 373 1720 421 καὶ
1754 368 1874 435 Μῆ-

1982 364 2222 434 Assyriis
2252 365 2449 427 Persis,
2475 361 2644 415 Medis
2666 360 2936 431 terrisque
2965 348 3109 415 ultra
3140 360 3277 414 Susa
3309 369 3355 414 et
3388 360 3526 414 Ecna

312 466 563 531 δων,καὶ
612 467 715 520 ὃσα
775 465 990 519 Σούσων
1048 465 1141 519 καὶ
1203 465 1553 519 Ἐκϐατάνων
1605 463 1921 516 ἐπέκεινα.⁷

312 561 531 629 Ταύτην
554 559 716 625 ἔγωγ’
749 559 962 612 ἀκούων
1002 559 1064 610 ἐκ
1105 557 1337 612 παλαιοῦ
1371 558 1431 609 τὸ
1472 557 1739 625 σωτήριον
1781 553 1883 619 κήο

314 668 501 722 ρυγμα
533 649 758 721 πρώτην
802 650 973 720 αὐτὴν
1004 650 1140 719 πρὸς
1182 649 1294 702 τῶν
1349 648 1513 717 ἱερῶν
1554 645 1886 714 δεδεγμένην

312 742 644 805 ἀποστόλων,
673 740 794 794 λίαν
830 741 1084 810 ἀσμένως
1133 735 1273 792 εἳδον
1324 738 1405 792 ἔτι
1461 741 1666 808 σημεῖα
1698 736 1887 807 ψυχῶν

313 836 395 895 εἰς
422 832 701 886 εὐσέϐειαν
737 829 1104 901 θερμοτέρων.
1130 829 1318 901 Ταύτῃ
1353 827 1434 883 τοι
1469 832 1562 882 καλ.
1593 829 1884 897 ἐθαύμασα

315 925 520 995 μᾶλλον
545 923 712 994 αὐτὴν
748 922 818 975 δι’
845 923 979 975 αὐτὸ
1018 939 1081 989 γε
1125 922 1275 974 τουτὶ
1305 921 1336 990 ἢ
1364 920 1453 973 διὰ
1483 920 1673 983 τᾶλλα,
1711 918 1885 972 ὁπόσα

310 1019 380 1086 τῇ
423 1017 573 1069 πόλει
621 1014 865 1085 περίεστι
911 1013 980 1068 τα
1029 1013 1192 1067 καλά.
1245 1013 1357 1082 Τῆς
1410 1016 1521 1081 γὰρ
1576 1011 1884 1081 ἀλλοφύλου

315 1108 612 1177 θρησκείας
636 1106 1113 1175 συμπεφυρμένως
1142 1103 1580 1174 ἐπιπολαζούσης
1601 1105 1721 1156 ἐκεῖ
1751 1120 1887 1157 παν-

310 1198 539 1268 ταχόθεν
570 1196 663 1250 καλ⁵
693 1194 966 1265 πανταχῆ,
992 1194 1086 1248 ἆτε
1116 1195 1214 1262 τῆς
1258 1193 1501 1271 Ἀράϐων
1528 1192 1887 1263 ἐπικρατείας

312 1291 372 1354 ἐξ
406 1288 706 1355 Αἰγύπτου,
738 1285 939 1355 μᾶλλον
978 1278 1025 1339 δ’*
1072 1287 1136 1338 ἐκ
1180 1286 1439 1356 Κυρήνης
1477 1285 1571 1338 καὶ
1604 1285 1885 1338 Πενταπὸ-

313 1382 452 1443 λεως
491 1379 585 1433 καὶ
617 1379 724 1431 τῶν
775 1394 838 1445 γε
869 1376 952 1430 ἔτι
990 1377 1181 1431 τούτου
1222 1377 1555 1447 προσωτέρω
1588 1376 1886 1447 διηκούσης

312 1474 441 1543 ἄχρι
469 1466 563 1525 uiti.
600 1472 659 1533 ἐς
688 1471 754 1522 τὰ
782 1469 881 1538 τῆς
915 1464 1247 1538 ’Ᾱντιοχείας
1274 1470 1553 1532 ἐπέκεινα,
1591 1468 1885 1536 συμϐαίνει

310 1563 409 1616 καὶ
453 1565 552 1632 τῆς
597 1561 892 1631 ’Δραϐικῆς
948 1560 1246 1630 θρησκείας
1300 1560 1572 1629 δείγματα
1632 1560 1883 1631 πανταχῆ

307 1653 414 1722 τῆς
457 1654 561 1724 γῆς
615 1653 883 1724 ὑπάρχειν
928 1652 1168 1723 ἐκείνης.
1201 1652 1293 1705 Διὸ
1335 1654 1431 1705 καὶ
1486 1653 1885 1723 ἀντεχομένους

312 1746 432 1796 ἐκεῖ
479 1722 679 1812 κομιδῆ
729 1722 904 1814 μ’(ῡὸ
927 1740 982 1813 ὁ]
1030 1722 1138 1795 τῶν
1189 1742 1509 1813 Ἀντιοχέων
1532 1722 1695 1808 αὐτὸς
1741 1744 1886 1815 δρῶν

306 1833 440 1897 τοὺς
470 1833 709 1896 εὐσεϐῶς
732 1832 1022 1902 ἑλομένους
1056 1834 1157 1902 ζῇν
1185 1832 1325 1903 ὑπὲρ
1359 1833 1468 1887 τῶν
1503 1834 1754 1904 πατρίων
1779 1834 1878 1903 τῆς

307 1924 599 2001 εὐσεϐείας
627 1924 914 1995 δογμάτων
950 1924 1078 1994 ἄχρι
1122 1923 1354 1979 θανάτου
1387 1924 1613 1991 δεῆσαν,
1640 1923 1729 1977 διὰ
1774 1940 1881 1995 μα-

307 2013 444 2084 κροῦ
472 2016 563 2068 τοῦ
611 2013 890 2085 Θαύματος
924 2014 1225 2085 ἐποιούμην
1249 2015 1386 2078 τέως
1418 2015 1529 2083 ἐγὼ
1556 2015 1618 2068 τὸ
1652 2014 1883 2069 ἐκείνων

308 2108 564 2177 πρᾶγμα,
604 2108 697 2160 καὶ
744 2109 801 2169 ἐς
852 2106 951 2179 τὴν
990 2107 1162 2162 πάλαι
1215 2090 1438 2179 μνήμην
1470 2107 1672 2177 ἀνῆγον
1717 2106 1881 2171 εὐθὺς

304 2199 527 2270 ἐκείνην
553 2198 645 2251 τὸν
673 2201 835 2255 νοῦν.-

379 2288 479 2345 ΙΒ’.
512 2287 653 2346 Εἶεν.
722 2289 882 2344 Ἀλλά
935 2290 1077 2358 μετά
1125 2289 1300 2361 βραχύ
1354 2290 1611 2344 κάκεῖθεν
1659 2289 1880 2359 ἀπάρας

304 2379 506 2454 ἀπῄειν
550 2382 680 2453 ἄχρι
732 2384 827 2437 καὶ
878 2383 959 2446 είς
1012 2381 1208 2445 Ἰσσὸν,
1242 2382 1375 2434 ἔνθα
1424 2382 1553 2445 τοὺς
1588 2380 1878 2445 Κιλικίους

305 2474 555 2536 αὐλῶνας
595 2474 704 2527 τῶν
749 2473 1041 2544 ’Ταυρικῶν
1099 2472 1453 2543 παραψαύειν
1498 2471 1638 2542 δρῶν
1693 2471 1882 2543 σχεδὸν

302 2566 482 2618 εἰπεῖν
513 2568 575 2617 ἐκ
607 2565 822 2633 φύσεως
853 2562 1158 2636 συνηνέχθη
1180 2578 1195 2593 ·
1247 2564 1301 2626 ἐς
1345 2560 1566 2617 τοσοῦτο
1600 2564 1709 2632 γὰρ
1742 2563 1877 2632 βραο

302 2655 538 2726 χύτητος
588 2656 617 2708 ὁ
674 2656 878 2720 μεταξύ
934 2653 1289 2708 συστέλλεται
1337 2655 1515 2725 χῶρος
1558 2656 1675 2708 ἐκεῖ
1725 2655 1789 2709 ἐκ
1820 2672 1880 2708 τε

302 2745 574 2817 Θαλάττης
612 2745 706 2799 καὶ
760 2747 903 2816 ὀρῶν
957 2744 1182 2799 ἐκείνων
1215 2745 1358 2799 ὥστε
1406 2746 1501 2799 καὶ
1568 2746 1736 2800 πύλαι
1765 2747 1879 2810 τοῖς

301 2838 474 2891 πάλαι
522 2836 1052 2906 προσηγορεύθησαν
1103 2837 1336 2890 Ἰσσικαί
1394 2853 1452 2889 τε
1484 2836 1601 2905 ἅμα
1642 2838 1745 2890 καὶ
1780 2839 1881 2890 Συ-

302 2928 517 2998 ριακαί.
557 2927 664 2981 Καὶ
709 2927 863 2989 πόλις
894 2927 942 2979 δ’
982 2923 1131 2980 ἐστιν
1173 2927 1507 2996 ’Λντιοχείας
1543 2922 1879 2998 ἀρχαιοτέρα

1989 466 2114 511 tana
2163 456 2498 526 j-tcentibus.
2563 455 2715 508 llanc
2774 454 2964 509 urbem
3025 469 3193 523 quutu
3253 453 3557 521 antiquitus

1988 550 2231 604 salutare
2282 548 2640 619 Evangelium
2699 549 2929 618 primam
2981 547 3050 602 ab
3106 547 3237 617 ipsis
3293 549 3557 616 apostahs

1988 622 2267 711 accepisse
2328 641 2697 704 audivissem,
2761 639 3039 695 laetissime
3113 638 3292 692 adhuc
3354 638 3552 692 indicia

1987 733 2300 786 animorum
2334 732 2633 787 fervidiore
2670 733 2873 802 pietate
2912 745 3270 786 accensorum
3303 733 3553 800 cognovi.

1987 822 2166 888 Quare
2197 823 2277 891 ob.
2303 822 2446 878 hanc
2477 823 2649 892 ipsam
2679 839 2793 878 rem
2820 822 2995 893 magis
3028 823 3218 877 urbem
3253 804 3556 877 admiratus

1988 927 2110 966 sum
2146 902 2308 981 quam
2334 913 2415 969 ob
2449 913 2554 967 alia
2587 914 2874 967 commoda
2907 922 2959 967 et
2985 921 3330 971 ornamenta,
3363 928 3481 981 qur
3508 913 3555 964 ci

1989 1012 2304 1071 suppetant.
2372 1004 2536 1058 Cultu
2600 1005 2749 1058 enim
2827 1005 3122 1074 peregrino
3191 1006 3555 1073 undeqnaque

1988 1094 2301 1163 promiscue
2358 1095 2626 1165 gliscente
2679 1095 3051 1164 omnibusque
3113 1095 3248 1149 focis
3310 1104 3560 1149 exstante

1989 1186 2135 1256 (cum
2161 1187 2306 1240 enim
2338 1186 2579 1241 Arabum
2617 1187 2907 1257 imperium
2940 1187 3065 1241 inde
3100 1186 3169 1241 ab
3198 1186 3431 1255 Egypto
3468 1189 3560 1239 aut

1987 1278 2172 1346 potius
2217 1294 2245 1332 a
2286 1278 2496 1349 Cyrene
2527 1289 2582 1334 ct
2617 1279 2900 1349 Pentapoli
2939 1296 3003 1334 ac
3039 1279 3361 1347 regionibus
3394 1279 3556 1331 etiam

1990 1365 2379 1420 remotioribus
2412 1382 2583 1437 usque
2612 1368 2960 1423 Antiochiam
2993 1378 3048 1424 et
3080 1370 3223 1422 ultra
3264 1368 3557 1437 pertint-at,

1990 1470 2088 1509 usu
2128 1457 2279 1511 venit
2310 1466 2370 1511 ut
2414 1458 2659 1514 Arabica:
2690 1460 2970 1529 religionis
2997 1461 3225 1530 vestigia
3270 1461 3475 1528 ubique
3508 1476 3559 1515 :n

1987 1544 2076 1599 illa
2104 1557 2251 1601 terra
2281 1550 2619 1618 occurrant),
2648 1549 2737 1604 ubi
2772 1550 3187 1616 Autioehenses,
3210 1551 3301 1620 qui
3332 1550 3556 1620 quidem

1988 1636 2077 1706 pie
2105 1653 2169 1693 ac
2198 1649 2349 1694 recte
2376 1639 2445 1695 de
2470 1641 2736 1710 religione
2764 1644 3056 1713 sentirent,
3091 1658 3193 1713 pro
3221 1643 3414 1713 patriis
3444 1643 3560 1713 pie-

1991 1730 2117 1785 tatis
2147 1731 2419 1802 dogmatis
2444 1734 2665 1790 fortiter
2690 1736 3013 1792 resistentes
3038 1738 3313 1802 videbam,
3341 1741 3556 1793 etiamsi

1989 1829 2221 1876 mortem
2269 1825 2584 1893 perpessuri
2639 1834 2844 1891 essent,
2898 1827 2952 1881 in
3003 1841 3217 1883 summa
3273 1844 3393 1883 eam
3443 1845 3557 1883 rem

1987 1911 2352 1969 admiratione
2380 1913 2644 1971 habebam
2673 1925 2840 1987 atque
2866 1916 2932 1971 ad
2966 1927 3207 1972 veterem
3237 1920 3557 1974 memoriam

1988 2000 2149 2057 talem
2177 2003 2447 2059 sentiendi
2484 2007 2757 2061 rationem
2798 2008 2979 2063 statim
3009 2006 3338 2065 referebam.

2059 2275 2172 2332 ΧΠ.
2206 2278 2477 2333 (heterqu
2516 2279 2676 2345 paulo
2716 2287 2837 2348 post
2868 2293 2992 2333 cum
3046 2294 3131 2333 me
3164 2278 3440 2333 dedissem
3500 2278 3552 2331 in

1985 2367 2152 2435 viam,
2183 2384 2354 2438 usque
2401 2369 2576 2424 Issum
2622 2371 2901 2439 profectus
2949 2387 3095 2436 sum,
3136 2371 3228 2426 ubi
3280 2374 3558 2428 convallrs

1982 2458 2187 2516 Cilicia:
2214 2476 2339 2515 cum
2389 2459 2555 2516 Tauri
2604 2463 2890 2539 montibus
2935 2479 2966 2518 a
3020 2475 3213 2518 natura
3268 2466 3381 2519 fere
3438 2468 3551 2534 ipsa

1984 2554 2308 2624 conjunctae
2333 2569 2456 2609 esse
2490 2555 2719 2612 dixeris.
2755 2554 2888 2610 Tam
2926 2557 3094 2612 breve
3124 2557 3273 2612 enim
3314 2559 3555 2629 spatium

1984 2644 2219 2701 interest
2246 2647 2390 2701 inter
2420 2663 2573 2703 mare
2597 2658 2652 2702 ct
2683 2659 2897 2704 montes
2928 2650 3072 2714 illos,
3106 2660 3167 2704 ut
3196 2661 3368 2721 portae
3400 2668 3428 2706 a
3458 2668 3555 2706 ve-

1982 2738 2196 2793 teribus
2220 2749 2276 2794 et
2306 2739 2486 2794 lssicte
2512 2750 2567 2795 et
2590 2741 2826 2812 Syriacae
2846 2744 3388 2811 cognominarcntur.
3413 2743 3556 2798 Urbs

1982 2829 2059 2883 ibi
2086 2831 2194 2891 sita
2222 2839 2309 2886 est
2345 2833 2629 2903 antiquior
2666 2834 2983 2897 Antiochia,
3016 2850 3141 2889 cum
3174 2836 3429 2905 plurimis
3453 2850 3557 2888 ea:-

1984 2923 2121 2976 teris
2169 2922 2501 2978 Alexandria
2538 2925 2827 2994 appellata.
2865 2927 2996 2980 Eam
3045 2926 3190 2980 enim
3244 2926 3556 2981 Alexander

301 3018 708 3087 παρακειμένη,
750 3017 845 3082 ξύν
899 3033 961 3083 γε
1017 3016 1299 3079 πλείσταις
1351 3016 1567 3086 ἑτέραις
1626 3016 1877 3082 Ἀλεξάν-

1986 3012 2243 3069 excitavit
2299 3013 2457 3083 quasi
2503 3016 2739 3083 primum
2794 3027 3055 3087 tropaeum
3108 3019 3348 3080 victoriae
3388 3034 3563 3089 quam

298 3109 459 3178 δρεια
506 3109 835 3179 καλουμένη.
886 3108 1109 3179 Ταύτην
1166 3109 1276 3179 γὰρ
1342 3108 1692 3178 Ἀλέξανδρος
1744 3110 1878 3180 ἀνή-

300 3216 454 3269 γειρε
486 3198 707 3269 πρώτην
736 3198 962 3267 ἄγαλμα
1010 3202 1169 3269 νίκης
1211 3199 1410 3263 εἰπεῖν,
1441 3200 1509 3269 ἣν
1545 3199 1734 3252 αὐτόοι
1772 3203 1877 3252 Δα-

304 3295 448 3362 ρεῖον
492 3291 588 3343 τὸν
635 3290 851 3361 Πέρσην
899 3291 1120 3359 ἐνίκησε
1154 3290 1391 3360 πρῶτον,
1434 3292 1499 3344 ἐκ
1532 3292 1879 3355 Βαϐυλωνίας

300 3380 395 3433 καὶ
442 3379 551 3432 τῶν
602 3397 664 3446 γε
726 3381 991 3449 ἀαωτέρω
1040 3381 1224 3433 τόπων
1294 3381 1496 3450 μυρίαν
1553 3382 1654 3450 μὲν
1709 3382 1878 3434 ἵππον

298 3473 590 3534 ἐλάσαντα,
624 3473 800 3528 πάντα
827 3474 872 3526 δ’
920 3472 1106 3535 Ἀσίας
1145 3470 1285 3525 ὅπλα
1342 3476 1748 3541 συγκινὴσαντα
1783 3472 1879 3540 μέ-

297 3580 423 3635 χρις
449 3562 635 3618 αὐτοῦ.
656 3565 912 3617 Σπεύδων
954 3564 1088 3635 γὰρ,
1126 3565 1256 3634 πρὶν
1304 3563 1658 3633 Ἀλέξανδροι
1688 3564 1879 3633 διαϐῆ-

296 3676 410 3721 ναι,
458 3657 555 3720 τὰς
605 3656 713 3709 τῶν
756 3658 1063 3725 εἰρημένων
1096 3657 1303 3708 στενῶν
1342 3653 1671 3707 ἀποκλεῖσαι
1704 3656 1876 3725 παρό-

294 3738 424 3810 δους
466 3746 544 3816 τῷ
589 3745 783 3817 πλήθει
833 3748 930 3816 τῆς
981 3746 1244 3815 στρατιᾶς
1274 3744 1514 3812 ἐκείνης,
1551 3743 1711 3798 ἐλαοε
1746 3744 1876 3797 καθ’

298 3837 497 3891 ἐαυτοῦ
545 3837 744 3906 μᾶλλον
812 3838 843 3905 ἢ
917 3836 1037 3912 κατ’
1104 3834 1457 3904 Ἀλεξάνδρου
1508 3835 1602 3887 τὸν
1656 3836 1877 3905 ϐλεθρον

298 3930 790 4000 μεμηχανημένον
837 3928 1045 3996 πλῆθος
1096 3926 1205 3997 γὰρ
1233 3926 1645 3995 δυταρίομητον
1707 3924 1876 3995 στρα-

295 4023 416 4082 eti;
449 4020 812 4088 ἐπαγόμενος,
849 4020 944 4071 καὶ
993 4018 1221 4085 ὀφείλων
1255 4020 1311 4069 ἐν
1360 4018 1574 4080 ὑπτίοις
1607 4018 1702 4069 καὶ
1747 4020 1877 4072 ἁνα-

295 4110 666 4181 πεπταμένοις
697 4111 899 4172 πεδίοις
943 4109 1040 4171 τὰς
1086 4110 1392 4178 πολεμικὰς
1434 4110 1742 4163 διατάττειν
1776 4111 1879 4177 φά-

292 4202 524 4270 λαγγας,
549 4203 641 4256 καὶ
684 4200 857 4255 ταῦτα
904 4203 1172 4268 γυναῖκας
1207 4200 1324 4271 ἅμα
1370 4205 1467 4254 καὶ
1498 4202 1694 4266 παῖδας
1724 4202 1872 4270 ἄγων

293 4298 392 4348 καὶ
417 4296 535 4347 ὅλον
573 4292 738 4346 αὐτοῦ
778 4293 870 4346 τὸν
904 4292 1179 4362 βασίλειον
1204 4289 1351 4347 οἷκον
1387 4293 1530 4346 κοιτά
1572 4294 1636 4363 δή
1684 4311 1737 4347 τι
1770 4297 1873 4348 πά-

1984 3103 2057 3158 ibi
2116 3104 2183 3159 de
2237 3104 2401 3159 Dario
2460 3105 2626 3160 Persa
2686 3108 2921 3175 primum
2990 3111 3307 3177 reportavit,
3360 3110 3452 3179 qui
3486 3128 3553 3165 ex

1981 3194 2278 3266 Babylonia
2309 3196 2555 3275 locisque
2604 3199 2766 3253 etiam
2814 3202 3197 3269 superioribus
3233 3205 3552 3259 innumera-

1981 3288 2145 3342 bilem
2190 3289 2497 3356 equitatum
2529 3290 2826 3346 adduxerat
2866 3294 3160 3362 otuuiaque
3207 3295 3350 3349 Asiae
3398 3312 3551 3350 arma

1982 3380 2048 3433 ad
2081 3396 2140 3435 se
2171 3392 2546 3435 contraxerat.
2574 3383 2709 3436 Cum
2739 3386 2885 3438 enim
2923 3396 3217 3455 antequam
3244 3391 3553 3445 Alexander

1982 3473 2482 3539 transgrederetur,
2517 3475 2923 3543 angustiarum,
2953 3477 3020 3529 de
3047 3478 3253 3546 quibus
3285 3483 3549 3544 dixituns.

1984 3561 2245 3614 transitus
2276 3562 2632 3616 multitudine
2681 3564 2830 3618 illius
2865 3568 3141 3621 exercitus
3180 3569 3549 3625 intercludere

1982 3661 2324 3721 properaret,
2351 3652 2452 3707 sibi
2486 3654 2669 3722 potius
2698 3671 2859 3724 quant
2900 3655 3212 3739 Alexandro
3244 3663 3545 3730 perniciem

1979 3757 2102 3797 sese
2133 3743 2435 3798 machinari
2468 3760 2576 3797 non
2608 3745 2897 3801 intellexit.
2944 3748 3079 3802 Nam
3128 3764 3250 3804 cum
3298 3753 3549 3809 iunumc~

1982 3835 2185 3890 rabiles
2210 3836 2401 3904 copias
2437 3852 2624 3891 secum
2654 3837 2881 3893 duceret
2909 3849 3075 3910 atque
3105 3843 3280 3897 aciem
3329 3847 3380 3900 in
3413 3847 3550 3901 locis

1980 3928 2156 3998 planis
2200 3940 2364 3998 atque
2406 3931 2724 3999 patentibus
2801 3933 3078 3989 instruere
3123 3935 3375 3997 deberet.
3423 3956 3547 3993 cum

1980 4020 2283 4090 praesertim
2329 4020 2562 4076 feminas
2615 4031 2780 4092 atque
2812 4023 3016 4079 liberos
3045 4036 3099 4080 et
3137 4035 3303 4082 totam
3343 4032 3547 4100 regiam

1978 4114 2206 4169 domum
2248 4129 2316 4169 ex
2365 4115 2540 4185 patrio
2595 4117 2832 4184 quodam
2880 4132 3030 4173 tnnre
3077 4133 3264 4173 secum
3299 4121 3545 4187 haberet,

1979 4206 2095 4275 ipse
2142 4205 2419 4260 contraria
2470 4218 2698 4275 prorsus
2746 4205 2896 4260 fecit.
2934 4205 3009 4260 lta
3061 4208 3265 4263 factunt
3316 4221 3420 4274 est.
3468 4214 3543 4266 ui

1977 4311 2101 4351 cum
2149 4297 2395 4367 equitum
2465 4282 2864 4368 iugens'turba
2908 4300 3186 4355 concitato
3231 4302 3433 4370 impetu
3492 4306 3547 4359 in

290 4400 445 4453 τριον
475 4381 615 4447 ἐηος,
650 4381 678 4433 ὃ
725 4381 780 4433 δὲ
845 4382 1107 4434 τάναντία
1163 4379 1321 4435 πάντ’
1373 4380 1676 4449 ἐδεδράκει.
1719 4382 1870 4452 Μηδὲ

1982 4388 2165 4444 hostes
2191 4404 2252 4445 se
2281 4390 2544 4453 inferens,
2574 4391 2626 4443 in
2657 4392 2925 4460 angustiis
2958 4407 3059 4448 nec
3091 4393 3250 4448 facile
3291 4397 3544 4464 progredi

292 4490 403 4541 γαρ
450 4473 678 4542 ἐχούσης
733 4475 832 4542 τῆς
887 4473 1157 4543 τοσαύτης
1209 4474 1449 4543 ἐκείνηςι
1491 4474 1659 4527 ἵππου
1721 4475 1868 4545 ῥύμῃ

289 4564 462 4633 πολλῇ
514 4565 821 4635 φερομένης
866 4563 1069 4635 ῥαδίως
1118 4568 1427 4635 προχωρεῖν
1479 4581 1538 4617 τε
1596 4566 1690 4618 καὶ
1741 4568 1870 4618 ἀνα-

289 4657 493 4725 χωρεῖν
528 4650 585 4707 ἐτθ
629 4658 835 4718 στενοῖς
870 4656 963 4709 καὶ
1011 4656 1111 4719 τάς
1143 4672 1205 4724 γε
1246 4657 1596 4726 ἀναστροφὰς
1643 4656 1739 4710 καὶ
1783 4673 1875 4709 συ-

291 4747 533 4816 στροφὰς
573 4747 665 4799 καὶ
694 4749 1439 4819 ἁγχιστρύφουςλπεριφορὰς
1475 4750 1568 4802 καὶ
1603 4748 1872 4814 διεξόδους

288 4838 589 4904 ποιεῖσθαι,
622 4840 963 4893 συνεπάτουν
1008 4841 1268 4910 ἀλλήλους
1304 4841 1459 4894 αὐτοὶ
1492 4839 1586 4892 ὑπ’
1624 4839 1871 4910 ἀλλήλων

290 4932 769 5000 συμποδιζόμενοι,
831 4934 926 4987 καὶ
996 4934 1358 5002 περιέπιπτον
1413 4933 1628 4995 ἑαυτοῖς
1689 4931 1864 4996 αὐτοὶ,

290 5021 479 5083 κακῶς
511 5022 951 5093 βουλευσάμενοι.
995 5022 1156 5075 ’Λλλά
1178 5023 1386 5076 τούτων
1419 5023 1517 5092 μὲν
1544 5022 1684 5085 ἅλις.

338 5793 368 5809 ,,
613 5740 878 5801 I‘ATttoL.
925 5743 1037 5801 Gn.
1090 5744 1365 5805 CXL‘Clll

1979 4497 2081 4535 nec
2107 4494 2165 4534 se
2190 4481 2436 4550 recipere
2458 4496 2637 4550 neque
2663 4499 2721 4536 se
2748 4495 3073 4540 convertere
3099 4495 3194 4540 aut
3216 4490 3547 4545 contrahere

1932 4594 1939 4601 κ
1979 4580 2074 4624 aut
2101 4571 2311 4625 celeres
2349 4572 2810 4630 circumactinues
2843 4585 3009 4645 atque
3048 4593 3316 4633 excursus
3362 4579 3545 4635 facere

1974 4673 2181 4733 posset,
2210 4664 2310 4734 ipsi
2360 4665 2507 4719 inter
2536 4681 2595 4721 se
2640 4669 2886 4737 impediti
2922 4686 2982 4726 se
3015 4681 3370 4727 contererent
3401 4685 3453 4729 et
3492 4677 3544 4727 in

1969 4766 2147 4810 semet
2172 4756 2321 4825 ipsos
2346 4756 2698 4813 incurrerent
2731 4760 2875 4815 malo
2909 4762 2990 4815 usi
3024 4762 3274 4817 consilio.
3299 4763 3402 4817 Sed
3434 4763 3548 4818 luce

1970 4847 2259 4903 hactenus.

3097 5753 3174 5813 Ιώ
