4038 6250
319 401 3476 417 W

301 392 3494 453 M—

816 603 1410 718 JOANNIS
1502 604 2057 720 BOlVlNl
2146 601 2971 715 DEDICATIO.

1510 1018 1732 1079 ιι]οο
1747 1018 1937 1079 I’ICO
1982 1018 2100 1077 MA
2116 1017 2303 1081 GNO.

359 1232 476 1295 Res
505 1248 729 1310 gerere
759 1239 820 1295 et
862 1232 1032 1313 leges
1064 1231 1213 1294 dare
1258 1226 1514 1311 pupulis
1565 1233 1815 1310 regium
1849 1237 1964 1291 est.
2006 1231 2080 1290 At
2113 1248 2238 1291 non
2284 1238 2503 1294 cmtera
2549 1234 2785 1306 omnia,
2822 1236 3072 1296 tametsi
3110 1232 3326 1294 minus
3360 1233 3522 1296 illu-

280 1333 427 1392 sti-ia
486 1343 661 1409 sunt,
723 1334 817 1395 sic
874 1333 1197 1413 principes
1258 1348 1523 1413 magnos
1584 1332 1918 1406 dedecent,
1965 1342 2033 1394 ut
2096 1339 2332 1395 artium
2396 1351 2660 1416 quoque
2717 1344 2777 1397 et
2826 1334 3241 1396 scientiarum
3304 1348 3523 1397 curam

286 1437 637 1514 negligere,
664 1438 1036 1517 litterasque
1068 1446 1129 1499 et
1163 1435 1362 1498 libros
1393 1434 1723 1517 aSpernari
1775 1433 2068 1497 debeant.
2121 1436 2257 1498 Hoc
2307 1447 2476 1500 certe
2513 1438 2681 1516 apud
2723 1453 2949 1499 omnes
2998 1442 3265 1511 constat,
3306 1438 3523 1498 Histo-

286 1539 517 1598 riarum
553 1536 894 1598 lectionem
925 1537 1146 1598 utilem
1177 1538 1526 1599 admodum
1558 1543 1621 1599 et
1642 1534 2021 1614 frugiferam
2055 1553 2197 1597 esse
2226 1537 2713 1616 imperantibus.
2744 1538 2985 1614 Itaque,
3024 1538 3155 1598 Rex
3184 1538 3532 1615 Augustis-

280 1637 462 1713 sitne,
492 1640 603 1719 qui
640 1639 834 1719 hujus
869 1640 1127 1719 generis
1188 1640 1387 1700 libros
1442 1638 1728 1711 oblatum
1799 1638 1944 1700 Tibi
2009 1638 2301 1709 veniunt,
2364 1638 2448 1700 iis
2497 1638 2669 1716 jusla
2728 1639 2889 1699 ratio
2948 1654 3074 1699 non
3137 1640 3340 1713 deest,
3403 1657 3527 1717 qua

280 1740 605 1802 audaciam
635 1723 1194 1809 suam‘excusent;
1229 1757 1445 1819 neque
1480 1740 1642 1801 adeo
1694 1738 1929 1800 mirum
1985 1739 2287 1819 cuiquam
2320 1756 2465 1802 esse
2493 1741 2707 1814 debet,
2748 1739 2918 1817 quod
2976 1758 3094 1817 ego
3145 1738 3260 1801 hos
3312 1758 3528 1801 rerum

284 1842 770 1919 llyzantinarum
805 1840 1315 1902 Commentarios
1346 1841 1657 1921 Majestati
1698 1843 1852 1905 Tum
1897 1842 2102 1904 ausim
2143 1842 2401 1904 offerre.
2438 1842 2783 1904 Enimvero
2840 1859 2961 1915 me,
3010 1840 3067 1901 id
3118 1850 3187 1902 ut
3226 1840 3531 1903 facerem»

279 1944 530 2022 priviitae
561 1944 753 2003 etiam
790 1943 1099 2012 rationes,
1130 1957 1202 2002 ac
1236 1958 1330 2003 eae
1359 1942 1620 2021 quidem
1657 1959 1900 2021 graves,
1956 1943 2254 2005 timidum
2295 1942 2769 2022 ancipitemque
2829 1942 3275 2021 perpulerunt.
3338 1946 3533 2008 Eccui

274 2044 449 2104 enim
509 2045 749 2105 laboris
790 2046 913 2105 mei
952 2045 1233 2105 fructum
1292 2043 1463 2105 hunc
1517 2054 1578 2105 et
1641 2042 1752 2105 has
1792 2046 1964 2107 velut
2018 2048 2380 2107 studiorum
2420 2044 2735 2124 primitias
2804 2045 3018 2121 potius
3050 2063 3529 2109 consecrassem

272 2165 467 2225 quam
498 2149 668 2222 Tibi,
700 2165 733 2209 a
778 2165 906 2228 quo
937 2146 1000 2210 id
1035 2150 1224 2210 omne
1264 2146 1455 2210 habui
1488 2148 1657 2225 quod
1692 2149 1938 2212 affero?
1971 2153 2063 2212 Tu
2096 2151 2331 2223 otium,
2366 2153 2461 2212 Tu
2496 2150 2719 2223 libros,
2752 2151 2845 2211 Tu
2898 2151 3236 2211 facultates
3291 2168 3535 2230 suppe-

271 2254 519 2337 ditasti.
555 2255 771 2332 Regiis
806 2255 999 2333 typis,
1036 2255 1249 2330 Regiis
1282 2254 1650 2333 sumptibus
1683 2258 1812 2318 tuis
1847 2255 2121 2333 perfecta
2178 2256 2312 2318 haec
2365 2255 2594 2319 editio.
2648 2258 2829 2337 Opus
2881 2258 3093 2334 ipsum
3152 2274 3377 2337 magna
3428 2258 3534 2319 sui

274 2335 449 2436 [Tarde
479 2377 559 2421 ex
593 2360 985 2430 Bibliotheca
1019 2361 1148 2421 Tua
1182 2362 1411 2439 prodit.
1445 2360 1631 2434 Quod
1662 2363 1738 2422 ad
1773 2361 2123 2423 Historiam
2184 2361 2284 2421 his
2333 2361 2517 2424 libris
2574 2335 3103 2440 comprehensam
3161 2335 3413 2430 attinet.
3462 2380 3537 2424 ea

269 2471 368 2524 est
396 2462 746 2541 ejusmodi,
783 2474 851 2525 ut
885 2463 1176 2527 Francici
1224 2464 1508 2526 nominis
1562 2481 1687 2526 nou
1744 2465 2059 2527 hmiedem
2119 2468 2312 2527 modo
2370 2483 2441 2527 ac
2504 2466 2842 2535 vindicem,
2902 2466 3011 2528 sed
3054 2483 3537 2549 quemcunque

269 2573 647 2635 amatorem,
697 2566 793 2626 vel
864 2566 1074 2644 primo
1129 2565 1516 2628 narrationis
1575 2569 1845 2628 exordio
1899 2568 2111 2627 statim
2169 2568 2445 2629 allectet.
2511 2567 2776 2629 Initium
2812 2570 3052 2649 quippe
3099 2577 3218 2643 est,
3266 2579 3445 2649 capta
3501 2589 3539 2634 ει

270 2668 517 2728 nostris
546 2668 1183 2746 ConstantinOpolis:
1220 2669 1506 2729 divisum
1547 2669 1900 2747 gentilibus
1930 2670 2109 2737 Tuis,
2136 2669 2449 2731 Balduino
2475 2670 2752 2731 Flandro
2784 2679 2844 2731 et
2869 2672 3190 2733 Ludovico
3221 2672 3537 2748 Blesensi,

268 2772 762 2835 nobilissimum
806 2773 1153 2853 imperium
1196 2790 1212 2833 :
1248 2775 1724 2836 Comnenorum
1773 2791 1930 2853 opes
1982 2774 2462 2851 arcisregvires
2510 2776 2739 2838 attrita)
2798 2792 2869 2837 ac
2916 2777 3242 2856 dispersas.
3308 2780 3540 2856 Magna

272 2873 400 2936 haec
429 2883 497 2936 et
537 2875 855 2954 prasclara.
888 2875 1012 2937 Sed
1046 2874 1323 2937 ulterius
1357 2876 1591 2937 deinde
1621 2877 1974 2956 progressis
2012 2894 2135 2937 non
2176 2877 2419 2938 minora
2452 2886 2841 2940 occurrunt:
2874 2880 3265 2941 Francorum
3304 2878 3537 2958 ingens

265 2983 621 3055 exercitus,
678 2985 801 3043 sub
853 2980 1087 3044 Christi
1140 2979 1346 3060 signis
1406 2980 1689 3042 militans
1724 3027 1740 3052 ,
1804 2983 1951 3043 Asia
2012 2982 2293 3056 subacta,
2338 2999 2436 3043 res
2486 2989 2644 3044 terra
2702 2992 2762 3043 et
2801 2984 2957 3044 mari
3018 3000 3050 3045 a
3108 2984 3357 3056 Carolo,
3405 2982 3541 3047 divi

272 3083 580 3146 Ludovici
651 3082 868 3159 fratre,
938 3090 1155 3146 contra
1212 3084 1590 3146 Michaelem
1656 3086 2082 3162 PalmOIOgum
2142 3087 2395 3148 fortiter
2445 3094 2639 3163 gestte
2683 3103 2698 3146 :
2747 3080 3195 3148 Catalanorum
3252 3086 3537 3165 denique

270 3196 438 3247 tuam
476 3194 545 3247 et
583 3184 812 3249 horum
847 3185 1048 3267 gloria
1080 3186 1156 3247 ad
1192 3203 1308 3248 nos
1341 3187 1642 3269 pertinet)
1698 3188 1981 3249 victorias
2022 3188 2442 3250 incredibiles
2486 3188 2565 3249 de
2616 3186 2868 3261 Turcis,
2918 3188 2995 3250 de
3053 3186 3401 3265 Byzantiis,
3454 3188 3535 3250 de

266 3284 543 3346 Animis.
578 3283 721 3357 His,
758 3287 889 3345 Rex
916 3276 1219 3357 Maxime,
1251 3287 1647 3349 ornamentis
1701 3288 2053 3368 insignem,
2113 3296 2175 3351 et
2221 3290 2475 3351 virtutis
2537 3289 2859 3351 Francicm
2910 3270 3296 3367 quibusdam
3352 3281 3537 3366 quasi
3581 3284 3586 3289 “

273 3380 635 3445 luminibus
671 3382 1078 3455 iliustratam,
1116 3384 1457 3461 Nicephori
1490 3389 1788 3465 Gregorae
1839 3387 2187 3451 Historiam
2237 3386 2553 3467 benigne,
2606 3395 2673 3448 ut
2723 3402 2937 3466 spero,
2993 3395 3381 3467 excepturus
3441 3405 3534 3450 es.

270 3478 477 3545 liabet
513 3498 666 3543 vero
697 3482 1044 3547 historicus
1082 3485 1219 3564 ipse
1258 3488 1482 3547 laudes
1514 3489 1826 3565 preprias,
1880 3506 2146 3566 quarum
2206 3487 2769 3549 commendatione
2821 3488 3141 3567 Optimum
3176 3487 3537 3568 principem

270 3580 458 3647 facile
491 3585 625 3645 sibi
668 3586 1010 3657 conciliet;
1054 3585 1273 3648 nobile
1300 3588 1465 3664 apud
1511 3602 1667 3648 suos
1706 3588 2075 3666 Philosophi
2113 3605 2377 3663 nomen,
2408 3589 2699 3650 omnium
2732 3588 2865 3651 fere
2909 3588 3344 3651 doctrinarum
3381 3605 3534 3670 pro-

273 3685 631 3749 fessionem
668 3679 1017 3766 publicam,
1052 3689 1517 3766 imperatorum
1553 3687 2056 3769 familiaritatem
2098 3709 2111 3752 :
2150 3706 2471 3770 suprema;
2502 3691 2563 3751 in
2608 3691 2889 3753 Ecclesia
2941 3691 3156 3774 Grama
3205 3692 3537 3770 dignitatis

274 3793 557 3870 insignia
598 3793 925 3871 repudiata
967 3810 980 3853 :
1015 3801 1073 3853 et
1114 3796 1270 3872 (quo
1323 3794 1484 3855 nihil
1545 3796 1713 3871 apud
1742 3796 1870 3871 Te,
1903 3796 2236 3871 religionis
2279 3812 2444 3859 verae
2497 3795 2928 3869 defensorem,
2970 3796 3185 3889 gmajus
3239 3798 3534 3861 futurum

275 3895 391 3973 est)
435 3895 695 3955 labores
734 3910 848 3981 pro
898 3904 1065 3957 recta
1099 3894 1244 3957 fidei
1274 3894 1560 3957 doctrina
1597 3897 1671 3957 ad
1709 3906 2069 3957 extremum
2124 3896 2424 3974 spiritum
2468 3897 2837 3959 exhaustos.
2901 3892 3020 3958 Sed
3047 3894 3203 3975 quid
3243 3915 3361 3977 ego
3403 3896 3539 3961 hmo

270 4002 534 4075 Tecum,
578 4001 712 4062 Rex
753 4001 1250 4082 Augustissime.
1302 4001 1518 4065 alieno
1555 4004 1742 4082 plane
1789 4001 2121 4083 tempore?
2167 4022 2310 4064 cum
2375 4019 2603 4065 omnes
2644 4003 3069 4081 cogitationes
3098 4005 3279 4070 .Tuas
3339 4011 3429 4067 tot
3472 4016 3537 4068 et

279 4114 442 4166 tanta
503 4106 763 4181 negotia
826 4105 955 4166 sibi
1012 4102 1377 4179 vindicant;
1434 4124 1581 4166 eum
1645 4109 1951 4184 cogenda:
2012 4111 2445 4186 undecunque
2516 4107 2827 4185 legiones,
2893 4096 3129 4170 classes
3190 4107 3531 4181 armanda),

281 4211 624 4273 tnunienda
656 4210 932 4291 oppida;
969 4210 1185 4274 hostes
1217 4227 1344 4272 non
1378 4211 1619 4272 nostris
1656 4212 1894 4285 solum,
1940 4213 2051 4273 sed
2097 4220 2161 4273 et
2203 4211 2532 4273 seniorum
2594 4210 2832 4272 ﬁnibus
2878 4209 3176 4299 arcendi;
3221 4226 3367 4274 cum
3418 4213 3532 4273 de-

280 4316 472 4392 nique
501 4322 565 4376 et
604 4314 987 4393 populorum
1033 4315 1232 4383 salus,
1291 4320 1356 4374 et
1401 4330 1625 4391 regum
1683 4314 1908 4385 tutela;
1958 4326 2021 4376 et
2075 4313 2266 4375 totius
2328 4330 2491 4389 pene
2524 4314 2702 4373 orbis
2752 4321 3278 4400 terrarumﬁ‘cnra
3321 4314 3530 4389 provi-

278 4417 557 4478 dentiam
600 4418 800 4478 'I‘uam
833 4415 909 4477 ad
959 4433 1028 4476 se
1070 4420 1394 4476 revocant.
1440 4413 1631 4475 Plura
1686 4416 1940 4476 desino.
1999 4420 2073 4477 At
2125 4416 2245 4486 Tu,
2300 4431 2520 4493 regum
2582 4416 2883 4489 Maxime,
2938 4406 3529 4493 tum“'sapientilnts

282 4519 603 4591 ronsiliis,
639 4526 772 4578 tum
820 4516 1017 4577 armis
1062 4513 1431 4576 victricibus
1465 4514 1629 4575 bella
1659 4530 2015 4592 compone;
2059 4525 2147 4585 ut,
2187 4532 2336 4596 pace
2396 4515 2687 4576 hostibus
2744 4514 3076 4592 imperata,
3103 4514 3239 4575 Tibi
3275 4502 3533 4575 et'Tuis

285 4604 535 4700 longum
571 4621 772 4683 vivas.
809 4622 958 4683 Haec
987 4626 1139 4680 sunt
1174 4625 1315 4681 vota
1356 4618 1633 4697 publica.
1688 4619 1825 4681 Hoc
1863 4620 2117 4697 religio,
2180 4620 2300 4680 hoc
2350 4621 2629 4681 alumna)
2665 4627 2813 4687 tum,
2853 4628 3021 4680 artes
3066 4627 3130 4693 et
3193 4618 3520 4688 scientim;
3563 4680 3565 4683 ,

285 4727 398 4788 hoc
429 4727 619 4789 novis
677 4725 966 4806 quotidie
1010 4743 1122 4802 per
1167 4724 1253 4786 Te
1285 4723 1520 4801 Opibus
1564 4721 1892 4796 ﬂorentes,
1942 4723 2328 4787 Bibliotheca
2380 4726 2576 4803 Regia
2640 4730 2698 4786 et
2733 4726 3036 4803 Lupartea
3079 4722 3528 4805 Typographia

287 4850 533 4895 mecum
577 4838 834 4893 vovent.

968 5200 1486 5292 JOANNIS
1530 5218 1540 5227 '
1580 5194 2058 5291 BOIVINI
2165 5194 2848 5291 PIUEFATIO.

353 5551 534 5600 Annus
566 5546 655 5600 hic
696 5546 743 5598 ιιι
766 5542 936 5597 cimus
966 5552 1191 5612 quartus
1240 5551 1341 5601 est,
1377 5556 1439 5593 ex
1478 5553 1583 5607 quo
1618 5539 1841 5593 Carolus
1949 5539 2108 5590 rirn:.
2148 5537 2235 5605 qui
2280 5535 2333 5587 in
2394 5536 2716 5588 bibliotheca
2770 5533 2931 5601 Regia
2974 5527 3326 5596 manuscripti
3357 5536 3534 5583 exsto-

292 5641 610 5710 [ru-amgms,
646 5639 721 5693 vir
776 5639 840 5691 de
897 5638 1089 5689 litteris
1141 5635 1394 5703 praeclare
1440 5633 1685 5695 meritus,
1711 5630 1845 5684 mihi
1955 5638 2094 5689 rent,
2138 5626 2324 5680 Latine
2356 5636 2662 5688 verterem;
2701 5633 2760 5678 ut
2802 5634 3084 5691 postquam
3102 5619 3356 5674 absoluta
3384 5624 3534 5667 esset.

292 5748 471 5787 aucznr
511 5735 634 5796 fuit,
666 5742 722 5786 ut
749 5727 1043 5799 Nicephori
1079 5726 1332 5795 Gregorii:
1360 5724 1528 5781 libros
1560 5740 1650 5781 sex
1683 5724 1851 5780 histo-
1959 5718 2127 5777 editio
2157 5720 2411 5776 Chrun‘ei
2451 5718 2740 5781 Paschalis,
2772 5715 2854 5769 cui
2881 5713 2969 5768 ille
2993 5725 3211 5765 manum
3237 5717 3537 5763 extremam

526 5828 800 5888 Parnm“
856 5825 978 5886 (in.
1035 5822 1348 5884 CXLVIII.
1867 5904 1881 5909 Α
2292 5902 2307 5909 ι
3105 5809 3127 5866 1

1590 6061 2127 6171 265547
