4038 6250
392 316 457 376 13
1801 307 2216 370 ῙῚΗΞΡΑἹῚΟ.
3545 299 3610 368 il

378 446 462 488 est
494 445 616 488 ante
661 445 878 503 captam
925 451 953 487 a
999 429 1190 486 Turcis
1239 427 1766 499 Coustmuinopolin)
1792 471 1804 489 ,
1847 428 1948 480 hoc
1977 431 2019 487 Α
2053 425 2212 492 hujus
2243 423 2532 478 voluminis
2589 422 2988 492 appendicibus
3031 422 3398 479 annectend'as
3437 439 3616 480 reser-

377 527 656 597 siugulare
718 539 824 592 est,
875 530 1016 596 quod
1075 542 1194 596 quae
1244 528 1296 580 in
1342 526 1494 580 libris
1545 525 1707 576 editis
1760 536 1946 574 manca

378 632 507 672 sunt
552 629 607 673 et
670 610 1010 689 imperfecta,
1060 637 1119 672 ea
1185 619 1256 672 ibi
1325 617 1530 686 integra
1583 613 1948 682 reperiantur.

386 715 621 767 lteerant
644 723 825 767 autem
867 714 918 765 iu
956 712 1106 766 libris
1149 711 1312 764 editis
1348 707 1447 763 tria
1498 707 1587 762 illa
1628 709 1950 776 fragmenta,

381 822 506 873 qua
560 805 809 859 Petavius
849 820 878 858 a
937 805 1210 859 Frontone
1261 803 1453 856 θυαεο
1489 809 1708 868 accepta
1745 797 1952 868 primus

385 888 1042 968 vulgariuet'Nicephori
1087 895 1408 965 patriarcha:
1461 890 1735 946 Breviario
1787 891 1955 943 histo-

385 989 505 1042 rico
535 982 845 1059 subiunxit.
884 987 1116 1059 Deerant
1148 997 1207 1040 et
1234 987 1340 1040 alia
1378 1001 1484 1040 non
1518 984 1769 1047 minora;
1795 981 1956 1050 quale

382 1089 470 1133 est
501 1079 712 1150 insigne
769 1078 901 1133 illud
939 1077 1008 1133 de
1057 1077 1331 1133 Athanasii
1383 1077 1708 1147 patriarchze
1756 1075 1957 1130 sevcri-

385 1183 519 1235 tatc,
550 1183 607 1227 et
633 1172 702 1226 de
743 1172 1137 1226 monachorum
1187 1171 1430 1226 moribus
1467 1170 1804 1232 emendatis;
1828 1169 1956 1223 item

385 1281 508 1332 qua:
541 1265 811 1333 pertinent
829 1263 898 1318 ad
920 1263 1172 1344 ejusdem
1204 1264 1325 1318 libri
1361 1273 1523 1332 caput
1557 1263 1867 1332 septimum,
1890 1260 1957 1314 ad
2024 1289 2026 1291 ν

387 1357 514 1410 libri
555 1357 683 1411 noui
735 1361 904 1426 eaput
943 1354 1264 1419 secundm»,
1307 1367 1360 1408 et
1391 1357 1456 1408 ad
1509 1355 1630 1407 libri
1685 1349 1957 1406 Illlliet‘illii

388 1458 562 1518 caput
612 1449 741 1502 item
805 1447 1130 1502 secundum.
1189 1448 1430 1516 lienique
1471 1447 1524 1499 in
1568 1443 1796 1516 singulis
1851 1445 1962 1498 fere

389 1542 606 1612 paginis
659 1541 826 1596 dictio
876 1540 1056 1609 aliqua
1107 1544 1400 1595 autetiam
1449 1543 1631 1608 plures
1684 1538 1960 1593 desidera-

389 1635 605 1690 bantur.
655 1633 760 1689 Eos
791 1649 984 1694 omnes
1034 1634 1280 1689 defectus
1331 1651 1395 1687 es
1421 1634 1606 1687 codice
1652 1633 1743 1686 illo
1797 1631 1962 1702 ch’o

2055 521 2317 573 vat-imus.
2352 519 2576 573 Constat
2615 535 2678 573 ex
2739 518 3079 573 bibliotheca:
3129 518 3492 587 ch‘uieriana:
3526 533 3618 571 ea-

2057 614 2252 684 talogo,
2297 625 2510 667 exstare
2565 614 2708 674 illic,
2764 612 2905 664 intcr
2950 610 3164 665 codices
3220 605 3620 680 manus‘criplos

2053 706 2293 770 Graecos,
2329 703 2610 770 Niccpltori
2645 703 2906 773 Syutaain
2930 701 3166 756 historice
3199 701 3472 766 Romamn,
3495 717 3620 756 cum

2055 798 2313 853 Chronico
2371 796 2598 852 Zonaras
2661 795 3027 865 coniunctam.
3068 793 3204 848 Eum
3261 793 3524 860 codicem,
3565 794 3621 848 in

2057 907 2166 960 quo
2216 878 2386 946 libros
2441 889 2732 960 Nicephori
2789 885 3350 958 Grcgorat'undeeim
3415 888 3625 958 priores

2059 984 2251 1040 titulus
2276 984 2390 1054 ipse
2420 982 2688 1038 contineri
2722 982 2924 1046 innuit,
2947 987 3127 1052 optma
3155 981 3347 1037 fuisse:
3373 983 3627 1038 conferre

2059 1093 2182 1131 cum
2211 1077 2506 1146 impressis.
2536 1075 2650 1130 Sed
2685 1075 2813 1129 mihi
2851 1075 2919 1130 ad
2952 1077 3071 1129 eam
3095 1073 3482 1130 bibliOIbecam
3512 1071 3627 1131 adi-

2061 1177 2150 1222 tus
2177 1169 2417 1223 nondum
2452 1170 2642 1240 patuit.

2133 1351 2382 1407 Latinam
2438 1353 2968 1422 interprclalionem,
3025 1351 3178 1421 cujus
3238 1353 3428 1408 auctor
3481 1362 3628 1407 esset

2068 1445 2432 1513 Hieronymus
2479 1442 2730 1506 Wolﬁus.
2773 1457 3025 1515 magnum
3055 1444 3198 1514 apud
3245 1441 3489 1500 eruditos
3534 1460 3630 1499 no-

2065 1547 2215 1599 men;
2245 1539 2517 1593 sinceram
2553 1548 2602 1591 et
2631 1539 2889 1595 intactam
2941 1553 3157 1594 summa
3187 1539 3293 1594 {ide
3325 1543 3625 1608 repratscn—

2067 1637 2183 1682 tare
2229 1628 2384 1684 initio
2413 1631 2759 1686 decreveram
2793 1648 2806 1684 :
2832 1630 3048 1687 consilii
3091 1631 3289 1686 deinde
3321 1627 3485 1701 hujus
3514 1645 3626 1685 tutt-

389 1719 762 1797 supplevimus
790 1727 843 1781 in
879 1727 981 1781 hac
1028 1727 1291 1781 editione.
1332 1726 1528 1795 Majora
1585 1727 1958 1796 supplementa
1995 1766 2040 1824 Β
2070 1721 2219 1776 tandi
2277 1737 2457 1778 causa:
2501 1723 2685 1794 plures
2729 1725 2968 1779 luerunt.
3017 1723 3285 1796 Gregoras
3336 1717 3630 1796 multiiugae

391 1820 448 1873 iu
499 1820 832 1889 marginibus
873 1819 1108 1874 indicata
1153 1838 1166 1872 :
1220 1819 1427 1873 minora
1483 1821 1737 1874 cancellis
1789 1818 1962 1872 inelu-

389 1929 493 1974 sa;
540 1913 746 1966 mendzc
801 1924 1082 1982 pneterea,
1118 1929 1236 1980 quae
1289 1914 1586 1967 innumera:
1641 1922 1813 1976 erant,
1859 1924 1962 1979 0pc

389 2003 643 2073 ejusdem
676 2003 882 2058 codicis
911 2004 1157 2058 sublaue.

468 2185 684 2242 Rursus
723 2174 916 2240 incol
943 2184 1063 2256 ipso
1108 2185 1299 2240 codice
1347 2185 1448 2241 hoc
1494 2185 1967 2258 notatu'dignissi-

393 2295 550 2332 unum
577 2287 683 2340 est,
702 2277 846 2347 quod
875 2269 997 2346 qum
1017 2277 1286 2349 Gregoras
1318 2278 1469 2333 libris
1495 2289 1728 2348 quatuor
1755 2289 1968 2350 postreo

394 2370 507 2423 mis
545 2362 773 2439 plurima
799 2358 806 2366 ’
832 2371 1081 2430 inseruit.
1113 2370 1275 2423 variis
1325 2371 1663 2438 temporibus
1705 2384 1736 2424 a
1771 2385 1829 2423 se
1856 2370 1971 2424 elu-

395 2461 651 2523 cubrata,
688 2475 755 2514 ea
787 2458 904 2515 fore
949 2461 1136 2516 omnia
1184 2460 1384 2515 ibidem
1418 2461 1636 2525 desint;
1672 2461 1751 2515 sic
1789 2473 1968 2515 autem

395 2553 521 2606 suis
549 2567 778 2621 quaeque
803 2552 940 2607 iocis
963 2552 1139 2605 recisa
1167 2551 1386 2616 fuerint,
1413 2563 1471 2605 ut
1495 2552 1822 2607 narrationis
1845 2567 1972 2608 con-

403 2642 590 2700 textus
635 2641 781 2698 nullo
813 2643 964 2697 hiatu
997 2645 1261 2712 abruptus
1309 2645 1400 2706 sit,
1431 2644 1525 2698 sed
1553 2645 1809 2700 omnibus
1843 2661 1970 2715 par-

403 2735 557 2793 tibus
605 2733 730 2802 apte
770 2724 1173 2789 cohaerentibus
1206 2734 1414 2806 integer
1441 2744 1496 2789 et
1523 2737 1815 2791 continuus
1843 2753 1969 2806 pro-

399 2830 586 2886 cedat.
638 2829 694 2886 Id
742 2827 994 2900 Gri-gora:
1051 2828 1219 2898 ipsius
1269 2829 1472 2897 iudicio
1521 2829 1720 2884 factum
1753 2830 1911 2884 velim
1953 2848 1968 2886 :

405 2937 590 2992 neque
622 2939 652 2975 a
681 2912 812 2975 vero
831 2915 1110 2985 abhorret,
1137 2936 1259 2974 eum
1291 2923 1479 2989 prima:
1508 2921 1762 2976 editionis
1788 2939 1973 2978 amore

407 3013 729 3085 refrigerato
780 3029 940 3068 suum
993 3027 1131 3084 opus
1177 3015 1580 3084 recogrnovisse,
1627 3028 1690 3068 ac
1742 3027 1803 3068 ea
1853 3030 1974 3083 qua:

2067 1814 2387 1870 eruditionis
2413 1824 2471 1870 et
2494 1817 2626 1870 artis
2655 1816 2942 1872 rhetorica:
2973 1826 3279 1871 ostentator
3307 1829 3446 1886 saepe
3474 1816 3629 1870 aber-

2068 1914 2152 1959 rat
2181 1923 2209 1961 a
2243 1909 2541 1977 proposito,
2585 1921 2642 1964 et
2694 1910 2772 1964 ad'
2798 1925 2860 1964 ca
2890 1921 3006 1980 qua:
3036 1920 3225 1980 parum
3268 1919 3360 1963 aut
3391 1901 3525 1963 nihil
3564 1908 3630 1962 ad

2067 2012 2185 2052 rem
2215 2000 2496 2069 pertinent
2551 2000 2870 2071 digreditur.
2899 1999 2956 2054 lu
2989 1999 3055 2054 ii's
3101 1991 3404 2069 παρεργοιζ
3425 2004 3632 2054 mirum

2069 2101 2151 2146 cst
2179 2107 2343 2163 quam
2397 2092 2470 2147 sit
2512 2094 2793 2148 verbosus.
2851 2091 2928 2146 Ea
2975 2090 3433 2154 Wolfius.'rcbus
3467 2092 3636 2161 magis

2069 2199 2230 2252 quam
2297 2185 2478 2238 verbis
2527 2185 2813 2247 intentus,
2860 2184 3110 2238 breviora
3167 2182 3347 2238 facere
3404 2183 3633 2237 studuit.

2071 2275 2257 2346 Itaque
2296 2281 2351 2332 ct
2400 2276 2730 2331 luxuriantia
2777 2277 3134 2345 compescuit,
3161 2285 3218 2330 et
3262 2276 3638 2345 quagomnino

2073 2367 2448 2424 redundabant
2507 2367 2826 2438 suppressit.
2889 2365 3000 2437 Ego
3049 2381 3177 2422 vero
3230 2369 3498 2423 facturum
3549 2381 3638 2421 me

2073 2476 2254 2528 Opera:
2293 2462 2525 2530 pretium
2585 2462 2789 2530 putari,
2818 2460 2862 2517 si
2919 2461 3157 2516 auctoris
3183 2458 3353 2515 Gnaei
3398 2460 3640 2529 vestigiis

2077 2553 2421 2615 inluerorem,
2448 2561 2610 2621 atque
2669 2553 2788 2620 eius
2827 2552 2989 2605 verba
3044 2546 3359 2616 lectoribus,
3389 2552 3432 2604 si
3459 2549 3640 2604 minus

2073 2643 2511 2705 adnumerarcm,
2538 2643 2756 2694 ‘saltc'm
2804 2639 3060 2712 religiose
3082 2651 3139 2694 et
3183 2635 3414 2694 liile'lile'r
3441 2650 3643 2707 appen-

2073 2733 2295 2796 derem;
2332 2744 2474 2800 qum,
2507 2740 2565 2784 ut
2591 2731 2807 2800 opinor,
2840 2731 3045 2800 optltua
3082 2734 3166 2786 est
3187 2729 3331 2783 latio
3371 2731 3643 2797 interpre-

2077 2824 2243 2879 tandi.
2277 2824 2337 2878 in
2371 2822 2697 2893 quibusEdam
2728 2822 2900 2877 “etiam
2947 2838 2975 2875 a
3009 2833 3138 2878 vero
3167 2832 3330 2877 sensu
3353 2819 3644 2876 deﬂexisse

2079 2919 2209 2972 mihi
2251 2918 2394 2973 vis-..s
2443 2927 2526 2971 est
2579 2918 2849 2986 interpres
2886 2916 3268 2980 dnctissimus:
3294 2914 3387 2969 adt
3415 2918 3644 2970 ‘seineu-

2081 3012 2209 3064 tiam
2273 3011 2509 3067 auctoris
2561 3015 2795 3064 obScure
2851 3023 2908 3064 et
2981 3009 3231 3064 contui-ie
3281 3011 3639 3077 expressisSe.

404 3100 731 3160 ostentandi
775 3105 976 3176 ingenii
1007 3121 1168 3160 causa
1222 3117 1481 3169 assuerat,
1525 3106 1823 3175 monodias,‘
1851 3124 1973 3162 ora-
2005 3134 2048 3195 ο
2083 3105 2226 3161 Nihil
2258 3107 2376 3160 dico
2406 3106 2473 3160 dc
2505 3103 2815 3160 minoribus
2838 3103 3000 3170 vitiis,
3025 3102 3218 3176 quilitts
3252 3097 3457 3158 nuliitnt
3480 3115 3641 3170 opus.

405 3192 842 3267 tioiti's,'alia'qtte
872 3196 923 3252 id
978 3213 1148 3265 genus
1197 3201 1516 3255 resecuisse.
1541 3201 1742 3256 Vereor
1776 3213 1978 3271 tamen,

412 3303 482 3342 ne
513 3294 567 3341 et
596 3281 780 3357 gloria:
833 3288 993 3356 paulo
1035 3289 1243 3344 avidior
1282 3306 1374 3345 eos
1426 3308 1652 3362 pannos,
1699 3295 1751 3346 in
1807 3294 1979 3365 prima

407 3380 715 3450 scriptione
761 3383 1014 3440 omissos.
1073 3386 1305 3451 repetito
1357 3383 1555 3438 deinde
1607 3386 1756 3454 operi
1812 3386 1980 3440 inter-

412 3472 676 3525 texuerit.
739 3456 865 3526 Hace
928 3473 1042 3540 ipsa
1091 3481 1259 3538 certe,
1298 3489 1419 3542 qua:
1473 3490 1502 3527 a
1563 3475 1750 3528 codice
1815 3475 1983 3546 Regio

414 3563 611 3616 abesse
637 3562 891 3630 dicimus,
912 3563 1050 3617 nihil
1094 3564 1160 3618 ad
1208 3566 1488 3618 historiam
1523 3569 1790 3635 pertinent
1827 3585 1839 3621 :
1875 3570 1983 3621 imo

414 3648 736 3708 bis-loricam
769 3670 948 3708 rerum
1000 3659 1198 3711 seriem
1242 3659 1668 3728 interrumpunt,
1693 3669 1748 3713 et
1794 3658 1979 3712 lectori

415 3749 488 3798 ad
524 3748 726 3820 majora
755 3745 1028 3802 festinanti
1073 3763 1276 3802 moram
1305 3750 1592 3820 objiciunt.
1624 3751 1827 3804 Tamen
1854 3750 1981 3821 quia

417 3840 474 3892 iu
506 3839 616 3903 illo,
657 3856 763 3908 quo
799 3855 931 3893 usus
969 3849 1054 3893 est
1091 3839 1340 3907 Wollius,
1384 3844 1568 3898 codice
1610 3845 1982 3914 manuscripto

409 3951 542 3987 enim
573 3935 745 3989 locum
779 3933 1102 3988 obtinebant
1122 3951 1282 4004 quem
1308 3937 1359 3988 in
1389 3937 1543 3991 libris
1568 3937 1727 3993 editis
1755 3939 1976 4001 habent,

419 4042 526 4077 non
556 4023 674 4077 ausi
724 4040 917 4080 sumus
967 4039 1029 4079 ea
1059 4025 1179 4080 loco
1237 4042 1452 4082 movere
1476 4038 1530 4082 et
1560 4029 1665 4083 alio
1689 4033 1928 4101 relegare
1963 4049 1976 4084 :

417 4118 512 4171 sed
573 4119 784 4180 eadem,
836 4127 890 4172 ct
941 4118 1045 4172 alia
1084 4120 1329 4189 qua-dam
1375 4123 1529 4176 uncis
1571 4124 1811 4187 inclusa,
1872 4141 1976 4177 non

414 4224 735 4278 comparere
762 4208 816 4261 in
843 4207 1030 4265 codice
1059 4207 1243 4281 Regio,
1287 4211 1540 4269 lectorem
1581 4215 1858 4270 admoneri
1897 4232 1982 4269 sa-

417 4302 492 4354 tis
507 4317 624 4355 esse
652 4299 979 4370 putavimus.

499 4460 685 4513 Varias
745 4459 1030 4514 lectiones
1067 4461 1351 4532 plerasque
1414 4459 1778 4533 suppeditavit
1841 4467 1980 4521 idem
2020 4483 2060 4535 υ

424 4552 765 4606 bibliotheca
814 4551 993 4620 Regia:
1056 4555 1261 4620 codex;
1320 4571 1516 4624 paucas
1579 4573 1703 4610 rem
1744 4558 1790 4612 is
1833 4561 1986 4628 cujus

427 4658 688 4696 numerus
721 4653 804 4697 est
833 4643 993 4707 2078,
1024 4658 1210 4712 parum
1250 4645 1319 4698 ab
1363 4647 1521 4699 editis
1564 4648 1842 4712 diversus,
1881 4652 1979 4702 uisi

422 4734 566 4802 quod
593 4735 646 4786 iu
685 4733 943 4788 librorum
981 4741 1037 4787 et
1083 4735 1317 4804 capitum
1370 4737 1640 4792 divisione
1674 4739 1984 4809 discrepat:

425 4827 594 4880 libros
623 4823 805 4879 autem
851 4838 960 4878 non
1021 4825 1203 4893 plures
1251 4826 1492 4878 continet
1521 4842 1684 4894 quam
1733 4839 1984 4896 quatuor,

428 4917 638 4971 tametsi
671 4916 920 4985 praatlxus
949 4925 1033 4969 est
1065 4916 1224 4970 index
1257 4909 1517 4970 librorum
1550 4933 1666 4972 ser.
1719 4917 1984 4975 Monodia:

424 5012 566 5071 duas,
595 5024 672 5063 ea:
707 5007 916 5062 scilicet
941 5022 1062 5075 quur.
1118 5007 1328 5060 initium
1384 5008 1504 5060 libri
1550 5010 1744 5062 decimi
1775 5015 1979 5064 consti-

429 5108 605 5161 tnunt,
637 5096 909 5166 castigata
963 5109 1016 5151 et
1075 5097 1274 5164 aliquot
1332 5099 1651 5153 lectionibus
1707 5101 1979 5156 illustratus

430 5193 646 5245 luerunt
697 5202 762 5242 ex
810 5190 994 5243 codice
1045 5189 1356 5244 Colbertino
1409 5191 1582 5262 i930;
1621 5193 1776 5261 enjus
1827 5195 1983 5248 nobis

428 5285 635 5352 cupiam
673 5281 802 5336 fecit
839 5279 929 5334 Vir
975 5295 1136 5350 quam
1191 5281 1382 5336 doctus
1420 5290 1526 5336 tam
1557 5285 1822 5348 amabilis,
1859 5286 1985 5340 Stc-

431 5376 637 5442 phanus
699 5373 973 5428 Baluzius.
1047 5371 1344 5427 Habuimus
1417 5384 1671 5442 ιιι-εεεοεόα
1729 5376 1986 5432 lectiones

433 5467 730 5528 nonnullas,
767 5481 833 5519 ex
865 5465 1120 5518 Vaticano
1151 5465 1335 5518 cod'zce
1356 5458 1670 5534 'tlcseriptas
1719 5466 1982 5521 Friderui

437 5557 763 5629 llostgaardii
799 5555 979 5611 studio
1009 5565 1060 5609 et
1090 5556 1387 5626 diligentia.
1425 5556 1530 5610 Sed
1563 5575 1677 5621 eas,
1703 5559 1826 5625 quia
1860 5576 1984 5613 δι·Ιό

436 5652 601 5704 allata
645 5657 794 5711 sunt,
861 5646 1116 5717 perlectis
1168 5662 1363 5717 nempe
1411 5657 1465 5701 et
1516 5649 1621 5717 iant
1676 5650 1778 5703 sub
1821 5651 1986 5717 pra-lo

439 5740 799 5813 multiplicatis
826 5740 894 5795 iis
923 5740 1131 5812 paginis
1149 5739 1213 5794 ad
1234 5757 1367 5806 quas
1394 5741 1752 5811 pertinebant,
1779 5741 1792 5794 i
1816 5743 1983 5798 leirco

2083 3200 2435 3269 quantuutxis
2487 3208 2689 3252 tersum
2747 3208 2802 3253 et
2853 3198 3134 3262 limatum,
3178 3202 3369 3252 carere
3420 3197 3644 3248 omnino

2085 3301 2302 3362 potest:
2345 3301 2471 3359 quae
2519 3291 2739 3360 quidem
2783 3289 2911 3345 vitia
2969 3297 3032 3344 ut
3085 3289 3396 3360 plerumque
3442 3303 3541 3340 nos
3584 3293 3641 3340 iu

2083 3384 2557 3440 lucubrationibus
2606 3382 2809 3438 nostris
2852 3380 3164 3446 la’ll'unLita
3222 3381 3273 3434 iu
3325 3378 3515 3435 alienis
3556 3382 3642 3433 vix

2084 3493 2322 3547 unquam
2383 3478 2615 3550 frigiunt.
2674 3475 2939 3547 Equidem
3005 3490 3098 3530 eos
3155 3487 3375 3538 naevos,
3427 3473 3642 3543 corpori

2085 3572 2335 3641 alioquin
2381 3576 2602 3642 egregio
2655 3570 2955 3640 inspersos,
3008 3578 3065 3623 ut
3116 3572 3412 3623 etinterem
3450 3568 3644 3622 sedqu

2083 3681 2302 3735 operam
2357 3665 2479 3719 dedi
2516 3683 2529 3716 :
2570 3679 2669 3718 nec
2707 3679 2793 3718 me
2841 3677 2904 3717 ea
2955 3677 3014 3717 re
3049 3662 3300 3733 iniuriam
3333 3653 3529 3715 Wolﬁo
3559 3662 3644 3713 ic-

2082 3761 2224 3812 cisse
2277 3757 2535 3823 arbltror,
2583 3756 2675 3811 sed
2732 3756 2798 3809 de
2847 3771 2914 3809 eo
2951 3743 3103 3809 bene
3153 3758 3418 3808 meruiSse
3453 3756 3538 3806 aio
3587 3762 3644 3807 et

2082 3849 2372 3905 contendo.
2423 3850 2529 3903 Nec
2578 3849 2720 3902 enim
2756 3847 2881 3916 quia
2923 3847 3072 3901 illum
3103 3847 3395 3902 identidem
3421 3848 3641 3918 lapsum

2082 3944 2316 4011 corrigo,
2361 3941 2562 3992 idcirco
2600 3952 2685 3992 me
2733 3938 2815 3994 vel
2859 3936 3155 3995 doctiorem
3193 3946 3372 3995 statuo
3407 3937 3489 3996 νει
3517 3939 3642 3993 ιΙὶιὶο

2083 4036 2413 4105 ευιιιίοτςιιης
2453 4046 2626 4101 neque
2664 4032 2714 4086 ei
2749 4032 3038 4103 prepterea

2607 4215 2891 4269 detrahere
2943 4215 3114 4269 ausim

2192 4285 2492 4339 ll.rrcuteiu
2519 4289 2680 4353 capiti
2711 4293 2873 4338 multa
2910 4301 3032 4338 cum
3065 4286 3219 4341 laude
3252 4287 3531 4342 coronam.

2157 4464 2216 4519 lu
2256 4466 2399 4518 hunc
2428 4464 2646 4518 modum
2679 4473 2784 4518 tant
2813 4464 2997 4520 Gricca
3024 4481 3187 4535 quam
3214 4467 3401 4522 Latina
3433 4482 3462 4523 a
3486 4470 3645 4527 nobis

2089 4570 2246 4610 aucta
2273 4568 2330 4609 et
2367 4557 2642 4625 recognita
2695 4556 2932 4612 luerunt.
2965 4559 3041 4613 Ad
3075 4560 3188 4614 hac
3235 4559 3353 4616 libri
3386 4569 3520 4616 uera
3555 4566 3645 4617 rav

2096 4652 2244 4703 tione
2272 4650 2451 4716 divisi;
2471 4651 2722 4719 quoniam
2747 4651 2798 4706 in
2829 4651 3099 4721 prioribus
3126 4654 3459 4711 editionibus
3491 4658 3646 4729 capi—

2090 4753 2162 4802 ta.
2188 4750 2393 4795 tenu-re
2419 4751 2472 4794 et
2505 4742 2827 4799 inconcinne
2857 4759 3076 4813 prorsus
3097 4745 3322 4815 digesta,
3352 4749 3514 4803 etiam
3541 4766 3646 4805 nu-

2089 4831 2252 4882 meris
2299 4830 2580 4884 carebant.
2603 4829 2814 4884 Additze
2846 4831 3082 4886 minores
3100 4834 3388 4892 sectiones.
3420 4836 3523 4891 l'ra
3542 4838 3643 4894 lixa

2091 4921 2318 4990 singulis
2343 4922 2612 4991 capitibus
2627 4933 2967 4991 argumenta.
2999 4941 3091 4981 seu
3110 4926 3397 4996 breviaria,
3421 4933 3649 5003 vulgatis

2089 5013 2420 5067 accuratiora
2448 5021 2502 5066 et
2529 5012 2595 5067 ad
2618 5014 2922 5069 sectionum
2947 5031 3200 5073 numeros
3220 5023 3645 5080 accommodata.

2089 5105 2249 5164 Auni.
2281 5119 2517 5168 menses,
2539 5104 2675 5166 dies,
2702 5104 2941 5160 siderum
2955 5119 3101 5164 ortus
3128 5120 3183 5165 et
3204 5113 3404 5180 obitus,
3436 5118 3568 5173 solis
3599 5125 3654 5174 et

2096 5199 2235 5250 tuine
2261 5196 2583 5260 defectus,“
2611 5197 2739 5252 varii
2767 5208 3067 5268 temporqu
3093 5202 3436 5264 characteres
3464 5198 3650 5268 subin-

2091 5293 2157 5340 de
2195 5285 2460 5340 adnotati.
2487 5287 2817 5353 Seuteutias,
2851 5299 2905 5344 et
2931 5292 3118 5346 crebra
3142 5295 3210 5350 de
3235 5297 3475 5356 mor-bus
3506 5303 3651 5370 iudi-
3705 5356 3709 5359 .

2092 5381 2195 5440 cia,
2230 5379 2356 5433 item
2393 5381 2494 5434 alia
2549 5383 2788 5450 qumdam
2816 5383 3032 5440 levioris
3072 5389 3350 5455 momenti,
3384 5408 3451 5447 ne
3495 5399 3646 5452 oneri

2093 5481 2272 5524 essent
2297 5473 2648 5541 marginibus,
2672 5476 2924 5530 omittere
2939 5479 3112 5531 visqu
3135 5490 3235 5534 est.
3256 5480 3402 5536 Nota!
3432 5483 3663 5549 breves,

2094 5565 2184 5618 ubi
2215 5580 2349 5634 opus
2395 5566 2743 5636 luit,adjeet;e
2773 5570 3092 5627 :uberiorcs
3110 5575 3321 5642 reiecta:
3351 5577 3417 5629 ad
3443 5580 3644 5633 calcem

2094 5656 2221 5709 tomi
2257 5659 2499 5712 secundi.
2522 5658 2694 5716 Porro
2720 5661 2776 5716 in
2809 5661 2895 5717 bis
2923 5664 3327 5734 primas‘tencnt
3348 5666 3647 5723 doctissimi

2095 5749 2346 5822 Ducangii
2374 5748 2523 5806 Nota:
2540 5753 2864 5824 ροειιιιιηπες
2882 5769 3014 5825 quas
3037 5757 3194 5826 paulo
3215 5758 3488 5829 postillius
3508 5775 3652 5816 mor-
