4038 6250
355 341 415 399 15
1661 340 1917 402 ΙΟᾹΧΝ]

2024 340 2313 401 BOIl'lNI
3520 339 3581 402 i6

348 470 454 512 tein
493 474 624 512 mea:
657 459 778 515 lidei
827 458 1306 514 commendaverat
1341 457 1527 529 optimi
1557 460 1725 528 patris
1782 458 1923 514 tilius
1947 464 1996 525 Α
2030 459 2209 514 tribus
2243 475 2352 514 non
2385 459 2512 516 totis
2536 461 2798 528 exceptis,
2832 457 3075 529 castigati
3103 473 3168 512 ex
3198 457 3460 514 Vaticano
3490 476 3584 514 εικ-

341 551 695 620 dignissimus
727 548 1014 621 Philippus
1052 550 1381 620 Dncangius,
1413 551 1655 606 Francia:
1677 560 1914 618 qu:estor

343 643 485 710 apud
515 641 780 697 l‘ictavos.
811 642 909 698 llis
953 643 1202 713 partibus
1235 657 1298 695 ae
1333 641 1577 696 numeris
1604 641 1772 696 editio
1798 640 1918 696 hac

347 735 508 805 llegia
558 731 744 789 differt
791 749 821 788 a
869 734 1100 805 vulgatis
1132 751 1147 788 :
1174 749 1312 804 quas
1362 748 1465 802 ego
1492 733 1736 788 adhunc
1768 731 1914 788 diem

345 841 516 894 usque
565 841 674 880 non
727 827 912 896 plures
960 826 1070 882 vidi
1102 842 1263 897 quam
1312 839 1576 896 quatuor;
1608 840 1702 881 sex
1731 833 1918 880 tamen

345 919 684 985 prodierunt,
713 930 807 973 aut
828 918 1020 975 saltem
1038 918 1302 989 quinque.
1324 916 1557 973 Primam
1584 931 1730 973 anno
1749 915 1918 999 ⁹1559

344 1011 528 1066 εἶτπιοε
561 1020 614 1064 et
646 1011 836 1067 Latine
882 1011 936 1066 in
968 1009 1260 1067 Germania
1305 1010 1574 1081 prodiisse
1607 1009 1920 1065 Fridericus

349 1103 740 1175 llostgaardius
789 1103 1081 1174 colligebat
1139 1118 1202 1158 ex
1253 1100 1518 1158 Wolfiana
1575 1100 1917 1169 f’razfatione,

347 1213 440 1249 seu
497 1195 678 1266 potius
730 1195 972 1265 Epistula
1023 1194 1442 1267 prosphonetica
1499 1193 1567 1249 ad
1621 1193 1918 1248 Antonium

346 1290 675 1360 Fuggerum,
719 1287 810 1342 illo
860 1287 977 1358 ipso
999 1303 1143 1344 anno
1174 1290 1319 1343 data.
1347 1287 1460 1343 Hoc
1491 1288 1670 1357 posito
1696 1286 1795 1359 (li),
1831 1300 1919 1340 se-

344 1383 517 1436 cunda
549 1381 714 1436 fuerit
740 1397 803 1437 ea
832 1397 953 1452 quae
981 1378 1172 1436 Latine
1207 1379 1410 1450 prodiit
1436 1380 1657 1436 Basileae
1681 1395 1733 1437 a.
1760 1379 1917 1435 l562.

344 1473 546 1538 Tertia,
601 1488 718 1542 qua!
780 1472 898 1527 Lat.
960 1471 1133 1528 Paris.
1191 1487 1245 1528 a.
1302 1473 1460 1530 1567.
1519 1471 1747 1538 Quarta,
1799 1486 1920 1543 qute

344 1565 545 1630 ltalice,
576 1567 873 1635 interprete
912 1563 1050 1620 Lud.
1096 1563 1270 1630 Dulei,
1295 1572 1588 1620 accurantc
1617 1565 1920 1635 Augustino

341 1656 643 1722 Fcrentilli,
677 1654 874 1713 Venet.
907 1673 960 1711 a.
997 1656 1136 1711 £569
1193 1655 1331 1712 iit-4.
1355 1656 1579 1722 Quinta,
1617 1671 1736 1726 qua:
1793 1655 1917 1710 Lat.

343 1748 685 1803 Francofurti
753 1749 823 1803 ad
888 1747 1167 1811 hiemum,
1227 1764 1279 1803 a.
1337 1747 1493 1801 l587.
1550 1747 1735 1812 Sexta,
1799 1763 1919 1814 qum

339 1843 524 1898 tit-meo
580 1852 637 1896 ct
682 1840 896 1905 Latine,
953 1839 1195 1896 Colonia:
1233 1841 1600 1909 Allobrogum,
1649 1856 1701 1895 a.
1757 1841 1915 1908 1615,
1954 1819 1996 1874 Β

341 1933 581 1989 llankius
627 1932 876 2003 Gre-gora:
932 1931 1223 1986 Historiam
1281 1928 1522 1985 Coloniae
1589 1928 1920 1982 Planicianae

338 2029 501 2083 etiam
561 2042 614 2081 a.
669 2024 732 2081 C.
791 2023 929 2079 IGIG
986 2023 1188 2079 editam
1240 2021 1529 2086 observat;
1586 2020 1923 2075 Warthonus

339 2120 474 2174 duas
511 2115 996 2172 Fraoeofurteoses
1041 2122 1334 2177 numerat;
1383 2113 1612 2184 primam
1665 2127 1718 2164 a.
1755 2111 1915 2176 1568.

339 2208 630 2265 secundam
663 2223 716 2262 a.
751 2207 912 2263 1587.

409 2345 466 2399 In
501 2351 652 2399 tome
679 2341 918 2401 secundo
950 2340 1032 2396 usi
1084 2355 1274 2396 sumus
1322 2342 1538 2396 duobus
1569 2341 1914 2413 apngrapbis,

339 2445 573 2505 utroque
628 2449 697 2489 ex
769 2431 1048 2490 veteribus
1120 2429 1522 2503 exemplaribus
1578 2431 1762 2487 lloune
1817 2433 1914 2485 de-

341 2528 569 2598 scripto.

410 2661 653 2716 Primum
689 2658 1082 2732 apograpbum,
1120 2655 1262 2726 quod
1297 2656 1352 2710 in
1384 2653 1710 2709 bibliotheca
1747 2654 1913 2724 Regia

341 2764 517 2812 exstat
547 2770 778 2811 nurnero
800 2754 964 2820 2079,
989 2753 1150 2809 docta
1189 2761 1246 2808 et
1296 2751 1530 2822 eleganti
1588 2767 1750 2805 manu
1786 2760 1914 2805 ante

340 2865 516 2906 annos
548 2849 674 2919 plus
703 2855 923 2903 centum
966 2855 1022 2901 et
1051 2846 1443 2916 quinquaginta
1472 2852 1750 2899 exaratum
1790 2843 1914 2908 fuit,

342 2953 402 2997 ut
442 2949 601 3012 patet
631 2956 694 2996 ex
757 2940 929 3011 ipsius
980 2937 1186 2994 librarii
1217 2937 1550 3002 testimonio,
1573 2938 1664 3007 qui
1695 2944 1917 3008 peracto

342 3051 504 3107 opere
536 3039 650 3090 hzec
687 3031 1007 3102 subscripsit
1037 3047 1053 3084 :
1091 3030 1253 3092 Τέλος
1280 3030 1474 3083 ἔλασιν
1501 3029 1659 3082 τοῦτο
1689 3028 1751 3081 τὸ
1789 3029 1916 3081 σύν-

2021 551 2290 621 cmplari;
2323 567 2446 606 cum
2473 567 2584 620 quo
2615 552 2879 607 lectiones
2911 550 3104 606 dubias
3133 552 3463 607 contulimus
3488 567 3586 620 per

2021 644 2166 698 viros
2198 643 2620 708 eruditissimos,
2655 659 2793 714 quos
2828 645 3029 698 laboris
3077 644 3240 712 hujus
3273 658 3370 712 per
3399 660 3458 700 sc
3499 645 3582 697 in-

2021 729 2159 802 grati
2195 729 2413 784 tzedium
2445 745 2507 786 uc
2553 717 2829 786 fastidium
2861 741 3050 786 nostra
3091 741 3145 786 et
3173 732 3403 800 publica:
3434 733 3584 786 utili-

2023 821 2148 876 tatis
2179 837 2340 876 causa
2375 820 2520 876 ferre
2549 837 2658 877 non
2693 822 2884 891 piguit.
2921 821 3106 891 Itaque
3137 822 3203 877 iis
3234 825 3335 877 hoc
3364 823 3504 888 loco,
3535 824 3583 878 si

2023 911 2181 968 facile
2212 923 2552 983 paterentur,
2597 929 2822 986 magnas
2855 917 3056 987 gratias
3094 929 3412 986 ageremus;
3445 933 3586 988 pra:-

2023 1005 2213 1060 sertitn
2247 1005 2535 1060 abbatibus
2567 1004 2971 1070 illustrissimis,
3023 1006 3317 1062 Laurentio
3350 1009 3586 1062 Alexan-

2020 1097 2120 1154 dro
2165 1097 2484 1170 Zaccagnio,
2533 1106 2588 1153 et
2617 1096 2683 1154 ll.
2726 1096 2788 1154 P.
2837 1098 3202 1164 D.Dc|miro;
3253 1100 3346 1169 qui
3395 1100 3587 1154 biblio-

2023 1187 2193 1244 theca
2222 1188 2493 1243 Vaticana:
2531 1189 2770 1259 praefecti
2801 1190 3068 1246 creditum
3100 1190 3202 1245 sibi
3260 1193 3591 1259 pretiosissi-

2023 1295 2172 1334 mum
2205 1281 2520 1335 thesaurum
2550 1296 2616 1336 ea
2651 1281 2756 1336 fide
2803 1283 3072 1351 integrum
3111 1295 3163 1338 et
3198 1282 3458 1337 ilhbatu-n
3485 1302 3585 1337 cn-

2023 1373 2288 1438 stodiunt,
2345 1381 2403 1428 ut
2453 1382 2634 1427 tamen
2679 1389 2932 1445 magnum
2965 1390 3032 1428 ex
3069 1389 3138 1428 eo
3186 1377 3587 1430 communicato

2024 1465 2259 1518 fruetmn
2290 1480 2483 1519 omnes
2509 1465 2712 1521 eruditi
2745 1467 3070 1536 percipiant,
3105 1476 3265 1534 atque
3287 1482 3351 1521 es
3382 1468 3468 1522 illa
3501 1482 3588 1521 tn-

2025 1555 2131 1608 tius
2181 1556 2407 1610 litterati
2441 1556 2588 1611 orbis
2624 1557 2745 1612 luce
2794 1557 3088 1627 conspicua
3120 1559 3326 1612 clarum
3377 1561 3477 1615 sibi
3525 1577 3588 1613 ac

2022 1645 2137 1701 suis
2171 1645 2354 1700 lumen
2384 1647 2708 1702 accendant.
2744 1646 2817 1701 Ex
2848 1649 2938 1701 illo
2971 1651 3089 1719 ipso
3126 1649 3382 1704 Vaticano
3408 1665 3590 1703 exeni-

2025 1739 2162 1808 plari
2197 1739 2388 1802 libros,
2419 1751 2479 1796 ut
2501 1741 2612 1811 jam
2648 1742 2780 1806 dixi,
2811 1744 3052 1811 quinque
3083 1744 3324 1811 integros
3351 1742 3589 1798 Frideri-

2023 1847 2120 1887 cus
2153 1830 2544 1904 Rostgaardius
2582 1850 2679 1904 per
2715 1836 2991 1890 hominem
3024 1835 3323 1900 eruditum,
3363 1836 3586 1907 popula-

2024 1940 2137 1979 rem
2166 1939 2348 1990 suum,
2387 1928 2747 1998 transcriptos
2779 1928 3122 1986 bibliotheca
3156 1929 3338 2001 llegite
3364 1929 3586 1995 dicavit,

2021 2032 2294 2086 suumque
2333 2018 2460 2072 illud
2502 2030 2690 2075 velum
2736 2021 2972 2091 przcllxis
3013 2022 3352 2095 elegantibus
3395 2023 3589 2078 heroe-

2021 2108 2154 2177 lcgis
2187 2110 2555 2180 consignavit.
2609 2112 2722 2181 Sed.
2748 2114 2817 2169 de
2857 2113 2924 2168 iis
2975 2114 3130 2172 libris
3161 2114 3296 2170 alias
3325 2126 3589 2186 opportu-

2019 2201 2166 2254 nius.
2210 2198 2497 2257 Pertinerrt
2523 2203 2669 2258 enim
2697 2205 2764 2259 ad
2791 2207 3010 2260 tertium
3045 2214 3274 2263 tomum.

2092 2291 2271 2349 Varia:
2319 2294 2582 2350 lectiones
2611 2296 2771 2350 nullm
2801 2296 2917 2352 fere
2961 2297 3015 2350 in
3042 2297 3207 2368 hujus
3245 2297 3418 2370 partis
3449 2312 3585 2352 mar-

2019 2385 2236 2455 ginibus
2269 2386 2542 2442 adnotat.e
2577 2398 2745 2453 sunt;
2796 2391 3053 2458 quoniam
3082 2404 3270 2444 eorum
3297 2390 3582 2450 librorum.

2019 2478 2218 2546 quibus
2251 2487 2470 2533 constat
2492 2478 2581 2534 hic
2614 2487 2814 2544 tomus,
2848 2480 3068 2536 unicum
3095 2481 3371 2550 exemplar
3399 2495 3586 2551 posse-

2018 2568 2219 2624 dimus.
2277 2566 2509 2625 Unicum
2560 2569 2717 2626 dico:
2768 2587 2893 2626 nam
2946 2571 3205 2629 Vaticana
3253 2573 3582 2646 exemplaria

2019 2675 2117 2714 nec
2144 2675 2314 2731 penes
2352 2677 2454 2718 nos
2488 2660 2732 2730 fuerunt,
2767 2681 2866 2720 nec
2894 2681 2994 2736 pro
3025 2666 3257 2722 diversis
3285 2667 3582 2738 reputanda

2019 2761 2171 2816 sunt.
2206 2768 2330 2808 cum
2361 2763 2546 2810 nostra
2577 2771 2641 2811 ex
2672 2757 2740 2811 iis
2767 2757 3034 2830 descripta
3065 2760 3195 2815 sint.
3227 2760 3374 2827 Quas
3402 2771 3583 2816 autem

2017 2861 2082 2900 ex
2116 2845 2184 2900 iis
2223 2847 2486 2902 lectiones
2520 2863 2550 2902 ι
2585 2848 2717 2904 viris
2757 2850 2932 2906 doctis
2974 2853 3349 2922 suppeditata
3391 2853 3584 2909 habui-

2020 2955 2161 2999 mus.
2193 2953 2311 3005 eas,
2370 2948 2430 2995 ut
2459 2955 2644 2995 veram
2676 2951 2730 2995 et
2761 2943 3055 3009 genuinam
3089 2944 3437 3013 scripturam.
3473 2959 3583 3000 non

2020 3031 2072 3083 in
2109 3030 2405 3099 margines,
2448 3031 2545 3086 sed
2576 3032 2630 3087 in
2665 3035 2897 3087 mediam
2933 3035 3182 3104 paginam
3221 3047 3276 3091 et
3323 3037 3377 3091 in
3404 3037 3581 3106 ipsum

341 3145 526 3196 ταγμα
568 3130 634 3197 τῇ
677 3122 1122 3196 ὀκτωκαιδεκάτῃ
1171 3122 1264 3175 τοῦ
1310 3121 1633 3192 ὀκτωϐρίου,
1677 3121 1786 3173 Etsi
1829 3139 1914 3190 χιε-

2019 3123 2101 3193 (nt
2149 3122 2328 3194 aiunt)
2386 3133 2702 3179 contextum
2766 3128 3179 3191 transtulimus;
3237 3130 3480 3199 exceptis
3517 3129 3585 3184 iis

342 3218 540 3288 λιοστῷ
569 3217 1006 3284 πεντακοσιοστῷ
1039 3213 1462 3283 τεσσαρακοστῷ
1491 3213 1680 3283 τρίτῳ,
1706 3213 1910 3280 σπουδῇ

340 3314 434 3366 καὶ
463 3312 750 3381 φιλοπονίᾳ
788 3309 1158 3380 Χριστοφὸρου
1196 3306 1291 3360 τοῦ
1337 3306 1590 3374 ’Δουέρου
1627 3304 1909 3376 Γερμανοῦ

345 3403 864 3474 μεταγεγραμμένον
889 3419 905 3434 ο
937 3400 1188 3470 δαψιλείᾳ
1213 3399 1270 3454 δὲ
1295 3400 1391 3452 καὶ
1410 3397 1658 3469 φλογερῷ
1689 3397 1820 3468 πρὸς
1846 3399 1912 3450 τὰ

346 3495 646 3564 μαθήματα
694 3492 843 3562 πόθῳ
892 3491 1167 3562 Γεωργιου
1220 3489 1314 3543 τοῦ
1375 3489 1767 3560 ’Δρμηνιακοῦ,
1820 3491 1912 3544 τοῦ

357 3584 651 3638 Ῥουοένων
677 3582 772 3635 καὶ
805 3581 1029 3652 Βάϐρων
1059 3581 1378 3642 ἐπισκόπου,
1414 3579 1548 3647 πρὸς
1591 3579 1795 3632 Παῦλον
1822 3581 1913 3631 sitv

342 3680 542 3746 τρίτον,
579 3675 647 3727 τὰ
674 3674 770 3742 τῆς
814 3672 1109 3742 ἱερωσύνης
1142 3671 1554 3742 οἰκονομοῦντα,
1586 3672 1737 3740 ποιρὰ
1773 3671 1912 3721 Κελα-

343 3769 451 3822 τῶν
493 3766 757 3839 βασιλέως
810 3767 867 3817 ὲν
915 3767 983 3835 τῇ
1023 3763 1212 3833 Ῥώμῃ
1250 3767 1316 3834 τῇ
1357 3762 1496 3814 πάνυ
1542 3762 1917 3830 πρεσϐεύσαν-

343 3877 452 3921 τος.
476 3857 526 3912 id
555 3865 640 3912 est
671 3874 682 3885 ’
717 3855 1022 3908 Absolutum
1050 3859 1124 3906 est
1174 3851 1263 3905 ‘toc
1296 3868 1423 3920 opus
1456 3851 1691 3905 Octobris
1716 3854 1797 3903 dic
1833 3851 1912 3914 l8,

344 3966 480 4004 anno
535 3948 674 4002 1545
721 3944 1078 4015 Christophori
1131 3944 1296 3997 Aweri
1355 3942 1605 3998 Germani
1651 3959 1806 4009 Opera
1856 3959 1955 4001 ac.

344 4041 614 4114 diligentia
646 4039 1061 4105 transcriptum;
1090 4035 1446 4103 munificentia
1474 4047 1644 4089 antem
1678 4049 1721 4089 et
1743 4037 1917 4088 studio

345 4135 398 4184 in
430 4132 632 4185 litteras
689 4127 1058 4182 ardentissimo
1121 4124 1331 4195 Georgii
1393 4125 1694 4177 Armeniaci
1729 4125 1916 4189 (D‘Ar-

347 4224 590 4294 magnae)
618 4221 941 4276 Rutenorum
971 4227 1020 4273 et
1067 4215 1358 4271 Vabrorum
1394 4216 1644 4284 episcopi,
1671 4233 1700 4267 a
1733 4215 1914 4271 Callo-

349 4334 462 4369 rnm
492 4331 607 4385 rege
634 4316 700 4368 ad
734 4327 998 4367 summum
1023 4309 1320 4379 pontificem
1357 4307 1586 4362 Paulum
1628 4306 1716 4360 HI
1760 4306 1916 4376 legati

352 4409 561 4462 Romam
609 4407 775 4459 missi.
837 4406 915 4459 Ex
954 4404 1055 4458 hoc
1088 4403 1207 4456 cod.
1243 4402 1407 4455 libros
1452 4399 1608 4454 Tomi
1638 4398 1792 4453 isrius
1826 4415 1914 4453 se-

2015 3229 2151 3283 quas
2190 3215 2260 3270 ab
2287 3217 2460 3271 amico
2494 3216 2817 3271 charissima
2861 3217 3134 3272 Ludovico
3177 3217 3378 3275 Tarnio
3410 3235 3585 3290 nuper

2016 3305 2208 3361 allatas
2236 3307 2304 3362 ad
2341 3308 2546 3362 calcem
2571 3309 2709 3362 torni
2741 3309 2968 3363 secundi
3000 3310 3052 3362 in
3085 3317 3243 3364 notas
3274 3311 3580 3365 retulimus.

2089 3399 2352 3469 Equidem
2401 3399 2502 3455 hoc
2535 3400 2658 3455 loco
2693 3407 2997 3470 temperare
3031 3401 3161 3455 mihi
3194 3415 3303 3456 non
3335 3417 3582 3473 possum,

2016 3492 2146 3560 quin
2196 3501 2252 3546 et
2277 3506 2394 3546 mea
2426 3502 2481 3547 et
2511 3490 2804 3562 Nicepliori
2833 3491 3088 3562 Gregorze
3120 3508 3282 3548 causa
3338 3493 3582 3557 doleam;

2019 3584 2160 3653 quod
2212 3599 2335 3637 cum
2369 3583 2454 3638 hic
2484 3599 2580 3654 per
2624 3599 2722 3638 nos
2769 3594 3113 3655 posset,_non
3164 3585 3326 3640 modo
3352 3585 3583 3656 integer,

2018 3677 2113 3728 sed
2169 3675 2331 3729 etiam
2375 3687 2552 3729 tersus
2597 3685 2654 3728 et
2693 3675 2928 3738 limatus,
2981 3675 3037 3728 in
3071 3677 3347 3744 publicum
3388 3679 3582 3740 emitti,

2019 3767 2160 3821 idem
2192 3777 2372 3822 tamen
2411 3767 2655 3837 pluribus
2687 3769 2918 3821 fortasse
2955 3768 3182 3822 matulis
3210 3784 3490 3837 respersus
3521 3787 3584 3824 ac

2017 3859 2280 3914 deformis
2311 3859 2485 3914 lucem
2517 3861 2737 3914 demum
2789 3859 3041 3928 aspiciat.
3085 3860 3223 3915 Fieri
3255 3862 3400 3914 enim
3443 3862 3582 3914 hauo

2019 3950 2218 4017 potuit,
2261 3959 2318 4002 ut
2365 3966 2470 4003 non
2519 3951 2684 4004 multa
2724 3950 2773 4002 in
2824 3951 3136 4021 apcgrapho
3168 3953 3586 4006 mendosissitno

2019 4042 2208 4094 oculos
2246 4056 2396 4095 mens
2443 4041 2700 4112 fugerint,
2761 4055 2815 4097 et
2866 4044 3163 4097 incorrecta
3200 4045 3580 4098 remanserint.

2021 4129 2240 4184 Poterat
2273 4144 2456 4186 autem
2490 4133 2575 4185 hie
2603 4134 2842 4199 scriptor
2878 4132 3036 4202 longe
3065 4134 3374 4205 castigatior
3403 4136 3519 4189 dari
3549 4153 3580 4188 ιι

2019 4221 2196 4284 nobis,
2249 4221 2294 4274 si
2341 4237 2461 4291 qua:
2493 4223 2546 4274 in
2598 4223 2798 4291 pluteis
2840 4221 3113 4276 Vaticanis
3145 4235 3326 4278 vetera
3368 4235 3586 4280 exstant

2021 4309 2377 4379 esctnplaria,
2425 4325 2487 4364 ea
2522 4326 2690 4379 penes
2739 4328 2836 4366 nos
2885 4313 3136 4366 fuissent.
3186 4316 3292 4368 Sed
3328 4316 3581 4370 nimirum

2021 4403 2113 4456 nni
2148 4416 2254 4456 non
2298 4404 2476 4456 omnia
2509 4402 2634 4456 data
2687 4415 2834 4458 sunt.
2865 4405 3020 4470 Quod
3051 4419 3229 4458 autem
3275 4408 3451 4463 facere
3483 4424 3584 4477 ego

349 4499 510 4554 eundi
543 4515 634 4554 sex
689 4497 900 4568 priores
953 4502 1203 4550 accurate
1251 4491 1554 4560 desetiptos
1585 4494 1730 4560 (nam
1766 4490 1913 4543 codi-
1948 4487 1992 4536 η
2021 4508 2131 4545 non
2179 4493 2351 4560 potui,
2397 4492 2450 4545 id
2496 4494 2768 4562 quondam
2812 4495 3062 4557 fortasse,
3093 4496 3138 4550 si
3179 4497 3310 4549 tanti
3353 4512 3438 4550 res
3464 4513 3584 4553 esse

349 4609 463 4646 cem
495 4591 665 4658 ipsum
715 4589 1003 4658 quominus
1054 4582 1401 4655 typographis
1449 4583 1914 4635 committeretnus

351 4685 536 4753 religio
571 4681 726 4736 nobis
755 4681 902 4749 fuit).
930 4679 1070 4749 typis
1102 4674 1484 4745 exprimendus
1512 4673 1841 4726 curavimus.

415 4777 656 4830 Alterum
689 4775 1082 4842 apograpltum,
1136 4777 1261 4820 ante
1292 4768 1393 4820 hos
1442 4765 1682 4834 quinque
1735 4778 1909 4816 annos

351 4865 533 4920 iiunae
585 4865 848 4932 scriptum
889 4872 944 4915 et
991 4877 1020 4912 a
1071 4858 1372 4913 clarissimo
1423 4857 1538 4908 viro
1582 4855 1620 4906 Ι.
1659 4852 1908 4906 Vivantio

352 4957 614 5010 Lutetiam
643 4957 882 5015 allatum,
928 4951 1078 5003 valde
1117 4948 1437 5001 mendosum
1473 4954 1607 4998 erat.
1643 4943 1908 4998 Nmirnn

352 5060 405 5101 ut
438 5047 577 5114 apud
613 5061 733 5107 nos,
788 5046 858 5097 ita
907 5043 1070 5094 ctiam
1103 5038 1289 5091 llorna:
1330 5049 1522 5102 magna
1558 5043 1638 5086 est
1669 5031 1911 5101 paucitas

349 5159 534 5196 eorum
563 5140 1038 5210 calligraphorurn,
1066 5136 1157 5204 qui
1192 5148 1413 5186 manuni
1449 5133 1502 5183 in
1529 5130 1730 5183 Graecis
1756 5143 1908 5180 excr-

347 5237 562 5286 eitatatn
599 5234 871 5294 habeant;
920 5229 1161 5296 adeoque
1194 5237 1416 5277 nece5se
1457 5223 1629 5275 estad
1661 5221 1910 5273 librarios

345 5327 508 5379 rudes
541 5335 592 5378 et
620 5324 903 5391 imperitos
935 5331 1236 5376 recurrere,
1272 5315 1702 5382 quotiescunque
1737 5314 1912 5380 agitur

346 5417 408 5468 de
437 5412 804 5466 exscribcndis
833 5410 1110 5465 codicibus
1150 5405 1374 5458 (irier-is.
1407 5403 1482 5456 Ex
1508 5419 1573 5456 eo
1603 5403 1912 5470 apographo

346 5508 615 5576 prmlennt
643 5507 804 5560 hodie
829 5507 880 5558 in
918 5506 1095 5557 lucem
1124 5498 1247 5552 libri
1275 5507 1502 5566 septem,
1528 5497 1616 5564 qni
1648 5495 1908 5564 reliquam

347 5603 507 5669 hujus
543 5601 670 5654 tomi
707 5597 932 5654 secundi
966 5603 1174 5666 partem
1205 5591 1464 5660 explent;
1507 5589 1674 5658 iique,
1708 5588 1910 5643 ultimis

418 5763 487 5831 ψ)
533 5762 650 5815 Vid.
686 5755 1018 5821 Fabricium,
1047 5731 1183 5807 infra
1230 5751 1336 5806 col;
1368 5751 1436 5805 99
1460 5751 1521 5806 ο.

2022 4584 2314 4646 videbitur,
2341 4581 2548 4636 felicior
2575 4585 2799 4638 alterius
2827 4588 3089 4641 industria
3123 4587 3418 4656 praestabit.

2087 4675 2166 4727 Ad
2199 4673 2448 4728 Latinam
2502 4675 3006 4744 interpr-rtatinnetn
3041 4689 3281 4731 nostram
3327 4678 3472 4746 quod
3503 4690 3584 4735 at-

2021 4766 2176 4824 tinet.
2219 4766 2504 4835 scriptoris
2535 4766 2709 4821 Graeci
2745 4779 2981 4820 Itlt'ltleltt
3018 4771 3060 4822 si
3095 4785 3179 4823 tne
3211 4759 3408 4839 ubique
3439 4788 3581 4824 asse-

2018 4865 2202 4908 t'lllilltt
2239 4856 2408 4909 fuisse.
2457 4855 2739 4919 afﬁrmem,
2801 4873 3062 4929 arrogans
3112 4876 3250 4915 sin:
3291 4865 3583 4929 praesertim

2019 4963 2141 5000 cum
2173 4961 2271 4999 nec
2293 4945 2486 5001 Wollio
2517 4949 2642 5016 ipsi.
2670 4958 2925 5001 veterano
2946 4961 3002 5002 et
3027 4961 3257 5004 eun-nlo
3282 4953 3585 5021 interpreti,

2019 5039 2073 5092 id
2103 5039 2416 5107 contigerit.
2467 5035 2766 5092 Possumus
2798 5057 2924 5092 vero
2966 5051 3198 5110 uterque
3247 5046 3346 5095 hac
3377 5046 3586 5098 ratione

2019 5146 2118 5183 nos
2143 5129 2461 5193 defendere,
2491 5133 2631 5197 quod
2660 5130 2752 5197 qui
2787 5131 2923 5183 tianr
2959 5135 3158 5185 nullius
3187 5149 3371 5200 gressi:
3397 5135 3577 5185 tritam

2019 5222 2375 5288 ingrediatur,
2419 5221 2466 5272 ei
2507 5219 2879 5284 diﬂit-illintum
2918 5222 2985 5272 si:
3031 5238 3138 5273 non
3181 5223 3320 5284 lah.;
3359 5239 3465 5291 pne
3501 5240 3588 5274 er-

2018 5321 2112 5364 tim
2145 5317 2187 5365 si
2217 5329 2278 5365 ea
2314 5313 2519 5367 lubrica
2546 5314 2618 5366 sit
2643 5318 2698 5365 cl
2723 5314 3039 5382 confragosa
3069 5325 3124 5366 et
3147 5318 3372 5367 διήκουε-ξε
3400 5315 3582 5382 plena,

2016 5405 2203 5474 quales
2235 5407 2433 5473 passim
2465 5407 2653 5473 objicit
2689 5405 3026 5476 Nicephorius
3058 5415 3276 5472 noster;
3323 5408 3411 5474 qui
3442 5423 3584 5473 quo-

2016 5499 2116 5552 ties
2145 5499 2358 5566 evagari
2387 5497 2543 5552 libuit
2572 5499 2723 5566 (libet
2743 5508 2925 5552 autem
2947 5501 3112 5553 nimis
3135 5500 3320 5567 saepe),
3345 5508 3455 5550 tum
3489 5501 3585 5551 de.-

2016 5603 2163 5643 mnm
2193 5588 2458 5644 disertum
2489 5605 2544 5643 se
2569 5599 2623 5644 ct
2649 5591 2947 5659 elegantem
2976 5592 3172 5655 credit,
3208 5599 3338 5643 cum‘
3362 5598 3582 5640 senten-
