4038 6250
435 402 492 455 Π
1857 418 2271 483 riturum.
3586 426 3655 491 18

431 514 553 561 tiam
582 524 736 564 suam
769 515 1056 573 verborum
1084 521 1399 595 ambagibus
1426 544 1585 603 quam
1617 534 1846 589 maxime
1872 554 1992 607 per-
2026 544 2064 597 Λ
2099 538 2384 593 barbarum
2429 542 2494 597 de
2528 541 2666 598 bello
2694 555 2870 602 sacro.
2907 542 3030 597 item
3057 543 3131 599 de
3160 544 3657 612 Cunsmntinopoli-

431 602 595 668 plexis
639 605 925 666 involvere
959 615 1156 683 potuit.

500 692 653 796 ’τοιξή
681 701 845 796 primi
878 705 1104 778 singulis
1128 714 1367 784 paginis.
1397 720 1653 787 quoniam
1685 732 1991 796 temporum

434 788 570 843 ratio
598 789 653 844 in
681 805 748 847 ea
778 794 1021 853 historiae
1050 813 1202 871 parte
1219 822 1329 861 non
1359 810 1491 865 satis
1517 823 1666 868 certa
1701 788 1823 871 esse
1846 818 1993 872 vide-

436 878 610 978 batur,
661 896 868 940 annum
914 893 1269 958 praescribere
1313 914 1423 954 non
1458 904 1758 971 potuimus.
1806 909 1992 978 itaque

434 970 538 1026 illic
574 989 675 1044 pro
722 980 890 1035 annis
938 982 1188 1054 imperia,
1220 1005 1317 1047 seu
1374 1000 1715 1067 regnantium
1749 970 1993 1071 Impera-

433 1074 603 1158 ternm
638 1068 886 1137 nomina,
929 1077 1104 1145 posita
1137 1090 1288 1136 sunt.
1319 1083 1382 1139 ln
1414 1096 1562 1142 torno
1595 1068 1858 1158 secundo,
1891 1110 1992 1149 au-

432 1168 529 1253 uos
558 1156 729 1223 ipsos.
760 1164 1021 1224 quoniam
1052 1167 1121 1225 de
1150 1170 1221 1230 iis
1262 1179 1568 1243 constabat,
1603 1156 1992 1253 ερροευίέιιυε,

434 1254 821 1312 imperatorum
876 1262 1066 1309 autem
1137 1261 1362 1336 nomina
1419 1266 1726 1322 omisimus.
1781 1270 1992 1341 Quippe

427 1348 550 1388 eum
582 1350 680 1403 per
706 1353 885 1398 annos
912 1343 1102 1402 decem
1133 1363 1451 1421 perpetuos,
1477 1372 1616 1426 quos
1640 1361 1881 1417 continet
1904 1364 1994 1420 hic

426 1433 625 1523 toruus,
962 1437 1312 1509 imperatoria
1350 1459 1521 1514 penes
1547 1448 1686 1505 duos
1722 1452 1995 1523 principes

428 1511 611 1582 fuerit,
660 1518 1027 1596 Palzologum
1062 1537 1121 1585 et
1148 1511 1614 1603 Cantacuzenum,
1651 1511 1842 1598 inutile
1873 1511 1993 1601 esse

425 1603 691 1701 desimus
718 1622 969 1701 repetere
1000 1615 1058 1672 in
1108 1619 1340 1693 singulis
1382 1627 1595 1698 paginis
1626 1630 1703 1695 id,
1732 1634 1877 1701 quod
1903 1650 1990 1689 se-

427 1694 534 1793 mel
584 1699 861 1796 monuisse
890 1706 1028 1761 satis
1059 1708 1223 1765 foret.
1266 1694 1544 1773 Libros'in
1580 1694 1781 1791 capita.
1814 1726 1990 1796 capita

425 1787 785 1881 insectiones
808 1797 1000 1852 eadem
1025 1802 1282 1860 methodo
1308 1805 1614 1877 divisimus,
1638 1787 1746 1881 qua
1768 1815 1819 1868 iu
1844 1787 1991 1872 tomo

423 1876 623 1944 primo.
660 1879 719 1937 In
766 1884 1059 1946 hreviariis
1097 1909 1317 1965 quoque
1363 1909 1420 1953 et
1466 1902 1519 1955 in
1560 1876 1704 1959 notis
1742 1910 1989 1964 eamdem

424 1983 653 2037 prorsus
685 1978 952 2035 rationem
983 1987 1158 2040 secuti
1192 2003 1404 2047 sumus.

501 2061 939 2132 Disputationem
986 2090 1115 2132 eum
1167 2078 1438 2147 Cabasila,
1474 2084 1626 2142 libris
1658 2090 1830 2147 tribus
1882 2110 1989 2150 non

421 2150 551 2206 tutis
577 2158 1020 2226 comprehensam
1038 2165 1188 2236 (nam
1208 2184 1271 2223 ea
1295 2186 1324 2223 a
1345 2171 1600 2229 vicesimo
1634 2182 1875 2235 secundo
1905 2184 1991 2238 in-

416 2240 622 2339 choato
676 2250 743 2302 ad
792 2254 1111 2311 vicesimum
1142 2270 1397 2329 quartum
1433 2264 1549 2319 fere
1598 2270 1835 2324 riu-dium
1892 2290 1987 2328 ex-

416 2340 642 2431 currit),
676 2346 819 2413 quod
846 2349 913 2403 ad
944 2350 1229 2408 historiam
1260 2355 1406 2413 haud
1439 2359 1880 2431 satis'pertinerc
1915 2371 1993 2423 vi-

416 2428 670 2497 deretur,
699 2436 768 2492 ad
789 2442 1021 2497 secundi
1055 2445 1346 2504 voluminis
1378 2452 1581 2505 calcem
1602 2428 1843 2525 rejici-re
1872 2462 1992 2513 ani-

419 2535 549 2576 mus
596 2524 831 2593 primum
862 2531 985 2591 fuit.
1030 2533 1279 2604 Demum,
1326 2553 1395 2595 ne
1422 2524 1683 2597 continua
1729 2546 1989 2605 librorum

419 2613 597 2668 series
642 2617 1079 2692 abrumperetur,
1135 2627 1333 2685 rectius
1362 2630 1634 2688 facturum
1690 2650 1776 2691 me
1803 2626 1985 2695 existi

420 2705 588 2768 mari,
619 2707 665 2761 si
692 2723 851 2765 suum
875 2714 924 2769 ei
946 2729 1007 2770 ac
1033 2718 1311 2787 proprium
1336 2722 1512 2778 locum
1544 2741 1842 2784 servarent.
1870 2730 1986 2786 Una

421 2809 513 2846 uie
547 2811 633 2849 res
660 2802 1009 2872 morabatur;
1059 2812 1203 2876 quod
1233 2826 1355 2865 eam
1384 2814 1804 2884 disputationem
1846 2836 1987 2876 non-

419 2884 553 2941 dum
594 2886 785 2946 Latine
830 2896 1144 2964 vertissent,
1177 2915 1277 2956 uec
1304 2904 1439 2958 mihi
1471 2906 1643 2961 Otium
1676 2922 1988 2981 superesset

416 2976 492 3028 ad
525 2976 671 3035 istud
699 2996 916 3053 quoque
965 3002 1193 3056 pensum
1241 2992 1650 3052 absolvendum.
1706 2976 1847 3055 Inter
1875 3003 1987 3060 haec

416 3073 770 3128 commodum
795 3092 950 3132 suam
986 3081 1119 3137 mihi
1151 3098 1375 3154 cperant
1406 3088 1603 3143 obtulit
1627 3090 1695 3145 Μ.
1726 3093 1988 3152 Claudius

2099 633 2261 697 lanis,
2301 632 2864 711 Pel0ponnesiacis_ct
2908 633 3278 703 Neapolitanis
3324 635 3654 687 Francorum

2097 724 2561 793 expeditionibus,
2589 727 2786 780 selceta
2816 728 3088 783 variorum
3122 727 3378 796 cpuscula
3410 728 3655 781 (ηυιιίίιηι-

2097 813 2211 877 hit;
2239 830 2303 869 ea
2340 817 2572 879 scilicet,
2600 831 2724 888 quze
2754 819 3046 888 Nicephori
3084 818 3337 889 Gregora:
3370 820 3655 873 llistoriam

2096 898 2325 976 possunt
2349 906 2643 963 illustrare.
2673 910 2729 962 ln
2764 909 2829 963 iis
2862 921 3053 965 erunt:

2165 995 2206 1050 Ι.
2237 996 2484 1054 Narratio
2519 999 2719 1054 Niceta:
2747 1002 3023 1056 tiliouiatre
3059 1001 3133 1055 de
3173 1001 3366 1057 statuis
3393 1002 3655 1055 Conslan-

2097 1089 2503 1160 tinopolitanis.
2545 1108 2681 1159 qttas
2714 1091 2912 1155 Latini,
2962 1100 3118 1162 capta
3154 1093 3318 1158 L'rbe,
3352 1092 3658 1147 confractus

2094 1180 2150 1234 in
2177 1189 2450 1235 monetam
2475 1181 2873 1238 conﬂaverant.
2902 1183 3070 1252 Cujus
3102 1183 3447 1245 narrationis,
3481 1197 3545 1236 ex
3569 1196 3661 1235 co-

2094 1272 2215 1326 dice
2247 1272 2537 1326 Bodleiano
2573 1274 2880 1342 descriptae,
2913 1275 3066 1343 copia
3102 1275 3232 1328 mihi
3260 1288 3290 1328 a
3325 1273 3441 1327 viro
3470 1272 3661 1328 clariso

2095 1362 2233 1417 simo
2261 1362 2471 1417 Joanne
2509 1362 2738 1417 Ernesti)
2764 1363 2962 1418 Grabio
2990 1366 3129 1418 facta
3153 1371 3256 1419 est.

2166 1454 2232 1511 ll.
2264 1455 2531 1510 Theodori
2568 1454 2818 1511 Lasearis
2864 1456 3137 1511 orationes
3168 1456 3309 1510 dum.
3358 1454 3442 1507 1³.
3474 1454 3657 1509 Enco-

2094 1544 2263 1598 mium
2302 1546 2470 1615 patris
2498 1546 2637 1613 ejus,
2672 1544 2900 1601 Joannis
2928 1548 3086 1602 llum:
3110 1548 3240 1617 imp.
3269 1547 3355 1601 2a.
3396 1545 3541 1601 Laus
3570 1561 3657 1601 ur—

2094 1636 2181 1690 bis
2214 1634 2428 1699 Niczeae,
2461 1651 2526 1688 ex
2560 1636 2683 1688 emi.
2714 1636 2846 1701 Reg.

2162 1728 2257 1782 lli.
2295 1728 2709 1782 Testamentqu
2748 1730 2959 1784 Arsenii
3012 1728 3356 1800 patriarchae,
3386 1728 3592 1783 editum
3626 1746 3654 1781 ει

2093 1820 2385 1875 (ΣοῖυΙοι-ίο.

2094 1931 2114 1945 ’
2170 1914 2257 1968 IV.
2305 1915 2589 1970 Athanasii
2628 1914 2950 1987 patriarcha:
2983 1912 3050 1967 ad
3091 1915 3361 1968 seniorem
3386 1914 3657 1969 Androni-

2092 2020 2214 2058 cum
2249 2007 2491 2075 epismlas
2526 2018 2575 2060 et
2610 2008 2900 2062 relationes
2946 2005 3187 2070 selectae,
3226 2022 3287 2059 ex
3322 2007 3508 2059 codice
3539 2007 3655 2058 sin~

2092 2098 2289 2165 gulari,
2332 2113 2490 2166 quem
2524 2097 2867 2151 llilzliotlirctc
2904 2094 3086 2167 Regia:
3132 2110 3255 2148 cum
3303 2096 3423 2149 aliis
3475 2096 3660 2147 inultis.

2092 2203 2265 2254 nuper
2294 2189 2514 2242 denavit
2562 2187 2624 2243 C.
2658 2187 2829 2243 Maur.
2875 2186 3162 2253 Tellerius,
3209 2186 3658 2256 archiepiscopus

2092 2278 2195 2331 dux
2225 2277 2572 2331 Rhemensis.
2922 2270 2925 2271 ν

2164 2368 2226 2423 γ.
2256 2368 2522 2425 Munuclis
2543 2370 2707 2426 Phila:
2739 2385 2929 2441 poema
2952 2369 3269 2424 historicum
3293 2370 3358 2422 dc
3384 2353 3660 2423 Michaelis

2091 2458 2273 2515 Glabaa
2306 2463 2470 2517 rebus
2498 2465 2687 2534 gestis,
2722 2480 2785 2517 ex
2839 2464 2945 2517 alio
2987 2462 3108 2517 eod.
3145 2460 3313 2533 Regio
3345 2460 3494 2532 (olim
3531 2461 3658 2516 Tel-

2095 2550 2321 2621 leriano)
2359 2552 2717 2622 descriptum.
3142 2592 3143 2595 η

2161 2640 2252 2697 Vl.
2300 2642 2506 2699 ‘l‘omus
2561 2644 2962 2716 pscudosynodi
3017 2642 3362 2709 Palamitie:e,
3398 2644 3576 2698 editus
3630 2662 3658 2698 a

2088 2733 2437 2790 Combcﬁsio.

2162 2824 2545 2897 Vll.Excerpla
2558 2845 2623 2882 ex
2642 2830 2858 2899 scriptis
2874 2832 3157 2901 Nicepliori
3176 2830 3661 2903 Blemmydmﬁre-

2088 2918 2220 2988 gorii
2250 2920 2449 2990 Cyprii,
2472 2919 2736 2975 Theoduli
2771 2918 3046 2986 Rhetoris,
3072 2920 3360 2991 Nirepliori
3393 2922 3656 2982 Clmmni,

2087 3009 2375 3078 Barlaami,
2435 3013 2724 3085 Aeindyni,
2793 3016 3044 3078 Palamm,
3108 3017 3311 3071 Nicolai
3374 3014 3657 3078 Cabas‘lw,

2088 3102 2354 3158 Philuthei
2397 3107 2740 3175 patriarcha),
2793 3108 2985 3163 Medici
3032 3106 3326 3173 Tarouitze,
3388 3108 3659 3161 Cantacu-

414 3157 922 3271 Eapperonnerius,
964 3170 1301 3231 Licentiatus
1324 3178 1606 3251 theologus
1637 3181 1983 3242 Parisiensis.

2094 3198 2233 3261 leni,
2264 3198 2521 3253 Demetrii
2545 3200 2794 3271 Cydouii,
2822 3200 2991 3271 ipsius
3026 3199 3298 3271 Gregora‘,
3329 3214 3380 3255 et
3402 3200 3658 3266 aliorum,

416 3250 568 3307 Huic
594 3268 714 3325 ego.
745 3257 932 3316 Grece
957 3271 1013 3317 et
1045 3262 1238 3319 Latine
1266 3250 1606 3336 doctissimo,
1638 3272 1796 3330 facile
1828 3278 1989 3347 equi~

423 3345 548 3395 :ctn
569 3344 839 3402 adductus
861 3363 1011 3417 sum,
1036 3362 1097 3407 ut
1115 3369 1210 3411 eas
1231 3365 1415 3426 partes
1437 3360 1743 3428 traderem;
1768 3378 1836 3420 eo
1856 3344 1990 3436 prae—

413 3434 638 3525 scrtim,
690 3442 838 3505 quod
876 3456 999 3510 quae
1051 3444 1141 3499 ille
1175 3446 1586 3519 interpretanda
1638 3434 1990 3525 suscepturus

413 3522 587 3591 (oret,
613 3541 679 3581 ea
701 3541 884 3585 essent
903 3532 1014 3589 fere
1041 3535 1369 3620 dogmatica,
1392 3543 1637 3613 adeoque
1655 3545 1742 3599 vix
1766 3522 1992 3616 possent

414 3616 606 3671 verbis
641 3621 879 3691 propriis
916 3639 977 3678 ac
1022 3627 1332 3696 perspicuis
1351 3616 1398 3685 va
1426 3647 1701 3702 quoquam
1735 3636 1988 3706 exprimi,

413 3709 529 3766 nisi
576 3712 670 3784 qui
721 3713 780 3769 in
810 3716 972 3771 rebus
1005 3719 1327 3793 theologicis
1372 3726 1598 3780 multum
1638 3739 1889 3784 versatus
1934 3741 1992 3787 et

413 3804 742 3874 quotidiana
767 3808 1082 3866 scholarum
1114 3828 1217 3869 usu
1242 3816 1504 3871 subactus
1536 3819 1713 3876 foret:
1744 3821 1796 3875 id
1821 3825 1988 3892 quod,

415 3894 466 3948 si
501 3894 591 3949 cui
617 3912 877 3974 unquam,
911 3904 1407 3961 cumulatissimum
1447 3918 1594 3963 certe
1621 3910 1707 3965 isti
1734 3914 1981 3983 contigit.

493 3983 725 4042 Turnum
758 3991 979 4046 tertium
1014 3996 1350 4052 constituent
1381 3999 1501 4054 libri
1537 4006 1986 4075 quattuordecim;

417 4077 668 4135 historici
707 4083 931 4153 quidem
960 4094 1105 4152 octo,
1132 4089 1419 4161 dogmatiri
1450 4108 1580 4147 vero
1608 4110 1738 4162 sex;
1772 4097 1839 4153 de
1867 4101 1991 4169 qui-

416 4171 527 4228 bus
558 4174 637 4230 nil
666 4191 897 4233 necesse
926 4188 1012 4234 est
1048 4181 1261 4249 pra-fari
1294 4183 1449 4239 initio
1484 4186 1641 4257 hujus
1671 4188 1986 4249 voluminis.

489 4262 694 4323 Tomos
739 4278 993 4337 quartus,
1047 4282 1241 4342 praeter
1289 4290 1483 4342 poema
1536 4277 1724 4349 ingens
1769 4281 1986 4338 Graeco-

2090 3287 2294 3350 omnia,
2334 3288 2676 3358 paucissimis
2704 3292 2964 3362 exceptis,
2994 3294 3283 3347 auecdota.

2161 3376 2238 3432 lta
2266 3391 2505 3444 quatuor
2540 3380 2702 3436 tomis
2754 3383 2823 3451 (ε)
2869 3383 3135 3452 intcgrttm
3181 3397 3319 3451 opus
3353 3379 3658 3435 constabit:

2091 3470 2235 3539 quod
2290 3470 2460 3536 brevi,
2512 3480 2569 3524 ut
2622 3486 2803 3542 spero,
2859 3473 3190 3539 absolvctur,
3244 3473 3460 3527 favente
3507 3472 3660 3527 hisce

2092 3558 2287 3612 studiis
2318 3559 2520 3615 nostris
2549 3558 2916 3615 illustriSsimo
2935 3562 3154 3626 comite,
3188 3560 3493 3617 cancellarii
3525 3559 3658 3624 ﬁlio,

2091 3647 2421 3719 Hieronymo
2465 3649 2927 3708 Ponehartraznio.
2980 3653 3186 3723 Nempe
3231 3654 3322 3709 hic
3358 3654 3424 3709 ad
3475 3669 3659 3709 secre-

2091 3740 2228 3794 tiora
2262 3740 2425 3811 Regis
2467 3743 2696 3797 consilia
2725 3743 3015 3806 admissus,
3049 3755 3213 3814 atque
3245 3745 3416 3817 ipsius
3447 3746 3522 3801 rei
3562 3761 3659 3800 na-

2089 3832 2227 3885 valis
2279 3832 2734 3887 administrationi
2782 3834 3091 3903 praefectus.
3140 3836 3343 3890 artium
3398 3843 3658 3907 praeterea

2093 3930 2149 3974 et
2186 3920 2597 3975 Academiarum
2652 3923 2816 3977 rebus
2847 3923 3163 3981 ordinandis
3210 3915 3494 3989 incumbit,
3538 3940 3658 3982 suc-

2093 4025 2277 4065 cessor
2302 4012 2444 4066 idem
2474 4023 2529 4067 et
2559 4014 2789 4069 aemulus
2814 4016 3014 4086 patris;
3062 4032 3223 4086 quem
3251 4017 3559 4073 litterarum
3592 4033 3659 4075 ac

2091 4100 2457 4159 litteratorum
2492 4120 2683 4162 amore
2723 4114 2780 4160 et
2815 4106 3031 4162 exculto
3065 4107 3384 4180 liberalibus
3411 4110 3659 4189 discipli-

2091 4195 2178 4248 nis
2208 4195 2426 4266 ingenio
2455 4197 2535 4253 sic
2561 4198 2751 4261 refert.
2781 4209 2843 4256 ut
2867 4200 2915 4255 ei
2949 4216 3059 4256 non
3090 4210 3198 4256 tam
3223 4202 3279 4259 in
3304 4216 3467 4259 curas
3492 4217 3654 4274 quam

2090 4286 2147 4342 iu
2177 4286 2391 4342 laudem
2421 4290 2751 4348 successisse
2791 4292 3058 4348 videatur.

475 4470 1208 4561 11.30535!
1221 4478 1873 4561 non-lidfrt‘tnhﬂhis
1896 4490 2058 4561 autem
2083 4486 2295 4561 quaeliic
2331 4490 2746 4561 promittebantur
2783 4496 3023 4560 pleraque
3062 4501 3234 4561 postea
3270 4494 3564 4561 prodierunt
3601 4501 3655 4549 et

408 4540 613 4585 exstant
629 4536 1039 4600 insuperioribus
1056 4539 1201 4587 tomis
1221 4538 1298 4587 vel
1323 4541 1546 4600 proximo
1557 4545 1884 4605 sequentibus
1899 4556 2081 4600 nostra
2094 4536 2593 4605 ibiiééiioaiifsiiu'.
2601 4536 2770 4607 Eii.
