4038 6250
398 409 464 479 2t
1478 400 1899 475 Ntcsrttont
1940 412 2322 473 Gnaeum;
2360 413 2558 475 VITA.

3559 401 3638 460 2‘2

400 526 513 582 fere
537 527 726 584 habuit
758 527 922 601 (l0):
955 542 1141 585 rerum
1192 525 1394 584 ibidem
1444 526 1961 604 pretiosissimarnm
1994 532 2037 586 Α
2064 525 2341 596 sapientes
2395 532 2451 579 et
2498 521 2665 580 doeti.
2701 527 2863 587 atque
2910 516 3018 570 illic
3047 511 3294 570 certatim
3345 509 3414 564 de
3472 509 3631 562 rebus~

402 619 839 689 procurationes:
884 622 935 677 ei
964 621 1117 677 vivus
1167 618 1475 686 commisit;
1523 618 1767 674 moriens
1811 630 1967 671 suam

403 711 809 777 ctuotlammodo
841 714 1015 769 vicem
1061 700 1333 783 sudorque
1375 713 1431 769 in
1460 725 1524 767 ca
1547 710 1727 768 domo
1771 693 1969 763 munus

402 807 580 862 eidem
615 807 1111 864 administrandqu
1153 808 1352 879 legavit
1378 807 1516 877 (ll).

465 913 669 972 Cotttra
698 914 973 987 Gregoras
998 916 1307 973 lictoebitae
1330 916 1555 981 liberos,
1579 914 1748 970 lilium
1774 926 1973 981 nempe

403 1018 460 1063 et
485 1008 675 1069 filiam.
701 1008 928 1072 erudiit,
958 1016 1016 1063 et
1043 1007 1432 1064 obscurissima
1460 994 1692 1075 quaeque
1727 1015 1969 1059 veterum

404 1110 690 1154 auctorum
743 1098 951 1167 scripta
1003 1099 1072 1153 iis
1111 1099 1354 1170 praelegit
1381 1106 1547 1166 atque
1584 1097 1974 1164 interpretatus

404 1190 649 1260 διαί).
691 1189 1042 1246 lictochitam
1095 1191 1278 1263 ipsum
1348 1191 1497 1245 omni
1548 1204 1762 1258 semper
1815 1188 1973 1244 officii

407 1296 606 1353 genere
655 1280 877 1337 coluit:
912 1281 1254 1338 imminentis
1298 1282 1620 1336 mlamitatis
1662 1290 1807 1335 metu
1856 1294 1977 1351 pcr-

408 1373 617 1428 eulsum
652 1383 711 1428 ct
725 1373 984 1429 alllictum
1037 1374 1219 1429 verbis
1246 1374 1593 1429 continuavit
1633 1374 1746 1442 (15)
1786 1390 1801 1425 :
1831 1386 1977 1427 mor-

410 1473 561 1518 tuum
591 1464 810 1521 funebri
830 1468 1077 1520 oratione
1104 1466 1321 1535 publice
1350 1465 1571 1522 deflevit
1593 1466 1730 1536 (14).
1765 1464 1976 1520 Scitum

407 1564 494 1627 est
521 1558 645 1627 cjtts
670 1557 740 1613 de
784 1558 878 1611 illo
900 1559 1129 1615 dictum.
1186 1558 1392 1628 Nempe
1420 1560 1490 1613 ab
1530 1558 1841 1614 Andronico
1891 1538 1978 1613 se-

409 1649 565 1702 ninre
593 1649 984 1719 interrogatus,
1014 1667 1125 1720 quo
1149 1662 1308 1721 pacto
1355 1651 1696 1719 iletoehites,
1731 1667 1759 1705 a
1803 1651 1979 1706 tenui-

410 1742 514 1796 bus
543 1741 715 1796 initiis
739 1741 1018 1813 profectus
1048 1743 1198 1813 (nam
1228 1760 1294 1799 ex
1345 1745 1616 1813 Brycnuio
1647 1753 1980 1814 ptmceptore

410 1849 682 1903 perpauca
702 1835 1014 1905 didicerat),
1043 1852 1292 1908 summus
1323 1846 1669 1892 astronomus
1695 1840 1978 1903 evasisset,

416 1926 568 1980 Nihil
616 1927 827 1991 mirum,
875 1928 1053 1997 inquit
1083 1930 1370 2000 Grc-geras,
1417 1947 1481 1983 ea:
1523 1946 1688 2000 parua
1741 1930 1984 2000 lampade

409 2035 667 2097 magnum
718 2018 888 2087 facem
938 2024 1173 2074 accendi.
1226 2022 1653 2077 Cantacuzentts
1707 2022 1983 2077 laudatum

396 2106 633 2194 anus)
675 2107 745 2164 ab
787 2109 1113 2179 imperatore
1163 2126 1395 2166 acumen
1441 2112 1844 2183 respondentis,
1892 2115 1985 2183 qui

410 2196 658 2270 imagine
683 2199 845 2255 obvia
871 2214 934 2256 ac
974 2200 1233 2257 familiari
1284 2213 1534 2257 naturam
1582 2203 1659 2259 rei
1688 2202 1756 2258 ob
1796 2204 1988 2258 oculos

414 2293 718 2361 posuisset.

493 2419 745 2478 Florebat
771 2422 893 2478 aula
926 2421 1221 2496 Byzantina
1244 2424 1449 2481 Studiis
1469 2427 1735 2481 bonarum
1765 2428 1988 2493 artium,

414 2515 641 2571 favente
665 2517 798 2573 viris
829 2517 1011 2575 doctis
1042 2512 1357 2574 Andronico
1401 2520 1731 2592 imperatore
1751 2562 1766 2584 ,
1816 2519 1899 2573 sic
1934 2528 1995 2575 ut

414 2609 540 2679 ejus
566 2609 763 2663 domus
793 2626 904 2665 non
938 2610 1100 2665 modo
1128 2610 1432 2665 honestatis
1472 2620 1527 2666 et
1563 2610 1744 2666 omnis
1775 2611 1994 2666 virtutis

414 2698 660 2761 olfieina.
698 2701 795 2755 sed
824 2710 881 2756 et
905 2702 1187 2756 litterariae
1219 2702 1545 2759 eruditionis
1573 2703 1908 2773 gymnasium
1939 2711 1995 2757 et

415 2790 641 2847 dicendi
691 2792 1090 2848 certaminibus
1136 2792 1408 2862 quoddam
1458 2788 1635 2849 veluti
1664 2794 1992 2850 curriculum

419 2895 677 2954 apertum
722 2901 851 2943 esse
902 2888 1180 2945 videretur
1222 2888 1355 2960 (16).
1408 2889 1593 2958 Itaque
1642 2905 1708 2945 eo
1751 2899 1995 2961 tempore

426 2978 709 3035 maximus
736 2978 839 3035 fuit
861 2982 1006 3053 apud
1034 2978 1254 3038 Graecos
1296 2991 1599 3047 oratorum,
1647 2983 1997 3054 philosopho-

424 3083 575 3133 rum,
600 3070 945 3141 aliorumque
984 3073 1324 3129 eruditorum
1362 3084 1680 3144 proventus.
1732 3073 1998 3146 Gregoras

424 3161 611 3233 magni
663 3162 977 3234 Logotheta:
1016 3163 1415 3221 consuetudine
1460 3166 1711 3233 satiatus,
1737 3167 1996 3237 expedire

425 3254 540 3309 sibi
570 3255 818 3325 credidit,
844 3258 957 3329 jam
991 3274 1166 3315 annos
1193 3259 1259 3314 9.7
1304 3270 1452 3325 nato,
1504 3277 1663 3317 nsum
1704 3263 1770 3318 ad
1799 3262 2000 3317 doctri-

420 3361 555 3400 nam
585 3345 881 3418 adiungere
905 3359 962 3404 et
992 3366 1058 3405 ex
1088 3353 1279 3405 umbra
1312 3354 1365 3405 in
1404 3352 1579 3407 lucem
1624 3352 1996 3423 prodire,(l7).

412 3438 797 3504 Quamobrem
840 3443 1149 3500 studiorum
1198 3442 1427 3499 suorum
1481 3445 1675 3501 fiducia
1726 3446 1900 3501 fretus
1933 3446 1999 3501 ad

313 3533 318 3536 '
421 3532 818 3599 imperatorem
852 3532 1028 3605 ipsum
1049 3550 1117 3591 "se
1171 3537 1423 3602 contulit,
1477 3547 1534 3591 ut
1565 3552 1647 3598 se,
1698 3539 1743 3591 si
1797 3548 2000 3607 posset,

423 3624 484 3677 in
534 3624 659 3695 eius
701 3623 1122 3683 familiaritatem
1170 3628 1500 3683 insinuaret.
1557 3629 1906 3683 Pet-amanter
1946 3638 2002 3684 et

422 3715 571 3770 ultra
600 3718 761 3786 quam
794 3730 1105 3788 speraverat
1137 3721 1370 3789 benigne
1395 3730 1659 3790 exceptus
1697 3720 1997 3774 orationem

424 3808 581 3883 apud
602 3822 726 3863 eum
755 3809 967 3874 habuit,
993 3810 1235 3879 duasque
1261 3811 1317 3864 in
1342 3813 1463 3879 ipso
1505 3812 1754 3872 virtutes,
1780 3810 2000 3880 sapien-

425 3898 564 3955 tiam
594 3908 649 3955 et
671 3902 1067 3971 eloquentiam,
1116 3902 1361 3958 laudavit
1401 3902 1537 3974 (18).
1566 3900 1834 3973 Tempore
1878 3918 2004 3973 pro-

424 3991 661 4048 cedente
706 3992 783 4048 ita
830 3992 1154 4049 benevolum
1203 3994 1454 4049 eumdem
1492 4002 1754 4063 expertus
1793 4006 1900 4058 est,
1944 4000 2002 4049 ut

426 4083 602 4155 aliqui
628 4082 1339 4157 iudignarenturjuvenem.
1368 4084 1515 4140 nulla
1537 4086 1823 4155 dignitate,
1853 4085 2000 4140 nullo

428 4175 739 4233 sacerdotio
786 4177 1249 4240 commendatum,
1302 4187 1449 4231 tanta
1500 4176 1644 4246 apud
1696 4177 2001 4247 principem

429 4268 610 4340 gratia
635 4270 840 4326 valere.
866 4269 1234 4335 Andronicus,
1265 4279 1324 4324 ut
1371 4284 1435 4325 os
1474 4270 1787 4324 obstrueret
1822 4269 2003 4324 obtre-

431 4360 757 4424 ctatoribus.
811 4359 1014 4431 primos
1068 4359 1327 4418 Ecclesia:
1374 4359 1616 4415 boneres
1657 4358 1909 4414 conferre
1950 4358 2001 4414 ei

430 4451 857 4523 juvenistatuit,
882 4462 939 4507 et
982 4449 1425 4522 cbartopbylacis
1473 4449 1812 4521 dignitatem,
1856 4448 2005 4504 velut

2068 615 2401 685 quibuslibet
2428 614 2568 668 scitu
2611 611 2787 681 dignis
2821 624 3003 663 coram
3058 603 3366 658 Andronico
3417 600 3631 653 seniore.

2070 707 2442 777 disputabant.
2474 703 2809 775 cumigitur
2852 699 3169 766 frequentes
3218 694 3292 749 ibi
3345 692 3631 761 aliquando

2072 801 2322 855 adessent
2353 797 2487 866 (9.1),
2525 794 2890 861 Andronicus,
2924 798 2983 845 ut
3011 785 3320 856 Nitcphoro
3355 783 3630 851 Grrgura‘,

2071 906 2232 959 quem
2268 889 2421 943 valde
2439 886 2697 957 diligebat
2727 882 2862 953 (2‘2),
2887 878 3098 936 dicendi
3124 874 3464 931 occasioni-nr
3496 885 3632 939 pra:-

2073 983 2262 1045 bertt,
2316 979 2647 1035 mentionem
2708 974 2893 1044 injecit
2954 970 3020 1026 de
3094 966 3445 1024 astronomia.
3498 960 3636 1014 Tum

2054 1062 2359 1145 ‘Gregoras,
2389 1071 2479 1141 qni
2518 1071 2586 1124 de
2624 1066 2887 1125 Paschate
2919 1063 2986 1117 ad
3022 1063 3400 1130 imperatorem
3434 1052 3639 1109 referre

2073 1144 2327 1235 cupiebat
2352 1160 2707 1235 jampridem,
2735 1152 3148 1230 'astronomiatn
3206 1151 3377 1217 ipsam
3409 1144 3640 1214 primum

2075 1257 2242 1326 empit
2280 1230 2541 1308 laudare:
2607 1234 2825 1311 deinde
2857 1258 3014 1299 nsunt
3065 1241 3184 1308 ejus
3232 1237 3395 1291 etiam
3431 1234 3498 1287 ad
3546 1230 3638 1285 Pa-

2076 1347 2280 1403 scbatis
2304 1326 2695 1398 correctionem
2738 1336 3009 1408 pertinere
3036 1330 3195 1387 dixit.
3231 1327 3305 1382 ita
3354 1326 3555 1381 sensim
3590 1332 3643 1376 ct

2078 1438 2200 1495 sine
2225 1453 2389 1493 sensu
2423 1433 2683 1506 producta
2715 1430 2768 1484 in
2790 1411 3134 1489 ‘mediume'a
3161 1435 3325 1491 quam
3363 1427 3481 1472 erat
3510 1429 3644 1485 prae-

2080 1526 2375 1597 meditatus
2427 1504 2750 1593 quaestione,
2802 1531 2956 1572 suam
3012 1513 3080 1567 de
3131 1511 3217 1567 die.
3247 1504 3485 1580 paschali
3519 1519 3645 1557 cun-

2079 1614 2356 1676 stituendo
2379 1610 2701 1670 sententiam
2749 1596 3051 1665 luculenter
3080 1602 3338 1673 explicuit
3371 1617 3385 1653 :
3427 1593 3645 1650 inveSIi-

2081 1710 2241 1789 gandi
2272 1690 2580 1777 mquinectii
2610 1701 2786 1767 verni,
2828 1700 2954 1754 item
2987 1694 3271 1767 plenilunii
3320 1688 3645 1746 observandi

2085 1782 2347 1859 rationem
2384 1798 2607 1855 tradidit
2637 1815 2651 1851 :
2683 1796 2749 1850 ad
2774 1794 2888 1849 dies
2912 1782 3039 1857 365,
3062 1788 3152 1866 qui
3183 1800 3382 1840 annum
3415 1782 3646 1836 sularem

2088 1897 2511 1958 constituerent,
2574 1891 2845 1958 integrum
2906 1884 3070 1939 unius
3126 1879 3232 1934 diei
3295 1877 3648 1946 quadrantem

2086 2002 2194 2043 non
2252 1985 2452 2040 debere
2505 1978 2628 2034 addi
2677 1975 2933 2039 ostendit,
2980 1973 3075 2027 sed
3122 1970 3491 2025 deducendam
3528 1966 3650 2016 inito

2089 2088 2295 2149 partem
2321 2074 2430 2131 diei
2476 2068 2876 2130 brevissimam,
2931 2078 3039 2119 non
3093 2072 3272 2139 tamen
3330 2055 3651 2112 trecentesi-

2090 2186 2231 2224 mam
2287 2168 2458 2236 ipsam
2507 2175 2751 2234 prorsus,
2812 2168 2872 2211 ut
2927 2153 3233 2211 censuisset
3287 2152 3649 2206 f‘tolemmus;

2089 2263 2193 2316 alia
2224 2260 2458 2327 denique
2516 2254 2684 2309 multa
2743 2252 2797 2305 in
2861 2263 2980 2303 eam
3046 2237 3160 2302 rem
3234 2241 3529 2313 congessit.
3588 2254 3651 2291 εις

2092 2353 2291 2423 quibus
2322 2351 2374 2404 id
2405 2348 2763 2409 elﬁciebatnr,
2813 2343 2882 2397 ab
2911 2353 3057 2395 anno
3104 2336 3287 2392 mundi
3312 2334 3447 2414 fere
3491 2328 3654 2388 6300.

2093 2446 2186 2517 qui
2215 2444 2314 2499 fuit
2339 2441 2540 2499 Christi
2572 2438 2695 2503 799.,
2726 2448 2967 2493 erratum
2996 2446 3118 2488 esse
3159 2430 3213 2484 in
3238 2425 3497 2499 ponenda
3522 2432 3657 2477 tem—

2094 2516 2285 2609 porum
2322 2535 2550 2598 ratione,
2579 2538 2742 2600 atque
2768 2529 2824 2583 in
2853 2523 3132 2583 Paschatis
3164 2520 3254 2576 die
3283 2516 3657 2577 observando;

2094 2645 2219 2699 eum
2262 2640 2391 2683 vero
2423 2636 2663 2679 errorem
2707 2621 2782 2674 ita
2820 2630 2978 2688 posse
3017 2610 3236 2682 cerrigi,
3271 2607 3317 2662 si
3351 2608 3418 2662 de
3446 2604 3657 2660 dierum

2096 2698 2305 2772 summa
2336 2714 2496 2784 paulo
2531 2710 2651 2781 plus
2696 2708 2864 2764 biduo
2916 2706 3126 2771 integro
3171 2696 3573 2758 detraheretur,
3606 2702 3658 2747 et

2094 2805 2376 2862 Paschalis
2433 2801 2741 2859 observatio
2800 2797 3044 2869 proxime
3094 2799 3220 2847 ante
3267 2790 3408 2846 diem
3482 2784 3658 2839 Martii

2097 2898 2413 2955 vicesimum
2451 2897 2848 2956 institueretur,
2880 2903 2999 2961 quae
3051 2901 3080 2940 a
3133 2884 3390 2940 vicesimo
3423 2878 3660 2935 secundo

2100 3006 2381 3063 perperam
2416 2986 2627 3042 institui
2681 2984 2904 3040 soleret.
2944 2980 3243 3051 Imperator
3273 2973 3559 3031 consilium
3593 2972 3660 3025 de

2103 3083 2364 3139 Paseltate
2401 3076 2728 3151 corrigendo
2767 3075 3046 3145 probavit;
3086 3084 3199 3125 rem
3236 3069 3407 3138 ipsam
3443 3062 3661 3136 aggredi

2024 3195 2068 3253 ο
2102 3176 2294 3239 noluit,
2324 3172 2468 3243 quod
2499 3178 2721 3243 negaret
2752 3166 2909 3223 facile
2945 3179 3066 3220 esse
3099 3160 3342 3218 omnium
3378 3158 3661 3212 nationum

2100 3241 2354 3341 Still'ragia
2409 3241 2687 3337 colligere,
2741 3269 2796 3316 et
2832 3265 3109 3329 receptum
3164 3241 3278 3310 toto
3330 3251 3463 3308 orbe
3502 3261 3660 3302 usum

2100 3337 2338 3417 abolere.
2370 3360 2621 3428 Gregora:
2651 3350 2978 3408 sententiam
3024 3347 3115 3403 alii
3147 3341 3331 3417 postea
3362 3337 3663 3428 astrpnomi

2100 3406 2338 3417 πων.-.
2375 3406 2619 3428 νην---
2791 3406 2817 3407 _
3148 3406 3162 3417 _

2100 3451 2519 3521 ctrro’nologique
2556 3446 2939 3509 defenderunt,
2985 3438 3231 3511 atquein
3267 3406 3482 3507 primis.
3517 3433 3665 3488 Isaac

2101 3547 2355 3616 Argyrus.
2381 3538 2586 3594 Saecula
2611 3537 2829 3591 demum
2851 3530 3063 3588 decimo
3078 3536 3251 3614 sexto,
3281 3540 3344 3580 ea
3363 3521 3663 3594 quaestione

2101 3606 2243 3707 apud
2297 3632 2522 3688 Latinos
2579 3641 2795 3698 quoque
2851 3625 3089 3696 agitata,
3148 3606 3531 3674 Kale’ndarium
3597 3626 3667 3666 ex

2100 3725 2428 3780 auctoritate
2484 3717 2730 3789 Gregorii
2791 3714 2933 3779 Xlll,
2993 3727 3060 3767 eo
3098 3709 3212 3766 fere
3264 3707 3446 3772 modo,
3500 3715 3663 3772 quem

2101 3802 2366 3886 Gregora’s
2390 3812 2790 3886 designaverat,
2830 3798 3180 3862 reformatunt
3225 3799 3346 3855 fuit.

2171 3882 2329 3963 Anno
2360 3903 2514 3968 1326,
2574 3882 2785 3975 legatus
2819 3899 2914 3953 ivit
2969 3896 3037 3951 ad
3092 3894 3300 3950 Cralcm
3353 3888 3487 3961 (εδ).
3536 3885 3667 3958 Ejus

2101 3997 2390 4070 legationis
2424 4009 2587 4050 causa
2620 3994 2735 4048 haec
2766 3990 2888 4045 fuit.
2921 3983 3194 4043 Theodori
3226 3979 3529 4038 Mctochitm
3558 3977 3666 4033 lilia

2105 4091 2277 4153 lrene,
2311 4077 2525 4141 mortuo
2570 4083 2795 4154 conjuge
2846 4080 3052 4137 Joanne
3086 4074 3406 4146 Palteologo,
3460 4070 3551 4141 qui
3599 4085 3667 4124 ex

2102 4178 2607 4250 Panbypersebasto
2632 4170 2813 4231 Caesar
2854 4181 3070 4229 creatus
3119 4169 3415 4225 novissime
3466 4166 3662 4228 fuerat,

2102 4273 2247 4343 apud
2278 4270 2490 4326 Cralem
2525 4282 2784 4340 generum
2838 4263 3175 4324 morabatur,
3230 4276 3297 4315 ac
3330 4259 3551 4314 domum
3585 4270 3671 4308 re-

2104 4365 2219 4419 dire
2244 4362 2312 4418 ad
2347 4369 2556 4432 patrem
2581 4356 2884 4413 recusabat.
2922 4351 3110 4422 Itaque
3158 4348 3478 4404 Metocbites
3513 4355 3670 4416 pater

2105 4466 2295 4510 auctor
2327 4451 2429 4507 fuit
2456 4446 2792 4521 imperatori,
2843 4454 2902 4500 ut
2939 4458 3057 4499 eam
3107 4440 3286 4497 redire
3313 4444 3550 4508 cogeret.
3592 4435 3668 4488 De

435 4544 660 4618 οἶμαι.
697 4545 883 4601 statim
927 4542 1172 4602 obtulit:
1214 4559 1283 4599 ac
1324 4543 1442 4615 jam
1484 4541 1689 4606 eidem,
1748 4550 1991 4612 tanquam

2109 4564 2170 4603 ca
2210 4562 2268 4601 re
2318 4543 2469 4599 missi
2526 4541 2593 4597 ad
2622 4539 2833 4596 Cralem
2881 4534 3064 4606 legati,
3099 4547 3331 4604 quorum
3393 4544 3533 4582 unus
3572 4526 3672 4580 fuit

438 4635 586 4691 baud
611 4636 776 4692 dubie
798 4642 1111 4708 accepturo,
1138 4640 1319 4689 vestes
1363 4641 1423 4690 et
1458 4631 1690 4703 insignia
1726 4631 2007 4703 dignitatis

440 4728 688 4802 parabat.
721 4719 1008 4800 Gregoras,
1042 4726 1388 4780 immaturam
1430 4732 1647 4779 aetatem
1691 4734 1749 4779 et
1788 4723 2004 4778 studio-

441 4836 566 4879 rum
587 4835 812 4903 auorum
851 4820 1117 4876 rationem
1188 4818 1465 4882 causatus,
1512 4815 1702 4886 gratiis
1738 4814 1894 4878 actis,
1948 4822 2006 4869 et

440 4915 671 4973 laudato
697 4914 1045 4984 imperatore,
1082 4911 1325 4967 oblatum
1372 4910 1634 4964 honorem
1676 4905 2003 4979 repudiavit.

442 5002 778 5078 Repudiauti
808 5002 889 5060 vis
912 5017 1053 5075 pene
1078 5000 1226 5058 illata
1243 4998 1380 5070 (l9).

518 5114 811 5200 Aliquanto
852 5123 977 5187 post
1001 5104 1114 5188 (ΞΟ)
1152 5123 1281 5182 ,orta
1327 5113 1471 5167 inter
1516 5106 1759 5164 eruditos
1807 5096 2008 5161 nobilis

440 5196 839 5270 controversia.
865 5207 1275 5266 Couveniebant
1297 5204 1490 5264 crebro
1527 5202 1582 5257 in
1610 5197 1868 5273 palatium
1904 5196 2006 5254 viri

518 5357 638 5428 (l0)
676 5355 798 5428 Lib.
828 5369 905 5419 ta.
936 5369 987 5412 c.
1017 5352 1108 5428 l3.

552 5424 637 5498 11)
676 5427 799 5498 Lib.
825 5439 965 5493 aut,
1005 5424 1147 5498 αθ.

552 5493 639 5569 li)
680 5497 801 5569 Lib.
835 5510 954 5561 VIII,
982 5511 1033 5550 α.
1050 5493 1117 5569 _5.

524 5565 641 5641 (t3)
678 5568 800 5641 μυ.
823 5580 944 5633 vui,
966 5580 1036 5641 e._
1048 5565 1104 5620 5.

557 5636 647 5702 ﬂ)
686 5638 805 5695 Lib.
838 5652 895 5702 ι,
922 5651 975 5692 c.
1003 5636 1063 5691 9».

556 5701 643 5771 15)
676 5701 903 5763 Γιιηιπ.
943 5703 1085 5762 Hist.
1113 5701 1215 5761 lib.
1237 5717 1277 5771 t,
1299 5717 1351 5759 c.
1383 5701 1472 5758 ll.

560 5773 646 5836 Nil
681 5777 806 5835 Lib.
836 5791 955 5836 vttl.
980 5792 1034 5833 t.
1062 5773 1121 5831 8.

565 5843 652 5906 17)
689 5854 847 5906 anno
864 5846 1067 5903 Christi
1103 5843 1261 5902 ωε.

2111 4641 2400 4711 Gregoras,
2433 4649 2617 4690 comes
2644 4632 2802 4688 datus
2853 4628 3003 4685 fratri
3029 4626 3227 4697 ,ipsius
3274 4623 3478 4678 lrenes.
3511 4619 3566 4675 ιη
3608 4633 3669 4673 ea

2112 4731 2398 4800 legatione,
2423 4741 2543 4797 qua:
2570 4723 2674 4779 sibi
2700 4732 2754 4778 et
2778 4720 2941 4777 sociis
2974 4718 3089 4775 suis
3132 4717 3187 4772 in
3231 4715 3427 4771 itinere
3460 4712 3673 4769 accide-

2114 4824 2242 4887 rint,
2273 4835 2509 4883 errores,
2550 4814 2809 4887 pericula,
2856 4823 2914 4869 et
2946 4812 3081 4867 alios
3108 4823 3266 4866 casus
3308 4808 3426 4864 fuse
3464 4805 3672 4862 descri-

2112 4917 2191 4972 bit
2238 4914 2293 4968 in
2350 4911 2612 4967 Historia.
2663 4907 2848 4962 Crales
2897 4905 3082 4960 audita
3135 4896 3404 4971 legatione
3456 4912 3674 4953 socrum

2111 5008 2305 5065 lrenen
2372 5003 2602 5060 dimisit.
2653 4997 2800 5081 llaec,
2854 5006 2913 5053 ut
2960 4996 3077 5052 viro
3122 4994 3264 5065 iusta
3318 4991 3671 5063 persolveret,

2114 5098 2553 5156 Thessalonicam
2615 5093 2738 5148 inde
2787 5082 3028 5162 profecta
3052 5095 3155 5145 est.
3207 5086 3472 5157 Gregoras
3523 5098 3673 5149 vero.

2113 5191 2355 5261 acceptis
2383 5188 2452 5242 ab
2482 5201 2548 5242 ea
2571 5182 2858 5249 mandatis,
2924 5181 3237 5253 Byzantium
3285 5178 3466 5235 rediit.

2184 5341 2299 5414 (l8)
2338 5340 2456 5414 Lib.
2491 5354 2609 5401 vm.
2645 5354 2697 5396 c.
2721 5341 2782 5414 :7.

2186 5410 2298 5479 (19)
2340 5410 2457 5465 Lib.
2489 5424 2608 5475 vnt,
2640 5424 2690 5472 c,
2717 5410 2771 5464 9.

2188 5477 2305 5572 i3?!
2343 5479 2754 5572 sail-fimi)?!”
2784 5477 2943 5572 1⁵ῗὲ

2209 5546 2303 5618 ει)
2343 5549 2479 5605 Hist.
2519 5549 2612 5603 lib.
2650 5564 2763 5609 νηί,
2788 5563 2837 5602 c.
2876 5546 2964 5600 15.

2338 5581 3028 5694 6&'§ir}§§i.-é"'é$’égiiini
3071 5610 3462 5694 _dilexerit,_vcl
3495 5626 3585 5694 ex.
3607 5626 3675 5665 eo

2117 5680 2533 5763 apparetrquod
2562 5680 2938 5763 'aggrotantcut
2982 5684 3305 5740 visitavcrit.
3356 5681 3541 5763 Exstat
3574 5680 3674 5734 hac

2117 5748 2272 5820 dc'rc
2294 5748 2359 5814 in-
2383 5748 2569 5814 c'odice
2596 5748 2856 5812 Vaticano
2885 5756 3039 5825 λόγος
3073 5748 3543 5824 προσφωνητικός.

2190 5827 2305 5905 (25)
2339 5830 2475 5887 Hist.
2510 5828 2605 5885 lib.
2639 5843 2754 5893 vttt,
2782 5840 2829 5880 c.
2865 5825 2948 5880 li.
