4038 6250
306 427 382 489 6'3
1357 441 1782 503 NlCEi’HORI
1817 443 2207 503 GREGORE
2253 444 2566 503 ELOGIA.
3519 443 3594 506 66

308 555 547 604 νεγκας,
593 544 734 612 μετὰ
775 545 986 615 ταύτης
1025 545 1199 618 δήπου
1244 554 1342 606 καὶ
1386 558 1501 619 τοῖς
1548 559 1675 626 περὶ
1718 559 1899 610 αὐτῶν

2015 551 2161 616 Quod
2181 565 2355 606 autem
2392 571 2492 606 non
2525 563 2716 607 temere
2750 554 2802 607 id
2835 573 2866 607 ιι
2899 573 2976 609 tne
3005 573 3046 608 ιιι
3069 568 3093 609 ι·
3121 556 3191 610 ad
3222 559 3451 625 gratiam
3483 558 3594 610 ulla

311 633 560 696 statim;
588 636 936 719 ἐγχειρῆσαι.
963 640 1034 696 Σὺ
1058 643 1104 696 δ’
1127 645 1273 712 ἡμᾶς
1302 645 1492 717 ὥσπερ
1520 647 1731 719 παρὼν,
1760 649 1900 703 οὕτω

314 724 414 774 καὶ
447 714 979 797 ἁπὼν⁶εὒφραξνεις.
1011 734 1270 805 Ἔχοντες
1308 739 1408 807 μὲν
1439 714 1547 809 rip
1578 714 1814 806 {at-mm.»
1846 745 1902 793 ἐν

315 818 526 886 χεροῖν,
568 818 759 892 ὣσπερ
801 823 969 890 sinos,
1011 828 1443 897 ἑκαρπούμεοα·
1487 835 1548 885 τὸ
1587 834 1628 886 δ’
1658 832 1796 888 εἶναι
1837 837 1904 906 τῇ

317 906 558 976 βασιλίδι
587 911 697 963 τῶν
726 913 938 967 πόλεων
975 921 1066 970 καὶ
1097 921 1345 993 ἡμετέρᾳ
1376 925 1601 992 πατρίδι
1633 927 1904 996 τοσαύτην

316 1002 658 1071 φιλοτιμίαν,
691 1007 872 1074 πάσης
903 1010 1093 1079 ἡδονῆς
1123 1014 1454 1086 ἐμπίπλησι.
1485 1018 1594 1072 Καὶ
1623 1020 1773 1090 τόπῳ
1806 1021 1906 1088 μὲν

315 1095 672 1163 διεστηκότες
708 1099 972 1171 φιλοῦμεν
1000 1104 1096 1173 οὐχ
1130 1098 1292 1175 ἦττον
1328 1109 1360 1177 ἢ
1397 1109 1666 1178 παρόντες
1692 1127 1706 1141 ·
1742 1113 1902 1165 αὐτο-

319 1185 643 1254 προσώπως
684 1191 738 1242 δὲ
783 1193 882 1244 οὐκ
923 1194 1066 1263 ἐξὸν,
1111 1198 1354 1264 διανοὲας
1399 1201 1482 1254 σοι
1525 1219 1590 1270 γε
1639 1203 1906 1273 κινήμασι

319 1276 622 1348 σύνεσμεν.
653 1282 762 1354 Τὴν
794 1288 979 1353 μέντοι
1021 1289 1183 1357 φύσιν
1214 1291 1310 1358 τὴν
1343 1294 1442 1362 σὴν
1471 1296 1583 1357 τοῖς
1621 1296 1906 1368 ὑμετέροις

317 1371 512 1439 λόγοις
553 1376 850 1447 ὲνορῶμεν,
890 1381 986 1433 καὶ
1019 1382 1118 1452 τῆς
1161 1385 1260 1455 σῆς
1300 1386 1376 1448 εἰς
1422 1393 1645 1458 μνήμην
1681 1369 1934 1460 ἥκοντες.

314 1461 634 1534 διατρισῆς,
663 1471 756 1521 καὶ
785 1469 895 1523 τῶν
918 1474 1186 1544 ὁσημέραι
1215 1475 1530 1543 φοιτώντων
1552 1479 1652 1548 τὴν
1680 1480 1907 1551 ’Δκαδψ

321 1555 465 1622 μξαν
499 1559 594 1610 καὶ
623 1559 687 1612 τὸ
722 1560 955 1616 Amineum
988 1569 1396 1637 φανταζόμεθα.
1433 1572 1543 1624 Καὶ
1585 1573 1669 1626 σοὶ
1708 1572 1805 1641 μὲν
1839 1573 1909 1625 τὰ

323 1649 595 1702 κάλλιστα
627 1655 796 1706 ταῦτα
833 1660 1204 1729 συγχαιρομεν
1227 1674 1242 1686 °
1277 1665 1660 1735 μακαρίζομεν
1687 1667 1732 1720 δ’
1757 1670 1906 1736 ἡμᾶς

322 1741 668 1812 αὐτοὺςιτῆς
712 1747 812 1815 σῆς
857 1751 998 1803 κατὰ
1034 1750 1126 1805 τὸν
1161 1753 1277 1824 βίην
1316 1758 1489 1824 φορᾶς
1528 1759 1623 1811 καὶ
1665 1760 1904 1813 συνόδου.

327 1832 434 1901 Et);
484 1834 544 1885 δὲ
592 1838 652 1887 σε
703 1838 840 1892 κάπὶ
893 1841 1149 1897 πλεῖστον
1194 1846 1483 1916 προελθεῖν
1531 1850 1627 1903 τοῦ
1678 1851 1903 1921 χρόνον,

2011 648 2161 698 modo
2196 649 2424 707 dicatur,
2447 665 2560 699 cum
2593 649 2701 699 alia
2733 648 2895 700 multa
2923 649 3126 702 abunde
3159 650 3455 714 declarant,
3481 661 3594 702 tum

2008 757 2087 797 ea.
2120 756 2236 808 qutv
2278 741 2459 793 statim
2493 743 2731 794 dicturus
2774 758 2910 794 sum.
2945 742 3048 795 Alii
3072 739 3284 811 quidem
3331 743 3469 796 alias
3507 745 3592 795 tli-

2005 832 2260 899 sciplinas
2294 842 2342 884 ct
2373 834 2480 885 alia
2512 834 2686 886 studia
2718 836 2939 903 professi
2979 846 3124 892 sunt,
3158 844 3312 901 prout
3349 836 3596 900 cuiusque

2009 924 2248 977 voluntas
2277 935 2326 978 et
2353 925 2651 978 institutum
2681 927 2804 995 fuit,
2832 937 2924 978 aut
2959 935 3035 978 tul
3074 929 3244 981 serius
3271 927 3467 995 dicam)
3501 945 3597 979 na-

2009 1027 2128 1070 tura
2168 1035 2185 1070 :
2225 1017 2276 1069 in
2316 1017 2501 1088 quibus
2540 1035 2657 1071 cum
2699 1019 3060 1072 excelluisscnt
3114 1030 3162 1072 et
3214 1019 3284 1071 ad
3331 1035 3595 1072 stmnnum

2005 1109 2375 1173 pervenissent,
2412 1121 2519 1162 tum
2570 1112 2775 1163 demum
2815 1112 3029 1164 amulos
3071 1121 3121 1164 et
3152 1111 3410 1165 similibus
3439 1112 3589 1166 labo-

2009 1201 2148 1254 ribus
2179 1203 2489 1255 exercitatos
2539 1203 2631 1255 nisi
2655 1213 2772 1255 sunt
2820 1219 3120 1270 superasse.
3160 1204 3224 1255 At
3264 1213 3319 1256 ιιι
3363 1203 3496 1256 nihil
3521 1212 3594 1257 cst

1977 1316 1979 1324 ε
2008 1293 2079 1346 ad
2116 1303 2252 1363 quod
2299 1305 2456 1349 natus
2499 1311 2598 1347 non
2637 1297 2739 1360 sis;
2771 1296 2923 1352 nihil.
2957 1313 3057 1361 quo
3093 1312 3194 1348 non
3229 1307 3278 1349 te
3307 1296 3475 1364 ipsum
3502 1312 3599 1365 ag-

2007 1388 2342 1455 gregaveris;
2387 1387 2535 1446 nihil.
2565 1388 2616 1440 in
2647 1403 2748 1455 quo
2780 1387 2922 1440 haud
2955 1388 3256 1457 felicissime
3282 1388 3594 1442 elaboraris.

2011 1479 2117 1535 Sed
2150 1479 2203 1531 in
2251 1479 2489 1532 omnibus
2533 1480 2609 1532 sic
2661 1491 2922 1539 versatus.
2952 1491 3033 1551 Διιι
3081 1498 3229 1534 nemo
3268 1481 3322 1532 iu
3351 1481 3594 1551 singulis,

2011 1569 2090 1622 tui
2115 1579 2165 1622 et
2199 1578 2506 1623 ca’terorum
2542 1571 2824 1624 discrimen
2871 1546 3080 1625 evidens
3123 1573 3312 1636 fecisti.
3365 1572 3499 1625 Nam
3541 1578 3598 1624 in

2006 1664 2194 1731 quibus
2220 1661 2587 1731 particulatim
2616 1665 2833 1732 quisque
2854 1665 3179 1736 pra’cipuam
3201 1675 3250 1718 et
3272 1667 3595 1731 singularem

2011 1771 2220 1824 operam
2267 1765 2573 1824 posuerunt,
2617 1757 2672 1809 in
2703 1756 2767 1810 iis
2809 1757 3063 1826 quosdam
3113 1774 3478 1826 supergressus
3521 1776 3597 1822 es,

2010 1863 2127 1900 cum
2158 1847 2279 1901 aliis
2312 1847 2374 1900 de
2404 1847 2585 1912 palma
2617 1850 2961 1909 contendisti;
2993 1867 3252 1922 nusquam
3296 1853 3437 1916 infra
3480 1857 3596 1923 pri-

322 1923 483 1987 am;
514 1927 610 1978 καὶ
639 1930 879 1985 πλεῖστοι
906 1933 1011 1986 τῶν
1043 1935 1175 2005 (93)
1203 1938 1426 2006 ἀγαθῶν
1457 1919 1785 2013 μετάσχοιεν
1814 1943 1906 1996 ἆν-

2015 1953 2122 1990 mos
2153 1937 2474 1992 substitisti:
2514 1939 2639 2001 imo,
2672 1951 2723 1990 ut
2755 1942 3061 1994 summatim
3102 1943 3296 2006 dicam,
3337 1962 3470 1996 unus
3504 1947 3598 1998 hos

321 2017 355 2068 θ
363 2035 514 2087 διωπῖ
523 2039 562 2072 ι.

635 2113 934 2188 Lampenus
957 2119 1333 2180 Tarchoniotes
1357 2125 1620 2198 Gregorte.

405 2203 608 2274 Nempe
636 2211 868 2278 quilibet,
914 2215 1078 2269 habili
1110 2217 1180 2270 ad
1209 2219 1597 2287 percipiendam
1635 2228 1802 2275 artem
1829 2220 1912 2275 in-

323 2298 487 2366 genio
530 2301 806 2368 praditus,
841 2306 889 2357 si
920 2307 1265 2361 simulacrum
1302 2312 1590 2378 aspexerit,
1626 2328 1728 2366 non
1758 2315 1913 2383 facile

324 2386 399 2441 ab
430 2403 492 2443 eo
523 2405 615 2444 nec
641 2393 742 2446 nisi
769 2396 980 2450 moleste
995 2400 1240 2465 discedet,
1270 2418 1333 2454 ac
1360 2403 1628 2471 spectandi
1647 2405 1913 2475 voluptate

324 2483 538 2551 expleri
583 2502 683 2539 non
741 2491 980 2554 poterit:
1018 2492 1138 2547 illos
1189 2505 1365 2548 autem
1417 2499 1504 2567 qui
1543 2499 1595 2550 in
1645 2503 1913 2556 orationes

326 2587 477 2639 tuas,
507 2580 660 2647 quasi
688 2579 742 2632 in
771 2582 1058 2636 simulacra
1085 2586 1352 2650 animata,
1395 2589 1557 2643 oculis
1599 2592 1785 2659 deﬁxis
1805 2593 1912 2646 ha:-

323 2681 470 2736 rent,
507 2670 646 2734 illos,
678 2673 920 2742 inquam,
942 2676 1147 2743 pulchri
1164 2680 1386 2734 satietas
1411 2683 1604 2750 capiet,
1627 2691 1721 2736 aut
1755 2685 1911 2738 citius

323 2764 365 2818 ii
395 2764 662 2818 discedent
697 2766 763 2819 ab
789 2765 896 2821 illis
926 2769 1094 2831 rebus,
1125 2786 1242 2840 qua:
1269 2773 1540 2826 oculorum
1572 2775 1758 2829 mentis
1784 2791 1910 2844 epu-

323 2853 397 2908 lee
426 2865 476 2909 et
506 2855 709 2911 delicia:
735 2872 854 2911 sunt
875 2860 902 2914 .’
944 2859 1010 2914 Id
1035 2865 1244 2931 quidem
1283 2881 1454 2929 nemo,
1491 2877 1545 2920 ut
1577 2870 1786 2936 opinor,
1832 2871 1914 2922 di-

324 2959 512 3004 cturus
545 2959 643 3014 est,
677 2953 765 3021 qui
805 2954 1026 3008 rationis
1063 2972 1162 3009 usu
1210 2958 1500 3014 instructus
1529 2962 1618 3015 sit.
1648 2961 1781 3032 Ego,
1811 2977 1912 3031 quo

324 3049 562 3108 tempore
593 3059 842 3113 magnam
873 3046 1052 3100 urbem
1079 3048 1409 3116 habitabam,
1453 3052 1740 3122 prwclaras
1794 3063 1914 3107 tuas

322 3133 716 3202 disputationes
765 3136 954 3190 mirari
999 3138 1143 3193 haud
1192 3139 1489 3197 desinebam
1549 3157 1569 3195 :
1605 3161 1755 3198 nemo
1800 3154 1911 3199 erat

2011 2043 2187 2082 omnes
2222 2045 2275 2082 re
2319 2031 2432 2098 ipsa
2471 2034 2752 2098 superasti,
2788 2049 2849 2086 eo
2890 2036 3030 2100 quod
3077 2037 3144 2087 ab
3192 2035 3296 2089 illis
3349 2037 3600 2107 pleraque

2012 2120 2320 2189 multiplicis
2366 2123 2622 2176 doctrinae
2671 2140 2862 2193 genera
2912 2126 3142 2194 neglecta
3180 2140 3334 2191 sunt;
3372 2140 3426 2181 tu
3477 2146 3598 2181 vero

2011 2217 2255 2270 universa
2277 2214 2438 2268 simul
2461 2227 2822 2283 perscrutatus
2852 2232 2926 2280 es,
2962 2227 3011 2271 et
3031 2233 3096 2272 ea:
3122 2221 3264 2273 omni
3287 2221 3596 2274 eruditionis

2011 2316 2164 2373 parte
2206 2309 2407 2375 fructus
2444 2307 2668 2358 eximios
2715 2308 3038 2375 produxisti,
3075 2308 3330 2380 hubesque
3360 2311 3423 2364 ob
3454 2311 3599 2366 omni

2011 2399 2232 2454 scientia
2275 2399 2474 2467 famam
2507 2409 2554 2452 et
2607 2414 2830 2463 nomen;
2861 2400 2939 2453 sic
2967 2414 3023 2453 ιιι
3057 2412 3264 2471 poetam
3305 2413 3372 2461 te.
3419 2412 3599 2456 orato-

2014 2507 2145 2552 rem.
2180 2491 2486 2558 saphistam,
2523 2489 2854 2554 historicum,
2891 2501 2939 2542 et
2965 2491 3089 2544 aliis
3123 2491 3340 2560 singulis
3368 2493 3596 2545 nomini-

2016 2582 2109 2637 bus
2139 2583 2184 2636 si
2215 2583 2334 2652 quis
2373 2580 2666 2648 compellet,
2705 2583 2749 2634 is
2771 2599 2803 2634 a
2839 2598 2957 2635 vero
2998 2582 3342 2637 aberraturus
3377 2601 3477 2636 non
3506 2586 3594 2639 sit.

2014 2675 2139 2729 lam
2185 2675 2250 2727 ab
2296 2673 2644 2742 philosophia,
2683 2675 3026 2727 scientiarum
3061 2677 3456 2744 augustissima,
3482 2676 3600 2742 quis

2017 2782 2136 2822 uere
2180 2775 2252 2819 est
2283 2766 2697 2820 denominatus?
2729 2763 2919 2820 Nonne
2955 2766 3021 2830 is,
3059 2767 3150 2834 qui
3189 2782 3290 2819 non
3331 2766 3498 2819 solum
3543 2782 3601 2819 re

2015 2859 2096 2928 (ut
2123 2859 2198 2911 ita
2230 2858 2425 2926 dicam)
2455 2858 2789 2925 philosophus
2815 2865 2912 2922 est,
2934 2855 3024 2910 sed
3048 2857 3133 2910 cui
3157 2857 3252 2909 hoc
3269 2873 3453 2909 nomen
3484 2850 3600 2925 (9i)

2014 2951 2080 3004 ab
2112 2951 2354 3002 omnibus
2407 2966 2500 3015 pro
2545 2949 2652 3002 alia
2704 2950 2891 3018 quavis
2925 2948 3280 3019 appellatione
3313 2948 3602 3002 tribuitur?

2019 3041 2174 3096 Multi
2206 3040 2546 3108 philosophia:
2579 3042 2891 3094 studuerunt
2919 3055 2938 3093 :
2966 3057 3102 3094 unus
3138 3051 3194 3093 tu
3232 3056 3423 3095 nomen
3447 3057 3512 3094 ex
3533 3057 3599 3095 ea

2014 3137 2231 3190 sortitus
2271 3149 2326 3188 es
2356 3135 2628 3186 euntium.
2668 3130 2874 3185 Etenim
2905 3147 3082 3186 rerum
3110 3134 3456 3204 cognitionem
3490 3149 3602 3186 cer-

320 3226 588 3291 eruditus,
620 3229 712 3297 qui
743 3245 849 3283 non
877 3231 1110 3287 conscius
1142 3233 1269 3288 mihi
1300 3245 1430 3288 esset
1456 3237 1804 3305 applaudenti
1828 3238 1906 3290 in-

2017 3235 2127 3279 tam
2168 3223 2259 3275 tibi
2301 3224 2571 3291 prouidere
2606 3233 2654 3275 et
2683 3224 2874 3276 harum
2909 3238 3106 3277 causas
3142 3205 3373 3294 perfecte
3414 3223 3600 3289 explo-

323 3318 470 3388 genii
506 3319 589 3373 tui
650 3322 858 3391 fetibus,
902 3333 952 3377 et
990 3325 1288 3392 honorificis
1335 3329 1610 3393 prteconiis
1655 3345 1741 3382 eos
1777 3345 1917 3383 com-

325 3414 629 3467 mendanti.
661 3413 722 3466 At
754 3430 892 3467 nunc
934 3431 1019 3470 eos
1054 3417 1233 3485 libros,
1268 3434 1396 3484 quos
1425 3420 1518 3472 hoc
1551 3436 1693 3472 anno
1735 3422 1790 3473 in
1839 3421 1918 3474 lu-

326 3520 444 3558 cem
493 3505 738 3570 emisisti,
777 3507 946 3578 magis
993 3509 1261 3574 admiror;
1311 3527 1617 3581 quanquam
1679 3513 1917 3583 egregias

327 3599 605 3652 orationes
646 3615 802 3668 quam
839 3600 1098 3668 plurimas
1119 3601 1236 3671 jam
1261 3613 1386 3656 ante
1419 3605 1678 3669 edideras,
1711 3623 1914 3660 morum

326 3691 624 3760 grauitate,-
643 3692 1022 3744 sententiarum
1049 3691 1322 3761 dignitate,
1346 3694 1617 3747 verborum
1639 3696 1916 3765 majestate

325 3781 496 3835 nihilo
542 3783 818 3850 inferiores
863 3781 1101 3836 Plutonis
1142 3784 1488 3838 orationibus.
1533 3784 1736 3855 Quippe
1762 3796 1810 3840 et
1850 3787 1914 3855 ﬁ-

324 3876 475 3943 guris
507 3883 556 3928 et
590 3875 960 3949 compositione
991 3883 1041 3928 et
1095 3876 1365 3930 uerborum
1409 3886 1535 3945 apta
1575 3879 1916 3932 collocatione

325 3978 374 4017 et
407 3966 692 4033 conjuncta
730 3981 850 4020 cum
883 3968 1146 4022 suavitate
1189 3969 1342 4038 copia
1382 3979 1430 4022 et
1473 3953 1826 4038 persuadendi
1865 3973 1916 4025 oi

329 4059 594 4111 rhetorica
651 4059 775 4110 illas
822 4059 1177 4130 tequiparant,
1225 4076 1341 4130 qua:
1383 4060 1448 4113 ab
1485 4065 1733 4117 oratoriae
1781 4065 1916 4117 artis

329 4154 570 4221 principe
589 4151 905 4205 elucubratis
939 4153 1174 4222 fuerunt.
1201 4151 1284 4206 Ad
1306 4153 1624 4222 ejuscemodi
1654 4155 1918 4210 orationes

329 4260 451 4300 cum
488 4253 539 4297 et
572 4246 901 4314 magnanimi
942 4244 1215 4307 Demetrii,
1248 4255 1296 4298 et
1331 4245 1446 4316 ejus
1471 4263 1587 4317 quc
1629 4248 1792 4301 Deum
1822 4265 1918 4302 ar-

331 4340 484 4393 canis
515 4338 811 4391 rationibus
843 4338 1063 4407 peperit,
1095 4336 1279 4390 laudes
1319 4337 1654 4407 adjunxeris.
1689 4356 1918 4410 quonam

335 4433 543 4504 (putas)
583 4447 710 4500 erga
747 4439 796 4484 te
833 4448 989 4484 sensu
1041 4431 1259 4500 ulfecisti
1300 4431 1560 4499 politioris
1602 4432 1918 4487 litteratura:

332 4527 595 4579 studiosos
615 4526 643 4577 τ
678 4523 931 4592 Equidem
971 4533 1219 4594 quotquot
1260 4525 1342 4577 hic
1372 4524 1585 4594 degunt,
1611 4539 1696 4577 eos
1717 4526 1917 4593 primus

2018 3337 2139 3374 rare
2166 3338 2286 3376 cum
2318 3321 2493 3387 velles,
2526 3320 2905 3392 physiologiam
2938 3321 3147 3390 quidem
3193 3321 3514 3385 unicersam,
3548 3329 3601 3374 et

2019 3412 2360 3483 theologiam,
2406 3425 2454 3467 et
2508 3397 2704 3484 logicas
2760 3416 3245 3484 argumentationes
3292 3414 3597 3493 diligentius

2016 3507 2400 3575 pervestigasti,
2429 3523 2590 3574 quam
2615 3523 2677 3560 ea
2703 3523 2818 3573 quae
2845 3506 3096 3559 dicuntur
3117 3507 3412 3559 rudimenta
3439 3503 3599 3570 primi

2017 3614 2298 3665 puerorum
2340 3600 2599 3652 doctores.
2657 3597 2786 3650 Tum
2838 3598 3174 3651 scientiarum
3215 3597 3597 3666 primoriarum

2017 3707 2108 3743 seu
2144 3691 2524 3744 mathematum
2579 3690 2751 3743 studio
2799 3691 2851 3743 id
2915 3701 3182 3745 assecutus
3227 3707 3303 3750 es,
3350 3702 3404 3741 ut
3471 3689 3597 3743 solis

2021 3792 2218 3836 motum
2247 3792 2294 3836 et
2335 3799 2572 3844 cursum,
2630 3784 2952 3853 reliquorum
3010 3784 3242 3837 siderum
3295 3793 3595 3852 potestates,

2020 3879 2180 3931 totius
2224 3875 2407 3931 mundi
2457 3887 2507 3931 et
2551 3879 2785 3947 partium
2818 3877 2932 3946 ejus
2975 3879 3109 3932 inter
3155 3894 3210 3930 se
3246 3893 3597 3931 conuexorum

2019 3982 2360 4037 concentum,
2433 3973 2864 4042 dispositionem,
2925 3971 3349 4040 proportionem,
3429 3972 3599 4038 magis

2019 4081 2177 4136 quam
2203 4063 2343 4116 alius
2382 4065 2657 4133 quisquam
2695 4062 3028 4132 iutelligeres.
3074 4059 3206 4125 Quae
3260 4070 3314 4112 tu
3363 4061 3599 4114 docendo

2019 4175 2138 4212 cum
2188 4173 2397 4210 enarres
2451 4165 2499 4208 et
2551 4156 2799 4221 plurimis
2855 4153 3126 4222 discipulis
3165 4153 3368 4219 tradas,
3416 4157 3598 4221 singu-

2021 4252 2084 4305 lis
2109 4267 2203 4318 pro
2231 4265 2324 4302 suo
2368 4259 2527 4315 captu
2575 4248 2974 4317 accipientibus,
3019 4263 3121 4298 non
3174 4248 3310 4299 sines
3366 4246 3599 4314 philoso«

2018 4344 2219 4415 phiam,
2254 4341 2405 4405 cuius
2453 4342 2528 4394 rei
2571 4341 2823 4407 possessio
2856 4339 3052 4391 homini
3100 4337 3452 4406 pulcherrima
3497 4347 3595 4402 est,

2019 4437 2222 4506 penitus
2250 4448 2315 4486 ea:
2340 4433 2634 4486 hominibus
2668 4430 2931 4485 sublatam
2967 4429 3242 4483 obscurari
3273 4443 3291 4481 :
3327 4428 3416 4481 sed
3446 4428 3598 4482 libris

2020 4527 2215 4594 majori
2258 4524 2631 4594 perspicuitate
2660 4523 2967 4589 compositis
3003 4518 3349 4590 quorumdam
3385 4523 3600 4573 ol-scure

332 4635 398 4672 ac
442 4617 584 4671 solus
623 4620 825 4670 mecum
862 4614 917 4668 in
954 4615 1361 4668 admirationem
1410 4617 1584 4684 rapui.
1609 4612 1760 4679 Quod
1799 4616 1844 4666 si
1875 4622 1922 4667 et
1953 4604 1998 4663 D
2025 4619 2164 4672 dicta
2189 4614 2519 4685 reformabis,
2562 4613 3186 4683 interpretationibusque
3225 4622 3274 4666 et
3328 4615 3600 4681 pra'ceptis

334 4713 474 4765 illud
500 4710 608 4762 dici
638 4693 807 4771 debet,
851 4707 1018 4778 magis
1057 4707 1290 4777 profecto
1315 4723 1474 4777 quam
1519 4717 1678 4760 antea
1723 4708 1922 4776 ingenii

335 4801 416 4855 tui
444 4799 757 4869 magnitudo
782 4812 922 4851 nunc
961 4796 1171 4850 demum
1199 4796 1387 4850 eluxit.
1424 4793 1693 4849 Nimirum
1724 4796 1920 4849 doctri-

339 4909 465 4946 nam
491 4894 548 4944 iu
575 4891 684 4945 tuis
719 4887 963 4957 operibus
994 4886 1340 4950 reconditam,
1375 4887 1571 4956 partim
1601 4903 1633 4939 a
1662 4885 1923 4957 plerisque

337 4986 663 5056 ignoratum,
698 4979 893 5050 partim
915 4995 1118 5040 eorum,
1149 4979 1238 5047 qui
1265 4987 1524 5043 utcunque
1552 4977 1919 5047 intelligerent,

341 5080 725 5151 prameditatte
761 5076 971 5129 inuidit:
1017 5073 1321 5136 obnoxiam,
1368 5079 1628 5142 quantum
1676 5073 1730 5124 in
1773 5072 1918 5124 nobis

342 5178 442 5241 {uit
472 5176 545 5226 ita
578 5187 632 5224 ea
644 5169 948 5240 plicuimus,
984 5178 1040 5220 ut
1069 5175 1117 5220 et
1158 5164 1320 5219 invidi
1344 5163 1603 5234 praecluso
1624 5179 1714 5217 ore
1739 5164 1922 5217 obmu-

271 5269 276 5274 '
342 5279 390 5320 te
422 5275 625 5329 cerens,
661 5273 710 5315 et
751 5272 940 5315 nostra
983 5258 1350 5331 approbotioni
1385 5256 1615 5310 aliorum
1663 5267 1919 5323 prwterca

339 5355 692 5424 complurium
722 5355 983 5424 su/fragia
1033 5353 1360 5406 accederent.
1415 5349 1648 5418 Jamque
1692 5353 1822 5403 adeo
1873 5360 1921 5402 te

343 5469 444 5504 non
488 5451 646 5518 hujus
697 5458 909 5501 tantum
955 5456 1169 5511 nostrae,
1220 5454 1313 5499 aut
1360 5444 1473 5513 ejus
1524 5459 1640 5512 (μίαν
1686 5445 1925 5510 proxime

341 5547 604 5611 prttcesstl
627 5541 823 5604 a'tutis,
852 5539 943 5592 sed
960 5548 1008 5591 et
1030 5536 1359 5606 superiorum
1385 5543 1669 5600 temporum
1700 5534 1922 5586 eruditis

337 5634 604 5694 omnibus,
653 5647 876 5700 quorum
923 5629 1045 5682 libri
1089 5635 1428 5682 monumenta
1462 5632 1582 5678 sunt
1615 5639 1924 5692 magnorum

348 5727 694 5796 ingeniorum,
742 5725 1001 5793 suajorem
1045 5732 1204 5790 atque
1251 5717 1663 5775 excellentiorem
1725 5725 1922 5772 statuo.

415 5844 522 5911 (93}
584 5841 733 5896 Fort.
776 5840 905 5911 σῶνΖ

2024 4710 2288 4764 auditores
2329 4712 2405 4762 ita
2449 4707 2674 4772 erudies,
2723 4717 2778 4759 ut
2823 4723 2940 4760 eam
2987 4706 3262 4759 scientiam
3304 4706 3599 4774 posteritati

2021 4804 2293 4871 ﬂorentem
2353 4799 2760 4853 transmissurus
2819 4799 2911 4851 sis.
2964 4801 3038 4851 Ac
3095 4797 3335 4850 nonnulli
3390 4797 3598 4866 quidem

2023 4903 2278 4958 oratores,
2312 4908 2430 4944 cum
2463 4893 2669 4961 ingenio
2708 4891 2880 4942 minus
2916 4889 3173 4954 valerent,
3205 4888 3424 4942 dicendo
3452 4889 3603 4958 longe

2023 4989 2400 5057 prwstiterunt.
2434 4985 2541 5038 Atii
2569 4995 2753 5038 contra
2781 4983 3110 5053 intelligendi
3134 4983 3385 5054 facultate
3397 4982 3600 5050 pilleu-

2025 5090 2101 5133 tes
2135 5080 2258 5133 rudi
2282 5088 2332 5132 et
2371 5079 2716 5144 incomposito
2747 5092 2984 5129 sermone
3038 5076 3120 5128 usi
3154 5086 3294 5128 sunt.
3329 5075 3602 5139 Quosdam

2021 5173 2222 5234 videas,
2267 5174 2428 5225 etiam
2471 5167 2610 5238 quod
2639 5169 2710 5221 ad
2741 5168 3146 5236 grammaticam
3180 5176 3349 5220 artem
3391 5169 3600 5224 attinet.
3634 5183 3636 5185 '

2021 5265 2151 5318 nihil
2181 5263 2248 5317 ab
2271 5263 2374 5317 illis
2410 5262 2643 5329 differre,
2676 5261 2767 5329 qui
2799 5259 3014 5312 minime
3045 5259 3184 5326 loqui
3213 5261 3408 5320 sciunt,
3456 5268 3506 5310 ut
3537 5259 3601 5311 iis

2020 5357 2186 5425 magis
2229 5355 2474 5423 expediat
2521 5353 2696 5420 silere,
2746 5353 2907 5422 quam
2951 5355 3089 5417 turpi
3139 5351 3455 5420 ignorantia'
3498 5354 3602 5402 cri-

2019 5449 2158 5500 mine
2183 5449 2355 5516 a-gui.
2393 5444 2472 5499 Tu
2513 5447 2750 5497 doctrina
2788 5455 2836 5497 et
2867 5444 3074 5512 ingenio
3111 5459 3196 5496 ecs
3229 5442 3318 5505 qui
3347 5443 3424 5494 his
3454 5445 3602 5493 rebus

2020 5538 2414 5593 instructissimi
2458 5538 2696 5608 fuerunt,
2731 5535 2981 5604 facundia
3017 5545 3066 5587 et
3099 5533 3369 5586 uerborum
3398 5531 3600 5582 delectu

2022 5646 2106 5682 eas
2141 5630 2232 5696 qui
2257 5631 2310 5682 in
2331 5628 2426 5682 hac
2457 5639 2607 5697 parte
2631 5628 2991 5682 excelluerunt
3013 5625 3292 5680 amr-latus
3313 5640 3384 5676 es.
3417 5622 3602 5688 Itaque

2027 5730 2172 5771 tuam
2209 5720 2558 5790 eloquentiam
2586 5733 2649 5774 ex
2685 5719 2810 5784 ipsis
2853 5717 3005 5785 quasi
3056 5714 3220 5768 hortis
3265 5714 3446 5764 Atticis
3476 5723 3597 5779 p'o-

559 5873 855 5983 (32:33:71:
883 5879 1228 5979 i’hilosophus
1256 5923 1354 5977 per
1390 5905 1826 5961 antonomasiam
1861 5903 2062 5960 dictus.
