  <div class='ocr_page' id='page_1' title='image "/cluster/home/n/w/nwhite01/storage/ocr_20150623/148/mdp.39015078384768/056.png"; bbox 0 0 4038 6250; ppageno 0'>
   <div class='ocr_carea' id='block_1_1' title="bbox 276 295 3541 359">
    <p class='ocr_par' dir='ltr' id='par_1_1' title="bbox 276 295 3541 359">
     <span class='ocr_line' id='line_1_1' title="bbox 276 295 3541 359; baseline 0 -5"><span class='ocrx_word' id='word_1_1' title='bbox 276 297 338 354; x_wconf 78' lang='lat'><strong>97</strong></span> <span class='ocrx_word' id='word_1_2' title='bbox 1359 297 1438 356; x_wconf 83' lang='lat' dir='ltr'><strong>Ill</strong></span> <span class='ocrx_word' id='word_1_3' title='bbox 1458 297 1678 359; x_wconf 61' lang='grc' dir='ltr'><strong>ΕΝ)λὶ</strong></span> <span class='ocrx_word' id='word_1_4' title='bbox 1725 297 2011 356; x_wconf 78' lang='lat' dir='ltr'><strong>\VOI.Fll</strong></span> <span class='ocrx_word' id='word_1_5' title='bbox 2057 295 2478 358; x_wconf 63' lang='lat' dir='ltr'><strong>PREFATIO.</strong></span> <span class='ocrx_word' id='word_1_6' title='bbox 3469 295 3541 354; x_wconf 80' lang='lat'><strong>98</strong></span> 
     </span>
    </p>
   </div>
   <div class='ocr_carea' id='block_1_2' title="bbox 276 401 3539 481">
    <p class='ocr_par' dir='ltr' id='par_1_2' title="bbox 276 401 3539 481">
     <span class='ocr_line' id='line_1_2' title="bbox 276 401 3539 481; baseline 0.003 -29"><span class='ocrx_word' id='word_1_7' title='bbox 276 416 495 454; x_wconf 62' lang='lat' dir='ltr'><strong>exorsus</strong></span> <span class='ocrx_word' id='word_1_8' title='bbox 526 401 804 457; x_wconf 78' lang='lat' dir='ltr'><strong>historiam</strong></span> <span class='ocrx_word' id='word_1_9' title='bbox 834 419 1105 461; x_wconf 69' lang='lat' dir='ltr'><strong>annorum</strong></span> <span class='ocrx_word' id='word_1_10' title='bbox 1130 407 1361 480; x_wconf 64' lang='lat'><strong>“5(88)</strong></span> <span class='ocrx_word' id='word_1_11' title='bbox 1390 412 1457 464; x_wconf 80' lang='lat' dir='ltr'><strong>ad</strong></span> <span class='ocrx_word' id='word_1_12' title='bbox 1492 429 1642 465; x_wconf 87' lang='lat' dir='ltr'><strong>suam</strong></span> <span class='ocrx_word' id='word_1_13' title='bbox 1672 429 1844 481; x_wconf 72' lang='lat' dir='ltr'><strong>usque</strong></span> <span class='ocrx_word' id='word_1_14' title='bbox 1877 418 1917 469; x_wconf 84' lang='grc' dir='ltr'>Α</span> <span class='ocrx_word' id='word_1_15' title='bbox 1950 425 2050 464; x_wconf 71' lang='lat' dir='ltr'><strong>nec</strong></span> <span class='ocrx_word' id='word_1_16' title='bbox 2104 411 2264 465; x_wconf 78' lang='lat' dir='ltr'><strong>citius</strong></span> <span class='ocrx_word' id='word_1_17' title='bbox 2322 422 2639 480; x_wconf 72' lang='lat' dir='ltr'><strong>oppressam</strong></span> <span class='ocrx_word' id='word_1_18' title='bbox 2675 422 2820 475; x_wconf 87' lang='lat' dir='ltr'><strong>esse,</strong></span> <span class='ocrx_word' id='word_1_19' title='bbox 2875 408 3109 462; x_wconf 80' lang='lat' dir='ltr'><strong>mirarer</strong></span> <span class='ocrx_word' id='word_1_20' title='bbox 3147 406 3328 478; x_wconf 69' lang='lat' dir='ltr'><strong>potius</strong></span> <span class='ocrx_word' id='word_1_21' title='bbox 3372 425 3539 478; x_wconf 83' lang='lat' dir='ltr'><strong>quam</strong></span> 
     </span>
    </p>
   </div>
   <div class='ocr_carea' id='block_1_3' title="bbox 273 496 1839 574">
    <p class='ocr_par' dir='ltr' id='par_1_3' title="bbox 273 496 1839 574">
     <span class='ocr_line' id='line_1_3' title="bbox 273 496 1839 574; baseline 0.005 -26"><span class='ocrx_word' id='word_1_22' title='bbox 273 506 504 556; x_wconf 80' lang='lat' dir='ltr'><strong>:etatem,</strong></span> <span class='ocrx_word' id='word_1_23' title='bbox 537 506 591 551; x_wconf 87' lang='lat' dir='ltr'><strong>et</strong></span> <span class='ocrx_word' id='word_1_24' title='bbox 642 496 938 553; x_wconf 73' lang='lat' dir='ltr'><strong>Andronici</strong></span> <span class='ocrx_word' id='word_1_25' title='bbox 995 497 1282 574; x_wconf 62' lang='lat' dir='ltr'><strong>Palaologi</strong></span> <span class='ocrx_word' id='word_1_26' title='bbox 1319 506 1558 571; x_wconf 90' lang='lat' dir='ltr'><strong>junioris</strong></span> <span class='ocrx_word' id='word_1_27' title='bbox 1608 509 1839 570; x_wconf 69' lang='lat' dir='ltr'><strong>ctutum,</strong></span> 
     </span>
    </p>
   </div>
   <div class='ocr_carea' id='block_1_4' title="bbox 275 587 1843 666">
    <p class='ocr_par' dir='ltr' id='par_1_4' title="bbox 275 587 1843 666">
     <span class='ocr_line' id='line_1_4' title="bbox 275 587 1843 666; baseline 0.006 -26"><span class='ocrx_word' id='word_1_28' title='bbox 275 588 499 652; x_wconf 70' lang='lat' dir='ltr'><strong>eleganti</strong></span> <span class='ocrx_word' id='word_1_29' title='bbox 534 587 667 658; x_wconf 74' lang='lat' dir='ltr'><strong>stylo</strong></span> <span class='ocrx_word' id='word_1_30' title='bbox 705 590 1036 663; x_wconf 71' lang='lat' dir='ltr'><strong>descriptam</strong></span> <span class='ocrx_word' id='word_1_31' title='bbox 1076 594 1230 648; x_wconf 87' lang='lat' dir='ltr'><strong>nobis</strong></span> <span class='ocrx_word' id='word_1_32' title='bbox 1258 595 1412 650; x_wconf 86' lang='lat' dir='ltr'><strong>dedit</strong></span> <span class='ocrx_word' id='word_1_33' title='bbox 1449 613 1463 649; x_wconf 85' lang='lat'><strong>:</strong></span> <span class='ocrx_word' id='word_1_34' title='bbox 1501 597 1680 665; x_wconf 88' lang='lat' dir='ltr'><strong>itaque</strong></span> <span class='ocrx_word' id='word_1_35' title='bbox 1714 614 1843 666; x_wconf 85' lang='lat' dir='ltr'><strong>sup-</strong></span> 
     </span>
    </p>
   </div>
   <div class='ocr_carea' id='block_1_5' title="bbox 277 680 1843 753">
    <p class='ocr_par' dir='ltr' id='par_1_5' title="bbox 277 680 1843 753">
     <span class='ocr_line' id='line_1_5' title="bbox 277 680 1843 753; baseline 0.007 -18"><span class='ocrx_word' id='word_1_36' title='bbox 277 680 432 753; x_wconf 80' lang='lat' dir='ltr'><strong>plevit</strong></span> <span class='ocrx_word' id='word_1_37' title='bbox 456 694 520 734; x_wconf 84' lang='lat' dir='ltr'><strong>ea</strong></span> <span class='ocrx_word' id='word_1_38' title='bbox 547 697 665 750; x_wconf 73' lang='lat' dir='ltr'><strong>qua:</strong></span> <span class='ocrx_word' id='word_1_39' title='bbox 700 681 1000 753; x_wconf 88' lang='lat' dir='ltr'><strong>reliquerat</strong></span> <span class='ocrx_word' id='word_1_40' title='bbox 1031 683 1354 753; x_wconf 84' lang='lat' dir='ltr'><strong>Choniates,</strong></span> <span class='ocrx_word' id='word_1_41' title='bbox 1403 698 1461 744; x_wconf 92' lang='lat' dir='ltr'><strong>ut</strong></span> <span class='ocrx_word' id='word_1_42' title='bbox 1497 689 1587 744; x_wconf 85' lang='lat' dir='ltr'><strong>hic</strong></span> <span class='ocrx_word' id='word_1_43' title='bbox 1617 688 1843 746; x_wconf 62' lang='lat' dir='ltr'><strong>Zonaras</strong></span> 
     </span>
    </p>
   </div>
   <div class='ocr_carea' id='block_1_6' title="bbox 272 774 1175 832">
    <p class='ocr_par' dir='ltr' id='par_1_6' title="bbox 272 774 1175 832">
     <span class='ocr_line' id='line_1_6' title="bbox 272 774 1175 832; baseline 0.007 -6"><span class='ocrx_word' id='word_1_44' title='bbox 272 788 417 827; x_wconf 80' lang='lat' dir='ltr'><strong>suam</strong></span> <span class='ocrx_word' id='word_1_45' title='bbox 447 774 820 828; x_wconf 71' lang='lat' dir='ltr'><strong>narrationem</strong></span> <span class='ocrx_word' id='word_1_46' title='bbox 848 785 1175 832; x_wconf 83' lang='lat' dir='ltr'><strong>attexuerat.</strong></span> 
     </span>
    </p>
   </div>
   <div class='ocr_carea' id='block_1_7' title="bbox 335 866 1836 942">
    <p class='ocr_par' dir='ltr' id='par_1_7' title="bbox 335 866 1836 942">
     <span class='ocr_line' id='line_1_7' title="bbox 335 866 1836 942; baseline 0.007 -23"><span class='ocrx_word' id='word_1_47' title='bbox 335 867 598 920; x_wconf 70' lang='lat' dir='ltr'><strong>Caeterum</strong></span> <span class='ocrx_word' id='word_1_48' title='bbox 626 876 682 921; x_wconf 90' lang='lat' dir='ltr'><strong>et</strong></span> <span class='ocrx_word' id='word_1_49' title='bbox 739 866 828 921; x_wconf 87' lang='lat' dir='ltr'><strong>hic</strong></span> <span class='ocrx_word' id='word_1_50' title='bbox 882 868 1024 924; x_wconf 88' lang='lat' dir='ltr'><strong>idem</strong></span> <span class='ocrx_word' id='word_1_51' title='bbox 1076 871 1224 942; x_wconf 91' lang='lat' dir='ltr'><strong>quod</strong></span> <span class='ocrx_word' id='word_1_52' title='bbox 1280 871 1336 926; x_wconf 92' lang='lat' dir='ltr'><strong>in</strong></span> <span class='ocrx_word' id='word_1_53' title='bbox 1387 872 1657 929; x_wconf 85' lang='lat' dir='ltr'><strong>Choniate</strong></span> <span class='ocrx_word' id='word_1_54' title='bbox 1701 873 1836 929; x_wconf 88' lang='lat' dir='ltr'><strong>mihi</strong></span> 
     </span>
    </p>
   </div>
   <div class='ocr_carea' id='block_1_8' title="bbox 272 958 1844 1038">
    <p class='ocr_par' dir='ltr' id='par_1_8' title="bbox 272 958 1844 1038">
     <span class='ocr_line' id='line_1_8' title="bbox 272 958 1844 1038; baseline 0.004 -25"><span class='ocrx_word' id='word_1_55' title='bbox 272 978 386 1013; x_wconf 86' lang='lat' dir='ltr'><strong>cum</strong></span> <span class='ocrx_word' id='word_1_56' title='bbox 419 958 727 1024; x_wconf 87' lang='lat' dir='ltr'><strong>accidisset,</strong></span> <span class='ocrx_word' id='word_1_57' title='bbox 764 974 869 1015; x_wconf 88' lang='lat' dir='ltr'><strong>nec</strong></span> <span class='ocrx_word' id='word_1_58' title='bbox 900 959 1080 1016; x_wconf 84' lang='lat' dir='ltr'><strong>vicina</strong></span> <span class='ocrx_word' id='word_1_59' title='bbox 1116 965 1462 1036; x_wconf 72' lang='lat' dir='ltr'><strong>temporibus</strong></span> <span class='ocrx_word' id='word_1_60' title='bbox 1495 967 1709 1021; x_wconf 70' lang='lat' dir='ltr'><strong>nostris</strong></span> <span class='ocrx_word' id='word_1_61' title='bbox 1740 967 1844 1038; x_wconf 79' lang='lat' dir='ltr'><strong>By-</strong></span> 
     </span>
    </p>
   </div>
   <div class='ocr_carea' id='block_1_9' title="bbox 273 1051 1845 1130">
    <p class='ocr_par' dir='ltr' id='par_1_9' title="bbox 273 1051 1845 1130">
     <span class='ocr_line' id='line_1_9' title="bbox 273 1051 1845 1130; baseline 0.004 -23"><span class='ocrx_word' id='word_1_62' title='bbox 273 1051 567 1107; x_wconf 74' lang='lat' dir='ltr'><strong>zantiorum</strong></span> <span class='ocrx_word' id='word_1_63' title='bbox 617 1060 736 1106; x_wconf 85' lang='lat' dir='ltr'><strong>acta</strong></span> <span class='ocrx_word' id='word_1_64' title='bbox 779 1061 976 1108; x_wconf 86' lang='lat' dir='ltr'><strong>auctor</strong></span> <span class='ocrx_word' id='word_1_65' title='bbox 1022 1054 1114 1108; x_wconf 93' lang='lat' dir='ltr'><strong>ille</strong></span> <span class='ocrx_word' id='word_1_66' title='bbox 1166 1056 1485 1127; x_wconf 82' lang='lat' dir='ltr'><strong>attigisset:</strong></span> <span class='ocrx_word' id='word_1_67' title='bbox 1521 1059 1845 1130; x_wconf 87' lang='lat' dir='ltr'><strong>nullumque</strong></span> 
     </span>
    </p>
   </div>
   <div class='ocr_carea' id='block_1_10' title="bbox 270 1143 1844 1219">
    <p class='ocr_par' dir='ltr' id='par_1_10' title="bbox 270 1143 1844 1219">
     <span class='ocr_line' id='line_1_10' title="bbox 270 1143 1844 1219; baseline 0.005 -20"><span class='ocrx_word' id='word_1_68' title='bbox 270 1146 504 1199; x_wconf 63' lang='lat' dir='ltr'><strong>Graecum</strong></span> <span class='ocrx_word' id='word_1_69' title='bbox 538 1143 865 1214; x_wconf 76' lang='lat' dir='ltr'><strong>scriptorem</strong></span> <span class='ocrx_word' id='word_1_70' title='bbox 913 1156 1159 1212; x_wconf 72' lang='lat' dir='ltr'><strong>exstare,</strong></span> <span class='ocrx_word' id='word_1_71' title='bbox 1187 1157 1303 1219; x_wconf 15' lang='lat' dir='ltr'><strong>“aut</strong></span> <span class='ocrx_word' id='word_1_72' title='bbox 1356 1159 1507 1204; x_wconf 89' lang='lat' dir='ltr'><strong>certe</strong></span> <span class='ocrx_word' id='word_1_73' title='bbox 1556 1151 1690 1206; x_wconf 92' lang='lat' dir='ltr'><strong>mihi</strong></span> <span class='ocrx_word' id='word_1_74' title='bbox 1720 1169 1844 1207; x_wconf 86' lang='lat' dir='ltr'><strong>esse</strong></span> 
     </span>
    </p>
   </div>
   <div class='ocr_carea' id='block_1_11' title="bbox 269 1238 1848 1311">
    <p class='ocr_par' dir='ltr' id='par_1_11' title="bbox 269 1238 1848 1311">
     <span class='ocr_line' id='line_1_11' title="bbox 269 1238 1848 1311; baseline 0.004 -19"><span class='ocrx_word' id='word_1_75' title='bbox 269 1238 534 1308; x_wconf 75' lang='lat' dir='ltr'><strong>cognitum</strong></span> <span class='ocrx_word' id='word_1_76' title='bbox 569 1238 840 1303; x_wconf 81' lang='lat' dir='ltr'><strong>dolerem,</strong></span> <span class='ocrx_word' id='word_1_77' title='bbox 873 1238 968 1310; x_wconf 86' lang='lat' dir='ltr'><strong>qui</strong></span> <span class='ocrx_word' id='word_1_78' title='bbox 999 1247 1202 1293; x_wconf 57' lang='lat' dir='ltr'><strong>extera</strong></span> <span class='ocrx_word' id='word_1_79' title='bbox 1235 1256 1408 1311; x_wconf 82' lang='lat' dir='ltr'><strong>usque</strong></span> <span class='ocrx_word' id='word_1_80' title='bbox 1459 1244 1552 1306; x_wconf 61' lang='lat' dir='ltr'><strong>ad,</strong></span> <span class='ocrx_word' id='word_1_81' title='bbox 1575 1243 1848 1299; x_wconf 80' lang='lat' dir='ltr'><strong>Constan—</strong></span> 
     </span>
    </p>
   </div>
   <div class='ocr_carea' id='block_1_12' title="bbox 270 1331 1849 1410">
    <p class='ocr_par' dir='ltr' id='par_1_12' title="bbox 270 1331 1849 1410">
     <span class='ocr_line' id='line_1_12' title="bbox 270 1331 1849 1410; baseline 0.007 -25"><span class='ocrx_word' id='word_1_82' title='bbox 270 1331 526 1399; x_wconf 82' lang='lat' dir='ltr'><strong>tinopolin</strong></span> <span class='ocrx_word' id='word_1_83' title='bbox 556 1348 587 1386; x_wconf 88' lang='lat' dir='ltr'><strong>a</strong></span> <span class='ocrx_word' id='word_1_84' title='bbox 623 1331 822 1387; x_wconf 79' lang='lat' dir='ltr'><strong>Turcis</strong></span> <span class='ocrx_word' id='word_1_85' title='bbox 868 1342 1216 1404; x_wconf 81' lang='lat' dir='ltr'><strong>occupatam,</strong></span> <span class='ocrx_word' id='word_1_86' title='bbox 1263 1346 1322 1391; x_wconf 87' lang='lat' dir='ltr'><strong>et</strong></span> <span class='ocrx_word' id='word_1_87' title='bbox 1367 1337 1662 1410; x_wconf 85' lang='lat' dir='ltr'><strong>imperium</strong></span> <span class='ocrx_word' id='word_1_88' title='bbox 1697 1341 1849 1396; x_wconf 71' lang='lat' dir='ltr'><strong>Cnc-</strong></span> 
     </span>
    </p>
   </div>
   <div class='ocr_carea' id='block_1_13' title="bbox 268 1426 1846 1505">
    <p class='ocr_par' dir='ltr' id='par_1_13' title="bbox 268 1426 1846 1505">
     <span class='ocr_line' id='line_1_13' title="bbox 268 1426 1846 1505; baseline 0.009 -28"><span class='ocrx_word' id='word_1_89' title='bbox 268 1440 442 1479; x_wconf 85' lang='lat' dir='ltr'><strong>corum</strong></span> <span class='ocrx_word' id='word_1_90' title='bbox 477 1444 504 1478; x_wconf 89' lang='lat' dir='ltr'><strong>a</strong></span> <span class='ocrx_word' id='word_1_91' title='bbox 551 1426 862 1482; x_wconf 65' lang='lat' dir='ltr'><strong>Maliomete</strong></span> <span class='ocrx_word' id='word_1_92' title='bbox 915 1442 1141 1498; x_wconf 77' lang='lat' dir='ltr'><strong>prorsus</strong></span> <span class='ocrx_word' id='word_1_93' title='bbox 1179 1443 1436 1486; x_wconf 78' lang='lat' dir='ltr'><strong>eversum</strong></span> <span class='ocrx_word' id='word_1_94' title='bbox 1484 1448 1846 1505; x_wconf 77' lang='lat' dir='ltr'><strong>persequere.-</strong></span> 
     </span>
    </p>
   </div>
   <div class='ocr_carea' id='block_1_14' title="bbox 267 1517 1847 1594">
    <p class='ocr_par' dir='ltr' id='par_1_14' title="bbox 267 1517 1847 1594">
     <span class='ocr_line' id='line_1_14' title="bbox 267 1517 1847 1594; baseline 0.008 -26"><span class='ocrx_word' id='word_1_95' title='bbox 267 1523 347 1568; x_wconf 85' lang='lat' dir='ltr'><strong>tur</strong></span> <span class='ocrx_word' id='word_1_96' title='bbox 379 1531 393 1569; x_wconf 90' lang='lat'><strong>:</strong></span> <span class='ocrx_word' id='word_1_97' title='bbox 423 1517 717 1572; x_wconf 83' lang='lat' dir='ltr'><strong>commode</strong></span> <span class='ocrx_word' id='word_1_98' title='bbox 761 1531 792 1572; x_wconf 85' lang='lat' dir='ltr'><strong>a</strong></span> <span class='ocrx_word' id='word_1_99' title='bbox 821 1517 1127 1575; x_wconf 85' lang='lat' dir='ltr'><strong>clarissimo</strong></span> <span class='ocrx_word' id='word_1_100' title='bbox 1161 1518 1281 1579; x_wconf 83' lang='lat' dir='ltr'><strong>viro</strong></span> <span class='ocrx_word' id='word_1_101' title='bbox 1315 1521 1384 1575; x_wconf 84' lang='lat' dir='ltr'><strong>D.</strong></span> <span class='ocrx_word' id='word_1_102' title='bbox 1414 1519 1670 1594; x_wconf 74' lang='lat' dir='ltr'><strong>Philippo</strong></span> <span class='ocrx_word' id='word_1_103' title='bbox 1693 1524 1847 1581; x_wconf 85' lang='lat' dir='ltr'><strong>Gun-</strong></span> 
     </span>
    </p>
   </div>
   <div class='ocr_carea' id='block_1_15' title="bbox 265 1603 1850 1678">
    <p class='ocr_par' dir='ltr' id='par_1_15' title="bbox 265 1603 1850 1678">
     <span class='ocr_line' id='line_1_15' title="bbox 265 1603 1850 1678; baseline 0.008 -18"><span class='ocrx_word' id='word_1_104' title='bbox 265 1605 415 1672; x_wconf 87' lang='lat' dir='ltr'><strong>delio,</strong></span> <span class='ocrx_word' id='word_1_105' title='bbox 449 1603 754 1662; x_wconf 71' lang='lat' dir='ltr'><strong>Viennensi</strong></span> <span class='ocrx_word' id='word_1_106' title='bbox 797 1608 1219 1678; x_wconf 86' lang='lat' dir='ltr'><strong>jurisconsnlto.</strong></span> <span class='ocrx_word' id='word_1_107' title='bbox 1266 1613 1334 1668; x_wconf 87' lang='lat' dir='ltr'><strong>ad</strong></span> <span class='ocrx_word' id='word_1_108' title='bbox 1387 1629 1475 1668; x_wconf 86' lang='lat' dir='ltr'><strong>me</strong></span> <span class='ocrx_word' id='word_1_109' title='bbox 1513 1616 1715 1670; x_wconf 87' lang='lat' dir='ltr'><strong>missus</strong></span> <span class='ocrx_word' id='word_1_110' title='bbox 1761 1626 1850 1672; x_wconf 90' lang='lat' dir='ltr'><strong>est</strong></span> 
     </span>
    </p>
   </div>
   <div class='ocr_carea' id='block_1_16' title="bbox 265 1697 1847 1779">
    <p class='ocr_par' dir='ltr' id='par_1_16' title="bbox 265 1697 1847 1779">
     <span class='ocr_line' id='line_1_16' title="bbox 265 1697 1847 1779; baseline 0.008 -26"><span class='ocrx_word' id='word_1_111' title='bbox 265 1697 524 1754; x_wconf 83' lang='lat' dir='ltr'><strong>Laonicus</strong></span> <span class='ocrx_word' id='word_1_112' title='bbox 553 1700 1047 1774; x_wconf 82' lang='lat' dir='ltr'><strong>Chaleocondyles,</strong></span> <span class='ocrx_word' id='word_1_113' title='bbox 1075 1721 1209 1774; x_wconf 89' lang='lat' dir='ltr'><strong>quo,</strong></span> <span class='ocrx_word' id='word_1_114' title='bbox 1239 1715 1347 1761; x_wconf 87' lang='lat' dir='ltr'><strong>uta</strong></span> <span class='ocrx_word' id='word_1_115' title='bbox 1369 1707 1686 1779; x_wconf 77' lang='lat' dir='ltr'><strong>fatigatione</strong></span> <span class='ocrx_word' id='word_1_116' title='bbox 1715 1727 1847 1765; x_wconf 81' lang='lat' dir='ltr'><strong>con-</strong></span> 
     </span>
    </p>
   </div>
   <div class='ocr_carea' id='block_1_17' title="bbox 1951 499 3542 558">
    <p class='ocr_par' dir='ltr' id='par_1_17' title="bbox 1951 499 3542 558">
     <span class='ocr_line' id='line_1_17' title="bbox 1951 499 3542 558; baseline 0.001 -4"><span class='ocrx_word' id='word_1_117' title='bbox 1951 503 2269 558; x_wconf 80' lang='lat' dir='ltr'><strong>tuiserarer.</strong></span> <span class='ocrx_word' id='word_1_118' title='bbox 2326 502 2437 557; x_wconf 83' lang='lat' dir='ltr'><strong>Etsi</strong></span> <span class='ocrx_word' id='word_1_119' title='bbox 2492 503 2558 556; x_wconf 88' lang='lat' dir='ltr'><strong>ad</strong></span> <span class='ocrx_word' id='word_1_120' title='bbox 2620 501 3159 555; x_wconf 82' lang='lat' dir='ltr'><strong>conuuiserationem</strong></span> <span class='ocrx_word' id='word_1_121' title='bbox 3206 499 3391 555; x_wconf 85' lang='lat' dir='ltr'><strong>clades</strong></span> <span class='ocrx_word' id='word_1_122' title='bbox 3435 501 3542 556; x_wconf 80' lang='lat' dir='ltr'><strong>ilhc</strong></span> 
     </span>
    </p>
   </div>
   <div class='ocr_carea' id='block_1_18' title="bbox 1947 592 3539 663">
    <p class='ocr_par' dir='ltr' id='par_1_18' title="bbox 1947 592 3539 663">
     <span class='ocr_line' id='line_1_18' title="bbox 1947 592 3539 663; baseline 0 -15"><span class='ocrx_word' id='word_1_123' title='bbox 1947 603 2000 648; x_wconf 87' lang='lat' dir='ltr'><strong>et</strong></span> <span class='ocrx_word' id='word_1_124' title='bbox 2049 593 2424 648; x_wconf 81' lang='lat' dir='ltr'><strong>florentissimi</strong></span> <span class='ocrx_word' id='word_1_125' title='bbox 2463 593 2948 663; x_wconf 88' lang='lat' dir='ltr'><strong>potentissimique</strong></span> <span class='ocrx_word' id='word_1_126' title='bbox 2998 592 3272 661; x_wconf 87' lang='lat' dir='ltr'><strong>quondam</strong></span> <span class='ocrx_word' id='word_1_127' title='bbox 3328 593 3539 661; x_wconf 86' lang='lat' dir='ltr'><strong>imperii</strong></span> 
     </span>
    </p>
   </div>
   <div class='ocr_carea' id='block_1_19' title="bbox 1948 682 3542 754">
    <p class='ocr_par' dir='ltr' id='par_1_19' title="bbox 1948 682 3542 754">
     <span class='ocr_line' id='line_1_19' title="bbox 1948 682 3542 754; baseline -0.002 -14"><span class='ocrx_word' id='word_1_128' title='bbox 1948 688 2126 752; x_wconf 85' lang='lat' dir='ltr'><strong>ruina,</strong></span> <span class='ocrx_word' id='word_1_129' title='bbox 2175 698 2230 742; x_wconf 93' lang='lat' dir='ltr'><strong>et</strong></span> <span class='ocrx_word' id='word_1_130' title='bbox 2279 687 2613 741; x_wconf 71' lang='lat' dir='ltr'><strong>Christiana:</strong></span> <span class='ocrx_word' id='word_1_131' title='bbox 2663 685 2941 754; x_wconf 74' lang='lat' dir='ltr'><strong>religionis</strong></span> <span class='ocrx_word' id='word_1_132' title='bbox 2987 699 3019 738; x_wconf 89' lang='lat' dir='ltr'><strong>e</strong></span> <span class='ocrx_word' id='word_1_133' title='bbox 3059 691 3140 738; x_wconf 92' lang='lat' dir='ltr'><strong>tot</strong></span> <span class='ocrx_word' id='word_1_134' title='bbox 3188 682 3542 749; x_wconf 74' lang='lat' dir='ltr'><strong>amplissimis</strong></span> 
     </span>
    </p>
   </div>
   <div class='ocr_carea' id='block_1_20' title="bbox 1945 762 3535 849">
    <p class='ocr_par' dir='ltr' id='par_1_20' title="bbox 1945 762 3535 849">
     <span class='ocr_line' id='line_1_20' title="bbox 1945 762 3535 849; baseline -0.002 -19"><span class='ocrx_word' id='word_1_135' title='bbox 1945 776 2244 849; x_wconf 89' lang='lat' dir='ltr'><strong>provinciis</strong></span> <span class='ocrx_word' id='word_1_136' title='bbox 2278 762 2604 846; x_wconf 75' lang='lat' dir='ltr'><strong>proﬂigatio,</strong></span> <span class='ocrx_word' id='word_1_137' title='bbox 2634 777 2716 830; x_wconf 90' lang='lat' dir='ltr'><strong>vel</strong></span> <span class='ocrx_word' id='word_1_138' title='bbox 2739 791 2868 829; x_wconf 77' lang='lat' dir='ltr'><strong>saxa</strong></span> <span class='ocrx_word' id='word_1_139' title='bbox 2892 789 3246 829; x_wconf 84' lang='lat' dir='ltr'><strong>commovere</strong></span> <span class='ocrx_word' id='word_1_140' title='bbox 3274 776 3490 843; x_wconf 83' lang='lat' dir='ltr'><strong>possint</strong></span> <span class='ocrx_word' id='word_1_141' title='bbox 3521 792 3535 827; x_wconf 90' lang='lat'>:</span> 
     </span>
    </p>
   </div>
   <div class='ocr_carea' id='block_1_21' title="bbox 1947 866 3541 942">
    <p class='ocr_par' dir='ltr' id='par_1_21' title="bbox 1947 866 3541 942">
     <span class='ocr_line' id='line_1_21' title="bbox 1947 866 3541 942; baseline -0.001 -20"><span class='ocrx_word' id='word_1_142' title='bbox 1947 877 2167 924; x_wconf 70' lang='lat' dir='ltr'><strong>nostros</strong></span> <span class='ocrx_word' id='word_1_143' title='bbox 2214 879 2398 923; x_wconf 86' lang='lat' dir='ltr'><strong>autem</strong></span> <span class='ocrx_word' id='word_1_144' title='bbox 2443 869 2716 928; x_wconf 88' lang='lat' dir='ltr'><strong>homines,</strong></span> <span class='ocrx_word' id='word_1_145' title='bbox 2771 866 2934 942; x_wconf 81' lang='lat' dir='ltr'><strong>simili</strong></span> <span class='ocrx_word' id='word_1_146' title='bbox 2979 876 3126 921; x_wconf 88' lang='lat' dir='ltr'><strong>statu</strong></span> <span class='ocrx_word' id='word_1_147' title='bbox 3175 881 3381 930; x_wconf 86' lang='lat' dir='ltr'><strong>rerum,</strong></span> <span class='ocrx_word' id='word_1_148' title='bbox 3438 881 3541 921; x_wconf 82' lang='lat' dir='ltr'><strong>nec</strong></span> 
     </span>
    </p>
   </div>
   <div class='ocr_carea' id='block_1_22' title="bbox 1949 958 3540 1022">
    <p class='ocr_par' dir='ltr' id='par_1_22' title="bbox 1949 958 3540 1022">
     <span class='ocr_line' id='line_1_22' title="bbox 1949 958 3540 1022; baseline -0.001 -8"><span class='ocrx_word' id='word_1_149' title='bbox 1949 962 2164 1015; x_wconf 87' lang='lat' dir='ltr'><strong>illorum</strong></span> <span class='ocrx_word' id='word_1_150' title='bbox 2213 959 2622 1022; x_wconf 86' lang='lat' dir='ltr'><strong>misericordia,</strong></span> <span class='ocrx_word' id='word_1_151' title='bbox 2656 975 2758 1014; x_wconf 90' lang='lat' dir='ltr'><strong>nec</strong></span> <span class='ocrx_word' id='word_1_152' title='bbox 2790 959 2985 1012; x_wconf 84' lang='lat' dir='ltr'><strong>similis</strong></span> <span class='ocrx_word' id='word_1_153' title='bbox 3021 958 3174 1013; x_wconf 71' lang='lat' dir='ltr'><strong>exitii</strong></span> <span class='ocrx_word' id='word_1_154' title='bbox 3209 969 3356 1012; x_wconf 89' lang='lat' dir='ltr'><strong>metu</strong></span> <span class='ocrx_word' id='word_1_155' title='bbox 3389 975 3540 1012; x_wconf 81' lang='lat' dir='ltr'><strong>rom-</strong></span> 
     </span>
    </p>
   </div>
   <div class='ocr_carea' id='block_1_23' title="bbox 1947 1049 3537 1119">
    <p class='ocr_par' dir='ltr' id='par_1_23' title="bbox 1947 1049 3537 1119">
     <span class='ocr_line' id='line_1_23' title="bbox 1947 1049 3537 1119; baseline -0.006 -9"><span class='ocrx_word' id='word_1_156' title='bbox 1947 1053 2152 1110; x_wconf 87' lang='lat' dir='ltr'><strong>moveri</strong></span> <span class='ocrx_word' id='word_1_157' title='bbox 2200 1053 2272 1108; x_wconf 88' lang='lat' dir='ltr'><strong>sit</strong></span> <span class='ocrx_word' id='word_1_158' title='bbox 2323 1050 2681 1106; x_wconf 85' lang='lat' dir='ltr'><strong>mirandum:</strong></span> <span class='ocrx_word' id='word_1_159' title='bbox 2717 1065 2818 1105; x_wconf 91' lang='lat' dir='ltr'><strong>nec</strong></span> <span class='ocrx_word' id='word_1_160' title='bbox 2871 1049 3276 1119; x_wconf 89' lang='lat' dir='ltr'><strong>desperandum</strong></span> <span class='ocrx_word' id='word_1_161' title='bbox 3326 1061 3537 1113; x_wconf 85' lang='lat' dir='ltr'><strong>tamen,</strong></span> 
     </span>
    </p>
   </div>
   <div class='ocr_carea' id='block_1_24' title="bbox 1947 1141 3538 1212">
    <p class='ocr_par' dir='ltr' id='par_1_24' title="bbox 1947 1141 3538 1212">
     <span class='ocr_line' id='line_1_24' title="bbox 1947 1141 3538 1212; baseline -0.002 -12"><span class='ocrx_word' id='word_1_162' title='bbox 1947 1145 2065 1200; x_wconf 81' lang='lat' dir='ltr'><strong>fore</strong></span> <span class='ocrx_word' id='word_1_163' title='bbox 2098 1145 2320 1207; x_wconf 88' lang='lat' dir='ltr'><strong>nmltos,</strong></span> <span class='ocrx_word' id='word_1_164' title='bbox 2349 1143 2443 1212; x_wconf 86' lang='lat' dir='ltr'><strong>qui</strong></span> <span class='ocrx_word' id='word_1_165' title='bbox 2476 1143 2562 1197; x_wconf 89' lang='lat' dir='ltr'><strong>his</strong></span> <span class='ocrx_word' id='word_1_166' title='bbox 2596 1156 2707 1195; x_wconf 88' lang='lat' dir='ltr'><strong>non</strong></span> <span class='ocrx_word' id='word_1_167' title='bbox 2739 1141 2902 1194; x_wconf 87' lang='lat' dir='ltr'><strong>modo</strong></span> <span class='ocrx_word' id='word_1_168' title='bbox 2932 1142 2998 1195; x_wconf 87' lang='lat' dir='ltr'><strong>ad</strong></span> <span class='ocrx_word' id='word_1_169' title='bbox 3033 1143 3392 1211; x_wconf 86' lang='lat' dir='ltr'><strong>voluptatem,</strong></span> <span class='ocrx_word' id='word_1_170' title='bbox 3439 1143 3538 1197; x_wconf 89' lang='lat' dir='ltr'><strong>sed</strong></span> 
     </span>
    </p>
   </div>
   <div class='ocr_carea' id='block_1_25' title="bbox 1945 1234 3538 1306">
    <p class='ocr_par' dir='ltr' id='par_1_25' title="bbox 1945 1234 3538 1306">
     <span class='ocr_line' id='line_1_25' title="bbox 1945 1234 3538 1306; baseline -0.001 -16"><span class='ocrx_word' id='word_1_171' title='bbox 1945 1238 2114 1292; x_wconf 87' lang='lat' dir='ltr'><strong>etiam</strong></span> <span class='ocrx_word' id='word_1_172' title='bbox 2137 1237 2206 1292; x_wconf 85' lang='lat' dir='ltr'><strong>ad</strong></span> <span class='ocrx_word' id='word_1_173' title='bbox 2232 1235 2504 1306; x_wconf 84' lang='lat' dir='ltr'><strong>publicam</strong></span> <span class='ocrx_word' id='word_1_174' title='bbox 2539 1235 2827 1289; x_wconf 80' lang='lat' dir='ltr'><strong>utilitatem</strong></span> <span class='ocrx_word' id='word_1_175' title='bbox 2862 1234 3129 1304; x_wconf 78' lang='lat' dir='ltr'><strong>legendis,</strong></span> <span class='ocrx_word' id='word_1_176' title='bbox 3169 1246 3322 1289; x_wconf 91' lang='lat' dir='ltr'><strong>tuum</strong></span> <span class='ocrx_word' id='word_1_177' title='bbox 3357 1239 3538 1290; x_wconf 76' lang='lat' dir='ltr'><strong>consi-</strong></span> 
     </span>
    </p>
   </div>
   <div class='ocr_carea' id='block_1_26' title="bbox 1951 1328 3540 1396">
    <p class='ocr_par' dir='ltr' id='par_1_26' title="bbox 1951 1328 3540 1396">
     <span class='ocr_line' id='line_1_26' title="bbox 1951 1328 3540 1396; baseline -0.005 -12"><span class='ocrx_word' id='word_1_178' title='bbox 1951 1331 2082 1384; x_wconf 91' lang='lat' dir='ltr'><strong>lium</strong></span> <span class='ocrx_word' id='word_1_179' title='bbox 2109 1328 2403 1390; x_wconf 87' lang='lat' dir='ltr'><strong>laudaturi,</strong></span> <span class='ocrx_word' id='word_1_180' title='bbox 2419 1334 2477 1382; x_wconf 85' lang='lat' dir='ltr'><strong>et</strong></span> <span class='ocrx_word' id='word_1_181' title='bbox 2498 1329 2643 1381; x_wconf 89' lang='lat' dir='ltr'><strong>inter</strong></span> <span class='ocrx_word' id='word_1_182' title='bbox 2660 1336 2854 1382; x_wconf 66' lang='lat' dir='ltr'><strong>cetera</strong></span> <span class='ocrx_word' id='word_1_183' title='bbox 2879 1335 3205 1380; x_wconf 86' lang='lat' dir='ltr'><strong>ornamenta</strong></span> <span class='ocrx_word' id='word_1_184' title='bbox 3227 1342 3390 1396; x_wconf 90' lang='lat' dir='ltr'><strong>quam</strong></span> <span class='ocrx_word' id='word_1_185' title='bbox 3419 1328 3540 1394; x_wconf 89' lang='lat' dir='ltr'><strong>plu-</strong></span> 
     </span>
    </p>
   </div>
   <div class='ocr_carea' id='block_1_27' title="bbox 1948 1417 3541 1495">
    <p class='ocr_par' dir='ltr' id='par_1_27' title="bbox 1948 1417 3541 1495">
     <span class='ocr_line' id='line_1_27' title="bbox 1948 1417 3541 1495; baseline -0.001 -23"><span class='ocrx_word' id='word_1_186' title='bbox 1948 1418 2086 1474; x_wconf 88' lang='lat' dir='ltr'><strong>rima</strong></span> <span class='ocrx_word' id='word_1_187' title='bbox 2101 1418 2444 1472; x_wconf 87' lang='lat' dir='ltr'><strong>numeratnri</strong></span> <span class='ocrx_word' id='word_1_188' title='bbox 2463 1418 2596 1481; x_wconf 86' lang='lat' dir='ltr'><strong>sint,</strong></span> <span class='ocrx_word' id='word_1_189' title='bbox 2621 1417 2712 1485; x_wconf 90' lang='lat' dir='ltr'><strong>qui</strong></span> <span class='ocrx_word' id='word_1_190' title='bbox 2730 1417 2928 1471; x_wconf 85' lang='lat' dir='ltr'><strong>illustri</strong></span> <span class='ocrx_word' id='word_1_191' title='bbox 2943 1427 3298 1471; x_wconf 89' lang='lat' dir='ltr'><strong>monumento</strong></span> <span class='ocrx_word' id='word_1_192' title='bbox 3310 1419 3541 1495; x_wconf 77' lang='lat' dir='ltr'><strong>posteris</strong></span> 
     </span>
    </p>
   </div>
   <div class='ocr_carea' id='block_1_28' title="bbox 1947 1495 3542 1575">
    <p class='ocr_par' dir='ltr' id='par_1_28' title="bbox 1947 1495 3542 1575">
     <span class='ocr_line' id='line_1_28' title="bbox 1947 1495 3542 1575; baseline -0.001 -10"><span class='ocrx_word' id='word_1_193' title='bbox 1947 1513 2115 1566; x_wconf 85' lang='lat' dir='ltr'><strong>etiam</strong></span> <span class='ocrx_word' id='word_1_194' title='bbox 2147 1508 2458 1565; x_wconf 88' lang='lat' dir='ltr'><strong>consultum</strong></span> <span class='ocrx_word' id='word_1_195' title='bbox 2490 1510 2728 1563; x_wconf 82' lang='lat' dir='ltr'><strong>volneris</strong></span> <span class='ocrx_word' id='word_1_196' title='bbox 2749 1526 2763 1562; x_wconf 74' lang='grc' dir='ltr'><strong>ι</strong></span> <span class='ocrx_word' id='word_1_197' title='bbox 2783 1522 2839 1564; x_wconf 82' lang='lat' dir='ltr'><strong>et</strong></span> <span class='ocrx_word' id='word_1_198' title='bbox 2869 1510 3165 1563; x_wconf 86' lang='lat' dir='ltr'><strong>multorum</strong></span> <span class='ocrx_word' id='word_1_199' title='bbox 3195 1512 3432 1575; x_wconf 87' lang='lat' dir='ltr'><strong>animos,</strong></span> <span class='ocrx_word' id='word_1_200' title='bbox 3452 1495 3542 1564; x_wconf 85' lang='lat' dir='ltr'><strong>his</strong></span> 
     </span>
    </p>
   </div>
   <div class='ocr_carea' id='block_1_29' title="bbox 1946 1596 3541 1672">
    <p class='ocr_par' dir='ltr' id='par_1_29' title="bbox 1946 1596 3541 1672">
     <span class='ocr_line' id='line_1_29' title="bbox 1946 1596 3541 1672; baseline -0.006 -15"><span class='ocrx_word' id='word_1_201' title='bbox 1946 1600 2214 1672; x_wconf 80' lang='lat' dir='ltr'><strong>operibus</strong></span> <span class='ocrx_word' id='word_1_202' title='bbox 2261 1600 2317 1654; x_wconf 90' lang='lat' dir='ltr'><strong>in</strong></span> <span class='ocrx_word' id='word_1_203' title='bbox 2365 1599 2645 1670; x_wconf 87' lang='lat' dir='ltr'><strong>publicum</strong></span> <span class='ocrx_word' id='word_1_204' title='bbox 2677 1598 2860 1662; x_wconf 86' lang='lat' dir='ltr'><strong>editis,</strong></span> <span class='ocrx_word' id='word_1_205' title='bbox 2912 1598 2979 1651; x_wconf 90' lang='lat' dir='ltr'><strong>ad</strong></span> <span class='ocrx_word' id='word_1_206' title='bbox 3028 1597 3215 1667; x_wconf 79' lang='lat' dir='ltr'><strong>patria:</strong></span> <span class='ocrx_word' id='word_1_207' title='bbox 3264 1596 3541 1651; x_wconf 68' lang='lat' dir='ltr'><strong>defensio-</strong></span> 
     </span>
    </p>
   </div>
   <div class='ocr_carea' id='block_1_30' title="bbox 1949 1691 3296 1764">
    <p class='ocr_par' dir='ltr' id='par_1_30' title="bbox 1949 1691 3296 1764">
     <span class='ocr_line' id='line_1_30' title="bbox 1949 1691 3296 1764; baseline -0.007 -14"><span class='ocrx_word' id='word_1_208' title='bbox 1949 1710 2075 1750; x_wconf 90' lang='lat' dir='ltr'><strong>nem</strong></span> <span class='ocrx_word' id='word_1_209' title='bbox 2121 1695 2331 1764; x_wconf 79' lang='lat' dir='ltr'><strong>majore</strong></span> <span class='ocrx_word' id='word_1_210' title='bbox 2369 1691 2552 1748; x_wconf 78' lang='lat' dir='ltr'><strong>studio</strong></span> <span class='ocrx_word' id='word_1_211' title='bbox 2587 1691 2985 1760; x_wconf 79' lang='lat' dir='ltr'><strong>suscipiendam</strong></span> <span class='ocrx_word' id='word_1_212' title='bbox 3017 1693 3296 1744; x_wconf 76' lang='lat' dir='ltr'><strong>cvcitaris.</strong></span> 
     </span>
    </p>
   </div>
   <div class='ocr_carea' id='block_1_31' title="bbox 262 1783 3537 1870">
    <p class='ocr_par' dir='ltr' id='par_1_31' title="bbox 262 1783 3537 1870">
     <span class='ocr_line' id='line_1_31' title="bbox 262 1783 3537 1870; baseline -0.002 -24"><span class='ocrx_word' id='word_1_213' title='bbox 262 1792 519 1847; x_wconf 79' lang='lat' dir='ltr'><strong>versionis</strong></span> <span class='ocrx_word' id='word_1_214' title='bbox 549 1793 811 1848; x_wconf 80' lang='lat' dir='ltr'><strong>nonnihil</strong></span> <span class='ocrx_word' id='word_1_215' title='bbox 860 1796 1295 1864; x_wconf 66' lang='lat' dir='ltr'><strong>acquiesceret”,</strong></span> <span class='ocrx_word' id='word_1_216' title='bbox 1348 1800 1503 1854; x_wconf 69' lang='lat' dir='ltr'><strong>avide</strong></span> <span class='ocrx_word' id='word_1_217' title='bbox 1557 1816 1838 1870; x_wconf 59' lang='lat' dir='ltr'><strong>percurso,</strong></span> <span class='ocrx_word' id='word_1_218' title='bbox 1878 1791 1919 1847; x_wconf 83' lang='grc' dir='ltr'><strong>Β</strong></span> <span class='ocrx_word' id='word_1_219' title='bbox 2017 1787 2198 1856; x_wconf 84' lang='lat' dir='ltr'><strong>Atque</strong></span> <span class='ocrx_word' id='word_1_220' title='bbox 2233 1786 2346 1840; x_wconf 62' lang='lat' dir='ltr'><strong>haec</strong></span> <span class='ocrx_word' id='word_1_221' title='bbox 2385 1786 2454 1841; x_wconf 83' lang='lat' dir='ltr'><strong>de</strong></span> <span class='ocrx_word' id='word_1_222' title='bbox 2503 1785 2758 1839; x_wconf 84' lang='lat' dir='ltr'><strong>historia.</strong></span> <span class='ocrx_word' id='word_1_223' title='bbox 2818 1783 2895 1838; x_wconf 78' lang='lat' dir='ltr'><strong>De</strong></span> <span class='ocrx_word' id='word_1_224' title='bbox 2939 1794 3164 1838; x_wconf 85' lang='lat' dir='ltr'><strong>auctore</strong></span> <span class='ocrx_word' id='word_1_225' title='bbox 3210 1801 3318 1837; x_wconf 91' lang='lat' dir='ltr'><strong>non</strong></span> <span class='ocrx_word' id='word_1_226' title='bbox 3351 1786 3537 1839; x_wconf 80' lang='lat' dir='ltr'><strong>mults</strong></span> 
     </span>
    </p>
   </div>
   <div class='ocr_carea' id='block_1_32' title="bbox 262 1885 1837 1963">
    <p class='ocr_par' dir='ltr' id='par_1_32' title="bbox 262 1885 1837 1963">
     <span class='ocr_line' id='line_1_32' title="bbox 262 1885 1837 1963; baseline 0.008 -25"><span class='ocrx_word' id='word_1_227' title='bbox 262 1887 410 1956; x_wconf 84' lang='lat' dir='ltr'><strong>plane</strong></span> <span class='ocrx_word' id='word_1_228' title='bbox 431 1888 566 1942; x_wconf 88' lang='lat' dir='ltr'><strong>mihi</strong></span> <span class='ocrx_word' id='word_1_229' title='bbox 594 1885 944 1963; x_wconf 80' lang='lat' dir='ltr'><strong>satisfactum</strong></span> <span class='ocrx_word' id='word_1_230' title='bbox 969 1904 1093 1944; x_wconf 90' lang='lat' dir='ltr'><strong>esse</strong></span> <span class='ocrx_word' id='word_1_231' title='bbox 1120 1891 1354 1960; x_wconf 77' lang='lat' dir='ltr'><strong>cognovi</strong></span> <span class='ocrx_word' id='word_1_232' title='bbox 1391 1909 1404 1945; x_wconf 93' lang='lat'>:</span> <span class='ocrx_word' id='word_1_233' title='bbox 1438 1901 1599 1962; x_wconf 89' lang='lat' dir='ltr'><strong>atque</strong></span> <span class='ocrx_word' id='word_1_234' title='bbox 1627 1894 1680 1946; x_wconf 91' lang='lat' dir='ltr'><strong>in</strong></span> <span class='ocrx_word' id='word_1_235' title='bbox 1715 1910 1837 1950; x_wconf 91' lang='lat' dir='ltr'><strong>eam</strong></span> 
     </span>
    </p>
   </div>
   <div class='ocr_carea' id='block_1_33' title="bbox 263 1978 1837 2054">
    <p class='ocr_par' dir='ltr' id='par_1_33' title="bbox 263 1978 1837 2054">
     <span class='ocr_line' id='line_1_33' title="bbox 263 1978 1837 2054; baseline 0.006 -23"><span class='ocrx_word' id='word_1_236' title='bbox 263 1978 588 2032; x_wconf 85' lang='lat' dir='ltr'><strong>sententiam</strong></span> <span class='ocrx_word' id='word_1_237' title='bbox 620 1993 745 2034; x_wconf 90' lang='lat' dir='ltr'><strong>sum</strong></span> <span class='ocrx_word' id='word_1_238' title='bbox 793 1978 1090 2044; x_wconf 87' lang='lat' dir='ltr'><strong>adductus,</strong></span> <span class='ocrx_word' id='word_1_239' title='bbox 1137 1989 1196 2036; x_wconf 90' lang='lat' dir='ltr'><strong>ut</strong></span> <span class='ocrx_word' id='word_1_240' title='bbox 1242 1981 1359 2037; x_wconf 88' lang='lat' dir='ltr'><strong>fato</strong></span> <span class='ocrx_word' id='word_1_241' title='bbox 1391 1983 1652 2053; x_wconf 89' lang='lat' dir='ltr'><strong>quodam,</strong></span> <span class='ocrx_word' id='word_1_242' title='bbox 1692 1987 1837 2054; x_wconf 88' lang='lat' dir='ltr'><strong>quod</strong></span> 
     </span>
    </p>
   </div>
   <div class='ocr_carea' id='block_1_34' title="bbox 264 2068 1839 2135">
    <p class='ocr_par' dir='ltr' id='par_1_34' title="bbox 264 2068 1839 2135">
     <span class='ocr_line' id='line_1_34' title="bbox 264 2068 1839 2135; baseline 0.007 -13"><span class='ocrx_word' id='word_1_243' title='bbox 264 2068 408 2123; x_wconf 88' lang='lat' dir='ltr'><strong>initio</strong></span> <span class='ocrx_word' id='word_1_244' title='bbox 444 2069 586 2135; x_wconf 76' lang='lat' dir='ltr'><strong>dixi,</strong></span> <span class='ocrx_word' id='word_1_245' title='bbox 620 2070 830 2125; x_wconf 85' lang='lat' dir='ltr'><strong>factum</strong></span> <span class='ocrx_word' id='word_1_246' title='bbox 860 2085 984 2125; x_wconf 87' lang='lat' dir='ltr'><strong>esse</strong></span> <span class='ocrx_word' id='word_1_247' title='bbox 1012 2071 1408 2134; x_wconf 75' lang='lat' dir='ltr'><strong>existimarem.</strong></span> <span class='ocrx_word' id='word_1_248' title='bbox 1452 2086 1511 2130; x_wconf 91' lang='lat' dir='ltr'><strong>ut</strong></span> <span class='ocrx_word' id='word_1_249' title='bbox 1543 2085 1600 2131; x_wconf 90' lang='lat' dir='ltr'><strong>et</strong></span> <span class='ocrx_word' id='word_1_250' title='bbox 1637 2078 1839 2133; x_wconf 82' lang='lat' dir='ltr'><strong>libera-</strong></span> 
     </span>
    </p>
   </div>
   <div class='ocr_carea' id='block_1_35' title="bbox 263 2160 1838 2236">
    <p class='ocr_par' dir='ltr' id='par_1_35' title="bbox 263 2160 1838 2236">
     <span class='ocr_line' id='line_1_35' title="bbox 263 2160 1838 2236; baseline 0.007 -22"><span class='ocrx_word' id='word_1_251' title='bbox 263 2160 403 2216; x_wconf 86' lang='lat' dir='ltr'><strong>litate</strong></span> <span class='ocrx_word' id='word_1_252' title='bbox 444 2169 558 2226; x_wconf 88' lang='lat' dir='ltr'><strong>tua,</strong></span> <span class='ocrx_word' id='word_1_253' title='bbox 621 2170 680 2216; x_wconf 82' lang='lat' dir='ltr'><strong>et</strong></span> <span class='ocrx_word' id='word_1_254' title='bbox 727 2161 1164 2218; x_wconf 82' lang='lat' dir='ltr'><strong>Dorenschvvami</strong></span> <span class='ocrx_word' id='word_1_255' title='bbox 1201 2165 1497 2236; x_wconf 82' lang='lat' dir='ltr'><strong>Byzantina</strong></span> <span class='ocrx_word' id='word_1_256' title='bbox 1534 2177 1588 2224; x_wconf 84' lang='lat' dir='ltr'><strong>et</strong></span> <span class='ocrx_word' id='word_1_257' title='bbox 1639 2169 1838 2225; x_wconf 90' lang='lat' dir='ltr'><strong>Asiana</strong></span> 
     </span>
    </p>
   </div>
   <div class='ocr_carea' id='block_1_36' title="bbox 265 2251 1840 2327">
    <p class='ocr_par' dir='ltr' id='par_1_36' title="bbox 265 2251 1840 2327">
     <span class='ocr_line' id='line_1_36' title="bbox 265 2251 1840 2327; baseline 0.006 -21"><span class='ocrx_word' id='word_1_258' title='bbox 265 2251 730 2326; x_wconf 77' lang='lat' dir='ltr'><strong>peregrinatirme,</strong></span> <span class='ocrx_word' id='word_1_259' title='bbox 784 2263 843 2310; x_wconf 88' lang='lat' dir='ltr'><strong>et</strong></span> <span class='ocrx_word' id='word_1_260' title='bbox 881 2269 1005 2310; x_wconf 84' lang='lat' dir='ltr'><strong>meo</strong></span> <span class='ocrx_word' id='word_1_261' title='bbox 1049 2257 1422 2327; x_wconf 87' lang='lat' dir='ltr'><strong>qualicunque</strong></span> <span class='ocrx_word' id='word_1_262' title='bbox 1454 2259 1659 2326; x_wconf 86' lang='lat' dir='ltr'><strong>labore,</strong></span> <span class='ocrx_word' id='word_1_263' title='bbox 1697 2262 1840 2316; x_wconf 84' lang='lat' dir='ltr'><strong>inte-</strong></span> 
     </span>
    </p>
   </div>
   <div class='ocr_carea' id='block_1_37' title="bbox 263 2344 1839 2421">
    <p class='ocr_par' dir='ltr' id='par_1_37' title="bbox 263 2344 1839 2421">
     <span class='ocr_line' id='line_1_37' title="bbox 263 2344 1839 2421; baseline 0.008 -24"><span class='ocrx_word' id='word_1_264' title='bbox 263 2359 407 2417; x_wconf 65' lang='lat' dir='ltr'><strong>grum</strong></span> <span class='ocrx_word' id='word_1_265' title='bbox 433 2345 608 2401; x_wconf 85' lang='lat' dir='ltr'><strong>totius</strong></span> <span class='ocrx_word' id='word_1_266' title='bbox 631 2344 940 2417; x_wconf 68' lang='lat' dir='ltr'><strong>Byzantium</strong></span> <span class='ocrx_word' id='word_1_267' title='bbox 970 2347 1223 2404; x_wconf 73' lang='lat' dir='ltr'><strong>Historia:</strong></span> <span class='ocrx_word' id='word_1_268' title='bbox 1251 2365 1473 2421; x_wconf 90' lang='lat' dir='ltr'><strong>corpus,</strong></span> <span class='ocrx_word' id='word_1_269' title='bbox 1498 2361 1553 2406; x_wconf 90' lang='lat' dir='ltr'><strong>et</strong></span> <span class='ocrx_word' id='word_1_270' title='bbox 1584 2355 1839 2410; x_wconf 89' lang='lat' dir='ltr'><strong>omnibus</strong></span> 
     </span>
    </p>
   </div>
   <div class='ocr_carea' id='block_1_38' title="bbox 265 2439 1840 2510">
    <p class='ocr_par' dir='ltr' id='par_1_38' title="bbox 265 2439 1840 2510">
     <span class='ocr_line' id='line_1_38' title="bbox 265 2439 1840 2510; baseline 0.007 -19"><span class='ocrx_word' id='word_1_271' title='bbox 265 2452 419 2508; x_wconf 73' lang='grc' dir='ltr'><strong>’πονε</strong></span> <span class='ocrx_word' id='word_1_272' title='bbox 459 2439 718 2495; x_wconf 85' lang='lat' dir='ltr'><strong>numeris</strong></span> <span class='ocrx_word' id='word_1_273' title='bbox 754 2441 871 2496; x_wconf 87' lang='lat' dir='ltr'><strong>suis</strong></span> <span class='ocrx_word' id='word_1_274' title='bbox 910 2439 1242 2510; x_wconf 89' lang='lat' dir='ltr'><strong>absolutum,</strong></span> <span class='ocrx_word' id='word_1_275' title='bbox 1281 2445 1486 2500; x_wconf 89' lang='lat' dir='ltr'><strong>nostris</strong></span> <span class='ocrx_word' id='word_1_276' title='bbox 1523 2447 1840 2503; x_wconf 88' lang='lat' dir='ltr'><strong>hominibus</strong></span> 
     </span>
    </p>
   </div>
   <div class='ocr_carea' id='block_1_39' title="bbox 265 2532 1838 2609">
    <p class='ocr_par' dir='ltr' id='par_1_39' title="bbox 265 2532 1838 2609">
     <span class='ocr_line' id='line_1_39' title="bbox 265 2532 1838 2609; baseline 0.008 -27"><span class='ocrx_word' id='word_1_277' title='bbox 265 2539 662 2598; x_wconf 85' lang='lat' dir='ltr'><strong>proponeretur</strong></span> <span class='ocrx_word' id='word_1_278' title='bbox 691 2549 706 2586; x_wconf 90' lang='lat'><strong>:</strong></span> <span class='ocrx_word' id='word_1_279' title='bbox 739 2532 895 2602; x_wconf 90' lang='lat' dir='ltr'><strong>cujus</strong></span> <span class='ocrx_word' id='word_1_280' title='bbox 925 2533 1087 2588; x_wconf 85' lang='lat' dir='ltr'><strong>lectio</strong></span> <span class='ocrx_word' id='word_1_281' title='bbox 1115 2550 1224 2588; x_wconf 90' lang='lat' dir='ltr'><strong>non</strong></span> <span class='ocrx_word' id='word_1_282' title='bbox 1253 2543 1360 2589; x_wconf 90' lang='lat' dir='ltr'><strong>tam</strong></span> <span class='ocrx_word' id='word_1_283' title='bbox 1391 2536 1655 2607; x_wconf 86' lang='lat' dir='ltr'><strong>jucunda,</strong></span> <span class='ocrx_word' id='word_1_284' title='bbox 1677 2555 1838 2609; x_wconf 85' lang='lat' dir='ltr'><strong>quam</strong></span> 
     </span>
    </p>
   </div>
   <div class='ocr_carea' id='block_1_40' title="bbox 265 2620 1842 2698">
    <p class='ocr_par' dir='ltr' id='par_1_40' title="bbox 265 2620 1842 2698">
     <span class='ocr_line' id='line_1_40' title="bbox 265 2620 1842 2698; baseline 0.01 -27"><span class='ocrx_word' id='word_1_285' title='bbox 265 2620 504 2677; x_wconf 82' lang='lat' dir='ltr'><strong>salutaris</strong></span> <span class='ocrx_word' id='word_1_286' title='bbox 527 2630 706 2690; x_wconf 89' lang='lat' dir='ltr'><strong>esset,</strong></span> <span class='ocrx_word' id='word_1_287' title='bbox 747 2623 793 2679; x_wconf 85' lang='lat' dir='ltr'><strong>si</strong></span> <span class='ocrx_word' id='word_1_288' title='bbox 821 2625 859 2679; x_wconf 91' lang='lat' dir='ltr'><strong>ii</strong></span> <span class='ocrx_word' id='word_1_289' title='bbox 888 2625 982 2695; x_wconf 88' lang='lat' dir='ltr'><strong>qui</strong></span> <span class='ocrx_word' id='word_1_290' title='bbox 1017 2641 1200 2682; x_wconf 89' lang='lat' dir='ltr'><strong>rerum</strong></span> <span class='ocrx_word' id='word_1_291' title='bbox 1245 2629 1554 2698; x_wconf 85' lang='lat' dir='ltr'><strong>potiuntur,</strong></span> <span class='ocrx_word' id='word_1_292' title='bbox 1607 2645 1676 2686; x_wconf 78' lang='lat' dir='ltr'><strong>ex</strong></span> <span class='ocrx_word' id='word_1_293' title='bbox 1711 2630 1842 2686; x_wconf 85' lang='lat' dir='ltr'><strong>alie-</strong></span> 
     </span>
    </p>
   </div>
   <div class='ocr_carea' id='block_1_41' title="bbox 270 2713 1838 2784">
    <p class='ocr_par' dir='ltr' id='par_1_41' title="bbox 270 2713 1838 2784">
     <span class='ocr_line' id='line_1_41' title="bbox 270 2713 1838 2784; baseline 0.009 -20"><span class='ocrx_word' id='word_1_294' title='bbox 270 2713 343 2767; x_wconf 87' lang='lat' dir='ltr'><strong>nis</strong></span> <span class='ocrx_word' id='word_1_295' title='bbox 373 2716 618 2784; x_wconf 83' lang='lat' dir='ltr'><strong>peccatis</strong></span> <span class='ocrx_word' id='word_1_296' title='bbox 659 2733 760 2772; x_wconf 86' lang='lat' dir='ltr'><strong>sua</strong></span> <span class='ocrx_word' id='word_1_297' title='bbox 797 2720 1094 2776; x_wconf 79' lang='lat' dir='ltr'><strong>emendare</strong></span> <span class='ocrx_word' id='word_1_298' title='bbox 1123 2731 1475 2777; x_wconf 82' lang='lat' dir='ltr'><strong>conarentur.</strong></span> <span class='ocrx_word' id='word_1_299' title='bbox 1515 2720 1660 2777; x_wconf 87' lang='lat' dir='ltr'><strong>idem</strong></span> <span class='ocrx_word' id='word_1_300' title='bbox 1691 2725 1838 2778; x_wconf 87' lang='lat' dir='ltr'><strong>enim</strong></span> 
     </span>
    </p>
   </div>
   <div class='ocr_carea' id='block_1_42' title="bbox 269 2805 1839 2885">
    <p class='ocr_par' dir='ltr' id='par_1_42' title="bbox 269 2805 1839 2885">
     <span class='ocr_line' id='line_1_42' title="bbox 269 2805 1839 2885; baseline 0.007 -25"><span class='ocrx_word' id='word_1_301' title='bbox 269 2805 445 2874; x_wconf 85' lang='lat' dir='ltr'><strong>hostis,</strong></span> <span class='ocrx_word' id='word_1_302' title='bbox 479 2809 574 2878; x_wconf 88' lang='lat' dir='ltr'><strong>qui</strong></span> <span class='ocrx_word' id='word_1_303' title='bbox 614 2809 810 2866; x_wconf 79' lang='lat' dir='ltr'><strong>beatas</strong></span> <span class='ocrx_word' id='word_1_304' title='bbox 838 2812 969 2866; x_wconf 81' lang='lat' dir='ltr'><strong>oliui</strong></span> <span class='ocrx_word' id='word_1_305' title='bbox 1004 2812 1148 2868; x_wconf 66' lang='lat' dir='ltr'><strong>Asim</strong></span> <span class='ocrx_word' id='word_1_306' title='bbox 1185 2822 1242 2866; x_wconf 90' lang='lat' dir='ltr'><strong>et</strong></span> <span class='ocrx_word' id='word_1_307' title='bbox 1271 2812 1494 2869; x_wconf 49' lang='grc' dir='ltr'><strong>ϐαθείῃ</strong></span> <span class='ocrx_word' id='word_1_308' title='bbox 1525 2815 1839 2885; x_wconf 88' lang='lat' dir='ltr'><strong>provincias</strong></span> 
     </span>
    </p>
   </div>
   <div class='ocr_carea' id='block_1_43' title="bbox 266 2901 1840 2970">
    <p class='ocr_par' dir='ltr' id='par_1_43' title="bbox 266 2901 1840 2970">
     <span class='ocr_line' id='line_1_43' title="bbox 266 2901 1840 2970; baseline 0.008 -20"><span class='ocrx_word' id='word_1_309' title='bbox 266 2901 540 2967; x_wconf 84' lang='lat' dir='ltr'><strong>oppressit,</strong></span> <span class='ocrx_word' id='word_1_310' title='bbox 577 2903 840 2963; x_wconf 84' lang='lat' dir='ltr'><strong>vastavit.</strong></span> <span class='ocrx_word' id='word_1_311' title='bbox 870 2909 1089 2970; x_wconf 76' lang='lat' dir='ltr'><strong>evertit,</strong></span> <span class='ocrx_word' id='word_1_312' title='bbox 1116 2908 1318 2960; x_wconf 85' lang='lat' dir='ltr'><strong>nostris</strong></span> <span class='ocrx_word' id='word_1_313' title='bbox 1344 2906 1508 2960; x_wconf 86' lang='lat' dir='ltr'><strong>etiam</strong></span> <span class='ocrx_word' id='word_1_314' title='bbox 1534 2908 1840 2962; x_wconf 84' lang='lat' dir='ltr'><strong>cervicibus</strong></span> 
     </span>
    </p>
   </div>
   <div class='ocr_carea' id='block_1_44' title="bbox 272 2992 1843 3066">
    <p class='ocr_par' dir='ltr' id='par_1_44' title="bbox 272 2992 1843 3066">
     <span class='ocr_line' id='line_1_44' title="bbox 272 2992 1843 3066; baseline 0.007 -23"><span class='ocrx_word' id='word_1_315' title='bbox 272 2992 540 3047; x_wconf 80' lang='lat' dir='ltr'><strong>imminet:</strong></span> <span class='ocrx_word' id='word_1_316' title='bbox 587 3003 654 3049; x_wconf 90' lang='lat' dir='ltr'><strong>et</strong></span> <span class='ocrx_word' id='word_1_317' title='bbox 695 3003 941 3050; x_wconf 82' lang='lat' dir='ltr'><strong>extrema</strong></span> <span class='ocrx_word' id='word_1_318' title='bbox 994 3011 1227 3066; x_wconf 64' lang='lat' dir='ltr'><strong>queque</strong></span> <span class='ocrx_word' id='word_1_319' title='bbox 1275 2997 1392 3052; x_wconf 86' lang='lat' dir='ltr'><strong>orbi</strong></span> <span class='ocrx_word' id='word_1_320' title='bbox 1423 2997 1755 3064; x_wconf 86' lang='lat' dir='ltr'><strong>Christiano,</strong></span> <span class='ocrx_word' id='word_1_321' title='bbox 1786 3008 1843 3054; x_wconf 85' lang='lat' dir='ltr'><strong>et</strong></span> 
     </span>
    </p>
   </div>
   <div class='ocr_carea' id='block_1_45' title="bbox 270 3080 1841 3163">
    <p class='ocr_par' dir='ltr' id='par_1_45' title="bbox 270 3080 1841 3163">
     <span class='ocr_line' id='line_1_45' title="bbox 270 3080 1841 3163; baseline 0.01 -31"><span class='ocrx_word' id='word_1_322' title='bbox 270 3080 695 3140; x_wconf 54' lang='lat' dir='ltr'><strong>internecionem</strong></span> <span class='ocrx_word' id='word_1_323' title='bbox 727 3087 1002 3159; x_wconf 67' lang='lat' dir='ltr'><strong>religioni,</strong></span> <span class='ocrx_word' id='word_1_324' title='bbox 1035 3087 1238 3144; x_wconf 75' lang='lat' dir='ltr'><strong>frustra</strong></span> <span class='ocrx_word' id='word_1_325' title='bbox 1273 3090 1349 3145; x_wconf 91' lang='lat' dir='ltr'><strong>illi</strong></span> <span class='ocrx_word' id='word_1_326' title='bbox 1371 3091 1594 3160; x_wconf 87' lang='lat' dir='ltr'><strong>quidem</strong></span> <span class='ocrx_word' id='word_1_327' title='bbox 1641 3099 1841 3163; x_wconf 87' lang='lat' dir='ltr'><strong>(neque</strong></span> 
     </span>
    </p>
   </div>
   <div class='ocr_carea' id='block_1_46' title="bbox 1948 1875 3536 1948">
    <p class='ocr_par' dir='ltr' id='par_1_46' title="bbox 1948 1875 3536 1948">
     <span class='ocr_line' id='line_1_46' title="bbox 1948 1875 3536 1948; baseline -0.005 -15"><span class='ocrx_word' id='word_1_328' title='bbox 1948 1888 2034 1933; x_wconf 83' lang='lat' dir='ltr'><strong>est</strong></span> <span class='ocrx_word' id='word_1_329' title='bbox 2076 1894 2236 1948; x_wconf 86' lang='lat' dir='ltr'><strong>opus.</strong></span> <span class='ocrx_word' id='word_1_330' title='bbox 2293 1876 2428 1932; x_wconf 84' lang='lat' dir='ltr'><strong>Nam</strong></span> <span class='ocrx_word' id='word_1_331' title='bbox 2475 1893 2584 1948; x_wconf 87' lang='lat' dir='ltr'><strong>quo</strong></span> <span class='ocrx_word' id='word_1_332' title='bbox 2637 1875 2875 1948; x_wconf 79' lang='lat' dir='ltr'><strong>ingenio,</strong></span> <span class='ocrx_word' id='word_1_333' title='bbox 2925 1877 3193 1934; x_wconf 82' lang='lat' dir='ltr'><strong>doctrina.</strong></span> <span class='ocrx_word' id='word_1_334' title='bbox 3259 1877 3536 1940; x_wconf 78' lang='lat' dir='ltr'><strong>facundia,</strong></span> 
     </span>
    </p>
   </div>
   <div class='ocr_carea' id='block_1_47' title="bbox 1950 1969 3535 2041">
    <p class='ocr_par' dir='ltr' id='par_1_47' title="bbox 1950 1969 3535 2041">
     <span class='ocr_line' id='line_1_47' title="bbox 1950 1969 3535 2041; baseline -0.001 -17"><span class='ocrx_word' id='word_1_335' title='bbox 1950 1973 2280 2025; x_wconf 86' lang='lat' dir='ltr'><strong>auctoritate</strong></span> <span class='ocrx_word' id='word_1_336' title='bbox 2308 1970 2451 2041; x_wconf 73' lang='lat' dir='ltr'><strong>apud</strong></span> <span class='ocrx_word' id='word_1_337' title='bbox 2482 1985 2611 2024; x_wconf 87' lang='lat' dir='ltr'><strong>suos</strong></span> <span class='ocrx_word' id='word_1_338' title='bbox 2639 1969 2824 2033; x_wconf 91' lang='lat' dir='ltr'><strong>fuerit,</strong></span> <span class='ocrx_word' id='word_1_339' title='bbox 2861 1972 2979 2040; x_wconf 89' lang='lat' dir='ltr'><strong>ipse</strong></span> <span class='ocrx_word' id='word_1_340' title='bbox 3017 1971 3233 2024; x_wconf 87' lang='lat' dir='ltr'><strong>abunde</strong></span> <span class='ocrx_word' id='word_1_341' title='bbox 3272 1970 3535 2023; x_wconf 76' lang='lat' dir='ltr'><strong>declarat.</strong></span> 
     </span>
    </p>
   </div>
   <div class='ocr_carea' id='block_1_48' title="bbox 1949 2060 3539 2134">
    <p class='ocr_par' dir='ltr' id='par_1_48' title="bbox 1949 2060 3539 2134">
     <span class='ocr_line' id='line_1_48' title="bbox 1949 2060 3539 2134; baseline 0.001 -20"><span class='ocrx_word' id='word_1_342' title='bbox 1949 2060 2124 2129; x_wconf 83' lang='lat' dir='ltr'><strong>Quem</strong></span> <span class='ocrx_word' id='word_1_343' title='bbox 2173 2078 2299 2118; x_wconf 90' lang='lat' dir='ltr'><strong>eum</strong></span> <span class='ocrx_word' id='word_1_344' title='bbox 2351 2079 2414 2118; x_wconf 89' lang='lat' dir='ltr'><strong>ea</strong></span> <span class='ocrx_word' id='word_1_345' title='bbox 2447 2079 2571 2134; x_wconf 68' lang='lat' dir='ltr'><strong>quae</strong></span> <span class='ocrx_word' id='word_1_346' title='bbox 2604 2064 2673 2117; x_wconf 89' lang='lat' dir='ltr'><strong>de</strong></span> <span class='ocrx_word' id='word_1_347' title='bbox 2705 2060 2972 2117; x_wconf 79' lang='lat' dir='ltr'><strong>Michaele</strong></span> <span class='ocrx_word' id='word_1_348' title='bbox 3009 2061 3316 2132; x_wconf 68' lang='lat' dir='ltr'><strong>Palaeulugo</strong></span> <span class='ocrx_word' id='word_1_349' title='bbox 3364 2079 3539 2130; x_wconf 83' lang='lat' dir='ltr'><strong>usque</strong></span> 
     </span>
    </p>
   </div>
   <div class='ocr_carea' id='block_1_49' title="bbox 1949 2153 3538 2211">
    <p class='ocr_par' dir='ltr' id='par_1_49' title="bbox 1949 2153 3538 2211">
     <span class='ocr_line' id='line_1_49' title="bbox 1949 2153 3538 2211; baseline 0 -3"><span class='ocrx_word' id='word_1_350' title='bbox 1949 2156 2015 2208; x_wconf 82' lang='lat' dir='ltr'><strong>ad</strong></span> <span class='ocrx_word' id='word_1_351' title='bbox 2049 2153 2437 2211; x_wconf 88' lang='lat' dir='ltr'><strong>Catelanorum</strong></span> <span class='ocrx_word' id='word_1_352' title='bbox 2473 2157 2541 2210; x_wconf 90' lang='lat' dir='ltr'><strong>ab</strong></span> <span class='ocrx_word' id='word_1_353' title='bbox 2576 2154 2892 2210; x_wconf 78' lang='lat' dir='ltr'><strong>Andronico</strong></span> <span class='ocrx_word' id='word_1_354' title='bbox 2920 2155 3137 2210; x_wconf 78' lang='lat' dir='ltr'><strong>seniore</strong></span> <span class='ocrx_word' id='word_1_355' title='bbox 3171 2155 3538 2208; x_wconf 46' lang='lat' dir='ltr'><strong>deft-elicuem</strong></span> 
     </span>
    </p>
   </div>
   <div class='ocr_carea' id='block_1_50' title="bbox 1949 2244 3537 2318">
    <p class='ocr_par' dir='ltr' id='par_1_50' title="bbox 1949 2244 3537 2318">
     <span class='ocr_line' id='line_1_50' title="bbox 1949 2244 3537 2318; baseline -0.002 -17"><span class='ocrx_word' id='word_1_356' title='bbox 1949 2246 2160 2308; x_wconf 55' lang='lat' dir='ltr'><strong>scribit,</strong></span> <span class='ocrx_word' id='word_1_357' title='bbox 2219 2264 2245 2300; x_wconf 86' lang='lat' dir='ltr'><strong>a</strong></span> <span class='ocrx_word' id='word_1_358' title='bbox 2306 2247 2542 2318; x_wconf 78' lang='lat' dir='ltr'><strong>Georgio</strong></span> <span class='ocrx_word' id='word_1_359' title='bbox 2595 2244 2955 2317; x_wconf 81' lang='lat' dir='ltr'><strong>Pachymcrio</strong></span> <span class='ocrx_word' id='word_1_360' title='bbox 3010 2254 3315 2298; x_wconf 83' lang='lat' dir='ltr'><strong>mutuatum</strong></span> <span class='ocrx_word' id='word_1_361' title='bbox 3371 2261 3537 2311; x_wconf 70' lang='lat' dir='ltr'><strong>csse,</strong></span> 
     </span>
    </p>
   </div>
   <div class='ocr_carea' id='block_1_51' title="bbox 1951 2337 3537 2408">
    <p class='ocr_par' dir='ltr' id='par_1_51' title="bbox 1951 2337 3537 2408">
     <span class='ocr_line' id='line_1_51' title="bbox 1951 2337 3537 2408; baseline -0.001 -16"><span class='ocrx_word' id='word_1_362' title='bbox 1951 2339 2200 2408; x_wconf 88' lang='lat' dir='ltr'><strong>atquein</strong></span> <span class='ocrx_word' id='word_1_363' title='bbox 2238 2338 2625 2408; x_wconf 83' lang='lat' dir='ltr'><strong>compendium</strong></span> <span class='ocrx_word' id='word_1_364' title='bbox 2673 2339 2954 2407; x_wconf 75' lang='lat' dir='ltr'><strong>redegisse</strong></span> <span class='ocrx_word' id='word_1_365' title='bbox 3000 2337 3378 2408; x_wconf 74' lang='lat' dir='ltr'><strong>cognovissent</strong></span> <span class='ocrx_word' id='word_1_366' title='bbox 3424 2355 3436 2389; x_wconf 92' lang='lat'><strong>:</strong></span> <span class='ocrx_word' id='word_1_367' title='bbox 3469 2353 3537 2391; x_wconf 73' lang='lat' dir='ltr'><strong>ex</strong></span> 
     </span>
    </p>
   </div>
   <div class='ocr_carea' id='block_1_52' title="bbox 1952 2429 3540 2502">
    <p class='ocr_par' dir='ltr' id='par_1_52' title="bbox 1952 2429 3540 2502">
     <span class='ocr_line' id='line_1_52' title="bbox 1952 2429 3540 2502; baseline 0.001 -21"><span class='ocrx_word' id='word_1_368' title='bbox 1952 2429 2268 2502; x_wconf 78' lang='lat' dir='ltr'><strong>Angustana</strong></span> <span class='ocrx_word' id='word_1_369' title='bbox 2323 2430 2652 2486; x_wconf 84' lang='lat' dir='ltr'><strong>bibliotheca</strong></span> <span class='ocrx_word' id='word_1_370' title='bbox 2712 2429 2845 2484; x_wconf 91' lang='lat' dir='ltr'><strong>illud</strong></span> <span class='ocrx_word' id='word_1_371' title='bbox 2896 2445 3035 2499; x_wconf 80' lang='lat' dir='ltr'><strong>Opus</strong></span> <span class='ocrx_word' id='word_1_372' title='bbox 3079 2440 3363 2498; x_wconf 76' lang='lat' dir='ltr'><strong>acceptum</strong></span> <span class='ocrx_word' id='word_1_373' title='bbox 3413 2445 3540 2499; x_wconf 82' lang='lat' dir='ltr'><strong>per-</strong></span> 
     </span>
    </p>
   </div>
   <div class='ocr_carea' id='block_1_53' title="bbox 1945 2515 3538 2592">
    <p class='ocr_par' dir='ltr' id='par_1_53' title="bbox 1945 2515 3538 2592">
     <span class='ocr_line' id='line_1_53' title="bbox 1945 2515 3538 2592; baseline 0.001 -19"><span class='ocrx_word' id='word_1_374' title='bbox 1945 2519 2053 2591; x_wconf 77' lang='lat' dir='ltr'><strong>legi</strong></span> <span class='ocrx_word' id='word_1_375' title='bbox 2105 2541 2120 2577; x_wconf 90' lang='lat'><strong>:</strong></span> <span class='ocrx_word' id='word_1_376' title='bbox 2181 2531 2234 2576; x_wconf 84' lang='lat' dir='ltr'><strong>et</strong></span> <span class='ocrx_word' id='word_1_377' title='bbox 2282 2515 2403 2592; x_wconf 71' lang='lat' dir='ltr'><strong>qlitc</strong></span> <span class='ocrx_word' id='word_1_378' title='bbox 2454 2537 2563 2576; x_wconf 92' lang='lat' dir='ltr'><strong>non</strong></span> <span class='ocrx_word' id='word_1_379' title='bbox 2621 2520 2836 2575; x_wconf 84' lang='lat' dir='ltr'><strong>inutilia</strong></span> <span class='ocrx_word' id='word_1_380' title='bbox 2881 2521 3228 2585; x_wconf 83' lang='lat' dir='ltr'><strong>videbantur,</strong></span> <span class='ocrx_word' id='word_1_381' title='bbox 3277 2534 3538 2591; x_wconf 69' lang='lat' dir='ltr'><strong>excerpta</strong></span> 
     </span>
    </p>
   </div>
   <div class='ocr_carea' id='block_1_54' title="bbox 1953 2615 3536 2687">
    <p class='ocr_par' dir='ltr' id='par_1_54' title="bbox 1953 2615 3536 2687">
     <span class='ocr_line' id='line_1_54' title="bbox 1953 2615 3536 2687; baseline -0.001 -17"><span class='ocrx_word' id='word_1_382' title='bbox 1953 2615 2212 2686; x_wconf 70' lang='lat' dir='ltr'><strong>Gregora:</strong></span> <span class='ocrx_word' id='word_1_383' title='bbox 2258 2615 2435 2687; x_wconf 76' lang='lat' dir='ltr'><strong>adieci</strong></span> <span class='ocrx_word' id='word_1_384' title='bbox 2470 2632 2484 2671; x_wconf 86' lang='lat'><strong>:</strong></span> <span class='ocrx_word' id='word_1_385' title='bbox 2517 2632 2610 2679; x_wconf 86' lang='lat' dir='ltr'><strong>ne.</strong></span> <span class='ocrx_word' id='word_1_386' title='bbox 2643 2615 2820 2686; x_wconf 85' lang='lat' dir='ltr'><strong>quoad</strong></span> <span class='ocrx_word' id='word_1_387' title='bbox 2861 2631 3077 2686; x_wconf 86' lang='lat' dir='ltr'><strong>possem</strong></span> <span class='ocrx_word' id='word_1_388' title='bbox 3107 2625 3160 2669; x_wconf 91' lang='lat' dir='ltr'><strong>et</strong></span> <span class='ocrx_word' id='word_1_389' title='bbox 3194 2615 3402 2680; x_wconf 86' lang='lat' dir='ltr'><strong>liceret,</strong></span> <span class='ocrx_word' id='word_1_390' title='bbox 3443 2630 3536 2668; x_wconf 77' lang='lat' dir='ltr'><strong>vo—</strong></span> 
     </span>
    </p>
   </div>
   <div class='ocr_carea' id='block_1_55' title="bbox 1951 2697 3547 2778">
    <p class='ocr_par' dir='ltr' id='par_1_55' title="bbox 1951 2697 3547 2778">
     <span class='ocr_line' id='line_1_55' title="bbox 1951 2697 3547 2778; baseline 0.001 -18"><span class='ocrx_word' id='word_1_391' title='bbox 1951 2706 2148 2762; x_wconf 81' lang='lat' dir='ltr'><strong>lunlati</strong></span> <span class='ocrx_word' id='word_1_392' title='bbox 2209 2718 2314 2762; x_wconf 66' lang='lat' dir='ltr'><strong>tua:</strong></span> <span class='ocrx_word' id='word_1_393' title='bbox 2347 2717 2514 2777; x_wconf 82' lang='lat' dir='ltr'><strong>atque</strong></span> <span class='ocrx_word' id='word_1_394' title='bbox 2562 2707 2748 2764; x_wconf 83' lang='lat' dir='ltr'><strong>officio</strong></span> <span class='ocrx_word' id='word_1_395' title='bbox 2777 2723 2902 2763; x_wconf 83' lang='lat' dir='ltr'><strong>meo</strong></span> <span class='ocrx_word' id='word_1_396' title='bbox 2943 2708 3216 2763; x_wconf 75' lang='lat' dir='ltr'><strong>deessem.</strong></span> <span class='ocrx_word' id='word_1_397' title='bbox 3263 2709 3338 2760; x_wconf 83' lang='lat' dir='ltr'><strong>Ac</strong></span> <span class='ocrx_word' id='word_1_398' title='bbox 3379 2697 3547 2778; x_wconf 62' lang='lat' dir='ltr'><strong>plura&#39;</strong></span> 
     </span>
    </p>
   </div>
   <div class='ocr_carea' id='block_1_56' title="bbox 1957 2800 3539 2872">
    <p class='ocr_par' dir='ltr' id='par_1_56' title="bbox 1957 2800 3539 2872">
     <span class='ocr_line' id='line_1_56' title="bbox 1957 2800 3539 2872; baseline -0.001 -14"><span class='ocrx_word' id='word_1_399' title='bbox 1957 2818 2089 2858; x_wconf 85' lang='lat' dir='ltr'><strong>sane</strong></span> <span class='ocrx_word' id='word_1_400' title='bbox 2118 2801 2484 2872; x_wconf 80' lang='lat' dir='ltr'><strong>collegissem,</strong></span> <span class='ocrx_word' id='word_1_401' title='bbox 2524 2802 2628 2855; x_wconf 87' lang='lat' dir='ltr'><strong>nisi</strong></span> <span class='ocrx_word' id='word_1_402' title='bbox 2661 2802 2710 2857; x_wconf 88' lang='lat' dir='ltr'><strong>is</strong></span> <span class='ocrx_word' id='word_1_403' title='bbox 2741 2803 2910 2856; x_wconf 79' lang='lat' dir='ltr'><strong>codex</strong></span> <span class='ocrx_word' id='word_1_404' title='bbox 2954 2814 3008 2855; x_wconf 86' lang='lat' dir='ltr'><strong>et</strong></span> <span class='ocrx_word' id='word_1_405' title='bbox 3036 2800 3306 2870; x_wconf 88' lang='lat' dir='ltr'><strong>principio</strong></span> <span class='ocrx_word' id='word_1_406' title='bbox 3334 2812 3390 2856; x_wconf 89' lang='lat' dir='ltr'><strong>et</strong></span> <span class='ocrx_word' id='word_1_407' title='bbox 3431 2807 3539 2856; x_wconf 86' lang='lat' dir='ltr'><strong>tine</strong></span> 
     </span>
    </p>
   </div>
   <div class='ocr_carea' id='block_1_57' title="bbox 1913 2892 3541 2966">
    <p class='ocr_par' dir='ltr' id='par_1_57' title="bbox 1913 2892 3541 2966">
     <span class='ocr_line' id='line_1_57' title="bbox 1913 2892 3541 2966; baseline 0.003 -24"><span class='ocrx_word' id='word_1_408' title='bbox 1913 2894 2199 2958; x_wconf 88' lang='lat' dir='ltr'><strong>_mutilus,</strong></span> <span class='ocrx_word' id='word_1_409' title='bbox 2239 2895 2293 2965; x_wconf 81' lang='lat' dir='ltr'><strong>in</strong></span> <span class='ocrx_word' id='word_1_410' title='bbox 2325 2894 2509 2948; x_wconf 88' lang='lat' dir='ltr'><strong>medio</strong></span> <span class='ocrx_word' id='word_1_411' title='bbox 2543 2893 2707 2948; x_wconf 87' lang='lat' dir='ltr'><strong>etiam</strong></span> <span class='ocrx_word' id='word_1_412' title='bbox 2754 2892 2960 2966; x_wconf 83' lang='lat' dir='ltr'><strong>aliquot</strong></span> <span class='ocrx_word' id='word_1_413' title='bbox 3003 2893 3148 2947; x_wconf 80' lang='lat' dir='ltr'><strong>fuhis</strong></span> <span class='ocrx_word' id='word_1_414' title='bbox 3195 2895 3390 2961; x_wconf 80' lang='lat' dir='ltr'><strong>partim</strong></span> <span class='ocrx_word' id='word_1_415' title='bbox 3441 2911 3541 2947; x_wconf 74' lang='lat' dir='ltr'><strong>ex-</strong></span> 
     </span>
    </p>
   </div>
   <div class='ocr_carea' id='block_1_58' title="bbox 1895 2985 3535 3058">
    <p class='ocr_par' dir='ltr' id='par_1_58' title="bbox 1895 2985 3535 3058">
     <span class='ocr_line' id='line_1_58' title="bbox 1895 2985 3535 3058; baseline -0.001 -18"><span class='ocrx_word' id='word_1_416' title='bbox 1895 2996 1911 3008; x_wconf 75' lang='grc'><em>’</em></span> <span class='ocrx_word' id='word_1_417' title='bbox 1952 2987 2138 3049; x_wconf 80' lang='lat' dir='ltr'><strong>sectis,</strong></span> <span class='ocrx_word' id='word_1_418' title='bbox 2172 2989 2369 3056; x_wconf 86' lang='lat' dir='ltr'><strong>partim</strong></span> <span class='ocrx_word' id='word_1_419' title='bbox 2407 2986 2634 3040; x_wconf 88' lang='lat' dir='ltr'><strong>marinis</strong></span> <span class='ocrx_word' id='word_1_420' title='bbox 2664 2985 2920 3042; x_wconf 81' lang='lat' dir='ltr'><strong>ﬂuctibus</strong></span> <span class='ocrx_word' id='word_1_421' title='bbox 2966 2986 3049 3058; x_wconf 86' lang='lat' dir='ltr'><strong>(ut</strong></span> <span class='ocrx_word' id='word_1_422' title='bbox 3077 2987 3299 3056; x_wconf 87' lang='lat' dir='ltr'><strong>opinor)</strong></span> <span class='ocrx_word' id='word_1_423' title='bbox 3347 2991 3535 3039; x_wconf 79' lang='lat' dir='ltr'><strong>made-</strong></span> 
     </span>
    </p>
   </div>
   <div class='ocr_carea' id='block_1_59' title="bbox 1953 3080 3541 3146">
    <p class='ocr_par' dir='ltr' id='par_1_59' title="bbox 1953 3080 3541 3146">
     <span class='ocr_line' id='line_1_59' title="bbox 1953 3080 3541 3146; baseline -0.001 -12"><span class='ocrx_word' id='word_1_424' title='bbox 1953 3081 2132 3146; x_wconf 84' lang='lat' dir='ltr'><strong>factis,</strong></span> <span class='ocrx_word' id='word_1_425' title='bbox 2182 3090 2238 3136; x_wconf 90' lang='lat' dir='ltr'><strong>ct</strong></span> <span class='ocrx_word' id='word_1_426' title='bbox 2290 3082 2488 3135; x_wconf 81' lang='lat' dir='ltr'><strong>litteris</strong></span> <span class='ocrx_word' id='word_1_427' title='bbox 2537 3090 2808 3135; x_wconf 79' lang='lat' dir='ltr'><strong>vetustate</strong></span> <span class='ocrx_word' id='word_1_428' title='bbox 2858 3080 3320 3144; x_wconf 73' lang='lat' dir='ltr'><strong>exolescentibus,</strong></span> <span class='ocrx_word' id='word_1_429' title='bbox 3353 3082 3541 3133; x_wconf 79' lang='lat' dir='ltr'><strong>studio</strong></span> 
     </span>
    </p>
   </div>
   <div class='ocr_carea' id='block_1_60' title="bbox 270 3152 3536 3252">
    <p class='ocr_par' dir='ltr' id='par_1_60' title="bbox 270 3152 3536 3252">
     <span class='ocr_line' id='line_1_60' title="bbox 270 3152 3536 3252; baseline -0.002 -21"><span class='ocrx_word' id='word_1_430' title='bbox 270 3177 404 3234; x_wconf 82' lang='lat' dir='ltr'><strong>enim</strong></span> <span class='ocrx_word' id='word_1_431' title='bbox 445 3178 666 3236; x_wconf 72' lang='lat' dir='ltr'><strong>Christi</strong></span> <span class='ocrx_word' id='word_1_432' title='bbox 717 3152 1026 3238; x_wconf 46' lang='lat' dir='ltr'><strong>screatoris</strong></span> <span class='ocrx_word' id='word_1_433' title='bbox 1075 3181 1249 3236; x_wconf 69' lang='lat' dir='ltr'><strong>nostri</strong></span> <span class='ocrx_word' id='word_1_434' title='bbox 1305 3152 1553 3252; x_wconf 60' lang='grc' dir='ltr'><strong>ροίειιιίε</strong></span> <span class='ocrx_word' id='word_1_435' title='bbox 1587 3152 1844 3239; x_wconf 43' lang='lat' dir='ltr'><strong>Imma-nis</strong></span> <span class='ocrx_word' id='word_1_436' title='bbox 1869 3152 1916 3213; x_wconf 72' lang='grc' dir='ltr'>ο</span> <span class='ocrx_word' id='word_1_437' title='bbox 1948 3191 2071 3229; x_wconf 87' lang='lat' dir='ltr'><strong>meo</strong></span> <span class='ocrx_word' id='word_1_438' title='bbox 2101 3184 2158 3230; x_wconf 87' lang='lat' dir='ltr'><strong>et</strong></span> <span class='ocrx_word' id='word_1_439' title='bbox 2177 3174 2352 3230; x_wconf 90' lang='lat' dir='ltr'><strong>oculis</strong></span> <span class='ocrx_word' id='word_1_440' title='bbox 2381 3175 2638 3230; x_wconf 85' lang='lat' dir='ltr'><strong>diuturna</strong></span> <span class='ocrx_word' id='word_1_441' title='bbox 2673 3173 2789 3228; x_wconf 84' lang='lat' dir='ltr'><strong>fere</strong></span> <span class='ocrx_word' id='word_1_442' title='bbox 2820 3183 2876 3227; x_wconf 91' lang='lat' dir='ltr'><strong>et</strong></span> <span class='ocrx_word' id='word_1_443' title='bbox 2907 3181 3171 3244; x_wconf 76' lang='lat' dir='ltr'><strong>perpetua</strong></span> <span class='ocrx_word' id='word_1_444' title='bbox 3195 3172 3434 3227; x_wconf 90' lang='lat' dir='ltr'><strong>lectione</strong></span> <span class='ocrx_word' id='word_1_445' title='bbox 3471 3190 3536 3226; x_wconf 87' lang='lat' dir='ltr'><strong>ac</strong></span> 
     </span>
    </p>
   </div>
   <div class='ocr_carea' id='block_1_61' title="bbox 269 3271 1843 3348">
    <p class='ocr_par' dir='ltr' id='par_1_61' title="bbox 269 3271 1843 3348">
     <span class='ocr_line' id='line_1_61' title="bbox 269 3271 1843 3348; baseline 0.008 -29"><span class='ocrx_word' id='word_1_446' title='bbox 269 3271 418 3324; x_wconf 87' lang='lat' dir='ltr'><strong>armis</strong></span> <span class='ocrx_word' id='word_1_447' title='bbox 445 3273 589 3328; x_wconf 87' lang='lat' dir='ltr'><strong>vinci</strong></span> <span class='ocrx_word' id='word_1_448' title='bbox 630 3283 855 3344; x_wconf 72' lang='lat' dir='ltr'><strong>potest),</strong></span> <span class='ocrx_word' id='word_1_449' title='bbox 881 3273 978 3329; x_wconf 86' lang='lat' dir='ltr'><strong>sed</strong></span> <span class='ocrx_word' id='word_1_450' title='bbox 1012 3273 1173 3330; x_wconf 87' lang='lat' dir='ltr'><strong>nobis</strong></span> <span class='ocrx_word' id='word_1_451' title='bbox 1203 3290 1313 3329; x_wconf 90' lang='lat' dir='ltr'><strong>non</strong></span> <span class='ocrx_word' id='word_1_452' title='bbox 1342 3275 1464 3331; x_wconf 84' lang='lat' dir='ltr'><strong>siue</strong></span> <span class='ocrx_word' id='word_1_453' title='bbox 1487 3277 1711 3345; x_wconf 84' lang='lat' dir='ltr'><strong>capitali</strong></span> <span class='ocrx_word' id='word_1_454' title='bbox 1742 3293 1843 3348; x_wconf 85' lang='lat' dir='ltr'><strong>pe-</strong></span> 
     </span>
    </p>
   </div>
   <div class='ocr_carea' id='block_1_62' title="bbox 271 3361 1846 3433">
    <p class='ocr_par' dir='ltr' id='par_1_62' title="bbox 271 3361 1846 3433">
     <span class='ocr_line' id='line_1_62' title="bbox 271 3361 1846 3433; baseline 0.006 -20"><span class='ocrx_word' id='word_1_455' title='bbox 271 3361 429 3418; x_wconf 88' lang='lat' dir='ltr'><strong>riculo</strong></span> <span class='ocrx_word' id='word_1_456' title='bbox 462 3367 712 3420; x_wconf 82' lang='lat' dir='ltr'><strong>minatur</strong></span> <span class='ocrx_word' id='word_1_457' title='bbox 745 3382 760 3419; x_wconf 89' lang='lat'>:</span> <span class='ocrx_word' id='word_1_458' title='bbox 790 3374 848 3422; x_wconf 88' lang='lat' dir='ltr'><strong>et</strong></span> <span class='ocrx_word' id='word_1_459' title='bbox 885 3365 961 3421; x_wconf 89' lang='lat' dir='ltr'><strong>ita</strong></span> <span class='ocrx_word' id='word_1_460' title='bbox 991 3366 1252 3433; x_wconf 87' lang='lat' dir='ltr'><strong>minatur,</strong></span> <span class='ocrx_word' id='word_1_461' title='bbox 1290 3376 1348 3422; x_wconf 89' lang='lat' dir='ltr'><strong>ut</strong></span> <span class='ocrx_word' id='word_1_462' title='bbox 1384 3367 1491 3424; x_wconf 89' lang='lat' dir='ltr'><strong>hoc</strong></span> <span class='ocrx_word' id='word_1_463' title='bbox 1518 3367 1846 3424; x_wconf 65' lang='lat' dir='ltr'><strong>Christianae</strong></span> 
     </span>
    </p>
   </div>
   <div class='ocr_carea' id='block_1_63' title="bbox 273 3460 1844 3530">
    <p class='ocr_par' dir='ltr' id='par_1_63' title="bbox 273 3460 1844 3530">
     <span class='ocr_line' id='line_1_63' title="bbox 273 3460 1844 3530; baseline 0.001 -17"><span class='ocrx_word' id='word_1_464' title='bbox 273 3462 574 3529; x_wconf 64' lang='lat' dir='ltr'><strong>reipublicae</strong></span> <span class='ocrx_word' id='word_1_465' title='bbox 623 3468 771 3515; x_wconf 88' lang='lat' dir='ltr'><strong>statu</strong></span> <span class='ocrx_word' id='word_1_466' title='bbox 797 3461 982 3530; x_wconf 87' lang='lat' dir='ltr'><strong>(quem</strong></span> <span class='ocrx_word' id='word_1_467' title='bbox 1012 3460 1096 3515; x_wconf 82' lang='lat' dir='ltr'><strong>vel</strong></span> <span class='ocrx_word' id='word_1_468' title='bbox 1144 3460 1272 3514; x_wconf 87' lang='lat' dir='ltr'><strong>mali</strong></span> <span class='ocrx_word' id='word_1_469' title='bbox 1306 3460 1506 3515; x_wconf 88' lang='lat' dir='ltr'><strong>ominis</strong></span> <span class='ocrx_word' id='word_1_470' title='bbox 1552 3475 1716 3516; x_wconf 85' lang='lat' dir='ltr'><strong>causa</strong></span> <span class='ocrx_word' id='word_1_471' title='bbox 1763 3463 1844 3515; x_wconf 83' lang='lat' dir='ltr'><strong>vi-</strong></span> 
     </span>
    </p>
   </div>
   <div class='ocr_carea' id='block_1_64' title="bbox 272 3551 1844 3625">
    <p class='ocr_par' dir='ltr' id='par_1_64' title="bbox 272 3551 1844 3625">
     <span class='ocr_line' id='line_1_64' title="bbox 272 3551 1844 3625; baseline 0.001 -19"><span class='ocrx_word' id='word_1_472' title='bbox 272 3553 430 3616; x_wconf 84' lang='lat' dir='ltr'><strong>tandi.</strong></span> <span class='ocrx_word' id='word_1_473' title='bbox 456 3554 541 3609; x_wconf 78' lang='lat' dir='ltr'><strong>vel</strong></span> <span class='ocrx_word' id='word_1_474' title='bbox 573 3570 652 3608; x_wconf 86' lang='lat' dir='ltr'><strong>ne</strong></span> <span class='ocrx_word' id='word_1_475' title='bbox 677 3552 770 3624; x_wconf 86' lang='lat' dir='ltr'><strong>qui</strong></span> <span class='ocrx_word' id='word_1_476' title='bbox 801 3567 862 3608; x_wconf 85' lang='lat' dir='ltr'><strong>se</strong></span> <span class='ocrx_word' id='word_1_477' title='bbox 897 3551 1194 3623; x_wconf 73' lang='lat' dir='ltr'><strong>perstringi</strong></span> <span class='ocrx_word' id='word_1_478' title='bbox 1223 3561 1440 3623; x_wconf 86' lang='lat' dir='ltr'><strong>putent,</strong></span> <span class='ocrx_word' id='word_1_479' title='bbox 1473 3569 1599 3608; x_wconf 90' lang='lat' dir='ltr'><strong>cum</strong></span> <span class='ocrx_word' id='word_1_480' title='bbox 1633 3551 1844 3625; x_wconf 84' lang='lat' dir='ltr'><strong>Byzan-</strong></span> 
     </span>
    </p>
   </div>
   <div class='ocr_carea' id='block_1_65' title="bbox 273 3645 1842 3716">
    <p class='ocr_par' dir='ltr' id='par_1_65' title="bbox 273 3645 1842 3716">
     <span class='ocr_line' id='line_1_65' title="bbox 273 3645 1842 3716; baseline 0 -16"><span class='ocrx_word' id='word_1_481' title='bbox 273 3648 378 3702; x_wconf 86' lang='lat' dir='ltr'><strong>tino</strong></span> <span class='ocrx_word' id='word_1_482' title='bbox 424 3649 563 3702; x_wconf 83' lang='lat' dir='ltr'><strong>haud</strong></span> <span class='ocrx_word' id='word_1_483' title='bbox 617 3645 869 3716; x_wconf 87' lang='lat' dir='ltr'><strong>confero)</strong></span> <span class='ocrx_word' id='word_1_484' title='bbox 907 3646 1068 3701; x_wconf 69' lang='lat' dir='ltr'><strong>mina:</strong></span> <span class='ocrx_word' id='word_1_485' title='bbox 1121 3646 1242 3715; x_wconf 90' lang='lat' dir='ltr'><strong>ejus</strong></span> <span class='ocrx_word' id='word_1_486' title='bbox 1287 3661 1316 3696; x_wconf 81' lang='lat' dir='ltr'><strong>a</strong></span> <span class='ocrx_word' id='word_1_487' title='bbox 1370 3647 1590 3700; x_wconf 88' lang='lat' dir='ltr'><strong>nemine</strong></span> <span class='ocrx_word' id='word_1_488' title='bbox 1619 3648 1842 3701; x_wconf 75' lang='lat' dir='ltr'><strong>conlato</strong></span> 
     </span>
    </p>
   </div>
   <div class='ocr_carea' id='block_1_66' title="bbox 275 3735 1847 3808">
    <p class='ocr_par' dir='ltr' id='par_1_66' title="bbox 275 3735 1847 3808">
     <span class='ocr_line' id='line_1_66' title="bbox 275 3735 1847 3808; baseline -0.001 -14"><span class='ocrx_word' id='word_1_489' title='bbox 275 3739 532 3794; x_wconf 75' lang='lat' dir='ltr'><strong>contemni</strong></span> <span class='ocrx_word' id='word_1_490' title='bbox 582 3749 815 3808; x_wconf 81' lang='lat' dir='ltr'><strong>queant.</strong></span> <span class='ocrx_word' id='word_1_491' title='bbox 864 3735 962 3792; x_wconf 87' lang='lat' dir='ltr'><strong>Sin</strong></span> <span class='ocrx_word' id='word_1_492' title='bbox 1010 3738 1180 3807; x_wconf 70' lang='lat' dir='ltr'><strong>aliqui</strong></span> <span class='ocrx_word' id='word_1_493' title='bbox 1226 3737 1299 3792; x_wconf 91' lang='lat' dir='ltr'><strong>ita</strong></span> <span class='ocrx_word' id='word_1_494' title='bbox 1332 3746 1578 3807; x_wconf 86' lang='lat' dir='ltr'><strong>stupent,</strong></span> <span class='ocrx_word' id='word_1_495' title='bbox 1622 3749 1677 3792; x_wconf 91' lang='lat' dir='ltr'><strong>ut</strong></span> <span class='ocrx_word' id='word_1_496' title='bbox 1729 3739 1847 3793; x_wconf 83' lang='lat' dir='ltr'><strong>ha-c</strong></span> 
     </span>
    </p>
   </div>
   <div class='ocr_carea' id='block_1_67' title="bbox 274 3828 1840 3899">
    <p class='ocr_par' dir='ltr' id='par_1_67' title="bbox 274 3828 1840 3899">
     <span class='ocr_line' id='line_1_67' title="bbox 274 3828 1840 3899; baseline 0.001 -18"><span class='ocrx_word' id='word_1_497' title='bbox 274 3839 358 3881; x_wconf 86' lang='lat' dir='ltr'><strong>aut</strong></span> <span class='ocrx_word' id='word_1_498' title='bbox 385 3845 489 3883; x_wconf 89' lang='lat' dir='ltr'><strong>non</strong></span> <span class='ocrx_word' id='word_1_499' title='bbox 519 3829 834 3898; x_wconf 80' lang='lat' dir='ltr'><strong>intelligant</strong></span> <span class='ocrx_word' id='word_1_500' title='bbox 861 3845 875 3882; x_wconf 90' lang='lat'><strong>:</strong></span> <span class='ocrx_word' id='word_1_501' title='bbox 899 3836 1014 3890; x_wconf 86' lang='lat' dir='ltr'><strong>aut,</strong></span> <span class='ocrx_word' id='word_1_502' title='bbox 1040 3828 1084 3883; x_wconf 89' lang='lat' dir='ltr'><strong>si</strong></span> <span class='ocrx_word' id='word_1_503' title='bbox 1109 3828 1442 3899; x_wconf 74' lang='lat' dir='ltr'><strong>intelligunt,</strong></span> <span class='ocrx_word' id='word_1_504' title='bbox 1476 3843 1585 3883; x_wconf 88' lang='lat' dir='ltr'><strong>non</strong></span> <span class='ocrx_word' id='word_1_505' title='bbox 1610 3839 1802 3882; x_wconf 87' lang='lat' dir='ltr'><strong>curent</strong></span> <span class='ocrx_word' id='word_1_506' title='bbox 1827 3846 1840 3882; x_wconf 90' lang='lat'><strong>:</strong></span> 
     </span>
    </p>
   </div>
   <div class='ocr_carea' id='block_1_68' title="bbox 275 3921 1846 3990">
    <p class='ocr_par' dir='ltr' id='par_1_68' title="bbox 275 3921 1846 3990">
     <span class='ocr_line' id='line_1_68' title="bbox 275 3921 1846 3990; baseline 0.001 -15"><span class='ocrx_word' id='word_1_507' title='bbox 275 3932 377 3985; x_wconf 87' lang='lat' dir='ltr'><strong>ant,</strong></span> <span class='ocrx_word' id='word_1_508' title='bbox 398 3924 439 3977; x_wconf 88' lang='lat' dir='ltr'><strong>si</strong></span> <span class='ocrx_word' id='word_1_509' title='bbox 466 3931 690 3983; x_wconf 84' lang='lat' dir='ltr'><strong>curant.</strong></span> <span class='ocrx_word' id='word_1_510' title='bbox 713 3937 823 3976; x_wconf 89' lang='lat' dir='ltr'><strong>non</strong></span> <span class='ocrx_word' id='word_1_511' title='bbox 853 3921 909 3976; x_wconf 90' lang='lat' dir='ltr'><strong>in</strong></span> <span class='ocrx_word' id='word_1_512' title='bbox 938 3934 1008 3979; x_wconf 75' lang='lat' dir='ltr'><strong>ea</strong></span> <span class='ocrx_word' id='word_1_513' title='bbox 1039 3936 1138 3990; x_wconf 92' lang='lat' dir='ltr'><strong>pro</strong></span> <span class='ocrx_word' id='word_1_514' title='bbox 1163 3922 1305 3976; x_wconf 87' lang='lat' dir='ltr'><strong>virili</strong></span> <span class='ocrx_word' id='word_1_515' title='bbox 1333 3923 1637 3990; x_wconf 86' lang='lat' dir='ltr'><strong>elaborent,</strong></span> <span class='ocrx_word' id='word_1_516' title='bbox 1664 3925 1846 3977; x_wconf 79' lang='lat' dir='ltr'><strong>omni-</strong></span> 
     </span>
    </p>
   </div>
   <div class='ocr_carea' id='block_1_69' title="bbox 276 4013 1846 4085">
    <p class='ocr_par' dir='ltr' id='par_1_69' title="bbox 276 4013 1846 4085">
     <span class='ocr_line' id='line_1_69' title="bbox 276 4013 1846 4085; baseline 0.001 -18"><span class='ocrx_word' id='word_1_517' title='bbox 276 4013 370 4069; x_wconf 86' lang='lat' dir='ltr'><strong>bus</strong></span> <span class='ocrx_word' id='word_1_518' title='bbox 396 4018 630 4085; x_wconf 85' lang='lat' dir='ltr'><strong>privatis</strong></span> <span class='ocrx_word' id='word_1_519' title='bbox 671 4015 1118 4069; x_wconf 82' lang='lat' dir='ltr'><strong>contentionibus</strong></span> <span class='ocrx_word' id='word_1_520' title='bbox 1149 4014 1394 4078; x_wconf 81' lang='lat' dir='ltr'><strong>omissis,</strong></span> <span class='ocrx_word' id='word_1_521' title='bbox 1442 4025 1502 4070; x_wconf 91' lang='lat' dir='ltr'><strong>ut</strong></span> <span class='ocrx_word' id='word_1_522' title='bbox 1550 4015 1846 4069; x_wconf 79' lang='lat' dir='ltr'><strong>incolumi-</strong></span> 
     </span>
    </p>
   </div>
   <div class='ocr_carea' id='block_1_70' title="bbox 277 4106 1849 4177">
    <p class='ocr_par' dir='ltr' id='par_1_70' title="bbox 277 4106 1849 4177">
     <span class='ocr_line' id='line_1_70' title="bbox 277 4106 1849 4177; baseline 0.001 -17"><span class='ocrx_word' id='word_1_523' title='bbox 277 4108 362 4161; x_wconf 82' lang='lat' dir='ltr'><strong>tati</strong></span> <span class='ocrx_word' id='word_1_524' title='bbox 413 4116 610 4162; x_wconf 66' lang='lat' dir='ltr'><strong>nostro</strong></span> <span class='ocrx_word' id='word_1_525' title='bbox 662 4107 1031 4161; x_wconf 82' lang='lat' dir='ltr'><strong>consulatur:</strong></span> <span class='ocrx_word' id='word_1_526' title='bbox 1066 4107 1294 4161; x_wconf 81' lang='lat' dir='ltr'><strong>evidens</strong></span> <span class='ocrx_word' id='word_1_527' title='bbox 1345 4106 1736 4177; x_wconf 72' lang='lat' dir='ltr'><strong>indignationis</strong></span> <span class='ocrx_word' id='word_1_528' title='bbox 1766 4107 1849 4162; x_wconf 51' lang='lat' dir='ltr'><strong>iii-</strong></span> 
     </span>
    </p>
   </div>
   <div class='ocr_carea' id='block_1_71' title="bbox 277 4198 1843 4268">
    <p class='ocr_par' dir='ltr' id='par_1_71' title="bbox 277 4198 1843 4268">
     <span class='ocr_line' id='line_1_71' title="bbox 277 4198 1843 4268; baseline 0.004 -19"><span class='ocrx_word' id='word_1_529' title='bbox 277 4199 404 4253; x_wconf 74' lang='lat' dir='ltr'><strong>vina:</strong></span> <span class='ocrx_word' id='word_1_530' title='bbox 431 4209 622 4254; x_wconf 88' lang='lat' dir='ltr'><strong>contra</strong></span> <span class='ocrx_word' id='word_1_531' title='bbox 639 4213 763 4261; x_wconf 90' lang='lat' dir='ltr'><strong>nos.</strong></span> <span class='ocrx_word' id='word_1_532' title='bbox 792 4207 850 4253; x_wconf 89' lang='lat' dir='ltr'><strong>et</strong></span> <span class='ocrx_word' id='word_1_533' title='bbox 869 4199 1113 4268; x_wconf 78' lang='lat' dir='ltr'><strong>urgentis</strong></span> <span class='ocrx_word' id='word_1_534' title='bbox 1141 4198 1348 4253; x_wconf 88' lang='lat' dir='ltr'><strong>scelera</strong></span> <span class='ocrx_word' id='word_1_535' title='bbox 1363 4211 1547 4254; x_wconf 86' lang='lat' dir='ltr'><strong>nostra</strong></span> <span class='ocrx_word' id='word_1_536' title='bbox 1570 4201 1843 4264; x_wconf 61' lang='lat' dir='ltr'><strong>vindictas,</strong></span> 
     </span>
    </p>
   </div>
   <div class='ocr_carea' id='block_1_72' title="bbox 277 4289 1844 4361">
    <p class='ocr_par' dir='ltr' id='par_1_72' title="bbox 277 4289 1844 4361">
     <span class='ocr_line' id='line_1_72' title="bbox 277 4289 1844 4361; baseline 0.003 -21"><span class='ocrx_word' id='word_1_537' title='bbox 277 4289 406 4357; x_wconf 88' lang='lat' dir='ltr'><strong>quod</strong></span> <span class='ocrx_word' id='word_1_538' title='bbox 434 4300 630 4346; x_wconf 86' lang='lat' dir='ltr'><strong>auctor</strong></span> <span class='ocrx_word' id='word_1_539' title='bbox 667 4291 755 4342; x_wconf 92' lang='lat' dir='ltr'><strong>hic</strong></span> <span class='ocrx_word' id='word_1_540' title='bbox 782 4296 971 4343; x_wconf 87' lang='lat' dir='ltr'><strong>noster</strong></span> <span class='ocrx_word' id='word_1_541' title='bbox 1003 4290 1197 4343; x_wconf 89' lang='lat' dir='ltr'><strong>crebro</strong></span> <span class='ocrx_word' id='word_1_542' title='bbox 1230 4289 1501 4359; x_wconf 87' lang='lat' dir='ltr'><strong>queritur.</strong></span> <span class='ocrx_word' id='word_1_543' title='bbox 1549 4305 1844 4361; x_wconf 68' lang='lat' dir='ltr'><strong>argumen-</strong></span> 
     </span>
    </p>
   </div>
   <div class='ocr_carea' id='block_1_73' title="bbox 281 4381 919 4438">
    <p class='ocr_par' dir='ltr' id='par_1_73' title="bbox 281 4381 919 4438">
     <span class='ocr_line' id='line_1_73' title="bbox 281 4381 919 4438; baseline 0.003 -6"><span class='ocrx_word' id='word_1_544' title='bbox 281 4391 380 4433; x_wconf 86' lang='lat' dir='ltr'><strong>tum</strong></span> <span class='ocrx_word' id='word_1_545' title='bbox 405 4382 455 4435; x_wconf 88' lang='lat' dir='ltr'><strong>id</strong></span> <span class='ocrx_word' id='word_1_546' title='bbox 488 4397 611 4438; x_wconf 85' lang='lat' dir='ltr'><strong>esse</strong></span> <span class='ocrx_word' id='word_1_547' title='bbox 646 4381 798 4436; x_wconf 71' lang='lat' dir='ltr'><strong>vides</strong></span> <span class='ocrx_word' id='word_1_548' title='bbox 811 4391 919 4435; x_wconf 88' lang='lat' dir='ltr'><strong>tur.</strong></span> 
     </span>
    </p>
   </div>
   <div class='ocr_carea' id='block_1_74' title="bbox 1945 3266 3540 3337">
    <p class='ocr_par' dir='ltr' id='par_1_74' title="bbox 1945 3266 3540 3337">
     <span class='ocr_line' id='line_1_74' title="bbox 1945 3266 3540 3337; baseline -0.003 -15"><span class='ocrx_word' id='word_1_549' title='bbox 1945 3269 2245 3337; x_wconf 84' lang='lat' dir='ltr'><strong>scriptione</strong></span> <span class='ocrx_word' id='word_1_550' title='bbox 2275 3267 2435 3322; x_wconf 82' lang='lat' dir='ltr'><strong>fessis</strong></span> <span class='ocrx_word' id='word_1_551' title='bbox 2467 3278 2525 3322; x_wconf 88' lang='lat' dir='ltr'><strong>et</strong></span> <span class='ocrx_word' id='word_1_552' title='bbox 2571 3266 2843 3321; x_wconf 85' lang='lat' dir='ltr'><strong>hebetatis</strong></span> <span class='ocrx_word' id='word_1_553' title='bbox 2893 3267 3250 3320; x_wconf 81' lang='lat' dir='ltr'><strong>vehementer</strong></span> <span class='ocrx_word' id='word_1_554' title='bbox 3284 3267 3540 3318; x_wconf 75' lang='lat' dir='ltr'><strong>adversa-</strong></span> 
     </span>
    </p>
   </div>
   <div class='ocr_carea' id='block_1_75' title="bbox 1948 3356 3530 3428">
    <p class='ocr_par' dir='ltr' id='par_1_75' title="bbox 1948 3356 3530 3428">
     <span class='ocr_line' id='line_1_75' title="bbox 1948 3356 3530 3428; baseline -0.003 -17"><span class='ocrx_word' id='word_1_555' title='bbox 1948 3369 2034 3411; x_wconf 88' lang='lat' dir='ltr'><strong>tus</strong></span> <span class='ocrx_word' id='word_1_556' title='bbox 2081 3367 2248 3418; x_wconf 88' lang='lat' dir='ltr'><strong>esset.</strong></span> <span class='ocrx_word' id='word_1_557' title='bbox 2293 3366 2458 3428; x_wconf 88' lang='lat' dir='ltr'><strong>atque</strong></span> <span class='ocrx_word' id='word_1_558' title='bbox 2509 3357 2999 3413; x_wconf 87' lang='lat' dir='ltr'><strong>incommodasset.</strong></span> <span class='ocrx_word' id='word_1_559' title='bbox 3031 3356 3530 3426; x_wconf 80' lang='lat' dir='ltr'><strong>Chalcocomlylem</strong></span> 
     </span>
    </p>
   </div>
   <div class='ocr_carea' id='block_1_76' title="bbox 1946 3449 3530 3521">
    <p class='ocr_par' dir='ltr' id='par_1_76' title="bbox 1946 3449 3530 3521">
     <span class='ocr_line' id='line_1_76' title="bbox 1946 3449 3530 3521; baseline -0.003 -15"><span class='ocrx_word' id='word_1_560' title='bbox 1946 3462 2127 3506; x_wconf 75' lang='lat' dir='ltr'><strong>alitem</strong></span> <span class='ocrx_word' id='word_1_561' title='bbox 2155 3467 2286 3506; x_wconf 90' lang='lat' dir='ltr'><strong>suus</strong></span> <span class='ocrx_word' id='word_1_562' title='bbox 2322 3452 2615 3520; x_wconf 86' lang='lat' dir='ltr'><strong>interpres,</strong></span> <span class='ocrx_word' id='word_1_563' title='bbox 2652 3467 2756 3521; x_wconf 86' lang='lat' dir='ltr'><strong>qua</strong></span> <span class='ocrx_word' id='word_1_564' title='bbox 2787 3461 2871 3507; x_wconf 84' lang='lat' dir='ltr'><strong>est</strong></span> <span class='ocrx_word' id='word_1_565' title='bbox 2905 3451 3155 3505; x_wconf 85' lang='lat' dir='ltr'><strong>doctrina</strong></span> <span class='ocrx_word' id='word_1_566' title='bbox 3182 3459 3238 3504; x_wconf 89' lang='lat' dir='ltr'><strong>et</strong></span> <span class='ocrx_word' id='word_1_567' title='bbox 3263 3449 3530 3519; x_wconf 86' lang='lat' dir='ltr'><strong>eloquen-</strong></span> 
     </span>
    </p>
   </div>
   <div class='ocr_carea' id='block_1_77' title="bbox 1948 3539 3530 3605">
    <p class='ocr_par' dir='ltr' id='par_1_77' title="bbox 1948 3539 3530 3605">
     <span class='ocr_line' id='line_1_77' title="bbox 1948 3539 3530 3605; baseline -0.002 -9"><span class='ocrx_word' id='word_1_568' title='bbox 1948 3544 2043 3605; x_wconf 89' lang='lat' dir='ltr'><strong>tia,</strong></span> <span class='ocrx_word' id='word_1_569' title='bbox 2084 3542 2156 3596; x_wconf 89' lang='lat' dir='ltr'><strong>ita</strong></span> <span class='ocrx_word' id='word_1_570' title='bbox 2185 3541 2611 3601; x_wconf 80' lang='lat' dir='ltr'><strong>commendabit.</strong></span> <span class='ocrx_word' id='word_1_571' title='bbox 2646 3551 2707 3596; x_wconf 91' lang='lat' dir='ltr'><strong>ut</strong></span> <span class='ocrx_word' id='word_1_572' title='bbox 2759 3541 2890 3594; x_wconf 88' lang='lat' dir='ltr'><strong>mihi</strong></span> <span class='ocrx_word' id='word_1_573' title='bbox 2927 3540 3059 3595; x_wconf 87' lang='lat' dir='ltr'><strong>satis</strong></span> <span class='ocrx_word' id='word_1_574' title='bbox 3087 3555 3234 3594; x_wconf 90' lang='lat' dir='ltr'><strong>nunc</strong></span> <span class='ocrx_word' id='word_1_575' title='bbox 3277 3556 3399 3595; x_wconf 80' lang='lat' dir='ltr'><strong>esse</strong></span> <span class='ocrx_word' id='word_1_576' title='bbox 3430 3539 3530 3593; x_wconf 88' lang='lat' dir='ltr'><strong>de-</strong></span> 
     </span>
    </p>
   </div>
   <div class='ocr_carea' id='block_1_78' title="bbox 1949 3634 3531 3705">
    <p class='ocr_par' dir='ltr' id='par_1_78' title="bbox 1949 3634 3531 3705">
     <span class='ocr_line' id='line_1_78' title="bbox 1949 3634 3531 3705; baseline -0.002 -13"><span class='ocrx_word' id='word_1_577' title='bbox 1949 3638 2094 3703; x_wconf 88' lang='lat' dir='ltr'><strong>beat,</strong></span> <span class='ocrx_word' id='word_1_578' title='bbox 2127 3637 2172 3691; x_wconf 90' lang='lat' dir='ltr'><strong>si</strong></span> <span class='ocrx_word' id='word_1_579' title='bbox 2208 3635 2426 3692; x_wconf 82' lang='lat' dir='ltr'><strong>laborcs</strong></span> <span class='ocrx_word' id='word_1_580' title='bbox 2468 3635 2526 3692; x_wconf 86' lang='lat' dir='ltr'><strong>bi</strong></span> <span class='ocrx_word' id='word_1_581' title='bbox 2573 3637 2679 3691; x_wconf 87' lang='lat' dir='ltr'><strong>mei</strong></span> <span class='ocrx_word' id='word_1_582' title='bbox 2713 3637 2968 3705; x_wconf 64' lang='lat' dir='ltr'><strong>aequitati</strong></span> <span class='ocrx_word' id='word_1_583' title='bbox 2993 3645 3045 3689; x_wconf 90' lang='lat' dir='ltr'><strong>et</strong></span> <span class='ocrx_word' id='word_1_584' title='bbox 3081 3634 3392 3689; x_wconf 78' lang='lat' dir='ltr'><strong>liberalitati</strong></span> <span class='ocrx_word' id='word_1_585' title='bbox 3425 3645 3531 3689; x_wconf 65' lang='lat' dir='ltr'><strong>tuae</strong></span> 
     </span>
    </p>
   </div>
   <div class='ocr_carea' id='block_1_79' title="bbox 1947 3727 3533 3798">
    <p class='ocr_par' dir='ltr' id='par_1_79' title="bbox 1947 3727 3533 3798">
     <span class='ocr_line' id='line_1_79' title="bbox 1947 3727 3533 3798; baseline -0.003 -16"><span class='ocrx_word' id='word_1_586' title='bbox 1947 3729 2317 3784; x_wconf 82' lang='lat' dir='ltr'><strong>commendati</strong></span> <span class='ocrx_word' id='word_1_587' title='bbox 2351 3727 2578 3793; x_wconf 84' lang='lat' dir='ltr'><strong>fuerint,</strong></span> <span class='ocrx_word' id='word_1_588' title='bbox 2615 3739 2669 3784; x_wconf 82' lang='lat' dir='ltr'><strong>et</strong></span> <span class='ocrx_word' id='word_1_589' title='bbox 2711 3729 2949 3798; x_wconf 88' lang='lat' dir='ltr'><strong>probati.</strong></span> <span class='ocrx_word' id='word_1_590' title='bbox 2999 3729 3253 3798; x_wconf 65' lang='lat' dir='ltr'><strong>Auguste</strong></span> <span class='ocrx_word' id='word_1_591' title='bbox 3286 3727 3533 3780; x_wconf 80' lang='lat' dir='ltr'><strong>Vindeli-</strong></span> 
     </span>
    </p>
   </div>
   <div class='ocr_carea' id='block_1_80' title="bbox 1947 3818 3536 3894">
    <p class='ocr_par' dir='ltr' id='par_1_80' title="bbox 1947 3818 3536 3894">
     <span class='ocr_line' id='line_1_80' title="bbox 1947 3818 3536 3894; baseline -0.001 -20"><span class='ocrx_word' id='word_1_592' title='bbox 1947 3837 2160 3886; x_wconf 88' lang='lat' dir='ltr'><strong>cornm,</strong></span> <span class='ocrx_word' id='word_1_593' title='bbox 2195 3823 2455 3894; x_wconf 85' lang='lat' dir='ltr'><strong>postridie</strong></span> <span class='ocrx_word' id='word_1_594' title='bbox 2487 3820 2605 3876; x_wconf 78' lang='lat' dir='ltr'><strong>Kal.</strong></span> <span class='ocrx_word' id='word_1_595' title='bbox 2643 3819 2910 3887; x_wconf 78' lang='lat' dir='ltr'><strong>Januarii,</strong></span> <span class='ocrx_word' id='word_1_596' title='bbox 2948 3821 3078 3875; x_wconf 85' lang='lat' dir='ltr'><strong>anni</strong></span> <span class='ocrx_word' id='word_1_597' title='bbox 3112 3837 3140 3873; x_wconf 89' lang='lat' dir='ltr'><strong>a</strong></span> <span class='ocrx_word' id='word_1_598' title='bbox 3170 3818 3375 3874; x_wconf 79' lang='lat' dir='ltr'><strong>Christi</strong></span> <span class='ocrx_word' id='word_1_599' title='bbox 3401 3819 3536 3873; x_wconf 80' lang='lat' dir='ltr'><strong>Ser-</strong></span> 
     </span>
    </p>
   </div>
   <div class='ocr_carea' id='block_1_81' title="bbox 1948 3917 3528 3989">
    <p class='ocr_par' dir='ltr' id='par_1_81' title="bbox 1948 3917 3528 3989">
     <span class='ocr_line' id='line_1_81' title="bbox 1948 3917 3528 3989; baseline -0.005 -11"><span class='ocrx_word' id='word_1_600' title='bbox 1948 3922 2150 3978; x_wconf 86' lang='lat' dir='ltr'><strong>vatoris</strong></span> <span class='ocrx_word' id='word_1_601' title='bbox 2196 3919 2535 3975; x_wconf 85' lang='lat' dir='ltr'><strong>humanitate</strong></span> <span class='ocrx_word' id='word_1_602' title='bbox 2567 3919 2727 3983; x_wconf 72' lang='lat'><strong>1559,</strong></span> <span class='ocrx_word' id='word_1_603' title='bbox 2756 3931 2918 3989; x_wconf 86' lang='lat' dir='ltr'><strong>quem</strong></span> <span class='ocrx_word' id='word_1_604' title='bbox 2961 3918 3056 3971; x_wconf 82' lang='lat' dir='ltr'><strong>tibi</strong></span> <span class='ocrx_word' id='word_1_605' title='bbox 3090 3917 3307 3987; x_wconf 85' lang='lat' dir='ltr'><strong>tuisque</strong></span> <span class='ocrx_word' id='word_1_606' title='bbox 3336 3925 3394 3969; x_wconf 90' lang='lat' dir='ltr'><strong>et</strong></span> <span class='ocrx_word' id='word_1_607' title='bbox 3426 3917 3528 3970; x_wconf 79' lang='lat' dir='ltr'><strong>tati</strong></span> 
     </span>
    </p>
   </div>
   <div class='ocr_carea' id='block_1_82' title="bbox 1951 4007 3530 4082">
    <p class='ocr_par' dir='ltr' id='par_1_82' title="bbox 1951 4007 3530 4082">
     <span class='ocr_line' id='line_1_82' title="bbox 1951 4007 3530 4082; baseline -0.008 -14"><span class='ocrx_word' id='word_1_608' title='bbox 1951 4027 2220 4070; x_wconf 87' lang='lat' dir='ltr'><strong>terrarum</strong></span> <span class='ocrx_word' id='word_1_609' title='bbox 2263 4021 2543 4082; x_wconf 87' lang='lat' dir='ltr'><strong>pacatum,</strong></span> <span class='ocrx_word' id='word_1_610' title='bbox 2579 4010 2792 4066; x_wconf 86' lang='lat' dir='ltr'><strong>felicem</strong></span> <span class='ocrx_word' id='word_1_611' title='bbox 2833 4025 2897 4064; x_wconf 87' lang='lat' dir='ltr'><strong>ac</strong></span> <span class='ocrx_word' id='word_1_612' title='bbox 2943 4008 3205 4070; x_wconf 85' lang='lat' dir='ltr'><strong>faustum,</strong></span> <span class='ocrx_word' id='word_1_613' title='bbox 3245 4024 3309 4064; x_wconf 86' lang='lat' dir='ltr'><strong>ex</strong></span> <span class='ocrx_word' id='word_1_614' title='bbox 3345 4007 3530 4062; x_wconf 84' lang='lat' dir='ltr'><strong>animo</strong></span> 
     </span>
    </p>
   </div>
   <div class='ocr_carea' id='block_1_83' title="bbox 1945 4092 3526 4180">
    <p class='ocr_par' dir='ltr' id='par_1_83' title="bbox 1945 4092 3526 4180">
     <span class='ocr_line' id='line_1_83' title="bbox 1945 4092 3526 4180; baseline -0.006 -16"><span class='ocrx_word' id='word_1_615' title='bbox 1945 4125 2167 4180; x_wconf 83' lang='lat' dir='ltr'><strong>precor.</strong></span> <span class='ocrx_word' id='word_1_616' title='bbox 2189 4109 2345 4163; x_wconf 76' lang='lat' dir='ltr'><strong>Faxit</strong></span> <span class='ocrx_word' id='word_1_617' title='bbox 2380 4107 2521 4162; x_wconf 83' lang='lat' dir='ltr'><strong>Deus</strong></span> <span class='ocrx_word' id='word_1_618' title='bbox 2550 4105 2676 4178; x_wconf 88' lang='lat' dir='ltr'><strong>Opt.</strong></span> <span class='ocrx_word' id='word_1_619' title='bbox 2715 4104 2879 4172; x_wconf 55' lang='lat' dir='ltr'><strong>Mam,</strong></span> <span class='ocrx_word' id='word_1_620' title='bbox 2907 4116 2966 4159; x_wconf 90' lang='lat' dir='ltr'><strong>ut</strong></span> <span class='ocrx_word' id='word_1_621' title='bbox 2991 4103 3320 4159; x_wconf 81' lang='lat' dir='ltr'><strong>Ferdinandi</strong></span> <span class='ocrx_word' id='word_1_622' title='bbox 3361 4092 3526 4172; x_wconf 78' lang='lat' dir='ltr'><strong>primi</strong></span> 
     </span>
    </p>
   </div>
   <div class='ocr_carea' id='block_1_84' title="bbox 1950 4197 3528 4272">
    <p class='ocr_par' dir='ltr' id='par_1_84' title="bbox 1950 4197 3528 4272">
     <span class='ocr_line' id='line_1_84' title="bbox 1950 4197 3528 4272; baseline -0.007 -17"><span class='ocrx_word' id='word_1_623' title='bbox 1950 4203 2198 4272; x_wconf 74' lang='lat' dir='ltr'><strong>Augusti,</strong></span> <span class='ocrx_word' id='word_1_624' title='bbox 2228 4200 2572 4271; x_wconf 89' lang='lat' dir='ltr'><strong>imperatoris</strong></span> <span class='ocrx_word' id='word_1_625' title='bbox 2617 4215 2680 4253; x_wconf 88' lang='lat' dir='ltr'><strong>ac</strong></span> <span class='ocrx_word' id='word_1_626' title='bbox 2731 4197 2938 4253; x_wconf 89' lang='lat' dir='ltr'><strong>domini</strong></span> <span class='ocrx_word' id='word_1_627' title='bbox 2991 4198 3168 4252; x_wconf 90' lang='lat' dir='ltr'><strong>nostri</strong></span> <span class='ocrx_word' id='word_1_628' title='bbox 3213 4197 3528 4251; x_wconf 59' lang='lat' dir='ltr'><strong>clementis-</strong></span> 
     </span>
    </p>
   </div>
   <div class='ocr_carea' id='block_1_85' title="bbox 1948 4272 3527 4359">
    <p class='ocr_par' dir='ltr' id='par_1_85' title="bbox 1948 4272 3527 4359">
     <span class='ocr_line' id='line_1_85' title="bbox 1948 4272 3527 4359; baseline -0.005 -13"><span class='ocrx_word' id='word_1_629' title='bbox 1948 4291 2097 4356; x_wconf 88' lang='lat' dir='ltr'><strong>simi,</strong></span> <span class='ocrx_word' id='word_1_630' title='bbox 2148 4293 2204 4346; x_wconf 90' lang='lat' dir='ltr'><strong>in</strong></span> <span class='ocrx_word' id='word_1_631' title='bbox 2259 4291 2450 4345; x_wconf 89' lang='lat' dir='ltr'><strong>urbem</strong></span> <span class='ocrx_word' id='word_1_632' title='bbox 2492 4290 2655 4353; x_wconf 88' lang='lat' dir='ltr'><strong>hanc,</strong></span> <span class='ocrx_word' id='word_1_633' title='bbox 2692 4289 2764 4344; x_wconf 89' lang='lat' dir='ltr'><strong>ob</strong></span> <span class='ocrx_word' id='word_1_634' title='bbox 2807 4272 3156 4359; x_wconf 80' lang='lat' dir='ltr'><strong>gravissimas</strong></span> <span class='ocrx_word' id='word_1_635' title='bbox 3206 4287 3274 4340; x_wconf 88' lang='lat' dir='ltr'><strong>de</strong></span> <span class='ocrx_word' id='word_1_636' title='bbox 3315 4285 3527 4354; x_wconf 76' lang='lat' dir='ltr'><strong>imperii</strong></span> 
     </span>
    </p>
   </div>
   <div class='ocr_carea' id='block_1_86' title="bbox 1949 4378 3528 4452">
    <p class='ocr_par' dir='ltr' id='par_1_86' title="bbox 1949 4378 3528 4452">
     <span class='ocr_line' id='line_1_86' title="bbox 1949 4378 3528 4452; baseline -0.005 -15"><span class='ocrx_word' id='word_1_637' title='bbox 1949 4384 2115 4439; x_wconf 86' lang='lat' dir='ltr'><strong>rebus</strong></span> <span class='ocrx_word' id='word_1_638' title='bbox 2139 4383 2590 4444; x_wconf 84' lang='lat' dir='ltr'><strong>deliberationes,</strong></span> <span class='ocrx_word' id='word_1_639' title='bbox 2625 4382 2906 4452; x_wconf 76' lang='lat' dir='ltr'><strong>ingressus</strong></span> <span class='ocrx_word' id='word_1_640' title='bbox 2938 4381 3063 4449; x_wconf 87' lang='lat' dir='ltr'><strong>(sub</strong></span> <span class='ocrx_word' id='word_1_641' title='bbox 3090 4378 3143 4433; x_wconf 88' lang='lat' dir='ltr'><strong>id</strong></span> <span class='ocrx_word' id='word_1_642' title='bbox 3174 4389 3390 4450; x_wconf 78' lang='lat' dir='ltr'><strong>tempus</strong></span> <span class='ocrx_word' id='word_1_643' title='bbox 3419 4395 3528 4448; x_wconf 88' lang='lat' dir='ltr'><strong>quo</strong></span> 
     </span>
    </p>
   </div>
   <div class='ocr_carea' id='block_1_87' title="bbox 342 4472 3531 4561">
    <p class='ocr_par' dir='ltr' id='par_1_87' title="bbox 342 4472 3531 4561">
     <span class='ocr_line' id='line_1_87' title="bbox 342 4472 3531 4561; baseline -0.003 -30"><span class='ocrx_word' id='word_1_644' title='bbox 342 4477 594 4546; x_wconf 73' lang='lat' dir='ltr'><strong>Equidem</strong></span> <span class='ocrx_word' id='word_1_645' title='bbox 621 4477 767 4531; x_wconf 88' lang='lat' dir='ltr'><strong>inter</strong></span> <span class='ocrx_word' id='word_1_646' title='bbox 794 4478 1222 4531; x_wconf 84' lang='lat' dir='ltr'><strong>convertendum</strong></span> <span class='ocrx_word' id='word_1_647' title='bbox 1250 4477 1347 4531; x_wconf 89' lang='lat' dir='ltr'><strong>hos</strong></span> <span class='ocrx_word' id='word_1_648' title='bbox 1373 4477 1694 4544; x_wconf 73' lang='lat' dir='ltr'><strong>scriptores,</strong></span> <span class='ocrx_word' id='word_1_649' title='bbox 1715 4491 1839 4530; x_wconf 89' lang='lat' dir='ltr'><strong>cum</strong></span> <span class='ocrx_word' id='word_1_650' title='bbox 1874 4507 1918 4561; x_wconf 70' lang='grc' dir='ltr'><strong>υ</strong></span> <span class='ocrx_word' id='word_1_651' title='bbox 1951 4477 2120 4546; x_wconf 87' lang='lat' dir='ltr'><strong>pacis.</strong></span> <span class='ocrx_word' id='word_1_652' title='bbox 2163 4473 2470 4531; x_wconf 74' lang='lat' dir='ltr'><strong>concordia:</strong></span> <span class='ocrx_word' id='word_1_653' title='bbox 2496 4484 2553 4529; x_wconf 91' lang='lat' dir='ltr'><strong>et</strong></span> <span class='ocrx_word' id='word_1_654' title='bbox 2589 4475 2760 4528; x_wconf 87' lang='lat' dir='ltr'><strong>mutui</strong></span> <span class='ocrx_word' id='word_1_655' title='bbox 2793 4472 2998 4527; x_wconf 86' lang='lat' dir='ltr'><strong>amoris</strong></span> <span class='ocrx_word' id='word_1_656' title='bbox 3029 4472 3222 4528; x_wconf 88' lang='lat' dir='ltr'><strong>doctor</strong></span> <span class='ocrx_word' id='word_1_657' title='bbox 3251 4480 3308 4524; x_wconf 90' lang='lat' dir='ltr'><strong>et</strong></span> <span class='ocrx_word' id='word_1_658' title='bbox 3342 4487 3531 4526; x_wconf 67' lang='grc' dir='ltr'><strong>εΧιΊιι-</strong></span> 
     </span>
    </p>
   </div>
   <div class='ocr_carea' id='block_1_88' title="bbox 279 4561 1839 4640">
    <p class='ocr_par' dir='ltr' id='par_1_88' title="bbox 279 4561 1839 4640">
     <span class='ocr_line' id='line_1_88' title="bbox 279 4561 1839 4640; baseline 0.003 -19"><span class='ocrx_word' id='word_1_659' title='bbox 279 4570 338 4621; x_wconf 88' lang='lat' dir='ltr'><strong>ad</strong></span> <span class='ocrx_word' id='word_1_660' title='bbox 363 4570 754 4640; x_wconf 82' lang='lat' dir='ltr'><strong>imperatorum</strong></span> <span class='ocrx_word' id='word_1_661' title='bbox 791 4568 844 4622; x_wconf 92' lang='lat' dir='ltr'><strong>in</strong></span> <span class='ocrx_word' id='word_1_662' title='bbox 878 4568 1156 4640; x_wconf 76' lang='lat' dir='ltr'><strong>fungendo</strong></span> <span class='ocrx_word' id='word_1_663' title='bbox 1197 4561 1426 4623; x_wconf 77' lang='lat' dir='ltr'><strong>munere</strong></span> <span class='ocrx_word' id='word_1_664' title='bbox 1475 4569 1839 4627; x_wconf 84' lang='lat' dir='ltr'><strong>oscitantiam.</strong></span> 
     </span>
    </p>
   </div>
   <div class='ocr_carea' id='block_1_89' title="bbox 283 4660 1842 4730">
    <p class='ocr_par' dir='ltr' id='par_1_89' title="bbox 283 4660 1842 4730">
     <span class='ocr_line' id='line_1_89' title="bbox 283 4660 1842 4730; baseline 0 -16"><span class='ocrx_word' id='word_1_665' title='bbox 283 4670 300 4714; x_wconf 95' lang='lat' dir='ltr'><strong>t</strong></span> <span class='ocrx_word' id='word_1_666' title='bbox 331 4664 610 4716; x_wconf 69' lang='lat' dir='ltr'><strong>nac&#39;tatem</strong></span> <span class='ocrx_word' id='word_1_667' title='bbox 645 4661 700 4716; x_wconf 90' lang='lat' dir='ltr'><strong>in</strong></span> <span class='ocrx_word' id='word_1_668' title='bbox 729 4663 1077 4723; x_wconf 79' lang='lat' dir='ltr'><strong>necessariis,</strong></span> <span class='ocrx_word' id='word_1_669' title='bbox 1110 4661 1457 4730; x_wconf 86' lang='lat' dir='ltr'><strong>profusiones</strong></span> <span class='ocrx_word' id='word_1_670' title='bbox 1484 4660 1538 4714; x_wconf 90' lang='lat' dir='ltr'><strong>in</strong></span> <span class='ocrx_word' id='word_1_671' title='bbox 1581 4677 1842 4730; x_wconf 81' lang='lat' dir='ltr'><strong>superva-</strong></span> 
     </span>
    </p>
   </div>
   <div class='ocr_carea' id='block_1_90' title="bbox 285 4753 1844 4823">
    <p class='ocr_par' dir='ltr' id='par_1_90' title="bbox 285 4753 1844 4823">
     <span class='ocr_line' id='line_1_90' title="bbox 285 4753 1844 4823; baseline 0.002 -18"><span class='ocrx_word' id='word_1_672' title='bbox 285 4755 407 4816; x_wconf 78' lang='lat' dir='ltr'><strong>ruis,</strong></span> <span class='ocrx_word' id='word_1_673' title='bbox 437 4765 490 4810; x_wconf 88' lang='lat' dir='ltr'><strong>et</strong></span> <span class='ocrx_word' id='word_1_674' title='bbox 521 4755 780 4810; x_wconf 76' lang='lat' dir='ltr'><strong>inteSIina</strong></span> <span class='ocrx_word' id='word_1_675' title='bbox 812 4753 987 4821; x_wconf 87' lang='lat' dir='ltr'><strong>bella;</strong></span> <span class='ocrx_word' id='word_1_676' title='bbox 1048 4770 1330 4823; x_wconf 83' lang='lat' dir='ltr'><strong>procerum</strong></span> <span class='ocrx_word' id='word_1_677' title='bbox 1371 4767 1503 4808; x_wconf 89' lang='lat' dir='ltr'><strong>vero</strong></span> <span class='ocrx_word' id='word_1_678' title='bbox 1547 4762 1602 4807; x_wconf 93' lang='lat' dir='ltr'><strong>et</strong></span> <span class='ocrx_word' id='word_1_679' title='bbox 1643 4755 1844 4808; x_wconf 90' lang='lat' dir='ltr'><strong>ducum</strong></span> 
     </span>
    </p>
   </div>
   <div class='ocr_carea' id='block_1_91' title="bbox 284 4845 1844 4916">
    <p class='ocr_par' dir='ltr' id='par_1_91' title="bbox 284 4845 1844 4916">
     <span class='ocr_line' id='line_1_91' title="bbox 284 4845 1844 4916; baseline -0.002 -14"><span class='ocrx_word' id='word_1_680' title='bbox 284 4849 545 4916; x_wconf 79' lang='lat' dir='ltr'><strong>perfidiam</strong></span> <span class='ocrx_word' id='word_1_681' title='bbox 578 4865 645 4904; x_wconf 84' lang='lat' dir='ltr'><strong>ac</strong></span> <span class='ocrx_word' id='word_1_682' title='bbox 697 4847 1083 4911; x_wconf 87' lang='lat' dir='ltr'><strong>temeritatem,</strong></span> <span class='ocrx_word' id='word_1_683' title='bbox 1121 4845 1500 4913; x_wconf 66' lang='lat' dir='ltr'><strong>religiosorum</strong></span> <span class='ocrx_word' id='word_1_684' title='bbox 1544 4846 1844 4910; x_wconf 83' lang='lat' dir='ltr'><strong>inscitiam,</strong></span> 
     </span>
    </p>
   </div>
   <div class='ocr_carea' id='block_1_92' title="bbox 284 4937 1842 5009">
    <p class='ocr_par' dir='ltr' id='par_1_92' title="bbox 284 4937 1842 5009">
     <span class='ocr_line' id='line_1_92' title="bbox 284 4937 1842 5009; baseline 0.001 -20"><span class='ocrx_word' id='word_1_685' title='bbox 284 4949 330 4990; x_wconf 90' lang='lat' dir='ltr'><strong>et</strong></span> <span class='ocrx_word' id='word_1_686' title='bbox 362 4941 423 4994; x_wconf 85' lang='lat' dir='ltr'><strong>de</strong></span> <span class='ocrx_word' id='word_1_687' title='bbox 466 4942 586 4994; x_wconf 70' lang='lat' dir='ltr'><strong>lana</strong></span> <span class='ocrx_word' id='word_1_688' title='bbox 617 4941 838 5009; x_wconf 87' lang='lat' dir='ltr'><strong>caprina</strong></span> <span class='ocrx_word' id='word_1_689' title='bbox 870 4939 1034 5001; x_wconf 78' lang='lat' dir='ltr'><strong>rixas,</strong></span> <span class='ocrx_word' id='word_1_690' title='bbox 1061 4938 1356 5008; x_wconf 87' lang='lat' dir='ltr'><strong>populique</strong></span> <span class='ocrx_word' id='word_1_691' title='bbox 1399 4937 1754 5006; x_wconf 82' lang='lat' dir='ltr'><strong>petulantiam</strong></span> <span class='ocrx_word' id='word_1_692' title='bbox 1786 4949 1842 4993; x_wconf 91' lang='lat' dir='ltr'><strong>et</strong></span> 
     </span>
    </p>
   </div>
   <div class='ocr_carea' id='block_1_93' title="bbox 287 5030 1845 5102">
    <p class='ocr_par' dir='ltr' id='par_1_93' title="bbox 287 5030 1845 5102">
     <span class='ocr_line' id='line_1_93' title="bbox 287 5030 1845 5102; baseline 0.001 -19"><span class='ocrx_word' id='word_1_693' title='bbox 287 5033 557 5102; x_wconf 76' lang='lat' dir='ltr'><strong>ignaviam,</strong></span> <span class='ocrx_word' id='word_1_694' title='bbox 577 5035 823 5088; x_wconf 87' lang='lat' dir='ltr'><strong>omnium</strong></span> <span class='ocrx_word' id='word_1_695' title='bbox 842 5031 1079 5100; x_wconf 89' lang='lat' dir='ltr'><strong>denique</strong></span> <span class='ocrx_word' id='word_1_696' title='bbox 1095 5030 1350 5086; x_wconf 87' lang='lat' dir='ltr'><strong>ordinum</strong></span> <span class='ocrx_word' id='word_1_697' title='bbox 1369 5042 1613 5085; x_wconf 73' lang='lat' dir='ltr'><strong>extrema</strong></span> <span class='ocrx_word' id='word_1_698' title='bbox 1649 5032 1845 5100; x_wconf 89' lang='lat' dir='ltr'><strong>probra</strong></span> 
     </span>
    </p>
   </div>
   <div class='ocr_carea' id='block_1_94' title="bbox 291 5121 1842 5193">
    <p class='ocr_par' dir='ltr' id='par_1_94' title="bbox 291 5121 1842 5193">
     <span class='ocr_line' id='line_1_94' title="bbox 291 5121 1842 5193; baseline 0 -17"><span class='ocrx_word' id='word_1_699' title='bbox 291 5127 639 5183; x_wconf 67' lang='lat' dir='ltr'><strong>pervenissent</strong></span> <span class='ocrx_word' id='word_1_700' title='bbox 667 5145 680 5180; x_wconf 89' lang='lat'><strong>:</strong></span> <span class='ocrx_word' id='word_1_701' title='bbox 711 5135 1011 5193; x_wconf 86' lang='lat' dir='ltr'><strong>contraque</strong></span> <span class='ocrx_word' id='word_1_702' title='bbox 1032 5121 1338 5178; x_wconf 85' lang='lat' dir='ltr'><strong>Turcorum</strong></span> <span class='ocrx_word' id='word_1_703' title='bbox 1371 5124 1634 5192; x_wconf 86' lang='lat' dir='ltr'><strong>majorem</strong></span> <span class='ocrx_word' id='word_1_704' title='bbox 1658 5122 1842 5187; x_wconf 87' lang='lat' dir='ltr'><strong>fidem,</strong></span> 
     </span>
    </p>
   </div>
   <div class='ocr_carea' id='block_1_95' title="bbox 291 5212 1844 5286">
    <p class='ocr_par' dir='ltr' id='par_1_95' title="bbox 291 5212 1844 5286">
     <span class='ocr_line' id='line_1_95' title="bbox 291 5212 1844 5286; baseline 0.001 -24"><span class='ocrx_word' id='word_1_705' title='bbox 291 5213 529 5276; x_wconf 66' lang='lat' dir='ltr'><strong>maiorem</strong></span> <span class='ocrx_word' id='word_1_706' title='bbox 568 5216 961 5286; x_wconf 65' lang='lat' dir='ltr'><strong>irtegritatem,</strong></span> <span class='ocrx_word' id='word_1_707' title='bbox 1017 5212 1421 5276; x_wconf 74' lang='lat' dir='ltr'><strong>fortitudinem,</strong></span> <span class='ocrx_word' id='word_1_708' title='bbox 1473 5212 1844 5278; x_wconf 87' lang='lat' dir='ltr'><strong>clementiam,</strong></span> 
     </span>
    </p>
   </div>
   <div class='ocr_carea' id='block_1_96' title="bbox 298 5288 1844 5378">
    <p class='ocr_par' dir='ltr' id='par_1_96' title="bbox 298 5306 1844 5378">
     <span class='ocr_line' id='line_1_96' title="bbox 298 5306 1844 5378; baseline 0.002 -21"><span class='ocrx_word' id='word_1_709' title='bbox 298 5309 500 5361; x_wconf 76' lang='lat' dir='ltr'><strong>virtutes</strong></span> <span class='ocrx_word' id='word_1_710' title='bbox 515 5309 756 5378; x_wconf 90' lang='lat' dir='ltr'><strong>ipsorum</strong></span> <span class='ocrx_word' id='word_1_711' title='bbox 778 5308 1012 5364; x_wconf 84' lang='lat' dir='ltr'><strong>hostium</strong></span> <span class='ocrx_word' id='word_1_712' title='bbox 1027 5306 1216 5378; x_wconf 81' lang='lat' dir='ltr'><strong>elogiis</strong></span> <span class='ocrx_word' id='word_1_713' title='bbox 1228 5309 1326 5362; x_wconf 67' lang='lat' dir='ltr'><strong>celi</strong></span> <span class='ocrx_word' id='word_1_714' title='bbox 1349 5308 1550 5370; x_wconf 85' lang='lat' dir='ltr'><strong>bratas,</strong></span> <span class='ocrx_word' id='word_1_715' title='bbox 1563 5307 1844 5375; x_wconf 73' lang='lat' dir='ltr'><strong>legissem:</strong></span> 
     </span>
    </p>
   </div>
   <div class='ocr_carea' id='block_1_97' title="bbox 298 5399 1847 5468">
    <p class='ocr_par' dir='ltr' id='par_1_97' title="bbox 298 5399 1847 5468">
     <span class='ocr_line' id='line_1_97' title="bbox 298 5399 1847 5468; baseline 0.003 -20"><span class='ocrx_word' id='word_1_716' title='bbox 298 5399 358 5449; x_wconf 83' lang='lat' dir='ltr'><strong>ita</strong></span> <span class='ocrx_word' id='word_1_717' title='bbox 383 5413 493 5452; x_wconf 88' lang='lat' dir='ltr'><strong>sum</strong></span> <span class='ocrx_word' id='word_1_718' title='bbox 523 5403 703 5455; x_wconf 85' lang='lat' dir='ltr'><strong>animo</strong></span> <span class='ocrx_word' id='word_1_719' title='bbox 745 5409 1073 5464; x_wconf 89' lang='lat' dir='ltr'><strong>commotus,</strong></span> <span class='ocrx_word' id='word_1_720' title='bbox 1111 5409 1168 5454; x_wconf 92' lang='lat' dir='ltr'><strong>ut</strong></span> <span class='ocrx_word' id='word_1_721' title='bbox 1191 5399 1400 5453; x_wconf 78' lang='lat' dir='ltr'><strong>Turcos</strong></span> <span class='ocrx_word' id='word_1_722' title='bbox 1423 5401 1653 5467; x_wconf 81' lang='lat' dir='ltr'><strong>imperio</strong></span> <span class='ocrx_word' id='word_1_723' title='bbox 1688 5400 1847 5468; x_wconf 77' lang='lat' dir='ltr'><strong>longe</strong></span> 
     </span>
    </p>
   </div>
   <div class='ocr_carea' id='block_1_98' title="bbox 297 5487 1843 5560">
    <p class='ocr_par' dir='ltr' id='par_1_98' title="bbox 297 5487 1843 5560">
     <span class='ocr_line' id='line_1_98' title="bbox 297 5487 1843 5560; baseline 0.003 -22"><span class='ocrx_word' id='word_1_724' title='bbox 297 5487 544 5557; x_wconf 70' lang='lat' dir='ltr'><strong>d-gniores</strong></span> <span class='ocrx_word' id='word_1_725' title='bbox 569 5491 868 5560; x_wconf 85' lang='lat' dir='ltr'><strong>judicarem</strong></span> <span class='ocrx_word' id='word_1_726' title='bbox 906 5508 920 5543; x_wconf 88' lang='lat'><strong><em>:</em></strong></span> <span class='ocrx_word' id='word_1_727' title='bbox 952 5502 1006 5544; x_wconf 89' lang='lat' dir='ltr'><strong>et</strong></span> <span class='ocrx_word' id='word_1_728' title='bbox 1037 5492 1222 5545; x_wconf 65' lang='lat' dir='ltr'><strong>fzecem</strong></span> <span class='ocrx_word' id='word_1_729' title='bbox 1267 5506 1328 5543; x_wconf 88' lang='lat' dir='ltr'><strong>ac</strong></span> <span class='ocrx_word' id='word_1_730' title='bbox 1377 5492 1648 5543; x_wconf 83' lang='lat' dir='ltr'><strong>sentinam</strong></span> <span class='ocrx_word' id='word_1_731' title='bbox 1698 5489 1843 5544; x_wconf 89' lang='lat' dir='ltr'><strong>illam</strong></span> 
     </span>
    </p>
   </div>
   <div class='ocr_carea' id='block_1_99' title="bbox 298 5580 1840 5647">
    <p class='ocr_par' dir='ltr' id='par_1_99' title="bbox 298 5580 1840 5647">
     <span class='ocr_line' id='line_1_99' title="bbox 298 5580 1840 5647; baseline 0.001 -15"><span class='ocrx_word' id='word_1_732' title='bbox 298 5580 600 5636; x_wconf 67' lang='lat' dir='ltr'><strong>nefariorum</strong></span> <span class='ocrx_word' id='word_1_733' title='bbox 655 5581 942 5636; x_wconf 57' lang='lat' dir='ltr'><strong>lion-sinum</strong></span> <span class='ocrx_word' id='word_1_734' title='bbox 985 5592 1091 5638; x_wconf 88' lang='lat' dir='ltr'><strong>tam</strong></span> <span class='ocrx_word' id='word_1_735' title='bbox 1140 5581 1233 5638; x_wconf 87' lang='lat' dir='ltr'><strong>diu</strong></span> <span class='ocrx_word' id='word_1_736' title='bbox 1283 5581 1448 5636; x_wconf 86' lang='lat' dir='ltr'><strong>fu&#39;sse</strong></span> <span class='ocrx_word' id='word_1_737' title='bbox 1486 5581 1840 5647; x_wconf 85' lang='lat' dir='ltr'><strong>incolumem,</strong></span> 
     </span>
    </p>
   </div>
   <div class='ocr_carea' id='block_1_100' title="bbox 359 5765 1040 5833">
    <p class='ocr_par' dir='ltr' id='par_1_100' title="bbox 359 5765 1040 5833">
     <span class='ocr_line' id='line_1_100' title="bbox 359 5765 1040 5833; baseline 0.001 -14"><span class='ocrx_word' id='word_1_738' title='bbox 359 5766 458 5833; x_wconf 52' lang='grc' dir='ltr'><strong>(ὁδὶ</strong></span> <span class='ocrx_word' id='word_1_739' title='bbox 494 5765 602 5820; x_wconf 66' lang='lat' dir='ltr'><strong>Non</strong></span> <span class='ocrx_word' id='word_1_740' title='bbox 639 5768 763 5829; x_wconf 68' lang='lat' dir='ltr'><strong>M5,</strong></span> <span class='ocrx_word' id='word_1_741' title='bbox 798 5765 893 5822; x_wconf 86' lang='lat' dir='ltr'><strong>sed</strong></span> <span class='ocrx_word' id='word_1_742' title='bbox 925 5765 1040 5820; x_wconf 77' lang='lat' dir='ltr'><strong>l5&#39;i.</strong></span> 
     </span>
    </p>
   </div>
   <div class='ocr_carea' id='block_1_101' title="bbox 1947 4564 3532 4638">
    <p class='ocr_par' dir='ltr' id='par_1_101' title="bbox 1947 4564 3532 4638">
     <span class='ocr_line' id='line_1_101' title="bbox 1947 4564 3532 4638; baseline -0.003 -17"><span class='ocrx_word' id='word_1_743' title='bbox 1947 4571 2095 4638; x_wconf 86' lang='lat' dir='ltr'><strong>plum</strong></span> <span class='ocrx_word' id='word_1_744' title='bbox 2127 4567 2378 4623; x_wconf 76' lang='lat' dir='ltr'><strong>Christus</strong></span> <span class='ocrx_word' id='word_1_745' title='bbox 2404 4567 2585 4634; x_wconf 80' lang='lat' dir='ltr'><strong>Jesus,</strong></span> <span class='ocrx_word' id='word_1_746' title='bbox 2610 4578 2832 4638; x_wconf 87' lang='lat' dir='ltr'><strong>propter</strong></span> <span class='ocrx_word' id='word_1_747' title='bbox 2861 4567 3092 4620; x_wconf 90' lang='lat' dir='ltr'><strong>salutem</strong></span> <span class='ocrx_word' id='word_1_748' title='bbox 3116 4564 3338 4620; x_wconf 88' lang='lat' dir='ltr'><strong>humani</strong></span> <span class='ocrx_word' id='word_1_749' title='bbox 3366 4580 3532 4637; x_wconf 69' lang='lat' dir='ltr'><strong>gem:-</strong></span> 
     </span>
    </p>
   </div>
   <div class='ocr_carea' id='block_1_102' title="bbox 1945 4656 3528 4725">
    <p class='ocr_par' dir='ltr' id='par_1_102' title="bbox 1945 4656 3528 4725">
     <span class='ocr_line' id='line_1_102' title="bbox 1945 4656 3528 4725; baseline -0.002 -12"><span class='ocrx_word' id='word_1_750' title='bbox 1945 4661 2040 4725; x_wconf 91' lang='lat' dir='ltr'><strong>ris,</strong></span> <span class='ocrx_word' id='word_1_751' title='bbox 2075 4659 2419 4714; x_wconf 80' lang='lat' dir='ltr'><strong>dissimulata</strong></span> <span class='ocrx_word' id='word_1_752' title='bbox 2466 4660 2754 4715; x_wconf 87' lang='lat' dir='ltr'><strong>divinitate</strong></span> <span class='ocrx_word' id='word_1_753' title='bbox 2784 4674 2903 4725; x_wconf 90' lang='lat' dir='ltr'><strong>sua,</strong></span> <span class='ocrx_word' id='word_1_754' title='bbox 2934 4659 3097 4714; x_wconf 90' lang='lat' dir='ltr'><strong>homo</strong></span> <span class='ocrx_word' id='word_1_755' title='bbox 3129 4657 3281 4713; x_wconf 87' lang='lat' dir='ltr'><strong>nasci</strong></span> <span class='ocrx_word' id='word_1_756' title='bbox 3309 4656 3528 4723; x_wconf 81' lang='lat' dir='ltr'><strong>voluit),</strong></span> 
     </span>
    </p>
   </div>
   <div class='ocr_carea' id='block_1_103' title="bbox 1945 4751 3525 4822">
    <p class='ocr_par' dir='ltr' id='par_1_103' title="bbox 1945 4751 3525 4822">
     <span class='ocr_line' id='line_1_103' title="bbox 1945 4751 3525 4822; baseline -0.003 -16"><span class='ocrx_word' id='word_1_757' title='bbox 1945 4752 2187 4806; x_wconf 85' lang='lat' dir='ltr'><strong>omnium</strong></span> <span class='ocrx_word' id='word_1_758' title='bbox 2238 4752 2568 4822; x_wconf 87' lang='lat' dir='ltr'><strong>principum,</strong></span> <span class='ocrx_word' id='word_1_759' title='bbox 2607 4752 2852 4807; x_wconf 89' lang='lat' dir='ltr'><strong>omnium</strong></span> <span class='ocrx_word' id='word_1_760' title='bbox 2903 4753 3195 4806; x_wconf 88' lang='lat' dir='ltr'><strong>hominum</strong></span> <span class='ocrx_word' id='word_1_761' title='bbox 3247 4751 3463 4804; x_wconf 88' lang='lat' dir='ltr'><strong>animos</strong></span> <span class='ocrx_word' id='word_1_762' title='bbox 3494 4765 3525 4802; x_wconf 86' lang='lat' dir='ltr'><strong>a</strong></span> 
     </span>
    </p>
   </div>
   <div class='ocr_carea' id='block_1_104' title="bbox 1948 4842 3528 4913">
    <p class='ocr_par' dir='ltr' id='par_1_104' title="bbox 1948 4842 3528 4913">
     <span class='ocr_line' id='line_1_104' title="bbox 1948 4842 3528 4913; baseline 0 -19"><span class='ocrx_word' id='word_1_763' title='bbox 1948 4843 2174 4911; x_wconf 77' lang='lat' dir='ltr'><strong>privatis</strong></span> <span class='ocrx_word' id='word_1_764' title='bbox 2205 4843 2603 4912; x_wconf 85' lang='lat' dir='ltr'><strong>cupiditatibus</strong></span> <span class='ocrx_word' id='word_1_765' title='bbox 2638 4844 2703 4898; x_wconf 90' lang='lat' dir='ltr'><strong>ad</strong></span> <span class='ocrx_word' id='word_1_766' title='bbox 2735 4860 2921 4898; x_wconf 85' lang='lat' dir='ltr'><strong>curam</strong></span> <span class='ocrx_word' id='word_1_767' title='bbox 2960 4843 3192 4913; x_wconf 72' lang='lat' dir='ltr'><strong>publiem</strong></span> <span class='ocrx_word' id='word_1_768' title='bbox 3241 4842 3460 4900; x_wconf 80' lang='lat' dir='ltr'><strong>salutis.</strong></span> <span class='ocrx_word' id='word_1_769' title='bbox 3496 4857 3528 4894; x_wconf 86' lang='lat' dir='ltr'><strong>a</strong></span> 
     </span>
    </p>
   </div>
   <div class='ocr_carea' id='block_1_105' title="bbox 1930 4931 3527 5003">
    <p class='ocr_par' dir='ltr' id='par_1_105' title="bbox 1930 4931 3527 5003">
     <span class='ocr_line' id='line_1_105' title="bbox 1930 4931 3527 5003; baseline -0.002 -16"><span class='ocrx_word' id='word_1_770' title='bbox 1930 4933 2077 5001; x_wconf 71' lang='lat' dir='ltr'><strong>luxu</strong></span> <span class='ocrx_word' id='word_1_771' title='bbox 2114 4943 2168 4988; x_wconf 90' lang='lat' dir='ltr'><strong>et</strong></span> <span class='ocrx_word' id='word_1_772' title='bbox 2199 4934 2508 5003; x_wconf 85' lang='lat' dir='ltr'><strong>corruptela</strong></span> <span class='ocrx_word' id='word_1_773' title='bbox 2542 4949 2752 4988; x_wconf 87' lang='lat' dir='ltr'><strong>morum</strong></span> <span class='ocrx_word' id='word_1_774' title='bbox 2808 4937 2874 4988; x_wconf 84' lang='lat' dir='ltr'><strong>ad</strong></span> <span class='ocrx_word' id='word_1_775' title='bbox 2922 4934 3277 4990; x_wconf 84' lang='lat' dir='ltr'><strong>sobrietatem</strong></span> <span class='ocrx_word' id='word_1_776' title='bbox 3312 4945 3368 4985; x_wconf 90' lang='lat' dir='ltr'><strong>et</strong></span> <span class='ocrx_word' id='word_1_777' title='bbox 3402 4931 3527 4985; x_wconf 80' lang='lat' dir='ltr'><strong>vita:</strong></span> 
     </span>
    </p>
   </div>
   <div class='ocr_carea' id='block_1_106' title="bbox 1949 5023 3530 5096">
    <p class='ocr_par' dir='ltr' id='par_1_106' title="bbox 1949 5023 3530 5096">
     <span class='ocr_line' id='line_1_106' title="bbox 1949 5023 3530 5096; baseline -0.002 -19"><span class='ocrx_word' id='word_1_778' title='bbox 1949 5027 2340 5096; x_wconf 79' lang='lat' dir='ltr'><strong>integritatem,</strong></span> <span class='ocrx_word' id='word_1_779' title='bbox 2374 5026 2442 5081; x_wconf 83' lang='lat' dir='ltr'><strong>ab</strong></span> <span class='ocrx_word' id='word_1_780' title='bbox 2473 5026 2615 5080; x_wconf 91' lang='lat' dir='ltr'><strong>odiis</strong></span> <span class='ocrx_word' id='word_1_781' title='bbox 2663 5036 2720 5081; x_wconf 91' lang='lat' dir='ltr'><strong>et</strong></span> <span class='ocrx_word' id='word_1_782' title='bbox 2768 5023 3140 5079; x_wconf 85' lang='lat' dir='ltr'><strong>simultatibus</strong></span> <span class='ocrx_word' id='word_1_783' title='bbox 3185 5023 3249 5078; x_wconf 89' lang='lat' dir='ltr'><strong>ad</strong></span> <span class='ocrx_word' id='word_1_784' title='bbox 3301 5037 3530 5077; x_wconf 84' lang='lat' dir='ltr'><strong>concor-</strong></span> 
     </span>
    </p>
   </div>
   <div class='ocr_carea' id='block_1_107' title="bbox 1947 5116 3530 5185">
    <p class='ocr_par' dir='ltr' id='par_1_107' title="bbox 1947 5116 3530 5185">
     <span class='ocr_line' id='line_1_107' title="bbox 1947 5116 3530 5185; baseline -0.001 -14"><span class='ocrx_word' id='word_1_785' title='bbox 1947 5116 2091 5171; x_wconf 85' lang='lat' dir='ltr'><strong>diam</strong></span> <span class='ocrx_word' id='word_1_786' title='bbox 2126 5128 2181 5171; x_wconf 92' lang='lat' dir='ltr'><strong>et</strong></span> <span class='ocrx_word' id='word_1_787' title='bbox 2212 5132 2478 5182; x_wconf 82' lang='lat' dir='ltr'><strong>amorem,</strong></span> <span class='ocrx_word' id='word_1_788' title='bbox 2523 5134 2551 5171; x_wconf 88' lang='lat' dir='ltr'><strong>a</strong></span> <span class='ocrx_word' id='word_1_789' title='bbox 2596 5118 2733 5172; x_wconf 79' lang='lat' dir='ltr'><strong>rixis</strong></span> <span class='ocrx_word' id='word_1_790' title='bbox 2766 5127 2820 5172; x_wconf 94' lang='lat' dir='ltr'><strong>et</strong></span> <span class='ocrx_word' id='word_1_791' title='bbox 2851 5117 3313 5185; x_wconf 81' lang='lat' dir='ltr'><strong>disputatiouitms</strong></span> <span class='ocrx_word' id='word_1_792' title='bbox 3341 5118 3407 5170; x_wconf 82' lang='lat' dir='ltr'><strong>ad</strong></span> <span class='ocrx_word' id='word_1_793' title='bbox 3440 5131 3530 5170; x_wconf 73' lang='lat' dir='ltr'><strong>ve-</strong></span> 
     </span>
    </p>
   </div>
   <div class='ocr_carea' id='block_1_108' title="bbox 1950 5206 3578 5283">
    <p class='ocr_par' dir='ltr' id='par_1_108' title="bbox 1950 5206 3578 5283">
     <span class='ocr_line' id='line_1_108' title="bbox 1950 5206 3578 5283; baseline -0.001 -20"><span class='ocrx_word' id='word_1_794' title='bbox 1950 5225 2071 5264; x_wconf 90' lang='lat' dir='ltr'><strong>rum</strong></span> <span class='ocrx_word' id='word_1_795' title='bbox 2103 5211 2309 5265; x_wconf 89' lang='lat' dir='ltr'><strong>cultum</strong></span> <span class='ocrx_word' id='word_1_796' title='bbox 2341 5211 2638 5283; x_wconf 67' lang='lat' dir='ltr'><strong>religionis.</strong></span> <span class='ocrx_word' id='word_1_797' title='bbox 2674 5226 2704 5264; x_wconf 85' lang='lat' dir='ltr'><strong>a</strong></span> <span class='ocrx_word' id='word_1_798' title='bbox 2740 5211 2896 5264; x_wconf 86' lang='lat' dir='ltr'><strong>bellis</strong></span> <span class='ocrx_word' id='word_1_799' title='bbox 2927 5219 2977 5264; x_wconf 92' lang='lat' dir='ltr'><strong>et</strong></span> <span class='ocrx_word' id='word_1_800' title='bbox 3011 5210 3180 5263; x_wconf 82' lang='lat' dir='ltr'><strong>annis</strong></span> <span class='ocrx_word' id='word_1_801' title='bbox 3208 5208 3275 5262; x_wconf 91' lang='lat' dir='ltr'><strong>ad</strong></span> <span class='ocrx_word' id='word_1_802' title='bbox 3313 5206 3523 5261; x_wconf 88' lang='lat' dir='ltr'><strong>tirmam</strong></span> <span class='ocrx_word' id='word_1_803' title='bbox 3576 5212 3578 5215; x_wconf 86' lang='grc'><em>’</em></span> 
     </span>
    </p>
   </div>
   <div class='ocr_carea' id='block_1_109' title="bbox 1947 5290 2950 5372">
    <p class='ocr_par' dir='ltr' id='par_1_109' title="bbox 1947 5290 2950 5372">
     <span class='ocr_line' id='line_1_109' title="bbox 1947 5290 2950 5372; baseline 0 -17"><span class='ocrx_word' id='word_1_804' title='bbox 1947 5310 2001 5356; x_wconf 89' lang='lat' dir='ltr'><strong>et</strong></span> <span class='ocrx_word' id='word_1_805' title='bbox 2034 5290 2376 5357; x_wconf 79' lang='lat' dir='ltr'><strong>constantem</strong></span> <span class='ocrx_word' id='word_1_806' title='bbox 2418 5319 2604 5372; x_wconf 87' lang='lat' dir='ltr'><strong>pacem</strong></span> <span class='ocrx_word' id='word_1_807' title='bbox 2645 5309 2950 5358; x_wconf 80' lang='lat' dir='ltr'><strong>convertat.</strong></span> 
     </span>
    </p>
   </div>
   <div class='ocr_carea' id='block_1_110' title="bbox 2021 5391 3520 5469">
    <p class='ocr_par' dir='ltr' id='par_1_110' title="bbox 2021 5391 3520 5469">
     <span class='ocr_line' id='line_1_110' title="bbox 2021 5391 3520 5469; baseline -0.006 -17"><span class='ocrx_word' id='word_1_808' title='bbox 2021 5397 2119 5469; x_wconf 77' lang='lat' dir='ltr'><strong>Cuj</strong></span> <span class='ocrx_word' id='word_1_809' title='bbox 2147 5413 2193 5452; x_wconf 60' lang='lat' dir='ltr'><strong>is</strong></span> <span class='ocrx_word' id='word_1_810' title='bbox 2221 5397 2328 5453; x_wconf 88' lang='lat' dir='ltr'><strong>voti</strong></span> <span class='ocrx_word' id='word_1_811' title='bbox 2361 5397 2408 5450; x_wconf 83' lang='lat' dir='ltr'><strong>si</strong></span> <span class='ocrx_word' id='word_1_812' title='bbox 2439 5411 2541 5452; x_wconf 83' lang='lat' dir='ltr'><strong>nos</strong></span> <span class='ocrx_word' id='word_1_813' title='bbox 2566 5397 2749 5452; x_wconf 86' lang='lat' dir='ltr'><strong>divina</strong></span> <span class='ocrx_word' id='word_1_814' title='bbox 2781 5395 3078 5450; x_wconf 82' lang='lat' dir='ltr'><strong>liberalitas</strong></span> <span class='ocrx_word' id='word_1_815' title='bbox 3115 5393 3328 5464; x_wconf 84' lang='lat' dir='ltr'><strong>(merita</strong></span> <span class='ocrx_word' id='word_1_816' title='bbox 3373 5391 3520 5444; x_wconf 76' lang='lat' dir='ltr'><strong>cnim</strong></span> 
     </span>
    </p>
   </div>
   <div class='ocr_carea' id='block_1_111' title="bbox 1947 5485 3523 5561">
    <p class='ocr_par' dir='ltr' id='par_1_111' title="bbox 1947 5485 3523 5561">
     <span class='ocr_line' id='line_1_111' title="bbox 1947 5485 3523 5561; baseline -0.008 -16"><span class='ocrx_word' id='word_1_817' title='bbox 1947 5502 2133 5545; x_wconf 81' lang='lat' dir='ltr'><strong>nostra</strong></span> <span class='ocrx_word' id='word_1_818' title='bbox 2161 5489 2308 5544; x_wconf 73' lang='lat' dir='ltr'><strong>milia</strong></span> <span class='ocrx_word' id='word_1_819' title='bbox 2346 5491 2592 5560; x_wconf 90' lang='lat' dir='ltr'><strong>profecto</strong></span> <span class='ocrx_word' id='word_1_820' title='bbox 2626 5491 2824 5561; x_wconf 81' lang='lat' dir='ltr'><strong>jactare</strong></span> <span class='ocrx_word' id='word_1_821' title='bbox 2851 5501 3166 5558; x_wconf 85' lang='lat' dir='ltr'><strong>possumus,</strong></span> <span class='ocrx_word' id='word_1_822' title='bbox 3206 5499 3307 5538; x_wconf 88' lang='lat' dir='ltr'><strong>nec</strong></span> <span class='ocrx_word' id='word_1_823' title='bbox 3343 5485 3523 5538; x_wconf 87' lang='lat' dir='ltr'><strong>minus</strong></span> 
     </span>
    </p>
   </div>
   <div class='ocr_carea' id='block_1_112' title="bbox 1949 5579 3528 5654">
    <p class='ocr_par' dir='ltr' id='par_1_112' title="bbox 1949 5579 3528 5654">
     <span class='ocr_line' id='line_1_112' title="bbox 1949 5579 3528 5654; baseline -0.006 -18"><span class='ocrx_word' id='word_1_824' title='bbox 1949 5583 2154 5654; x_wconf 79' lang='lat' dir='ltr'><strong>indigni</strong></span> <span class='ocrx_word' id='word_1_825' title='bbox 2183 5598 2371 5637; x_wconf 79' lang='lat' dir='ltr'><strong>sumus</strong></span> <span class='ocrx_word' id='word_1_826' title='bbox 2394 5583 2580 5637; x_wconf 80' lang='lat' dir='ltr'><strong>divino</strong></span> <span class='ocrx_word' id='word_1_827' title='bbox 2600 5582 2804 5638; x_wconf 73' lang='lat' dir='ltr'><strong>auxilio</strong></span> <span class='ocrx_word' id='word_1_828' title='bbox 2835 5597 2997 5650; x_wconf 89' lang='lat' dir='ltr'><strong>quam</strong></span> <span class='ocrx_word' id='word_1_829' title='bbox 3032 5579 3223 5648; x_wconf 71' lang='lat' dir='ltr'><strong>indigi)</strong></span> <span class='ocrx_word' id='word_1_830' title='bbox 3244 5587 3528 5645; x_wconf 78' lang='lat' dir='ltr'><strong>compotes</strong></span> 
     </span>
    </p>
   </div>
  </div>
