4076 6248
321 397 414 459 521

566 391 637 464 [Α.
681 409 731 446 c.
784 392 915 447 M39.
952 407 1020 445 ΑΙ)
1070 390 1223 462 15281

1301 395 1749 454 ΒΥΖΛΝΤΙΝᾺΕ
1788 393 2172 455 HISTORIA?
2216 395 2357 455 LIB.
2405 393 2568 453 Vill.

2657 387 2794 459 [ιιιιδ.
2838 398 3119 439 Ακοιιοςιο.
3165 380 3308 455 sum]
3453 387 3552 449 593

315 512 390 582 τῷ
424 515 650 583 παρόντι
674 513 946 584 ἠνάγκαζε
975 514 1229 578 δέξασθαί
1278 532 1366 583 με,
1402 514 1466 567 ἵν’
1495 517 1576 585 εἴη
1608 532 1687 578 τις
1749 516 1873 567 τοῦτ

1994 514 2068 568 illi
2104 516 2176 567 ob
2208 515 2368 568 tatem
2397 529 2523 581 erga
2559 526 2641 566 me
2670 509 3018 564 affectionem
3068 506 3552 566 conviciabantur;

317 604 669 671 εὐπρόσωπος
695 605 839 674 αὐτῷ
873 607 1095 677 ἀφορμὴ
1150 609 1285 677 πρὸς
1337 608 1462 671 τοῦς
1495 608 1884 676 βασκαίνοντας

319 697 409 749 καὶ
437 696 530 748 ὑπ’
561 698 747 751 ὀδόντα
778 698 1217 768 λοιδορουμένους
1269 700 1418 769 αὐτῷ
1461 702 1558 769 τῆς
1602 699 1879 770 ἡμετέρας

318 786 497 838 εἵνεκα
520 789 706 856 τιμῆς,
731 782 799 857 ἦς
821 790 948 858 παρ’
968 788 1131 841 αὑτοῦ
1156 790 1421 859 λαμπρῶς
1440 791 1599 852 εὐθὺς
1618 790 1889 860 ἐκαρπού-

321 892 444 945 μην,
509 877 647 945 μήτε
699 877 890 947 χρόνον
956 878 1409 949 προεισενεγκὼν,
1477 879 1551 942 ὡς
1607 880 1727 944 ibo;
1780 884 1891 943 τοῖς

319 969 609 1036 πλείστοις,
643 972 780 1039 μήτε
818 971 940 1025 τινὰ
974 972 1165 1025 πολιὰν
1188 973 1369 1042 τρίχα,
1412 974 1547 1041 μήτε
1580 973 1702 1025 τινὰ
1723 973 1890 1041 τ.μὴν

319 1059 616 1132 ἱερατικὴν.
656 1062 960 1131 Ηὺτρέπιζε
994 1062 1049 1115 δέ
1080 1080 1170 1132 μοι
1196 1064 1323 1134 ἤδη,
1359 1064 1433 1126 ὡς
1456 1063 1543 1133 ἐφ’
1573 1064 1775 1132 ἑτοίμῳ
1812 1062 1889 1131 τῷ

321 1154 620 1222 πράγματι,
658 1158 749 1207 καὶ
773 1152 808 1208 ἀ
825 1157 891 1225 τῇ
908 1155 1031 1224 ἀξίᾳ
1059 1157 1401 1224 προσήκοντα
1432 1151 1570 1226 ἦσαν
1596 1154 1886 1223 ἐνδύματα.

1991 607 2135 675 quod
2196 622 2294 661 nec
2346 620 2597 675 proxecm
2633 614 2935 659 {etate-uec
2992 616 3128 655 cano
3163 599 3421 668 capillitio
3459 613 3558 652 nec

1991 697 2299 751 sacerdotio
2331 698 2519 765 aliquo
2567 696 3108 770 commendatushut
3138 692 3381 760 plerique
3415 691 3557 743 sole-

1990 800 2130 849 rent.
2164 791 2253 844 illa
2288 789 2521 844 fruerer.
2555 788 2671 844 Jaut
2702 803 2848 849 vero,
2879 799 2935 840 ut
2967 801 3021 838 re
3046 802 3154 839 non
3182 784 3551 846 dubia,etiatn

1989 882 2241 951 dignitati
2292 891 2693 936 consentaneas
2745 889 2925 935 vestes
2976 877 3107 931 mihi
3163 878 3407 946 parabat.
3448 878 3557 945 ligo

1990 988 2145 1038 vero,
2182 987 2305 1027 cum
2341 972 2766 1027 adolescentiam
2813 984 2987 1023 meam
3023 977 3078 1021 et
3113 982 3325 1034 tempus
3357 966 3551 1030 hujus-

1990 1064 2135 1117 inodi
2170 1064 2332 1118 rebus
2365 1062 2603 1117 alienum
2638 1059 3096 1127 considerassctn,
3143 1061 3209 1112 ad
3261 1059 3406 1112 hunc
3446 1072 3561 1107 mo—

1988 1155 2119 1209 dum
2160 1154 2324 1209 verba
2349 1152 2453 1208 t‘eci
2481 1170 2495 1206 :

329 1242 466 1311 Ἐγὼ
494 1241 539 1295 δ’
571 1244 625 1302 ὲς
648 1244 749 1308 τὴν
790 1242 1038 1312 ἐμαυτοῦ
1072 1245 1299 1312 νεότητα
1329 1242 1537 1296 ἀπιδὼν
1565 1244 1660 1296 καὶ
1690 1245 1788 1313 τὴν
1827 1243 1937 1297 τῶν
1959 1243 2214 1297 τοιούτων
2240 1243 2447 1313 ἀωρίαν
2474 1242 2815 1315 πραγμάτων
2840 1241 3123 1314 παρελθὼν
3159 1240 3313 1307 ἕῐεξι
3341 1241 3517 1295 τοιάδε
3540 1237 3556 1253 ⁹

386 1336 458 1391 B'.
505 1357 523 1390 ι
563 1339 695 1409 Περὶ
720 1345 819 1405 μὲν
861 1340 1101 1409 ἐμαυτοῦ
1154 1340 1265 1411 (89)
1308 1344 1400 1393 καὶ
1452 1342 1527 1403 ὡς
1577 1340 1729 1394 οὔπω
1790 1358 1879 1411 μοι

318 1434 503 1502 καίρια
534 1433 601 1484 τά
653 1434 749 1502 τῆς
807 1434 1075 1502 ίερατείας
1139 1431 1343 1503 βραχύν
1384 1449 1505 1486 τινα
1543 1434 1880 1503 ἀποχρήσειν

318 1538 406 1589 μοι
433 1521 577 1574 δοκῶ
601 1522 691 1574 τὸν
721 1522 1005 1590 ἀπόλογον.
1043 1524 1113 1576 Ὀ
1167 1540 1222 1576 τε
1253 1524 1359 1595 γάρ
1389 1540 1481 1593 μοι
1512 1525 1701 1594 χρόνος
1730 1525 1882 1579 οὔπω

312 1610 510 1680 ὡραῖος
552 1611 687 1682 πρός
734 1628 795 1679 γε
841 1613 907 1665 τά
934 1611 1177 1666 τοιαῦτα’
1204 1614 1299 1666 καὶ
1349 1614 1530 1682 μέντοι
1581 1632 1645 1682 γε
1702 1617 1880 1668 καὶοὶ

2049 1340 2116 1395 ll.
2165 1358 2182 1393 ι
2229 1341 2383 1407 Quod
2411 1340 2480 1394 ad
2509 1354 2595 1393 me
2626 1347 2681 1393 et
2720 1339 3064 1392 immaturam
3093 1334 3403 1389 sacerdotio
3428 1347 3561 1388 tcta-

1983 1438 2089 1483 tem
2125 1432 2343 1493 attinet,
2379 1444 2487 1483 non
2522 1443 2716 1497 magna
2747 1440 2886 1496 Opus
2911 1441 3030 1480 esse
3056 1424 3299 1478 arbitror
3324 1439 3560 1478 excusa-

1981 1520 2149 1575 tione.
2175 1521 2308 1575 Nam
2327 1531 2381 1575 ct
2405 1520 2535 1575 anni
2568 1520 2672 1574 mei
2709 1520 2909 1575 talibus
2931 1520 3095 1573 rebus
3132 1526 3263 1573 sunt
3295 1516 3556 1586 impares,

1979 1623 2033 1667 et
2066 1613 2161 1668 otii
2200 1629 2263 1667 ac
2305 1612 2610 1667 litterarum
2644 1612 2869 1666 insanus
2902 1627 2966 1666 ac
3006 1611 3246 1666 furiosus
3278 1625 3430 1663 amor
3460 1608 3558 1663 ad-

311 1704 408 1772 τῆς
438 1705 662 1774 ἡσυχίας
697 1708 790 1761 καὶ
819 1705 926 1757 τῶν
958 1705 1131 1774 λόγων
1162 1706 1451 1774 μανιώδεις
1484 1708 1578 1759 καὶ
1619 1707 1876 1777 λελυττη-

1985 1707 2094 1760 huc
2120 1706 2263 1774 apud
2296 1720 2382 1759 me
2416 1705 2589 1759 fervet
2617 1723 2631 1758 :
2668 1720 2771 1758 nec
2801 1719 2886 1757 me
2918 1704 3142 1757 missum
3175 1702 3445 1757 facturum
3478 1702 3560 1754 at-

316 1797 466 1857 κότες
496 1796 697 1867 ἔρωτες
731 1795 935 1866 ἡθῶσιν
970 1797 1049 1851 ἔτι
1081 1796 1211 1868 παρ’
1238 1800 1360 1865 ἐμοὶ
1396 1799 1491 1851 καί
1527 1815 1595 1869 με
1629 1798 1728 1870 μὴ,
1752 1801 1881 1868 πρὶν

314 1890 391 1949 είς
420 1888 578 1958 κόρον
634 1889 869 1957 ἐξήκειν,
935 1891 1200 1959 παρήσειν
1250 1889 1694 1961 διῖσχυρίζονται.
1744 1890 1879 1945 Τότε

314 1982 416 2047 γὰρ
442 1981 536 2031 καὶ
579 1979 647 2032 τά
678 1982 779 2048 τῆς
832 1978 1069 2042 διανοίας
1113 1979 1174 2032 τὸ
1205 1982 1405 2047 ἄφετον
1440 1978 1583 2045 ἕξειν
1622 1983 1716 2034 καὶ
1745 1982 1881 2033 ἀπο·

313 2076 458 2140 χρῶν
472 2073 607 2141 πρὸς
621 2072 755 2126 Θεοῦ
777 2072 1135 2143 λειτουργίαν.
1155 2071 1229 2126 Τὸ
1252 2072 1308 2126 δὲ
1333 2072 1427 2125 νῦν
1454 2074 1771 2143 ὲμδριθεστέ
1778 2090 1880 2144 ραν

315 2160 452 2216 εἶναι
486 2163 588 2234 τὴν
616 2164 724 2216 τῶν
756 2164 1070 2234 μυστηρίων
1101 2163 1325 2235 τόλμαν,
1352 2164 1386 2235 ἢ
1413 2164 1485 2228 ὡς
1516 2166 1615 2235 ἐμέ
1659 2181 1719 2235 γε
1748 2169 1882 2220 ἐνεῖ-

314 2269 402 2306 ναι
442 2253 636 2324 ῥᾳδίως
670 2252 914 2323 ἐνέγκαι,
945 2255 1103 2307 τοῦτο
1141 2254 1186 2308 δ’
1208 2253 1302 2308 οὖν
1341 2256 1389 2308 εί
1411 2256 1486 2325 μή
1530 2273 1609 2326 τῳ
1656 2256 1724 2327 δὴ
1771 2257 1880 2310 τῶν

317 2346 530 2398 πάντων
556 2343 718 2415 ἄλλῳ,
751 2344 887 2396 ἀλλὰ
909 2346 1016 2415 γὰρ
1047 2347 1101 2399 εἰ
1126 2362 1178 2397 τι
1200 2344 1309 2399 τῶν
1338 2345 1593 2400 ἁπάντων
1626 2348 1754 2417 ἄλλο
1787 2349 1880 2401 καὶ

314 2434 469 2489 τοῦτο
497 2436 563 2507 δὴ
582 2436 691 2489 τῶν
718 2438 860 2490 πάνυ
892 2454 973 2490 τοι
994 2437 1276 2509 προδήλων
1292 2440 1502 2509 ἔμοιγε.
1522 2437 1755 2509 Ὀπόσην
1769 2440 1878 2510 γάρ

324 2526 489 2595 ιχρῆν
518 2524 613 2578 τοῦ
642 2526 962 2595 πράγματος
991 2526 1089 2594 τὴν
1114 2530 1331 2597 πεῖραν,
1371 2530 1556 2598 τόσην,
1590 2529 1875 2594 ὠςείπεῖν,

313 2618 465 2672 ἀσκῶ
497 2619 597 2691 την
628 2619 883 2689 ἀπειρίαν
910 2621 966 2672 ἐν
1003 2618 1136 2686 γοῦν
1155 2619 1232 2687 τῷ
1253 2620 1502 2689 παρόντι.
1532 2624 1603 2676 Τδ
1624 2623 1670 2676 δ’
1703 2623 1878 2687 οὕτως

317 2712 487 2783 ἔχοντ’
504 2712 731 2783 ἀμαθῶς
755 2712 1104 2784 κατατολμᾲν
1125 2713 1233 2765 τῶν
1270 2712 1432 2766 θείων
1456 2714 1549 2767 καὶ
1563 2716 1873 2784 ἀψαύστων,

315 2803 495 2873 ὅμοιον
510 2801 570 2857 ὃν
588 2802 775 2874 ὥσπερ
793 2802 858 2855 ἂν
876 2803 928 2855 εῐ
942 2820 1024 2865 τις
1036 2805 1131 2855 ὲπε
1140 2802 1280 2872 πήδα
1300 2804 1557 2875 θαλάττῃ,
1577 2806 1707 2875 πρὶν
1723 2804 1756 2875 ἢ
1773 2823 1876 2873 μα·

315 2893 424 2947 θεῖν
439 2894 813 2966 διανήχεσθαι,
833 2891 948 2948 οὔθ’
968 2895 1119 2961 ὑγιὲς
1142 2894 1356 2964 ἥγημαι
1371 2898 1465 2949 καὶ
1486 2897 1605 2949 οὐδὲ
1626 2896 1876 2950 πλείστου

312 2986 414 3039 δέω
436 2987 830 3057 θαυμάζειν,ζεί
848 3003 931 3047 τις
944 2987 1231 3055 ἀνάσχοιτό
1251 3004 1373 3038 ποτε
1391 2987 1659 3057 τοσαύτην
1676 2988 1879 3058 τόλμαν

314 3076 647 3150 ἀνασχέσθαι
684 3076 930 3149 λογισμῷ
981 3078 1343 3149 καθεστηκότι
1388 3078 1639 3149 πλήττων
1662 3080 1873 3136 ἑαυτόν.

1988 1800 2191 1865 ﬁrmat,
2227 1800 2546 1869 priusquam
2588 1798 2656 1853 iis
2686 1797 2756 1852 ad
2792 1798 3103 1853 satietatem
3149 1797 3383 1850 fruatur.
3417 1794 3558 1848 Tum

1988 1893 2134 1946 enim
2167 1903 2224 1946 et
2254 1892 2484 1947 liberum
2512 1891 2630 1946 fore
2660 1906 2840 1945 meum
2870 1890 3112 1944 animum
3150 1898 3207 1945 et
3233 1888 3300 1942 ad
3332 1885 3427 1942 Dei
3459 1904 3569 1940 ιω·-

1988 1986 2274 2039 nisterium
2328 1983 2605 2039 idoneum.
2662 1981 2817 2037 Nunc
2872 1997 2999 2037 vero
3055 1981 3319 2036 audacem
3359 1990 3558 2053 mystc-

1988 2077 2195 2131 riorum
2240 2075 2620 2133 tractationem
2671 2092 2809 2131 onus
2851 2091 2971 2132 esse
3020 2075 3259 2146 gravius,
3292 2088 3455 2144 quam
3500 2084 3560 2127 ut

1986 2166 2147 2223 tacite
2178 2166 2308 2221 illud
2339 2169 2541 2235 possim
2566 2168 2859 2231 sustinere,
2887 2168 2933 2221 si
2981 2181 3142 2220 nemo
3177 2166 3318 2221 alius
3348 2164 3558 2219 intelli-

1984 2258 2083 2328 git,
2130 2274 2233 2329 ego
2263 2268 2412 2314 certe
2445 2258 2527 2315 sic
2574 2259 2845 2331 intelligo,
2884 2268 2945 2315 ut
2999 2258 3140 2313 nihil
3188 2257 3385 2327 magis.
3419 2257 3554 2311 Nam

1985 2360 2249 2420 quantam
2300 2366 2387 2407 res
2442 2352 2836 2422 experientiam
2889 2352 3189 2422 postulant,
3222 2361 3384 2407 tanta:
3418 2350 3554 2405 mil.i

1986 2458 2110 2497 sum
2144 2443 2433 2513 imperitia:
2461 2444 2739 2511 conscius,
2774 2442 2881 2499 hoc
2907 2443 3129 2514 quidem
3157 2454 3426 2512 tempore.
3456 2443 3556 2497 At-

1985 2537 2077 2605 qui
2112 2537 2390 2591 hominem
2423 2536 2562 2592 adeo
2594 2537 2785 2592 rudem
2812 2536 3097 2592 diviniseet
3130 2553 3235 2592 non
3271 2537 3555 2607 tangendis

1985 2642 2105 2682 sese
2163 2628 2329 2684 rebus
2389 2630 2660 2700 ingerere,
2712 2644 2822 2683 non
2874 2629 3023 2684 aliud
3072 2627 3260 2692 fuerit,
3307 2644 3469 2699 quam
3508 2630 3552 2681 si

1983 2722 2109 2791 quis
2163 2720 2389 2776 natandi
2448 2722 2672 2778 nescius
2718 2722 2771 2777 in
2840 2738 2990 2778 mare
3046 2722 3265 2779 desiliat
3320 2740 3335 2776 :
3390 2721 3546 2793 34],

1984 2826 2165 2882 neque
2206 2812 2323 2868 sani
2350 2812 2591 2869 hominis
2619 2830 2719 2887 ego
2753 2831 2874 2872 esse
2919 2824 3050 2886 puto
3082 2827 3140 2873 et
3170 2818 3330 2873 valde
3360 2820 3551 2883 mirer,

1982 2906 2030 2960 si
2072 2908 2196 2975 quis
2240 2907 2426 2961 animo
2471 2918 2729 2963 constans
2778 2910 2861 2964 vel
2915 2910 3154 2980 cegitare
3204 2910 3308 2965 tale
3340 2910 3550 2981 aliquid

1983 3002 2270 3057 sustineat.
2301 3000 2511 3068 Quibus
2554 3003 2702 3057 enim
2753 3001 3099 3067 fulminibus,
3149 3004 3350 3076 quibus
3385 3008 3553 3062 maris

1984 3093 2292 3163 gurgitibus
2325 3109 2432 3147 non
2475 3095 2636 3164 digna
2660 3094 2823 3149 fuerit
2864 3096 2953 3150 illa
2982 3096 3351 3159 conﬁdentia?
3375 3095 3551 3153 Caete-

322 3173 494 3225 Ποίων
528 3174 627 3241 μὲν
678 3174 787 3243 γάρ
814 3172 915 3224 οὐκ
937 3171 1002 3225 ἂν
1031 3170 1116 3241 εἴη
1148 3171 1499 3242 πρηστήρων,
1527 3169 1691 3227 ποίων
1704 3171 1752 3224 δ’
1774 3174 1874 3227 οὐκ

1979 3202 2097 3240 rum
2129 3200 2238 3241 tuae
2270 3187 2569 3256 tnajestatis
2597 3188 2944 3243 clementiam
2972 3204 3103 3259 erga
3133 3205 3241 3253 me,
3272 3190 3541 3249 sollicitu-

313 3264 378 3319 ἂν
406 3264 707 3318 θαλαττίων
737 3263 1026 3333 πυθμένων
1079 3262 1140 3314 τὸ
1169 3263 1402 3332 πρᾶγμα
1430 3262 1685 3330 ἑπάξιον;
1731 3259 1870 3318 Εἶεν.

314 3341 383 3411 Τό
414 3375 479 3427 γε
551 3359 659 3428 μὴν
711 3356 846 3425 πρὸς
885 3355 985 3425 tat
1018 3356 1265 3426 εὐμενὲς,
1290 3357 1382 3409 καὶ
1437 3357 1733 3426 κηδόμενον
1781 3357 1875 3410 τοῦ

315 3449 407 3503 σοῦ
424 3451 662 3520 κράτους
692 3450 786 3503 καὶ
822 3448 955 3519 πρὸς
987 3449 1214 3511 εὐποῖας
1237 3447 1378 3501 πάνυ
1407 3465 1489 3501 τοι
1519 3449 1721 3518 σφόδρα
1755 3450 1877 3502 ἑπι-

314 3541 483 3603 κλινὲς
503 3544 596 3594 καὶ
614 3542 931 3612 ὀξύρροπον,
949 3538 1171 3613 [P1210]
1189 3539 1344 3611 είπτρ
1353 3540 1419 3611 δή
1434 3540 1606 3593 τιτῶν
1623 3539 1877 3594 ἀπάντων

311 3629 494 3702 ἕτερον
521 3632 613 3682 καὶ
644 3628 802 3683 τοῦτο
823 3629 869 3684 δ’
891 3632 949 3683 ὲν
977 3630 1087 3693 τοῖς
1124 3630 1361 3699 μάλιστα
1408 3631 1583 3698 ἔγωγε
1638 3629 1873 3701 ἄγαμαιο

312 3728 402 3777 καὶ
430 3723 530 3777 οὐκ
551 3723 660 3793 ἔχω
709 3722 1045 3785 παντοδαπὸς
1093 3722 1407 3792 γιγνόμενος
1446 3722 1554 3775 τίσι
1592 3723 1875 3793 χρησάμε-

310 3832 395 3876 νος
419 3815 687 3877 ἐπινοίαις
715 3813 900 3881 γνοίην
930 3815 1077 3875 ὅπως
1102 3811 1231 3865 ποτὲ
1296 3813 1389 3865 καὶ
1421 3808 1619 3866 οἷστισι
1647 3814 1759 3877 τοῖς
1792 3815 1877 3865 αι-

310 3907 443 3969 τίοις
486 3906 647 3969 αὐτὸς
695 3904 1061 3977 χρησάμενος,
1097 3897 1143 3956 ὢ
1204 3903 1449 3973 βασιλεῦ,
1490 3905 1729 3968 τοιοῦτός
1782 3921 1873 3977 μοι

310 4000 491 4068 γίγνῃ.
536 3995 699 4061 Ἀλλ’,
741 3995 814 4058 ὼς
844 3997 1015 4059 ἔοικε,
1075 3995 1207 4065 πρὸς
1258 3995 1348 4047 τὸν
1379 3996 1555 4049 κοινὸν
1596 3998 1872 4067 Δεσπότην

311 4087 497 4157 ὥσπερ
533 4087 671 4157 πρὸς
701 4088 1008 4157 ἀρχέτυπον
1060 4088 1276 4156 εὐφυῶς
1342 4088 1719 4160 ἁμιλλώμενος
1772 4089 1872 4144 οὐκ

312 4179 597 4248 ἀναμένεις
624 4179 801 4241 αἰτίας
833 4180 921 4231 ἀεὶ
948 4178 1077 4249 περὶ
1094 4179 1201 4232 πᾶν
1229 4179 1454 4246 ἀγαθόν’
1477 4180 1617 4234 ἀλλά
1644 4183 1720 4251 πὴ
1747 4180 1870 4250 μὲν,

314 4272 386 4342 πὴ
410 4271 698 4333 δ’ἁναίτιος
728 4272 890 4342 γίγνῃ
944 4273 1038 4323 καὶ
1078 4270 1283 4341 σφόδρα
1311 4270 1592 4342 φιλότιμος
1646 4276 1870 4343 εὐεργὲ-

310 4381 424 4436 της.
457 4364 523 4417 Ὃ
554 4362 737 4433 δήκαὶ
775 4363 1005 4432 μάλιστα
1038 4362 1243 4425 πάσαις
1292 4366 1488 4435 ἀρχαῖς
1540 4364 1871 4420 οἰκειότατον

310 4472 366 4509 τε
397 4456 488 4510 καὶ
520 4453 989 4524 πρεπωδέστατον.
1052 4455 1128 4508 To
1150 4454 1260 4527 γάρ
1288 4456 1753 4528 προῦπηργμένης
1778 4460 1869 4513 αἰ-

311 4549 421 4609 τίας
445 4548 752 4618 εὐεργετεῖν
800 4550 861 4599 οὐ
892 4546 1090 4615 μᾶλλον
1118 4546 1170 4615 γ’
1192 4547 1258 4601 ἂν
1281 4547 1368 4617 τίη
1407 4548 1503 4602 τοῦ
1548 4548 1803 4619 δρῶντος,
1834 4550 1868 4622 ἦ
1904 4528 1943 4580 ι)

312 4641 399 4694 τοῦ
429 4643 527 4711 τὴν
556 4638 736 4691 αἰτίαν
768 4636 1231 4708 προϐεϐλημένου.
1277 4640 1387 4692 Καὶ
1422 4637 1517 4692 νῦν
1565 4638 1757 4709 γέγονέ
1789 4657 1870 4695 σοι

310 4734 368 4786 τδ
393 4734 490 4804 τῆς
522 4729 685 4796 ίξεως
708 4730 869 4797 φύσις
891 4730 1282 4800 ἀμεταὸλήτως
1315 4731 1535 4800 ἔχουσα·
1572 4733 1665 4787 καὶ
1684 4732 1872 4804 ὥσπερ

314 4825 512 4881 ἕκαστα
540 4824 647 4877 τῶν
692 4822 862 4876 ὄντων
907 4822 969 4874 τδ
997 4824 1098 4892 τῆς
1133 4821 1345 4893 φύσεως
1378 4824 1511 4876 tam
1550 4824 1870 4894 αὐτομάτως

311 4918 562 4972 ἀποτελεῖ
597 4917 692 4968 καὶ
727 4914 978 4982 ὑγραίνει
1029 4913 1129 4985 μὲν
1160 4913 1323 4986 ὕδωρ,
1354 4916 1480 4970 κάει
1518 4916 1575 4970 δὲ
1627 4918 1737 4988 πῦρ
1779 4922 1873 4974 καὶ

310 5009 470 5063 τάλλα
491 5008 565 5070 ὡς
633 5009 666 5076 η
721 5007 882 5077 φύσις
923 5007 1136 5076 ἑκάστῳ
1200 5009 1666 5080 κεχειροτόνηκεν,
1727 5008 1872 5064 οὕτω

307 5103 459 5156 δίεισι
492 5101 585 5155 τὸν
619 5100 797 5154 πάντα
819 5098 991 5153 αἰῶνα
1027 5098 1393 5167 διατελοῦντα,
1451 5102 1661 5174 οὐδαμῆ
1706 5104 1870 5158 οὐδα-

312 5196 423 5264 μῶς
446 5194 778 5249 οὐδεπώποτ’
816 5191 1074 5261 οὐδεμιᾶς
1126 5195 1613 5265 ἀποχειροτονῆσαι
1651 5197 1872 5268 δεδυνη-

313 5290 473 5357 μένης
508 5283 741 5356 τροπῆς,
767 5283 909 5336 οὕτω
938 5283 1004 5353 δὴ
1036 5285 1129 5335 καὶ
1180 5286 1343 5348 αὐτὸς
1404 5286 1665 5354 πεφυκὼς
1731 5291 1867 5359 πρὸς

1982 3278 2167 3330 dinem
2222 3286 2278 3330 et
2330 3291 2597 3330 summam
2637 3277 2703 3331 ad
2762 3277 2899 3331 bene
2937 3278 3259 3333 merendum
3303 3294 3545 3349 propen-

1979 3369 2215 3435 sionem,
2253 3370 2297 3423 si
2329 3368 2461 3439 quid
2496 3385 2724 3440 usquam
2750 3369 2899 3424 aliud
2944 3370 3027 3423 vel
3062 3370 3115 3424 in
3148 3370 3341 3441 primis
3373 3371 3548 3426 adtui~

1981 3478 2073 3516 τοι·
2103 3481 2115 3515 :
2149 3473 2203 3517 et
2232 3478 2566 3533 quocunque
2619 3478 2704 3519 me
2752 3473 2992 3526 vertero,
3041 3478 3151 3519 non
3201 3464 3399 3533 habeo,
3437 3483 3548 3536 quo

1978 3555 2212 3610 coitsilio
2235 3556 2531 3620 adductus,
2571 3557 2841 3625 quibusve
2869 3557 3198 3623 rationibus,
3224 3561 3542 3627 imperator,

1979 3658 2033 3702 te
2066 3648 2197 3703 mihi
2233 3650 2394 3704 talem
2424 3650 2713 3719 praebeas:
2744 3649 2849 3705 nisi
2884 3652 3029 3720 quod
3061 3661 3307 3721 apparet.
3343 3662 3393 3707 te
3417 3669 3543 3707 cum

1977 3742 2222 3816 omnium
2260 3741 2490 3795 Domino
2520 3742 2796 3813 ingeniose
2839 3744 3263 3799 contendentem
3313 3764 3419 3802 non
3458 3750 3544 3801 ul-

1976 3834 2057 3888 las
2081 3844 2395 3903 exspectem
2431 3836 2807 3891 beneﬁcentia:
2841 3852 3034 3891 causas
3066 3855 3080 3891 :
3118 3838 3213 3895 sed
3260 3839 3395 3895 illud
3423 3852 3542 3896 tan-

1978 3932 2092 3978 tum
2152 3937 2421 3996 spectare,
2474 3943 2582 3998 qua
2641 3928 2855 3983 ratione
2918 3929 3057 3985 bene
3098 3931 3293 3986 mereri
3347 3935 3541 4003 possis.

1976 4018 2131 4085 Quod
2164 4036 2297 4075 sane
2350 4022 2603 4075 omnibus
2649 4021 2899 4091 imperiis
2940 4021 3317 4092 dignissimum
3360 4036 3444 4081 est
3486 4035 3545 4081 et

1977 4110 2212 4164 maxime
2237 4111 2540 4181 proprium.
2573 4111 2708 4166 Nam
2746 4100 3119 4167 beneﬁcentia:
3156 4129 3318 4170 causa
3343 4131 3542 4187 suppe-

1973 4205 2143 4258 ditata
2179 4204 2523 4270 benefacere,
2552 4220 2661 4258 non
2712 4211 2819 4258 tam
2874 4204 3105 4260 beneﬁci
3141 4205 3326 4271 fuerit,
3372 4224 3535 4278 quam

1971 4297 2090 4365 ejus
2124 4296 2219 4366 qui
2250 4297 2303 4351 id
2333 4299 2599 4352 meruerit
2632 4315 2645 4352 :
2680 4307 2731 4352 et
2780 4312 2927 4352 nunc
2978 4297 3237 4355 diuturna
3286 4302 3373 4358 illa
3403 4318 3539 4359 con-

1970 4384 2331 4445 suetudotua
2378 4384 2431 4439 in
2458 4385 2852 4440 immutabilem
2887 4393 3134 4442 naturam
3170 4400 3254 4444 est
3283 4401 3489 4448 mutata
3519 4411 3533 4447 :

1971 4488 2028 4531 et
2056 4478 2129 4533 ita
2166 4487 2224 4532 ut
2266 4492 2457 4533 omnes
2496 4476 2615 4531 alia:
2644 4492 2731 4534 res
2772 4479 2886 4534 sive
2912 4490 3117 4535 natura:
3156 4496 3352 4535 munus
3393 4483 3537 4539 ultro

1974 4563 2198 4628 iaciunt,
2228 4573 2286 4620 ιιι
2314 4580 2452 4635 aqua
2487 4566 2787 4633 humeCtat,
2814 4577 2871 4623 ut
2905 4566 3046 4638 ignis
3072 4568 3204 4633 urit,
3230 4568 3537 4641 eodemque

1968 4655 2132 4711 modo
2158 4667 2355 4711 caetera
2395 4673 2490 4726 per
2537 4673 2702 4712 omne
2732 4675 2906 4713 a-vutn
2958 4668 3181 4716 naturas
3219 4677 3347 4715 suas
3402 4665 3535 4719 reti-

1970 4754 2123 4809 nent,
2163 4761 2264 4802 nec
2291 4747 2395 4801 ulla
2433 4764 2671 4817 unquam
2707 4748 2758 4803 vi
2794 4750 2862 4805 ab
2908 4750 2975 4805 iis
3024 4750 3373 4819 depelluntur
3405 4770 3420 4807 :
3452 4753 3533 4809 sic

1970 4847 2025 4892 et
2056 4839 2170 4907 ipse
2196 4838 2266 4893 ad
2295 4837 2743 4895 benefaciendum
2765 4852 2923 4896 natus
2947 4857 3124 4911 neqtte
3149 4842 3329 4899 verbis
3354 4860 3531 4915 neque

1971 4929 2129 4984 factis
2179 4931 2318 4987 bene
2374 4934 2573 4987 mereri
2619 4933 2859 4989 desistis.
2912 4934 3092 5001 Quare
3143 4952 3267 4991 cum
3316 4949 3531 5008 gratum

1968 5021 2213 5074 animum
2270 5022 2548 5078 declarare
2580 5024 2762 5079 verbis
2798 5025 2848 5078 iu
2904 5028 3100 5095 primis
3153 5028 3393 5097 cupiam,
3430 5044 3533 5084 nec

1969 5114 2020 5168 id
2069 5130 2169 5184 pro
2218 5115 2482 5185 dignitate
2524 5116 2703 5173 facere
2731 5117 2891 5189 342
2939 5121 3165 5189 possim,
3201 5137 3308 5176 non
3348 5122 3533 5177 minus

1968 5216 2023 5260 et
2058 5210 2285 5277 tempori
2317 5219 2373 5263 et
2421 5209 2679 5271 orationi,
2708 5226 2870 5279 quam
2909 5212 3009 5282 ipsi
3039 5212 3170 5267 mihi
3208 5229 3527 5281 succenseo,

1968 5314 2092 5353 cum
2145 5310 2435 5369 utrumque
2485 5316 2550 5355 ex
2605 5317 2760 5369 mque
2816 5305 3243 5372 reprehensione
3305 5308 3527 5379 dignum

310 5380 623 5450 εὐεργεσίας
648 5378 805 5432 τοῦτο
837 5380 931 5432 καὶ
963 5378 1141 5445 λόγοις
1191 5379 1286 5432 καὶ
1338 5382 1677 5450 πράγμασιν,
1704 5384 1868 5437 οἱονεί

1979 5392 2294 5445 ιιὶδιίιιιηιι.
2326 5392 2461 5447 Nam
2494 5392 2687 5446 ot‘atio'
2713 5409 2836 5449 cum
2886 5397 3168 5451 materiam
3210 5378 3427 5470 superet
3466 5413 3523 5456 ct

1648 5514 1983 5579 Veriorqu
2026 5532 2207 5585 nota).

376 5615 485 5678 (89)
512 5614 578 5696 in
604 5611 761 5696 istis"
803 5609 1145 5696 orationibus
1164 5615 1600 5696 “encomiasticis
1665 5617 1853 5696 l._.atine
1955 5623 2142 5696 Neque
2172 5642 2303 5696 ergo
2333 5643 2512 5696 operae
2544 5644 2665 5684 esse
2696 5628 3001 5684 existimavi
3032 5646 3125 5686 eas
3161 5634 3339 5685 denuo
3374 5634 3491 5690 inti

309 5686 581 5739 vertendis
604 5679 835 5755 Wolﬁus
862 5697 968 5734 non
997 5685 1131 5736 adeo
1161 5685 1304 5755 ﬁdus
1331 5699 1393 5737 ac
1419 5686 1649 5755 diligens
1682 5688 1851 5744 inter-

1956 5710 2053 5747 nas
2095 5694 2295 5768 facere.
2339 5694 2481 5752 Satis
2524 5715 2644 5753 esse
2695 5700 2846 5764 duxi,
2895 5716 3014 5768 quae
3064 5702 3294 5757 Wolﬁus
3345 5705 3525 5760 minus

292 5761 427 5835 'pres
454 5758 579 5835 lutt_.
608 5752 876 5835 bittnirum
914 5758 964 5804 ei
992 5768 1119 5835 Inon‘
1138 5754 1272 5806 tanti
1297 5770 1417 5835 esse
1449 5752 1575 5835 visae
1611 5770 1757 5835 sunt,
1793 5772 1851 5815 ut
1954 5765 2241 5835 unnmode
2270 5772 2497 5831 venue
2533 5752 3323 5835 videretur;eavaiitei'n'ersa

311 5828 527 5880 multum
552 5823 757 5878 laboris
791 5822 1127 5890 impenderet
1159 5838 1345 5877 earum
1386 5822 1844 5893 ititerprctatiuui.

614 5919 860 5977 I'Arnot.
919 5915 1034 5977 Gn.
1082 5917 1280 5978 CXLV
1289 5921 1372 5981 lll

1954 5836 2100 5889 bere.
2134 5834 2339 5890 Botvts.

3134 5948 3193 5993 Π
