4148 6254
480 340 578 406 561

728 335 805 410 [λ.
847 351 898 391 c.
945 336 1083 393 1282
1120 353 1187 391 ,ιο
1232 335 1388 406 1528]
1498 342 1943 403 ΒΥΖΑΝΤΙΝΑΞ
1986 341 2064 400 ιιι

2172 340 2369 398 ΟΒΙίΕ
2408 339 2552 400 LIB.
2598 339 2761 401 VIII.

2876 333 3009 406 [ικιν.
3054 347 3332 389 Ακοιιοκιο.
3365 333 3506 397 smul
3616 336 3718 397 562

553 457 627 511 Γ.
651 455 784 509 τότε
810 455 992 507 τοίνυν
1017 454 1326 523 ἀπεστάλην
1351 432 1506 521 κάγὼ
1535 454 1777 524 πρέσϐυς
1811 457 1868 518 ἐς
1892 453 2044 524 Κρά-

2224 452 2317 506 lll.
2360 452 2538 523 Atque
2585 453 2702 521 ipse
2737 468 2957 522 quoque
2993 461 3123 506 tunc
3151 451 3365 519 legatus
3407 450 3474 503 ad
3511 449 3724 504 (lralem

479 546 581 618 λην
613 548 710 601 σύν
734 564 795 601 τε
827 547 1007 610 ἄλλοις
1036 547 1130 600 καὶ
1153 547 1229 615 τῷ
1256 544 1472 615 ἀδελφῷ
1499 545 1667 613 αύτῆς
1700 545 1767 600 δι’
1799 545 1864 609 ἃς
1891 545 2058 614 ἔφθη-

483 656 586 705 μεν
635 640 920 708 είρηκότες
965 639 1142 700 αίτίας
1194 637 1330 708 (40).
1398 637 1804 707 Ἐπειράθημεν
1855 637 1910 688 δὲ
1956 636 2056 689 οὐκ

482 733 683 798 ὀλίγων
716 734 772 784 ἐν
804 734 870 802 τῇ
907 731 1009 800 ὁδῷ
1036 732 1146 784 τῶν
1179 731 1366 784 δεινῶν
1413 731 1551 798 (Il),
1603 732 1795 799 φήμης
1834 746 1893 784 τε
1931 730 2063 798 μελ-

482 828 684 896 λούσης
714 826 988 896 Σκυθικῆς
1023 825 1214 893 ἐφόδου
1244 825 1637 896 διατρεχούσης
1669 826 1763 878 καὶ
1794 823 2062 894 θορυϐού-

486 937 586 989 σης
615 920 716 986 τὴν
742 918 965 989 Θρᾴκην
998 919 1092 971 καὶ
1125 918 1430 988 διωκούσης
1471 919 1534 970 ἐκ
1558 918 1656 985 τῆς
1685 915 1868 987 χώρας
1903 917 1958 978 ἐς
1993 919 2063 970 τὰ

486 1011 722 1080 φρούρια
768 1010 893 1072 τοὺς
924 1010 1250 1078 ἀνθρώπους
1284 1012 1378 1064 καὶ
1425 1010 1553 1073 τοὺς
1595 1010 1778 1068 οἴκους
1819 1010 2062 1079 ἐρήμους

488 1103 787 1170 ποιούσης,
845 1102 932 1169 ἐφ’
981 1097 1058 1156 ὧν
1090 1104 1237 1174 ἡνίκ’
1279 1103 1377 1171 όψέ
1433 1103 1517 1172 εἴη
1573 1101 1863 1155 καταλύειν
1915 1104 2064 1172 ἡμᾶς

487 1195 656 1262 ἐχρῆν
685 1195 780 1246 καὶ
829 1194 922 1246 τὸν
972 1195 1038 1247 ἐκ
1074 1194 1177 1260 τῆς
1210 1194 1332 1248 ὁδοῦ
1382 1194 1583 1264 μόχθον
1639 1194 2064 1262 ἀποτρίϐεσθαι.

487 1287 597 1339 Καὶ
635 1285 705 1338 τὰ
757 1286 857 1354 μὲν
904 1286 1033 1355 ἄχρι
1077 1287 1385 1355 Στρυμόνος
1431 1288 1875 1354 συμπεπτωκότα
1933 1289 2064 1355 ἡμῖν

486 1376 581 1432 ἐῶ.
628 1376 838 1431 Ἐκεῖσε
867 1380 972 1446 μὴν
997 1378 1314 1446 γενομένοις
1344 1377 1640 1448 ξυνηνέχθη
1671 1397 1723 1430 τι
1747 1383 1842 1432 καὶ
1869 1380 2067 1432 παθεῖν

487 1469 637 1538 ἡμᾶς
695 1470 857 1522 πλέον
909 1468 1081 1538 ἀκοῆς
1121 1467 1358 1538 μάλιστα
1406 1472 1629 1522 πάντων
1680 1465 1854 1531 ἄξιον,
1893 1469 2066 1523 ὁπόσα

490 1558 668 1630 λύ’πης
722 1563 821 1615 καὶ
871 1562 1109 1628 γέλωτος
1165 1562 1322 1630 φέρει
1367 1561 1614 1627 σπονδὰς⁵
1660 1565 1717 1614 ἐν
1772 1561 2064 1631 ἀνθρώπου

488 1651 658 1722 ψυχῇ.
701 1652 952 1722 ’Λῦουλίᾳ
978 1654 1087 1724 γάρ
1112 1671 1196 1706 τοι
1226 1653 1454 1723 τοιαύτῃ
1482 1654 1873 1723 χρησαμένοις.
1904 1655 2066 1707 ὁποία

493 1746 588 1794 καὶ
649 1743 993 1811 Δημοκρίτου
1049 1743 1194 1812 μάλα
1241 1762 1327 1797 τοι
1380 1745 1650 1812 γελῶντος
1696 1743 1840 1814 ἐρῴη
1884 1747 1970 1803 ἂν.
2008 1747 2066 1806 ἐς

489 1832 732 1886 τοιοῦτον
760 1834 995 1903 συνηλάθ
1020 1890 1031 1904 ,
1066 1835 1310 1890 κίνδυνον
1335 1839 1468 1906 ἡμῖν
1491 1837 1557 1889 τὰ
1591 1838 1856 1906 ἡμέτερα,
1882 1839 2064 1898 ὁποῖος

492 1925 591 1977 καὶ
642 1925 998 1995 ’Ἡρακλείτου
1033 1927 1179 1996 μάλα
1213 1929 1277 1996 γέ
1305 1945 1389 1981 τοι
1434 1929 1758 1998 δακρύοντος
1793 1927 1937 1998 ἐρῴη
1977 1930 2064 1983 ἄν.

496 2016 674 2069 Ἴσασι
688 2015 796 2086 γὰρ
815 2016 1051 2080 ἅπαντες
1079 2019 1263 2082 πεζοῖς
1273 2019 1363 2071 καὶ
1387 2018 1639 2080 ἱππόταις
1661 2018 1914 2089 ἀνδράσιν
1932 2019 2069 2072 ἄπο-

495 2125 590 2178 ρον
606 2109 734 2162 δντα
753 2110 1033 2179 Στρυμόνα
1054 2111 1146 2164 τὸν
1164 2111 1404 2182 ποταμόν
1426 2111 1530 2164 ’ὅτι
1555 2109 1638 2181 [Ρ.
1658 2107 1784 2178 231]
1799 2112 1890 2164 καὶ
1913 2111 2067 2179 μέγι-

497 2215 621 2262 στος
653 2199 918 2268 ἐπεφύκει
951 2201 1139 2255 ὁπόσοι
1176 2203 1400 2274 Θρᾴκην
1435 2203 1528 2256 καὶ
1561 2204 1906 2257 Μακεδονίαν
1931 2203 2068 2271 τέμ-

495 2309 684 2356 νοντες
731 2293 791 2355 ἐς
837 2309 898 2347 τε
941 2292 1339 2363 Ἑλλήσποντον
1382 2294 1477 2349 καὶ
1522 2294 1746 2360 Αἰγαῖον
1786 2293 2067 2348 ποιοῦνται

491 2387 621 2456 τὰς⁸
641 2383 893 2449 ἐκϐολάς.
940 2384 1199 2439 Τίκτουσι
1238 2383 1350 2454 γὰρ
1392 2384 1558 2450 αύτδν
1586 2387 1656 2438 τὰ
1692 2385 2068 2452 ὑπερκείμενα

495 2474 736 2545 μέγιστα
761 2474 886 2548 δρη,
931 2475 969 2531 ἃ
1010 2477 1154 2532 κατὰ
1182 2477 1246 2531 τὸ
1292 2480 1512 2548 συνεχὲς
1544 2477 1864 2546 παρατείνει
1907 2477 2067 2548 μέχρι

493 2563 588 2617 τοῦ
629 2565 817 2619 Ἰονίου
864 2565 1135 2635 πελάγους
1169 2569 1234 2623 ἐκ
1275 2569 1369 2623 τού
1420 2571 1614 2622 πόντου
1645 2570 1931 2639 ἀρξάμενα
1975 2571 2067 2623 τοῦ

447 2673 454 2678 ’
502 2655 784 2724 Εὐξείνου,
817 2657 1072 2729 ὁρίζοντα
1106 2660 1206 2728 μέν
1238 2661 1376 2729 πρὸς
1406 2661 1758 2731 μεσημϐρίαν
1792 2664 2069 2731 καὶζνότον

496 2746 696 2817 ἄνεμον
723 2747 944 2820 Θρᾴκην
973 2751 1068 2803 καί⁵
1089 2749 1458 2813 Μακεδονίαν,
1481 2750 1620 2820 πρὸς
1646 2751 1693 2805 δ’
1717 2751 1951 2823 ἄρκτους
1974 2754 2072 2816 τάς

495 2857 556 2893 τε
595 2841 803 2896 Μυσῶν
843 2839 1028 2911 χώρας
1058 2843 1152 2897 καὶ
1184 2844 1429 2913 ποταμὸν
1467 2845 1562 2897 τὸν
1592 2847 1806 2915 Ἵστρον
1826 2863 1841 2876 ο
1890 2846 1948 2909 ὃς
1977 2849 2072 2900 καὶ

497 2932 658 2996 αὐτὸς
694 2933 951 3002 μέγιστος
987 2932 1065 2987 ὢν
1099 2933 1133 3003 ἢ
1189 2935 1420 2997 πάντες,
1476 2935 1590 2988 ὅσοι
1638 2937 1739 3004 τὴν
1798 2937 2070 3006 Σκυθικὴν

496 3025 706 3090 ἐπίασι,
761 3025 922 3080 πέντε
958 3026 1226 3098 στόμασιν
1270 3029 1329 3092 ἐς
1375 3029 1468 3082 τὸν
1514 3027 1769 3094 Εὔξεινον
1801 3031 2070 3085 ἐκδίδοται

2164 546 2236 599 ivi
2285 563 2410 601 cum
2456 547 2594 602 alios
2640 549 3025 612 comitaturus,
3065 556 3179 602 tum
3209 547 3516 602 Caesarissa:
3561 548 3733 615 ipsius

2161 640 2409 703 fratrem,
2462 640 2532 694 ob
2575 656 2669 694 eas
2722 641 2930 696 scilicet
2964 656 3158 695 causas
3180 681 3194 701 ,
3232 655 3371 708 quas
3401 655 3564 704 supra
3593 637 3737 691 dixi-

2161 745 2303 783 mus.
2326 730 2383 784 lu
2413 745 2478 783 eo
2502 738 2685 785 autem
2713 730 2906 786 itinere
2937 747 3046 785 non
3081 746 3280 798 paucas
3308 730 3516 798 experti
3544 743 3736 782 sumus

2162 821 2531 886 diﬂicultates,
2562 839 2684 878 cum
2718 823 2988 894 Scythica:
3020 823 3349 878 incursionis
3380 821 3521 874 farina
3551 820 3737 874 Thra-

2161 912 2301 968 ciam
2331 923 2725 982 pervagaretur
2749 930 2812 968 ac
2846 924 3179 983 perterreret
3209 923 3263 968 et
3292 913 3452 984 375
3481 914 3735 966 homines

2162 1020 2230 1057 ex
2262 1005 2405 1073 agris
2434 1005 2487 1058 in
2521 1005 2740 1059 castella
2776 1021 2834 1059 se
2867 1006 3197 1075 reciperent,
3233 1006 3470 1059 desertis
3501 1005 3734 1068 aedibus,

2166 1096 2219 1150 in
2262 1097 2462 1166 quibus
2501 1114 2602 1152 nos
2641 1099 2857 1165 vesperi
2899 1099 3164 1153 diversari
3211 1110 3266 1153 et
3312 1114 3543 1166 corpora
3593 1101 3734 1152 fessa

2165 1187 2234 1242 de
2269 1188 2354 1242 via
2389 1204 2640 1243 recreare
2669 1191 2978 1259 Oportebat.
3007 1190 3086 1245 Ac
3115 1204 3175 1243 ea
3224 1205 3345 1258 qua:
3379 1189 3444 1243 ad
3489 1189 3736 1258 Strymo-

2166 1296 2290 1334 nem
2320 1296 2493 1349 usque
2521 1282 2685 1336 nobis
2717 1282 3061 1348 acciderunt,
3088 1283 3267 1337 mitto.
3296 1282 3374 1337 Ibi
3402 1290 3584 1336 autem
3617 1297 3740 1357 gra-

2169 1373 2288 1425 vius
2317 1372 2522 1439 aliquid
2554 1373 2713 1427 nobis
2751 1373 2982 1438 accidit;
3023 1389 3220 1428 eorum
3248 1388 3443 1441 nempe
3467 1372 3736 1434 omnium,

2167 1477 2289 1530 quae
2318 1463 2563 1517 dolorem
2599 1474 2654 1518 et
2691 1463 2863 1518 risum
2905 1464 2959 1518 in
2990 1464 3276 1519 hominum
3308 1463 3508 1517 animis
3537 1477 3735 1517 conso—

2167 1557 2345 1621 ciant,
2394 1558 2626 1613 maxime
2691 1559 2914 1626 (lignum
2960 1558 3175 1612 auditu.
3215 1556 3548 1611 Temeritate
3588 1557 3736 1610 enim

2169 1660 2379 1712 nostra,
2407 1666 2529 1719 quae
2557 1650 2852 1704 Democriti
2888 1650 3134 1719 splenem
3171 1648 3428 1714 postulet.
3461 1648 3513 1700 in
3547 1647 3599 1701 id
3642 1663 3738 1715 pe-

2169 1741 2402 1794 riculum
2465 1742 2805 1804 devenimus,
2859 1757 2969 1811 quo
3021 1741 3102 1795 vel
3166 1727 3428 1794 lleracliti
3482 1739 3736 1807 lacrt'mte

2165 1833 2580 1887 exhauriantur.
2617 1834 2831 1888 Norunt
2859 1849 3079 1898 omnes,
3111 1832 3459 1903 Strymonem
3509 1830 3736 1883 ﬂuvium

2167 1934 2223 1979 et
2269 1925 2546 1993 peditibus
2574 1935 2629 1979 et
2669 1927 2950 1995 equitibus
2995 1941 3117 1982 esse
3167 1925 3539 1993 impervium:
3578 1939 3742 1994 prop-

2168 2026 2314 2071 terea
2367 2017 2513 2084 quod
2559 2018 2827 2072 maximus
2875 2026 2954 2071 est
3009 2017 3254 2072 omnium
3302 2018 3613 2073 fluviorum.
3647 2018 3739 2085 qui

2169 2108 2541 2164 Macedoniam
2567 2124 2632 2162 ac
2661 2109 2952 2165 Thraciam
2982 2111 3214 2164 mediam
3250 2121 3500 2163 secantes
3532 2112 3585 2162 in
3614 2109 3744 2164 lle-l-

2136 2202 2476 2271 'lespontum
2504 2212 2562 2256 et
2583 2201 2822 2272 [Egrenm
2853 2218 3001 2258 mare
3027 2213 3352 2258 exonerant.
3379 2203 3567 2257 Oritur
3593 2203 3740 2256 enim

2165 2308 2197 2348 e
2243 2292 2864 2363 superimpendentibus
2913 2294 3170 2349 maximis
3217 2295 3519 2356 montibus,
3576 2295 3666 2362 qui
3713 2310 3744 2348 a

2167 2383 2342 2438 Ponto
2376 2381 2587 2439 Euxino
2619 2387 2802 2440 exorsi
2832 2387 3248 2442 continentibus
3283 2389 3431 2457 jugis
3470 2403 3643 2455 usque
3673 2387 3742 2440 ad

2172 2473 2384 2529 Ionium
2417 2489 2569 2530 mare
2599 2476 2974 2546 porriguntur,
2993 2491 3059 2531 ac
3084 2477 3366 2532 meridiem
3399 2485 3457 2530 ct
3486 2482 3744 2530 Austrum

2173 2575 2366 2621 versus
2413 2568 2701 2623 Thraciam
2738 2580 2796 2624 et
2839 2569 3239 2632 Macedoniam,
3274 2585 3466 2623 versus
3517 2579 3743 2637 St'plcn-

2172 2671 2407 2726 trionem
2437 2672 2711 2744 Mysorum
2746 2682 2923 2728 terras
2969 2683 3026 2727 et
3059 2674 3258 2728 Istrum
3297 2674 3524 2727 ﬂuvium
3558 2676 3748 2726 termi-

2172 2774 2305 2819 nant
2338 2781 2352 2819 :
2385 2764 2479 2835 qui
2513 2774 2568 2818 et
2596 2765 2713 2834 ipse
2739 2766 3012 2819 maximus
3052 2766 3195 2820 inter
3217 2779 3311 2820 eos
3338 2766 3429 2834 qui
3466 2765 3745 2836 Scythiam

2174 2854 2456 2923 perﬂuunt
2491 2855 2738 2924 quinque
2773 2855 2932 2910 ostiis
2962 2857 3018 2909 in
3068 2855 3342 2910 Euxinum
3391 2865 3616 2924 pontum
3669 2857 3748 2908 ir-

2176 2948 2402 3016 rumpit.
2443 2946 2604 3001 Iluue
2629 2949 2797 3018 igitur
2838 2949 3214 3019 Strymonem,
3256 2942 3749 3002 talilms'fontilms

2172 3052 2358 3096 ortum
2412 3050 2469 3096 et
2516 3042 2652 3096 adeo
2707 3044 3068 3105 verticosum,
3116 3041 3276 3094 unica
3331 3056 3505 3109 caque
3549 3039 3746 3109 exigua

500 3119 717 3171 πόντον.
759 3116 960 3173 Τοῦτον
987 3118 1080 3174 οὖν
1129 3119 1222 3174 τὸν
1269 3121 1555 3192 Στρυμόνα
1589 3125 1652 3177 ἐκ
1681 3126 1940 3178 τοιούτων
1970 3143 2070 3194 πη⁴

2176 3133 2426 3189 navicula
2461 3134 2787 3203 trajiciendo
2819 3149 2968 3188 nunc
3012 3134 3236 3202 singuli,
3270 3144 3436 3200 atque
3470 3134 3744 3186 interdum

493 3208 610 3278 γῶν
672 3209 964 3282 ἀνίσχοντα
1032 3213 1130 3265 καὶ
1183 3211 1328 3267 οὕτω
1385 3213 1678 3285 βαθυδίνην
1745 3216 2068 3286 γιγνόμενον

497 3299 708 3371 ἀκατίῳ
739 3301 820 3355 ἐνί
847 3319 956 3356 τινι
987 3302 1130 3357 πάνυ
1169 3303 1391 3375 σμικρῷ
1418 3306 1903 3377 διαπεραιούμενοι
1945 3309 2070 3362 καθ’

495 3392 593 3447 ῑνα
640 3408 745 3447 που
792 3392 827 3463 ἢ
884 3395 978 3448 καὶ
1008 3393 1258 3467 σύντρεις
1301 3395 1473 3450 ἐνίοτε
1507 3393 1604 3461 ξύν
1653 3413 1716 3451 τε
1754 3396 2072 3464 ὑποζυγίοις

494 3482 684 3546 αὐτοῖς
736 3483 942 3554 πολλήν
989 3501 1111 3539 τινα
1170 3485 1270 3556 τὴν
1317 3486 1530 3556 ἡμέραν
1567 3487 2073 3558 κατηναλώκειμεν.

506 3576 571 3630 '0
601 3577 712 3647 γὰρ
735 3577 846 3631 τῶν
875 3577 1187 3647 ὑποζυγίων
1221 3581 1316 3633 καὶ
1338 3581 1497 3651 ἡμῶν
1522 3581 1702 3635 αὐτῶν
1732 3581 1961 3652 ἀριθμὸς
1995 3582 2079 3646 είς

498 3671 560 3722 τὸ
587 3669 873 3726 διπλάσιον
916 3673 950 3739 ἢ
1001 3672 1123 3727 καθ’
1151 3672 1520 3728 ἐπταπλάσιον
1571 3673 1770 3727 δεκάδα
1817 3669 1886 3745 ἦν
1911 3674 2078 3742 ἀνηγ-

505 3761 689 3830 ιεένος.
724 3760 784 3815 Ὅ
814 3760 860 3814 δ’
885 3760 1038 3832 ἥλιος
1067 3762 1160 3815 τὸν
1187 3763 1459 3832 ἡμέτερον
1479 3761 1830 3831 παραλλάξας
1860 3780 2077 3834 μεσημ-

501 3850 690 3923 ϐρινὸν
715 3851 781 3914 ἐς
824 3868 884 3904 τε
917 3852 1069 3905 δύσιν
1105 3853 1202 3905 καὶ
1241 3851 1497 3922 ὁρίζοντα
1543 3853 1634 3906 τὸν
1678 3854 1934 3923 ἑσπέριον
1965 3854 2073 3925 ᾔει.

503 3943 616 3996 Καὶ
642 3943 762 3997 δέον
809 3941 872 3996 ὃν
915 3943 1144 4013 σταθμῷ
1177 3942 1490 4013 χρήσασθαι
1535 3945 1629 3997 καὶ
1664 3944 1958 3998 καταλύειν
1982 3947 2080 3999 αύσ

501 4036 600 4090 τοῦ
635 4055 760 4098 που,
791 4038 953 4108 ἡμεῖς
1003 4037 1052 4089 δ’
1086 4037 1425 4106 ἁμαρτόντες
1474 4037 1580 4106 ὀδῷ
1626 4037 1710 4091 ἐτι
1762 4039 2075 4108 ἐχρώμεθα,

504 4131 825 4192 ἐλπίσαντες
858 4130 1078 4190 πάντως
1107 4129 1479 4198 καταγωγὶοις
1519 4131 1836 4202 ἀποχρῶσιν
1880 4133 2079 4185 αὐτίκα

506 4223 896 4288 ἐντεύξεσθαι,
944 4225 1077 4292 πρὶν
1122 4224 1157 4292 ἢ
1210 4223 1601 4276 πεντεκαίδεκα
1650 4223 1884 4277 σταδίων
1934 4223 2080 4292 ἔχειν

506 4317 729 4371 ἀνύτειν
769 4318 828 4380 ἐς
862 4317 923 4369 τδ
954 4317 1143 4384 πρόσω
1171 4316 1310 4372 ὁδόν.
1345 4311 1454 4369 Ἦν
1478 4316 1533 4369 δὲ
1560 4318 1666 4388 ἄρα
1699 4317 1768 4370 τὰ
1797 4317 1904 4369 τῶν
1929 4316 2082 4368 ἐλπί-

2175 3226 2344 3281 etiam
2377 3226 2520 3280 terni
2550 3239 2676 3279 cum
2704 3226 2838 3295 ipsis
2859 3224 3146 3296 iumentis,
3190 3242 3441 3293 magnam
3472 3224 3580 3278 diei
3619 3240 3744 3292 par-

2179 3327 2288 3373 tem
2316 3319 2780 3386 eonsumpsimus.
2818 3317 3076 3372 Nostrum
3110 3318 3260 3372 enim
3289 3328 3345 3371 et
3369 3320 3746 3387 jumentorum

2180 3426 2448 3466 numerus
2496 3409 2580 3464 bis
2625 3409 2972 3479 septuaginta
3028 3409 3351 3464 excedebat.
3404 3410 3469 3463 Et
3506 3411 3616 3477 jam
3666 3411 3749 3464 sol

2178 3503 2345 3574 376
2389 3501 2673 3556 meridiem
2719 3510 3143 3571 praetergressus
3185 3502 3252 3556 ad
3299 3517 3556 3557 oecasutn
3591 3510 3645 3556 et
3679 3503 3750 3556 aal

2180 3595 2552 3662 vestiertinum
2631 3591 2974 3647 horizontem
3033 3593 3310 3662 vergebat.
3363 3593 3617 3661 (Sinuque
3674 3593 3748 3648 ibi

2179 3683 2480 3737 subsiStere
2512 3693 2568 3737 et
2600 3681 2870 3736 diversari
2906 3681 3268 3747 deberemus,
3328 3685 3466 3738 ultra
3511 3700 3609 3752 per
3651 3681 3754 3738 im-

2178 3773 2532 3842 prudentiam
2562 3773 2933 3839 perreximus,
2966 3783 3273 3842 sperantes.
3307 3790 3408 3828 nos
3439 3783 3751 3842 opportuna

2178 3863 2480 3916 diversoria
2505 3861 2686 3917 statim
2721 3863 3067 3926 inventuros,
3099 3865 3417 3933 priusquam
3443 3864 3749 3920 stadiorum

2178 3953 2493 4024 quindecim
2525 3952 2629 4006 iter
2655 3952 3076 4008 conficeremus.
3105 3952 3209 4008 Sed
3237 3971 3301 4010 ea
3326 3971 3452 4024 spes
3485 3955 3750 4010 frustrata

2181 4059 2281 4097 nos
2312 4053 2414 4097 est.
2445 4042 2582 4096 Nam
2637 4043 2965 4111 praedonum
3014 4046 3359 4100 continentes
3405 4047 3753 4104 incursiones

2181 4135 2361 4188 locum
2391 4134 2540 4186 illum
2573 4133 2735 4203 paulo
2765 4147 2894 4188 ante
2927 4145 3136 4189 vastum
3165 4147 3222 4190 et
3259 4137 3536 4191 desertqu
3574 4139 3752 4192 celer-

2182 4227 2320 4278 rime
2351 4224 2670 4278 effecerant.
2703 4224 2941 4279 Proinde
2970 4226 3122 4280 velut
3148 4243 3376 4282 errones
3411 4229 3633 4295 quidam
3666 4243 3755 4281 re-

2183 4318 2284 4369 bus
2318 4314 2524 4368 nostris
2554 4315 2663 4369 Deo
2710 4316 3043 4386 incertaeque
3087 4322 3202 4386 spei
3249 4319 3559 4373 commissis
3592 4332 3753 4386 vaga-

502 4407 612 4459 δων
642 4409 703 4460 ού
743 4408 890 4477 μάλα
927 4407 1184 4478 ἐπιτυχῆ.
1224 4409 1440 4476 Ἐφοδοι
1466 4409 1575 4476 γάρ
1620 4426 1765 4472 τινες
1793 4409 2084 4480 λῃστρικαὶ
2118 4403 2160 4456 D
2188 4409 2401 4461 bantur.

509 4499 758 4570 συνεχείᾳ
787 4501 1131 4570 χρησάμεναι
1158 4501 1265 4572 πρὸ
1293 4501 1493 4572 μικροῦ
1524 4505 1756 4572 τάχιστα
1791 4504 1882 4555 τὸν
1946 4506 2110 4554 τόπον
2152 4501 2357 4569 ἔρημον
2388 4502 2593 4552 ἐκεῖνον
2623 4504 2716 4554 καὶ
2779 4503 2978 4572 ἀτριϐῆ
3012 4503 3404 4571 πεποιήκεσαν.
3437 4505 3545 4556 Καὶ
3569 4504 3752 4571 μέντοι

509 4591 601 4644 καὶ
638 4593 947 4664 ἐφερόμεθα
976 4593 1228 4663 καθάπερ
1258 4595 1402 4656 τινὲς
1426 4596 1693 4666 πλάνητες
1723 4595 1847 4665 Θεῷ
1883 4613 1939 4648 τε
1973 4596 2066 4649 καὶ
2106 4594 2317 4666 ἀδήλοις
2353 4594 2533 4672 ἐλπίσι
2561 4597 2626 4648 τὰ
2660 4597 2903 4666 ἡμέτερα
2935 4597 3358 4665 ἀναρτήσαντες.

575 4687 648 4739 Δ’.
679 4683 798 4751 Νὺξ
821 4685 868 4738 δ’
897 4686 991 4739 ἐπὶ
1035 4686 1246 4750 τούτοις
1277 4687 1391 4757 (42)
1440 4689 1643 4760 παρῆν.
1691 4688 1931 4741 Δύσσετο
1967 4690 2076 4757 γὰρ

508 4775 686 4844 ἠέλιος
743 4777 1000 4831 σκιόωντό
1050 4794 1108 4830 τε
1162 4780 1334 4834 πᾶσαι
1388 4780 1600 4848 ἀγυιαί.
1671 4779 1736 4833 Ἦ
1790 4781 1846 4833 δέ
1880 4781 2076 4851 σελήνη

508 4867 678 4939 ἀπῆν.
727 4868 815 4933 Ἐς
847 4869 957 4940 γὰρ
1013 4869 1073 4923 τὸ
1119 4872 1401 4940 περίγειον
1449 4871 1562 4941 (43)
1619 4869 1715 4924 τοῦ
1767 4873 1966 4941 ἑαυτῆς
2020 4873 2080 4924 τὸ

507 4957 764 5030 δεύτερον
791 4958 918 5031 ἄρτι
953 4958 1244 5029 ἐληλυθυῖα
1266 4961 1563 5030 ἐκκέντρου
1591 4962 1684 5014 καὶ
1711 4963 1851 5014 κατὰ
1880 4961 2078 5031 τετρά-

2257 4687 2344 4742 IV.
2391 4689 2595 4742 Deinde
2643 4706 2748 4742 nox
2797 4691 3135 4760 supervenit.
3181 4692 3316 4746 Nam
3367 4692 3449 4746 sol
3477 4694 3754 4747 occiderat

2185 4789 2240 4833 et
2270 4780 2367 4833 vim
2398 4795 2595 4832 omnes
2628 4781 2819 4833 umbra
2868 4783 3315 4837 involvebantur.
3361 4781 3502 4848 Quin
3537 4792 3592 4838 et
3624 4784 3752 4838 luna

2185 4871 2396 4925 aberat.
2455 4870 2614 4924 Modo
2670 4873 2815 4925 enim
2859 4875 3088 4927 alterum
3132 4891 3290 4928 suum
3347 4879 3491 4930 circa
3547 4885 3751 4931 terram

2187 4963 2554 5018 eccentricum
2584 4974 2966 5034 prmtergressa
2992 4968 3370 5036 quadratoque
3392 4968 3549 5024 radio
3579 4972 3750 5026 solem

1859 5099 2198 5161 Variornm
2229 5109 2393 5162 notae

583 5229 695 5297 (ιο)
727 5225 934 5281 Fuerat
961 5223 1252 5297 gregeras
1299 5225 1629 5297 Cmsarissre
1665 5238 1970 5297 praeceptor
2023 5237 2079 5279 et

510 5294 697 5357 fratris
753 5297 895 5367 ejus.
959 5294 1110 5351 Vide
1151 5311 1276 5365 cap.
1320 5297 1372 5358 5,
1425 5307 1564 5351 sect.
1600 5294 1679 5360 7,'
1715 5297 1877 5367 hujus
1926 5296 2074 5350 libri.

512 5372 723 5427 Bomn.

580 5441 696 5506 (41)
734 5439 924 5496 Exstat
975 5436 1032 5491 in
1081 5433 1773 5506 eodicc_Va_ti_canoil086,
1822 5434 1923 5506 fui.
1954 5433 2076 5499 Ml,

515 5504 746 5580 epistola
780 5512 846 5580 ad
875 5506 1249 5580 Andronicum
1273 5504 1560 5580 _Zaridam,
1592 5505 1646 5558 in
1668 5521 1788 5580 _qu_a
1809 5504 2078 5580 (ἔνθεοι-διε

520 5574 776 5648 qum-sibi
825 5579 880 5634 in
907 5579 992 5648 νᾼίει
1051 5575 1353 5648 acciderint
1407 5585 1612 5648 narrat.
1668 5575 1800 5648 Yide
1841 5574 2076 5648 Iudicem

523 5644 888 5717 Epistolarum
908 5645 1162 5717 Gregorae
1201 5646 1358 5698 initio
1409 5644 1810 5717 hujus‘volum.
1859 5644 2076 5717 Initium

520 5713 623 5780 est,
655 5715 826 5782 Οἶμαι
860 5717 933 5787 μὴ
966 5713 1333 5787 ἀνεγκλήτους
1359 5713 1636 5787 καθάπαξ.
1667 5713 1959 5787 Ita‘accepi
2010 5728 2077 5787 ex

521 5789 563 5841 li
620 5789 676 5841 Ρ.
717 5788 775 5838 Ι).
813 5782 1087 5842 Bernardo
1119 5782 1558 5840 Mentcfalconio.
1588 5784 1718 5838 Eant
1758 5784 1928 5853 ipsam
1966 5784 2080 5852 cpi-

2177 5224 2374 5278 stolam
2409 5236 2542 5294 puto
2567 5227 2674 5280 huc
2712 5229 3028 5281 translatam
3063 5244 3184 5282 esse
3226 5233 3291 5283 ah
3346 5241 3595 5295 auctore,
3660 5238 3748 5290 cui

2176 5295 2480 5367 suariipsiius
2512 5297 3036 5367 scrinixcompilare
3069 5301 3353 5367 pulchrmn
3378 5303 3502 5354 l'uit.
3538 5301 3750 5360 Bomtv.

2256 5365 2369 5438 (lg)
2406 5365 2893 5438 HomernsOdyss.
2935 5368 2999 5434 β’,
3027 5365 3082 5423 νζ
3115 5371 3235 5423 588.
3276 5369 3510 5425 Ducsso.

2259 5434 2372 5507 (όὸ)
2396 5434 3141 5507 Astronomicae'eruditionis
3160 5441 3541 5507 intempestiva
3569 5454 3753 5496 osten—

2188 5506 2342 5580 tatio.
2406 5504 2664 5580 Sicinfra
2705 5506 2802 5560 lib.
2835 5523 2930 5580 xui,
2960 5523 3080 5580 cap.
3113 5510 3200 5568 15,
3241 5504 3376 5562 sect.
3416 5511 3468 5571 6,
3531 5512 3609 5562 Τὸ
3639 5516 3749 5580 γὰρ

2185 5572 2467 5648 περίγειον
2494 5577 2554 5648 ἐκ
2585 5579 2960 5648 περιστροφῆς
2985 5572 3079 5629 τοῦ
3111 5581 3314 5630 οἰκείου
3357 5572 3745 5648 ignauia};de

2187 5658 2350 5718 νουσα
2405 5644 2628 5718 κύκλου,
2801 5648 2859 5718 ἐς
2894 5648 3236 5715 τετράγωνον
3289 5649 3443 5709 αὖθις
3490 5650 3567 5717 τῷ
3614 5644 3750 5718 ἦλὶῳ

2184 5712 2562 5835 ¹»Ξαθισταμοένη
2623 5715 2682 5768 τὸ
2733 5712 3002 5781 δεύτερον
3046 5718 3148 5786 ἢδη
3195 5712 3599 5788 σχηματισμεξν,
3633 5712 3742 5774 ὸιιί.

2227 5797 2390 5835 οιιία.

2227 5797 2390 5835 οιιίλ.
