4148 6254
510 389 616 456 595
792 388 871 463 [ι.
911 408 968 447 tt.
1007 395 1139 449 679i
1188 411 1254 450 tn
1295 396 1457 466 6856|

1715 400 2137 462 NICEPIIORI
2176 401 2564 463 GREGORJE

2814 399 2949 472 [ευρ.
2994 417 3278 459 moneam.
3323 402 3464 477 scre]

3641 409 3749 474 596

512 507 729 563 latenns
770 512 1225 571 admittebantur.
1270 516 1377 573 Sed
1421 526 1475 572 et
1523 518 1792 573 arcrrimc
1840 515 2066 585 repelle-

2177 518 2276 572 οὐκ
2303 517 2449 590 εἶχεν
2468 520 2602 583 ὅλως
2630 517 2741 575 οὔτ’
2769 525 2955 589 αὐτὸς,
2991 524 3116 578 οῦτε
3151 524 3219 577 τὰ
3265 525 3402 595 πρὶς
3450 526 3612 580 αὐτοῦ
3661 528 3754 580 λα-

507 598 691 665 batur,
717 601 993 673 lapidibus
1021 622 1256 677 superne
1282 611 1559 679 appetitus
1588 611 1657 665 ab
1690 611 1790 673 iis,
1819 610 1912 680 qui
1943 623 2070 678 pro-

506 695 814 761 pugnaeula
870 698 1134 753 montium
1197 702 1531 766 tuebantur;
1597 702 1690 772 qui
1753 718 1823 757 ne
1878 716 2069 757 vocem

500 783 723 850 quidem
749 786 870 857 ejus
902 789 1172 856 ferebant,
1198 809 1434 864 eumque
1461 794 1878 850 contumeliosis
1906 793 2070 848 dictis

502 871 731 943 impune
780 878 1131 937 incessebant
1170 892 1225 939 et
1266 885 1631 953 iguominiose
1676 885 2066 951 dimittebant,

504 966 779 1035 ingenium
804 982 858 1025 et
890 974 1053 1027 verba
1084 976 1205 1043 ejus
1230 978 1360 1033 dolo
1392 979 1549 1048 plena
1581 995 1701 1035 esse
1729 978 2066 1034 dictitantes.

500 1057 690 1128 Itaque
717 1063 808 1117 ille
832 1065 914 1118 sic
937 1066 1201 1123 dimissus
1220 1072 1505 1141 paululum
1521 1089 1548 1125 a
1570 1086 1729 1127 muro
1746 1070 2063 1127 declinavit.

566 1235 630 1292 ll.
674 1240 789 1294 Nox
820 1258 949 1296 vero
975 1246 1086 1313 jam
1116 1248 1310 1302 aderat
1334 1288 1350 1310 ,
1382 1265 1509 1304 cum
1546 1252 1768 1320 quidam
1794 1268 1822 1307 e
1850 1251 2063 1322 plebeia

495 1332 654 1386 turba
691 1334 944 1402 factiosi,
996 1339 1144 1408 iique
1197 1356 1307 1395 non
1356 1344 1557 1411 pauci,
1602 1346 1743 1398 clam
1790 1346 1845 1399 in
1890 1362 2061 1401 unum

492 1422 676 1479 locum
710 1430 1024 1498 congregati
1073 1432 1289 1487 occulte
1336 1434 1414 1487 illi
1461 1434 1804 1504 significant,
1856 1446 1917 1491 ut
1958 1438 2062 1493 sub

495 1516 729 1572 mediam
758 1531 976 1577 noctem
1004 1566 1016 1587 ,
1049 1539 1161 1593 quo
1201 1536 1447 1597 tempore
1488 1536 1543 1582 et
1586 1528 1827 1599 Byzantii
1870 1545 2061 1585 omnes

492 1612 770 1668 dormiant
816 1623 871 1669 ct
922 1616 1188 1672 mrenium
1247 1620 1512 1676 custodes
1553 1622 1620 1677 ad
1669 1622 2058 1693 negligentiam

490 1706 601 1761 labi
638 1706 944 1779 incipiant,
976 1711 1229 1779 proxime
1282 1714 1481 1769 momia
1529 1715 1736 1770 veniat.
1787 1716 1857 1771 Se
1909 1718 2056 1770 enim

490 1808 715 1865 paratos
747 1815 869 1855 esse
902 1802 969 1855 ad
1000 1817 1125 1855 eum
1162 1802 1289 1858 fune
1328 1804 1381 1858 in
1428 1807 1840 1875 propugnacula
1886 1816 2057 1860 attra-

495 1888 767 1944 hendum.
817 1892 974 1957 Quod
1024 1892 1071 1949 si
1124 1894 1317 1959 fieret,
1371 1903 1546 1951 totum
1606 1897 1886 1967 negotium
1940 1896 2060 1952 fore

488 1981 823 2036 conlectum.
875 1984 1203 2039 Persuasqu
1259 1985 1464 2055 quippe
1514 1986 1719 2041 habere
1776 2001 1866 2051 se,
1904 1985 1948 2041 si
2003 1988 2058 2042 in

490 2074 672 2128 inedia
705 2077 842 2131 urbe
872 2078 1309 2148 conspiceretur,
1340 2081 1627 2150 Byzantios
1651 2095 1845 2135 omnes
1873 2080 2059 2135 statim

492 2168 559 2221 ad
588 2184 715 2222 eum
746 2169 1085 2226 defecturos.
1120 2171 1296 2227 Media
1319 2174 1429 2243 jam
1462 2182 1655 2237 nocte,
1690 2187 1815 2227 eum
1845 2171 2062 2229 videret

492 2260 792 2329 imperator
833 2266 1182 2320 excubitores
1216 2275 1539 2335 perpetuam
1577 2276 1795 2320 noctem
1829 2262 2061 2320 alternis

492 2358 863 2415 custodiendo
917 2360 1265 2430 transigere.
1312 2367 1371 2414 et
1421 2360 1665 2415 assiduis
1718 2358 2060 2414 clamoribus

489 2450 726 2504 invicem
759 2449 834 2504 ad’
864 2450 1201 2519 vigilandum
1250 2450 1531 2505 exhortari
1586 2467 1695 2506 non
1749 2451 2055 2517 desistere;

490 2544 824 2599 necessitate
876 2546 1104 2611 adactus
1157 2560 1216 2600 se
1263 2545 1442 2615 ipsum
1490 2559 1618 2600 cum
1667 2545 2059 2600 Cantacuzeno

490 2651 688 2706 magno
717 2636 1022 2692 domestico
1053 2647 1107 2693 et
1142 2637 1430 2709 Synadeno
1465 2646 1871 2708 protostratore
1905 2636 2060 2691 navi-

490 2728 628 2783 cula:
663 2731 979 2791 committit,
1011 2731 1396 2800 acclinataque
1428 2731 1654 2787 australi
1696 2729 1861 2786 Urbis
1890 2728 2059 2802 409

488 2831 648 2889 parte
684 2823 885 2876 sensim
924 2823 991 2877 ad
1028 2824 1256 2878 alteram
1291 2825 1467 2894 ripam
1506 2823 1851 2893 provehitur,
1888 2824 2059 2877 mari-

495 2912 690 2969 timum
725 2931 943 2971 murum
976 2918 1140 2973 tacite
1189 2919 1556 2980 circumiens,
1606 2917 1787 2972 sicubi
1840 2916 2057 2972 facilem

491 3006 803 3075 ingressum
843 3009 1088 3078 reperire
1134 3018 1344 3079 posset.
1390 3008 1548 3075 Quod
1595 3008 1630 3062 ii
1676 3007 1769 3078 qui
1821 3008 1877 3063 in
1924 3024 2060 3065 mu:—

489 3096 656 3155 nibus
684 3100 1030 3155 excubabant
1058 3116 1183 3155 cum
1213 3100 1551 3167 sensissent,
1589 3102 1841 3172 asperius
1870 3109 1927 3156 et
1958 3116 2057 3156 vo-

2175 614 2431 684 λούμενα.
2487 614 2774 671 Ἐδιὼκετο
2801 616 2858 671 δὲ
2892 618 3039 689 μάλα
3071 618 3317 685 σφοδρῶς
3347 618 3515 681 λίθοις
3539 618 3755 687 βαλλόν-

2170 723 2280 759 των
2306 707 2470 761 αὑτὸν
2508 709 2619 761 τῶν
2643 709 2757 763 ἀνω
2780 710 2931 780 παρά
2970 709 3067 772 τὰς
3116 708 3367 774 ἐπάλξεις
3418 709 3513 762 τοῦ
3542 711 3753 781 τείχους

2170 799 2515 870 καθημένων,
2555 800 2605 853 οἳ
2625 802 2743 855 οὐδὲ
2774 803 2957 872 φωνῆς
2985 800 3149 855 αὐτοῦ
3190 801 3410 856 ἀκούειν
3441 804 3749 873 ἠνείχοντο⁸

2168 891 2304 944 ἀλλὰ
2333 894 2423 944 καὶ
2448 891 2673 963 ὕϐρεσιν
2704 893 2936 947 ἔπλυνον
2969 892 3140 955 ἀδεῶς
3173 893 3268 947 καὶ
3319 893 3577 963 ἀσέμνως
3619 895 3753 949 ἀπέο

2168 999 2408 1052 πεμπον,
2461 982 2845 1053 δεδολιευμένα
2874 984 3174 1049 φάσκοντες
3219 979 3360 1037 εἶναι
3418 984 3487 1038 τά
3527 1001 3586 1037 τε
3643 985 3749 1056 ἢθη

2167 1076 2263 1129 καὶ
2320 1076 2450 1139 τοὺς
2504 1076 2696 1143 λόγους
2743 1076 2936 1130 αὐτοῦ.
2980 1078 3217 1138 Ἐκεῖνος
3271 1078 3373 1145 μὲν
3427 1072 3522 1131 οὖν
3576 1076 3751 1142 οὕτως

2167 1166 2547 1235 ἀποπεμφθεὶς
2577 1166 2852 1231 ἐξέκλινεν
2881 1166 2989 1219 ἀπδ
3028 1167 3123 1220 τοῦ
3148 1167 3363 1237 τείχους
3389 1170 3609 1237 μικρόν.

2238 1259 2311 1313 Β’.
2354 1258 2471 1324 Νὺξ
2492 1260 2545 1312 Et
2572 1260 2671 1330 ἠδη
2706 1263 2887 1330 παρῆν
2914 1259 3008 1313 καί
3035 1276 3179 1321 τινες
3200 1259 3311 1311 τῶν
3333 1260 3426 1314 τοῦ
3467 1258 3749 1315 πολιτικοῦ

2165 1348 2339 1418 δήμου
2412 1349 2728 1402 στασιωτῶν
2782 1350 2881 1402 οὐκ
2931 1348 3125 1417 ὀλίγοι,
3161 1349 3637 1420 συναθροισθέντες
3668 1350 3750 1413 είς

2164 1440 2223 1494 ἓν
2262 1442 2435 1510 λάθρα
2461 1442 2636 1510 τούτῳ
2686 1440 3106 1511 διεμηνύσαντο,
3154 1428 3382 1508 ἔγγιστα
3427 1440 3749 1511 ἐληλυθέναι

2163 1532 2258 1587 τοῦ
2288 1534 2503 1601 τείχους
2537 1534 2666 1603 περὶ
2700 1533 2870 1602 μέσας
2902 1532 3127 1598 νύκτας,
3152 1534 3313 1587 ὁπότε
3336 1533 3429 1587 καὶ
3458 1532 3749 1598 Βυζάντιοι

2163 1626 2362 1689 πάντες
2392 1623 2730 1678 ὑπνώττουσι
2770 1626 2863 1678 καὶ
2896 1625 2947 1678 οι
2990 1626 3082 1678 ἐπι
3128 1624 3222 1679 τοῦ
3269 1626 3483 1694 τείχους
3512 1627 3746 1695 φρουροὶ

2164 1716 2298 1784 πρὸς
2325 1717 2384 1767 τὸ
2436 1716 2804 1788 ῥᾳθυμότερον
2858 1717 3275 1773 ἀναπίπτουσιν.
3316 1718 3599 1788 Ἐτοίμους
3636 1718 3747 1787 γὰρ

2163 1808 2299 1863 εἶναι
2323 1812 2462 1879 σφᾶς
2494 1811 2859 1879 ἀνιμήσασθαι
2878 1810 3041 1865 αὐτὸν
3060 1812 3148 1865 διὰ
3178 1811 3439 1881 μηρίνθου
3466 1813 3609 1874 τινος
3633 1811 3747 1864 ἀπὸ

2162 1904 2269 1957 τῶν
2286 1903 2581 1967 ἐπάλξεων.
2607 1902 2693 1977 [Ρ.
2714 1903 3020 1974 ἓῦθιτοῦτο
3037 1903 3145 1957 δἐἰ
3167 1904 3397 1973 γένοιτο,
3419 1903 3588 1973 πέρας
3607 1900 3749 1956 εἶναι

2160 1996 2260 2064 τῆς
2283 1996 2411 2065 ὃλης
2434 1995 2669 2065 σπουδῆς
2700 1995 2795 2048 καὶ
2816 1994 2908 2049 τοῦ
2940 1994 3154 2065 μακροῦ
3180 1997 3405 2065 δρόμου.
3441 1996 3749 2064 Πεπεισμέο

2161 2103 2285 2151 νους
2306 2087 2413 2157 γὰρ
2436 2080 2598 2153 εἶναι,
2625 2087 2831 2149 πάντας
2852 2086 3179 2150 Βυζαντίους
3201 2086 3364 2151 εὐθὺς
3384 2085 3751 2155 ἀκολουθῆσαι

2160 2180 2385 2249 φανέντι
2441 2178 2571 2250 περὶ
2615 2178 2789 2249 μέσην
2840 2179 2942 2250 τὴν
2997 2177 3413 2249 βασιλεύουσαν.
3472 2177 3654 2250 Μέσης
3688 2177 3747 2231 δὲ

2159 2272 2263 2344 ἤδη
2288 2272 2481 2335 νυκτὸς
2513 2272 2817 2340 γενομένης
2875 2273 2973 2326 καὶ
3025 2272 3240 2341 βλέπων
3292 2272 3320 2322 ὁ
3354 2270 3631 2343 βασιλεὺς,
3669 2271 3748 2333 ὡς

2160 2365 2458 2435 ἁμοιὸαδδν
2488 2366 2538 2417 οἱ
2566 2365 2800 2433 φρουροὶ
2829 2363 2928 2435 τὴν
2960 2364 3129 2419 νύκτα
3186 2367 3366 2419 πᾶσαν
3424 2363 3746 2434 παραλλάτ-

2158 2474 2343 2520 τοντες
2376 2458 2439 2510 οὐ
2478 2457 2748 2510 παύονται
2780 2458 2984 2524 φωναῖς
3009 2455 3432 2525 ἀλλεπαλλήλοις
3479 2454 3747 2524 ἀλλήλους

2157 2549 2298 2622 προς
2324 2551 2385 2605 τὸ
2407 2549 2705 2621 ἐγρηγορὸς
2729 2548 3109 2621 διεγείροντες,
3131 2548 3342 2618 ἀκατίῳ
3364 2547 3470 2600 τινὶ
3493 2546 3747 2600 πιστεύει

2160 2644 2354 2699 ἐαυτὸν
2382 2644 2442 2710 ἐξ
2477 2641 2719 2712 ἀνάγκης
2745 2642 2838 2708 ξύν
2856 2658 2918 2709 γι
2946 2641 3384 2710 Καντακουζηνῷ
3418 2640 3495 2709 τῷ
3521 2640 3749 2709 μεγάλῳ

2157 2732 2461 2805 δομεστίκῳ
2487 2733 2581 2787 καὶ
2608 2731 2894 2803 Συναδηνῷ
2917 2731 2994 2802 τῷ
3017 2732 3459 2802 πρωτοστράτορι
3477 2747 3491 2760 ·
3513 2732 3580 2784 δι’
3603 2723 3667 2783 οῦ
3687 2729 3748 2783 τὸ

2160 2828 2334 2882 νότιον
2367 2827 2534 2897 μέρος
2588 2824 2688 2893 τῆς
2742 2823 3370 2887 Κωνσταντινουπὸλεως
3422 2822 3745 2893 κάμψαντες

2156 2916 2373 2988 ὁμαλῶς
2390 2914 2796 2985 διεπεραιοῦντο
2822 2914 3129 2984 περιιόντες
3157 2912 3371 2984 ἡσύχως
3391 2916 3451 2966 τδ
3477 2914 3751 2983 παράλιον

2157 3012 2357 3079 τεῖχος,
2395 3008 2449 3061 εἷ
2471 3025 2576 3061 που
2609 3007 2888 3079 δυνηθεῖεν
2917 3006 3122 3063 εἷσοδόν
3150 3024 3268 3059 τινα
3317 3006 3507 3078 ῥᾳδίαν
3538 3006 3745 3074 εὑρεῖν.

2172 3099 2316 3157 Ἀλλ’
2337 3099 2389 3153 al
2420 3100 2515 3153 ἐπὶ
2556 3099 2620 3152 τδ
2682 3102 2860 3169 τεῖχος
2895 3098 3124 3168 φρουροὶ
3174 3096 3582 3167 συναισθόμενοι
3615 3115 3751 3166 τρα-

487 3189 705 3245 ciferati
754 3200 813 3247 et
860 3192 1179 3248 tumuttuati
1220 3201 1392 3255 sunt,
1436 3202 1495 3249 et
1546 3192 1601 3247 in
1634 3193 1756 3248 illos
1786 3193 1923 3248 nihil
1973 3208 2057 3247 re-

2165 3196 2367 3266 χυτέρα
2416 3196 2481 3266 τῇ
2529 3193 2626 3265 βοῇ
2678 3193 2772 3246 καὶ
2804 3189 2884 3262 τῷ
2938 3190 3152 3262 θορύϐῳ
3183 3190 3520 3261 ἐχρήσαντο·
3545 3190 3643 3243 καὶ
3671 3189 3749 3261 μὴ

492 3282 832 3351 spondentes
869 3299 1001 3362 saxa
1036 3286 1199 3341 etiam
1230 3285 1508 3357 coniicere
1534 3296 1851 3357 creperum,
1883 3285 2059 3341 donec

2165 3285 2610 3358 ἀποκρινομένων
2661 3286 2755 3337 καὶ
2796 3281 2980 3346 λίθους
3010 3283 3111 3354 ήδη
3144 3283 3265 3337 κατ’
3296 3282 3477 3336 αὐτῶν
3509 3282 3753 3354 ἧρξαντο

488 3374 656 3433 iidem
689 3375 865 3431 territi
911 3392 1209 3434 recessere.
1265 3378 1344 3434 Ac
1377 3388 1495 3435 tum
1528 3379 1754 3449 quidem
1788 3379 1904 3435 haec
1937 3387 2060 3433 acta

560 3561 651 3618 ΙΙΙ.
694 3563 949 3621 lusecirto
972 3575 1159 3619 autem
1188 3581 1374 3620 mense
1403 3564 1692 3622 Decembri
1719 3564 1929 3637 juniorl
1961 3564 2064 3619 im-

491 3657 735 3725 peratori
782 3658 978 3713 littera:
1027 3657 1612 3714 Thessalonicensium
1648 3659 1786 3714 clam
1818 3657 2064 3714 afferun-

492 3758 603 3808 tur.
637 3748 841 3818 quibus
874 3763 1041 3820 quam
1092 3749 1335 3819 primum
1380 3749 1789 3805 arcessebatur.
1842 3748 2062 3804 Etenim

489 3841 741 3912 plebeios
794 3857 987 3897 omnes
1038 3853 1093 3898 et
1142 3858 1402 3914 proceres
1452 3844 1745 3914 plerosque
1772 3854 1829 3899 et
1881 3847 2061 3915 ipsum

491 3934 813 4005 pontificem
846 3933 1157 4004 composito
1188 3934 1504 3990 decrevisse
1527 3977 1542 4001 ,
1579 3936 1766 3992 statim
1805 3945 1970 4007 atque
2018 3938 2065 3994 is

491 4042 665 4099 prope
701 4027 904 4082 moenia
938 4027 1231 4083 adfuturus
1259 4034 1429 4092 esset,
1460 4027 1526 4085 ad
1564 4027 1740 4098 ipsum
1774 4044 2065 4086 accurrere

493 4127 548 4175 et
586 4127 774 4189 portas
820 4119 875 4173 ei
922 4119 1161 4189 aperire.
1216 4117 1429 4186 Quibus
1474 4120 1714 4191 cognitis
1763 4122 2066 4191 imperator

495 4226 748 4283 magnam
786 4210 1027 4266 militum
1064 4227 1288 4267 manum
1326 4213 1715 4282 protostratori
1751 4213 1940 4278 dedit,
1978 4216 2064 4270 ei-

496 4320 605 4373 que
635 4302 933 4373 prmecpit,
970 4312 1030 4359 ut
1066 4303 1478 4374 imperatricem
1517 4304 1710 4360 urbem
1746 4306 2069 4363 circumiret

492 4407 552 4454 ct
603 4395 821 4451 eminus
866 4396 1021 4450 velut
1067 4396 1269 4451 castris
1314 4396 1599 4467 cingeret,
1633 4414 1738 4454 nec
1774 4397 2069 4471 Byzantios

496 4505 669 4561 usque
702 4488 769 4544 ad
811 4488 1081 4559 Rhegium
1120 4486 1308 4559 egredi
1353 4489 1556 4545 ferisve
1597 4493 1933 4547 commorari
1968 4506 2069 4562 pa-

2163 3378 2427 3447 πέμπειν,
2458 3375 2534 3440 ὡς
2562 3376 2758 3429 ἐκεῖνοι
2786 3375 3115 3445 φοϐηθέντες
3159 3375 3597 3447 ἀναστρέψαντες
3640 3376 3751 3431 ἀπ-

2161 3470 2350 3543 ῄεσαν.
2387 3468 2520 3521 Τότε
2559 3468 2657 3537 μὲν
2682 3464 2778 3520 οὖν
2811 3466 2981 3520 ταῦτα
3011 3466 3281 3539 ἐπράχθη.

2235 3564 2312 3617 1".
2339 3562 2446 3616 Τοῦ
2470 3561 2516 3615 δ’
2553 3562 2796 3623 ἐπιόντος
2849 3560 3017 3629 μηνὸς
3052 3559 3391 3629 Δεκεμϐρίου
3419 3558 3531 3631 (74)
3562 3562 3752 3632 γράμ-

2168 3674 2316 3729 ματα
2370 3656 2507 3728 πρὸς
2580 3655 2689 3707 τῶν
2746 3652 3185 3707 Θεσσαλονικέων
3249 3653 3424 3725 λάθρα
3496 3654 3573 3725 τῷ
3642 3657 3751 3724 νέῳ

2166 3748 2487 3821 κομίζονται
2541 3746 2773 3817 βασιλεῖ,
2830 3745 3285 3817 προσκαλούμενα
3328 3746 3429 3817 τὴν
3480 3746 3751 3816 ταχίστην

2166 3841 2350 3896 αὐτόν.
2377 3836 2530 3893 Εἶναι
2561 3840 2671 3909 γὰρ
2694 3840 3045 3909 ξυγκείμενον
3063 3841 3176 3903 τοῖς
3196 3856 3253 3893 τε
3287 3839 3546 3910 δημόταις
3572 3840 3750 3894 ἅπασι

2167 3935 2261 3988 καὶ
2294 3936 2406 3998 τοῖς
2456 3934 2663 3987 πλείοσι
2737 3933 2846 3986 τῶν
2871 3933 3215 4002 προύχόντων
3253 3932 3350 3986 καὶ
3391 3932 3539 4004 αὐτῷ
3587 3950 3651 4001 γε
3682 3934 3749 4005 δὴ

2166 4027 2246 4096 τῷ
2272 4027 2537 4095 ἀρχιερεῖ,
2572 4022 2691 4093 ἅμα
2736 4023 2813 4094 τῷ
2842 4023 3069 4095 πλησίον
3111 4025 3347 4093 φανῆναι
3400 4024 3496 4079 τοῦ
3532 4026 3749 4096 τείχους

2167 4119 2329 4174 αὐτὸν
2353 4118 2661 4188 δραμόντας
2692 4114 2900 4182 ἀνοῖξαι
2918 4116 2968 4169 ol
3001 4117 3101 4180 τὰς
3152 4116 3346 4179 πύλας.
3392 4117 3543 4170 Ἐπεὶ
3571 4119 3750 4172 ταῦτα

2169 4212 2519 4281 ἐμεμαθήκει
2542 4212 2568 4263 δ
2606 4209 2878 4280 βασιλεὺς,
2917 4212 3142 4282 συχνοὺς
3177 4213 3450 4283 παραδοὺς
3483 4212 3560 4283 τῷ
3592 4228 3748 4281 πρωο

2167 4307 2492 4378 τοστράτορι
2520 4306 2855 4376 στρατιώτας
2880 4305 3149 4375 περιιέναι
3179 4304 3618 4376 παρεκελεύσατο
3653 4306 3752 4359 καὶ

2168 4399 2283 4457 οἷον
2315 4398 2891 4472 περιστρατοπεδεύειν
2952 4398 3051 4471 τὴν
3106 4397 3500 4468 βασιλεύουσαν
3550 4399 3750 4469 μικρὸν

2172 4497 2392 4553 ἄπωθεν
2432 4495 2525 4549 καὶ
2568 4494 2641 4564 μὴ
2665 4495 2761 4564 ἐᾷν
2805 4492 2932 4563 ἄχρι
2976 4489 3196 4563 Ῥηγίου
3247 4493 3371 4555 τοὺς
3420 4490 3749 4555 Βυζαντίους

500 4591 736 4646 teretur,
777 4581 1119 4652 eosdemque
1149 4582 1369 4636 arcanis
1392 4581 1593 4637 litteris
1621 4592 1677 4638 et
1710 4584 2064 4652 pollicitatio-

2178 4591 2415 4660 ἐξιόντας
2465 4585 2798 4658 διατρίϐειν
2830 4586 3086 4654 καὶπρὸς
3140 4600 3201 4647 γε
3256 4582 3531 4652 λαθραίοις
3566 4582 3750 4651 γράμ-

502 4676 685 4737 nibus,
711 4689 832 4744 qum
869 4673 1069 4743 cuique
1115 4676 1501 4739 convenirent,
1537 4675 1776 4731 ambiret
1806 4687 1861 4733 et
1891 4690 2023 4748 pote
2046 4707 2066 4721 -

2176 4702 2309 4756 μασι
2342 4682 2436 4739 καλ⁴
2469 4678 2825 4750 ὑποσχέσεσιν
2856 4676 3188 4746 ὑπέρχεσθαι
3220 4676 3313 4731 καὶ
3365 4675 3746 4729 ὑποποιεῖσθαι

498 4771 624 4824 stati
655 4782 768 4823 suze
802 4767 1262 4839 subjicercthse
1296 4783 1425 4822 vero
1458 4784 1580 4823 eum
1620 4770 1810 4837 paucis
1842 4772 2072 4828 delectis

501 4861 949 4917 Thessalonicam
1000 4860 1157 4915 abiit.
1191 4860 1329 4914 Tum
1357 4877 1507 4924 vero,
1545 4873 1773 4932 propter
1800 4866 2072 4933 suspieio-

502 4972 599 5011 nes
642 4957 1003 5018 tumultunm,
1056 4955 1371 5010 Demetrius
1422 4955 1651 5023 despota
1704 4966 1761 5009 et
1815 4971 2071 5027 protuvc-

499 5049 728 5105 ttiarius
756 5048 1106 5102 Andronicus
1143 5054 1198 5101 et
1233 5046 1461 5101 Michael
1497 5048 1643 5101 Asan
1675 5062 1798 5101 cum
1828 5050 2069 5103 auxilia-

500 5143 657 5198 ribus
709 5140 1081 5195 Triballornm
1132 5138 1306 5209 copiis
1358 5147 1511 5192 extra
1566 5141 1768 5195 mmnia
1822 5140 2070 5196 diversa-

498 5237 726 5297 hantur,
757 5243 813 5287 et
865 5232 1244 5287 Macedonicas
1278 5232 1444 5285 etiam
1481 5231 1854 5286 Romanorum
1901 5234 2071 5305 legio—

506 5341 607 5381 nes
654 5340 837 5379 seeum
890 5320 1188 5378 habebant.
1219 5322 1321 5389 Qui
1373 5323 1507 5377 rixis
1536 5332 1592 5377 et
1622 5314 2071 5381 contentionibus

508 5417 736 5487 privatis
763 5431 887 5469 cum
918 5425 1346 5484 occuparentur,
1383 5430 1519 5485 quas
1550 5414 1779 5470 ambitio
1814 5424 1866 5470 et
1896 5430 2072 5471 caecus

504 5522 660 5564 amor
684 5506 766 5561 sui
806 5507 888 5559 rei
918 5507 1100 5574 potius
1129 5506 1207 5559 ira
1234 5503 1485 5560 Numinis
1518 5504 1683 5578 410
1712 5506 2070 5573 accendebat,

510 5610 568 5652 nt
629 5599 792 5653 rebus
832 5598 1076 5667 ipsorum
1126 5596 1374 5655 confusis
1428 5597 1532 5667 ipsi
1594 5598 1699 5652 sibi
1763 5600 2069 5669 perniciem

2170 4775 2297 4837 τοὺς
2335 4772 2660 4836 Βυζαντίους
2694 4767 2857 4820 κατὰ·
2885 4766 2946 4820 τὸ
2995 4768 3268 4837 προσῆκον
3325 4767 3556 4836 ἑκάστῳ.
3612 4764 3672 4817 '0
3701 4764 3749 4816 δ’

2170 4868 2383 4933 ὀλίγους
2411 4864 2561 4926 τινας
2590 4862 2988 4931 ἁπολςξάμενος
3024 4859 3198 4930 ᾤχετο
3232 4858 3410 4912 ἀπιὼν
3460 4859 3515 4918 ἐς
3539 4857 3750 4910 Θεσσα-

2172 4959 2415 5026 λονίκην.
2474 4958 2704 5025 Ἔτυχον
2763 4956 2821 5007 δὲ
2881 4952 3192 5020 τηνικαῦτα
3233 4951 3599 5022 διατρίϐοντες
3643 4948 3750 5015 ἔξω

2173 5051 2369 5121 τειχῶν
2398 5049 2486 5103 διὰ
2512 5048 2607 5109 τὰς
2642 5046 2877 5117 ὕπεψίας
2905 5046 3010 5099 τῶν
3037 5044 3281 5116 θορύϐων
3336 5044 3475 5113 μετὰ
3514 5043 3606 5096 τοῦ
3638 5042 3752 5095 ἀπὸ

2176 5145 2287 5197 τῶν
2320 5141 2638 5210 Τριόαλλῶν
2668 5138 3021 5210 συμμαχικοῦ
3052 5136 3285 5207 στρατοῦ
3319 5138 3347 5190 ὃ
3368 5154 3427 5190 τε
3482 5136 3751 5203 δεσπότης

2168 5238 2476 5308 Δημήτριος
2524 5241 2611 5289 καί
2653 5237 2681 5288 ό
2738 5233 3233 5303 πρωτοϐεστιάριος
3283 5230 3618 5302 Ἀνδρόνικος
3656 5230 3751 5282 καὶ

2167 5333 2195 5384 ὁ
2236 5327 2398 5382 Ἀσὰν
2427 5327 2644 5397 Μιχαὴλ
2685 5327 2797 5396 (75)
2824 5363 2843 5392 ι
2878 5326 3208 5395 ὲπει-(ὁμενοι
3238 5327 3331 5378 καὶ
3358 5324 3425 5377 τὰ
3450 5323 3754 5377 Μακεδονι-

2176 5422 2247 5474 κὰ
2277 5420 2384 5473 τῶν
2427 5421 2718 5490 Ῥωμαίων
2746 5418 3150 5489 στρατεύματα.
3178 5411 3278 5471 Ὧν
3298 5415 3364 5482 δὴ
3390 5415 3486 5470 καὶ
3509 5416 3753 5486 ἀσχόλων

2171 5512 2341 5565 ὄντων
2375 5511 2503 5582 περὶ
2532 5513 2627 5574 τὰς
2674 5512 2795 5564 κατ’
2847 5511 3043 5573 αὐτοὺς
3078 5509 3280 5579 ἐριδας,
3321 5507 3388 5572 ἂς
3446 5506 3753 5577 ἁνέιρλεξαν

2176 5604 2474 5672 κενοδοξίας
2528 5605 2621 5657 καὶ
2658 5602 2941 5673 φιλαυτίας
2994 5601 3233 5673 τελχί.έ;
3286 5618 3454 5671 τ;νες,
3482 5601 3517 5672 ἢ
3552 5599 3755 5673 μᾶλλον

1850 5696 2187 5762 Variorum
2222 5711 2412 5764 noue.

577 5795 692 5860 (Hi
732 5794 1104 5849 Cantaeuzen.
1142 5793 1237 5849 lib.
1266 5811 1307 5859 ι,
1332 5810 1454 5865 cap.
1514 5798 1604 5863 3i,
1664 5798 1753 5859 55.
1816 5799 1901 5853 55.
1939 5798 2171 5855 thcaxc.

587 5866 697 5935 (iii)
722 5865 946 5919 Joannis
978 5866 1170 5922 Asanis
1207 5863 1471 5936 Bulgaria:
1502 5871 1647 5936 regis
1679 5869 1821 5925 tiiius
1865 5871 2287 5941 primogenitus.
2319 5863 2454 5923 Vide
2486 5863 2684 5921 Famil.
2723 5866 2949 5941 Dymni.
2985 5882 3107 5937 pag.
3133 5867 3257 5923 3‘23.
3296 5867 3536 5923 Dtcaxc.
