4148 6254
525 393 629 456 627
775 387 849 464 [Α.
892 403 950 443 ιι.
991 388 1131 446 6856
1164 405 1232 446 Αυ
1270 389 1434 462 6849]

1579 418 1582 422 '
1685 395 2104 458 NICEPHORI
2143 397 2534 460 GREGORAE

2804 389 2938 455 [una
2980 404 3263 446 ASDRONIC.
3325 388 3469 461 tum]

3661 391 3768 456 6‘28

523 502 692 556 etiam
738 502 1038 572 imperator
1082 503 1186 560 levi
1236 503 1476 574 quodam
1525 511 1583 558 et
1629 504 1858 561 minime
1912 505 2100 562 letbali

2206 524 2316 570 τοις
2348 507 2441 560 καὶ
2471 509 2498 560 6
2533 503 2788 577 βασιλεὺς
2820 507 3016 576 ἅτερον
3051 506 3165 559 τοῖν
3196 502 3378 558 ποδοῖν
3409 502 3632 572 ἔλαφρῷ
3661 517 3769 557 τινι

523 595 736 663 sagittae
775 595 886 649 ictu
919 595 1149 650 alterum
1183 595 1374 664 pedem
1409 596 1729 651 vulneratus
1757 604 1862 652 est.

594 681 682 740 lli.
723 683 800 740 Ea
829 697 992 741 nocte
1022 687 1399 755 spectaculum
1434 687 1747 742 miserabile
1779 699 1832 743 et
1871 686 2098 743 evidens

445 767 452 772 ’
525 777 619 831 ira:
670 777 872 832 divina:
910 778 1128 848 signum
1175 779 1406 834 exstitit.
1466 779 1600 834 Nam
1651 779 1949 846 Barbarus,
2001 778 2095 849 qui

525 869 896 923 Romanorum
948 880 1288 924 armaturam
1328 882 1384 925 et
1434 871 1650 926 virilem
1697 873 1752 926 in
1805 873 2098 944 pugnando

523 957 886 1014 constantiam
916 959 1130 1013 viderat
1173 970 1229 1014 et
1274 960 1579 1016 admiratus
1621 961 1821 1025 fuerat,
1861 975 1960 1017 eos
1989 978 2095 1016 non

523 1052 832 1121 quieturos,
857 1050 953 1106 sed
977 1051 1241 1121 postridie
1265 1051 1485 1122 longius
1508 1067 1898 1123 progressuros
1923 1061 2095 1118 ratus,

523 1141 789 1196 trecentis
834 1141 1117 1212 equitibus
1153 1141 1474 1211 speculandi
1521 1143 1694 1213 gratia
1748 1143 1821 1198 ibi
1866 1141 2096 1207 relictis,

523 1232 642 1302 ipse
697 1247 822 1286 cum
873 1232 1022 1286 omni
1071 1231 1322 1288 exercitu
1369 1235 1614 1303 perre‘xit
1645 1234 1878 1290 ulterius
1901 1234 1969 1289 ad
2000 1251 2096 1303 op-

523 1335 788 1392 portunas
821 1325 940 1380 vias
980 1323 1350 1392 occupandas.
1385 1325 1567 1395 Atque
1626 1326 1698 1381 ita
1737 1325 1956 1394 quidem
2005 1326 2096 1381 ille

525 1415 796 1470 discessit.
833 1414 1135 1486 imperator
1178 1431 1312 1472 vero
1359 1417 1682 1486 oppidulum
1733 1418 2094 1474 Pliilocrenen

525 1503 809 1573 ingressus
860 1513 946 1560 est
989 1503 1220 1561 curandi
1259 1504 1504 1560 vulneris
1547 1506 1742 1575 gratia.
1792 1505 1948 1572 Quod
1989 1506 2098 1560 Ro-

525 1595 672 1649 mani
720 1595 925 1651 milites
976 1610 1101 1651 cum
1149 1597 1694 1665 animadvertissent,
1741 1613 1842 1654 nec
1875 1613 2094 1654 causam

526 1687 663 1740 satis
689 1697 842 1741 certo
865 1685 1096 1752 scirent,
1121 1703 1248 1744 eum
1277 1705 1388 1760 pra:
1413 1700 1561 1744 metu
1593 1688 1782 1760 fugere
1811 1699 2094 1760 putarunt.

523 1777 700 1832 Noctu
727 1777 878 1833 enim
921 1778 1232 1836 Orchanem
1253 1797 1380 1836 cum
1407 1796 1602 1853 magno
1629 1782 1874 1838 exercitu
1901 1782 2091 1846 all‘ure,

2201 600 2352 670 βέλει
2390 597 2488 654 καὶ
2515 600 2575 652 οὐ
2607 597 2753 669 μάλα
2780 599 3002 670 καιρὲῳ.

2270 693 2348 750 1".
2387 691 2476 746 Ἐν
2515 691 2689 764 ταύτῃ
2717 691 2776 744 δὲ
2806 693 2873 761 τῇ
2900 688 3058 744 νυκτὶ
3077 688 3288 757 γίνεταί
3314 703 3369 741 τι
3393 685 3578 756 θέαμα
3604 686 3775 742 nest-

2200 783 2292 838 νὺν
2328 784 2421 838 καὶ
2455 783 2739 852 προφανής
2766 797 2851 845 τις
2887 778 3172 850 θεομηνία.
3210 775 3370 832 Ἐπεὶ
3417 777 3530 844 γάρ
3577 779 3608 828 6
3635 776 3774 845 βάρ·

2203 876 2368 944 ϐάρος
2401 873 2772 940 ἐτεθαυμάκει
2821 871 3159 940 θεασάμενος
3200 869 3310 924 τῶν
3353 867 3641 939 Ῥωμαίων
3669 868 3774 937 τήν

2199 983 2258 1018 τε
2308 966 2522 1020 ὅπλισιν
2555 967 2649 1019 καὶ
2695 965 2794 1033 τὴν
2849 961 3112 1033 ἀνδρικὴν
3185 960 3460 1026 ἔνστασιν,
3529 959 3784 1028 ἐνόμισεν

2198 1057 2260 1110 οὐ
2298 1058 2462 1129 μέχρι
2488 1055 2684 1111 τούτου
2737 1055 2930 1124 στῆναι
2957 1052 3213 1124 θελήσειν
3245 1052 3466 1117 αὐτοὺς,
3499 1049 3638 1105 άλλά
3676 1051 3774 1104 καὶ

2202 1151 2260 1214 ἐς
2319 1149 2392 1202 τὰ
2442 1148 2634 1220 πρόσω
2692 1147 2893 1218 χωρεῖν
2946 1143 3006 1208 ἐς
3091 1144 3190 1210 τὴν
3237 1141 3551 1214 ὑστεραίαν.
3616 1139 3780 1193 Ὅθεν

2199 1237 2544 1308 τριακοσίους
2579 1239 2699 1290 ἐκεῖ
2727 1233 3132 1296 καταλελοιπὼς
3161 1233 3366 1298 ίππέας
3412 1229 3647 1300 θεωρίας
3694 1227 3778 1282 εῖ-

2198 1347 2353 1393 νεκα.
2377 1328 2538 1392 αὐτὸς
2570 1328 2672 1400 τὴν
2698 1327 2829 1397 ὃλην
2883 1324 3171 1382 ἀναλαϐὼν
3238 1321 3501 1394 στρατιάν
3544 1321 3780 1392 ἧλαυνεν

2209 1417 2267 1477 ἐς
2294 1415 2365 1470 τὰ
2415 1416 2628 1486 πρόσω.
2657 1415 2909 1468 σπεύδων
2940 1413 3382 1485 προκαταλαϐεῖν
3407 1411 3477 1464 τὰ
3502 1410 3611 1464 τῶν
3641 1407 3780 1465 ὁδῶν

2199 1505 2553 1579 καιριώτερα.
2594 1507 2830 1570 Ἐκεῖνος
2864 1507 2966 1580 μὲν
2996 1507 3089 1562 οὖν
3118 1507 3290 1569 οὓτως
3315 1503 3487 1577 ᾡχετο
3509 1502 3689 1557 ἀπιών
3707 1517 3722 1533 ⁸
3750 1505 3779 1554 6

2197 1597 2252 1650 δὲ
2288 1595 2539 1666 βασιλεὺς
2570 1597 2628 1659 ἐς
2657 1597 2720 1650 τὸ
2756 1597 2854 1666 τῆς
2899 1598 3244 1667 Φιλοκρὴνης
3286 1593 3459 1664 είσῄει
3503 1591 3780 1662 πολίχνιον

2201 1689 2496 1760 θεραπείας
2525 1690 2713 1743 εἵνεκα
2762 1687 2857 1742 τοῦ
2905 1688 3084 1751 ποδός.
3115 1687 3294 1758 ὀπερ
3322 1689 3352 1741 6
3388 1685 3617 1757 στρατὸς
3651 1684 3780 1740 θεα-

2200 1781 2425 1848 σάμενοι
2463 1779 2572 1832 τῶν
2617 1778 2913 1849 Ῥωμαίων
2957 1780 3056 1832 καὶ
3113 1779 3315 1848 ἥκιστα
3375 1776 3632 1845 καθαρῶς
3675 1775 3778 1846 τὴν

525 1885 707 1940 neque
757 1887 1089 1942 quemquam
1144 1871 1516 1929 Romanorum
1561 1874 1770 1930 salvum
1798 1890 2090 1931 evasurum

2206 1871 2373 1926 κίτίαν
2403 1870 2778 1942 μεμαθηκότες
2824 1869 3050 1939 φεύγειν
3087 1871 3346 1939 ἐνόμισαν
3413 1869 3521 1922 61:6
3573 1867 3778 1929 δειλίας

524 1956 690 2031 436
736 1974 798 2014 ac
836 1961 1005 2016 solem
1059 1963 1325 2034 postridie
1369 1963 1718 2019 intuiturum.
1767 1967 1958 2036 itaque
1999 1968 2090 2036 qui

527 2050 812 2106 naviculas
858 2068 1042 2107 secum
1092 2054 1416 2121 attulerant,
1466 2055 1706 2122 nudiﬂin
1744 2055 1878 2126 ipsis
1924 2055 2094 2126 fugie-

527 2141 683 2196 bant.
740 2143 846 2198 Alii
902 2143 1235 2203 festinantes
1283 2157 1411 2202 ante
1459 2157 1646 2216 portas
1681 2146 1927 2220 Oppiduli
1977 2164 2095 2204 sese

523 2244 719 2287 mutuo
755 2235 1005 2306 plerique
1040 2237 1441 2293 conculcabant
1488 2249 1544 2293 et
1594 2238 1956 2308 suﬂ'ocabant.
1992 2239 2094 2292 Atii

524 2335 733 2380 catena:
759 2325 934 2381 instar
970 2343 1038 2382 ex
1073 2343 1132 2383 se
1177 2328 1416 2384 invicem
1450 2331 1576 2385 nexi
1608 2344 1672 2386 ac
1696 2331 1949 2402 suspensi
1976 2347 2098 2400 par—

524 2415 626 2471 tim
671 2420 724 2472 in
759 2420 1168 2490 pr0pugnacula
1213 2421 1542 2487 evadebant,
1582 2423 1776 2493 partim
1805 2439 1833 2477 a
1865 2437 2097 2492 sequen-

524 2507 676 2564 tibus
721 2508 957 2565 detracti
1003 2520 1062 2567 et
1091 2513 1272 2568 eversi
1304 2529 1432 2568 casu
1486 2513 1887 2570 moriebantur.
1927 2515 2097 2570 Erant

522 2599 687 2654 etiam
743 2603 836 2671 qui
864 2602 982 2656 solo
1035 2603 1232 2658 timore
1279 2605 1577 2660 exanimati
1620 2614 1830 2661 stantes
1858 2606 2100 2676 esspira-

527 2703 670 2746 rent.
708 2693 862 2748 Mane
892 2709 1023 2748 vero
1054 2696 1238 2750 statim
1281 2696 1396 2752 sole
1433 2709 1558 2753 orto
1592 2697 1826 2753 trecenti
1870 2698 1946 2752 illi
1977 2698 2101 2752 Bar-

525 2784 648 2840 bari
693 2784 1075 2842 incredibilem
1120 2803 1241 2842 eam
1283 2789 1658 2845 Romanorum
1703 2790 1913 2846 cladem
1965 2806 2102 2846 con-

526 2877 727 2946 spicati
755 2882 1204 2949 progrediuntur,
1235 2890 1432 2936 etcum
1469 2883 1522 2936 in
1559 2881 1758 2938 castris
1785 2899 1983 2954 equus,
2015 2901 2102 2940 aro

526 2986 638 3038 ma,
685 2986 854 3026 vacua
896 2972 1214 3030 hominibus
1244 2975 1503 3040 tentoria,
1539 2977 1925 3046 imperatorias
1971 2977 2102 3034 item

528 3059 703 3132 equos
736 3079 859 3120 cum
894 3067 1075 3121 rubris
1107 3067 1256 3122 sellis
1289 3077 1346 3123 et
1381 3067 1797 3138 imperatorium
1844 3068 2104 3125 taberna-

2195 1963 2379 2017 αὐτόν.
2406 1963 2639 2016 Μέλλειν
2663 1961 2771 2032 γὰρ
2806 1961 3181 2015 ἐπικείσεσθαι
3230 1962 3443 2024 τούτοις
3468 1959 3661 2023 νυκτδς
3683 1959 3779 2012 τὶν

2199 2056 2468 2124 ὐρχανον
2493 2055 2630 2124 μετά
2660 2054 2806 2124 μάλα
2843 2051 3041 2106 πολλοῦ
3071 2051 3165 2105 τοῦ
3201 2051 3432 2124 στρατοῦ
3457 2051 3552 2106 καὶ
3574 2049 3776 2123 μηδένα

2197 2147 2376 2212 ζῶντα.
2413 2146 2696 2217 Ῥωμαίων
2741 2146 2829 2221 [Ρ.
2869 2144 3001 2216 268]
3064 2146 3404 2212 καταὶιπεῖν,
3429 2144 3519 2198 τὸν
3575 2144 3632 2203 ις
3677 2140 3775 2212 τὴν

2197 2242 2490 2310 ὑστεραίαν
2525 2240 2826 2296 θεάσασθαι
2846 2240 3020 2310 ἣλιον.
3061 2239 3228 2291 Ὅθεν
3259 2239 3374 2292 ὅσοι
3413 2237 3513 2306 μὲν
3569 2233 3774 2289 ἀκάτια

2198 2329 2549 2399 ἐπεφέροντο,
2601 2328 2812 2398 ᾤχοντο
2856 2326 3150 2397 φεύγοντες
3199 2327 3399 2396 γυμνοὶ
3448 2325 3517 2379 δι’
3569 2323 3775 2380 αὐτῶν.

2198 2423 2261 2475 Οί
2296 2421 2352 2473 δὲ
2378 2421 2702 2484 σπεύδοντες
2732 2420 2841 2490 πρὸ
2879 2419 2986 2472 τῶν
3011 2417 3196 2471 πυλῶν
3223 2418 3319 2471 τοῦ
3366 2416 3644 2486 πολιχνίου
3673 2432 3773 2468 κα-

2197 2515 2580 2584 τεπατήθησαν
2611 2513 2702 2567 ὑπ’
2733 2511 2975 2583 ἀλλήλων
3004 2513 3053 2565 ot
3086 2511 3302 2568 πλείους
3342 2510 3440 2564 καὶ
3470 2506 3782 2574 ἀπεπνίγη-

2206 2622 2337 2658 σαν·
2373 2603 2524 2658 ἇλλοι
2556 2604 2597 2656 δ’
2638 2604 2886 2674 ἀλλήλων
2941 2602 3316 2674 ἑξαρτώμενοι
3363 2599 3522 2669 δίκην
3570 2600 3780 2665 σειρᾶς,

2201 2702 2249 2752 oi
2295 2700 2393 2770 μὲν
2425 2698 2514 2754 διὰ
2542 2699 2652 2752 τῶν
2677 2699 2962 2764 ἐπάλξεων
3005 2699 3334 2769 είσεπήδων,
3358 2696 3411 2749 oi
3432 2695 3488 2750 δὲ
3512 2693 3780 2748 ἀποσττιίδ⁹

2210 2807 2365 2860 μενοι
2397 2791 2536 2862 1:96;
2563 2793 2673 2844 τῶν
2704 2791 2929 2845 ὄπισθεν
2969 2790 3354 2860 ἐφελκομένων
3412 2785 3782 2852 άνετρέποντό

2205 2899 2265 2936 τε
2295 2883 2390 2936 καὶ
2423 2881 2689 2953 ἔθνησκον
2722 2883 3035 2946 πίπτοντες.
3059 2877 3242 2935 Ἶίσαν
3266 2881 3313 2934 δ’
3346 2879 3396 2934 οἶ
3424 2879 3521 2933 καὶ
3552 2877 3656 2930 ὑπὸ
3684 2877 3784 2948 μδ-

2209 2993 2309 3045 νης
2361 2974 2564 3038 δειλίας
2606 2975 2894 3046 antqua”
2948 2975 3253 3045 ἱστάμενοι.
3291 2974 3453 3046 Ἀρτι
3487 2972 3543 3025 δὲ
3599 2971 3711 3032 καὶ¹
3752 2971 3783 3022 6

2207 3069 2359 3139 ἥλιος
2391 3069 2636 3140 ὑπερϐὰς
2668 3068 2760 3121 τδν
2811 3066 3064 3137 ὁρίζοντα
3115 3065 3429 3136 ἡρμήνευσε
3464 3062 3579 3124 τοῖς
3628 3076 3780 3130 τριαο

525 3160 712 3214 culum
751 3161 1018 3226 viderent,
1052 3161 1272 3216 ducenti
1309 3177 1374 3215 es
1407 3161 1474 3216 iis
1514 3163 1600 3217 bis
1634 3161 1893 3219 omnibus
1937 3164 2101 3219 abre-

2212 3161 2415 3224 κοσίοις
2439 3161 2669 3222 ἐκείνοις
2695 3159 2993 3231 βαρὸάροις
3019 3161 3119 3228 τὴν
3151 3157 3380 3213 ἄπιστον
3405 3153 3622 3224 δκείνην
3644 3169 3785 3224 συμ-

528 3252 636 3322 ptis
681 3254 905 3308 abeunt.
963 3253 1178 3324 Reliqui
1221 3263 1444 3310 centum
1507 3256 1736 3325 propius
1787 3271 2096 3324 accessere,

525 3357 582 3400 et
607 3362 702 3400 eos
731 3347 824 3416 qui
862 3362 1040 3415 neque
1068 3347 1123 3401 in
1155 3346 1438 3401 naviculas
1471 3362 1648 3416 neque
1685 3347 1740 3401 in
1774 3348 2098 3418 oppidulum

528 3437 887 3508 confugerant
923 3437 1304 3509 frequentibus
1335 3438 1456 3493 telis
1491 3438 1852 3494 coniixerunt.

2210 3256 2386 3327 φορὰν
2414 3253 2510 3306 τοῦ
2574 3254 2884 3323 Ῥωμαῖκοῦ
2917 3251 3149 3324 στρατοῦ
3168 3265 3183 3281 ·
3216 3252 3311 3305 καὶ
3339 3245 3772 3316 προσελάσαντες

2212 3351 2308 3404 καὶ
2347 3349 2678 3417 θεασάμενοι
2741 3349 3078 3418 προκείμενα
3127 3344 3278 3414 παρὰ
3307 3342 3367 3395 τδ
3419 3336 3783 3410 στρατόπεδον

2215 3444 2416 3503 ἵππους
2438 3443 2534 3495 καὶ
2567 3441 2707 3494 ὅπλα
2766 3441 2864 3492 καὶ
2899 3439 3108 3509 σκηνὰς
3137 3435 3348 3505 ἀνδρῶν
3404 3433 3591 3494 κενὰς,
3646 3427 3784 3500 1:96;

526 3530 586 3583 δὲ
634 3529 846 3591 τούτοις
902 3532 997 3582 καὶ
1027 3530 1154 3591 τοὺς
1213 3529 1372 3599 βασιλ
1398 3531 1525 3593 κοίις
1569 3532 1769 3595 ἵππους
1839 3532 1980 3603 μετὰ
2056 3535 2166 3587 τῶν
2211 3535 2456 3606 ἐρυθρῶν
2505 3531 2836 3601 ἓφεστρίδων
2887 3532 2984 3583 καὶ
3038 3527 3138 3600 τὴν
3203 3525 3497 3597 βασιλικὴν
3550 3521 3782 3593 σκηνὴν,

528 3618 746 3675 ᾶπαντα
781 3622 1042 3684 λαϐόντες
1063 3622 1113 3672 οί
1140 3621 1407 3676 διακόσιοι
1427 3623 1700 3696 ἀπῄεσαν.
1735 3625 1796 3676 Ol
1823 3625 1868 3677 δ’
1939 3625 2136 3679 ἑκατὸν
2175 3628 2346 3697 ἐγγὺς
2363 3626 2650 3698 γενόμενοι
2680 3624 2896 3688 πολλοῖς
2957 3622 3283 3694 κατέπειρον
3307 3619 3542 3692 βέλεσιν,
3564 3619 3680 3671 ὅσοι
3709 3614 3785 3686 μὴ

531 3713 777 3782 ἔφθησαν
843 3713 970 3785 μήτ’
1025 3715 1079 3777 ἐς
1134 3714 1360 3779 ἀκάτια,
1415 3717 1542 3786 μήτ’
1591 3718 1648 3780 ἐς
1711 3715 1771 3769 τὸ
1821 3716 2099 3786 πολίχνιοι
2138 3721 2365 3785 ἑαυτοὺς
2395 3718 2745 3790 ἐμϐαλόντες.

604 3806 688 3862 IV.
743 3805 1045 3876 imperator
1098 3822 1230 3861 vero
1265 3807 1354 3861 bis
1404 3808 1536 3863 visis
1568 3825 1694 3864 cum
1748 3808 1884 3864 nibil
1937 3827 2101 3882 agere

530 3911 710 3967 posset
746 3914 844 3951 nec
876 3897 1040 3951 ullam
1073 3907 1287 3968 tempus
1312 3902 1782 3970 opportunitatem
1811 3901 2104 3972 praeberet,

532 4006 833 4044 conscensa
863 4001 918 4045 et
947 3991 1061 4062 ipse
1093 3993 1212 4046 navi
1249 3991 1568 4064 Byzantium
1610 3993 1796 4049 rediit.
1827 3992 2106 4052 Cmterum

532 4084 623 4137 ille
671 4097 874 4152 anceps
920 4083 1206 4140 haesitabat
1233 4094 1288 4139 et
1321 4099 1509 4141 secum
1555 4085 1720 4140 tacite
1769 4085 2108 4158 ambigebat,

532 4192 694 4245 quam
749 4175 820 4230 ob
863 4193 1086 4232 causam
1125 4176 1236 4231 Deo
1286 4177 1424 4232 irato
1473 4176 1758 4233 Romanus
1808 4179 2109 4248 exercitus,

533 4282 657 4322 cum
692 4285 853 4324 nemo
903 4285 970 4324 ex
1031 4269 1284 4324 Ιιοειὶιιιιε
1341 4279 1792 4340 persequeretur,
1843 4269 2112 4342 temporis

536 4373 820 4417 momento
856 4362 932 4418 ita
963 4357 1108 4418 esset
1137 4364 1478 4434 proiiigatus.
1521 4363 1764 4418 Tandem
1800 4373 1922 4432 post
1965 4362 2112 4417 mul-

537 4462 620 4507 tas
656 4453 1035 4507 dubitationes
1078 4467 1202 4507 cum
1241 4454 1347 4506 alia
1382 4453 1642 4522 plurima,
1694 4464 1805 4506 tum
1857 4453 1908 4507 id
1959 4452 2108 4522 quod

536 4547 920 4615 gravissimum
965 4555 1082 4598 erat
1103 4545 1516 4607 animadvertit,
1547 4545 1778 4614 publica:
1803 4545 2113 4616 disciplina:

539 4637 1003 4706 perturbationem
1047 4637 1173 4690 dico
1195 4647 1251 4691 et
1296 4652 1609 4706 perversum
1638 4653 1845 4692 morem
1875 4637 2112 4708 judicio-
2147 4619 2188 4677 θ

538 4745 658 4781 rum
727 4745 744 4784 :
787 4731 882 4799 qui
939 4730 1162 4799 quidem
1215 4730 1440 4783 morbus
1486 4729 1594 4785 late.
1640 4730 1874 4784 diffusus
1903 4739 1957 4783 et
1995 4729 2113 4797 ipso

539 4821 804 4891 temporis
850 4821 1005 4890 lapsu
1061 4822 1397 4876 inveteratus
1427 4837 1680 4892 magnam
1733 4823 2112 4878 confusionem

535 4929 600 4966 ac
631 4912 792 4984 437
831 4915 1064 4967 multum
1117 4913 1428 4967 detrimenti
1471 4912 1788 4982 reipublica:
1826 4913 2111 4970 alierebat.

537 5005 756 5059 Etenim
783 5005 980 5068 morbi,
1011 5004 1106 5074 qui
1138 5021 1206 5058 ex
1241 5005 1386 5057 malo
1419 5005 1606 5073 aliquo
1632 5006 1883 5075 corporis
1921 5006 2110 5060 habitu

536 5097 814 5162 oriuntur,
861 5112 1064 5167 paucos
1101 5098 1388 5159 invadunt,
1433 5112 1536 5152 nec
1581 5099 1797 5167 publice
1825 5107 2111 5167 vagantur.

539 5191 680 5246 Aere
712 5201 891 5244 autem
947 5192 1149 5246 infecto
1196 5206 1409 5256 omnes,
1441 5191 1534 5261 qui
1565 5190 1822 5246 eumdem
1860 5199 1918 5244 et
1960 5204 2114 5244 com-

544 5297 762 5337 monent
809 5297 992 5337 aerem
1049 5286 1417 5354 participant,
1477 5285 1655 5353 ipsius
1703 5283 1867 5338 etiam
1935 5281 2114 5337 morbi

542 5375 834 5444 participes
880 5374 996 5429 fieri
1051 5391 1276 5430 necesse
1326 5384 1430 5431 cst.
1480 5375 1738 5430 Eamdem
1790 5382 1974 5428 autem
2025 5373 2116 5427 ille

542 5465 815 5520 rationem
849 5481 969 5519 esse
1017 5466 1198 5520 aiebat
1232 5467 1567 5535 privatorum
1593 5466 1840 5519 omnium
1887 5463 2120 5519 delicto-

543 5568 684 5616 rum,
713 5553 758 5608 si
785 5570 908 5610 cum
939 5557 1140 5625 iniquis
1167 5555 1389 5626 iudiciis
1421 5556 1827 5611 conferrentur.

585 5641 679 5697 'V.
725 5645 962 5700 Proinde
991 5661 1100 5700 non
1146 5647 1334 5702 multis
1371 5655 1496 5719 post
1525 5646 1724 5703 diebus
1779 5647 1973 5703 Isaiam
2017 5663 2118 5718 pa-

545 5735 843 5791 triarcbam
889 5739 1150 5794 convenit
1199 5756 1212 5792 :
1257 5753 1323 5794 ac
1352 5739 1590 5810 primum
1623 5741 1678 5795 ei
1719 5750 1953 5796 conatur
1986 5756 2116 5812 per-

546 5825 800 5896 suadere,
831 5839 895 5886 ut
942 5830 1081 5888 iram
1136 5832 1400 5893 adversus
1445 5832 1736 5908 episcopos
1785 5834 2026 5906 deponat
2060 5845 2120 5892 et

2275 3821 2353 3872 A'.
2407 3813 2596 3870 Ταῦτα
2659 3809 2998 3880 θεασάμενος
3053 3809 3148 3861 καί
3205 3807 3234 3859 6
3275 3803 3528 3876 βασιλεὺς
3581 3798 3788 3871 καὶμὴ

2205 3907 2347 3978 ἔχων
2399 3908 2428 3960 ὅ
2459 3921 2514 3958 τι
2538 3905 2649 3960 ’καὶ
2683 3903 2928 3973 δράσειε,
2958 3899 3053 3968 τῆς
3079 3897 3459 3966 περιστάσεως
3509 3891 3664 3947 οὐδὲν
3690 3891 3784 3946 οὒ-

2205 4000 2357 4080 δαμῆ
2389 3996 2740 4070 χορηγούσης
2778 3995 3114 4064 εὐμήχανον,
3174 3991 3231 4051 ἐς
3256 3989 3440 4040 πλοῖον
3463 3985 3659 4080 γὲμσάς
3688 3985 3785 4080 καὶ

2207 4070 2369 4153 αὐτὸς
2391 4087 2620 4160 ἐπανῄει
2653 4085 2788 4157 1:96;
2820 4085 2881 4140 τὸ
2934 4082 3249 4148 Βυζάντιον.
3301 4079 3562 4149 Διηπόρει
3591 4076 3637 4130 δ’
3688 4070 3783 4129 οὖν

2209 4183 2359 4254 ὅμως
2410 4179 2535 4234 καθ’
2564 4179 2757 4234 ἑαυτὸν
2789 4175 3159 4246 γνωσιμαχῶν
3206 4175 3302 4229 καὶ
3340 4169 3518 4242 ζητῶν
3546 4169 3646 4241 τὴν
3681 4168 3783 4238 τῆς

2210 4274 2507 4346 θεομηνίας
2543 4269 2746 4334 αἰτίαν,
2783 4267 2854 4322 δι’
2887 4267 2954 4339 ἢν
2995 4267 3055 4319 τὸ
3080 4265 3187 4319 τῶν
3227 4262 3520 4332 Ῥωμαίων
3553 4259 3784 4332 στρατό-

2211 4366 2374 4421 πεδον
2402 4363 2580 4429 οὕτως
2634 4365 2694 4417 ὲν
2743 4363 2943 4432 άκαρεῖ
2985 4359 3333 4429 διέφθαρται,
3386 4355 3616 4428 μηδενὸς
3672 4353 3784 4407 τῶν

2212 4459 2490 4528 πολεμίων
2512 4455 2821 4517 διώκοντος.
2848 4453 3060 4522 Συνῆκε
3096 4451 3142 4504 δ’
3175 4451 3273 4522 ὀψὲ
3293 4448 3390 4503 καὶ.
3421 4449 3646 4502 πλεῖστα
3682 4445 3783 4516 μὲν

2211 4552 2397 4622 ἕτερα,
2427 4549 2783 4618 καιριώτερον
2819 4546 2868 4600 δ’
2905 4542 3048 4598 εἶναι
3071 4544 3132 4598 τὺ
3157 4543 3268 4596 τῶν
3292 4539 3585 4595 πολιτικῶν
3607 4553 3788 4607 πραγ-

2219 4645 2405 4715 μάτων
2432 4641 2783 4710 ἀστάθμητον
2837 4639 2934 4694 καὶ
2966 4640 3025 4692 :6
3056 4638 3189 4706 περὶ
3233 4635 3330 4698 τὰς
3377 4635 3534 4695 δίκας
3569 4631 3783 4697 νόσημα
3879 4648 3888 4655 ο

2212 4735 2482 4804 πολύχουν
2510 4730 2572 4786 δν
2617 4734 2712 4785 καὶ
2763 4731 3015 4786 δυσίατον
3055 4730 3144 4783 διὰ
3171 4726 3270 4799 τὴν
3328 4728 3394 4780 ἐκ
3437 4723 3532 4778 τοῦ
3583 4722 3778 4792 χρόνου

2212 4825 2658 4898 προσγενομένην
2699 4825 2816 4890 saw
2871 4822 3022 4894 αύτῷ
3069 4823 3164 4876 καὶ
3210 4819 3413 4886 πολλὴν
3459 4816 3664 4882 ἐπάγον
3699 4811 3778 4882 τῷ

2211 4919 2376 4992 κοινῷ
2397 4919 2508 4974 τῶν
2538 4919 2880 4990 πραγμάτων
2930 4917 3027 4987 τὴν
3091 4914 3356 4984 σύγχυσιν
3411 4908 3507 4962 καὶ
3549 4905 3773 4976 ζημίαν.

2213 5015 2422 5082 Ὠσπερ
2448 5012 2557 5080 γάρ
2591 5012 2659 5065 τά
2687 5011 2748 5063 ἐκ
2798 5026 2941 5072 τινος
2969 5006 3229 5076 καχεξίας
3274 4999 3595 5072 σωματικῆς
3651 4998 3772 5049 ἑπι-

2213 5100 2578 5170 συμδαίνοντα
2596 5099 2874 5169 νοσήματα
2902 5099 3013 5161 τοῖς
3047 5095 3350 5166 ἀνθρώποις
3386 5091 3627 5152 σπανίοις
3657 5089 3780 5141 ἐπ.-

2215 5194 2506 5262 συμΰαίνει
2537 5194 2631 5246 καὶ
2663 5193 2766 5246 οὐκ
2799 5193 2858 5256 ἐς
2890 5193 2951 5244 τὸ
2993 5190 3170 5242 κοινὸν
3211 5187 3312 5256 τὴν
3339 5183 3588 5239 διάϐασιν
3611 5179 3773 5249 ἴσχει,

2211 5285 2306 5337 τοῦ
2336 5283 2382 5336 δ’
2401 5283 2563 5354 ἀέρος
2592 5284 2920 5352 νοσήσαντος
2949 5282 3164 5348 ἀνάγκη
3199 5277 3474 5332 κοινωνεῖν
3505 5271 3600 5326 τοῦ
3619 5273 3778 5338 νοσή-

2217 5392 2390 5446 ματος
2428 5375 2700 5438 ἇπαντας,
2729 5378 2844 5429 ὅσοι
2873 5373 2969 5427 τοῦ
3004 5373 3174 5426 αὑτοῦ
3203 5373 3358 5440 κοινῇ
3391 5366 3781 5438 μετειλήφασιν

2216 5470 2405 5536 ἀέρος,
2458 5466 2632 5530 οὕτως
2663 5467 2808 5536 ἔχειν
2841 5467 3047 5536 ἔφασκε
3068 5468 3137 5518 τὰ
3169 5461 3372 5534 μερικά
3405 5458 3561 5512 πάντ’
3589 5453 3783 5523 ἀδική-

2217 5577 2362 5629 ματα
2399 5560 2532 5628 1:96;
2555 5559 2616 5613 1:6
2648 5563 2774 5632 περὶ
2793 5562 2890 5622 τὰς
2923 5560 3134 5629 κρίσεις
3154 5558 3456 5625 γινόμενον.

2286 5649 2364 5706 E’.
2397 5652 2564 5706 Ὅθεν
2628 5652 2747 5722 μετ’
2783 5654 2844 5707 ού
2887 5653 3086 5716 πολλὰς
3138 5655 3236 5715 τὰς
3287 5649 3503 5720 ἡμέρας
3564 5644 3781 5696 ἄπεισιν

2214 5743 2272 5807 ις
2316 5744 2408 5796 τδν
2433 5744 2784 5818 πατριάρχην
2816 5745 3048 5800 Ἠσαίαν
3069 5759 3083 5773 ’
3101 5744 3197 5800 καὶ
3227 5743 3421 5814 πρῶτα
3449 5741 3547 5811 μὲν
3571 5733 3783 5790 πείθειν

2210 5833 2400 5890 τοῦτον
2436 5834 2735 5891 ἁποθέσθκι
2764 5837 3033 5909 ἐπιχειρεῖ
3063 5839 3155 5893 τὶν
3189 5837 3327 5909 1:96.;
3383 5838 3506 5900 to);
3544 5829 3770 5889 ἐπισκά-
