4148 6254
570 389 675 456 691
862 386 939 458 [Α.
981 405 1035 444 ιι.
1073 386 1211 443 6836
1252 403 1314 441 an
1355 385 1516 459 68.19]

1771 391 1817 450 N
1831 389 2187 452 lCEPIIORI
2228 389 2545 451 GREGOR
2568 388 2613 447 Ε

3714 386 3822 449 692

2891 382 3029 455 [ιιιιυ.
3071 397 3352 438 Ακωιοκιε.
3396 380 3535 455 ιον]

569 510 721 576 galea
750 517 805 564 et
833 509 991 564 hasta
1019 507 1099 563 sic
1120 524 1332 573 eorum,
1354 508 1446 578 qui
1475 524 1667 580 pugna:
1697 510 1890 565 arbitri
1923 508 2135 574 sedent,

2243 508 2533 578 συμμαχία
2564 505 2967 577 ἐπιτηδεύεται.
3040 508 3232 568 Ἀσιές
3262 504 3371 575 γὰρ
3416 505 3512 559 καὶ
3560 505 3689 573 δόρυ
3724 504 3824 558 καὶ

562 602 828 672 judicium
868 616 1009 670 szepe
1042 610 1427 670 praeoccupaut
1456 611 1511 655 et
1540 601 1652 655 veri
1687 602 1887 657 indicia
1911 600 2139 657 couinno

568 694 725 755 dunt,
759 702 819 747 ut
850 693 1023 760 ipsius
1049 708 1245 746 manus
1282 701 1460 746 errata
1491 694 1781 762 profundis
1802 694 1957 763 quasi
1992 704 2143 749 tene~

566 785 682 841 bris
706 801 882 840 mersa
920 786 1222 839 involvant.
1240 785 1294 839 ln
1315 785 1625 841 calamitate
1647 800 1779 841 vero
1800 786 1966 841 animi
1989 786 2144 841 forti-

566 876 701 932 tudo
731 878 844 931 sola
876 875 930 930 in
967 884 1242 931 certamen
1264 876 1569 942 descendit,
1590 877 1874 948 nudosque
1911 887 1967 933 et
1998 878 2142 933 iner-

565 982 683 1023 mes
710 968 896 1037 pedes,
921 968 1150 1022 consilio
1171 976 1228 1022 et
1251 968 1537 1037 prudentia
1576 971 1743 1025 veluti
1768 970 1924 1024 firmo
1947 969 2139 1025 funda-

563 1069 751 1114 mento
786 1058 940 1114 nixos
971 1060 1271 1113 ol-tirmans
1292 1101 1306 1126 ,
1359 1060 1653 1117 fortissime
1686 1063 1945 1118 resistere
1976 1073 2139 1133 atque

563 1153 736 1207 obniti
761 1162 938 1221 potest
961 1155 1137 1207 cuivis
1159 1153 1364 1208 doloris
1391 1154 1579 1209 fluctui
1605 1169 1669 1210 ac
1691 1155 1929 1211 violento
1956 1155 2136 1219 aestui,

560 1245 713 1299 Velut
742 1245 1128 1300 inconcussum
1161 1249 1595 1315 promontorium
1630 1247 1925 1303 insanienti
1947 1247 2139 1316 pelago

562 1337 862 1406 objectum.
916 1338 993 1393 Ac
1043 1340 1339 1393 vehemens
1385 1340 1604 1407 quidem
1653 1339 1805 1394 illius
1859 1338 2140 1408 tragoediae

561 1437 857 1497 tempestas
885 1427 1007 1491 fuit,
1040 1444 1201 1498 quam
1237 1431 1332 1483 tibi
1366 1430 1536 1499 patris
1573 1429 1925 1499 imperatoris
1951 1430 2138 1483 obitus

560 1519 885 1583 suscitavit;
918 1519 1211 1575 vehemens
1246 1521 1378 1574 item
1408 1535 1494 1585 ea,
1527 1537 1689 1590 quam
1723 1522 1809 1577 avi
1843 1521 2140 1591 imperato-

560 1610 640 1665 ris
688 1611 962 1667 interitus.
1002 1611 1105 1667 Sed
1159 1621 1337 1667 tamen
1390 1624 1565 1667 matre
1620 1615 1912 1685 superstite
1954 1611 2136 1668 solatii

560 1703 795 1759 multum
830 1705 1119 1775 superfuit,
1153 1720 1264 1775 quo
1298 1706 1478 1760 luctus
1510 1707 1602 1761 ille
1631 1707 1908 1763 levaretur
1936 1714 1993 1761 et
2018 1705 2136 1761 elli-

559 1795 676 1850 caci
711 1795 998 1851 hilaritatis
1027 1798 1267 1852 remedio
1283 1797 1450 1853 veluti
1473 1795 1813 1853 condiretur.
1837 1798 1907 1854 At
1930 1798 2019 1853 hic
2035 1797 2129 1868 qui

2248 600 2452 670 κράνος
2466 599 2563 671 τὴν
2590 598 2699 653 τῶν
2720 599 3199 666 άγωνοθετούντων
3219 598 3475 659 πολλάκις
3496 598 3824 665 ἁρπάσαντα

2249 691 2435 761 κρίσιν
2462 691 2555 746 καὶ
2598 693 3026 762 συγκυκήσαντα
3058 692 3185 753 τοὺς
3232 691 3482 761 ἐλέγχους
3517 691 3573 743 ἐν
3602 689 3822 759 ἀδήλοις

2247 784 2362 838 ἔσθ’
2395 783 2485 837 ὅτε
2517 784 2700 853 βυθοῖς
2732 784 2832 853 τῆς
2866 783 3128 853 παλάμης
3182 781 3550 853 τάγκλήματα
3595 781 3823 835 συνεκά-

2246 876 2447 945 λυψαν.
2512 875 2780 931 Ἐνταῦθα
2831 875 2878 929 δ’
2906 876 2939 944 ἠ
2992 876 3093 945 τῆς
3140 873 3319 946 ψυχῆς
3347 872 3539 945 ἀνδρία
3567 870 3824 940 καθαρῶς

2247 966 2592 1037 ἁποδυομένη
2648 968 2785 1037 πρὸς
2845 969 2974 1030 τοὺς
3008 966 3230 1036 ἀγῶνας
3276 964 3402 1036 ἔχει·
3442 963 3699 1033 καθάπερ
3730 962 3826 1015 ἐπὶ

2247 1063 2482 1135 στερρᾶς
2507 1062 2775 1134 κρηπῖδος
2799 1058 2939 1131 (70),
2958 1060 3060 1131 τῆς
3081 1060 3306 1128 γνώμης
3337 1075 3393 1111 τε
3418 1061 3514 1111 καὶ
3532 1057 3822 1121 συνέσεως,

2245 1153 2486 1222 γυμνοὺς
2539 1152 2637 1206 καὶ
2687 1150 2927 1216 ἀόπλους
2979 1152 3106 1213 τοὺς
3162 1150 3332 1215 πόδας
3359 1149 3621 1214 ἐρείσασα
3679 1146 3825 1218 μάλα

2245 1245 2510 1313 γενναίως
2532 1242 2890 1298 ἀνθίστασθαι
2914 1246 3013 1297 καὶ
3036 1244 3290 1314 ἀντέχειν
3314 1242 3448 1314 πρὸς
3477 1242 3624 1296 ἆπαν
3646 1242 3824 1307 λύπης

2242 1337 2397 1408 κῦμα
2427 1336 2523 1391 καὶ
2540 1336 2743 1408 ῥόθιον,
2760 1335 3015 1407 καθάπερ
3035 1336 3279 1407 προϐλὴς
3302 1336 3593 1397 άτίνακτος
3612 1335 3824 1387 ἑστῶσα

2248 1430 2385 1500 πρὸς
2413 1427 2747 1499 ὑϐρίζουσαν
2777 1427 3080 1483 θάλασσαν.
3132 1426 3373 1498 Σφοδρδς
3410 1429 3510 1497 μιν
3556 1420 3653 1480 οὖν
3681 1420 3749 1495 ἦν
3798 1426 3825 1476 ὁ

2245 1522 2454 1593 χειμὼν
2498 1524 2717 1595 ἐκείνης
2772 1526 2873 1595 τῆς
2910 1523 3246 1597 τραγῳδίας,
3277 1523 3345 1593 ἢν
3372 1524 3401 1577 ό
3431 1520 3526 1576 τοῦ
3562 1518 3825 1592 βασιλέως

2245 1617 2337 1672 καὶ
2397 1617 2605 1689 πατρὸς
2659 1617 2938 1689 ἐπήνεγκέ
2974 1634 3058 1671 σοι
3094 1617 3362 1679 θάνατος’
3416 1613 3650 1686 σφοδρὸς
3677 1610 3728 1667 δ’
3753 1605 3820 1665 αὖ

2244 1708 2343 1762 καὶ
2372 1708 2401 1762 ό
2434 1708 2528 1762 τοῦ
2563 1708 2834 1778 βασιλέως
2858 1709 2953 1763 καὶ
2984 1708 3171 1763 πάππε
3224 1748 3239 1772 ,
3274 1707 3324 1761 εί
3355 1706 3431 1775 μὴ
3471 1706 3568 1760 καὶ
3600 1702 3825 1773 μείζονα

2246 1797 2381 1868 φαίη
2406 1815 2491 1862 τις
2515 1796 2604 1865 ἂν,
2626 1799 2710 1853 δτι
2742 1799 2851 1863 ζῶν
2880 1798 2976 1852 καὶ
3002 1798 3323 1867 κινούμενον
3362 1796 3525 1860 αὑτὸς
3548 1794 3824 1849 ἐλέλειπτο

570 1896 625 1942 te
658 1904 804 1943 nunc
841 1888 1078 1945 dominae
1112 1891 1303 1946 matris
1328 1905 1488 1946 casus
1524 1893 1796 1962 oppressit
1830 1892 1989 1961 longe
2017 1906 2137 1961 gra-

2246 1888 2564 1961 φάρμακον,
2601 1890 2796 1961 ἡδονὴν
2843 1889 3064 1961 ὁμαλῶς
3116 1886 3317 1942 οὑτωσί
3347 1903 3466 1952 πως
3495 1885 3824 1957 ἀντιτεχνὼ-

556 1977 820 2032 vissimus
883 1994 1101 2034 omnem
1156 1981 1364 2035 doloris
1442 1982 1798 2037 acerbitatem
1881 1990 2139 2052 superat,

555 2062 721 2135 492
752 2082 876 2123 cum
903 2067 973 2122 ob
1006 2069 1265 2140 majorem
1317 2071 1601 2137 sanguinis
1642 2070 1987 2135 affinitatem,
2026 2082 2143 2127 tum

556 2157 704 2223 quod
746 2172 812 2211 ea
842 2158 954 2213 sola
986 2167 1227 2214 extrema
1257 2159 1475 2216 familia:
1501 2176 1699 2216 ancora
1725 2173 1777 2217 et
1803 2178 2014 2218 summa
2046 2164 2144 2217 ob-

2254 2000 2414 2053 μενον
2444 1983 2547 2054 τῆς
2577 1984 2781 2055 σφόδρα
2809 1983 3043 2053 ζεούσης
3074 1981 3291 2052 ἐκείνης
3331 1983 3427 2036 καὶ
3460 1977 3826 2051 φλεγμαινού-

2256 2091 2355 2146 σης
2387 2074 2626 2146 πληγῆς.
2671 2075 2814 2129 ’Δλλ’
2838 2078 2873 2147 η
2908 2074 3006 2129 νῦν
3041 2072 3348 2128 ἐπελθοὺσά
3380 2090 3463 2127 σοι
3493 2072 3594 2143 τῆς
3620 2074 3825 2143 μητρὸς

2251 2166 2350 2221 καὶ
2382 2168 2671 2240 δεσποίνης
2720 2168 2983 2241 συμφορὰ
3022 2166 3202 2238 πολλῷ
3260 2165 3716 2238 στρατηγουμένη
3747 2164 3824 2235 τῷ

554 2244 780 2301 lectatio
817 2248 1025 2319 reliqua
1062 2249 1185 2304 fuit.
1218 2250 1352 2305 Nam
1383 2250 1450 2305 ad
1490 2250 1636 2320 ipsas
1666 2267 1839 2320 usque
1877 2252 2137 2309 medullas

2248 2262 2650 2332 ὑπερϐάλλοντι
2676 2265 2858 2317 πᾶσαν
2889 2262 3277 2333 ὑπερπέπαικε
3313 2260 3495 2332 λύπης
3516 2258 3826 2328 ὑπερϐολὴν

558 2340 917 2406 penetratbic
932 2342 1109 2405 dolor,
1138 2352 1194 2397 ct
1217 2343 1333 2412 ipsa
1361 2359 1479 2398 ossa
1506 2354 1616 2407 tua,
1643 2343 1940 2401 fortissime
1970 2346 2137 2415 impe-

2248 2353 2339 2409 διά
2369 2372 2428 2408 τε
2456 2354 2515 2409 τδ
2539 2356 2641 2426 τῆς
2662 2354 2878 2424 φύσεως
2902 2355 3332 2424 συγγενέστερον
3356 2352 3449 2407 καὶ
3476 2350 3658 2420 πολλῷ
3690 2351 3825 2421 μᾶλα

559 2438 731 2495 rator,
752 2438 1010 2502 tanquam
1032 2435 1231 2503 aliquis
1250 2436 1448 2490 vermis
1480 2438 1709 2492 arrodit.
1741 2437 1942 2504 Quidni
1973 2443 2137 2497 vero?

2247 2447 2340 2499 λον
2369 2447 2457 2501 διὰ
2485 2450 2548 2501 τὸ
2579 2450 2751 2518 μόνην
2780 2448 2988 2518 ταύτην
3040 2447 3136 2503 τοὺ
3178 2448 3372 2516 γένους
3398 2445 3825 2515 καταλελεῖςρθαι

559 2534 686 2577 cum
715 2537 777 2577 ea
811 2532 986 2577 mater
1014 2524 1197 2591 fuerit,
1227 2535 1419 2592 mater,
1451 2528 1696 2598 inquam,
1729 2531 2136 2599 augustissima,

561 2609 862 2680 eademque
898 2609 1244 2677 suavissima,
1288 2622 1346 2667 et
1377 2613 1549 2667 firmis
1574 2629 1637 2667 ac
1668 2615 2140 2673 indissolubilibus

559 2711 772 2757 natura:
818 2703 1051 2759 vinculis
1099 2704 1197 2760 tibi
1250 2707 1471 2761 astricta
1501 2724 1515 2760 :
1543 2708 1771 2777 etquod
1823 2710 1995 2781 majus
2032 2720 2137 2777 est,

556 2795 810 2863 plurimis
827 2803 919 2850 tua
946 2812 1111 2851 causa
1135 2797 1418 2855 laboribus
1455 2800 1769 2856 exercitata.
1794 2801 1981 2873 Neque
2006 2817 2136 2859 vero

555 2895 611 2942 te
636 2887 811 2943 solum
834 2904 929 2945 sua
953 2902 1125 2945 morte
1146 2890 1199 2943 in
1231 2899 1435 2947 tantam
1456 2893 1733 2948 tristitiam
1758 2895 2017 2962 conjecit,
2040 2896 2135 2951 sed

556 2978 722 3035 etiam
773 2995 873 3035 nos
922 2997 1135 3046 omnes,
1169 2983 1262 3052 qui
1294 2984 1446 3038 vobis
1492 3001 1768 3054 paremus.
1812 2987 1925 3042 lmo
1956 2990 2137 3044 luctus

557 3068 662 3125 is'e
702 3082 888 3127 noster
938 3073 1137 3143 duplex
1169 3086 1271 3129 est.
1303 3075 1436 3130 Nam
1466 3088 1523 3131 et
1552 3092 1651 3131 nos
1689 3093 1908 3147 gravem
1950 3080 2135 3147 jactu-

557 3175 675 3215 ram
725 3161 978 3229 fecimus,
1026 3180 1199 3234 eoque
1232 3167 1518 3235 majorem,
1563 3167 1709 3235 quod
1754 3176 1811 3222 et
1852 3167 1963 3234 illa,
2001 3169 2131 3223 dum

554 3254 789 3320 viveret,
821 3255 1079 3311 salutaris
1117 3267 1307 3325 portus
1344 3254 1589 3311 omnium
1622 3257 1725 3311 luit
1752 3269 1807 3314 et
1839 3273 2129 3316 commune

556 3346 847 3415 solatium;
875 3359 931 3404 et
962 3366 1111 3406 nunc
1147 3358 1294 3405 tuam
1332 3353 1771 3422 augustissimam
1800 3361 1857 3409 et
1886 3353 2133 3424 publica-

554 3454 679 3494 rum
728 3456 911 3495 rerum
963 3440 1343 3511 inspeetricem
1376 3456 1429 3499 et
1458 3445 1787 3500 curatricem
1837 3459 2133 3502 mentema

554 3534 886 3589 necessariis
930 3535 1077 3589 curis
1108 3544 1313 3591 avocat.
1348 3536 1503 3602 Quod
1533 3540 1576 3592 si
1602 3553 1721 3592 eam
1764 3555 1873 3593 non
1908 3554 2135 3610 prorsus

558 3634 723 3695 atque
768 3626 996 3682 omnino
1037 3628 1343 3693 abstrahit,
1386 3641 1565 3685 tamen
1598 3632 1652 3686 in
1682 3640 1835 3688 tanto
1875 3646 2134 3688 curarum

554 3726 691 3773 testu
738 3718 907 3774 etiam
956 3736 1184 3789 parvum
1220 3722 1673 3794 impedimentum
1704 3723 1937 3779 maxima
1974 3724 2136 3779 affert

557 3807 890 3865 detrimenta
945 3811 1261 3882 reipublicae
1316 3815 1552 3885 navigio,
1609 3830 1715 3870 non
1768 3831 1926 3870 secus
1980 3831 2043 3870 ac
2087 3814 2135 3872 si

558 3902 895 3973 gubernator
930 3907 983 3958 in
1012 3905 1189 3960 medio
1221 3906 1410 3977 pelago
1441 3915 1761 3978 tempestate
1790 3906 2131 3974 conﬂictans,

557 3996 772 4053 inferne
797 3996 1052 4052 ﬂuctibus
1082 3997 1519 4069 insurgentibus,
1544 4016 1780 4070 superne
1802 4016 1932 4057 vero
1956 4002 2137 4057 ventis

558 4090 681 4145 vela
720 4088 1096 4151 turbantibus,
1130 4091 1350 4145 interim
1381 4102 1437 4147 et
1468 4093 1584 4163 ipse
1614 4093 1696 4147 sui
1727 4092 1973 4147 muneris
2000 4093 2137 4147 obli-

558 4187 651 4237 tus
680 4180 959 4249 dormitet,
994 4191 1055 4237 ut
1087 4182 1221 4237 nihil
1247 4183 1359 4255 jam
1387 4182 1459 4237 sit
1488 4184 1760 4253 reliquum
1810 4183 1960 4255 quod
2004 4199 2136 4253 pro-

557 4272 769 4338 hibeat,
814 4275 1111 4343 quominus
1146 4275 1301 4329 navis
1328 4276 1382 4330 in
1416 4273 1642 4330 fundum
1676 4277 1843 4331 maris
1866 4277 1984 4332 suis
2010 4293 2134 4332 cum

556 4365 876 4423 vectoribus
904 4369 1087 4423 subito
1110 4367 1474 4438 demergatur.
1505 4367 1894 4436 Quamobrem,
1920 4382 1977 4426 ut
1999 4370 2133 4425 nihil

557 4460 707 4515 aliud
764 4468 819 4516 te
872 4470 1130 4524 moveat,
1192 4462 1383 4515 saltem
1440 4470 1668 4531 propter
1711 4461 1988 4532 subjectos
2040 4462 2133 4517 tibi

2250 2540 2571 2595 τελευταίαν
2592 2541 2846 2615 ἄγκυραν
2871 2543 2967 2597 καὶ
2988 2543 3259 2614 θυμηδίας
3280 2543 3602 2614 ἀκρόπολιν.
3618 2542 3823 2596 τΛπτεο

2251 2649 2339 2684 ται
2368 2632 2475 2703 γὰρ
2514 2635 2608 2686 καὶ
2662 2633 2863 2701 αὐτῶν,
2921 2633 2996 2697 ὡς
3030 2637 3228 2698 εἰπεῖν,
3269 2634 3483 2704 μυελῶν
3514 2637 3611 2704 τῆς
3644 2626 3825 2704 ἱίιυχῆς

2249 2725 2343 2777 καὶ
2375 2723 2471 2795 σὴς
2502 2724 2705 2779 ὀστέων
2751 2725 3083 2781 καθίσταταί
3115 2744 3201 2781 σοι
3227 2726 3307 2797 τῷ
3352 2725 3530 2782 πάντα
3561 2728 3821 2797 γενναίῳ.

2244 2815 2357 2870 Καὶ
2385 2815 2501 2880 πῶς
2529 2816 2640 2888 γὰρ
2670 2816 2768 2882 οὑ;
2800 2818 3000 2889 Μήτηρ
3019 2838 3080 2873 τε
3107 2817 3247 2874 οὑσα
3278 2820 3372 2874 καὶ
3402 2820 3585 2891 μήτηρ
3615 2819 3827 2889 βασιλιτ

2245 2909 2465 2978 κωτάτη
2480 2924 2543 2961 τε
2564 2909 2659 2963 καὶ
2680 2908 2996 2982 γλυκυτάτη
3025 2911 3121 2965 καλ⁸
3140 2913 3387 2983 στερροῖς
3413 2913 3508 2965 καὶ
3524 2910 3828 2988 ,ἀρρήκτοις

2242 3002 2341 3072 τῆς
2362 3001 2578 3070 φύσεώς
2609 3020 2693 3058 σοι
2717 3004 3076 3077 συνδεδεμένη
3105 3007 3220 3070 τοῖς
3246 3006 3577 3077 σπλάγχνοις
3605 3021 3621 3036 ·
3652 3007 3744 3060 καὶ
3768 3004 3827 3059 τό

2240 3112 2305 3164 γε
2326 3096 2535 3166 μεῖζον,
2558 3094 2851 3161 πλείστους
2877 3098 3020 3169 ὑπὲρ
3043 3098 3138 3152 σόὺ
3158 3100 3284 3163 τοὺς
3309 3098 3504 3161 πόνους
3525 3097 3824 3153 ἀνατλᾶσα.

2238 3188 2313 3242 οὑ
2338 3187 2397 3241 σὲ
2423 3188 2481 3242 δέ
2515 3187 2677 3258 μόνον
2710 3190 2768 3254 ἐς
2793 3189 2914 3244 τόδε
2946 3190 3127 3261 λύπης
3161 3192 3347 3262 ἐκείνη
3379 3190 3620 3246 θανοῦσα
3652 3190 3819 3257 ξυνῶ·

2234 3276 2422 3347 θησεν,
2450 3278 2585 3332 ἀλλὰ
2636 3279 2729 3335 ml.
2785 3281 2998 3344 πάντας
3028 3283 3157 3346 τοὺς
3187 3281 3462 3353 ὑπηκόους
3509 3282 3659 3351 ἡμᾶς
3679 3298 3696 3314 ·
3732 3280 3828 3335 καὶ

2232 3370 2394 3441 διπλῆ
2424 3388 2488 3441 γε
2524 3372 2746 3442 μᾶλλον.
2786 3374 2968 3445 Ζημία
3005 3373 3106 3443 μὲν
3134 3375 3243 3447 γὰρ
3277 3375 3373 3428 xal
3396 3374 3534 3446 ἡμῖν
3556 3376 3831 3443 ,ἐγεγόνει

2238 3463 2495 3535 μεγίστη,
2554 3463 2639 3538 [Ρ.
2686 3461 2818 3538 303]
2873 3466 2965 3519 καὶ
3011 3465 3241 3520 τοσοῦτο
3270 3467 3531 3535 μεγίστη,
3581 3466 3708 3518 ὅσον
3731 3466 3827 3517 καὶ

2236 3554 2507 3624 περιοῦσα
2535 3554 2704 3627 λιμήν
2732 3571 2819 3622 τις
2849 3555 3065 3628 ὑπῆρχε
3093 3558 3206 3621 τοῖς
3250 3557 3396 3620 ὅλοις
3440 3557 3627 3628 ἐκείνη
3658 3546 3828 3626 σωτῆ-

2237 3663 2352 3717 ριος
2385 3648 2481 3703 καὶ
2508 3650 2823 3721 πανήγυρις
2851 3648 3127 3720 εὐθυμίας
3145 3666 3160 3681 ο
3198 3648 3260 3703 τὸ
3287 3648 3344 3704 δὲ
3379 3649 3589 3721 μεῖζον,
3620 3650 3703 3704 ὅτι
3730 3650 3827 3704 καὶ

2238 3732 2334 3790 σοῦ
2364 3737 2456 3791 τὸν
2489 3735 2921 3807 βασιλικώτατον
2965 3740 3063 3793 καὶ
3112 3739 3223 3794 τῶν
3255 3740 3452 3795 κοινῶν
3478 3741 3826 3812 πραγμάτων

2239 3837 2483 3907 ἡγεμόνα
2505 3851 2564 3889 τε
2584 3836 2678 3889 καὶ
2708 3836 2955 3905 ἐπόπτην
2975 3836 3100 3890 νοῦν
3124 3837 3237 3893 τῶν
3264 3837 3504 3891 δεουσῶν
3527 3836 3829 3906 ἁπασχολεί

2238 3929 2537 3999 φροντίδων
2559 3943 2572 3958 ⁸
2604 3929 2653 3982 εί
2688 3929 2745 3982 δὲ
2777 3930 2853 4001 μὴ
2884 3929 3143 3997 καθάπαξ
3175 3931 3269 3984 καὶ
3296 3930 3373 3993 ὡς
3407 3929 3615 3983 ἐπίπαν
3647 3930 3827 4001 ἀπηρο

2236 4022 2530 4093 τισμένως,
2555 4021 2673 4075 ἀλλ’
2702 4018 2797 4076 οὑν
2822 4025 2881 4076 ὲν
2908 4023 3151 4094 τοσούτῳ
3182 4022 3561 4095 περιστάσεων
3593 4025 3826 4077 κλύδωνι

2240 4113 2417 4168 καὶτὸ
2443 4114 2676 4186 σμικρὸν
2703 4114 2965 4184 ἐμπόδιον
2989 4115 3246 4188 μέγιστον
3263 4116 3330 4184 τῇ
3348 4114 3459 4169 τῶν
3484 4116 3826 4185 πραγμάτων

2238 4206 2428 4260 ὁλκάδι
2456 4206 2704 4275 γίγνεται
2760 4203 2982 4275 βλάϐος,
3035 4206 3132 4260 καὶ
3182 4206 3596 4276 παραπλήσιον,
3631 4205 3825 4278 ὥσπερ

2242 4297 2311 4351 ἂν
2343 4297 2501 4362 εἴτις
2529 4296 2874 4368 κυϐερνήτης
2907 4296 3175 4367 χειμῶνος
3199 4297 3257 4349 ἐν
3283 4296 3435 4367 μέσῳ
3465 4294 3694 4367 πελάγει
3739 4314 3830 4351 τυ-

2238 4390 2370 4461 χὼν,
2394 4389 2637 4443 κάτωθεν
2663 4390 2763 4461 μὲν
2790 4388 2901 4444 τῶν
2929 4388 3191 4457 κυμάτων
3212 4387 3356 4443 κατᾶ
3377 4387 3480 4458 τῆς
3504 4390 3632 4459 νηὸς
3652 4391 3828 4442 ἐπαν-

2240 4482 2548 4552 ισταμένων
2569 4519 2585 4546 ,
2620 4481 2828 4535 ἄνωθεν
2856 4481 2913 4535 δέ
2961 4480 3072 4534 τῶν
3130 4479 3458 4547 πνευμάτων
3502 4480 3599 4550 τῆς
3632 4480 3827 4550 ὀθόνης

557 4553 747 4618 urbes,
781 4568 1019 4609 mmrore
1050 4552 1172 4608 aliis
1202 4554 1483 4615 mandato.
1521 4553 1736 4608 solitam
1765 4554 1861 4609 tibi
1886 4562 1943 4608 et
1970 4554 2133 4626 493

2242 4578 2719 4647 κατορχουμὲνων,
2756 4574 2963 4647 μεταξὺ
2999 4574 3095 4628 καὶ
3125 4574 3289 4636 αὑτὶς
3305 4574 3406 4645 τῆς
3429 4575 3825 4648 πηδιλιουχίας

557 4644 969 4716 imperatoriam
1014 4633 1471 4716 magnificentiam
1504 4647 1757 4701 retineto.
1793 4645 2013 4703 Imitare
2039 4639 2139 4702 dc—

557 4738 764 4793 luncta:
817 4738 966 4792 illius
1019 4738 1269 4808 generosi
1335 4738 1502 4794 animi
1554 4742 1919 4796 constantiam
1950 4781 1966 4805 ,
2019 4757 2142 4812 qua:

559 4842 786 4901 prepter
835 4833 1117 4889 ardentem
1162 4833 1255 4888 Dei
1296 4849 1543 4890 amorem
1591 4834 1777 4906 (quem
1827 4837 1991 4906 longo
2030 4836 2140 4906 jam

558 4937 832 4995 tempore,
861 4943 927 4982 ex
956 4942 1066 4998 quo
1098 4928 1460 4999 perniciosam
1496 4938 1784 5000 parentum
1827 4930 2140 4999 opinionem

559 5030 828 5082 evaserat.
856 5020 1050 5077 intimo
1075 5022 1240 5077 corde
1264 5022 1428 5077 tacite
1454 5023 1657 5087 alebat)
1682 5025 1926 5093 corporis
1944 5022 2135 5087 oblita,

563 5116 730 5171 oblita
774 5117 960 5187 gloria:
1000 5127 1056 5173 et
1099 5117 1437 5184 imperatorii
1481 5116 1829 5187 splendoris;
1867 5116 1945 5171 tui
1982 5116 2142 5171 deni-

564 5223 697 5278 quc,
729 5209 873 5277 quod
917 5208 1080 5281 longe
1114 5210 1290 5280 majus
1332 5217 1437 5272 est,
1468 5209 1545 5263 tui
1579 5208 1801 5277 inquam
1850 5207 2145 5273 carissimi,

567 5300 734 5369 quem
767 5300 850 5356 vel
882 5302 979 5355 toti
1010 5312 1279 5356 terrarum
1315 5302 1436 5357 orbi
1469 5300 1816 5371 praetulisset.
1856 5299 2046 5364 oblita,
2074 5300 2143 5355 ad

566 5392 737 5449 Deum
759 5395 1018 5460 accurrit,
1038 5395 1104 5449 ad
1126 5395 1509 5465 imperatorem
1527 5403 1578 5447 et
1602 5392 1856 5446 maritum
1872 5392 2144 5446 accurrit:

565 5500 675 5540 nrn
704 5486 833 5557 quia
867 5487 1100 5541 maritus
1127 5485 1250 5549 fuit,
1283 5485 1377 5540 sed
1405 5485 1532 5554 quia
1565 5498 1661 5554 per
1694 5484 1843 5537 iilum
1872 5484 1939 5537 ad
1965 5485 2146 5538 since-

567 5591 660 5633 ποθ
692 5576 929 5633 sanioris
958 5575 1228 5647 dogmatis
1256 5575 1437 5630 fontes
1464 5574 1727 5644 perducta
1760 5572 1958 5627 fuerat.
1988 5572 2145 5638 Quod

2241 4671 2604 4741 ἐκλαθόμενος
2628 4670 3059 4737 ἐπινυστάξειεν,
3082 4670 3161 4734 ὼς
3195 4672 3363 4742 μηδὲν
3383 4667 3523 4725 εἶναι
3547 4671 3734 4731 λοιπὸν
3764 4671 3823 4725 τὸ

2238 4763 2469 4828 κωλύον,
2500 4761 2799 4833 αὔτανδρον
2841 4762 2940 4834 τὴν
2969 4762 3102 4815 ναῦν
3156 4762 3359 4817 αὐτίκα
3388 4763 3538 4833 μάλα
3572 4762 3826 4835 βυθοδροο

2242 4856 2496 4926 μήσασαν
2522 4857 2578 4919 ἐς
2607 4856 2889 4925 πυθμένας
2923 4855 3203 4925 θαλάσσης
3233 4855 3553 4912 καταδῦναι.
3583 4857 3747 4910 Ὅθεν
3770 4856 3821 4908 εί

2243 4950 2318 5023 μή
2350 4967 2405 5003 τι
2457 4949 2606 5014 ἄλλο,
2642 4949 2757 5001 ἀλλ’
2787 4943 2883 5001 οὖν
2940 4948 3027 5001 διά
3056 4966 3120 5017 γε
3153 4948 3250 5012 τὰς
3288 4947 3568 5019 ὑπηκόους
3594 4948 3702 5002 τῶν
3727 4950 3826 5002 πό.

2239 5041 2399 5105 λεων,
2429 5040 2465 5095 ἃ
2498 5041 2597 5113 τῆς
2625 5040 2802 5109 λύπης
2831 5039 2967 5109 ἔργα
2996 5040 3313 5109 πεφύκασιν
3346 5040 3530 5104 ἄλλοις
3560 5058 3827 5114 παραχω-

2242 5133 2418 5204 ρήσας
2441 5130 2623 5201 σαυτῷ
2652 5132 2715 5184 τὸ
2742 5131 2973 5202 σύνηθες
3014 5135 3108 5184 καὶ
3160 5131 3433 5202 βασίλειον
3486 5132 3826 5204 μεγαλοπρε-

2243 5226 2342 5288 πὲς
2370 5225 2720 5294 διατήρησον.
2779 5225 3034 5295 Μίμησαι
3082 5225 3184 5295 τῆς
3213 5225 3564 5298 ἀπελθούσης
3606 5227 3825 5297 ἐκείνης

2244 5320 2501 5388 γενναίας
2548 5317 2732 5388 ψυχῆς
2776 5317 2876 5389 τὴν
2920 5319 3282 5389 στερρότητα,
3338 5317 3496 5390 sata:
3529 5319 3656 5382 τοὺς
3688 5318 3826 5390 πρὸς

2241 5415 2334 5468 τὸν
2361 5414 2494 5467 Θεδν
2526 5411 2877 5483 ἀκμάζοντας
2929 5411 3158 5481 ἔρωτας,
3195 5410 3287 5475 οὑς
3322 5412 3657 5483 ἀπορρήτως
3704 5411 3826 5463 ἐϐο-

2242 5523 2375 5558 σκεν
2401 5507 2459 5560 ἐν
2505 5505 2705 5575 καρδίᾳ
2753 5504 2919 5557 πάλαι
2945 5504 3114 5557 πολὺν
3158 5503 3258 5573 ἥδη
3282 5503 3376 5556 τὸν
3404 5503 3616 5575 χρόνον,
3642 5504 3737 5570 ἀφ’
3762 5494 3825 5555 εὖ

2241 5600 2342 5669 τῆς
2365 5599 2474 5650 τῶν
2494 5597 2783 5667 φυσάντων
2805 5595 3032 5648 διέσωσε
3058 5596 3217 5667 δόξης
3237 5596 3432 5668 αὑτὴν,
3450 5595 3821 5668 ἐπιλαϐομένη

1931 5735 2268 5801 Variorum
2300 5746 2486 5803 nota}.

639 5862 747 5935 (70,.
783 5864 979 5918 Wolfio
1007 5864 1213 5936 κρηπίς
1248 5874 1326 5920 est
1357 5863 1586 5935 crepido.
1624 5862 1728 5920 Sed
1774 5862 1982 5933 crepido
2013 5862 2221 5918 consilii
2249 5865 2381 5936 quid
2411 5867 2506 5936 sit,
2538 5882 2647 5924 non
2679 5866 2863 5924 video.
2907 5865 3116 5922 Borvm.
