4148 6254
338 347 433 410 711
611 343 682 418 ti.
724 360 776 402 c.
805 347 945 404 i328
972 365 1038 402 AD
1076 347 1233 419 l3il]

1373 351 1820 414 nmmum
1864 352 2248 412 HISTORHZ
2294 306 2440 410 Lm.
2483 351 2550 412 Χ.

2688 345 2820 417 [ιιιῐι.
2860 360 3137 400 axnnoxtc.
3165 345 3304 416 ius]

3485 351 3590 412 7l8

335 469 414 522 ὅτε
441 469 520 522 δεῖ
542 471 1014 541 συλλογιζόμενος,
1037 473 1411 540 συλλογὶσεται
1429 467 1510 525 οἷα
1544 473 1622 525 δεῖ
1644 474 1738 525 καὶ
1761 473 1905 535 ὅπως

2011 456 2256 541 apposite
2290 481 2432 535 utar,
2459 479 2647 523 certus
2674 484 2815 529 sum,
2838 465 2966 535 qttia
3004 481 3180 534 neque
3215 483 3381 531 mons,
3408 483 3589 536 neque

333 561 441 615 δεζο
479 563 528 614 εἰ
559 562 605 615 δ’
637 565 799 626 αὐτὸς
835 564 987 629 ἴσως,
1018 566 1130 620 ἀλλ’
1170 565 1224 617 οἴ
1249 579 1313 632 γε
1352 567 1642 627 ἀκούοντες
1673 565 1739 618 δι’
1768 565 1904 617 ὑπο.

332 654 454 725 φίας
487 659 808 725 ποιήσονται
843 658 911 710 τὰ
955 658 1224 725 λεγόμενα
1261 660 1351 710 καὶ
1391 656 1740 724 φυλάξονται.
1768 657 1902 724 agas-

332 748 474 800 λειάν
534 764 594 800 τε
663 750 759 802 καὶ
823 749 1011 802 ἄνοιαν
1080 748 1225 814 ἅπαξ
1286 747 1452 803 αὑτοῦ
1519 748 1901 815 καταγνόντες.

332 842 479 909 Τάχα
536 842 582 894 δ’
643 842 710 894 ἂν
769 843 864 894 καὶ
915 844 1092 910 σιωπῇ
1157 842 1412 893 παντελεῖ
1455 841 1556 904 τὰς
1607 840 1714 893 τῶν
1778 839 1905 892 ἀτό-

330 943 442 979 πων
494 928 720 982 ἐκείνων
766 930 949 998 ἐριδας
995 937 1088 983 καὶ
1134 931 1184 982 οἱ
1233 931 1368 984 θεῖοι
1413 932 1610 983 ἐκεῖνοι
1662 930 1904 1000 Πατέρες

331 1020 777 1089 ἀπεκρούσαντο,
842 1025 890 1074 εἰ
956 1021 1033 1093 μὴ
1101 1025 1159 1085 ἐς
1214 1023 1458 1091 ἀνάγκας
1519 1023 1616 1078 καὶ
1678 1024 1904 1084 ἄκοντες

332 1113 624 1179 ἀντιλέγειν
652 1114 866 1184 ἤγοντο,
898 1116 965 1185 ea
976 1132 1073 1167 στι
1097 1114 1189 1167 τὸν
1213 1114 1372 1186 ὄχλον
1397 1114 1638 1187 ὁρῶντες
1659 1116 1782 1178 ταῖς
1809 1115 1902 1167 ἆλ-

329 1213 442 1256 λοτε
475 1204 652 1265 ἄλλως
687 1207 1085 1274 ὲπιφυομέναις
1119 1206 1364 1276 αἱρέσεσι
1401 1193 1696 1277 προσιόντα
1725 1207 1817 1260 διὰ
1845 1206 1904 1260 τὸ

327 1297 652 1365 ἀνέδραστον
688 1298 768 1350 ἔτι
810 1299 939 1367 περὶ
975 1297 1075 1368 τὴν
1113 1299 1300 1354 πίστιν
1336 1301 1434 1354 καὶ
1472 1301 1536 1354 οὐ
1577 1298 1784 1368 σφόδρα
1821 1316 1905 1353 τοι

326 1387 715 1456 ἀναμφίσολον.
749 1388 865 1442 Νῦν
893 1388 938 1441 δ’
960 1389 1105 1442 οὕτω
1139 1389 1550 1459 βεϐαιωθέντων
1583 1392 1678 1446 καὶ
1711 1407 1902 1462 στηρι-

324 1477 560 1549 χθὲντων
585 1481 664 1542 είς
688 1479 786 1549 τήν
812 1479 996 1534 πίστιν
1020 1482 1115 1534 τ’,ὗ
1147 1483 1412 1554 πλήθους,
1441 1482 1585 1538 ὥστε
1618 1483 1814 1537 θᾶττον
1839 1484 1907 1537 ἂν

327 1569 423 1622 ἴδοι
451 1587 536 1634 τις
561 1571 654 1624 τὸν
682 1571 900 1641 σίδηρον
933 1571 1240 1640 μεταθέντα
1271 1577 1370 1644 τὴν
1398 1575 1581 1645 φύσιν,
1614 1576 1646 1645 ἢ
1678 1575 1906 1638 τούτους

326 1659 499 1731 βραχὺ
546 1662 658 1714 τῶν
705 1664 953 1734 πατρίων
1003 1665 1413 1736 μεταθεμένους
1458 1667 1770 1734 δογμάτων,
1822 1667 1906 1730 τίς

324 1751 480 1820 χρεία
514 1752 690 1820 λόγων
717 1754 1108 1824 ὠφελησάντων
1135 1758 1321 1821 οὗδέν;
1351 1759 1460 1813 Καὶ
1491 1760 1600 1828 γάρ
1632 1762 1718 1814 ἵνα
1750 1763 1905 1831 κάγὼ

322 1843 390 1894 τά
419 1841 515 1895 τοῦ
552 1844 881 1899 ’Λποστολου
911 1841 1054 1901 ’κατά
1090 1851 1281 1919 καιρὸν
1314 1850 1642 1921 φθέγξωμαι
1663 1895 1678 1915 ,
1713 1854 1909 1910 πέπει-

325 1948 482 2002 σμαι,
535 1935 616 1987 ὅτι
662 1935 784 1989 οὔτε
831 1937 1082 2002 θάνατος,
1129 1937 1255 1992 οὗτε
1306 1940 1441 2012 ζωὴ,
1489 1940 1615 1998 οὔτε
1663 1945 1907 2014 ἄγγελος,

321 2024 442 2078 οὕτε
472 2026 666 2098 ἀρχαὶ,
691 2027 815 2081 οὔτε
843 2030 1123 2100 δυνάμεις,
1150 2031 1274 2085 οὔτε
1304 2035 1596 2104 ἐνεστῶτα,
1624 2036 1750 2090 οὔτε
1781 2040 1910 2108 μέλ-

321 2116 480 2172 λοντα
500 2160 517 2183 ,
551 2119 676 2174 οὔτε
711 2120 913 2192 ὕψωμα
933 2165 949 2186 ,
981 2121 1106 2177 οὔτε
1143 2124 1342 2194 βάθος,
1374 2125 1498 2181 οὔτε
1533 2129 1711 2192 κτίσις
1745 2132 1909 2203 ἑτέρα

319 2208 615 2280 δυνήσεται
645 2213 872 2277 τούτους
901 2215 1014 2268 τῶν
1050 2217 1297 2286 πατρίων
1330 2221 1646 2292 ἀποστῆσαι
1690 2223 1910 2296 Θεσμῶν

318 2304 412 2355 καὶ
446 2302 760 2372 δογμάτων.
793 2306 1050 2369 Ἔπειτα,
1093 2310 1140 2362 εἰ
1197 2309 1298 2380 μιν
1340 2311 1576 2380 πρώτως
1615 2315 1719 2387 ἤδη
1755 2317 1910 2371 ταῦτ’

318 2393 667 2464 ιωχλοῦντες
689 2393 856 2469 ἦσαν,
876 2403 970 2454 καὶ
997 2400 1228 2472 πρώτοις
1248 2405 1381 2474 ήμῐν
1403 2405 1473 2459 τά
1491 2406 1717 2462 τοιαῦτα
1743 2411 1909 2480 προὺ-

318 2484 566 2552 τίθεσαν,
584 2488 713 2554 (cui;
744 2493 813 2545 ἄν
838 2495 930 2545 καὶ
957 2493 1112 2546 αὐτοὶ
1142 2497 1278 2563 πρὸς
1306 2496 1485 2565 λόγων
1514 2499 1734 2567 ἀγῶνας
1769 2520 1836 2554 πα
1850 2519 1909 2572 ρο

317 2577 735 2648 ισκευαζδμεθα
793 2581 1035 2653 τήμερον
1068 2583 1162 2650 ξύν
1210 2603 1274 2654 γε
1305 2586 1444 2657 Θεῷ.
1472 2588 1628 2644 Ἐπεὶ
1653 2591 1709 2644 δὲ
1741 2594 1907 2647 πάλαι

317 2668 472 2721 ταῦτ’
496 2670 801 2738 ἐξήτασται
833 2676 926 2728 καὶ
953 2675 1113 2743 τάξιν
1141 2677 1441 2750 εἰλήφεσαν
1468 2681 1569 2751 τὴν
1596 2686 1910 2758 προσήκου-

320 2773 439 2824 σαν,
460 2763 562 2814 καὶ
592 2763 652 2815 τὸ
685 2763 852 2834 κῦρος
884 2765 1141 2838 λαμπρὸν
1174 2772 1546 2845 παρεπέμφθη
1582 2773 1660 2846 τῷ
1689 2778 1906 2850 χρόνῳ,

319 2852 604 2907 κάνταῦθα
628 2857 890 2918 πολλάκις
914 2861 1320 2933 ὲνδημήσαντες
1344 2861 1488 2920 οὗτοι
1517 2868 1782 2934 πολλάκις
1808 2877 1908 2926 καὶ

316 2941 676 3014 ἀπεκρούσθη
688 2965 782 3001 σαν
805 2965 818 2978 ο
844 2950 949 3004 ποῦ
979 2951 1192 3006 δίκαιον
1218 2958 1331 3019 τοῖς
1360 2958 1530 3012 πάλαι
1559 2959 1738 3027 καλῶς
1763 2963 1908 3016 δεδο-

319 3034 502 3102 μένοις
559 3037 800 3108 τήμερον
834 3041 867 3108 ή
877 3041 984 3110 μᾶς
1010 3043 1249 3112 ἐνοχλεῖν
1274 3047 1367 3098 καὶ
1393 3048 1632 3118 ἀνήνυτα
1659 3053 1905 3123 μοχίὴῖν,

317 3129 766 3195 ἀνακυκλοῦντας
794 3133 880 3187 ἀεὶ
906 3135 973 3186 τὰ
1004 3135 1179 3202 mitti;
1211 3139 1304 3191 καὶ
1332 3139 1540 3204 τούτοις
1574 3144 1674 3210 μὲν
1699 3145 1902 3198 ἀνεπα-

317 3220 441 3291 χθὲς
456 3220 624 3275 τοῦτο
640 3223 736 3275 καὶ
752 3224 954 3295 σφόδρα
974 3243 1056 3279 τοι
1075 3229 1564 3298 περισπούδαστον.
1585 3233 1900 3305 Λογισμοὺς

319 3311 427 3383 γάρ
455 3313 520 3365 ὲκ
550 3313 832 3383 λογισμῶν
859 3316 1178 3385 ἀμείϐοντες
1225 3318 1314 3392 [Ρ.
1347 3321 1472 3395 318]
1514 3323 1904 3392 ὑποσαίνοντάς

320 3416 378 3457 τε
400 3405 492 3456 καὶ
510 3405 978 3474 ὑπισχνουμένους
995 3409 1084 3462 ἀεὶ
1111 3411 1178 3464 τὰ
1210 3411 1480 3481 βελτίονα,
1499 3415 1531 3485 ἢ
1552 3419 1904 3489 περι-τρέψειν

319 3497 587 3566 ήλπίκασι
618 3497 719 3568 τὴν
750 3493 921 3570 ἧτταν
954 3501 1052 3561 ὀψὲ
1085 3507 1201 3568 τοῖς
1241 3506 1421 3559 αὐτῶν
1461 3509 1728 3574 ἐναντίοις
1771 3514 1902 3582 ήμῐν

320 3592 413 3642 καὶ
447 3590 508 3643 τὸ
543 3590 761 3658 φθάσαν
793 3589 984 3663 αἶσχος
1019 3597 1422 3667 ἀποτρίψεσθαι
1445 3639 1460 3662 ,
1495 3601 1530 3673 ή
1567 3603 1771 3672 πολλὴν
1801 3604 1904 3676 τῆς

321 3684 541 3736 συνόδου
587 3686 1033 3754 καταχεαμένους
1065 3688 1164 3756 τὴν
1201 3691 1583 3759 γλωσσαλγίαν
1625 3699 1767 3763 μετὰ
1804 3698 1904 3768 τῆς

322 3771 590 3840 συνήθους
615 3771 841 3842 ὀφρύος,
867 3772 1058 3826 ἔπειτα
1083 3776 1462 3841 ἐξελεύσεσθαι
1485 3781 1905 3853 διασπείροντες

318 3864 570 3931 πανταχῆ
619 3863 812 3931 φήμην
853 3864 1127 3928 ἀναιδείας
1173 3867 1381 3936 μεστήν
1426 3863 1519 3922 καὶ
1563 3872 1905 3928 κλέπτουσαν

317 3951 415 4023 τὴν
444 3954 737 4024 ἀλήθειαν,
771 3953 847 4017 ὡς
879 3955 1174 4025 ἐστήσαντο
1208 3959 1494 4028 τρόπαιον,
1531 3958 1618 4015 οἷα
1654 3967 1722 4016 τὰ
1757 3968 1906 4032 σφῶν

320 4046 499 4099 αὐτῶν
529 4050 1042 4118 σμικρολογήματα.
1079 4051 1215 4104 Ἀλλ’
1244 4055 1376 4121 ήμῖν
1406 4072 1470 4124 γε
1501 4058 1562 4109 οὐ
1597 4059 1906 4126 προδιδόναι

321 4136 381 4190 τδ
428 4140 849 4209 μεγαλοπρεπὲς
897 4141 1055 4210 ήμῶν
1101 4141 1212 4207 δεί,
1256 4145 1427 4198 οὐδ⁹ἀ
1476 4151 1747 4218 συμφέρει
1795 4151 1907 4214 τοῖς

324 4231 620 4295 ἐναντίοις,
657 4230 807 4283 τοῦθ’
836 4234 984 4302 ἡμᾶς
1028 4236 1292 4305 πράττειν
1325 4235 1501 4306 χρεών
1529 4251 1544 4267 ⁶
1580 4240 1716 4292 ἀλλὰ
1750 4241 1906 4294 ταῦθ’

321 4322 466 4389 ἡμᾶς
501 4323 706 4390 μᾶλλον
725 4363 741 4388 ,
772 4323 916 4394 ἀπερ
947 4326 1101 4394 ήμῖν.
1136 4327 1244 4379 [Ιοῦ
1278 4328 1324 4380 δ’
1348 4330 1447 4380 οὐκ
1481 4329 1548 4383 ἂν
1578 4332 1904 4400 ἀγνωμοσύ-

321 4430 415 4484 νης
453 4418 540 4482 είη
576 4416 834 4481 ἐλαύνον,
872 4417 1143 4481 Ἑλλήνιον
1181 4421 1281 4488 μὲν
1317 4419 1505 4473 ὀπόσοι
1543 4423 1904 4493 Πυθαγόρειοί

2009 563 2140 622 \itri,
2175 577 2356 630 neque
2387 560 2590 628 angeli,
2631 576 2812 627 neque
2848 559 3214 628 principatus,
3258 574 3437 627 neque
3473 559 3587 612 \‘ir-

2009 662 2176 714 tutes.
2221 667 2403 720 neque
2440 650 2729 714 instantia,
2782 666 2961 719 neque
2993 649 3202 714 futura,
3242 665 3420 718 neque
3453 650 3586 703 alti-

1978 788 1981 792 π
2007 747 2163 806 tudo,
2201 761 2382 814 neque
2410 744 2769 817 profundum,
2809 759 2986 813 neque
3014 751 3267 797 creatura
3297 743 3402 796 alia
3433 751 3589 812 pote-

2010 839 2082 893 rit
2121 839 2258 893 istos
2292 853 2322 894 ει
2356 838 2549 908 patriis
2590 837 2857 891 institutis
2898 846 2956 890 et
3001 837 3242 890 decretis
3284 836 3587 892 abducere.

2008 931 2215 984 Deinde
2258 930 2300 984 si
2332 931 2443 998 jam
2489 946 2636 984 nunc
2673 930 2912 999 primum
2941 938 2997 983 et
3038 929 3230 996 primis
3265 929 3425 983 nobis
3467 934 3586 984 mo-

2009 1023 2133 1077 lcsti
2183 1032 2370 1077 essent
2411 1020 2594 1077 Latini
2649 1022 2750 1076 ista
2788 1031 3198 1092 proponentes.
3234 1022 3482 1075 fortassis
3533 1032 3586 1074 et

2009 1111 2113 1180 ipsi
2145 1111 2213 1166 ad
2233 1111 2526 1165 verborum
2552 1111 2996 1165 concertationes
3022 1108 3137 1163 Deo
3165 1109 3403 1177 prapitio
3423 1107 3586 1162 hodie

2008 1205 2448 1270 accingercmur.
2498 1203 2602 1259 Sed
2626 1217 2750 1257 cum
2787 1203 2920 1256 olim
2954 1201 3394 1257 lmecxaminata
3428 1212 3485 1256 et
3513 1201 3586 1254 ita

2009 1306 2070 1352 ut
2099 1297 2332 1352 decebat
2373 1295 2597 1352 deﬁnita
2636 1306 2692 1350 et
2738 1295 3107 1348 diuturnitate
3140 1295 3404 1365 temporis
3434 1294 3590 1348 lucu-

1984 1388 2188 1443 lenter
2222 1387 2544 1443 conﬁrmata
2579 1385 2727 1447 sint,
2767 1394 2932 1452 atque
2975 1385 3062 1440 isti
3093 1384 3295 1454 saepius
3325 1384 3432 1437 huc
3463 1400 3580 1452 pro-

2009 1477 2138 1539 fecti
2172 1477 2404 1533 Subinde
2440 1476 2712 1546 repudiati
2762 1475 2971 1530 iuerint
3007 1494 3020 1530 :
3058 1492 3168 1546 quo
3203 1479 3327 1547 jure
3375 1491 3440 1531 ea
3468 1492 3582 1546 qua'

2010 1571 2144 1624 olim
2175 1580 2322 1624 recte
2353 1570 2578 1624 decreta
2603 1578 2733 1622 sunt
2765 1567 2930 1620 hodie
2972 1568 3318 1622 turbabimos
3347 1579 3402 1622 et
3440 1567 3583 1623 ἰιιηιιὶ

2010 1661 2197 1715 labore
2219 1664 2406 1716 eadem
2426 1675 2644 1731 semper
2670 1661 3019 1729 repttemus?
3043 1659 3198 1725 Quod
3224 1659 3341 1713 istis
3361 1661 3582 1729 quidem

2013 1766 2116 1806 nec
2157 1766 2323 1821 grave
2338 1761 2444 1816 est,
2464 1761 2522 1806 et
2540 1764 2755 1806 summo
2779 1749 2960 1802 studio
2981 1749 3266 1817 quaeritur.
3304 1750 3438 1804 Nam
3471 1751 3590 1803 aliis

2011 1847 2175 1908 atque
2199 1839 2320 1892 aliis
2341 1838 2649 1899 rationibus
2688 1838 3197 1905 connniniseemlis,
3235 1840 3303 1896 iis
3337 1841 3591 1896 νίιΙοΙὶιυι

2012 1946 2136 2004 quae
2171 1932 2308 2001 ipsis
2342 1931 2700 1987 blandiantur
2729 1943 2785 1988 et
2817 1934 3054 1988 subinde
3089 1936 3316 1990 meliora
3355 1938 3590 2006 promit‘

2011 2033 2148 2085 tant.
2177 2035 2272 2078 aut
2299 2026 2583 2082 victoriam
2613 2027 2720 2082 sibi
2765 2027 2833 2081 de
2861 2026 3197 2083 adversariis
3231 2030 3418 2096 nobis,
3449 2047 3580 2085 con-

2009 2132 2165 2171 versa
2197 2117 2420 2172 fortuna
2469 2128 2526 2173 et
2571 2119 2784 2175 abolito
2827 2129 3013 2176 vetere
3042 2123 3272 2190 probro,
3308 2139 3585 2181 cessuram

2009 2211 2390 2279 pollicentur:
2425 2221 2522 2267 aut
2566 2212 2663 2267 ubi
2712 2213 2853 2267 mala
2909 2213 3080 2267 multa
3143 2214 3200 2268 in
3255 2227 3582 2273 conventum

2009 2312 2260 2356 nostrum
2293 2303 2458 2358 solito
2475 2317 2600 2358 cum
2618 2304 2917 2374 supercilio
2935 2304 3206 2372 dixerint;
3233 2315 3347 2360 tum
3367 2305 3584 2362 demum

2011 2393 2212 2448 famam
2246 2393 2316 2449 de
2348 2395 2582 2450 victoria
2629 2395 2794 2468 516
2842 2403 3121 2464 reportata
3172 2396 3585 2467 impudentissi—

2009 2501 2150 2541 mam
2174 2501 2472 2557 sparsuros
2498 2503 2557 2542 se
2582 2487 2786 2557 ubique
2811 2501 3057 2558 sperant,
3083 2487 3426 2544 dissimulata
3449 2491 3596 2544 veri-

2009 2588 2163 2643 tate,
2217 2595 2338 2648 quae
2386 2589 2472 2633 est
2518 2593 2712 2632 eorum
2751 2580 3187 2649 vaniloquentia.
3241 2583 3440 2637 Verum
3491 2596 3592 2636 nos

2007 2672 2361 2726 committere
2413 2671 2561 2725 haud
2614 2672 2794 2734 decet,
2829 2681 2888 2725 ut
2917 2673 3204 2743 dignitatis
3237 2684 3438 2729 nostrae
3476 2691 3592 2730 am-

2009 2764 2334 2835 plitudinem
2367 2763 2666 2835 prodamus
2696 2781 2712 2828 ;
2749 2781 2928 2835 neque
2950 2781 3038 2832 ea,
3072 2781 3193 2836 quae
3225 2782 3257 2820 e
3293 2782 3352 2822 re
3399 2769 3597 2822 adver-

2007 2855 2284 2912 sariorum
2337 2863 2487 2918 sunt,
2546 2855 2641 2909 sed
2695 2870 2757 2909 ea
2810 2856 3015 2926 potius,
3063 2872 3184 2925 qua:
3220 2858 3381 2913 nobis
3427 2874 3581 2927 expe-

2009 2949 2189 3015 diunt,
2251 2963 2416 3019 agere
2475 2948 2766 3002 debemus.
2821 2947 3051 3014 Quanta:
3100 2964 3268 3019 porro
3314 2953 3583 3005 veciirdia-

2007 3049 2182 3107 esset,
2211 3055 2338 3095 eum
2384 3041 2555 3096 Gnaei
2591 3040 2689 3104 illi,
2731 3040 2825 3111 qui
2859 3041 3222 3113 Pythagoram
3258 3054 3353 3098 aut
3393 3044 3583 3114 Epiru-

2013 3149 2133 3187 rum
2158 3143 2442 3189 auctorem
2475 3145 2810 3204 sequantur,
2849 3135 2988 3189 adeo
3021 3137 3205 3191 divina
3230 3147 3285 3192 et
3305 3147 3454 3191 certa
3491 3155 3584 3207 pu-

2012 3234 2129 3280 tent
2161 3226 2420 3296 dogmata
2469 3241 2534 3281 ac
2584 3228 2805 3282 decreta
2858 3226 3272 3305 magistrorum.
3313 3239 3372 3284 ut
3419 3231 3581 3299 quid-

2007 3317 2139 3388 quid
2187 3319 2263 3373 illi
2297 3318 2560 3385 dixerint,
2610 3318 2758 3373 taeiti
2794 3320 2898 3388 ipsi
2953 3320 3267 3383 admittant,
3299 3338 3362 3376 ac
3410 3340 3584 3392 neque

2007 3411 2238 3466 auribus
2266 3411 2582 3467 dubitanter
2615 3413 2914 3480 accipiant,
2951 3429 3130 3483 neque
3171 3415 3410 3484 linguam
3455 3434 3582 3471 Cur.-

2010 3511 2091 3555 tra
2108 3513 2402 3568 exserant;
2437 3517 2537 3557 nos
2568 3503 2780 3572 legibus
2805 3515 2858 3558 et
2893 3505 3136 3559 decretis
3169 3508 3468 3575 primorum
3505 3526 3584 3563 ιο-

2007 3593 2230 3662 ligionis
2277 3605 2334 3648 et
2370 3594 2498 3649 ﬁdei
2538 3603 2740 3648 nostra:
2785 3606 3074 3649 auctorum
3129 3598 3273 3651 nolle
3303 3600 3438 3652 citra
3490 3603 3580 3654 tle-

2009 3684 2466 3738 monstrationem
2503 3685 2582 3736 uti
2616 3701 2678 3739 ac
2716 3684 2783 3738 iis
2822 3685 2971 3739 velut
3005 3687 3173 3740 certis
3203 3686 3473 3744 limitibus
3503 3691 3581 3744 iu--

2009 3776 2228 3841 sistere,
2275 3775 2372 3830 sed
2419 3775 2555 3831 alios
2626 3774 2770 3830 ferre
2822 3776 3200 3845 disceptantes
3260 3787 3316 3832 et
3371 3781 3583 3836 curiose

2009 3869 2352 3938 inquirentes
2387 3879 2444 3923 ct
2494 3881 2734 3921 mentem
2788 3868 2945 3936 quasi
3005 3870 3258 3923 minutim
3310 3874 3585 3927 concisam

2011 3962 2064 4014 in
2100 3961 2314 4015 diversa
2351 3961 2634 4014 trahentes
2665 3999 2682 4025 ,
2707 3976 2814 4014 nou
2847 3963 3005 4016 aliter
3065 3977 3228 4030 quam
3262 3964 3449 4020 hostes
3492 3966 3575 4018 ho

2009 4053 2178 4104 stium
2207 4053 2381 4120 spolia
2403 4052 2646 4118 diripere
2690 4065 2756 4104 ac
2804 4050 3105 4105 foedissime
3142 4053 3454 4108 distrahere
3503 4072 3584 4109 So-

2009 4142 2162 4196 lent?
2187 4142 2462 4196 Cancrum
2493 4141 2625 4195 illud
2672 4157 2890 4210 quoque
2924 4144 3066 4195 seire
3096 4155 3181 4196 est
3231 4160 3413 4213 opera:
3465 4164 3584 4214 pre-

2014 4236 2177 4296 tium,
2219 4251 2327 4287 non
2374 4234 2722 4301 simpliciter,
2765 4249 2867 4286 nec
2915 4249 3025 4286 uno
3063 4236 3226 4287 modo
3273 4249 3585 4292 sanctorum

2008 4328 2234 4381 Patrum
2281 4326 2482 4394 scripta
2515 4325 2873 4393 intelligenda
2907 4340 3051 4378 esse.
3094 4321 3338 4391 Quorum
3376 4331 3481 4381 alia
3521 4333 3586 4385 ad

2011 4418 2413 4474 institutionem
2445 4428 2497 4470 et
2526 4418 2815 4470 utilitatem
2848 4416 3147 4486 legentium
3177 4423 3585 4475 accommodate

324 4521 382 4558 τε
409 4508 504 4560 καὶ
531 4506 924 4578 Ἐπικούρειοι,
948 4508 1170 4571 τούτους
1195 4509 1341 4564 οὓτω
1362 4529 1447 4565 τοι
1472 4512 1592 4566 θεῖα
1620 4518 1712 4566 καὶ
1738 4516 1902 4567 ἀνανο

2008 4512 2155 4566 edita
2197 4520 2364 4574 sunt;
2399 4524 2758 4579 personarum
2801 4508 3027 4578 quidem
3061 4518 3117 4564 et
3149 4520 3460 4579 temporum
3491 4514 3586 4568 ha-

322 4598 558 4670 τίρρητα
584 4600 654 4652 τά
677 4617 708 4654 τ
727 4621 786 4652 ἰν
810 4601 1150 4655 διδασκάλων
1173 4602 1382 4656 οτεσθαι
1410 4604 1660 4671 δόγματα
1693 4607 1787 4658 καὶ
1817 4606 1905 4659 θε-

325 4692 631 4762 σπίσματα,
647 4694 722 4758 ὡς
742 4699 920 4766 σιωπῇ
940 4697 1008 4748 τὰ
1030 4696 1182 4763 σφίσι
1204 4695 1474 4766 λεγόμενα
1497 4698 1748 4768 δέχεσθαι
1765 4697 1903 4770 (90),

327 4785 449 4854 μήτ’
474 4787 928 4854 ἀμςιὸάλλουσαν
958 4788 1130 4857 ἀκοὴν
1150 4827 1164 4852 ,
1201 4789 1335 4859 μήτε
1366 4789 1615 4856 γλῶτταν
1646 4793 1908 4860 προϊεμέ-

324 4893 444 4938 νους
477 4879 781 4946 ἀντίφωνον
806 4898 818 4910 ·
853 4882 998 4948 ἡμᾶς
1031 4880 1088 4931 δὲ
1119 4882 1231 4941 τοίς
1263 4879 1428 4942 ϐείοις
1450 4882 1635 4950 νόμοις
1668 4884 1763 4935 καὶ
1777 4883 1910 4951 δόγ-

328 4987 461 5039 μασι
499 4971 613 5024 τῶν
651 4973 751 5042 τῆς
776 4973 933 5042 ήμῶν
957 4973 1215 5043 ἁρχηγῶν
1239 4971 1520 5033 εὐσεϐείας
1547 4979 1639 5026 καὶ
1667 4974 1901 5039 πίστεως

322 5065 382 5115 οὐ
428 5063 576 5133 μάλα
615 5066 820 5119 ἐθέλειν
861 5065 1270 5129 ἀναποδείκτοις
1311 5070 1404 5120 καί
1443 5062 1534 5120 οἷά
1571 5084 1714 5120 τισιν
1753 5069 1901 5140 ὅροις

325 5158 655 5229 κεχρῆσθαι,
709 5159 823 5212 ἀλλ’
851 5158 1308 5228 ἀμφιϐαλλόντων
1358 5161 1453 5213 καὶ
1505 5157 1905 5231 πολυπραγμο-

323 5251 559 5321 νούντων
606 5251 780 5306 ἄλλων
830 5251 1124 5321 ἀνέχεσθαι
1174 5253 1269 5305 καὶ
1318 5251 1910 5321 κατακερματιζόντων

321 5344 415 5395 τὸν
435 5320 585 5408 νοῦν,
611 5343 867 5414 καθάπερ
890 5320 1106 5396 ποιοῦσι
1132 5345 1228 5397 καὶ
1252 5344 1301 5396 οἰ
1329 5320 1574 5411 πολέμιοι
1598 5344 1668 5396 τά
1689 5343 1909 5414 λάφυρα

327 5433 420 5499 ξύν
446 5452 512 5505 γε
543 5435 714 5508 πολλῇ
752 5435 1136 5508 περιέλκοντες
1169 5435 1432 5508 ἀκοσμία.
1467 5433 1682 5488 Εξδὲναι
1717 5436 1907 5505 μέντοι

2003 4604 2118 4660 bita
2150 4605 2389 4673 ratione,
2421 4602 2520 4656 sed
2552 4600 2808 4669 religiose
2834 4601 3055 4668 omnia;
3081 4603 3331 4672 quardain
3363 4605 3587 4675 inquam

2005 4701 2089 4754 sic
2123 4697 2314 4762 edita;
2353 4696 2457 4753 alia
2497 4695 2828 4766 dogmatiee,
2876 4694 2982 4749 alia
3030 4698 3441 4763 eneomiastice,
3481 4699 3588 4754 alia

2003 4790 2243 4863 denique
2277 4787 2645 4844 contentiose.
2681 4787 2814 4854 Quae
2835 4791 3204 4853 contentiosa,
3233 4804 3298 4845 ea
3331 4807 3440 4845 non
3477 4791 3590 4847 de—

2005 4882 2138 4938 bent
2179 4881 2399 4936 aliunde
2447 4879 2558 4933 alio
2593 4877 2902 4934 transferri.
2953 4879 3143 4952 Neque
3191 4881 3340 4935 enim
3390 4882 3436 4936 si
3467 4883 3590 4952 quis

2012 4992 2263 5047 pugnans
2292 4990 2416 5030 cum
2455 4974 2705 5029 hostibus
2735 4985 2792 5028 et
2819 4982 2940 5027 toto
2965 4976 3153 5028 animo
3179 4975 3230 5029 in
3259 4975 3503 5047 gladium
3537 4983 3589 5029 et

2008 5070 2259 5140 clypeum
2294 5054 2540 5122 intentus
2589 5066 3022 5122 commilitonem
3067 5077 3193 5122 ante
3246 5068 3413 5136 pedes
3444 5077 3590 5122 stan-

2008 5171 2117 5217 tem
2147 5160 2566 5223 disturbaverit,
2619 5158 2708 5213 vel
2750 5158 2837 5212 lex
2892 5174 2957 5213 ea
3003 5160 3242 5229 putanda
3274 5159 3436 5231 517
3485 5170 3592 5224 est,

2006 5253 2093 5307 vel
2138 5251 2186 5306 is
2215 5251 2585 5314 accusandus,
2626 5249 2722 5320 qui
2773 5248 2827 5303 id
2859 5249 3012 5314 fecit,
3063 5251 3454 5319 cogitationem
3485 5254 3591 5309 alio

2016 5344 2273 5400 trahente
2328 5345 2665 5400 necessitate
2717 5351 2775 5397 et
2825 5343 3054 5400 minime
3109 5344 3350 5413 sinente,
3405 5356 3465 5400 ut
3516 5346 3590 5415 id,

2012 5436 2162 5508 quod
2201 5435 2406 5491 factum
2447 5446 2554 5500 est,
2591 5435 2752 5489 aliter
2785 5433 2965 5488 ﬁeret.
3004 5435 3194 5505 Itaque
3226 5435 3358 5491 illud
3397 5451 3595 5493 caven~

1670 5578 2006 5641 Variorum
2043 5588 2229 5640 ιιυιω.

399 5726 512 5795 (νυ)
545 5724 613 5802 _U_t
636 5727 886 5802 quidquid
914 5726 990 5781 illi
1047 5729 1298 5798 dixerint,
1326 5733 1472 5786 taciti
1501 5732 1598 5802 ipsi
1628 5731 1938 5800 admittant,
1975 5748 2106 5799 non,
2140 5741 2199 5784 ut
2239 5729 2710 5800 interpretabatur
2779 5729 3032 5796 Wolﬁus,
3068 5738 3124 5783 ut
3161 5731 3413 5802 quidquid
3445 5731 3589 5782 diu.

333 5790 424 5865 ris,
451 5790 599 5850 taciti
628 5790 819 5866 ferant.
852 5797 1062 5856 Botvut.
