4036 6248
277 365 375 430 745

547 359 624 414 la.
662 373 715 416 c.
759 359 896 415 1328
937 374 1003 414 an
1050 356 1207 427 1541]
1304 354 1747 420 ΒΥΖΛΝΤΙΝᾸΕ
1788 352 1841 414 Η

1947 354 2173 416 PORle
2203 350 2350 414 LIB,
2386 346 2492 411 XI,
2568 338 2704 411 [:Ir.
2747 353 3023 395 LNDRONIC.
3062 335 3203 409 tua.)

3408 343 3511 407 746

272 484 535 555 ὁρίζοντος
579 481 672 551 ἀφ’
724 481 963 554 ἑσπέρας
1016 480 1253 550 ἑκάστης
1282 479 1445 542 εὐθὺς
1503 478 1640 549 μετὰ
1678 473 1834 529 δύσιν

1947 477 2205 548 cujusque
2243 472 2353 528 diei
2393 481 2618 538 vespere
2653 463 2840 521 statim
2891 473 3012 533 post
3053 461 3188 518 solis
3232 476 3511 517 occasmn.

267 579 439 648 ,ηλίου.
468 576 687 630 Μᾶλλον
716 575 762 627 δ’
788 577 850 628 ού
886 573 1133 645 κομήτης
1154 568 1242 643 ἦν,
1269 574 1321 625 εἰ
1346 589 1427 635 τις
1458 569 1838 642 ἀκριϐολογεῖν

272 670 460 731 ἐθέλοι,
491 667 625 721 ἀλλὰ
646 667 956 732 πωγωνίας.
987 666 1235 736 ῥομφαίᾳ
1259 666 1365 719 τινὶ
1392 661 1840 728 ἑοικώςΩΕδόκει

276 761 367 830 μὲν
396 759 487 812 οὖν
515 758 809 828 ἐσχηκέναι
842 759 942 826 τὴν
984 759 1160 829 ἀρχὴν
1197 759 1260 811 ὲκ
1316 757 1425 810 τῶν
1458 754 1551 809 τού
1586 751 1842 823 Περσέως

274 855 502 925 μάλιστα
525 853 722 916 ποδῶν,
755 851 805 905 οἳ
831 854 896 921 τῇ
929 852 1086 924 ρἀει
1116 848 1210 904 τοῦ
1242 850 1444 917 ταύρου
1479 847 1710 920 πλησίον
1761 841 1843 899 εῖ-

272 965 352 999 ναι
379 947 744 999 δοκοῦσινσὲπὶ
763 943 821 997 δὲ
843 946 913 997 τὰ
940 943 1077 1015 πρὸς
1100 942 1175 995 ξω
1193 942 1336 1013 μέρη
1361 939 1454 995 τοῦ
1477 946 1682 1009 κόσμου
1700 938 1846 1010 πέμ-

273 1055 387 1090 πειν
402 1036 497 1107 τὴν
520 1038 801 1107 κόμηνέπί
822 1035 953 1091 πολὺ
972 1037 1424 1105 παρατείνουσαν.
1446 1029 1576 1087 Εἶτα
1605 1033 1688 1105 ίΡ.
1710 1030 1841 1104 554]

275 1129 473 1185 ἐκεῖθεν
522 1129 823 1202 ἀρξάμενος
869 1129 1146 1183 ἀνέϐαινεν
1174 1127 1304 1181 εὐθὺ
1328 1126 1421 1179 τοῦ
1451 1124 1714 1196 ἀρκτικοῦ
1742 1125 1842 1177 πό·-

270 1223 378 1286 λου,
412 1219 728 1291 κινούμενος
758 1221 993 1290 ἑκάστης
1022 1220 1235 1292 ἡμέρας
1263 1221 1415 1290 τρεῖς
1447 1218 1677 1286 ἔγγιστα
1715 1214 1838 1285 μοί-

271 1333 384 1385 ρας.
402 1315 629 1370 Ἐπείδὲ
655 1313 967 1383 παρήλλαξε
997 1313 1092 1367 τὸν
1115 1312 1383 1383 ἀρκτικὸν
1411 1312 1572 1365 πόλον
1597 1314 1692 1363 καὶ
1723 1309 1843 1377 μετ’

268 1409 471 1461 ἐκεῖνον
502 1407 605 1475 τήν
654 1422 713 1460 τε
753 1404 959 1476 μικράν
985 1403 1191 1475 ἄρκτον
1223 1404 1321 1457 καὶ
1346 1403 1444 1465 τὰς
1491 1402 1720 1473 καμπὰς
1743 1401 1840 1456 τού

265 1498 580 1568 δράκοντος,
618 1496 827 1567 ἐψαυσε
868 1495 961 1553 καὶ
996 1496 1092 1550 τοῦ
1135 1493 1313 1562 δεξιοῦ
1347 1494 1505 1557 ποδὸς
1543 1494 1640 1547 τοῦ
1672 1494 1844 1566 Ἡρα-

266 1590 451 1653 κλέους
490 1590 585 1643 καί
615 1586 920 1659 μετάύτὸν
940 1585 1036 1641 τοῦ
1075 1585 1173 1653 τῆς
1212 1583 1501 1656 ’Δριάδνης
1545 1584 1840 1653 στεφάνου.

1941 568 2077 632 lmo,
2110 577 2168 621 ut
2202 563 2517 620 accuratius
2545 562 2859 629 loquamur,
2888 572 2995 610 non
3042 556 3087 611 is
3118 565 3332 610 emneta
3375 565 3513 618 erat,

1940 660 2037 714 sed
2072 657 2369 729 Pognnias,
2403 670 2503 710 seu
2543 653 2829 707 barbatum
2876 651 3051 715 sidus,
3096 648 3313 703 cuidam
3344 647 3514 701 veluti

1942 752 2122 819 gladio
2150 751 2346 807 simile.
2374 748 2564 802 Ortum
2590 755 2774 800 autem
2807 760 2834 797 a
2863 743 3046 798 Persei
3075 742 3310 812 pedibus
3344 742 3518 794 maxi-

1946 861 2032 900 me
2078 844 2281 900 dueere
2322 839 2634 904 videbatur,
2680 838 2775 907 qui
2828 851 2858 890 a
2907 835 3064 903 spina
3110 833 3277 887 Tauri
3323 849 3515 901 parum

1944 937 2165 991 absunt.
2192 934 2360 991 Coma
2384 948 2513 987 vero
2538 932 2658 1001 ejus
2679 943 2872 985 versus
2895 926 3177 983 Orientem
3206 926 3313 980 late
3338 935 3521 980 exten-

1943 1027 2199 1085 debatur.
2250 1027 2428 1096 Atque
2474 1024 2603 1079 inde
2643 1031 2865 1091 sumpto
2900 1019 3058 1074 initio
3091 1026 3237 1073 recta
3266 1017 3520 1088 quotidie

1948 1135 2138 1176 versus
2166 1116 2599 1187 septentrionem
2626 1112 2959 1170 ascendebat
2998 1110 3177 1167 tribus
3200 1109 3371 1164 ferme
3398 1125 3524 1179 gra-

1944 1211 2130 1267 dibus.
2164 1210 2303 1266 Cum
2332 1221 2516 1263 autem
2547 1208 2733 1276 polum
2769 1205 3038 1259 arcticutn
3067 1202 3427 1273 praeteriisset
3456 1217 3521 1256 ac

1944 1312 2069 1375 post
2094 1318 2221 1357 eum
2252 1301 2443 1357 Ursum
2478 1302 2750 1354 minorem
2783 1305 2838 1352 et
2869 1295 3048 1365 spiras
3077 1293 3363 1361 Draconis,
3388 1294 3521 1351 dex-

1946 1404 2094 1450 trum
2122 1396 2287 1450 etiam
2318 1392 2568 1447 Herculis
2600 1391 2794 1459 pedem
2839 1388 3050 1457 attigit,
3093 1386 3333 1457 indeque
3364 1401 3523 1441 coro-

1943 1502 2071 1541 nam
2100 1483 2389 1547 Ariadues,
2424 1491 2611 1552 postea
2654 1480 2938 1536 sinistram
2976 1478 3250 1549 Ophiuchi
3294 1494 3518 1532 manum

1947 1576 2225 1649 percurrit
2255 1592 2269 1631 :
2297 1586 2354 1631 et
2378 1574 2506 1645 quia
2546 1573 2619 1628 ibi
2658 1574 2807 1628 latus
2847 1581 2933 1628 est
2973 1570 3245 1627 Zodiacus
3269 1579 3326 1627 et
3352 1573 3524 1641 aequi-

275 1649 514 1735 Ἐκείθεν
541 1649 798 1750 διέδραμε
834 1681 935 1750 τὴν
968 1649 1580 1750 ἀριστερὰν-χεῖρατοῦ
1623 1649 1839 1747 ’θφιού-

1947 1668 2200 1723 noctialis
2239 1676 2298 1722 et
2330 1667 2487 1721 locus
2515 1664 2749 1731 calidus,
2796 1665 2999 1719 durare
3039 1672 3253 1718 cometa
3284 1678 3392 1717 non
3428 1680 3523 1731 po-

263 1791 375 1845 χου.
416 1774 530 1828 Καὶ
555 1772 745 1844 ιττειδὴ
786 1772 990 1836 πλάτος
1017 1771 1254 1826 ὶνταῦθα
1284 1771 1554 1836 ζωδιακοῦ
1589 1770 1685 1824 καὶ
1713 1772 1839 1840 ἰση-

261 1861 485 1932 μερινὸς
519 1862 617 1916 καὶ
642 1862 808 1925 τόπος
838 1861 1154 1932 θερμότητα
1198 1860 1361 1932 ἔχων,
1392 1861 1642 1932 ἀντέχειν
1690 1861 1718 1912 ὁ
1747 1876 1839 1915 κο-

262 1955 440 2024 μήτης
466 1954 568 2007 οὐκ
595 1952 865 2025 ἠδυνήθη,
892 1953 981 2006 διὰ
1024 1952 1088 2006 τὸ
1117 1952 1177 2018 ἐξ
1218 1953 1392 2026 ὑγρᾶς
1421 1954 1839 2027 ἀναθυμιάσεως

257 2043 354 2117 την
387 2044 568 2116 ἀρχὴν
619 2048 719 2117 τῆς
755 2044 1087 2115 συμπήξεως
1150 2043 1454 2116 εἰληφέναι.
1496 2047 1589 2099 Διὸ
1640 2047 1741 2119 τήν
1779 2062 1841 2100 τε

258 2138 435 2206 κόμην
466 2134 681 2190 διέλυσε
711 2137 808 2190 καί
833 2136 996 2198 αὐτὸς
1024 2134 1297 2205 ἠφανίσθη
1327 2135 1546 2200 τελέως.
1565 2136 1841 2190 ⁴Ιια.ντασία

256 2233 365 2301 γὰρ
387 2227 458 2303 ἦν
489 2230 744 2301 ἀστέρος,
780 2231 877 2285 καὶ
903 2231 1007 2284 οὐκ
1043 2230 1241 2300 ἀστήρ.
1278 2228 1582 2301 Προσθήσω
1612 2231 1726 2295 τοῖς
1760 2231 1841 2284 εἰ·

257 2326 525 2397 ρημένοις
546 2325 641 2377 καὶ
661 2322 831 2394 ἀκοῆς
862 2324 1012 2390 ἄξιον
1041 2322 1169 2378 ἀλλο
1190 2322 1465 2395 διήγημα.

328 2418 404 2473 B'.
443 2418 541 2471 Ἐν
595 2415 809 2480 τούτοις
865 2418 977 2479 τοῖς
1022 2414 1237 2486 χρόνοις
1305 2416 1406 2485 μία
1455 2413 1567 2468 τῶν
1618 2414 1844 2469 Σκυθῶν

255 2510 560 2577 γυναικῶν,
587 2512 655 2564 ὲκ
687 2509 797 2563 τῶν
829 2509 1091 2563 ἐπέκεινα
1112 2506 1204 2561 τοῦ
1245 2508 1463 2577 Ἴστρου
1494 2508 1591 2579 τὴν
1626 2508 1841 2579 οἴκησιν

254 2598 600 2669 ποιουμένων
623 2638 639 2661 ,
686 2597 824 2667 μήτε
875 2593 1113 2664 σύζυγον
1175 2596 1313 2667 μήτε
1360 2597 1561 2660 παῖδας
1608 2596 1835 2666 ἔχουσα,

256 2688 445 2760 ἐπειδὴ
498 2689 624 2752 τοὺς
654 2687 719 2741 ὲκ
757 2686 981 2758 Θρᾴκης
1041 2685 1426 2757 ἀπαγομένους
1462 2685 1844 2755 αἰχμαλώτους

253 2783 360 2851 πρὸ
386 2781 504 2835 τῶν
536 2779 742 2848 ταύτης
781 2776 928 2849 ἑώρα
980 2776 1164 2847 θυρῶν
1217 2778 1424 2848 (ἐπόθει
1476 2780 1521 2831 δ’
1549 2781 1616 2833 ἐκ
1644 2779 1843 2834 πολλοῦ

253 2873 659 2944 προσχωρῆσαι
700 2871 996 2943 Ῥωμαίοις
1030 2872 1123 2925 καὶ
1165 2870 1230 2925 τὸ
1271 2872 1414 2926 θεῖον
1449 2872 1706 2938 δέξασθαι
1742 2873 1841 2946 βά-

1946 1758 2076 1824 tuit,
2120 1766 2415 1828 propterea
2458 1755 2608 1826 quod
2641 1754 2866 1810 humida
2898 1753 3247 1810 exhalatione
3278 1754 3521 1823 primum

1946 1847 2339 1906 concrevisset.
2370 1847 2550 1915 Quare
2577 1862 2732 1901 coma
2761 1846 3027 1916 dissipata
3054 1854 3109 1901 et
3142 1844 3258 1915 ipse
3303 1846 3524 1916 penitus

1945 1941 2212 1997 evanuit:
2243 1943 2447 2011 quippe
2477 1939 2571 2009 qui
2608 1939 2779 1995 stella:
2825 1938 3065 2008 speciem
3092 1938 3314 2008 quidem
3350 1938 3524 1995 habe~

1948 2041 2052 2100 ret,
2094 2033 2250 2088 stella
2288 2047 2416 2088 vero
2455 2047 2566 2086 non
2607 2040 2774 2086 esset.
2820 2027 2917 2086 llis
2949 2030 3114 2085 aliam
3148 2031 3520 2087 narrationem

1946 2124 2139 2182 auditu
2168 2126 2388 2195 dignam
2414 2133 2675 2179 attexam.

2020 2411 2085 2467 ll.
2129 2411 2224 2467 llis
2262 2413 2605 2483 temporibus
2655 2415 2852 2471 mulier
2897 2416 3147 2487 quzedam
3194 2421 3337 2489 apud
3393 2420 3527 2493 Scy-

1950 2504 2092 2570 thas,
2123 2520 2221 2561 eos
2267 2520 2467 2576 nempe
2513 2506 2608 2578 qui
2646 2515 2798 2563 trans
2843 2508 3042 2564 Istrum
3090 2509 3361 2580 habitant,
3397 2531 3524 2570 cum

1950 2611 2130 2667 neque
2159 2598 2337 2651 virum
2370 2612 2550 2667 neque
2577 2599 2783 2654 liberos
2816 2598 2976 2671 55.3
3013 2600 3244 2658 haberet
3273 2614 3328 2659 et
3362 2606 3527 2661 adve-

1949 2697 2067 2749 ctos
2100 2702 2131 2741 e
2162 2686 2394 2743 Thracia
2425 2689 2670 2758 captivos
2699 2700 2826 2747 ante
2864 2707 2994 2747 suas
3030 2692 3179 2751 fores
3205 2696 3417 2753 traduci
3448 2701 3529 2755 vi.

1949 2777 2107 2833 deret
2151 2778 2336 2848 (longo
2381 2792 2563 2833 autem
2608 2781 2721 2852 jam
2756 2792 3003 2852 tempore
3034 2785 3100 2840 ad
3143 2787 3422 2845 Romanos
3467 2807 3527 2847 se

1949 2869 2204 2927 conferre
2229 2879 2285 2924 et
2311 2885 2531 2927 sacrum
2581 2872 2849 2943 baptisma
2896 2875 3178 2946 suscipere
3224 2880 3527 2950 cupiebat),

253 2966 520 3038 πτισμα),
552 2964 711 3019 (imos
737 2965 1075 3020 διαναστᾶσα
1108 2964 1345 3034 σύζυγον
1377 2966 1574 3022 ἔλασεν
1600 2966 1699 3021 ενα
1731 2967 1844 3023 τῶν

1952 2978 2122 3018 unum
2154 2978 2185 3018 e
2209 2961 2652 3019 Christianorum
2687 2967 3034 3034 captivorum
3078 2968 3235 3024 turba
3261 2970 3524 3027 eductum

241 3058 630 3129 αἰχμαλώτων
659 3058 1028 3129 Χριστιανῶν,
1068 3058 1252 3133 ὅρκοις
1277 3058 1441 3113 αὑτὸν
1481 3059 1844 3132 ὲμπεδὼσασα

1951 3053 2183 3113 redemit
2213 3066 2271 3110 et
2310 3057 2600 3129 conjugem
2650 3057 2755 3113 sibi
2802 3059 3021 3125 ascivit,
3061 3059 3318 3117 adactum
3370 3063 3527 3133 prius

253 3153 548 3224 πρότερον,
587 3153 665 3220 μὴ
687 3150 864 3204 λιπεῖν
894 3151 992 3218 τὴν
1022 3149 1228 3221 ταύτης
1272 3151 1608 3222 συνοίκησιν,
1639 3153 1768 3225 μηδ’
1797 3157 1844 3208 εἰ

1947 3149 2329 3221 jurejurando;
2390 3164 2461 3205 ne
2518 3150 2948 3205 contubernium
3000 3166 3165 3207 suum
3222 3153 3523 3221 desereret,

250 3244 435 3299 ἄλλοθί
470 3261 586 3297 που
607 3244 705 3315 τὴν
733 3243 993 3297 ἀποικίαν
1025 3244 1370 3314 ποιήσαιντο.
1405 3243 1563 3297 Ἐπεὶ
1588 3245 1632 3297 δ’
1661 3245 1848 3300 εὐκαι-

250 3339 370 3409 ρίας
406 3341 560 3411 πρὸς
595 3340 881 3409 μετοικίαν
906 3337 1248 3409 ζητουμένης
1282 3338 1529 3402 ἐνιαυτὸς
1552 3339 1673 3404 ὅλος
1695 3340 1846 3412 ἐτρί-

249 3435 341 3505 6η,
368 3436 426 3489 ιν
466 3425 523 3503 ᾧ
546 3433 613 3505 δὴ
651 3433 748 3485 καὶ
770 3432 938 3485 τέκνα
988 3430 1084 3485 δύο
1109 3431 1173 3485 τὸ
1205 3431 1306 3501 μὲν
1334 3432 1685 3504 γεγέννηκεν,
1715 3434 1777 3487 τὸ
1801 3431 1847 3487 δ’

254 3527 309 3577 ἰν
337 3526 549 3596 γαστρὶ
586 3525 831 3593 φέρουσα
861 3519 949 3593 ἧν,
985 3522 1068 3574 ἑτι
1104 3522 1329 3577 πλείονι
1358 3522 1457 3594 τὴν
1492 3523 1729 3597 στοργήν
1751 3524 1849 3578 καὶ

252 3621 627 3691 στερροτέραν
673 3618 808 3686 πρὸς
830 3617 919 3669 τὸν
953 3615 1188 3684 σύζυγον
1229 3614 1356 3686 ἔσχε
1388 3614 1528 3686 (15).
1560 3614 1766 3671 Τούτου
1795 3615 1843 3672 δ’

250 3711 426 3773 οὕτως
476 3711 700 3783 ἔχοντος
728 3710 917 3779 ἔτυχεν
956 3709 1012 3771 ις
1059 3706 1283 3761 τούπιὸν
1332 3705 1453 3772 ἔτος
1500 3707 1848 3784 αἰχμάλωτος

250 3803 591 3871 ἀπαγομένη
625 3799 723 3854 καὶ
753 3802 787 3866 η
817 3799 1062 3869 προτέρα
1101 3796 1197 3851 τοῦ
1244 3797 1504 3868 ῥηθέντος
1529 3799 1722 3870 ἀνδρὸς
1751 3800 1847 3853 σύ-

252 3894 442 3962 ζυγος.
480 3894 592 3947 Ἢν
609 3894 815 3954 ἐκεῖνος
850 3892 1121 3962 ἐδάκρυσε
1156 3891 1516 3961 θεασάμενος.
1561 3890 1628 3945 Ἠ
1661 3893 1849 3962 μέντοι

250 3987 454 4051 Σκυθὶς
498 3986 692 4055 εκείνη
718 3984 856 4053 γυνη
885 3988 982 4052 την
1024 3984 1206 4036 αἰτίαν
1250 3981 1350 4052 τῆς
1385 3983 1562 4051 λύπης
1613 3984 1709 4036 καὶ
1738 3983 1847 4038 τῶν

248 4078 514 4147 δακρύων
559 4076 810 4149 μαθοῦσα
836 4074 949 4129 οὔτ’
977 4075 1220 4147 ἠχθέσθη
1242 4083 1453 4145 τανορι,
1473 4075 1599 4128 οὕτε
1618 4074 1846 4143 ζηλοτύο

250 4192 372 4236 πως
408 4172 543 4244 ἔσχε
578 4172 713 4242 «pb;
741 4172 841 4241 τὴν
878 4175 1112 4239 γυναῖκα
1134 4184 1149 4202 ο
1181 4167 1296 4224 ἀλλ’
1322 4167 1483 4223 ὢνιον
1509 4169 1721 4240 εἰλήφει
1753 4170 1849 4223 καὶ

248 4269 484 4333 ταύτην,
517 4268 608 4321 ἵνα
664 4266 762 4320 καὶ
806 4268 924 4328 ταῖς
958 4266 1170 4336 χρείαις
1222 4266 1469 4337 ὑπηρετῇ
1520 4268 1621 4336 τῆς
1663 4266 1848 4331 οἰκίας

1948 3239 2166 3295 etiamsi
2198 3240 2307 3293 alio
2339 3241 2814 3310 commigrassent.
2850 3240 2991 3296 Eum
3023 3258 3155 3297 vero
3185 3245 3527 3315 migrationis

1948 3332 2424 3401 opportunitatem
2472 3341 2750 3402 quaerunt,
2796 3348 2977 3390 annus
3026 3334 3237 3406 integer
3284 3339 3523 3404 teritur:

1947 3442 2060 3496 quo
2088 3434 2340 3496 tempore
2373 3425 2537 3480 binos
2562 3424 2790 3491 liberos,
2832 3427 3068 3482 alterum
3117 3430 3354 3498 peperit,
3388 3432 3525 3487 alte-

1948 3534 2070 3574 rum
2101 3518 2158 3573 iu
2202 3528 2359 3574 utero
2393 3519 2647 3591 gestavit.
2674 3518 2829 3577 Unde
2862 3519 3035 3591 magis
3061 3522 3230 3577 etiam
3269 3524 3525 3580 maritum

1947 3611 2229 3684 diligebat.
2266 3611 2397 3680 Quae
2428 3628 2555 3667 cum
2607 3612 2678 3667 ita
2729 3627 2790 3668 se
2832 3612 3125 3681 haberent,
3156 3615 3334 3672 altero
3377 3634 3525 3675 anno

1947 3706 2170 3773 accidit,
2200 3715 2261 3761 ut
2290 3716 2345 3761 et
2380 3706 2532 3776 prior
2569 3707 2710 3778 ejus,
2739 3720 2903 3776 quem
2932 3707 3189 3776 diximus,
3236 3709 3339 3764 viri
3389 3725 3527 3767 osor

1946 3804 2161 3874 captiva
2189 3802 2561 3857 abduceretur
2596 3821 2609 3856 :
2646 3817 2754 3872 qua
2799 3804 2845 3859 is
2890 3818 3183 3873 conspecta
3216 3806 3525 3878 illacryma-

1947 3898 2047 3951 vit.
2114 3895 2313 3951 Verum
2370 3896 2673 3967 Scythissa,
2729 3900 2989 3953 man-oris
3041 3908 3098 3953 et
3152 3900 3520 3971 lacrymarum

1946 4005 2109 4045 causa
2142 3990 2437 4052 intellecta,
2474 4004 2655 4060 neque
2678 3992 2996 4046 succensuit
3032 3994 3252 4058 marito,
3280 4009 3383 4048 uec
3413 4010 3524 4064 pra:

1949 4085 2219 4155 zelotypia
2279 4084 2409 4137 odio
2463 4094 2755 4155 persecuta
2810 4092 2896 4139 est
2942 4085 3271 4141 mulierem:
3326 4089 3421 4142 sed
3468 4099 3527 4144 et

1951 4174 2122 4245 ipsam
2154 4175 2306 4237 emit,
2347 4181 2408 4227 ut
2454 4184 2509 4227 et
2551 4172 2854 4228 domestica
2884 4172 3189 4230 ministeria
3220 4174 3424 4243 obiret,
3451 4180 3527 4233 si-

1949 4268 2173 4339 mulque
2204 4267 2403 4320 marito
2446 4265 2694 4322 dolorem
2744 4276 3041 4335 conspectu
3090 4267 3176 4321 sui
3225 4268 3435 4323 levaret
3469 4272 3523 4326 in

249 4362 349 4414 καὶ
377 4361 504 4431 ἃμα
542 4357 891 4429 παραμύθιον
939 4361 1027 4428 εἰη
1054 4350 1122 4428 τῇ
1157 4357 1363 4431 θεωρίᾳ
1394 4358 1620 4430 τάνδρὸς
1641 4361 1705 4413 ἐκ
1734 4359 1844 4413 τῶν

1947 4360 2199 4430 proximo
2231 4356 2440 4410 futura.
2474 4353 2582 4411 Sed
2614 4369 2739 4411 cum
2775 4357 3249 4426 opportunitatem
3282 4371 3435 4416 nacta
3470 4373 3527 4418 et

251 4452 513 4522 ἔγγιστα.
559 4452 717 4507 Ἐπεὶ
759 4452 807 4504 δ’
844 4451 1129 4522 εὐκαιρίας
1160 4453 1457 4522 γενομένης
1490 4459 1569 4524 τῷ
1619 4452 1770 4523 θείῳ,
1790 4467 1850 4505 τε

248 4546 522 4616 ἐτελέσθη
558 4543 900 4614 βαπτίσματι
938 4549 1031 4595 καὶ
1080 4545 1147 4615 τῇ
1190 4542 1555 4615 βασιλευούσῃ
1612 4542 1721 4599 τῶν
1756 4545 1854 4598 πό-

249 4634 398 4689 λεων
430 4635 779 4706 ἐπεδήμησε,
818 4633 1105 4703 δραμοῦσα
1135 4634 1269 4705 πρὸς
1298 4636 1388 4687 τὸν
1430 4621 1778 4706 πατριάρχην
1817 4638 1850 4705 η

250 4727 509 4799 προτέρα
546 4728 778 4795 σύζυγος
819 4724 952 4780 ἐϐόα
978 4726 1073 4779 καὶ
1110 4727 1558 4795 ὲστερνοτυπείτο
1595 4729 1694 4782 καὶ
1734 4728 1853 4784 est-

249 4821 476 4874 κεῖσθαι
509 4820 721 4888 ἔφασκε
748 4817 900 4890 πίρά
926 4820 1021 4890 τῆς
1057 4818 1337 4886 Σκυθίδος,
1383 4820 1728 4893 ἀφελομένης
1753 4822 1847 4875 τὸν

247 4913 425 4983 ἄνδρα
453 4914 656 4982 αὐτῆς.
706 4912 1093 4982 Παρελθούσης
1146 4912 1335 4983 μέντοι
1364 4914 1623 4983 κάκείνης
1656 4915 1849 4967 καίτά

246 5003 346 5056 τοῦ
394 5007 751 5073 πράγματος,
802 5004 879 5068 ὡς
939 4999 1108 5073 εῖχεν,
1155 5003 1401 5073 ἀκριϐῶς
1443 5004 1846 5077 διεξελθούσης,

248 5111 355 5147 ουκ
386 5093 541 5162 εἶχεν
575 5096 745 5158 οὐδεὶς
774 5096 931 5148 οὐδὲν
956 5097 1065 5149 ἀπὸ
1090 5096 1301 5149 δικαίου
1328 5098 1622 5167 προφέρειν
1648 5098 1847 5169 ἐγκλη-

252 5203 333 5257 μα
355 5182 485 5239 κατ’
517 5186 715 5257 αὐτῆς.
749 5188 929 5256 Κυρία
962 5188 1069 5257 γὰρ
1098 5183 1167 5258 ἦν
1186 5188 1532 5257 ἀμφοτέρων,
1568 5190 1664 5244 ἆτε
1704 5207 1843 5262 χρη-

249 5297 451 5346 ματων
479 5280 705 5334 οἰκείων
737 5279 935 5343 ὠνίους
965 5278 1026 5345 ἑξ
1054 5280 1260 5350 ἀγρίων
1288 5282 1453 5350 φάναι
1482 5283 1667 5353 θηρῶν
1693 5286 1843 5357 εἰλη-

249 5376 416 5440 quia.
453 5371 657 5441 Ὅμως
708 5374 1037 5427 σιωπώντων
1070 5374 1328 5445 ἁπάντων
1361 5375 1458 5429 καὶ
1499 5375 1666 5445 μηδὲν
1696 5379 1846 5448 ἑχόν-

246 5481 361 5517 τωι
390 5464 706 5535 προφέρειν
736 5466 986 5537 ἔγκλημα
1012 5464 1132 5519 κατ’
1158 5466 1349 5535 αὐτῆς,
1370 5467 1548 5536 κρίσιν
1575 5467 1846 5539 ἐπέθηκεν

1948 4468 2107 4508 sacro
2143 4452 2472 4521 baptismate
2505 4448 2722 4503 initiata
2766 4457 2822 4502 et
2864 4448 2919 4501 in
2969 4449 3161 4507 urbem
3210 4450 3525 4522 imperatri-

1948 4559 2068 4601 cem
2104 4543 2351 4615 profecta
2379 4552 2550 4606 eSset,
2583 4542 2733 4612 prior
2775 4556 2913 4596 uxor
2939 4542 3005 4596 ad
3041 4543 3405 4613 patriareham
3439 4561 3528 4601 ae-

1949 4642 2145 4704 cnrrit,
2186 4635 2496 4692 vociferans
2520 4646 2575 4691 et
2610 4647 2802 4706 pectus
2831 4636 3099 4707 plangens
3131 4638 3349 4709 sibique
3384 4640 3529 4710 inju-

1953 4733 2087 4786 riam
2117 4745 2148 4784 a
2178 4728 2465 4800 Scythissa
2492 4726 2613 4781 ﬁeri
2653 4728 2949 4797 quiritans,
2980 4744 3102 4798 qua:
3130 4729 3236 4784 sibi
3267 4730 3524 4786 maritum

1953 4822 2247 4893 rapuisset.
2276 4822 2552 4875 Ceeterum
2588 4835 2715 4874 cum
2750 4830 2804 4875 et
2838 4821 2928 4875 illa
2960 4821 3281 4891 prodiissct,
3316 4838 3379 4877 ac
3409 4839 3523 4878 rem

1950 4929 2195 4978 onmem,
2231 4914 2303 4967 ita
2333 4920 2392 4965 ut
2421 4921 2570 4984 gesta
2594 4921 2734 4976 erat,
2761 4911 2957 4967 ordine
2980 4912 3327 4982 explicasset.
3366 4929 3527 4969 neruo

1944 5006 2072 5076 jure
2108 5004 2257 5058 illam
2304 5003 2707 5072 reprehendere
2750 5003 2948 5071 potuit,
2990 5011 3050 5057 ut
3083 5018 3205 5072 qua:
3237 5006 3524 5059 amborum

1949 5100 2172 5152 domina
2199 5106 2342 5149 esset
2373 5109 2581 5165 suaque
2611 5095 2843 5162 pecunia
2877 5110 2944 5148 ex
2974 5096 3309 5151 immanibus
3344 5098 3427 5168 (ut
3453 5101 3526 5154 ita

1951 5194 2152 5259 dicam)
2186 5188 2382 5243 bestiis
2412 5194 2602 5242 atiihos
2656 5188 3000 5243 redemisset.
3039 5189 3245 5244 Tamen
3296 5196 3529 5245 tacenti-

1955 5290 2056 5341 hus
2091 5283 2254 5356 544.
2281 5283 2570 5347 universis,
2597 5296 2699 5336 nec
2726 5281 2795 5335 de
2830 5283 2935 5336 ulla
2970 5296 3028 5336 re
3056 5298 3177 5337 eam
3217 5286 3529 5339 accusanti-

1955 5382 2076 5445 bus,
2121 5380 2338 5435 tandem
2390 5376 2532 5430 hanc
2582 5378 2699 5443 ipsa
2748 5376 3079 5431 sententiam
3133 5376 3277 5431 tulit.
3332 5377 3528 5445 Marito

1955 5481 2178 5544 prepter
2213 5467 2665 5525 consuetudinem
2700 5476 2755 5521 et
2796 5478 3083 5537 susceptos
3111 5484 3174 5522 ex
3219 5482 3285 5523 eo
3317 5468 3526 5524 liberos

1618 5613 1952 5677 Variorum
1989 5622 2173 5675 notae.

323 5754 443 5825 (l3)
476 5752 761 5829 llajoreet
793 5756 1025 5824 ﬁrmiore
1057 5757 1248 5824 affectu
1281 5760 1531 5811 maritum
1560 5758 1828 5829 diligebat,
1867 5775 1997 5827 non,
2068 5778 2099 5815 a
2140 5756 2330 5812 marito
2394 5753 2731 5824 diligebatur,
2769 5763 2829 5809 ut
2884 5754 3349 5823 interpretabatur
3371 5753 3521 5806 Wol-

254 5827 387 5892 lius,
425 5828 524 5896 qui
563 5826 776 5893 legebat
808 5828 942 5896 πρὸς
972 5830 1071 5895 τὴν
1111 5829 1230 5890 οὑξ.
1261 5830 1471 5885 Bonum.

512 5924 765 5984 Puuot.
819 5926 932 5986 (iu.
969 5924 1242 5986 CXLVII
1256 5925 1274 5984 l

3131 5920 3208 5976 2's
