4036 6248
250 428 352 491 773
505 419 581 495 fit.
623 435 676 479 c.
724 422 859 478 I528
894 439 962 479 AD
1005 421 1172 496 1541]

1278 424 1728 488 ΒΥΖΑΝΤΙΝᾸΞ
1771 422 2156 484 HISTORIA;
2189 423 2335 486 LIB.
2377 423 2486 485 Xl-

3411 415 3520 482 7M

2589 415 2721 490 [iam
2763 430 3026 472 Ακυιιοκιο
3089 411 3232 488 rem]

254 561 339 597 και
372 539 586 608 γνώσει.
621 539 714 594 Διὸ
754 543 847 594 καὶ
876 545 1173 611 κρυψινους
1216 535 1285 609 ἦν
1311 540 1384 600 ὡς
1415 541 1484 594 τὰ
1530 539 1702 593 πολλὰ
1737 539 1831 592 καὶ

1957 538 2023 591 lle
2063 540 2325 606 quidem;
2363 541 2459 596 sed
2510 555 2540 596 a
2596 538 2888 609 colloquiis
2925 545 2983 594 et
3032 547 3182 593 cmlu
3233 536 3522 591 hominum

256 635 463 708 βαθεῖαν
497 635 594 704 μὲν
619 633 710 686 διὰ
758 634 954 704 φρενὸς
987 633 1369 704 καρπούμενος
1417 633 1633 687 αθλακα
1656 648 1669 661 ’
1704 634 1830 685 ἀνο-

258 727 472 799 μίλητος
497 728 541 779 δ’
563 726 658 780 οὖν
688 728 782 782 καὶ
812 726 989 796 μισῶν
1017 726 1148 796 περὶ
1176 727 1368 781 ἑαυτὸν
1391 726 1596 796 πλῆθος
1624 723 1834 797 ἀνθρώ-

255 839 364 874 πων
392 820 546 890 ὁρᾷν.

321 910 393 967 E'.
426 912 594 968 Ὅθεν
623 914 718 968 καὶ
761 916 885 969 οὕτε
923 915 1228 986 βασιλικαῖς
1264 919 1545 987 ἐνέχεσθαι
1585 917 1831 988 φροντίσι

257 1005 344 1058 καὶ
375 998 650 1075 ἀσχολίαις
688 1008 953 1078 ἠνείχετο,
991 1009 1116 1064 οὔτε
1155 1010 1262 1082 μὴν
1294 1014 1354 1066 ὲν
1388 1014 1508 1076 ταῖς
1545 1011 1835 1080 μεγίσταις

256 1096 356 1149 τῶν
404 1096 608 1167 ἑορτῶν
656 1099 725 1152 τὰ
777 1101 876 1168 τῆς
933 1101 1214 1172 βασιλείας
1246 1105 1420 1157 ἐτέλει
1470 1104 1697 1174 νόμιμα,
1734 1104 1833 1168 τὰς

256 1189 537 1260 θεατρικὰς
563 1207 709 1263 φημι
754 1195 849 1248 καὶ
890 1193 1206 1264 δημοτελεῖς
1254 1198 1504 1266 πομπὰς,
1548 1197 1642 1249 καὶ
1681 1195 1828 1265 φιλο-

255 1280 524 1352 φροσύνας
572 1284 667 1336 καὶ
712 1285 811 1348 τὰς
849 1287 1264 1358 μεγαλοψύχους
1295 1289 1616 1360 εὐεργεσίας
1651 1305 1710 1341 τε
1743 1290 1836 1341 καὶ

254 1373 509 1442 διανομὰς
567 1375 678 1427 τῶν
725 1393 785 1426 τε
855 1378 1157 1447 χρημάτων
1216 1379 1355 1446 ὁμοῦ
1426 1379 1520 1431 καὶ
1586 1377 1831 1448 ἀξιωμά-

255 1477 377 1513 των.
420 1461 509 1524 Ὠς
545 1461 879 1517 κινδυνεύειν
915 1467 1166 1520 ἐντεῦθεν
1201 1468 1370 1537 λήθης
1406 1465 1703 1520 καταδῦναι
1735 1467 1834 1537 βυ-

257 1551 361 1614 θοῖς
395 1552 469 1604 τὰ
500 1555 600 1623 τῆς
649 1553 934 1625 βασιλικῆς
963 1554 1219 1623 εὐταξίας
1266 1557 1453 1628 ἔθιμα,
1485 1557 1572 1631 [Ρ.
1605 1556 1737 1630 550]
1762 1550 1836 1610 ὦν

255 1644 348 1712 τὴν
378 1646 602 1715 μνήμην
632 1647 774 1700 κατὰ
803 1646 1058 1717 διαδοχὴν
1079 1649 1131 1701 οἱ
1158 1648 1399 1719 βασιλεῖς
1426 1653 1538 1713 τοῖς
1561 1651 1836 1720 ὀψιγόνοις

255 1737 637 1806 παρέπεμπον.
673 1739 877 1795 Πολλοῦ
903 1741 1012 1811 γὰρ
1045 1743 1460 1813 παραρῤυέντος
1490 1745 1710 1813 χρόνου,
1737 1744 1836 1796 καὶ

251 1827 353 1880 τῶν
387 1828 611 1884 εἰδότων
643 1829 938 1897 θανόντων,
971 1833 1237 1904 δυσχερὲς
1285 1834 1352 1891 ἂν
1383 1837 1593 1903 γένοιτο
1632 1836 1837 1904 γνῶναι

1936 631 2193 688 alienior.

2008 911 2072 966 V.
2118 911 2197 966 Eo
2233 910 2420 976 ﬁebat,
2447 917 2508 963 ut
2557 907 2943 978 imperatorias
2978 923 3145 962 curas
3175 915 3232 960 et
3276 922 3519 975 occupa-

1940 1002 2119 1058 tiones
2154 1011 2610 1067 aversaretur,ac
2637 1016 2701 1056 ne
2743 1002 2798 1054 in
2831 999 3086 1054 maximis
3113 999 3338 1068 quidem
3370 997 3526 1054 festi-

1939 1096 2203 1151 vitatibus
2253 1096 2515 1152 solemnia
2581 1093 2800 1164 imperii
2840 1094 3044 1156 obiret,
3096 1093 3187 1147 illa
3237 1093 3529 1158 nimirum,

1940 1203 2062 1254 qua:
2091 1187 2158 1240 ad
2215 1186 2527 1257 spectacula
2563 1194 2620 1240 et
2653 1184 2905 1252 publicas
2948 1200 3180 1254 pompas
3205 1193 3264 1238 et
3316 1183 3530 1238 saluta-

1941 1279 2123 1334 tiones
2152 1289 2208 1333 et
2241 1279 2675 1332 munilicentiam
2713 1277 3124 1346 imperatoriam
3151 1288 3207 1330 et
3253 1276 3526 1331 distribu-

1940 1372 2147 1427 tionem
2195 1371 2558 1441 pecuuiarnm
2609 1382 2664 1427 et
2719 1372 2994 1425 honorum
3046 1371 3413 1440 pertinerent.
3461 1369 3529 1425 Ut

1932 1465 2044 1534 jam
2082 1465 2388 1535 periculum
2430 1467 2521 1528 sit,
2558 1481 2624 1519 ne
2673 1465 3042 1535 imperatoria:
3088 1463 3394 1530 disciplinae
3441 1464 3529 1517 in-

1938 1559 2154 1618 stituta.
2187 1574 2426 1627 quorum
2472 1560 2795 1612 memoriam
2841 1558 3045 1628 singuli
3081 1557 3325 1611 vicissim
3365 1557 3532 1628 566

1940 1653 2308 1721 imperatores
2357 1651 2426 1706 ad
2491 1662 2739 1721 posteros
2790 1650 3196 1721 prepagabant,
3248 1649 3530 1704 oblivione

1937 1757 2166 1811 prorsus
2221 1741 2545 1795 obruantur.
2600 1738 2735 1793 Nam
2797 1755 2924 1794 cum
2985 1738 3220 1792 multum
3266 1738 3531 1806 temporis

1941 1833 2334 1893 interllnxerit,
2359 1842 2412 1886 et
2464 1833 2557 1900 qui
2599 1832 2691 1886 illa
2734 1830 2996 1886 tenebant
3029 1828 3395 1891 decesserint,
3427 1842 3530 1896 po-

250 1920 371 1980 τοὺς
398 1922 662 1984 ἐπιόντας
693 1922 761 1974 τὰ
793 1923 983 1976 δέοντα
1007 1939 1024 1955 ο
1065 1926 1181 1978 ἀλλ’
1209 1925 1286 1988 ὡς
1321 1924 1521 1993 ἔοικεν,
1554 1930 1586 1998 η
1610 1929 1744 1999 πρδς
1771 1928 1840 1983 τὰ

1952 1927 2106 1981 neris
2151 1926 2284 1994 quid
2331 1925 2494 1979 ollicii
2539 1925 2612 1979 sit
2653 1925 2796 1979 scire
2825 1921 3048 1978 difﬁcile
3082 1922 3211 1976 erit.
3256 1920 3528 1975 Nimirum

253 2011 422 2078 φαῦλα
465 2013 666 2080 σπουδὴ
702 2013 1088 2086 ρᾳθυμοτέραν
1128 2020 1275 2071 ποιεῖ
1324 2018 1423 2088 τὴν
1453 2020 1508 2082 ὲς
1537 2020 1605 2073 τὰ
1644 2020 1837 2073 δέοντα

252 2105 591 2174 φιλοτιμίαν.
624 2105 861 2177 Ἕτρεφε
913 2108 1024 2180 γὰρ
1071 2108 1243 2174 κύνας
1272 2109 1385 2180 (51)
1419 2112 1512 2164 καὶ
1539 2112 1701 2181 ὄρνεα
1747 2131 1844 2166 κυ-

249 2199 520 2270 νηγετικὰ
554 2199 861 2271 παμπληθῆ
907 2202 1001 2253 καὶ
1036 2200 1293 2257 τοσοῦτον
1323 2207 1380 2266 ὲς
1410 2204 1581 2258 ταῦτα
1611 2204 1837 2274 ἥττητο,

246 2289 384 2344 ὥστε
433 2293 539 2348 καὶ
586 2291 641 2346 εῖ
670 2308 751 2354 τις
791 2291 944 2363 αύτῷ
977 2295 1225 2363 ἐντυχεῖν
1272 2295 1546 2359 ἐϐούλετο,
1593 2297 1839 2366 δρνεονῆ

252 2383 387 2438 κύνα
439 2384 687 2454 κομίζων
716 2383 980 2457 ἐτύγχανε
1017 2387 1192 2459 ῥᾷστα
1224 2387 1320 2441 τοῦ
1373 2389 1733 2458 ποθουμένου.
1775 2391 1841 2442 ’Ἀ

251 2477 427 2532 πάντα
460 2477 609 2549 μετὰ
649 2478 749 2548 τὴν
792 2479 1004 2533 ἐκείνου
1033 2481 1294 2551 τελευτὴν
1332 2483 1357 2535 ὁ
1388 2482 1843 2553 Καντακουζηνὸς

249 2574 361 2638 τοῖς
431 2569 703 2642 χρῄζουσι
763 2572 1091 2644 διεμέρισεν,
1155 2574 1621 2644 ἀναλογισάμενος
1670 2575 1732 2630 τό
1783 2593 1844 2629 τε

252 2664 585 2734 παμπληθὲς
619 2665 720 2737 τῆς
767 2665 1014 2734 δαπάνης
1064 2667 1248 2722 καὶτὸ
1294 2666 1496 2721 τούτων
1529 2667 1587 2731 ἐς
1641 2667 1709 2721 τὰ
1744 2668 1846 2732 τῆς

256 2756 536 2826 βασιλείας
571 2758 876 2830 πράγματα
912 2759 1092 2828 πάντῃ
1127 2759 1225 2828 μὲν
1260 2759 1541 2830 ἀνόνητον,
1587 2761 1770 2831 πάντῃ
1798 2758 1844 2813 δ’

252 2852 584 2921 ἐπισφαλές.
626 2853 796 2906 Πέντε
842 2852 953 2923 γὰρ
1007 2854 1102 2906 καί
1136 2849 1265 2905 δέκα
1321 2853 1565 2922 χιλιάδας
1600 2854 1763 2920 φασὶν
1796 2853 1844 2905 οἱ

254 2946 344 2998 τοῦ
377 2945 675 3015 βασιλικοῦ
709 2946 1037 3018 πρυτανείου
1079 2947 1351 3016 διοικηταὶ
1393 2949 1526 3016 περὶ
1552 2947 1649 3018 τὴν
1695 2947 1847 3016 σφῶν

251 3036 505 3110 δαπάνην
548 3039 1015 3108 καινοτομεῖσθαι.

322 3136 414 3201 ς’.
449 3133 614 3187 Οὕτω
643 3149 705 3202 γε
750 3133 854 3204 μὴν
886 3134 1088 3203 πολλὴν
1119 3136 1214 3188 καὶ
1256 3134 1482 3206 βεϐαίαν
1533 3134 1672 3206 πρὸς
1715 3134 1850 3190 Θεὸν

1944 2034 2007 2074 ea
2037 2036 2160 2088 qua:
2212 2019 2263 2072 in
2308 2021 2473 2073 rebus
2525 2019 2736 2074 frivolis
2771 2033 2935 2088 opera
2982 2016 3176 2076 sedulo
3211 2017 3530 2082 insumitur,

1945 2112 2012 2167 ad
2043 2128 2107 2166 ea
2142 2127 2264 2180 qua:
2290 2109 2454 2164 officii
2492 2119 2643 2173 sunt,
2682 2107 3036 2178 exsequenda
3067 2107 3354 2178 segniores
3381 2106 3530 2162 facit.

1943 2204 2122 2259 Canes
2148 2203 2296 2258 enim
2346 2212 2405 2257 et
2458 2216 2588 2257 aves
2619 2201 2901 2256 venaticas
2946 2217 3144 2267 magno
3194 2199 3377 2254 alebat
3429 2215 3534 2254 nu-

1946 2312 2145 2354 mero:
2189 2297 2393 2367 quibus
2447 2295 2521 2350 ita
2572 2305 2694 2349 erat
2751 2293 2993 2356 deditus.
3028 2302 3088 2348 ut
3141 2294 3185 2347 si
3234 2293 3361 2361 quis
3403 2308 3532 2347 eum

1945 2391 2098 2446 adire
2149 2390 2380 2458 cupiens
2428 2402 2620 2443 canem
2664 2398 2760 2444 aut
2799 2404 2958 2443 avem
2995 2389 3240 2456 oﬂ'crret,
3272 2389 3534 2444 facillime

1948 2498 2173 2552 compos
2205 2482 2313 2536 voti
2351 2481 2698 2536 redderetur.
2731 2481 2860 2548 Qua:
2895 2483 3079 2538 omnia
3110 2484 3534 2540 Cantamzcnns

1950 2589 2074 2649 post
2103 2579 2224 2648 ejus
2254 2576 2466 2631 obitum
2520 2575 2587 2630 iis
2632 2577 2726 2645 qui
2765 2578 3029 2647 petebant
3073 2577 3381 2642 distribuit.
3408 2592 3535 2632 cum

1950 2674 2381 2745 magnitudinem
2424 2682 2746 2742 sumptuum
2783 2681 3067 2740 reputaret
3116 2682 3172 2727 et
3208 2688 3323 2726 rem
3357 2672 3534 2740 ipsam

1950 2766 2185 2834 imperio
2211 2782 2319 2820 non
2354 2765 2518 2819 modo
2545 2764 2816 2826 inutilem,
2838 2763 2933 2818 sed
2958 2764 3123 2818 etiam
3159 2765 3532 2833 perniciosam

1945 2859 2237 2931 judicaret.
2274 2859 2408 2912 Nim
2455 2856 2771 2924 quindecim
2821 2871 3176 2910 nummorum
3212 2857 3379 2910 millia
3429 2856 3538 2909 ill-

1952 2954 2211 3023 peratorii
2263 2953 2375 3007 ﬁsci
2428 2962 2817 3020 procuratores
2857 2954 2998 3006 ultra
3049 2960 3291 3005 veterem
3326 2967 3538 3006 morem

1953 3048 2006 3101 in
2041 3062 2136 3101 eas
2167 3061 2254 3100 res
2289 3060 2528 3110 expensa
2564 3045 2900 3102 retulerunt.

2023 3138 2110 3192 Vl.
2144 3136 2326 3206 Usque
2359 3136 2498 3189 adeo
2527 3146 2710 3188 autem
2748 3135 2859 3190 Deo
2884 3133 3060 3190 fretus
3093 3146 3214 3190 erat
3246 3147 3302 3189 et
3336 3135 3537 3196 ﬁducia

253 3230 528 3299 ἐκέκτητο
552 3228 759 3294 πίστιν,
792 3227 929 3281 ὥστε
959 3230 1052 3282 καὶ
1082 3230 1396 3297 ἀφύλακτος
1428 3230 1582 3300 διῆγε
1608 3229 1670 3282 τὸ
1701 3230 1847 3282 πλεῖ-

1955 3232 2174 3299 plenus,
2208 3240 2269 3283 ut
2301 3230 2626 3298 plerumque
2657 3231 2775 3284 sine
2807 3227 3061 3282 custodia
3108 3239 3292 3299 ageret
3337 3240 3392 3282 et
3419 3232 3538 3282 sine

253 3337 376 3375 στον
412 3323 512 3377 καὶ
558 3321 739 3374 αὐτῶν
770 3322 900 3375 ἄνευ
933 3323 1043 3375 τῶν
1091 3322 1389 3393 βασιλικῶν
1435 3323 1844 3394 πελεκυφόρων.

252 3415 528 3480 Πολλάκις
590 3413 646 3468 δὲ
691 3416 785 3469 καὶ
835 3415 928 3478 οὓς
974 3416 1090 3487 ᾔδει
1152 3420 1275 3471 κατ’
1319 3414 1485 3471 αὐτοῦ
1520 3416 1714 3471 δίκτυα
1759 3419 1852 3470 καὶ

252 3512 497 3581 ἀγχόνας
540 3510 850 3580 ἀρτύοντας
881 3512 1218 3579 ὁμοστέγους
1245 3528 1306 3564 τε
1337 3512 1575 3565 ἐποιεῖτο
1607 3513 1699 3563 καὶ
1724 3509 1851 3563 τού-

249 3620 362 3667 τοις
398 3603 864 3674 συνδιαιτώμενος
897 3598 986 3674 ἦν.
1019 3603 1212 3672 Ἔλεγε
1263 3606 1396 3673 γὰρ,
1440 3605 1515 3668 ὼς
1558 3603 1850 3676 ἀνθρώπου

253 3698 368 3764 ζωὴ
407 3701 476 3769 τῇ
526 3699 678 3768 χειρὶ
713 3694 808 3749 τοῦ
851 3695 991 3750 Θεοῦ
1025 3699 1290 3761 συνοικεῖ,
1340 3698 1438 3751 καὶ
1469 3699 1600 3752 ὅταν
1640 3699 1852 3751 ἐκεῖθεν

253 3788 598 3858 συγχωρηθῇ
631 3785 698 3839 τὰ
737 3785 834 3855 τῆς
865 3785 1097 3851 λύσεως,
1130 3788 1252 3842 τότε
1288 3789 1379 3840 καὶ
1415 3789 1550 3842 πᾶσι
1587 3788 1852 3852 κινδύνοις

253 3882 467 3948 ἀνέῳγε
500 3881 668 3949 θύρα.

323 3972 402 4028 Z'.
429 3974 508 4026 Ού
542 3974 705 4043 μόνον
735 3972 815 4038 δὲ,
847 3971 984 4026 ἀλλὰ
1029 3974 1127 4028 καὶ
1151 3972 1370 4038 φύσεώς
1413 3990 1498 4036 τις
1551 3973 1854 4044 ίδιοτροπία

256 4065 430 4132 συνῆν
472 4083 540 4134 γε
568 4065 742 4136 αὐτῷ,
776 4067 850 4137 μὴ
880 4065 1284 4134 φιλοτιμεῖσθαι
1338 4067 1568 4136 μηδαμῆ
1601 4069 1735 4137 περὶ
1763 4067 1855 4118 τὸν

256 4157 352 4211 τοῦ
381 4157 680 4230 βασιλικοῦ
736 4158 1002 4229 μεγέθους
1044 4157 1210 4226 ἥγκον
1235 4173 1249 4185 ·
1287 4159 1422 4215 ἀλλὰ
1468 4161 1854 4229 ταπεινότερον

256 4253 356 4306 ml.
382 4253 575 4306 αὐτῶν
605 4268 666 4321 γε
694 4251 804 4304 τῶν
836 4251 1093 4322 ὑπηκόων
1118 4251 1349 4323 ὁρᾶσθαι
1377 4251 1661 4312 πολλάκις.
1690 4252 1856 4306 Τουτὶ

260 4347 304 4397 δ’
343 4346 405 4413 ἐξ
441 4346 567 4410 ἑνὸς
615 4345 726 4399 τῶν
759 4344 970 4398 πολλῶν
1014 4346 1370 4415 παραστῆσαι
1402 4362 1484 4410 τις
1537 4347 1602 4399 ἂν
1631 4347 1688 4398 ὲν
1721 4345 1857 4416 βραο

260 4441 365 4507 χεῖ.
398 4437 580 4509 Δῆλον
610 4437 720 4509 γάρ
764 4441 881 4490 ἐστι
912 4441 1023 4502 τοῖς
1057 4438 1282 4501 ἅπασιν,
1313 4440 1387 4502 ὡς
1424 4439 1481 4493 αι
1531 4437 1625 4490 τοῦ
1665 4439 1859 4492 ἐπιπέ-

260 4533 352 4586 δου
384 4533 506 4603 (52)
543 4534 609 4585 ἐκ
635 4533 930 4602 διαμέτρου
954 4532 1258 4602 ἀκρότητες
1286 4532 1395 4586 τῶν
1421 4532 1718 4602 βασιλικῶν
1741 4551 1858 4602 τρι-

1955 3322 2323 3391 imperatoriis
2379 3321 2757 3377 satellitibus:
2792 3322 2926 3392 quin
2981 3332 3037 3376 et
3063 3337 3207 3392 saepe
3254 3338 3350 3376 eos
3398 3338 3542 3391 quos

1954 3414 2090 3468 retia
2122 3423 2177 3468 et
2210 3414 2435 3483 laqueos
2467 3422 2660 3467 contra
2703 3428 2763 3467 se
2801 3416 3081 3469 instruere
3122 3415 3311 3476 sciret,
3339 3424 3543 3470 contu-

1952 3503 2208 3559 bernales
2266 3506 2369 3560 sibi
2433 3506 2642 3560 faceret
2699 3515 2866 3576 atque
2925 3507 3093 3562 etiam
3169 3509 3539 3563 convictores.

1954 3597 2180 3651 Dicebat
2218 3599 2389 3660 enim.
2427 3597 2594 3652 vitam
2643 3597 2886 3656 hominis
2933 3599 2989 3653 in
3048 3616 3212 3655 manu
3262 3601 3358 3656 Dei
3416 3617 3540 3656 esse

1955 3692 2208 3760 positam,
2240 3705 2270 3744 α
2329 3706 2441 3760 quo
2494 3689 2590 3745 ubi
2636 3691 2757 3762 ejus
2807 3692 3114 3748 destructio
3161 3697 3541 3766 permittatur,

1955 3790 2085 3837 tunc
2111 3781 2368 3838 omnibus
2394 3781 2658 3853 periculis
2690 3792 2882 3854 patere
2913 3783 3084 3842 fores.

2033 3966 2144 4022 VII.
2202 3968 2334 4025 Erat
2388 3979 2655 4039 pneterea
2717 3971 3015 4042 singularis
3061 3975 3314 4044 quaedam
3371 3977 3424 4031 in
3472 3991 3546 4033 eo

1958 4072 2171 4125 natura,
2204 4078 2274 4117 ne.
2315 4078 2544 4131 usquam
2579 4064 2954 4133 imperatoria:
2981 4068 3286 4136 maiestatis
3325 4072 3540 4138 magni-

1959 4154 2190 4208 lieentim
2221 4162 2276 4209 et
2301 4156 2648 4222 amplitudini
2679 4157 2928 4214 studeret
2954 4176 2968 4212 :
2994 4159 3090 4214 sed
3122 4177 3266 4230 saepe
3299 4163 3544 4220 subditis

1960 4246 2223 4302 humilius
2256 4263 2314 4301 se
2345 4259 2582 4316 gerent.
2618 4250 2788 4320 quue
2821 4267 2930 4304 uno
2962 4252 3030 4306 (lc
3067 4256 3256 4309 multis
3289 4260 3544 4326 exemplo

1961 4337 2206 4391 breviter
2264 4338 2531 4392 declarari
2595 4349 2793 4408 potest.
2861 4343 3063 4398 Notum
3118 4356 3201 4400 est
3257 4348 3541 4415 onmibns,

1961 4430 2122 4502 567
2155 4433 2633 4498 imperatoriornm
2670 4433 3036 4492 tricliniorum
3069 4441 3366 4508 pavimenti
3395 4458 3546 4498 sum-

1964 4526 2181 4578 mitates
2208 4523 2398 4580 ambas
2431 4525 2576 4580 inter
2614 4541 2736 4582 sese
2778 4529 3066 4598 oppositas
3098 4535 3351 4588 eminere
3375 4550 3542 4606 supra

263 4626 466 4678 κλίνων
530 4625 844 4695 ἀμφότεραι
915 4624 1269 4693 ὑπέρκεινται
1330 4643 1433 4679 που
1498 4627 1591 4679 τοῦ
1654 4626 1847 4696 μεταξί

1967 4617 2312 4688 interjectum
2347 4620 2524 4673 solum
2571 4636 2744 4692 usque
2781 4623 2848 4676 ad
2889 4625 3054 4694 palmi
3107 4628 3387 4695 trientem,
3419 4631 3546 4688 illac

263 4718 535 4773 ἐπιπέδου
567 4721 696 4790 ἄχρι
723 4720 816 4771 καὶ
845 4723 901 4781 ἐς
933 4723 1118 4786 τρίτον
1163 4719 1466 4790 σπιθαμῆς,
1494 4723 1589 4776 καὶ
1618 4721 1855 4791 μάλιστα

261 4813 370 4880 ὅπη
402 4814 506 4862 καὶ
531 4812 563 4862 ὁ
591 4809 867 4879 βασιλικζς
903 4811 1105 4879 ἕστηκε
1159 4808 1345 4881 θρόνος
1370 4828 1383 4838 ’
1419 4811 1487 4864 ἵν’
1516 4813 1647 4874 ἴσως
1681 4810 1781 4882 ἔχῃ
1804 4827 1858 4864 τι

264 4903 368 4955 κάν
399 4900 589 4972 τούτῳ
628 4901 790 4954 πλέον
837 4900 949 4953 τῶν
984 4901 1162 4955 ἄλλων
1196 4901 1225 4951 ὁ
1278 4900 1532 4970 βασιλεὺς
1569 4902 1856 4971 ἱστάμενος

264 4996 321 5048 ἓν
349 5013 410 5049 τε
443 4999 574 5058 ταῖς
598 4997 769 5066 ἱεραῖς
803 4993 1124 5064 ὑμνῳδίαις,
1168 4997 1260 5049 καὶ
1286 4996 1374 5048 ὅτε
1407 4995 1728 5062 διαλέγοιτο,
1765 4995 1858 5046 νῦν

269 5089 372 5157 μὲν
401 5092 520 5151 τοῖς
556 5090 842 5159 ὑπηκόοις,
871 5088 968 5141 νῦν
1019 5088 1074 5141 δὲ
1102 5091 1216 5149 τοῖς
1247 5087 1306 5152 ἐξ
1340 5088 1509 5142 ἐθνῶν
1542 5089 1858 5155 πρέσϐεσιν.

277 5181 521 5246 Ἐξείναί
553 5199 615 5250 γε
654 5183 761 5253 μὴν
794 5181 882 5233 ἐπ’
909 5179 1125 5248 ἐκείνης
1150 5180 1246 5244 τῆς
1279 5182 1517 5244 στάσεως
1548 5178 1728 5232 οὐδενὶ
1754 5180 1862 5232 τῶν

265 5273 534 5326 ἁπάντων
565 5273 643 5342 τῷ
684 5273 896 5341 βασιλεί
925 5270 1300 5333 συνίστασθαι,
1326 5270 1465 5340 πλὴν
1494 5273 1594 5342 τῆς
1625 5269 1862 5338 συζύγου

266 5369 367 5420 καὶ
395 5366 512 5419 τῶν
555 5366 719 5419 υἱέων
763 5368 857 5421 καὶ
909 5363 1155 5433 ἀδελφῶν
1181 5381 1195 5396 ο
1241 5363 1545 5434 προσθείην
1572 5364 1617 5416 δ’
1661 5365 1728 5417 ἂν
1771 5365 1864 5418 καὶ

264 5459 378 5512 τῶν
419 5457 846 5528 πατραδέλφων.
888 5457 1050 5510 Ἀλλὰ
1090 5455 1284 5510 τούτου
1325 5472 1388 5524 γε
1437 5455 1730 5525 ἱσταμένου
1768 5459 1862 5509 καὶ

263 5551 596 5624 ὁμιλοῦντος
641 5550 850 5604 ἐκεῖθεν
903 5545 986 5613 οἷς
1042 5551 1211 5621 ἐχρῆν
1271 5548 1511 5620 ἀνῄεσαν
1561 5549 1655 5601 καὶ
1730 5567 1858 5601 συν-

1958 4714 2192 4766 maxime
2221 4712 2311 4768 uoi
2341 4713 2762 4783 imperatorium
2798 4719 3003 4773 solium
3029 4731 3114 4775 est
3139 4724 3538 4788 constitutum;

1938 4804 2219 4882 nimirum
2258 4816 2317 4860 ut
2349 4817 2402 4860 et
2427 4808 2480 4862 in
2509 4824 2577 4862 eo
2614 4808 2918 4881 imperator
2941 4811 3148 4883 aliquid
3187 4831 3299 4884 prae
3325 4820 3545 4874 ueteris

1957 4896 2218 4953 eximium
2274 4901 2491 4966 habeat,
2527 4905 2641 4958 sive
2684 4907 2738 4957 in
2786 4907 2960 4962 sacris
3009 4909 3322 4978 liymnodiis
3367 4923 3541 4976 stans,

1960 4989 2076 5044 sive
2139 5007 2286 5047 nunc
2345 4993 2604 5062 subditis,
2662 5012 2811 5052 nunc
2871 5008 3188 5055 exterarum
3254 5005 3542 5060 nationum

1961 5083 2156 5153 legatis
2188 5088 2529 5155 respondens
2557 5105 2572 5141 :
2601 5104 2704 5144 nec
2733 5090 2791 5144 in
2820 5091 2915 5145 illo
2945 5094 3067 5149 loco
3093 5097 3354 5165 cuiquam
3398 5117 3546 5154 inor-

1965 5177 2152 5232 talium
2181 5180 2351 5234 licere
2390 5182 2465 5236 illi
2507 5193 2708 5251 astare,
2737 5196 3104 5256 prieterquam
3146 5191 3325 5257 uxori,
3355 5191 3548 5251 liberis

1962 5282 2018 5326 et
2069 5272 2373 5339 fratribus;
2423 5277 2623 5344 quibus
2670 5288 2723 5332 et
2786 5282 2991 5349 patrui,
3037 5290 3098 5337 ut
3148 5284 3366 5354 opinor,
3417 5288 3547 5342 addi

1963 5376 2212 5433 possunt.
2239 5367 2439 5423 Verum
2468 5370 2561 5424 illo
2605 5371 2677 5425 ibi
2724 5381 2904 5428 stante
2932 5385 2989 5428 et
3018 5390 3143 5430 cum
3173 5378 3378 5446 quibus
3406 5395 3549 5448 opus

1963 5468 2084 5511 erat
2140 5459 2529 5528 colloquente,
2597 5480 2707 5518 non
2770 5466 2935 5520 modo
2988 5469 3172 5523 omnis
3241 5471 3550 5528 nobilitatis

1969 5549 2337 5609 adolescentia
2368 5558 2563 5613 eodem
2609 5558 2945 5615 ascendebat
2987 5571 3041 5618 et
3071 5563 3149 5618 illi
3181 5565 3420 5628 astabat,
3451 5565 3546 5619 sed

1623 5689 1965 5755 Variorum
2008 5705 2194 5759 noue.

352 5849 466 5920 (5t)
500 5847 873 5920 Cantacuaen.
907 5849 1004 5902 lib.
1035 5867 1075 5913 I,
1108 5864 1231 5918 cap.
1262 5848 1314 5903 5.
1359 5848 1596 5906 Dousa.

354 5918 466 5992 [’52)
510 5918 646 5973 Vide
710 5918 880 5975 Gloss.
937 5924 1074 5978 med.
1106 5921 1323 5979 Crmit.
1373 5921 1512 5977 inv.
1560 5919 1860 5992 Πρόκυψις.
1906 5919 2141 5975 Ducasc.
