4036 6248
542 366 647 432 817
827 362 904 436 [Δ.
946 379 1002 417 ιι.
1039 359 1206 426 6850,
1251 375 1358 416 IND.
1386 355 1512 441 _lO]

540 489 779 553 laturus,
832 498 897 543 et
942 503 1044 558 pro
1078 487 1223 542 virili
1255 486 1583 552 clfecturus,
1634 493 1692 539 ut
1752 482 1939 539 facilis
1987 490 2135 537 esset

542 580 861 652 imperatori
904 582 970 635 ad
1014 584 1209 638 urbem
1243 581 1693 638 Thessalonicam
1718 580 2003 635 transitus.

1767 358 2183 423 NICEPIIORI
2229 357 2613 421 GREGORE

3704 356 3801 423 848

2246 486 2646 556 στρατιωτικὴν
2693 483 3033 554 ἑπαγόμενος
3078 484 3136 536 οὐ
3186 483 3410 554 μικράν,
3458 483 3799 553 συνεργήσων

2236 598 2297 634 τε
2334 582 2452 644 καὶ,
2486 581 2545 633 τό
2576 596 2639 649 γε
2668 580 2747 640 είς
2796 578 3027 648 δύναμιν
3089 572 3244 650 ἧκον,
3330 575 3522 647 ῥᾳδίαν
3570 573 3802 644 ποιήσων

2238 677 2522 742 δπώσποτε
2545 672 2624 743 τῷ
2652 671 2862 741 βασιλεῖ
2890 670 2988 743 τὴν
3018 670 3073 732 ἐς
3105 669 3505 740 Θεσσαλονίκην
3553 668 3803 739 πάροδον.

2936 355 3070 429 [tum
3109 374 3145 413 ι.
3187 373 3421 413 utaut.
3470 356 3522 429 1]

611 784 673 838 V.
697 784 764 840 Et
784 784 901 839 haec
931 783 1154 854 quidem
1180 785 1256 838 ita
1276 798 1332 839 se
1358 784 1653 842 habebant.
1677 784 1780 852 Qui
1806 801 1937 841 vero
1965 785 2128 859 Didy-

2310 781 2385 837 E'.
2424 778 2640 833 Τούτων
2664 774 2709 827 δ’
2748 770 2921 834 οὔτως
2958 770 3192 841 ἐχόντων
3221 767 3357 839 (40),
3383 769 3432 820 oi
3475 768 3578 838 μὲν
3612 754 3804 821 ἐναπο-

540 878 767 933 motichi
799 893 925 931 cum
963 876 1312 945 imperatrice
1360 875 1516 932 lrene
1558 884 1614 931 et
1644 877 1763 947 ejus
1813 874 1983 932 fratre
2025 878 2139 933 Ma-

542 972 703 1027 nuele
729 971 907 1025 Asane
932 969 1110 1023 relicti
1139 969 1381 1033 fuerant,
1404 978 1513 1023 tam
1545 969 1758 1038 pedites
1783 986 1947 1040 quam
1972 971 2136 1041 equi-

539 1072 640 1124 tes,
681 1077 846 1130 supra
893 1059 1226 1130 quingentos
1272 1068 1475 1115 erant:
1525 1058 1695 1116 duces
1754 1071 1942 1117 autem
1988 1064 2132 1119 duo;
2166 1075 2185 1092 °

526 1150 750 1204 Manuel
778 1164 973 1218 nempe
999 1148 1418 1213 Tarchaniotes,
1440 1150 1532 1218 qui
1556 1150 1885 1221 cognatione
1903 1152 2134 1224 junctus

536 1250 655 1295 erat
678 1240 1022 1310 imperatori,
1051 1248 1107 1295 et
1137 1238 1412 1311 Georgius
1438 1241 1740 1299 Phacrases
1766 1262 1780 1311 ;
1808 1256 1862 1300 et
1892 1256 2015 1315 post
2036 1261 2134 1303 eos

535 1334 625 1387 alii
657 1333 789 1387 duo.
840 1333 1085 1399 Quorum
1136 1333 1385 1387 omnium
1433 1335 1825 1403 constantiam,
1865 1347 2029 1409 atque
2075 1340 2129 1395 in

533 1427 742 1494 praeliis
767 1427 1147 1481 fortitudinem
1175 1438 1232 1481 et
1250 1428 1672 1497 experientiam,
1702 1430 1915 1499 singula
1938 1449 2128 1487 rerum

533 1526 806 1586 gestarum
842 1517 1179 1582 testimonia,
1222 1517 1558 1587 procedente
1598 1519 1704 1575 hac
1756 1521 2007 1589 historia,
2044 1524 2132 1580 luo

533 1609 783 1663 culenter
807 1609 1121 1664 ostendent.
1145 1608 1297 1676 Quos
1320 1624 1452 1664 vero
1475 1625 1665 1666 secum
1694 1612 1933 1668 habebat
1952 1614 2129 1688 impe-

535 1710 683 1754 ratur
710 1701 943 1755 comites
977 1701 1263 1756 ulterioris
1288 1703 1683 1772 eXpeditionis,
1710 1706 1745 1759 ii
1778 1720 1956 1772 erant,
1991 1724 2129 1779 pras-

535 1803 619 1847 tcr
650 1792 817 1862 628
841 1791 960 1847 illos
988 1791 1082 1861 qui
1110 1792 1350 1847 arcubus
1374 1801 1428 1848 et
1454 1793 1640 1848 fundis
1670 1811 1734 1851 ac
1770 1798 1971 1853 talibus
2005 1800 2128 1855 telis

534 1886 752 1937 eminus
794 1884 1123 1939 ferientibus
1171 1885 1505 1951 utebantur,
1569 1886 1840 1942 lectorum
1898 1888 2124 1957 quidem

531 1974 781 2044 equitum
815 1989 925 2028 non
969 1974 1155 2029 minus
1186 1990 1349 2044 quam
1380 1976 1490 2030 duo
1522 1977 1730 2044 millia;
1767 1981 1988 2051 cognati
2019 1998 2122 2035 au-

532 2074 666 2129 tem,
704 2066 909 2134 aliique
939 2066 1175 2128 nobiles,
1204 2076 1260 2121 et
1292 2082 1455 2122 omne
1488 2069 1818 2123 famulitium
1848 2071 2117 2140 ipsorum,

2244 873 2555 943 λειφθέντες
2584 864 2725 941 ἦσαν
2750 869 2809 920 ὲν
2839 863 3203 935 Διδυμοτεῐχῳ
3234 861 3372 933 μετὰ
3398 861 3501 933 τῆς
3537 860 3805 933 βασιλίδος

2242 951 2475 1039 Εἰρήνης
2507 963 2601 1017 καὶ
2640 958 2903 1029 τάδελφοῦ
2949 955 3208 1024 Μανουὴλ
3248 953 3339 1007 τοῦ
3377 954 3541 1008 Ἀσάν
3597 950 3809 1006 ἔνοπλοι

2241 1059 2573 1133 στρατιῶται
2626 1055 2722 1109 καὶ
2752 1054 2939 1117 ίππεῖς
2973 1051 3136 1106 πλέον
3175 1049 3210 1121 ἢ
3262 1049 3613 1105 πεντακόσιοι
3650 1046 3765 1117 (ιι)
3790 1065 3804 1078 ·

2241 1150 2542 1223 στρατηγοὶ
2569 1149 2625 1202 δὲ
2649 1147 2743 1203 δύο
2776 1146 2896 1216 μὲν,
2928 1142 3185 1213 Μανουήλ
3219 1158 3278 1196 τε
3308 1142 3337 1195 6
3367 1140 3810 1211 Tapxavsttb'm',

2236 1245 2344 1298 τῶν
2380 1238 2661 1311 συγγενῶν
2707 1237 2970 1308 ὑπάρχων
2998 1252 3083 1299 τις
3118 1232 3198 1305 τῷ
3230 1232 3462 1303 βασιλεῖ,
3494 1235 3590 1285 καὶ
3629 1231 3811 1300 Γιώρ.

2236 1352 2350 1404 γιος
2382 1334 2410 1387 6
2434 1331 2729 1404 Φακρασῆς
2754 1343 2768 1359 ο
2826 1330 2925 1382 καὶ
2975 1327 3094 1397 μετ’
3123 1328 3323 1389 αὐτοὺς
3357 1325 3535 1397 ἕτεροι
3574 1324 3689 1379 δύο.
3716 1317 3814 1377 Ὧν

2234 1430 2490 1486 ἁπάντων
2518 1426 2616 1498 τὴν
2650 1422 2973 1495 καρτερίαν,
2994 1421 3090 1475 καὶ
3116 1419 3217 1490 τὴν
3251 1417 3384 1489 περὶ
3413 1416 3515 1481 τὰς
3536 1414 3816 1477 ὲνοπλίοις

2235 1526 2415 1596 μάχας
2454 1521 2678 1593 ἀνδρίαν
2723 1519 2820 1572 καὶ
2863 1514 3186 1587 ἐμπειρίαν,
3225 1513 3259 1583 ἡ
3306 1512 3417 1566 τῶν
3448 1510 3571 1574 καθ’
3602 1510 3816 1563 ἕκαστα

2234 1617 2488 1686 πράξεων
2522 1611 2800 1684 μαρτυρία
2844 1607 3130 1679 προϊόντος
3177 1605 3271 1660 τοῦ
3304 1605 3468 1677 λόγου
3503 1602 3669 1670 δείξει
3717 1620 3818 1655 σαι

2232 1708 2493 1776 φὲστατα.
2543 1703 2649 1766 Οὓς
2682 1719 2746 1770 γε
2780 1698 2885 1771 μὴν
2932 1700 2961 1753 6
3019 1696 3271 1769 βασιλεὺς
3326 1688 3817 1772 ἑπομένους-εἶχε,

2231 1798 2363 1867 πρὸς
2411 1798 2479 1869 ἦν
2532 1795 2870 1864 ἀφηγεῖσθαι
2918 1790 3185 1859 μέλλομεν
3238 1788 3531 1859 ὑπερόριον
3584 1787 3819 1856 ἐκστρα-

2226 1893 2400 1955 τείαν,
2444 1885 2583 1960 ἦσαν
2628 1887 2768 1957 πλὴν
2799 1884 2907 1938 τῶν
2945 1884 3064 1936 ὅσοι
3089 1882 3266 1947 τόξοις
3312 1878 3430 1949 ἅμα
3460 1878 3559 1932 καὶ
3591 1880 3818 1946 σφενδό-

2231 1998 2350 2045 ναις
2405 1981 2500 2035 καὶ
2544 1979 2810 2044 τοιούτοις
2843 1976 3124 2047 ἑκηϐόλοις
3172 1972 3412 2044 ἐχρῶντο
3463 1970 3670 2039 βέλεσι,
3704 1969 3819 2024 τῶν

2237 2072 2336 2141 μὲν
2364 2070 2605 2138 λογάδων
2639 2067 2852 2123 ἱππέων
2884 2066 2987 2118 οὐκ
3008 2065 3208 2136 ἥττους
3235 2064 3269 2134 ἢ
3300 2063 3583 2133 δισχίλιοι·
3617 2060 3725 2114 τῶν
3760 2061 3817 2113 δὲ

532 2157 958 2225 quingentorum
991 2158 1243 2226 proxime
1287 2172 1581 2213 numerum
1622 2159 1940 2229 explebant.
1978 2162 2125 2218 Inter

2231 2163 2536 2233 συγγενῶν,
2575 2159 2803 2215 καὶτῶν
2835 2158 3011 2222 ἄλλως
3043 2156 3285 2226 εὐγενῶν
3323 2156 3535 2227 ἀνδρῶν
3566 2155 3660 2208 καὶ
3693 2153 3816 2223 ἅμα

530 2264 672 2319 quos
700 2248 938 2303 maxime
966 2250 1288 2304 eminebant
1340 2250 1577 2320 primum
1627 2251 2127 2324 duo'imperatoris

531 2340 648 2402 filii,
684 2338 971 2395 Mattheus
1003 2348 1059 2394 et
1107 2338 1363 2395 Mannel:
1406 2340 1608 2397 deinde
1650 2341 1838 2398 [renes
1867 2343 2127 2415 Augustae

531 2431 705 2488 frater
758 2432 1001 2488 Joannes
1036 2434 1181 2487 Asan
1235 2443 1290 2488 et
1349 2434 1701 2504 imperatoris
1757 2438 2128 2493 consobrinus

530 2523 771 2581 Joannes
794 2524 1061 2596 Angelus.
1100 2524 1348 2591 Quorum
1384 2525 1636 2580 omnium
1668 2526 1916 2582 animum
1948 2529 2001 2583 in
2032 2544 2129 2601 pe-

532 2617 729 2673 riculis
755 2632 1011 2689 magnum
1042 2627 1101 2673 et
1127 2618 1355 2682 fortem,
1394 2627 1450 2673 et
1487 2633 1575 2674 res
1620 2634 1785 2675 manu
1820 2622 1906 2677 vel
1938 2625 2123 2679 consi—

536 2710 609 2763 lio
644 2711 905 2780 prmclare
927 2721 1130 2782 gestas,
1157 2720 1213 2766 et
1245 2721 1446 2782 tropaea
1484 2712 1600 2782 ipsa
1647 2713 1872 2779 bellica.
1913 2730 2016 2771 suo
2042 2718 2121 2773 si-

536 2803 764 2872 gillatim
798 2803 921 2859 loco
948 2802 1090 2858 infra
1113 2803 1539 2859 declarabimus.

2225 2259 2415 2311 ὁπόσοι
2446 2258 2544 2328 τῆς
2570 2255 2721 2327 σφῶν
2749 2255 3049 2327 θεραπείας
3074 2249 3239 2325 ἦσαν,
3273 2254 3332 2316 ἐς
3356 2252 3418 2306 τὸ
3446 2252 3680 2322 ἔγγιστα
3704 2249 3819 2304 τῶν

2226 2350 2604 2406 πεντακοσίων
2627 2350 2830 2419 ἀνῆγον
2861 2348 2955 2403 τὸν
2981 2347 3236 2420 ἀριθμόν.
3275 2339 3377 2399 Ὧν
3410 2345 3654 2417 ἓκκριτοι
3685 2343 3821 2397 πάν-

2223 2461 2334 2499 των
2364 2444 2610 2516 ὑπῆρχον
2648 2442 2883 2515 μάλιστα
2912 2440 2970 2495 οί
3002 2457 3064 2495 τε
3089 2440 3183 2495 δύο
3220 2437 3317 2493 τοῦ
3356 2438 3620 2510 βασιλέως
3650 2438 3817 2501 υίεῐς.

2225 2537 2506 2601 Ματθαῐος
2556 2536 2650 2591 καὶ
2686 2535 2952 2606 Μανουήλ
2976 2551 2992 2566 θ
3036 2536 3131 2588 καὶ
3168 2532 3287 2605 μετ’
3317 2532 3517 2597 αὐτοὺς
3547 2533 3577 2587 6
3622 2549 3684 2586 τε
3713 2531 3819 2601 τῆς

2232 2628 2502 2697 βασιλίδος
2537 2628 2775 2699 Είρήνης
2822 2626 3050 2695 ἀδελφὸς
3092 2626 3346 2697 Ἰωάννης
3368 2627 3399 2680 6
3433 2625 3600 2679 ’Λσάν
3645 2624 3741 2677 καὶ
3790 2626 3818 2679 6

2227 2720 2321 2775 τοῦ
2380 2721 2648 2791 βασιλέως
2710 2719 3163 2791 πρωτεξάδελφος
3224 2719 3479 2789 Ἰωάννης
3526 2719 3557 2770 6
3607 2720 3817 2786 Ἀγγα-

2227 2812 2314 2876 λος
2343 2811 2477 2881 (i2).
2513 2805 2612 2865 Ὧν
2637 2813 2893 2867 ἁπάντων
2915 2813 3016 2882 τὴν
3044 2813 3103 2865 ὲν
3136 2812 3248 2874 τοῖς
3273 2810 3467 2874 δεινοῖς
3494 2810 3814 2882 μεγιλοψυ-

533 2894 681 2967 χίιν,
714 2896 808 2949 καὶ
839 2895 1013 2951 ὁπόσα
1039 2896 1223 2968 χειρὸς
1255 2897 1347 2949 καὶ
1378 2896 1604 2967 γνώμης
1641 2897 1974 2966 ἐνεδείξαντο
2028 2903 2406 2975 μεγαλοφυοῦς
2476 2903 2613 2976 ἔργα
2645 2904 2740 2959 καὶ
2798 2903 3057 2973 τρόπαια,
3089 2904 3149 2956 ἂν
3185 2903 3299 2966 ¹τοῖς
3350 2902 3656 2972 καθήκουσι
3719 2904 3809 2958 τό·

537 3007 662 3054 ποις
691 2990 999 3061 προϐαίνων
1023 2991 1053 3044 6
1076 2990 1233 3057 λόγος
1262 2990 1496 3062 δηλώσει
1532 2990 1658 3045 καθ’
1684 2990 1937 3049 ἕκαστα..

1894 3106 2225 3170 Variorum
2254 3116 2445 3171 notua.

606 3249 722 3326 (ιο)
756 3249 1057 3326 ροιιιοοιη.
1089 3250 1188 3307 lib.
1215 3267 1296 3326 in,
1319 3264 1443 3322 cap.
1474 3250 1564 3326 32.
1599 3251 1829 3326 Duelius.

614 3321 726 3391 (41)
758 3322 1147 3379 Cantacuzeno
1193 3322 1359 3392 χίλιοι
1390 3321 1553 3392 πρὸς
1612 3324 1728 3385 τοῖς
1783 3326 2117 3392 ἐπιγενομέ-

534 3412 670 3457 νοις.
702 3393 849 3447 Idem
901 3403 1165 3463 praterea
1209 3391 1305 3444 ἐπὶ
1323 3393 1420 3460 τῆς
1442 3391 1549 3456 ἔξω
1571 3393 1958 3462 Διδυμοτείχου
1987 3391 2115 3448 συν-

534 3466 731 3526 οικίας,
770 3464 873 3518 hoc
894 3476 979 3518 est
1002 3466 1057 3518 in
1086 3464 1353 3519 suburbiia
1386 3464 1616 3517 relictos
1654 3466 1732 3517 ait
1758 3472 1885 3517 octo
1918 3466 2112 3530 duces,

534 3534 781 3603 singulos
816 3534 1114 3604 sagittariis
1155 3534 1305 3589 mille
1354 3532 1667 3604 praefectus.
1716 3530 1859 3587 Ηίιι.
1890 3533 1991 3587 lib.
2026 3551 2107 3603 ru,

536 3621 658 3671 cap.
692 3605 782 3659 52.
816 3603 1019 3661 Boiam.

611 3676 722 3745 με)
774 3674 866 3728 Vel
909 3676 1198 3745 legendum
1255 3675 1511 3748 Ἰωάννης
1547 3676 1804 3746 Ἀσὰνης,
1858 3676 1944 3731 vel
1988 3686 2112 3746 post

2217 3340 2339 3394 cap.
2390 3328 2481 3384 3‘2.
2537 3327 2633 3378 καὶ
2685 3326 2722 3394 ό,
2756 3327 2901 3393 ’Λγγ

2215 3393 2457 3466 Angelus
2488 3395 2660 3450 frater
2702 3393 2811 3451 fuit
2853 3396 3063 3452 lrenes.
3094 3393 3230 3451 Vide
3265 3410 3389 3464 quae
3429 3395 3501 3449 de
3531 3410 3601 3450 eo
3635 3410 3800 3521 supra

2215 3479 2560 3521 annotamus.
2595 3468 2833 3521 Ducum.
2863 3497 2931 3508 —-
2953 3467 3139 3521 Codex
3169 3465 3465 3521 Vaticanus
3501 3465 3666 3521 olane
3744 3484 3798 3521 a-

2213 3465 2560 3537 annotamus.
2595 3468 2833 3522 Ducum.
2863 3497 2931 3508 —-
2953 3467 3139 3522 Codex
3169 3465 3465 3537 Vaticanus
3500 3465 3666 3537 plane
3705 3465 3798 3521 ha-

2215 3536 2428 3609 bet,fut
2456 3537 2750 3609 legendum
2790 3551 2913 3609 esse
2957 3537 3370 3609 admonuimus.
3404 3536 3484 3592 lla
3504 3536 3706 3609 accepi
3733 3553 3801 3594 ex

2208 3606 2440 3666 doetiss.
2459 3609 2519 3663 V.
2541 3608 2680 3663 Lud.
2708 3606 2972 3679 Targnio.
3015 3606 3227 3664 Bamx.

2226 3253 2483 3335 Ἰωάννης
2531 3253 2849 3335 addendum
2879 3293 2895 3319 ,
2936 3264 2998 3335 ut
3030 3253 3177 3335 apud
3236 3252 3535 3335 Cantacuz.
3572 3253 3685 3335 _lib.
3718 3270 3803 3319 ιιι,

2907 3326 3046 3388 ελος.
3103 3325 3295 3395 Neque
3355 3325 3505 3378 enim
3561 3325 3805 3382 Joannes
