4036 6248
264 338 367 402 865
660 336 738 410 [Α.
779 356 829 397 c.
878 341 1031 414 1349.]

1244 349 1686 411 ΒΫΖᾹΝΤΙΝᾹΞ
1724 352 2108 414 HISTORI/E
2154 353 2300 416 LIB.
2343 353 2513 413 XIII.

2648 350 2785 422 [ιιιιν.
2839 366 2878 405 ι.
2921 364 3158 407 μιηεοι.
3199 352 3258 424 2}

3399 354 3505 418 866

263 451 508 523 πανταχῆ
533 454 603 508 δι’
635 457 889 528 εὐφήμου
915 462 1014 531 τῆς
1044 462 1265 531 μνήμης
1295 465 1356 516 τὸ
1382 466 1580 517 οἰκεῖον
1601 463 1830 537 ἤλπιζεν

1935 466 2083 520 eonii
2106 464 2585 521 commendatione
2640 466 2986 522 circumferri
3014 483 3172 537 posse
3224 467 3500 538 sperabat,

259 542 426 614 ὄνομα
472 545 733 602 δύνασθαι
782 552 1067 622 φέρεσθαι,
1110 554 1274 607 κάκεῖ
1312 555 1680 624 προηγεῖσθαι
1727 557 1824 624 τῆς

263 634 527 701 βασιλίδος
568 640 772 711 Ἀννης
809 642 1049 714 τοῦνομα
1084 646 1181 700 καὶ
1215 647 1349 717 πρός
1398 665 1463 715 γε
1490 642 1587 699 τοῦ
1620 647 1825 714 ταύτης

261 726 420 790 υίέως
468 729 588 799 μεθ’
622 734 840 804 ἀπάσης
884 736 1101 789 ἐκέλευε
1148 738 1369 809 γνώμης
1419 741 1515 793 καὶ
1569 741 1829 809 προαιρέ-

261 835 434 897 σεωςζ
463 821 654 893 ὥσπερ
683 825 791 896 ἄρα
826 830 921 881 καὶ
954 830 1091 896 πρὸς
1117 832 1390 895 Αἰτωλούς
1416 849 1469 883 τε
1507 834 1599 883 καὶ
1625 834 1827 885 Θεττα-

262 911 383 974 λούς
404 929 460 965 τε
483 916 572 966 τὸν
582 916 848 985 ’Ἄγγελον
868 921 1250 976 ἀποστέλλοντι
1267 924 1509 993 Ἰωάννη,
1530 923 1659 977 ὥσθ’
1678 924 1830 976 ἐκόν-

263 1022 370 1059 των
396 1009 588 1080 ἄρχειν
616 1010 819 1075 αὐτῶν,
857 1014 933 1075 ώς
973 1018 1254 1085 προϊόντες
1296 1016 1533 1087 ἐροῦμεν
1562 1017 1831 1069 πλατύτε-

262 1114 375 1167 ρον,
409 1098 683 1170 προῦργου
715 1101 905 1170 γέγονε
941 1104 1350 1160 διακελεύεσθαί
1378 1124 1436 1158 τε
1472 1108 1568 1159 καὶ
1615 1125 1833 1177 παραγ-

259 1189 471 1256 γέλλειν
496 1191 685 1246 τούτου
728 1212 791 1262 γε
830 1195 1014 1249 εἵνεκα
1053 1198 1292 1267 μάλιστα
1332 1201 1575 1265 πάντων,
1632 1200 1724 1253 καὶ
1757 1201 1833 1270 μὴ

263 1284 531 1353 πρότερον
593 1286 885 1355 μεθιέναι,
940 1291 1069 1360 πρὶν
1124 1291 1287 1344 αὑτὸν
1348 1292 1706 1362 τελεσιουργὲι
1766 1293 1833 1344 τὰ

259 1377 437 1431 τοιάδε
468 1379 577 1449 πρὸ
609 1381 813 1443 παντὸς
854 1384 1297 1451 ἐπαγγείλασθαι
1332 1386 1465 1457 δρᾷν
1508 1386 1831 1456 παραγγέλ-

262 1485 437 1538 ματα.
477 1471 694 1526 Είσεται
728 1474 785 1528 δὲ
830 1474 1047 1539 πάντως
1082 1479 1138 1541 ἐς
1171 1478 1231 1530 τὸ
1271 1479 1524 1548 ἀκριϐὲς,
1553 1480 1611 1542 ὃς
1645 1480 1710 1533 ἂν
1748 1482 1832 1530 ὲν-

257 1560 392 1633 τύχῃ
428 1564 670 1636 ζητήσας
693 1565 772 1637 τῷ
801 1571 935 1639 πρὶς
971 1570 1136 1622 αὑτὸν
1178 1571 1534 1641 θεσπίσματι,
1568 1572 1741 1626 ταῦτά
1772 1591 1831 1625 τε

1937 557 2051 612 illic
2078 558 2245 613 Anum
2282 558 2616 627 imperaticis
2663 568 2720 613 et
2748 558 2839 612 ﬁlii
2895 560 3017 628 ejus
3070 574 3269 613 nomen
3306 560 3504 629 przeire

1939 651 2087 703 omni
2122 651 2307 704 studio
2336 664 2400 704 ac
2453 650 2735 705 voluntate
2768 651 3016 719 iubebat.
3075 651 3167 705 Sic
3206 652 3268 703 a.l
3296 649 3507 705 ᾸΞιοιοε

1938 740 2338 812 Thessalosque
2363 743 2624 798 Joannem
2655 744 2919 813 Angelum
2953 760 3077 797 eum
3106 746 3367 809 mitteret,
3401 745 3510 797 illis

1938 831 2251 887 volentibus
2282 833 2677 901 praefuturum;
2734 832 3197 902 quemadmodum
3250 832 3390 886 infra
3426 830 3509 882 dig

1936 937 2125 976 cemus
2158 922 2376 988 fusius;
2410 923 2484 977 nil
2518 925 2564 977 ei
2601 923 2702 977 fuit
2743 923 2947 992 potius,
2978 938 3139 991 quam
3182 931 3241 975 ut
3290 921 3509 989 juberet

1936 1016 2371 1085 praeciperetque
2405 1016 2536 1069 illud
2573 1017 2808 1069 inaxime
2836 1034 2850 1067 :
2886 1032 2984 1069 nec
3011 1015 3163 1085 prius
3194 1029 3317 1069 eum
3343 1013 3510 1066 dimi-

1936 1108 2029 1171 sit,
2061 1123 2223 1177 quam
2259 1109 2349 1162 ille
2379 1108 2650 1178 ejusmodi
2695 1107 2947 1160 mandata
2982 1123 3038 1159 re
3068 1107 3180 1175 ipsa
3212 1114 3510 1160 exsecutu-

1938 1216 2058 1253 rum
2088 1216 2145 1254 sc
2169 1213 2296 1254 ante
2327 1201 2510 1254 omnia
2549 1200 2915 1269 promisisset.
2952 1199 3127 1268 Atque
3189 1199 3302 1253 haec
3331 1199 3512 1268 quivis

1938 1294 2377 1359 explorati‘ssime
2406 1293 2692 1362 percipiet,
2716 1292 3041 1360 rescriptum
3077 1293 3253 1360 ipsum
3282 1303 3508 1344 nactus:

1939 1401 2116 1458 neque
2153 1386 2268 1440 haec
2301 1386 2498 1443 Solum.
2535 1385 2629 1439 sed
2658 1395 2714 1438 et
2742 1396 3089 1454 qumcunquc‘
3109 1384 3211 1437 alia
3242 1384 3325 1436 his
3353 1383 3495 1435 simi~

1940 1477 2010 1530 lia
2042 1475 2213 1539 addit,
2234 1474 2431 1546 jubens
2462 1492 2611 1540 ουιη,
2641 1474 2886 1545 quandiu
2923 1475 3170 1528 victurus
3191 1473 3279 1533 sit,
3320 1474 3513 1527 Roma-

1941 1584 2072 1623 num
2110 1568 2399 1636 imperium
2433 1568 2582 1620 omni
2614 1567 2823 1621 honore
2854 1576 2905 1620 et
2948 1566 3253 1622 revetentia
3303 1567 3507 1635 coiere.

256 1658 349 1710 καὶ
401 1658 501 1710 ὅσα
558 1659 766 1726 τούτοις
822 1662 1184 1734 προστίθησιν
1220 1665 1406 1734 ὅμοια,
1467 1668 1531 1737 τῇ
1579 1664 1827 1735 βασιλείᾳ
1877 1659 2168 1716 Ῥωμαίων
2233 1662 2411 1715 πᾶσαν
2464 1661 2651 1728 νέμειν
2686 1659 2825 1713 αἰδῶ
2916 1662 3011 1712 καὶ
3071 1661 3361 1713 εὐλάσειαν
3428 1660 3513 1712 διὰ

255 1746 372 1817 βίου
405 1750 668 1808 κελεύων.

321 1841 397 1897 Ζ’.
442 1844 602 1897 Τοῦθ⁹
631 1848 817 1901 ίκανδν
862 1848 1039 1918 ἔγωγε
1075 1851 1239 1919 μόνον
1274 1853 1367 1905 καὶ
1407 1853 1666 1922 ἀποχρῶν
1692 1852 1830 1923 ἥγη-

2007 1845 2120 1898 Vll.
2154 1843 2335 1900 Unum
2363 1857 2464 1913 ego
2496 1842 2629 1897 illud
2663 1853 2792 1912 puto
2817 1842 3066 1896 suﬂicere
3099 1857 3163 1895 ac
3219 1845 3352 1898 satis
3392 1859 3513 1900 esse

254 1954 371 2006 μαι,
406 1938 522 1990 τῶν
566 1940 743 1995 ἄλλων
774 1944 945 1996 ὁπόσα
983 1944 1081 2014 τὴν
1114 1945 1308 2014 ὁμοίαν
1349 1946 1443 1998 τοῦ
1474 1947 1636 2017 ήθους
1672 1946 1827 2014 εὐγέ-

250 2047 396 2083 νειαν
440 2031 554 2100 ἔχει
607 2034 1007 2104 σιωπωμένων,
1037 2035 1284 2100 ἅπαντας
1329 2038 1561 2098 πείθειν.
1608 2034 1690 2102 οἷς
1733 2039 1826 2095 νοῦ

253 2120 347 2172 καὶ
378 2124 704 2193 φρονήσεως
743 2125 997 2194 μέτεστιν
1024 2129 1291 2191 ὁπωσοῦν,
1327 2129 1577 2200 θειοτέρα
1600 2131 1829 2201 προνοίᾳ

253 2214 578 2269 διοικεῖσθαι
605 2218 673 2271 τὰ
703 2219 898 2287 πάντα,
935 2222 1031 2272 καὶ
1067 2222 1290 2293 μηδαμῆ
1325 2223 1465 2277 κατὰ
1498 2224 1557 2276 τὸ
1585 2223 1830 2291 αὐτόμα-

254 2322 343 2358 τον
386 2307 681 2378 φέρεσθαι,
728 2309 852 2381 μηδ’
886 2312 996 2365 ἀπὸ
1040 2314 1209 2383 τύχης
1253 2316 1420 2383 τινὸς,
1471 2316 1612 2386 μήτε
1659 2317 1828 2387 μηδὲν

253 2398 360 2452 τῶν
391 2398 653 2454 ἀπάντων
681 2400 888 2469 ἕτερον,
929 2405 1066 2476 μήτε
1095 2407 1195 2476 τὴν
1225 2408 1417 2461 τούτου
1446 2411 1585 2477 πρὸς
1607 2410 1707 2481 τὴν
1732 2409 1830 2479 βα-

256 2492 582 2547 σιλεύουσαν
621 2495 787 2548 πόλιν
818 2497 1165 2567 ἀναίμακτον
1208 2500 1416 2555 εἴσοδον
1448 2504 1543 2557 καὶ
1582 2502 1682 2575 τὴν
1719 2504 1827 2557 τῶν

256 2580 560 2652 βασιλικῶν
586 2586 871 2656 ἀντίληψιν
903 2588 1129 2657 θρόνων,
1155 2590 1296 2645 οὕτω
1329 2594 1573 2664 μακροὺς
1605 2597 1697 2647 καὶ
1731 2611 1829 2648 πο-

253 2673 482 2737 λυειδεῖς
545 2678 641 2730 καὶ
695 2677 928 2733 θανάτου
985 2680 1158 2749 φάναι
1218 2684 1468 2751 γείτονας
1516 2688 1827 2755 νενικηκότι

259 2766 563 2829 κινδύνους·
595 2768 711 2821 ἀλλ’
737 2769 888 2840 αὐτῷ
916 2771 1015 2839 μὲν
1044 2773 1281 2840 ἀμοιϐὴν
1312 2774 1412 2842 τῆς
1448 2776 1666 2846 μακρᾶς
1689 2792 1827 2846 καρ-

255 2860 461 2930 τερίας,
502 2861 636 2915 πᾶσι
660 2862 706 2914 δ’
744 2862 812 2916 αὖ
843 2862 1078 2919 ἐλπίδων
1113 2864 1349 2936 ἔρεισμα
1375 2869 1651 2938 χρηστῶν,
1682 2864 1761 2930 οἷς
1794 2870 1826 2941 ἠ

259 2952 448 3022 γνώμη
502 2951 601 3024 τὴν
649 2952 761 3007 τῶν
802 2956 995 3009 δεινῶν
1044 2961 1346 3031 καρτερίαν
1378 2959 1557 3031 πέρας
1607 2960 1828 3030 εὐγενὲς

257 3042 580 3109 ἐπιδέξεσθαι
616 3044 978 3117 ὑπισχνεῖται.

1937 1935 2175 2007 (caeteris
2214 1932 2453 1996 omissis,
2482 1948 2605 2001 quae
2636 1948 2957 2002 generosam
3005 1932 3244 1986 indolem
3302 1936 3511 2002 pariter

1936 2028 2197 2099 arguunt)
2242 2025 2308 2079 ad
2341 2026 2788 2095 persuadendum
2819 2028 3100 2089 omnibus,
3160 2026 3254 2096 qui
3312 2026 3512 2081 mentis

1934 2134 1991 2176 et.
2026 2122 2335 2190 prudentiae
2371 2135 2479 2174 non
2530 2121 2641 2174 sint
2676 2121 2904 2174 omnino
2934 2130 3209 2191 expertes,
3241 2118 3507 2174 diviniori

1936 2212 2279 2285 providentia
2307 2213 2490 2266 omnia
2522 2211 2840 2281 gubernari,
2881 2228 2988 2267 non
3019 2222 3204 2267 autem
3255 2212 3396 2267 volvi
3431 2221 3513 2266 te-

1936 2324 2121 2374 mere;
2176 2319 2341 2378 atque
2410 2316 2470 2363 ut
2519 2308 2657 2362 nihil
2715 2308 2890 2382 aliud,
2955 2309 3030 2363 ita
3083 2325 3187 2365 nec
3215 2309 3345 2364 illud
3379 2324 3513 2363 casu

1935 2403 2136 2460 factum
2167 2403 2359 2469 fuisse,
2389 2413 2450 2457 ut
2483 2402 2899 2458 Cantacuzenus
2920 2405 3038 2456 sine
3074 2402 3340 2473 sanguine
3364 2403 3514 2469 prin-

1933 2494 2110 2564 cipem
2143 2494 2337 2550 urbem
2387 2496 2623 2549 intraret
2654 2502 2711 2549 et
2742 2494 2882 2549 solio
2919 2496 3272 2564 imperatorio
3303 2496 3512 2563 potire-

1936 2594 2045 2653 tur,
2080 2584 2346 2655 periculis
2376 2584 2543 2639 tantis
2565 2592 2622 2638 et
2649 2592 2759 2639 tam
2816 2585 3214 2654 multiplicibus
3269 2588 3515 2639 exantla-

1936 2676 2026 2739 tis,
2061 2679 2313 2748 ipsoque,
2356 2686 2415 2731 ut
2468 2676 2541 2731 ita
2567 2674 2772 2741 dicam,
2806 2678 3143 2746 triumphato
3201 2679 3395 2734 mortis
3443 2679 3514 2732 li-

1936 2771 2251 2826 mine:sed
2287 2770 2459 2824 fuisse
2511 2769 2644 2824 illud
2701 2769 2803 2838 ipsi
2855 2772 3080 2841 quidem
3130 2769 3514 2825 Cantacuzeno

1935 2859 2213 2915 diuturna:
2253 2858 2529 2931 patientia:
2562 2859 2908 2927 mercedem;
2940 2860 3064 2914 aliis
3102 2876 3234 2915 vero
3272 2864 3384 2931 Spei
3417 2861 3514 2917 bo-

1934 2967 2019 3006 na:
2078 2951 2598 3017 conﬁrmationem;
2642 2950 2805 3023 655
2837 2953 2902 3006 iis
2957 2953 3240 3019 videlicet,
3303 2955 3511 3025 quibus

1937 3044 2079 3099 mala
2120 3044 2339 3099 fortiter
2374 3044 2742 3100 tolerantibus
2794 3045 3013 3100 animus
3042 3060 3176 3101 suus
3212 3046 3512 3118 gloriosum

1936 3138 2150 3193 exitum
2175 3135 2429 3204 spondet.

322 3227 404 3282 H'.
436 3226 507 3280 Ei
544 3226 651 3297 γάρ
674 3228 851 3282 πάντα
882 3226 1001 3281 καθ’
1032 3229 1237 3281 ἕκαστα
1264 3227 1672 3313 βουληθείημεν*
1687 3229 1830 3299 ἀφηο

2012 3229 2147 3286 Vlll.
2188 3229 2345 3297 Quod
2402 3231 2480 3321 si.
2500 3230 2681 3285 omnia
2735 3229 3012 3302 sigillatim
3068 3247 3509 3302 percenseamus,

254 3323 493 3389 γεϊσθαι,
528 3320 702 3374 ὁπόσα
730 3319 1050 3390 πέπρακται
1087 3322 1185 3392 μὲν
1216 3322 1480 3376 ἐπίϐουλα
1514 3323 1635 3376 κατ’
1660 3321 1831 3376 αὐτοῦ

252 3415 360 3476 τοῖς
381 3414 633 3485 ιχοροίς,
663 3414 759 3468 καὶ
800 3412 990 3467 ὀπόσοι
1041 3414 1221 3484 φιλίας
1252 3414 1570 3483 ὑποκριταὶ,
1608 3415 1831 3468 πάντων

254 3506 295 3557 δ’
318 3507 626 3577 ὑπέρτερος
653 3505 789 3575 πρὸς
808 3507 907 3577 τῆς
932 3508 1143 3561 ἄνωθεν
1168 3502 1236 3578 ἦν
1260 3506 1430 3579 τηρού
1440 3523 1599 3577 μενος
1622 3507 1677 3560 δε
1688 3506 1830 3574 ξιᾶςν

253 3598 397 3652 δέδια
441 3598 527 3670 μή
582 3616 667 3661 τις
701 3599 884 3669 φιλίας
922 3616 991 3671 με
1040 3598 1319 3670 γράψηται
1351 3600 1487 3669 πρὸς
1542 3599 1636 3654 τὸν
1663 3599 1831 3670 ἄνδρα

257 3695 476 3764 μακρᾶς
512 3693 621 3745 τῶν
650 3691 766 3745 ὅσοι
795 3692 1095 3763 γυμνάσιον
1123 3693 1302 3763 ἕτεροι
1334 3691 1582 3763 γλώττης
1611 3690 1834 3746 ποιοῦν-

253 3803 341 3839 ται
369 3787 467 3858 τὴν
504 3786 611 3839 τῶν
636 3785 696 3839 ἕν
725 3801 789 3855 γε
826 3786 904 3855 τῷ
934 3786 1165 3858 παρόντι
1198 3787 1497 3857 γινομένων
1524 3803 1831 3857 συγγραφιο

258 3880 355 3947 κῆν
403 3879 696 3948 ἀφήγησιν
750 3878 885 3949 ἡμῖν
934 3893 996 3945 γε
1049 3877 1473 3947 παραπλησίως.
1513 3877 1576 3930 El
1610 3877 1719 3948 γάρ
1746 3895 1832 3941 τις

255 3967 359 4023 τῶν
385 3969 593 4036 ἔξωθεν
627 3969 722 4024 τοῦ
756 3970 827 4023 τά
856 3969 1035 4025 τοιάδε
1078 3970 1425 4043 συγγράφειν
1476 3969 1650 4033 ἑστὼς
1683 3986 1830 4039 γυμν

257 4063 464 4127 νασίου,
493 4061 755 4132 καθάπερ
782 4078 869 4125 τις
901 4061 1284 4131 Ἑλλανοδίκης
1309 4063 1401 4115 καὶ
1427 4062 1643 4133 ἀπαθὴς
1671 4062 1828 4117 ἀθλοα

262 4154 448 4226 θέτης,
481 4155 659 4209 ἐθέλει
684 4156 928 4222 σκοπεῖν,
959 4154 1153 4225 ὄψεται
1185 4154 1285 4224 μὲν
1308 4152 1437 4216 τοὺς
1464 4152 1659 4215 ἄλλους
1691 4152 1831 4222 ὀργῇ

261 4248 354 4299 καὶ
399 4244 563 4317 θυμῷ
614 4244 1130 4315 στρατηγουμένους
1188 4245 1281 4296 καὶ
1318 4243 1631 4312 γράφοντας
1681 4240 1832 4310 παρὰ

261 4338 515 4391 τοσοῦτον
548 4336 761 4400 πάθους
804 4338 1050 4398 ἐκείνους
1093 4335 1154 4388 οὐ
1190 4334 1337 4406 μάλα
1372 4334 1553 4399 ἐκτός,
1593 4332 1834 4404 παρόσον

262 4430 521 4499 ἀληθείας
552 4430 663 4483 οὐδ’
695 4428 832 4493 ὅλως
861 4428 1029 4499 ἔμεγε
1061 4428 1253 4488 ἐκτός.

1932 3338 2056 3394 quae
2097 3331 2153 3377 et
2188 3322 2398 3379 inimici
2448 3332 2503 3377 et
2545 3323 2804 3377 amicitia:
2852 3326 3205 3379 siniulatores
3244 3325 3509 3382 insidiose

1933 3416 2199 3471 adversus
2235 3432 2358 3470 eum
2402 3415 2700 3470 machinati
2737 3426 2899 3478 sunt;
2928 3418 3132 3487 quibus
3164 3426 3345 3473 tamen
3386 3434 3508 3473 om-

1932 3510 2098 3564 nibus
2133 3510 2386 3565 altiorem
2438 3526 2564 3565 cum
2615 3511 2871 3580 przestitit
2901 3512 3084 3565 divina
3122 3512 3237 3581 ipsa
3286 3517 3509 3577 dextra;

1933 3619 2147 3670 verear,
2176 3619 2246 3658 ne
2277 3619 2365 3659 me
2407 3604 2576 3658 studii
2608 3619 2735 3675 erga
2786 3604 2937 3659 illum
2975 3605 3127 3659 nimii
3163 3617 3382 3662 accuset
3408 3608 3512 3662 ali-

1933 3697 2059 3767 quis
2086 3712 2153 3752 ει
2191 3696 2261 3751 iis
2288 3697 2380 3767 qui
2418 3697 2684 3767 linguam,
2720 3697 2796 3751 uti
2829 3711 2949 3761 nos,
2986 3706 3248 3753 exercent
3289 3699 3343 3752 in
3380 3714 3513 3753 con-

1932 3789 2224 3846 scribenda
2257 3801 2564 3859 temporum
2593 3799 2908 3843 nostrorum
2940 3789 3187 3843 historia.
3220 3788 3513 3844 Enimvero

1934 3882 1981 3937 si
2022 3882 2148 3953 quis
2174 3894 2326 3937 extra
2355 3882 2500 3937 illam
2537 3881 2927 3937 historicorum
2964 3883 3271 3953 palmstram
3302 3886 3511 3938 consti-

1934 3983 2105 4038 tutus.
2141 3986 2399 4046 tanquam
2432 3977 2763 4045 agonotheta
2803 3978 3001 4045 aliquis
3034 3992 3097 4030 ac
3139 3992 3331 4046 pugna:
3360 3974 3510 4028 arlii.

1939 4077 2021 4122 ter
2060 4067 2431 4136 incorruptus,
2467 4077 2718 4137 spectare
2756 4069 2913 4133 velit,
2949 4067 3153 4122 videbit
3183 4077 3333 4122 certe
3375 4066 3512 4121 alios

1936 4161 2032 4215 ira:
2076 4162 2370 4228 animoque
2426 4160 2657 4227 obsequi
2709 4169 2965 4228 tanquam
3015 4159 3164 4223 duci,
3214 4168 3387 4230 atque.
3437 4159 3508 4212 ita

1934 4250 2199 4315 scribere,
2231 4263 2289 4305 ut
2312 4251 2773 4321 quemadmodum
2800 4266 2900 4321 ego
2928 4268 3035 4305 nou
3067 4251 3294 4305 omnino
3317 4251 3509 4305 absum

1934 4362 1966 4400 a
2002 4347 2250 4409 veritate,
2288 4344 2368 4399 sic
2396 4354 2450 4398 et
2479 4344 2580 4413 ipsi
2618 4344 2686 4398 ab
2730 4344 2881 4399 omni
2912 4344 3135 4413 prersns
3168 4343 3365 4398 atfectu
3400 4360 3508 4397 non

1936 4442 2046 4496 sint
2076 4437 2264 4494 alieni.

334 4522 410 4578 θ’.
444 4525 520 4577 οὐ
571 4524 675 4593 γὰρ
727 4521 1032 4591 λελείψεταί
1080 4538 1169 4591 μοι
1214 4522 1343 4573 τῶνφ
1372 4519 1591 4575 πάντων
1641 4518 1830 4587 ὥσπερ

2008 4531 2101 4588 IX.
2140 4530 2271 4585 Mihi
2302 4529 2448 4585 enim
2486 4541 2544 4584 ut
2599 4529 2733 4584 nihil
2787 4545 2976 4585 eorum
3018 4544 3136 4599 quae
3184 4528 3503 4588 laudantur.

261 4618 408 4670 οὐδὲν
436 4618 547 4670 τῶν
572 4617 1001 4685 ἐπαινουμένων,
1034 4614 1203 4674 οὕτως
1235 4613 1355 4666 οὐδὲ
1378 4611 1486 4665 τῶν
1512 4610 1829 4681 ψεγομένων

264 4710 435 4777 οὐδὲν,
465 4708 595 4763 εἴτι
631 4709 725 4763 καὶ
771 4708 946 4777 τούτῳ
986 4707 1168 4773 σαφῶς
1206 4704 1481 4775 ἀνθρώπῳ
1518 4720 1580 4773 γε
1624 4703 1735 4755 δντι
1767 4705 1829 4773 ὴ·

266 4805 562 4874 μάρτηται,
594 4803 703 4855 εἴτε
732 4802 870 4855 κατά
899 4798 1122 4871 γνώμην
1153 4800 1252 4851 καὶ
1272 4798 1547 4867 βεύλήσιν,
1575 4797 1682 4848 εἴτε
1711 4793 1831 4849 κατ’

263 4895 505 4964 ἄγνοιαν,
542 4896 648 4948 εἴτε
692 4895 784 4948 καὶ
814 4892 911 4963 τῆς
944 4893 1035 4945 τοῦ
1070 4895 1262 4961 χρόνου
1300 4908 1357 4943 τε
1404 4890 1497 4942 καὶ
1529 4890 1636 4942 τῶν
1665 4891 1832 4955 ἀναγ-

266 4992 434 5043 καίων
471 4989 799 5060 βιαζομένης
820 4987 1160 5058 πραγμάτων
1183 4985 1378 5054 φορᾶς.
1415 4982 1499 5055 [Ρ.
1522 4982 1649 5055 402]
1685 4982 1827 5035 Πάν-

264 5098 367 5132 των
396 5080 508 5151 γὰρ
527 5082 729 5134 τούτων
766 5080 903 5147 μόνα
929 5080 999 5130 τὰ
1031 5078 1167 5131 κατὰ
1196 5076 1422 5145 γνώμην
1443 5075 1539 5128 καὶ
1579 5075 1830 5146 βούλησιν

264 5173 372 5241 ἔχει
400 5174 462 5225 τὸ
480 5174 677 5241 κράτος
712 5171 818 5224 τῶν
855 5172 1038 5241 ψόγων
1063 5170 1154 5222 καὶ
1187 5168 1295 5219 τῶν
1324 5169 1583 5228 ἐπαίνων.
1615 5168 1757 5221 Ὅσα
1774 5169 1829 5220 δὲ

265 5265 487 5335 ῥεούσης
505 5266 564 5318 τό
588 5283 651 5335 γε
676 5265 852 5319 δοκεῖν
867 5264 1186 5334 αὐτομάτως
1205 5261 1299 5313 καὶ
1313 5262 1485 5328 λόγων
1496 5260 1600 5312 τῶν
1621 5278 1829 5329 προση-

263 5356 465 5409 κόντων
511 5357 610 5427 τῆς
655 5359 824 5427 τύχης
858 5356 1034 5420 ἐκτὸς,
1086 5356 1178 5407 καὶ
1217 5354 1311 5406 νῦν
1342 5354 1442 5423 μὲν
1471 5354 1533 5407 τὸ
1574 5352 1829 5421 εὔδαιμον

262 5451 601 5521 χορηγούσης
642 5452 753 5510 τοῖς
785 5448 1039 5517 γινομένο
1064 5464 1091 5511 ς
1142 5446 1240 5517 ὅλῃ
1284 5447 1431 5516 δεξιᾷ
1475 5445 1567 5497 καὶ
1610 5444 1829 5513 δρόμοις

263 5544 531 5612 ἀσχέτοις,
559 5541 650 5597 νῦν
674 5541 730 5596 δὲ
754 5540 851 5610 τῆς
881 5540 1094 5601 εὐθείας
1123 5536 1545 5608 ἁποπλανώσης,
1581 5537 1673 5589 καὶ
1698 5537 1830 5606 πρὸς

266 5635 544 5703 κρημνοὺς
575 5634 940 5706 όδηγουμένης
973 5631 1108 5702 ὁμοῦ
1159 5633 1255 5685 καὶ
1291 5631 1585 5694 σκοπέλους
1621 5630 1849 5700 ἀτοπη-·

271 5726 475 5791 μάτων,
508 5727 602 5777 καὶ
635 5727 936 5797 πράγματα
970 5725 1184 5794 θρήνων
1226 5724 1395 5794 μεστὰ
1454 5725 1548 5773 καὶ
1577 5723 1831 5793 δακρύων

274 5816 497 5886 μακρῶν
548 5817 927 5888 πρεξενούσης,
982 5812 1058 5879 οἷς
1118 5817 1485 5884 κακοπραξέἰν
1537 5815 1671 5882 πρὸς
1732 5815 1828 5885 τῆς

1938 4626 2011 4680 ita
2050 4639 2156 4680 nec
2180 4637 2370 4680 eorum
2403 4638 2523 4694 quae
2549 4626 2931 4693 vituperantur
2962 4621 3260 4692 quidquam
3294 4622 3509 4675 omitte-

1936 4723 2045 4776 tur,
2090 4713 2132 4767 si
2173 4712 2304 4783 quid
2335 4713 2403 4765 ah
2429 4714 2532 4766 isto
2574 4723 2759 4782 utpote
2801 4712 3019 4765 homine
3055 4719 3337 4781 peccatum
3373 4727 3506 4764 con-

1932 4812 2059 4867 stet,
2088 4804 2203 4857 sive
2230 4803 2462 4857 consilio
2507 4819 2570 4857 ac
2615 4804 2919 4862 voluntate,
2957 4803 3071 4855 sive
3120 4818 3215 4870 per
3254 4802 3509 4871 ignoran-

1935 4898 2085 4959 tiam,
2131 4898 2246 4951 sive
2298 4907 2605 4964 temporum
2660 4911 2724 4951 ac
2778 4896 3120 4949 necessitatis
3154 4896 3205 4948 vi
3253 4906 3502 4964 cogente.

1935 4991 2010 5043 Ex
2050 4990 2135 5043 his
2162 4989 2365 5058 quippe
2402 4989 2659 5043 omnibus
2694 5004 2758 5042 ea
2806 4987 2918 5041 sola
2967 4991 3201 5041 maxime
3234 4987 3503 5041 laudanda

1932 5090 2027 5135 aut
2074 5079 2434 5149 vituperanda
2484 5089 2635 5142 sunt,
2685 5096 2806 5150 qua:
2851 5096 2959 5133 non
3014 5080 3134 5133 sine
3179 5080 3409 5134 consilio
3444 5094 3506 5132 ac

1933 5173 2211 5226 voluntate
2243 5170 2400 5224 ﬁunt.
2434 5169 2567 5237 Quae
2614 5186 2741 5225 vero
2788 5170 3042 5224 accidunt
3076 5172 3297 5234 nitente,
3328 5185 3505 5238 quan-

1936 5277 2049 5319 tutn
2078 5263 2300 5333 quidem
2328 5262 2567 5328 videtur,
2597 5272 2805 5316 temere
2837 5272 2891 5315 et
2926 5262 3061 5315 citra
3099 5262 3268 5331 legent
3300 5271 3502 5315 crrtam
3562 5262 3565 5263 ⁷

1934 5357 2151 5411 fortuna
2191 5359 2413 5423 (nempe
2447 5354 2560 5407 ham
2598 5353 2761 5407 modo
2796 5352 3111 5407 felicitatem
3147 5360 3289 5422 larga
3341 5368 3503 5405 manu

1933 5460 1987 5503 et
2022 5447 2240 5517 profuse
2274 5447 2621 5514 impertitur;
2658 5448 2820 5498 modo
2840 5463 2869 5498 ιι
2896 5456 3043 5499 recta
3075 5444 3158 5498 via
3185 5446 3504 5498 aberrantes

1935 5541 1987 5593 in
2039 5553 2281 5609 praeceps
2336 5538 2450 5607 agit
2494 5547 2677 5607 atque
2740 5538 2794 5591 in
2857 5538 3112 5605 scopulos
3156 5536 3501 5597 temeritatis,

1935 5632 2264 5699 facessitque
2338 5631 2409 5684 iis
2475 5629 2687 5699 negotia
2758 5629 2940 5681 luctus
3006 5644 3069 5681 ac
3138 5628 3501 5696 lacrynunrum

1931 5723 2099 5797 656
2129 5723 2304 5791 plena,
2346 5737 2484 5791 quos
2516 5736 2638 5775 esse
2673 5720 2919 5774 infelices
2961 5721 3125 5789 jussit
3159 5722 3475 5788 Omltipotelt

1936 5821 2005 5870 tis
2035 5812 2389 5884 providentia:
2416 5812 2742 5878 decretum),
2770 5827 2911 5882 qtlte,
2946 5813 3187 5879 inquam.
3224 5827 3249 5861 ιι
3282 5811 3355 5860 tot
3375 5819 3503 5861 tuna
