4036 6248
479 354 583 422 871
767 352 842 424 [Α.
884 367 940 405 ιι.
983 350 1147 415 6851,
1189 363 1297 403 mu.
1342 347 1428 420 ιη

1712 350 2123 412 ΝΙιῖΕίἮΟΙὶΙ
2163 349 2545 413 GREGOll/E

3613 333 3721 402 δτι

2829 341 2965 412 [tum
3008 356 3044 394 ι.
3088 351 3325 393 νηπίω..
3364 331 3426 409 ξ]
3493 341 3496 345 ‘

482 468 600 522 Non
647 466 813 535 igitur
848 465 1104 520 visitandi
1158 477 1305 515 nunc
1355 472 1591 529 tempus,
1625 459 1720 514 sed
1776 460 2052 514 uberrime

2159 477 2309 520 νους.
2343 460 2418 511 Οὐ
2455 457 2686 528 θεωρίας
2709 453 2802 510 οὖν
2827 458 2855 507 ὁ
2896 458 3088 523 παρὼν
3128 452 3320 521 καιρὸς
3374 449 3492 503 οὐδὲ
3520 448 3714 516 λόγων,

481 557 671 610 ﬂendi.
708 556 902 610 Gravis
934 556 1078 609 enim
1111 554 1198 607 hic
1229 553 1408 615 dolor,
1441 553 1532 620 qui
1563 559 1620 604 et
1664 566 1820 606 acres
1861 553 2051 604 adum-

482 663 611 701 vere
650 647 783 700 mihi
829 647 1080 700 stimulos
1115 654 1170 699 et
1210 643 1480 697 violentas
1517 642 1704 695 animo
1744 657 1870 697 tneo
1906 643 2053 696 faces

483 737 702 792 videtur
723 737 1037 799 subiicere;
1068 733 1325 804 quoniam
1355 731 1498 784 haud
1530 731 1692 785 datur
1718 746 1866 797 eum,
1897 733 2054 802 cujus

483 827 804 895 impressam
830 842 959 896 gero
988 827 1040 878 in
1075 824 1238 878 corde
1269 821 1583 890 imaginem.
1612 822 1846 876 amicum
1876 823 2055 877 intue-

485 920 531 972 ri
565 919 1022 988 pulcherrimum,
1055 913 1424 986 imperatoriis
1449 913 1872 986 circumseptum
1894 931 2053 970 oma-

485 1021 712 1081 tumque
742 1010 1103 1067 exercitibus.
1145 1028 1162 1060 ι

553 1190 642 1245 Ill.
681 1191 792 1246 Nec
820 1205 950 1245 vero
981 1187 1034 1243 id
1080 1190 1265 1259 lingua
1296 1189 1414 1260 ejus
1441 1190 1522 1245 sic
1560 1188 1800 1253 dicebat,
1842 1200 1902 1244 ut
1935 1189 2053 1244 ani-

482 1301 608 1339 mus
637 1300 744 1337 non
779 1282 1103 1336 afficeretur.
1141 1281 1248 1336 Sed
1284 1282 1459 1335 multo
1491 1283 1683 1352 majori
1717 1283 1866 1336 intus
1895 1281 2054 1336 dolo-

481 1391 542 1431 re
577 1385 770 1445 pectus
798 1374 1063 1445 ﬂagrabat
1096 1383 1260 1444 atque
1295 1373 1714 1430 incendebatur.
1766 1377 1936 1442 quue
1971 1374 2054 1429 af-

482 1467 704 1521 firmare
746 1467 922 1522 ausim
980 1467 1232 1536 pluribus
1292 1467 1562 1535 exemplis
1613 1467 1946 1524 declaratum
1989 1466 2054 1522 iri

480 1557 810 1623 evidentius,
865 1557 1199 1627 procedente
1256 1557 1359 1612 hac
1419 1558 1670 1612 historia.
1739 1559 1891 1612 Adeo
1945 1573 2052 1612 non

482 1653 751 1709 Barbaros
803 1654 1039 1708 habebat
1083 1652 1247 1707 homo
1298 1653 1587 1715 barbarus,
1637 1654 1731 1711 sed
1783 1657 2054 1709 humanos

480 1761 684 1811 mores,
719 1757 775 1802 et
806 1746 1050 1801 Grteeam
1086 1745 1244 1814 plane
1276 1746 1678 1801 institutionem
1713 1747 2049 1802 redolentes.

2151 549 2291 602 ἀλλὰ
2321 547 2577 619 δακρύων
2632 545 2879 616 μακρῶν.
2922 541 3214 612 Ἐμσριθὲς
3263 540 3372 609 γὰρ
3418 539 3478 591 τὸ
3529 536 3716 596 πάθος,

2154 638 2251 689 καὶ
2280 637 2535 708 δριμείας
2563 635 2663 704 μὲν
2693 631 2942 703 κομίζειν
2969 632 3120 686 δοκεῖ
3149 649 3238 700 μοι
3269 629 3367 693 τὰς
3388 624 3714 698 σελεγμονὰς,

2150 729 2520 801 δριμυτέρους
2556 728 2601 779 δ’
2632 726 2864 792 ἐπάγειν
2893 743 2995 795 μου
3021 727 3090 795 τῇ
3116 722 3262 794 ψυχῇ
3292 723 3417 782 τούς
3463 718 3717 788 πρηστῆ-

2156 836 2256 889 ρας
2281 837 2295 849 ·
2351 819 2476 874 ἐπεὶ
2513 819 2605 871 τὸν
2664 816 3050 870 ἑντυπωθέντα
3125 832 3226 886 μου
3261 817 3328 885 τῇ
3359 811 3553 882 καρδία
3593 811 3720 863 κάλ-

2151 912 2337 963 λιστον
2400 911 2555 980 φίλον
2624 909 2845 980 βλέπειν
2907 910 3008 962 οὐκ
3065 907 3196 978 ἔχω,
3243 907 3355 967 τοῖς
3424 901 3719 974 βασιλικοῖς

2152 1003 2539 1072 στρατοπέδοις
2572 1000 3075 1072 περικυκλούμενόν
3102 1016 3163 1052 τε
3197 999 3295 1051 καὶ
3321 993 3724 1064 ἑγκαλλωπιζὸο

2155 1112 2334 1166 μενον.
2375 1113 2394 1144 ι

2222 1183 2296 1236 Γθ.
2329 1183 2438 1236 Καὶ
2468 1184 2567 1236 οὐκ
2587 1181 2739 1252 ἔλεγε
2774 1181 2874 1252 μὲν
2902 1181 3077 1234 ταῦτα
3103 1182 3171 1249 τῇ
3201 1177 3439 1248 γλώττῃ,
3466 1176 3570 1228 οὐκ
3587 1174 3724 1226 ἐπα·-

2154 1295 2248 1348 σχε
2303 1278 2360 1330 δὲ
2385 1277 2485 1345 τὴν
2514 1278 2714 1347 ψυχήν.
2752 1275 2914 1329 ’Λλλά
2951 1275 3147 1344 μακρῷ
3173 1289 3277 1325 τινι
3312 1273 3496 1342 μεῖζον
3525 1268 3590 1322 τὸ
3625 1267 3724 1319 πά-

2153 1367 2244 1430 θος
2275 1365 2423 1418 ἔνδον
2445 1366 2611 1420 αὐτοῦ
2645 1367 2743 1435 τὴν
2773 1363 2950 1434 ψυχὴν
3017 1362 3318 1433 ῑπυρπὸλει
3375 1363 3474 1415 καλ⁸
3521 1361 3726 1420 ἔκαιεν,

2153 1458 2230 1520 ὡς
2274 1459 2685 1528 ἐμφανέστερον
2731 1457 2975 1527 πολλαχῆ
3043 1457 3343 1527 προϊοῦσαν
3385 1455 3586 1521 δείξειν
3631 1451 3728 1520 τὴν

2155 1551 2397 1618 ἱστορίαν
2415 1552 2578 1614 αὐτὸς
2611 1550 2985 1621 ἰσχυρίζομαι.
3026 1549 3220 1612 Οὕτως
3259 1545 3322 1601 οὐ
3371 1545 3656 1618 βάρϐαρον
3701 1549 3729 1599 δ

2155 1642 2432 1712 βάρϐαρος
2472 1637 2585 1712 εἶχε
2617 1642 2708 1694 τὸν
2751 1643 2974 1710 τρόπον,
3038 1640 3156 1694 ἀλλ’
3204 1641 3414 1711 ἥμερον
3467 1641 3565 1693 καὶ
3605 1655 3732 1691 παι-

2155 1735 2304 1795 δείας
2349 1734 2670 1803 Ἑλληνικῆς
2725 1733 2786 1786 τὸ
2842 1732 3106 1803 παράπαν
3163 1735 3440 1800 ἐχόμενον.
3495 1732 3566 1786 Ἦ
3625 1731 3732 1802 γὰρ

479 1841 689 1894 Merum
719 1843 865 1894 enim
904 1840 1229 1905 similitudo,
1266 1842 1312 1895 si
1351 1840 1423 1894 nil
1451 1841 1710 1909 amplius,
1741 1848 1799 1894 at
1829 1839 2054 1894 Orestas

2159 1827 2414 1896 ὁμοιότης
2440 1826 2549 1878 τῶν
2598 1826 2837 1894 τρόπων,
2886 1826 2936 1878 εί
2995 1825 3067 1894 μή
3112 1843 3162 1878 τι
3232 1826 3414 1890 πλέον,
3467 1823 3590 1877 ἀλλ’
3643 1821 3734 1876 οὖν

475 1929 629 1989 certe
665 1936 1006 2007 Pyladasque
1037 1937 1181 1990 inter
1215 1951 1273 1990 se
1307 1936 1610 1991 conciliat:
1642 1944 1699 1989 et
1742 1942 1904 1989 erant
1933 1934 2057 2004 qui-

480 2026 605 2080 dem
638 2026 715 2080 illi
739 2026 932 2081 eadem
963 2035 1125 2098 gente
1151 2025 1376 2081 oriundi
1417 2034 1475 2080 et
1520 2028 1789 2096 sanguine
1827 2035 2055 2094 cognato

476 2115 682 2188 juncti,
711 2111 1020 2186 iisdemque
1050 2128 1107 2172 et
1140 2115 1355 2186 legibus
1400 2127 1456 2171 et
1499 2115 1808 2188 disciplinis
1836 2113 2052 2169 imbuti.

479 2207 587 2261 Iste
621 2217 805 2261 autem
855 2209 1108 2263 barbaris
1149 2209 1473 2278 parentibus
1503 2217 1688 2268 natus.
1725 2206 1972 2262 moribus
1999 2215 2058 2261 et

477 2299 693 2368 legibus
726 2300 974 2354 barbaris
1004 2316 1033 2355 a
1067 2301 1300 2370 pueritia
1336 2299 1643 2361 institutus,
1679 2300 1971 2370 peregrino
2000 2309 2055 2354 et

474 2405 730 2447 sermone
777 2401 834 2446 et
873 2392 1022 2446 victu
1053 2408 1176 2446 eum
1217 2399 1488 2458 uteretur,
1527 2393 1688 2461 longe
1716 2391 1876 2456 mari,
1914 2392 2058 2446 mul-

479 2484 549 2537 tis
583 2493 640 2538 et
676 2485 960 2540 utentibus
984 2493 1042 2540 et
1071 2486 1307 2539 vallibus
1343 2485 1632 2553 profundis
1660 2500 1689 2538 a
1715 2483 2054 2540 Canlacirze-

479 2593 551 2629 no
579 2575 815 2640 divisus,
848 2578 1010 2630 vitam
1058 2593 1280 2646 prorsus
1328 2577 1659 2648 disjunetam
1696 2586 1753 2632 et
1786 2579 1862 2632 illi
1899 2580 2056 2650 igno-

479 2678 586 2721 tam
621 2668 834 2737 agebat,
869 2670 1088 2737 qualem
1117 2669 1298 2737 quivis
1326 2669 1632 2739 alienigena
1661 2689 1675 2722 :
1705 2675 1838 2740 quin
1869 2679 1926 2724 ct
1958 2685 2056 2738 pro

481 2759 668 2814 hostili
702 2759 945 2814 habitam
988 2760 1157 2830 650
1198 2760 1373 2814 ausim
1419 2760 1624 2816 dicere.
1663 2761 1848 2830 quue
1883 2761 1962 2826 fit,
1997 2770 2059 2814 ut

478 2852 642 2920 longe
681 2850 784 2904 iste
821 2852 1109 2905 intervallo
1141 2852 1261 2905 illos
1300 2851 1513 2906 ratione
1544 2851 1802 2906 amicitia:
1828 2852 2059 2906 transie-

480 2944 570 3005 rit,
601 2951 654 2996 et
691 2942 812 3012 ejus
850 2943 1023 3011 magis
1056 2958 1219 3011 quam
1253 2941 1472 2996 illorum
1509 2941 1740 2997 allectus
1787 2943 1854 2997 ad
1901 2959 2054 2997 sum-

482 3049 628 3088 mum
658 3032 895 3089 fervoris
922 3032 1150 3104 gradum
1184 3034 1521 3103 pervenerit.

553 3213 641 3267 ιν.
681 3211 837 3278 Quod
872 3213 914 3267 si
950 3211 1077 3283 quis
1109 3211 1490 3267 Cantacuzeno
1531 3213 1817 3270 blandiens
1842 3215 1896 3270 in
1925 3230 2053 3270 eum

480 3303 733 3357 conferat
768 3303 1041 3374 quidquid
1099 3305 1345 3356 melioris
1378 3320 1555 3358 causa:
1591 3303 1717 3370 fuit,
1770 3307 2052 3361 veritatem

479 3398 526 3449 is
554 3386 834 3450 inartifesla
871 3397 1069 3460 injuria
1111 3396 1327 3449 alliciat.
1382 3397 1666 3452 Ambobus
1692 3413 1821 3453 sane
1851 3400 1896 3453 si
1929 3401 2056 3470 quis

481 3494 624 3543 hanc
681 3489 885 3541 tribuat
941 3487 1181 3552 laudem,
1233 3488 1442 3543 carebit
1497 3490 1942 3558 reprehensione.
1997 3491 2054 3546 Si

479 3598 611 3635 vero
645 3581 842 3647 aliquis
884 3589 1052 3634 totam
1091 3581 1245 3635 alteri
1292 3579 1511 3650 eripiat,
1561 3596 1628 3635 eo
1660 3583 1803 3647 quod
1854 3583 2047 3637 barba-

481 3691 575 3727 rus
601 3689 801 3743 genere
843 3672 1011 3728 fuerit
1061 3688 1123 3726 ac
1171 3673 1397 3726 minime
1450 3673 1606 3726 nobis
1648 3672 1846 3740 aﬂiuis,
1881 3675 2054 3730 nemi-

482 3778 604 3814 nem
648 3771 778 3829 puto
809 3763 1054 3814 omnium
1094 3763 1230 3824 fore.
1279 3764 1371 3833 qui
1416 3779 1525 3816 non
1560 3763 1710 3817 illum
1746 3767 1944 3820 merito
1973 3782 2056 3819 re-

481 3853 807 3922 prehendat.
840 3855 1163 3908 Animorum
1197 3855 1400 3924 quippe
1427 3857 1740 3923 eonjunetio
1768 3867 1825 3911 et
1853 3871 2053 3924 cogna-

480 3951 555 4001 tio
613 3965 718 4000 non
762 3964 829 4000 ex
883 3962 1084 4016 genere
1134 3965 1208 4002 ως
1241 3949 1459 4006 imatur,
1518 3949 1609 4000 sed
1665 3965 1731 4004 ex
1787 3966 1852 4002 eo
1905 3951 2048 4019 quod

479 4040 762 4108 utriusque
785 4038 976 4093 eadem
1002 4041 1072 4093 sit
1095 4039 1369 4093 voluntas.
1398 4038 1870 4107 Quemadmodum
1900 4042 2048 4098 eniut

480 4137 532 4185 in
572 4132 956 4186 instrumentis
993 4132 1240 4196 musicis,
1277 4130 1448 4190 tibiis.
1505 4132 1655 4202 lyris,
1707 4134 1956 4194 citharis.
1989 4149 2053 4189 ac

479 4226 774 4292 tympanis.
828 4239 938 4276 non
983 4224 1227 4276 lucorum
1276 4223 1531 4277 vicinitas
1577 4226 1844 4278 musicum
1889 4223 2054 4279 edicit

475 4325 830 4378 concentum,
861 4313 952 4366 sed
986 4329 1249 4367 sonorum
1295 4315 1575 4368 modulata
1605 4317 1915 4375 consensio,
1948 4316 2050 4369 etsi

478 4410 616 4460 locis
650 4407 921 4477 disjnnela
956 4406 1067 4460 sint
1109 4423 1172 4460 ea
1215 4422 1336 4474 quae
1381 4407 1502 4461 soni
1553 4407 1843 4463 eﬂicientia
1896 4418 2048 4474 sunt,

2170 1917 2452 1988 Ὀρὲςταις
2479 1915 2616 1988 ὁμοῦ
2670 1918 2765 1971 καὶ
2821 1917 3089 1980 Πυλάδαις
3138 1918 3324 1986 σαφῶς
3375 1918 3632 1970 είσποιεῖ.
3669 1917 3731 1969 Ui

2161 2012 2261 2079 μὲν
2289 2012 2398 2080 γὰρ
2433 2010 2720 2081 ὁμόφυλοι,
2753 2010 2858 2073 κάξ
2914 2011 3165 2080 αἱμάτων
3219 2009 3590 2079 συγγενικῶν,
3641 2008 3736 2062 καὶ

2158 2105 2340 2175 νόμων
2372 2105 2466 2159 καὶ
2497 2104 2838 2175 μαθημάτων
2882 2107 3283 2176 μετεσχηκότες
3311 2104 3450 2176 ὀμοῦ
3473 2105 3591 2158 τῶν
3643 2105 3736 2158 αὐ-

2157 2197 2268 2251 τῶν
2294 2209 2310 2225 ⁶
2342 2198 2369 2249 ὁ
2397 2198 2454 2250 δὲ
2483 2197 2760 2268 βάρϐαρον
2785 2198 2926 2268 ἔχων
2957 2199 3058 2268 τὴν
3102 2200 3341 2266 γένεσιν,
3380 2201 3478 2252 καὶ
3530 2197 3740 2271 βαρόἁο

2160 2301 2276 2354 ροις
2305 2285 2462 2355 ἥθεσί
2485 2305 2543 2339 τε
2571 2286 2668 2340 καὶ
2694 2287 2881 2356 νόμοις
2912 2288 3413 2359 συντεθραμμένος,
3459 2291 3558 2341 καὶ
3584 2288 3737 2342 ἁλλο-

2159 2378 2314 2449 φύ).ῳ
2345 2378 2624 2449 χρώμενος
2654 2382 2806 2452 φωνῇ
2845 2381 2941 2434 καὶ
2981 2380 3198 2450 γλώττῃ
3233 2381 3327 2434 καὶ
3377 2381 3591 2454 διαίτῃ.
3645 2383 3738 2435 καὶ

2162 2470 2391 2532 πολλαῖς
2411 2470 2515 2540 μὲν
2544 2472 2865 2538 θαλάσσαις,
2911 2472 3130 2536 πολλοῖς
3158 2472 3205 2526 δ’
3225 2472 3377 2541 δρεσί
3408 2489 3468 2524 τε
3497 2478 3601 2528 καὶ
3630 2472 3736 2542 φά·-

2159 2559 2325 2630 ραγξι
2375 2562 2832 2633 Καντακουζηνού
2905 2564 3270 2634 διῖστάμενος,
3331 2566 3571 2632 ἄμικιον
3623 2561 3738 2635 εἶχε

2161 2655 2341 2723 πάντη
2367 2655 2458 2706 τὸν
2489 2653 2608 2724 βίον
2629 2656 2783 2727 αὐτῷ
2821 2660 2915 2710 καὶ
2965 2658 3186 2725 ἀγνῶτα
3245 2659 3340 2713 καὶ
3393 2659 3737 2730 ἀλλόφυλον

2157 2747 2321 2818 φαίην
2348 2747 2395 2801 δ’
2427 2747 2493 2801 ἂν
2518 2750 2613 2801 καὶ
2654 2750 2712 2801 ὲν
2735 2750 2944 2820 ἐχθρῶν
2988 2753 3323 2819 τεταγμένον
3382 2752 3556 2825 μοίρᾳ
3587 2769 3601 2783 ⁸
3665 2752 3740 2816 ὡς

2161 2843 2389 2912 μακροῖς
2419 2859 2530 2894 τισι
2557 2839 2645 2894 διὰ
2669 2841 2844 2894 ταῦτα
2881 2844 2994 2904 τοῖς
3033 2845 3255 2914 μέτροις
3295 2851 3508 2899 τουτονὶ
3564 2863 3738 2915 παρτ·

2157 2931 2374 2984 λαύνειν
2401 2933 2642 2996 ἐκείνους
2673 2936 2753 2995 είς
2783 2933 2941 3002 λόγον
2966 2936 3170 3003 φιλίας,
3191 2935 3287 2990 καὶ
3316 2938 3453 2990 πολύ
3476 2937 3543 2990 τὸ
3567 2939 3736 3009 ὑπερ-

2160 3023 2354 3076 ϐάλλον
2377 3026 2472 3095 τῆς
2508 3023 2715 3095 θέρμης
2774 3026 2872 3092 τὴν
2919 3024 3112 3079 τούτου
3173 3025 3376 3095 μᾶλλον
3429 3027 3738 3098 κεκτῆσθαι

2161 3119 2366 3189 σχέσιν,
2400 3117 2432 3186 ἢ
2464 3117 2562 3188 τὴν
2591 3117 2839 3171 ἐκείνων.
3498 3178 3500 3180 τ

2231 3212 2302 3264 Δ’.
2338 3209 2397 3263 El
2431 3209 2489 3262 δέ
2539 3225 2621 3272 τις
2673 3209 3114 3280 Καντακουζηνῷ
3147 3211 3504 3283 χαριζόμενος
3537 3215 3603 3268 τὸ
3633 3216 3740 3270 πᾶν

2157 3302 2253 3372 τῆς
2281 3302 2554 3372 βελτίονος
2611 3305 2795 3368 αἰτίας
2830 3305 3029 3373 τουτῳῒ
3056 3305 3235 3375 φέρων
3281 3308 3593 3381 ἀνατιθείη,
3627 3310 3736 3363 ἁδι-

2163 3399 2387 3465 κήσειεν
2424 3396 2492 3448 ἂν
2527 3395 2584 3459 ἐς
2615 3395 2675 3448 τὸ
2706 3397 2985 3466 προφανὲς
3013 3410 3112 3468 την
3143 3399 3421 3470 ἀλήθειαν.
3473 3403 3742 3471 Ἀμφοτέ-

2160 3505 2274 3558 ροις
2300 3489 2410 3559 γὰρ
2440 3489 2597 3550 εἴτις
2623 3492 2774 3541 τουτὶ
2817 3493 3108 3560 παρέχοιτο
3144 3493 3403 3560 τάγαθὸν,
3440 3495 3636 3551 οὐδένα
3673 3498 3739 3549 ἂν

2159 3581 2336 3650 σχοίη,
2359 3583 2510 3642 ὅστις
2542 3583 2636 3635 καὶ
2667 3583 2980 3652 μέμφεσθαι
3014 3582 3274 3653 βούλοιτο.
3302 3584 3388 3657 [Ρ.
3415 3587 3546 3662 405]
3575 3589 3641 3642 EC
3656 3607 3736 3652 τις

2157 3671 2201 3722 δ’
2227 3675 2318 3724 ἐκε
2330 3673 2439 3724 ίνου
2464 3670 2718 3739 καθάπαξ
2750 3671 2896 3725 τοῦτ’
2921 3675 3180 3747 ἀφαιροίη
3205 3678 3460 3744 τάγαθὸν,
3493 3681 3580 3732 ὅτι
3607 3682 3740 3749 βάρ-

2159 3763 2328 3824 ϐαρον
2357 3763 2484 3835 ἔσχε
2519 3767 2580 3818 τὸ
2628 3766 2784 3831 γένος
2821 3765 2916 3818 καὶ
2943 3765 3147 3835 ἥκιστα
3189 3770 3476 3840 συγγενὲς,
3532 3772 3733 3826 οὐδένα

2157 3851 2401 3924 ἂνοῖμαι
2435 3858 2591 3925 σχοίη
2638 3857 2748 3906 τῶν
2821 3855 3062 3921 πάντων,
3112 3859 3262 3920 ὅστις
3319 3861 3419 3912 οὐκ
3472 3864 3736 3927 ἐπιεικῶς

2161 3946 2458 4013 μέμψαιτο.
2492 3948 2603 4017 Τὴν
2643 3951 2752 4019 γὰρ
2779 3948 2876 4016 τῆς
2902 3950 3081 4021 ψυχῆς
3105 3953 3362 4023 ὁμόνοιαν
3393 3970 3451 4006 τε
3479 3962 3578 4009 καὶ
3607 3973 3737 4023 συγ-

2159 4038 2374 4103 γένειαν
2398 4040 2522 4110 οὐχί
2546 4040 2606 4091 τὸ
2640 4041 2817 4107 γένος,
2843 4040 2961 4094 ἀλλ’
3013 4045 3169 4114 ἡτῆς
3216 4045 3447 4117 γνώμης
3489 4048 3735 4104 δείκνυσι

2157 4131 2445 4200 ταυτότης.
2499 4133 2586 4196 Ὠς
2625 4134 2734 4202 γὰρ
2763 4136 2822 4186 ἐν
2851 4136 2962 4197 τοῖς
3009 4141 3290 4205 μουσικοῖς
3329 4141 3614 4207 ὀργάνοις,
3639 4144 3736 4196 ὃσα

2158 4228 2217 4275 ἐν
2245 4225 2427 4289 αὐλοῖς
2459 4228 2553 4279 καὶ
2581 4226 2777 4296 λύραις
2817 4228 2915 4280 καὶ
2969 4230 3225 4299 κιθάραις
3269 4238 3364 4285 καὶ
3405 4237 3730 4303 τυμπάνοις,

2157 4321 2254 4386 οὐχ
2281 4319 2311 4385 ἡ
2338 4316 2445 4369 τῶν
2468 4319 2648 4370 τόπων
2676 4318 3148 4391 ὲγγύτηςτὴντῆς
3181 4325 3446 4395 ἁρμονίας
3469 4330 3734 4399 δημιυυρ.

2157 4412 2243 4477 γεῖ
2268 4412 2612 4477 συμφωνίαν,
2652 4410 2767 4463 ἀλλ’
2800 4413 2832 4481 ὴ
2867 4412 2968 4482 τῆς
3012 4415 3198 4486 φωνῆς
3252 4420 3496 4490 ἐμμελὴς
3557 4423 3733 4491 ὸμοιὸ-

479 4501 822 4552 tzmturndem
864 4513 1082 4567 quoque
1114 4498 1526 4568 deprehendere
1559 4508 1645 4552 «ist
1681 4509 1735 4552 et
1776 4500 1830 4552 in
1874 4501 2054 4556 homi-

2165 4517 2286 4568 της,
2319 4501 2418 4553 κᾶν
2451 4501 2698 4571 ἀλλήλων
2719 4503 2911 4575 πόρρω
2946 4521 3050 4558 που
3075 4507 3172 4578 τὴν
3232 4512 3465 4581 τοπικὴν
3498 4514 3732 4583 τύχωσιν

482 4607 610 4643 num
640 4590 860 4654 animis,
890 4590 994 4642 etsi
1027 4591 1167 4643 forte
1191 4605 1255 4642 ex
1284 4590 1543 4657 gentibus
1571 4591 1805 4646 diversis
1836 4591 2052 4660 generis

479 4683 566 4736 sui
596 4683 866 4754 origini-nt
906 4683 1132 4746 ducant,
1165 4681 1268 4736 etsi
1299 4682 1532 4745 inﬁnitis
1561 4699 1589 4736 a
1618 4700 1676 4739 se
1706 4686 1936 4739 invicem
1970 4684 2053 4738 di-

479 4783 624 4828 stent
658 4782 816 4826 terra:
851 4788 913 4825 ac
943 4774 1109 4825 inuris
1145 4771 1470 4826 intervallis.

552 5063 616 5117 V.
663 5063 734 5117 Iis
757 5077 945 5132 porro,
976 5077 1098 5128 quae
1122 5051 1259 5123 dixi,
1293 5058 1429 5113 fides
1455 5057 1658 5113 deinde
1689 5058 1898 5113 firmior
1924 5077 2057 5116 cou-

483 5157 651 5211 stabit
679 5172 745 5207 ex
789 5154 880 5217 iis,
932 5167 1055 5221 quae
1089 5150 1419 5220 procedente
1455 5151 1559 5205 hoc
1593 5165 1760 5219 opere
1806 5151 2057 5205 dicentur

485 5248 553 5302 de
603 5247 825 5302 homine
876 5246 989 5306 illo,
1038 5257 1240 5314 genere
1284 5242 1509 5313 quidem
1554 5252 1611 5297 at
1655 5258 1762 5297 non
1808 5243 2056 5299 moribus

487 5341 755 5401 barbaro;
787 5335 1097 5404 cuiusmodi
1143 5343 1227 5390 est
1268 5333 1436 5388 istud.
1484 5332 1621 5387 Cum
1655 5349 1721 5388 cx
1760 5333 2060 5406 Didymoti-

483 5435 588 5484 eho
610 5431 926 5499 imperatrix
959 5431 1112 5481 lrene
1167 5426 1399 5496 plurima
1439 5428 1488 5481 ei
1543 5428 1805 5495 mitteret,
1837 5445 1961 5498 quae
1991 5429 2057 5483 ad

487 5523 694 5574 victum
749 5530 844 5573 aut
896 5521 962 5572 ad
1013 5518 1273 5572 vestitum
1326 5517 1682 5586 pertinerent,
1727 5534 1916 5585 «jureve
1965 5535 2060 5573 no-

485 5624 806 5664 cturnorum
841 5607 1136 5677 tegminum
1174 5621 1331 5659 usum
1369 5605 1671 5674 explerent,
1719 5622 1782 5660 ac
1827 5606 2060 5661 saavien-

490 5714 597 5756 tetn
635 5713 747 5756 tum
782 5703 1044 5769 temporis
1067 5698 1226 5770 851
1258 5698 1618 5751 hibernorum
1652 5699 1916 5770 frigorum
1948 5701 2059 5755 vim

488 5810 677 5851 arcere
706 5803 948 5866 possent,
1000 5794 1135 5846 nihil
1189 5806 1428 5858 unquam
1478 5792 1732 5858 accepit;
1770 5792 1928 5861 plane
1959 5795 2058 5848 ab-

2162 4593 2352 4663 ἕχοντα
2393 4595 2540 4646 θέσιν
2570 4594 2640 4648 τὰ
2664 4595 2760 4665 τῆς
2816 4599 3001 4666 φωνῆς
3053 4601 3431 4674 τελεσιουργὶ,
3486 4605 3632 4659 οὕτω
3673 4607 3733 4677 δὴ

2159 4687 2220 4737 τὸ
2253 4686 2633 4758 παραπλήσιον
2665 4687 2942 4743 δείκνυται
2987 4693 3089 4744 κάν
3136 4697 3256 4756 ταῖς
3288 4696 3397 4749 τῶν
3433 4699 3732 4769 ἀνθρώπων

2159 4778 2381 4846 ψυχαῖς,
2433 4781 2538 4831 κᾶν
2587 4779 2920 4848 ἀλλοφύλους
2962 4783 3180 4853 ἔχοντες
3229 4787 3435 4856 τύχωσι
3479 4795 3581 4854 τὰς
3643 4791 3732 4844 τοῦ

2163 4869 2351 4935 γένους
2377 4873 2672 4940 κρηπῖδας,
2695 4874 2801 4926 κᾶν
2826 4874 3039 4946 μυρίοις
3063 4877 3210 4946 ὅροις
3234 4879 3334 4948 γῆς
3349 4898 3440 4933 και
3467 4883 3732 4954 θαλάττης

2162 4961 2410 5030 ἀλλήλων
2437 4966 2773 5036 ἀπέχωνται.

2238 5055 2312 5109 Εν.
2359 5057 2687 5129 Ιῖεὸαιὸτερα
2717 5059 2763 5115 δ’
2799 5060 2953 5114 ἔσται
2978 5063 3092 5125 τοῖς
3130 5065 3442 5133 εἰρημένοις
3475 5068 3728 5138 ἐχέγγυα,

2162 5152 2335 5202 ὁπόσα
2386 5155 2630 5220 προῖόντι
2662 5154 2744 5224 τῷ
2771 5157 2914 5225 λόγῳ
2936 5157 3209 5222 λελέξεται
3241 5162 3370 5231 περὶ
3396 5162 3490 5215 τοῦ
3533 5165 3730 5233 βαρσά-

2168 5259 2264 5308 ρου
2290 5241 2446 5295 τοῦδε
2478 5246 2537 5296 τὸ
2571 5247 2728 5312 γένος
2781 5249 2875 5299 καὶ
2903 5249 2963 5301 οὐ
2995 5250 3086 5301 τὸν
3114 5253 3319 5323 τρόπον
3367 5254 3564 5326 ἀνδρός
3585 5275 3601 5288 ο
3627 5252 3732 5310 οἷον

2165 5333 2229 5398 δὴ
2258 5336 2498 5389 κάκεῖνο,
2539 5336 2777 5390 Πλεῖστα
2801 5339 2909 5410 γὰρ
2931 5341 3027 5408 τῆς
3058 5340 3332 5409 βασιλίδος
3370 5345 3608 5419 Είρήνης
3670 5351 3731 5401 ἐκ

2167 5425 2551 5496 Διδυμοτείχου
2619 5432 2971 5501 πεμπούσης,
3029 5436 3203 5487 ὁπόσα
3237 5439 3317 5500 είς
3615 5447 3730 5493 ἑπι-

2169 5517 2378 5585 τῂδεια,
2409 5520 2503 5571 καὶ
2541 5519 2642 5572 ὅσα
2675 5527 2732 5572 ἐν
2765 5523 3054 5593 ἐνδύμασι,
3120 5528 3218 5579 καὶ
3261 5529 3362 5582 ὅσα
3417 5535 3728 5600 νυκτερινῆς

2171 5611 2379 5677 σκέπης
2411 5612 2835 5681 ἀποπληροῦντα
2892 5619 3080 5685 χρείαν
3113 5625 3128 5637 ³
3159 5620 3252 5686 τὴν
3303 5622 3399 5676 τοῦ
3460 5628 3726 5696 χειμερίου

2171 5706 2380 5772 ψύχους
2417 5707 2707 5759 ἀποσοϐεῖν
2763 5709 3019 5762 ἐδύναντο
3074 5713 3381 5782 τηνικαῦτα
3425 5717 3724 5787 δριμύτητα

2172 5798 2322 5850 οὐδὲν
2351 5798 2560 5868 οὐδαμῆ
2591 5800 2952 5869 προσεδέξατο
2979 5821 2992 5834 ·
3025 5805 3139 5856 ἀλλ’
3194 5808 3398 5876 ἔφησεν
3443 5807 3580 5867 εἶναι
3636 5825 3724 5860 σα·
