4094 6246
373 367 495 432 1031
748 361 822 434 [Α.
861 378 914 420 c.
963 361 1120 435 l5t7]

1374 363 1822 427 ΒΥΖΑΝΤΙΝΣΕ
1859 357 2242 425 HISTORIA!
2280 359 2426 420 LIB.
2466 358 2586 420 XV.

3479 351 3614 417 1038

2738 349 2870 423 [ινιτ.
2911 368 2954 407 ι.
2996 365 3232 406 nume.
3271 347 3329 415 θ]

371 485 466 554 μιν
511 481 882 552 καττιτέρινα,
945 483 1016 537 si
1046 481 1254 538 δ’ἄλλα
1297 484 1478 537 πάντα
1529 483 1784 552 κεραμεᾶ
1833 479 1930 534 καὶ

2053 477 2220 532 mmia
2251 475 2439 532 ﬁctilia
2469 484 2526 532 et
2580 481 2816 530 testacea
2846 481 3055 529 essent.
3105 472 3186 527 Ex
3221 471 3311 527 bis
3355 471 3612 540 quilibet,

364 576 673 645 ὀστράκινα.
695 572 788 639 Ἐξ
810 567 889 628 ὧν
909 573 1086 640 ἔξεστι
1114 577 1356 628 συνιέναι
1376 576 1487 639 τοῖς
1517 575 1632 627 ὅσοι
1659 573 1734 644 μὴ
1753 575 1935 635 ἁδαεῖς

363 664 469 720 τῶν
514 665 774 719 τοιούτων
826 665 922 720 καὶ
973 667 1103 736 περὶ
1164 667 1274 718 τῶν
1333 665 1510 730 ἄλλως
1540 664 1933 734 ὀφειλομένων,

367 757 535 813 ὁπόσα
567 757 645 826 μὴ
670 760 812 811 κατὰ
833 757 894 811 τὸ
927 757 1081 822 είκδς
1103 758 1378 812 τελεῖσθαι
1411 756 1711 824 ξυνέϐαινε,
1732 757 1811 826 τῷ
1834 757 1937 826 τῆς

365 847 571 913 ἐνδείας
594 848 757 919 βιαίῳ
786 847 899 902 τῶν
928 849 1050 902 τότε
1095 850 1556 921 τυραννουμένων
1593 849 1936 921 πραγμάτων

364 938 456 992 καὶ
475 937 652 1007 λόγων
696 939 810 993 καί
849 939 1296 1010 ἐγχειρημάτων.
1337 939 1450 995 Ἐῶ
1470 942 1579 1011 γὰρ
1608 941 1819 1010 λέγειν,
1851 936 1938 995 ὅτι

364 1029 458 1084 καὶ
499 1031 568 1085 τὰ
626 1029 881 1098 βασιλικᾶ
931 1031 1030 1102 τῆς
1060 1032 1254 1103 ἑορτῆς
1297 1032 1512 1102 ὃῖιείνης
1539 1031 1846 1104 διαδήματά
1877 1049 1937 1086 τε

363 1119 461 1174 καὶ
509 1118 921 1192 περιϐλήματα,
954 1120 1032 1184 ὡς
1059 1121 1156 1174 ἐπὶ
1185 1123 1247 1174 τὸ
1279 1122 1550 1190 πλεῖστον,
1602 1122 1808 1194 χρυσοῦ
1839 1124 1940 1192 μὲν

362 1202 512 1279 εἰχον
541 1209 645 1276 τὴν
674 1210 980 1278 φαντασίαν
1013 1209 1110 1266 καὶ
1129 1209 1296 1264 λίθων
1319 1211 1486 1280 δῆθεν
1520 1212 1931 1283 πολυτιμήτων

361 1303 431 1356 τὰ
473 1299 522 1356 δ’
586 1296 656 1372 ἦν
712 1303 894 1356 ἐκεῖνα
931 1302 1033 1371 μὲν
1067 1305 1181 1357 dub
1218 1303 1477 1367 σκύτους,
1531 1305 1708 1358 ὁπόσα
1736 1305 1940 1374 χρυσὺς

363 1393 664 1463 ἐπιχρώζσι
713 1395 850 1464 πρδς
905 1395 1003 1464 τὴν
1060 1396 1171 1449 τῶν
1227 1395 1476 1450 σκυτέων
1505 1397 1680 1450 ἐνίοτε
1709 1399 1935 1467 χρείανο

361 1482 540 1536 ταῦτα
558 1482 603 1536 δ’
625 1483 686 1550 ἐξ
712 1482 908 1547 θέλων,
933 1483 1288 1555 παντοδαπὴν
1311 1483 1547 1556 ἐχόντων
1575 1489 1768 1556 χροιὰν
1801 1487 1937 1558 πρὸς

360 1579 423 1626 το
447 1573 692 1642 διαυγές.
729 1569 912 1629 Ἦσαν
965 1573 1012 1628 δ⁸
1038 1568 1104 1629 οὗ
1130 1575 1226 1630 καὶ
1257 1576 1541 1646 σποράδην
1579 1576 1754 1630 εἰπεῖν
1785 1577 1942 1630 εὐκο-

361 1667 534 1736 σμίαν
588 1666 807 1737 εχοντες
845 1667 1225 1738 ἀληθεύουσαν
1277 1669 1418 1722 λίθοι
1474 1670 1790 1734 πολυτελεῖς
1844 1671 1943 1726 καὶ

365 1759 670 1830 μαργάρων
733 1760 1082 1832 στιλπνότης,
1129 1763 1230 1816 οὐκ
1277 1764 1550 1819 ἁπατῶσα
1587 1765 1689 1828 τὰς
1746 1765 1937 1835 θψεις·

2042 587 2233 627 earum
2265 586 2451 625 rerum
2483 585 2593 624 non
2624 569 2799 634 rudis,
2857 578 3050 623 czetera
3112 582 3332 637 quoque
3392 567 3614 620 aliunde

2045 661 2330 733 requisita,
2388 675 2492 715 nec
2549 661 2624 714 ita
2658 668 2717 714 ut
2768 675 2863 728 par
2896 668 3015 713 erat
3042 661 3278 728 perfecta
3313 657 3614 729 (tyrannira

2043 753 2250 822 quippe
2279 753 2480 822 inopia:
2513 750 2565 805 vi
2597 752 2649 804 in
2683 751 2863 813 facts,
2911 750 2963 802 in
3009 749 3194 813 dictis,
3246 753 3300 802 in
3342 749 3612 813 consiliis,

2047 857 2161 900 tum
2192 843 2455 911 temporis
2483 844 2823 913 dominante)
2878 841 3052 899 facile.
3090 842 3473 896 intellecturus
3505 854 3612 895 est.

2042 937 2180 992 Nam
2211 937 2304 991 illa
2343 935 2565 1007 quidem
2598 933 2782 990 dicete
2810 936 3027 1001 omitto,
3060 943 3116 987 ut
3158 943 3215 989 et
3273 934 3388 1002 ipsa
3437 933 3492 987 itt
3527 949 3620 986 so—

2045 1026 2330 1083 lemnitate
2390 1027 2698 1080 diademata
2751 1035 2807 1080 et
2855 1026 3201 1090 Vestimenta,
3262 1026 3495 1080 maxima
3549 1039 3619 1080 ex

2048 1129 2225 1189 parte,
2288 1118 2408 1172 auri
2433 1117 2656 1187 quidem
2713 1115 2954 1186 speciem
2991 1114 3258 1170 baberent
3289 1124 3344 1168 et
3373 1130 3621 1183 gemina-

2049 1232 2170 1270 rum
2242 1213 2807 1286 pretiosissimarum;
2871 1211 3386 1280 cunstarent789
3433 1219 3618 1265 autem

2048 1308 2138 1364 illa
2167 1309 2343 1371 corio,
2372 1308 2554 1377 qualia
2579 1319 2976 1373 nonnunquam
3004 1305 3328 1358 inaurantur
3359 1304 3423 1358 ad
3474 1305 3622 1357 cori-

2047 1401 2293 1454 ariorum
2327 1414 2530 1463 usum;
2585 1399 2702 1453 haec
2748 1400 2912 1456 vitro.
2977 1395 3286 1460 omnigenis
3341 1396 3623 1451 coloribus

2049 1484 2389 1561 perlucente.
2425 1488 2556 1544 Erat
2580 1499 2764 1543 tamen
2800 1484 3028 1551 alicubi,
3081 1483 3178 1539 sed
3211 1485 3466 1554 sparsim,
3509 1485 3624 1540 εἰπέ

2047 1597 2208 1637 cerus
2233 1584 2604 1652 pretiosorum
2636 1579 2880 1650 lapidum
2910 1580 3081 1644 nitor,
3111 1589 3173 1634 et
3202 1578 3271 1644 is,
3307 1579 3402 1648 qui
3432 1582 3625 1634 oculos

2051 1689 2160 1729 non
2201 1675 2506 1745 deciperet,
2548 1674 2971 1742 margaritarum
3003 1673 3204 1743 fulgor.
3233 1673 3386 1727 Adeo
3415 1673 3623 1740 dilapsa

2050 1775 2173 1822 erat
2201 1767 2534 1837 penitusque
2563 1765 2834 1822 exstincta
2857 1775 2914 1820 et
2942 1765 3291 1835 pessumdata
3330 1774 3487 1820 vetus
3531 1767 3624 1820 illa

358 1849 543 1914 οὕτως
567 1851 720 1924 ιρρει
739 1855 835 1906 καί
863 1853 1072 1924 σφόδρα
1102 1854 1238 1926 ἔσϐη
1271 1857 1364 1938 καὶ
1390 1857 1700 1928 κατηνέχθη
1746 1859 1818 1911 τὰ
1847 1859 1947 1930 τῆς

2053 1857 2130 1913 rei
2161 1859 2423 1916 Romanae
2465 1859 2687 1915 fortuna
2713 1868 2772 1914 et
2797 1859 3222 1930 magniﬁcentia,
3284 1869 3342 1912 ut
3381 1874 3449 1914 ne
3477 1875 3626 1913 nunc

358 1941 603 2012 ἀρχαίας
629 1943 849 2014 ἐκείνης
893 1946 1247 2016 εὐδαιμονίας
1291 1963 1351 2000 τε
1418 1948 1512 2001 καὶ
1557 1947 1946 2018 λαμπρότητος

356 2035 470 2089 τῶν
511 2033 842 2104 Ῥωμαϊκῶν
897 2037 1286 2107 πραγμάτων·
1334 2038 1409 2102 ὡς
1443 2038 1540 2092 νῦν
1569 2056 1634 2108 γε
1667 2040 1795 2110 μηδ’
1814 2039 1944 2094 ἄνευ

357 2127 627 2197 αἰσχύνης
675 2129 820 2200 ἔχειν
868 2130 1014 2200 ημᾶς
1061 2128 1344 2185 ἐκτιθέναι
1391 2133 1491 2201 τὴν
1529 2129 1639 2186 τῶν
1685 2134 1946 2188 τοιούτων

356 2219 675 2290 ἀφήγησιν.

433 2309 513 2365 E'.
543 2313 728 2366 Αἰτίαι
751 2307 955 2384 δ’ἧσαν
981 2315 1082 2386 τῆς
1105 2318 1371 2386 τοιαύτης
1395 2318 1716 2386 καταφορᾶς
1743 2335 1802 2372 τε
1852 2320 1948 2372 καὶ

356 2404 791 2475 κακοδαιμονίας
815 2424 832 2442 ο
881 2407 1074 2478 πρώτη
1109 2409 1232 2478 μέν,
1281 2412 1315 2481 η
1351 2409 1461 2464 τῶν
1502 2411 1789 2482 ἐμφυλίων
1814 2415 1948 2467 στά-

357 2514 508 2552 σεων
570 2499 715 2570 φορὰ
757 2517 817 2554 τε
866 2504 963 2556 καὶ
995 2503 1299 2572 σύγχυσιςο
1445 2505 1622 2577 ῥᾴστη
1654 2505 1755 2573 μὲν
1782 2505 1950 2576 η’τῶν

354 2587 535 2641 δντων
571 2584 638 2658 ἦν
667 2592 1026 2660 χρηματικών
1056 2591 1283 2644 εἰσόδων
1333 2593 1618 2662 ἀνατροπὴ
1641 2606 1658 2624 ⁸
1695 2593 1871 2664 ῥᾴστη
1903 2591 1949 2645 δ’

352 2683 389 2750 ἡ
419 2681 528 2750 τῆς
566 2683 667 2735 οὐκ
693 2682 860 2754 οὔσης
890 2685 1139 2753 δαπάνης
1168 2683 1389 2753 εὕρεσις
1421 2686 1515 2738 καὶ
1550 2685 1765 2739 ἐπίνοια
1785 2701 1801 2716 ’
1827 2686 1950 2738 δευο

351 2773 501 2844 τέρα
531 2775 708 2827 δὲκαὶ
732 2775 1042 2843 τελευταία,
1067 2776 1128 2829 τὸ
1158 2777 1500 2848 φιλάργυρον
1531 2794 1589 2831 τε
1620 2779 1716 2829 καὶ
1753 2796 1955 2849 χρυσο-

355 2866 538 2936 μανές
589 2867 689 2933 τῆς
743 2865 970 2936 γνώμης
1019 2868 1117 2936 τῆς
1164 2885 1224 2920 τε
1272 2866 1550 2938 βασιλίδος
1605 2869 1806 2935 ’Λννης
1860 2871 1953 2921 καὶ

365 2959 626 3024 Ἀλεξίου
649 2958 747 3014 τοῦ
805 2960 1151 3014 Ἀποκοιύκου
1176 2977 1188 2989 ·
1250 2954 1331 3024 οἷς
1362 2963 1394 3031 ἡ
1425 2960 1523 3014 τοῦ
1551 2961 1952 3030 στρατεύεσθαι

349 3053 529 3122 χρεία
587 3053 728 3105 κατὰ
782 3051 878 3104 τοῦ
933 3054 1412 3126 Καντακουζηνού,
1461 3056 1740 3126 πρόφασιν
1774 3073 1953 3125 παρα-

2049 1952 2273 2022 quidem
2320 1953 2440 2006 sine
2488 1953 2702 2024 pudore
2766 1965 2960 2007 earum
3017 1966 3203 2006 rerum
3254 1951 3624 2006 narrationem

2049 2043 2216 2099 cdere
2242 2044 2538 2113 possimus.

2128 2312 2184 2367 ι’.
2217 2307 2330 2369 Cur
2356 2319 2542 2368 autem
2569 2312 2708 2370 adeo
2741 2329 2832 2368 res
2849 2309 3077 2384 perdita:
3103 2323 3159 2371 et
3199 2314 3406 2372 amictu:
3422 2328 3628 2385 essent,

2052 2407 2136 2462 bze
2171 2422 2349 2462 causae
2381 2415 2564 2461 erant.
2596 2408 2806 2473 Prima,
2854 2407 3094 2462 civilium
3130 2408 3482 2465 dissidiorum
3539 2420 3631 2466 tu-

2053 2501 2262 2555 multus
2291 2510 2347 2554 et
2387 2514 2529 2554 Caeca
2569 2493 2952 2570 perturbatio;
3016 2501 3106 2556 cui
3152 2502 3474 2558 facillimum
3525 2505 3632 2561 luit

2052 2603 2108 2648 et
2138 2594 2190 2648 id
2222 2594 2367 2664 quod
2398 2593 2476 2647 rei
2508 2592 2846 2662 pecuniariae
2884 2602 3005 2648 erat
3053 2592 3364 2661 eﬂundcre,
3414 2605 3473 2652 et
3531 2612 3633 2652 eos

2053 2692 2304 2755 sumptus
2317 2701 2438 2740 cum
2449 2685 2663 2740 minisci
2676 2685 3184 2757 atqueexcogitare,
3196 2687 3291 2756 qui
3306 2687 3630 2746 nullierant.

2051 2778 2260 2844 Altera,
2286 2777 2591 2846 eademque
2626 2776 2842 2844 ultima,
2898 2779 3131 2833 avaritia
3178 2789 3236 2834 ct
3295 2781 3416 2835 auri
3446 2796 3634 2837 amore

2055 2871 2247 2926 furens
2274 2870 2492 2924 animus
2526 2870 2701 2924 Anna:
2753 2867 3122 2938 imperatricis
3152 2871 3440 2942 Alexiique
3487 2871 3636 2942 Apo—

2054 2963 2249 3028 cauci;
2279 2963 2484 3033 quibus
2509 2961 2637 3016 belli
2669 2960 3057 3018 Cantacuzeno
3089 2962 3362 3018 inferendi
3395 2963 3633 3020 necessi-

2059 3066 2145 3110 tas
2177 3058 2530 3111 occasionem
2567 3055 2822 3126 praebens
2847 3069 3137 3126 perperam
3166 3056 3474 3112 ditescendi
3508 3057 3634 3114 ideo

353 3145 581 3216 σχοῦσα
615 3145 866 3200 πλουτεῖν
900 3148 1256 3217 κακοτρόπως
1276 3188 1292 3210 ,
1329 3148 1479 3211 ὅλαις
1525 3148 1802 3214 ἐξαντλεῖν
1828 3153 1947 3203 ἐπι-

2055 3149 2367 3220 excogitata
2417 3159 2522 3212 est,
2575 3157 2635 3202 ιιι
2685 3149 2868 3218 plenis
2924 3150 3180 3205 manibus
3207 3150 3476 3218 pretiosas
3514 3152 3636 3206 illas

349 3237 624 3304 νενόηται
665 3239 824 3307 χερσὶ
866 3236 937 3291 τὰ
988 3241 1055 3291 ἐκ
1112 3237 1317 3290 πολλοῦ
1375 3241 1490 3304 τοίς
1526 3237 1828 3308 βασιλικοῖς
1859 3255 1953 3291 τα-

352 3332 572 3401 μιαίοις
598 3330 1138 3400 ἐντεθησαυρισμένα
1166 3329 1433 3401 πολυτελῆ
1467 3331 1752 3401 κειμήλια.
1773 3333 1951 3399 [lpos-

348 3423 692 3494 ποιούμενοι
749 3423 861 3493 γὰρ
900 3423 1106 3492 ἑτέροις
1169 3422 1509 3492 πιπράσκειν
1535 3423 1602 3476 τὰ
1633 3423 1736 3493 μὲν
1768 3423 1952 3476 αὐτῶν

347 3515 526 3572 αὐτοὶ
555 3513 678 3568 κατ’
710 3514 943 3586 ἐκλογὴν
975 3515 1390 3586 ἐσφετερίζοντο
1424 3515 1600 3586 λάθρα
1620 3533 1637 3548 ο
1667 3517 1739 3572 τὰ
1771 3517 1819 3571 δ’
1851 3519 1954 3571 αὐ-

345 3611 444 3663 τοὶ
465 3609 694 3671 ἑαυτοῖς
716 3607 1081 3678 ἐπίπρασκον,
1117 3609 1261 3662 πάνυ
1296 3623 1379 3663 τοι
1411 3607 1634 3676 εὐωνον,
1673 3611 1768 3663 καὶ
1792 3610 1954 3664 ὁποία

349 3701 724 3775 βουλομένοις
769 3703 954 3772 σφίσιν
983 3698 1069 3774 ἦν,
1098 3701 1199 3773 τὴν
1229 3704 1432 3774 πρᾶσιν
1470 3704 1813 3772 ποιούμενοι.
1843 3699 1954 3757 Ἶίν

341 3799 396 3853 δ’
418 3799 589 3868 ὅμως
611 3796 709 3849 καὶ
733 3795 1050 3866 ἐξεπίτηδες
1073 3797 1134 3850 τδ
1151 3798 1463 3866 γινόμενον,
1481 3797 1557 3862 ὡς
1577 3797 1763 3861 αὐτοῖς
1779 3799 1952 3854 ὶνίοτε

345 3889 774 3961 ἐκλαλούμενον
799 3883 868 3960 ἦν
889 3904 903 3919 ο
932 3888 999 3942 ἶν’
1027 3889 1078 3943 εἰ
1101 3889 1253 3959 τύχοι
1283 3888 1645 3960 παρειληφὼς
1673 3890 1773 3962 τὴν
1795 3889 1953 3960 βασί-

342 3984 508 4041 λειον
545 3983 725 4054 ἀρχὴν
746 3983 802 4044 ὲς
839 3982 1131 4046 Βυζάντιον
1162 3981 1528 4051 εἰσεληλυθώς
1569 3983 1600 4036 ὁ
1630 3982 1952 4036 Καντακου·

344 4077 559 4146 ζηνδς,
589 4075 669 4145 μὴ
699 4069 840 4127 εῐναί
885 4073 936 4126 οἰ
968 4073 1268 4144 χρημάτων
1309 4071 1596 4144 εὐπορίαν,
1635 4072 1705 4125 δι’
1739 4067 1815 4126 ὧν
1840 4074 1952 4136 τοῖς

341 4171 644 4243 ἡγεμόσιν
681 4167 834 4239 ἰσχύς
865 4168 989 4220 κατ’
1014 4165 1227 4236 ἐχθρῶν
1249 4165 1596 4236 περιγίνεται
1626 4166 1724 4219 καὶ
1748 4167 1952 4236 κόσμος

339 4267 420 4336 τῇ
453 4264 616 4333 ἀρχῇ
669 4261 1092 4329 δημιουργεῖται
1119 4273 1133 4287 ·
1186 4257 1479 4324 ἀναλογίαν
1525 4258 1635 4326 γὰρ
1672 4255 1820 4326 ἔχειν
1851 4255 1954 4327 βίῳ

340 4359 533 4412 παντὶ
562 4355 634 4406 τὰ
669 4353 952 4424 χρήματα,
983 4350 1083 4404 καὶ
1108 4350 1348 4420 μάλιστα
1381 4348 1604 4403 πάντων
1649 4350 1771 4410 ταῖς
1817 4351 1952 4420 ἡγε-

346 4449 630 4521 μονικαῖς
662 4444 881 4517 ἀρχαῖς,
921 4442 1113 4497 ὁποίαν
1147 4442 1320 4512 δήπου
1353 4443 1468 4504 τοῖς
1505 4443 1642 4496 πᾶσι
1697 4439 1862 4506 ζώοις
1915 4444 1950 4513 η

338 4541 470 4599 τῶν
500 4537 720 4609 νευρῶν
745 4533 1023 4608 σύμπηξίς
1041 4552 1101 4589 τε
1135 4536 1230 4587 καὶ
1267 4533 1524 4603 ἁρμονία.

425 4633 537 4706 ς’.
580 4633 748 4687 Ὅθεν
782 4630 990 4684 ἐλθόντι
1041 4627 1121 4699 τῷ
1180 4625 1626 4699 Καντακουζηνῷ
1676 4627 1835 4680 πάντ’
1885 4623 1955 4700 ἦν

343 4729 706 4786 παντάπασι
749 4722 1108 4793 κεκενωμένα
1154 4719 1222 4773 τὰ
1263 4720 1533 4789 βασιλέοιν
1567 4721 1828 4788 ταμιεῖα·
1861 4724 1956 4774 καὶ

344 4824 516 4893 πλὴν
551 4819 719 4889 ἀέρος
746 4817 839 4870 καὶ
867 4815 1070 4876 κόνεως
1095 4811 1317 4865 καὶτῶν
1347 4810 1745 4880 Ἐπικουρείων
1778 4812 1955 4864 εἰπεῖν

339 4918 623 4983 ἀτόμων,
675 4908 906 4979 εὓρηται
957 4906 1119 4959 πλέον
1171 4905 1326 4956 οὐδὲν
1355 4905 1411 4954 ἐν
1440 4904 1644 4962 αὐτοῖς.
1703 4902 1833 4954 Δέον
1859 4900 1955 4955 οὖν

342 5009 623 5076 ζητῆσαι
646 5005 740 5057 καὶ
765 5000 949 5055 λαϐεῖν
988 4997 1025 5052 ἃ
1055 4997 1152 5068 μὲν
1187 4999 1250 5052 ἐκ
1277 4995 1374 5065 τῆς
1396 4993 1484 5080 [Ρ.
1517 4991 1646 5065 497]
1683 4992 1956 5062 βασιλίδος

345 5105 590 5167 "Amm;
614 5097 695 5159 είς
723 5096 821 5156 τὰς
851 5091 960 5146 τῶν
993 5089 1290 5160 βασιλικῶν
1316 5087 1610 5157 ἐνεργειῶν
1643 5084 1955 5153 ἀναγκαίας

336 5191 628 5253 δαπάνας
648 5201 662 5216 '
710 5186 747 5241 ξι
797 5185 844 5240 δ’
875 5188 939 5240 ἐκ
965 5182 1073 5237 τῶν
1107 5183 1176 5236 τὰ
1207 5182 1447 5250 δημόσια
1489 5178 1953 5248 κατεδηδοκότων,

339 5281 645 5343 κάκεῖθεν
674 5277 1063 5350 πορισαμένων
1091 5275 1190 5346 τὴν
1239 5272 1335 5327 τοῦ
1375 5273 1634 5326 πλουτεῖν
1667 5271 1954 5340 εὐπορίαν,

337 5381 472 5436 κάκ
512 5376 773 5444 πενήτων
825 5370 973 5425 πάνυ
1017 5386 1099 5424 τοι
1134 5368 1436 5438 γεγονότων
1488 5364 1746 5433 ἐξαίνρνης
1788 5363 1956 5415 πλου-

2057 3256 2220 3313 gazas
2275 3240 2596 3302 haurirent,
2647 3255 2772 3309 quae
2825 3239 2879 3294 in
2930 3240 3305 3308 imperatoriis
3361 3242 3636 3299 thesauris

2053 3334 2385 3407 jampridem
2407 3342 2567 3388 erant
2589 3334 2866 3403 repositas.
2895 3331 3034 3389 Aliis
3088 3334 3237 3388 enim
3288 3335 3531 3392 vendere
3557 3337 3636 3393 si-

2058 3426 2336 3482 mulantes
2364 3424 2656 3487 nonnulla,
2683 3425 2899 3480 delectu
2934 3423 3146 3489 habito,
3197 3427 3252 3480 in
3303 3441 3419 3482 rem
3478 3444 3635 3485 suam

2057 3520 2458 3577 convertebant
2487 3534 2504 3572 :
2537 3516 2788 3588 quaedam
2818 3515 2919 3587 ipsi
2941 3517 3044 3573 sibi
3068 3517 3163 3572 vili
3183 3518 3480 3576 admodum
3506 3539 3638 3593 pre-

2061 3613 2159 3671 tio.
2189 3619 2246 3666 et
2271 3609 2569 3666 utlibitum
2599 3619 2738 3674 erat,
2759 3608 3090 3665 vendebant.
3144 3609 3198 3664 Id
3223 3619 3404 3666 tamen
3431 3623 3641 3669 etcon»

2059 3702 2206 3758 sulto
2239 3701 2421 3762 ﬁebat.
2442 3708 2504 3755 ut
2527 3701 2598 3756 ab
2620 3699 2753 3770 ipsis
2773 3708 2981 3755 temere
3001 3701 3296 3770 aliquando
3320 3705 3597 3774 vulgatum
3619 3724 3635 3760 :

2059 3809 2131 3849 ne
2159 3793 2415 3848 videlicet
2440 3791 2846 3859 Cantacuzeno,
2879 3792 2925 3848 si
2949 3793 3092 3849 forte
3127 3794 3173 3851 is
3203 3794 3525 3867 Byzantium
3552 3800 3640 3856 in-

2059 3901 2281 3958 gressus
2307 3900 2492 3940 rerum
2529 3884 2823 3955 potiretur,
2873 3896 3061 3955 parata
3090 3897 3236 3942 esset
3284 3889 3440 3960 copia
3473 3907 3640 3958 pecu-

2059 3980 2302 4041 uiarum,
2337 3977 2483 4031 umle
2507 3986 2563 4030 et
2597 3975 2946 4048 principibus
2974 3977 3118 4031 vires
3177 3979 3246 4032 ad
3283 3979 3639 4038 debellandos

2060 4073 2252 4127 hostes
2279 4078 2602 4140 suppetunt,
2630 4058 2694 4124 et
2728 4077 3052 4124 ornamenta
3077 4069 3241 4141 790
3267 4071 3477 4142 imperii
3504 4093 3638 4131 con.

2061 4163 2261 4219 (lantur
2284 4181 2298 4216 :
2331 4160 2609 4231 pertinere
2629 4159 2774 4213 enim
2799 4160 3046 4228 pecuniae
3068 4163 3335 4218 rationem
3359 4165 3425 4218 ad
3446 4183 3639 4237 quent-

2059 4257 2195 4311 libet
2215 4265 2456 4320 statum;
2496 4253 2732 4308 maxime
2757 4268 2891 4308 vero
2925 4253 2992 4308 ad
3021 4255 3364 4327 principatus
3397 4275 3628 4318 conscr-

2061 4349 2291 4414 vandos,
2355 4346 2421 4402 ad
2460 4361 2602 4416 quos
2655 4347 2726 4399 ita
2780 4361 2838 4400 se
2869 4345 3055 4408 habet,
3113 4359 3168 4401 ut
3199 4350 3267 4402 ad
3297 4353 3633 4413 animantem

2060 4443 2366 4512 compactio
2388 4451 2446 4497 et
2473 4440 2877 4510 coagmentatio
2904 4454 3224 4496 nervorum.

1986 4557 2032 4614 ο

2134 4620 2222 4678 Vl.
2251 4619 2496 4676 Oll‘endit
2525 4619 2712 4689 itaque
2740 4617 3159 4678 Cantacuzenus
3193 4623 3481 4681 thesauros
3533 4628 3636 4686 im-

2059 4726 2378 4785 peratorum
2403 4727 2597 4768 omnes
2623 4712 2853 4766 omnino
2897 4713 3216 4780 exhaustos,
3275 4717 3522 4788 nihilque
3577 4724 3631 4777 in

2057 4808 2128 4863 iis
2162 4818 2362 4878 praeter
2395 4807 2558 4861 inane
2589 4814 2644 4861 et
2701 4805 2983 4876 pulverem
3028 4817 3085 4861 et
3115 4806 3419 4879 Epicureas
3450 4819 3534 4879 (ut
3556 4816 3630 4870 ita

2059 4897 2259 4968 dicam)
2282 4910 2518 4955 atomos.
2579 4896 2716 4952 Cum
2763 4898 2930 4969 igitur
2959 4915 3210 4969 quaerere
3258 4913 3314 4958 et
3382 4907 3630 4976 accipere

2059 5000 2337 5060 oporteret
2370 4989 2566 5058 partim
2595 4989 2664 5042 ab
2693 4990 3042 5060 imperatrice
3075 4993 3253 5056 Anna,
3278 4995 3344 5048 ad
3371 5011 3626 5053 necessa-

2059 5085 2168 5137 rias
2193 5083 2535 5137 l‘uuctiouum
2569 5082 3049 5152 imperatoriarunt
3082 5087 3377 5156 impensas,
3428 5094 3625 5160 partim

2057 5176 2127 5228 ab
2181 5176 2244 5229 iis
2290 5175 2386 5244 qui
2445 5173 2840 5243 rempublicam
2893 5176 3202 5246 depeculati
3265 5179 3514 5245 fuissent,
3571 5188 3629 5238 et

2059 5283 2251 5338 ntagna
2282 5266 2387 5321 sibi
2421 5265 2548 5321 inde
2572 5281 2738 5335 apum
2769 5268 2816 5320 vi
2848 5279 3033 5336 parata
3078 5286 3144 5323 ex
3178 5273 3431 5341 inopibus
3466 5274 3624 5330 ditis-

2059 5361 2182 5416 simi
2220 5361 2403 5415 statim
2427 5359 2771 5424 evasissent;
2809 5359 2893 5412 ille
2923 5362 3144 5416 silentio
3191 5366 3373 5417 omnia
3405 5375 3626 5433 praeter-

341 5475 548 5530 σίωνο
582 5468 697 5522 ὁδὶ
750 5469 931 5538 σιωπῇ
992 5463 1349 5533 παρέδραμεν
1407 5461 1652 5514 ἅπαντα.
1715 5456 1837 5520 εἷος,
1879 5456 1947 5518 ὡς

2060 5454 2174 5510 ibat
2207 5472 2220 5508 ι
2248 5454 2362 5506 sive
2401 5459 2460 5508 ut
2491 5451 2624 5505 mibi
2655 5451 2873 5505 videtur
2895 5493 2910 5517 ,
2954 5467 3106 5507 suam
3147 5454 3291 5506 illam
3326 5457 3620 5523 ingenitam

339 5567 494 5636 ἐμοὶ
525 5562 709 5626 δοκεῖ,
725 5563 791 5631 τῇ
814 5559 1053 5631 συμφυεῖ
1087 5558 1181 5611 καὶ
1205 5552 1493 5623 συντρόφῳ
1529 5551 1798 5622 πραότητι
1827 5549 1947 5600 κὰν-

2058 5545 2420 5614 coalitamque
2451 5543 2726 5598 lenitatem
2764 5543 2816 5596 in
2841 5558 2906 5598 eo
2925 5559 3142 5613 quoth
3172 5545 3460 5609 retineret;
3491 5541 3626 5604 sive,

339 5635 556 5713 ταῦοα
585 5655 872 5724 χρώμενος
893 5669 908 5684 ⁶
939 5651 1066 5718 εἴθ’,
1119 5649 1195 5710 ὥς
1222 5651 1250 5701 ὁ
1284 5645 1392 5698 τῶν
1437 5643 1706 5698 πλείστων
1734 5641 1947 5710 ὲκράτει

2058 5648 2122 5692 ιιι
2149 5637 2396 5706 plerique
2431 5635 2777 5701 dictitabant,
2812 5636 3018 5691 timidis
3047 5637 3299 5691 moribus
3357 5637 3621 5705 pra-pedi-

289 5742 298 5748 ’
337 5755 557 5821 λόγος,
597 5746 800 5809 δειλίας
819 5763 878 5798 τε
905 5742 1300 5813 συνισχημένος
1329 5738 1551 5808 τρόποις
1586 5734 1648 5800 ἐξ
1682 5732 1947 5805 ὁμοφυυῦς

2061 5741 2258 5795 retur,
2312 5727 2546 5784 naturali
2609 5729 2845 5798 quadam
2907 5730 3074 5784 animi
3144 5729 3454 5783 humilitate
3499 5745 3514 5788 ;
3568 5739 3624 5781 ut

337 5819 516 5905 τινος
553 5839 823 5909 ἀφελείας
874 5839 968 5893 καί
1017 5835 1134 5909 ἅμα
1163 5833 1349 5897 δεδιὼς
1387 5829 1652 5900 ἀδόκητόν
1683 5844 1804 5881 τινα
1833 5827 1947 5880 atd-

2061 5825 2210 5894 quia,
2242 5820 2476 5877 turbidis
2534 5819 2716 5877 adhuc
2777 5820 2940 5877 rebus
3000 5830 3058 5877 ct
3109 5822 3350 5875 nondum
3400 5819 3621 5875 ordina-
