4094 6246
493 300 623 372 1061
881 303 954 376 [Α.
990 321 1040 360 c.
1087 303 1247 378 l3l7]

1499 311 1942 374 DYZANTIN/E
1981 311 2033 372 Π

2133 308 2363 372 [ηοω-ιε
2407 310 2551 372 ΠΒ,
2583 310 2737 372 ΧΠ,
2802 309 2952 379 ,[ιιιτν.
2993 321 3037 360 ι.
3079 322 3373 362 curacum.
3429 310 3477 380 ι]
3595 312 3730 379 1052

485 423 647 477 αὑτὸν
669 423 847 494 ἐαυτῷ
885 427 1191 497 κατήγορον
1226 429 1293 482 ἐκ
1320 425 1414 481 τοῦ
1460 428 1726 496 σύνεγγυς
1759 423 1897 500 εἶχε,
1956 429 2033 483 ua‘

2153 428 2337 496 plures
2375 426 2523 482 inlixi
2550 427 2766 497 penitus
2798 427 3126 508 inside-bant.
3158 429 3452 497 Plerosque
3484 445 3644 498 agros
3672 439 3728 481 et

486 514 658 568 πολλὰ
672 518 793 579 ταῖς
806 517 900 571 τοῦ
926 518 1221 584 συνειδότος
1242 517 1458 594 [ιιδιο]
1479 524 1703 591 σκηναῖς
1723 521 2054 591 αὐλιζόμενά

481 607 538 658 oi
567 609 940 676 παραπέπηγε
964 610 1188 680 κέντρα.
1220 612 1331 675 Τάς
1357 612 1466 684 γάρ
1490 613 1748 678 πλείστας
1765 607 2054 685 Ῥωμαίων

484 699 668 768 χώρας
691 701 786 752 καὶ
813 702 998 765 πόλεις
1025 701 1219 758 θᾶττον
1247 703 1280 773 ἢ
1331 703 1493 773 λόγος
1565 707 1902 777 ἀφελόμενος
1951 704 2053 770 τὰς

489 788 592 859 μὶν
617 792 730 851 τοῖς
755 790 1022 860 ἐναντίοις,
1042 794 1351 866 ἐχαρίσατο,
1372 795 1472 861 τὰς
1495 796 1543 850 δ’
1566 796 2054 868 ἐξηνδραποδίσατο

481 880 582 935 καὶ
641 882 952 953 κατέσκαψε
1013 887 1195 954 χεῖρον
1217 885 1252 956 ἢ
1283 887 1382 950 τὰς
1433 886 1619 958 Θήϐας
1681 888 2050 958 ’Δλέξανδρος.

483 973 597 1027 Καὶ
641 974 731 1028 διὰ
782 974 942 1030 τοῦτο
1005 977 1254 1048 Μάρκιος
1300 978 1519 1044 εὔελπις
1560 981 1762 1052 ἥκιστα
1784 978 1872 1053 ἦν,
1931 982 2052 1036 οὐδὲ

481 1065 717 1136 πάροδον
769 1067 910 1132 ὅλως
959 1071 1043 1133 είς
1075 1071 1260 1124 πίστιν
1313 1067 1462 1142 εἶχον
1489 1075 1609 1136 ταῖς
1640 1072 1930 1142 Ῥωμαίων
1949 1077 2051 1145 ψυ-

485 1159 614 1226 χαῖς
643 1161 700 1212 αί
747 1161 1000 1231 Μαρκίου
1063 1165 1380 1228 συνθέσειςο
1407 1165 1464 1218 οῖ
1507 1181 1567 1220 τε
1642 1165 1932 1236 Ῥωμαίων
1983 1165 2051 1222 αὖ

480 1248 732 1318 πολέμιοι
757 1252 1089 1319 φρικώδεσιν
1107 1254 1293 1325 ὅρκοις
1332 1243 1498 1311 αὖτὸν
1526 1257 2050 1328 προκατειληφότες,

477 1338 676 1394 ἒπειτα
712 1343 890 1412 μέγαν
911 1346 971 1411 ἐξ
990 1346 1250 1410 ἀσθενοῦς
1285 1349 1406 1412 ταῖς
1432 1348 1659 1412 οἰκείαις
1689 1349 2055 1420 ξυμμεμαχη-

478 1435 637 1496 κὸτες
662 1432 960 1505 δυνάμεσιν
998 1439 1383 1510 ἐπεπράχεσαν
1405 1459 1419 1473 ·
1450 1441 1517 1502 ἃς
1565 1439 1739 1512 βραχύ
1769 1457 1823 1493 τι
1869 1459 2054 1513 παρα-

477 1525 817 1596 κρούσασθαι
847 1528 938 1582 διά
969 1530 1041 1584 τά
1068 1532 1276 1604 μητρὸς
1297 1531 1453 1598 δόξας
1480 1533 1693 1605 δάκρυα
1728 1533 1917 1587 ἔλαθεν
1967 1537 2050 1598 είς

472 1617 604 1675 τοὺ,
631 1618 896 1687 ἐσχάτους
939 1620 1194 1691 ὀλέθρους
1231 1623 1572 1694 ὠλισθηκὼς.
1603 1625 1678 1678 Σὺ
1703 1623 1749 1678 δ’
1771 1625 1895 1680 οὔτε
1921 1626 2051 1696 βλά-

474 1706 580 1778 δην
610 1710 722 1770 τοῖς
769 1707 1063 1773 Ῥωμαίων
1098 1713 1355 1784 οὐδεμίαν
1385 1716 1661 1787 παρέσχες
1699 1719 2046 1789 πράγμασιν,

471 1796 589 1851 οὔθ’
615 1797 800 1866 ὅρκοις
822 1799 1000 1855 ούδέσι
1035 1802 1260 1872 δέσμιον
1287 1807 1515 1861 σεαυτὸν
1568 1808 2046 1880 προκατέστησας.

475 1887 664 1942 Ταῦτα
691 1892 800 1961 γὰρ
827 1891 1040 1948 ἅπαντα
1070 1897 1542 1966 προκατειληφυῖα
1577 1881 1848 1969 λαμπρῶς
1881 1902 1915 1972 ἡ
1946 1901 2049 1969 τῆς

472 1981 614 2049 ιμῆς
647 1983 886 2050 ἀφίξεως
942 1987 1284 2056 ἀνεχαίτισεν
1323 1989 1462 2060 αὕτη
1515 1992 1752 2063 σπουδή·
1792 1992 1869 2056 ὡς
1908 1989 2048 2049 εἷναί

475 2087 560 2124 σοι
599 2073 765 2142 μηδὲν
808 2075 1058 2144 ἐμποδὼν
1099 2076 1211 2132 τῶν
1272 2080 1530 2134 ἁπάντων
1573 2084 1690 2144 ταῖς
1753 2085 2049 2154 μητρυιαῖς

476 2166 834 2232 παραινέσεσι
891 2167 1196 2225 πείθεσθαι.
1228 2168 1443 2225 Ἔπειθ’
1465 2174 1598 2244 ὁρᾷς
1654 2177 1751 2229 καὶ
1794 2178 1877 2238 είς
1921 2176 2046 2230 ὅσον

473 2255 577 2322 μιν
607 2251 943 2324 βραχύτητος
993 2257 1026 2326 ἡ
1089 2255 1376 2329 Ῥωμαίων
1417 2262 1560 2333 άρχὴ
1601 2265 1925 2333 συνεστάλη.
1964 2269 2046 2332 εἰς

467 2346 596 2400 ὅσον
630 2346 687 2398 δὲ
731 2348 922 2412 πενίας
945 2349 1017 2402 τὰ
1063 2348 1352 2421 Ῥωμαίων
1399 2353 1571 2427 ἐρρύη
1599 2355 1902 2427 πράγματα
1921 2374 1939 2392 ⁹
1967 2358 2040 2424 ὥς

470 2437 615 2508 μηδὲ
645 2437 825 2506 λέγειν
855 2438 1079 2512 θαρρεῖν
1109 2443 1284 2511 φειδοῖ
1337 2445 1436 2515 τῆς
1490 2445 1598 2502 τῶν
1653 2449 2043 2520 ἀκουσομένων

466 2525 673 2592 αἰδοῦς.
703 2529 898 2600 Ὅμως
919 2531 978 2600 ἐξ
1010 2534 1129 2593 ἑνός
1161 2533 1227 2602 γέ
1261 2551 1354 2589 του
1399 2534 1627 2604 δηλώσω
1678 2556 1762 2592 σοι
1810 2543 2039 2610 τρόπον.

468 2619 650 2671 ἰσασι
679 2617 780 2689 μιν
802 2619 908 2691 γάρ
925 2620 1033 2674 τῶν
1071 2623 1358 2693 Ῥωμαίων
1380 2626 1475 2679 καὶ
1496 2625 1790 2698 βαρϐάρων
1809 2631 1862 2682 oi
1887 2629 2041 2684 πλεῖ-

465 2725 584 2764 στοι
613 2709 705 2764 τὸν
741 2710 968 2768 πλοῦτον
993 2713 1100 2785 πρὸ
1125 2716 1224 2784 τῆς
1255 2718 1567 2786 συγχύσεως
1599 2721 1696 2772 καὶ
1732 2721 1842 2774 τῶν
1863 2721 2028 2790 διωγο

467 2801 591 2871 μῶν
635 2802 882 2867 ἐκείνων,
920 2805 1117 2869 ὁπόσος
1179 2808 1292 2872 τοῖς
1344 2811 1454 2871 σοῖς
1511 2809 1760 2878 γονεῦσιν
1797 2811 2040 2885 ὑπῆρχεν

459 2895 618 2962 ἡμῖν,
643 2893 704 2949 ἐν
731 2911 789 2948 τε
821 2897 1016 2968 χρυσῷ
1049 2899 1142 2952 και
1174 2898 1404 2970 ἀργύρῳ
1431 2904 1526 2956 καὶ
1557 2903 1721 2956 λίθων
1749 2905 1843 2958 και
1899 2925 2040 2976 μαρ-

2153 520 2318 574 urbes
2353 519 2610 574 Romanis
2643 534 2767 576 cum
2796 521 3133 586 ademisset,
3180 520 3343 590 idque
3393 537 3603 575 snuuua
3635 538 3730 575 ccc

2153 609 2369 665 leritatc
2394 650 2410 676 ,
2441 609 2638 681 partim
2680 611 2930 666 hostibus
2957 621 3325 675 concessnrat,
3357 614 3551 683 partim
3585 612 3724 664 diri-

2155 708 2372 772 puerat,
2402 713 2461 757 et
2490 703 2667 773 pejus,
2715 718 2880 772 quam
2934 704 3151 759 Thebas
3179 705 3505 768 Alexander,
3545 712 3728 764 vasta-

2153 805 2331 848 verat.
2391 793 2605 850 Idcirco
2643 795 2930 849 minimum
2981 803 3101 849 erat
3131 796 3324 850 Martio
3371 797 3524 850 bona:
3567 797 3726 864 spei;

2151 896 2332 950 neque
2365 881 2518 936 illius
2572 883 2857 950 pactiones
2909 884 3053 952 apud
3107 885 3479 938 Rouianorum
3507 885 3727 937 animos

2151 971 2362 1026 aditum
2393 973 2564 1028 ullum
2591 972 2866 1030 habebant
2892 974 2958 1029 ad
2992 975 3153 1029 Iidem
3177 975 3589 1046 acquirendam.
3618 974 3725 1027 llo-

2155 1080 2444 1120 mauorum
2494 1081 2630 1122 vero
2687 1066 2876 1124 hostes
2929 1069 3186 1123 eumdem
3243 1068 3536 1124 horrendis
3575 1069 3727 1138 jura-

2152 1158 2354 1213 Ineutis
2386 1157 2624 1225 primum
2653 1158 3062 1216 obstrinxerant
3083 1199 3099 1224 ,
3131 1159 3332 1215 deinde
3357 1160 3475 1216 suis
3513 1160 3728 1216 viribus

2151 1249 2404 1320 adiutum
2451 1265 2521 1306 ex
2546 1251 2741 1306 humili
2767 1266 3022 1322 magnum
3053 1251 3375 1307 effecerant.
3406 1252 3596 1323 Itaque
3627 1253 3720 1307 ille

2151 1349 2379 1410 propter
2434 1342 2629 1398 matris
2681 1343 2957 1415 laerymas
3001 1359 3128 1398 cum
3175 1357 3274 1399 eos
3319 1343 3721 1412 aliquantulum

2149 1431 2311 1502 811
2345 1432 2497 1488 visus
2523 1442 2668 1489 esset
2697 1435 2953 1499 elusisse,
3009 1433 3067 1490 in
3098 1435 3289 1489 ultima
3335 1434 3476 1488 mala
3508 1433 3725 1502 impru-

2157 1522 2295 1576 dens
2340 1525 2594 1594 delapsus
2619 1536 2728 1580 est.
2756 1525 2840 1580 'l‘u
2872 1541 3006 1581 vero
3049 1542 3148 1580 nec
3194 1523 3510 1579 detrimenti
3564 1525 3746 1595 quid;

2150 1629 2314 1683 quam
2344 1613 2423 1669 rei
2457 1613 2716 1670 Romanae
2738 1617 2993 1682 attulisti.
3023 1631 3124 1672 nec
3159 1627 3211 1672 te
3245 1617 3370 1671 ullis
3395 1616 3724 1685 juramentis

2153 1705 2543 1772 prau'vedivisti.
2593 1707 2701 1763 Ista
2733 1710 2882 1765 enim
2909 1711 3094 1765 omnia
3140 1712 3298 1778 plane
3328 1710 3627 1765 antevertit
3662 1719 3721 1764 et

2151 1793 2394 1849 inhibuit
2421 1797 2696 1854 adventus
2726 1801 2834 1854 mei
2861 1799 3156 1863 celeritas;
3194 1801 3266 1855 ita
3299 1808 3358 1853 ut
3391 1799 3525 1854 nihil
3555 1797 3719 1866 quid-

2151 1902 2314 1957 quam
2374 1889 2474 1944 tibi
2509 1890 2711 1957 obstet,
2757 1893 3056 1962 quominus
3088 1891 3284 1945 matris
3317 1889 3720 1945 exhortationis

2151 1977 2254 2030 bus
2294 1992 2506 2046 pareas.
2553 1978 2713 2034 Vides
2773 1989 3070 2050 praeterea,
3118 1995 3281 2047 quam
3340 1978 3396 2034 in
3425 1987 3716 2048 angustum

2151 2078 2432 2126 contracta
2484 2069 2650 2141 hujus
2701 2073 2915 2143 imperii
2955 2070 3273 2140 magnitudo
3301 2110 3317 2134 ,
3375 2085 3488 2141 quo
3519 2071 3718 2140 inopia:

2148 2160 2370 2216 redacta
2413 2163 2487 2216 sit
2532 2161 2776 2217 llomana
2812 2177 2922 2218 res.
2953 2160 3156 2218 Vereor
3199 2163 3455 2232 equidem
3485 2161 3672 2218 dicere
3696 2201 3714 2226 ,

2149 2261 2209 2306 ut
2237 2253 2580 2308 audientium
2614 2254 2807 2324 pudori
2837 2269 3080 2324 paream.
3116 2253 3322 2309 Tamen
3363 2254 3416 2308 id
3473 2257 3570 2311 tibi
3604 2272 3714 2311 una

2147 2358 2206 2399 re
2237 2345 2554 2400 declarabo.
2595 2346 2815 2402 Norunt
2845 2347 3215 2400 llomanorum
3268 2357 3326 2402 et
3351 2345 3712 2402 Barbaros-um

2143 2433 2420 2505 plerique.
2452 2446 2674 2506 quanta
2705 2436 2867 2491 nobis
2906 2436 3234 2504 parentibus
3266 2439 3375 2492 tuis
3402 2454 3556 2506 opes,
3585 2452 3713 2495 ante

2142 2525 2524 2582 confusionem
2579 2539 2890 2596 temporum
2927 2537 2984 2582 et
3028 2527 3398 2583 ealamitosam
3446 2529 3591 2583 illam
3626 2531 3714 2584 fu-

2141 2631 2286 2685 gam,
2343 2619 2395 2672 in
2441 2633 2577 2672 auro
2605 2619 2838 2682 fuerint,
2897 2617 2951 2673 in
2993 2629 3261 2688 argento,
3314 2619 3368 2672 in
3397 2622 3626 2690 gemmis
3653 2630 3712 2677 et

2143 2709 2456 2779 margaritis
2487 2709 2921 2780 pretiosissimis,
2961 2709 3014 2764 in
3040 2710 3296 2782 gregibus
3325 2720 3382 2765 ct
3418 2713 3710 2779 armentis.

2139 2801 2377 2872 denique
2422 2803 2476 2857 in
2515 2803 2727 2858 inﬁnita
2756 2801 3129 2873 quorumlibet
3156 2802 3389 2857 altilium
3419 2819 3708 2873 pecorum-

2137 2910 2245 2963 que
2278 2896 2349 2950 vi.
2373 2894 2587 2950 Norunt
2609 2895 2777 2949 etiam
2800 2894 3023 2964 plurimi
3049 2910 3113 2948 ex
3147 2896 3234 2961 iis,
3259 2897 3352 2966 qui
3372 2895 3458 2950 hic
3484 2897 3706 2961 adsunt,

460 2988 652 3057 τάρων
676 2990 1016 3064 πολυτελείᾳ,
1054 2991 1113 3046 ιν
1139 3009 1198 3046 τε
1256 2995 1519 3062 ποίμναις
1578 2997 1674 3049 καὶ
1735 2998 2033 3068 βουκολίοις

2138 2995 2273 3054 quot
2317 2986 2613 3055 apothecas
2662 2985 2811 3039 omni
2868 3001 3067 3054 genere
3099 3000 3295 3040 earum
3333 3001 3538 3051 rerum,
3569 2998 3709 3055 quas

459 3079 562 3134 καὶ
583 3083 808 3150 μυριάσι
841 3083 1110 3138 παντοίων
1140 3083 1473 3155 θρεμμάτων
1498 3088 1592 3141 καὶ
1647 3087 2031 3159 βοσκημάτων.

2139 3087 2280 3131 terra
2327 3077 2537 3148 gignit,
2586 3077 2988 3144 redundantes;
3041 3094 3162 3148 qua:
3213 3077 3408 3133 horrea
3434 3116 3452 3141 ,
3506 3080 3706 3133 annuis

464 3174 639 3227 ’ἰσασι
659 3174 716 3228 δὲ
749 3176 842 3228 καὶ
867 3173 977 3229 τῶν
1029 3175 1392 3246 παρεστώτων
1421 3179 1472 3231 oi
1537 3176 1760 3242 πλείους
1802 3179 1865 3232 τδ
1921 3187 2031 3234 των

2136 3166 2406 3221 fructibus
2432 3177 2488 3221 et
2516 3169 2732 3221 acervis
2773 3168 2998 3236 gravida
3032 3179 3090 3221 et
3118 3177 3414 3233 coarctata,
3442 3168 3705 3223 habueri-

456 3266 744 3336 ἡμετέρων
769 3265 966 3336 πλῆθος
989 3266 1304 3335 ἁποθηκῶν,
1325 3269 1384 3322 αῖ
1409 3271 1521 3333 τοῖς
1558 3273 1622 3324 εκ
1672 3271 1777 3341 γῆς
1829 3288 2005 3328 παντο

2133 3274 2276 3314 Inus.
2305 3259 2426 3314 Jam
2460 3258 2528 3314 de
2556 3258 2772 3313 lautitia
2805 3268 2860 3312 et
2903 3260 3304 3329 magniﬁcentia
3341 3275 3541 3346 mensa:
3563 3277 3704 3330 quo-

455 3359 649 3422 δαποῖς
677 3361 1012 3430 γεννήμασιν
1055 3357 1497 3430 ὑπερεξεχέοντο,
1542 3363 1640 3415 καὶ
1684 3361 1755 3416 τά
1806 3367 2030 3432 ταμιεῖα

2143 3348 2384 3410 ιὶιιίειιιαι,
2435 3350 2530 3418 qui
2576 3350 2695 3417 ejus
2723 3350 3019 3420 participes
3052 3352 3336 3405 nobiscum
3387 3351 3630 3411 fuerunt,
3664 3351 3702 3408 ii

455 3452 663 3515 tacetve,
688 3452 861 3505 ὁπόσα
886 3449 1139 3522 βρίθοντα
1162 3454 1356 3523 κομιδῇ
1377 3456 1490 3516 τοῖς
1523 3454 1758 3525 ἐτησίοις
1789 3459 2025 3524 καρποῖς

453 3555 516 3595 τε
551 3542 646 3596 καὶ
676 3543 967 3614 θησαυροῖς
1000 3544 1490 3616 ἐστενοχωροῦντο.
1519 3544 1630 3615 Τῆς
1658 3545 1716 3600 δὲ
1742 3546 1864 3600 καθ’
1889 3548 2028 3616 ὴμέ-

457 3647 562 3702 ραν
578 3630 816 3703 ἑκάστην
830 3633 1111 3704 τραπέζης
1132 3634 1233 3702 τὴν
1254 3633 1516 3703 ἀφθονίαν
1537 3636 1632 3688 καὶ
1655 3635 2024 3699 πολυτέλειαν,

454 3722 593 3776 ἀλλὰ
625 3723 724 3777 καὶ
739 3722 941 3793 ταύτην
963 3725 1078 3778 ὅσοι
1124 3726 1373 3795 μετεῖχον
1400 3725 1616 3797 εκείνης
1663 3726 1758 3780 καὶ
1804 3743 2025 3796 παραπ-

453 3814 670 3880 έλαυον,
695 3816 873 3870 ίσαοιν
899 3815 1164 3882 ἅπαντες,
1202 3817 1273 3870 τά
1295 3833 1356 3870 τε
1385 3817 1522 3874 ἄλλα
1543 3817 1638 3873 καὶ
1657 3817 1732 3881 ὥς
1756 3818 1867 3872 οὐδ’
1896 3819 2026 3888 ἄχρι

452 3908 551 3962 καὶ
575 3908 632 3970 ἐς
665 3906 727 3962 τὸ
757 3908 854 3962 τοῦ
885 3907 1110 3964 δεκάτου
1140 3909 1304 3980 μέρος
1327 3910 1541 3980 brain);
1573 3911 1802 3981 άνήκειν
1826 3911 1898 3963 τὰ
1922 3911 2022 3980 τῆς

455 4000 741 4071 βασιλικῆς
774 4003 910 4071 ἡμῖν
940 4001 1223 4074 τραπέζης
1250 4001 1475 4056 δύναται
1526 4003 1784 4074 τήμερον.
1831 4000 2022 4064 θῦτως

453 4091 693 4156 ἀσθενῶς
724 4092 874 4163 ἔσχε,
897 4095 992 4146 καὶ
1011 4095 1071 4155 ἐς
1101 4092 1357 4148 τοσοῦτον
1410 4092 1562 4165 ἔρρει
1592 4096 1687 4147 καὶ
1737 4095 2025 4164 κατενήνε-

453 4201 581 4238 κται
602 4184 890 4255 δυστυχίας
941 4184 1010 4238 τὰ
1049 4184 1338 4254 Ῥωμαίων
1367 4186 1667 4256 πράγματα
1695 4183 2017 4254 προφανῶςο

451 4275 530 4338 ὡς
562 4275 761 4341 ἐξεῖναι
788 4276 1014 4329 σκοπεῖν
1045 4291 1130 4340 σε,
1169 4273 1503 4343 τλυκύτατε.
1534 4275 1588 4327 τί
1614 4272 2018 4337 καταλελοιπὼς

453 4367 536 4438 τῷ
563 4369 734 4438 πατρὶ
759 4369 854 4424 καὶ
872 4371 983 4432 τοῖς
1004 4385 1065 4433 γε
1090 4366 1228 4438 ἀμφ’
1255 4366 1418 4420 αὐτὸν
1444 4365 1580 4435 ὁμοῦ
1610 4367 1704 4420 καὶ
1727 4366 1826 4419 σὺν
1847 4365 2015 4435 αύτῷ.

2129 3440 2318 3493 sciunt
2347 3455 2474 3494 cum
2505 3439 2638 3504 alia,
2680 3448 2794 3494 tum
2823 3455 2925 3494 nec
2955 3441 3023 3494 ad
3053 3440 3320 3495 decimam
3351 3452 3559 3510 [artem
3585 3443 3701 3512 pri-

2127 3532 2288 3586 stina:
2313 3531 2461 3586 illius
2491 3529 2910 3601 magniﬁcentia:
2933 3547 3094 3602 posse
3126 3534 3379 3604 progredi
3411 3547 3510 3588 eos
3549 3549 3700 3587 sum-

2128 3633 2260 3693 plus
2285 3662 2302 3686 .
2357 3622 2455 3691 qui
2494 3623 2548 3676 in
2581 3637 2824 3677 mensam
2857 3622 3262 3690 imperatoriam
3294 3622 3456 3677 hodie
3485 3638 3514 3676 a
3544 3624 3702 3678 nobis

2127 3715 2307 3778 ﬁunt,
2342 3728 2518 3784 usque
2568 3729 2638 3768 eo
2689 3713 2989 3768 debilitatae
3013 3753 3028 3778 ,
3078 3730 3146 3769 eo
3179 3715 3506 3769 calamitatis
3535 3715 3698 3784 lapsa:

2123 3816 2254 3862 sunt
2281 3821 2346 3862 ac
2370 3808 2636 3862 demersa:
2671 3806 2849 3875 palam
2883 3821 2974 3860 res
3013 3805 3294 3860 Romana.
3326 3807 3486 3862 Potes
3522 3824 3692 3873 nunc,

2119 3895 2456 3960 dulcissime,
2504 3895 2811 3964 expendere
2839 3931 2856 3956 ,
2905 3892 3036 3963 quid
3068 3902 3123 3946 et
3163 3892 3328 3961 patri.
3368 3901 3428 3948 et
3468 3892 3536 3946 iis
3562 3906 3702 3962 quius

2119 4002 2306 4043 secum
2337 4002 2403 4042 ac
2429 3986 2577 4040 circa
2609 4001 2671 4040 se
2719 3985 2903 4047 habet,
2945 3984 3110 4054 312
3142 3984 3492 4054 relinquens,
3535 3986 3698 4053 quid-

2119 4093 2246 4134 nam
2278 4091 2530 4134 seorsum
2563 4077 2683 4146 ipse
2732 4076 2951 4131 tandem
2984 4076 3278 4129 habiturus
3312 4078 3426 4133 sis.
3456 4076 3602 4146 quod
3632 4086 3689 4129 et

2119 4171 2216 4224 tibi
2239 4179 2296 4224 et
2331 4170 2441 4223 tuis
2471 4168 2739 4223 militibus
2770 4167 2844 4222 sit
2873 4167 3030 4221 satis.
3058 4166 3172 4222 Nec
3213 4167 3360 4221 enim
3386 4167 3504 4221 siue
3526 4169 3695 4222 armis

2117 4259 2560 4329 militaribusque
2609 4256 2782 4327 c0piis
2846 4258 3183 4312 constituere
3248 4257 3538 4326 imperium
3585 4259 3692 4313 sili

2118 4353 2411 4422 quisquam
2458 4360 2675 4420 potest,
2722 4350 3024 4420 praesertim
3061 4349 3107 4403 si
3143 4349 3196 4402 id
3238 4365 3335 4420 per
3379 4365 3549 4406 novas
3603 4366 3692 4406 res

452 4459 510 4511 τί
539 4458 662 4512 ποτ’
689 4460 756 4513 ἂν
779 4457 963 4521 λάσοις
994 4458 1154 4523 αὐτὸς
1213 4457 1319 4510 ίδὶα
1357 4455 1496 4526 πρὸς
1531 4455 1792 4526 εὐπορίαν
1825 4455 1909 4509 σοί
1959 4473 2019 4510 τε

2133 4453 2374 4515 quaerat:
2408 4459 2533 4527 nec,
2565 4443 2710 4513 quod
2757 4442 2936 4513 majus
2976 4451 3082 4513 est,
3129 4456 3282 4495 arma
3317 4442 3690 4508 militaresqoe

453 4552 552 4606 aui.
586 4554 699 4616 τοῖς
730 4568 794 4620 τε
851 4551 995 4620 ἀμφὶ
1042 4549 1104 4603 at
1147 4548 1535 4619 στρατιώταις.
1567 4547 1703 4601 Οὔτε
1751 4549 1863 4618 γὰρ
1892 4547 2020 4602 ἄνευ

449 4641 631 4698 ὅπλων
657 4641 750 4695 καὶ
771 4641 1174 4708 στρατιωτικῶν
1197 4638 1480 4708 δυνάμεων
1495 4639 1718 4692 δυνατὸν
1738 4636 2020 4707 βασιλείαν

453 4729 829 4794 συνίστασθαι,
853 4729 950 4782 καὶ
976 4729 1210 4798 μάλιστα
1249 4728 1350 4798 τὴν
1381 4730 1445 4779 ἐκ
1467 4725 1836 4798 νεωτερισμοῦ
1853 4742 1866 4756 ο
1894 4725 2018 4779 οὔτε

453 4825 748 4894 χρημάτων
776 4821 929 4887 ἄνευ,
951 4820 1013 4874 τό
1033 4837 1097 4888 γε
1126 4820 1310 4888 μεῖζον
1336 4822 1531 4883 είπεῖν,
1559 4818 1698 4872 ὅπλα
1731 4818 1828 4870 καὶ
1852 4833 2018 4887 στρα-

449 4918 712 4981 τιωτικὰς
762 4915 908 4978 είκὸς
955 4914 1299 4985 ἀθροίζεσθαι
1339 4913 1616 4981 δυνάμεις.
1664 4909 2018 4982 Στρατιωτῶν

450 5012 564 5083 γὰρ
584 5009 714 5066 ἄνευ
729 5007 899 5064 ἐνίοτε
924 5007 1136 5078 μεγάλα
1159 5006 1252 5059 καὶ
1269 5004 1391 5059 καθ’
1413 5005 1577 5058 αὐτὸν
1602 5003 1854 5083 ἰσχύοντα
1881 5007 2014 5055 πάν-

449 5081 544 5167 τες
573 5104 722 5155 ίσασι
757 5100 850 5153 τὸν
881 5097 1106 5168 χρυσὸν,
1130 5094 1226 5150 καὶ
1253 5097 1430 5165 πάσης
1454 5081 2017 5167 [Ρ.511]Ἕλεπόὶεως

454 5193 648 5264 μείζω.
675 5191 810 5262 Πρὶν
835 5191 946 5261 γὰρ
973 5187 1254 5242 αἰσθέσθαι
1279 5188 1403 5246 τοὺς
1430 5185 1668 5250 πλείους,
1702 5183 2014 5251 εὑρίσκεται

450 5286 716 5347 πολλάκις
747 5283 942 5352 ρᾳδίω,
969 5279 1333 5350 προδεδομένη
1372 5280 1483 5338 τοῖς
1509 5275 1786 5345 πολεμίοις
1807 5276 2013 5346 ἡπόλις

447 5375 540 5429 διά
570 5375 790 5445 χρυσόν.
813 5367 986 5426 ῡίσθα
1006 5371 1054 5422 δ’
1075 5365 1144 5422 αὖ
1167 5373 1258 5421 καὶ
1275 5369 1396 5428 ὅσος
1418 5367 1482 5418 ἐκ
1499 5365 1608 5418 τῶν
1639 5363 2012 5435 στρατοπέδων

449 5470 566 5532 τοῖς
635 5468 862 5536 ἄγουσιν
912 5463 1068 5534 δχλος
1121 5461 1261 5531 μετὰ
1309 5459 1565 5511 κινδύνων
1599 5455 1812 5520 επεται,
1872 5457 2010 5525 μήτε

449 5558 701 5628 πολέμων
728 5555 1031 5626 παρόντων,
1067 5551 1203 5622 μήτε
1235 5547 1440 5620 μισθῶν
1487 5547 1778 5614 διδομένων
1805 5545 2008 5609 αὐτοῖς.

450 5644 548 5712 οἷς
574 5648 682 5717 γάρ
705 5644 985 5718 ὁρίζεσθαι
1013 5643 1106 5696 τὸν
1138 5641 1254 5712 βίον
1280 5641 1337 5693 ὲν
1363 5637 1445 5711 τῷ
1475 5637 1665 5709 μισθοῦ
1716 5635 2006 5708 στρατεύε-

455 5741 582 5798 σθαι
609 5739 812 5805 ἔπεισι,
841 5735 1048 5798 τούτοις
1076 5734 1290 5803 ἀνάγκη
1317 5732 1414 5785 καὶ
1462 5732 1554 5785 τὸν
1618 5729 1717 5800 μὲν
1772 5729 2006 5798 πόλεμον

2120 4539 2293 4607 copiae
2319 4535 2582 4591 videntur
2618 4537 2800 4604 parari
2831 4548 2992 4604 posse
3049 4533 3168 4587 sine
3217 4535 3470 4602 pecunia.
3516 4535 3689 4588 Nemo

2119 4629 2334 4683 scilicet
2363 4627 2466 4682 hoe
2496 4628 2700 4691 nescit,
2733 4626 2909 4695 ipsum
2945 4641 3041 4694 per
3069 4640 3130 4678 se
3152 4640 3346 4677 aurum
3372 4625 3539 4678 multa
3567 4627 3687 4680 sine

2119 4720 2385 4774 militibus
2435 4732 2631 4787 posse,
2682 4717 2795 4770 imo
2845 4719 3109 4784 majorem
3153 4730 3315 4783 quam
3349 4723 3684 4770 tormentum

2118 4810 2288 4864 ullum
2339 4809 2544 4862 murale
2593 4808 2701 4861 vim
2757 4807 3002 4861 habere:
3037 4816 3093 4861 et
3155 4817 3495 4875 compertum
3541 4822 3686 4875 sa-pe

2113 4910 2222 4968 est,
2284 4900 2475 4954 urbem
2529 4906 2756 4968 propter
2810 4911 3048 4958 aurum.
3088 4905 3381 4964 antequam
3435 4897 3684 4966 plerique

2114 4989 2453 5051 sensissent.
2488 4988 2642 5046 nullo
2685 4987 2869 5041 labore
2901 4987 3152 5041 hostibus
3193 4987 3460 5056 proditam
3490 4986 3679 5041 fuisse.

2113 5083 2237 5136 Scis
2291 5079 2567 5150 denique,
2606 5089 2874 5148 quantum
2912 5078 3176 5133 molestia:
3213 5085 3270 5131 et
3313 5078 3679 5146 periculorum

2113 5172 2183 5227 ab
2205 5171 2542 5226 exercitibus
2576 5169 2848 5226 redundet
2873 5171 2926 5223 in
2953 5168 3142 5233 duces,
3177 5183 3302 5223 cum
3331 5184 3432 5224 nec
3476 5169 3678 5223 bellant

2111 5265 2345 5336 geritur,
2373 5277 2476 5319 nec
2507 5262 2793 5332 stipendia
2828 5263 3238 5332 persolvuntur.
3267 5261 3402 5316 Nam
3439 5264 3532 5332 qui
3561 5279 3676 5317 rem

2112 5357 2499 5424 fortunamque
2525 5368 2746 5411 omnem
2774 5353 2882 5410 sibi
2911 5353 2966 5408 in
2989 5355 3277 5424 stipendiis
3302 5354 3536 5424 positam
3555 5369 3678 5409 esse

2110 5447 2454 5518 intelligunt.
2486 5459 2582 5503 eos
2608 5460 2838 5501 necesse
2867 5453 2952 5500 est
2989 5455 3046 5501 et
3070 5445 3274 5500 bellum
3307 5444 3480 5500 multo
3514 5445 3676 5498 malle

2108 5556 2270 5610 quam
2305 5553 2515 5607 pacem,
2547 5547 2603 5593 et
2649 5551 2840 5607 pacem
2871 5538 3041 5592 multo
3079 5553 3244 5607 quam
3291 5537 3492 5592 bellum
3519 5537 3674 5606 pejo-
3770 5560 3776 5566 -

2109 5645 2224 5684 rem
2262 5628 2540 5682 arbitrari.
2574 5627 2644 5682 lis
2670 5625 2940 5696 siquidem
2980 5627 3186 5682 bellum
3227 5643 3335 5682 non
3364 5629 3543 5682 solum
3573 5642 3669 5682 ac-

2107 5721 2346 5792 cipieudi
2387 5717 2687 5789 stipendii,
2726 5717 2823 5775 sed
2865 5725 2924 5775 et
2949 5719 3144 5790 pratia:
3176 5735 3271 5788 per
3292 5718 3402 5774 vim
3448 5717 3673 5788 agenti.»
