4094 6246
328 438 458 505 1055
662 430 738 504 [ι.
776 445 827 486 c.
879 429 1040 503 1517]

1254 434 1691 497 ΒΥΖᾹΝΊἹΝΕ
1726 435 2109 499 HISTORIA!
2134 437 2277 499 LIB.
2322 436 2470 501 XVI.

3401 436 3538 500 1066

2601 429 2736 504 [ωτι.
2775 448 2820 488 ι.
2859 447 3154 492 omnem.
3201 432 3250 507 l]

315 553 472 625 μοσίᾳ
500 551 635 623 διῄει
662 551 819 604 πάντ’
844 552 951 605 ἀπὸ
1007 550 1274 621 στὸματος
1325 554 1624 624 ἀποτάδην,
1680 553 1868 624 ὥσπερ

1974 555 2062 609 nia
2107 555 2410 610 continenti
2447 554 2696 609 oratione
2731 555 2945 623 publice
2979 554 3061 609 sic
3111 553 3497 624 pronunt'abaI
3520 593 3536 620 ,

314 646 415 702 ἀπὸ
444 645 670 714 βιϐλίου,
724 644 952 716 μηδαμῆ
1000 662 1133 698 ποτε
1183 646 1321 715 μήτε
1356 646 1599 719 γλώττης
1649 647 1869 718 ἐνιαχοῦ

313 740 396 792 διὰ
428 738 596 808 λήθην
633 737 1011 808 ἀκροσφαλοῦς
1054 741 1371 811 γινομένης.
1434 740 1576 810 μήτε
1612 742 1711 811 τῆς
1755 739 1876 795 διαο

314 833 455 895 νοίας
488 830 874 902 ὑστεριζούσης
896 831 1038 887 κατὰ
1061 833 1161 898 τὴν
1215 834 1325 886 τῶν
1380 832 1690 902 λεγομένων
1736 832 1873 903 πρό-

311 926 444 980 οδον·
494 924 610 979 ἀλλ’
672 924 862 995 ὥσπερ
899 925 958 978 δν
986 922 1221 995 ἁρμονίᾳ
1267 924 1361 977 καὶ
1389 922 1548 993 λύρᾳ,
1578 923 1876 995 συνηχούνο

310 1033 414 1069 των
456 1016 513 1078 ἐς
548 1016 610 1069 τὺ
661 1015 799 1069 πάνυ
826 1030 909 1068 τοι
936 1013 1136 1085 εὐφυὲς
1184 1014 1279 1068 καὶ
1324 1014 1697 1085 ἀπεξεσμένον
1758 1018 1871 1087 ἁμ-

310 1108 446 1174 φοῖν.

375 1197 449 1249 B'.
474 1195 691 1249 Τούτων
721 1195 767 1249 δ’
790 1196 961 1261 οὕτως
985 1198 1242 1268 ἑχόντων,
1295 1199 1403 1272 ίδίᾳ
1434 1201 1790 1273 παρειληφὼς
1841 1206 1873 1258 ὁ

309 1288 552 1358 βασιλεὺς
573 1290 688 1342 ὲκεῖ
716 1290 807 1343 τὸν
835 1290 969 1355 υίδν,
1000 1290 1177 1360 λόγων
1217 1308 1277 1344 τε
1315 1291 1493 1347 πειθοῖ
1525 1292 1620 1347 καὶ
1670 1312 1871 1368 πατρι-

306 1382 415 1434 κῶν
467 1382 725 1445 acaum;
768 1382 1162 1450 παραινέσεων,
1212 1382 1489 1451 λογισμῶν
1543 1399 1605 1435 τε
1645 1385 1873 1439 ἐκείνων

306 1474 622 1542 ὑπέρτερον,
668 1472 859 1527 ὀπόσοι
908 1475 1136 1545 πλήρεις
1195 1475 1302 1530 τῶν
1367 1475 1669 1544 μελλόντων
1729 1474 1872 1548 ἦσαν

304 1566 501 1634 φάῦων,
530 1564 768 1629 ἔπραττε
798 1567 889 1619 καὶ
933 1566 1050 1635 ἅμα
1093 1568 1192 1635 τῆς
1254 1564 1546 1634 Ῥωμαίων
1574 1567 1871 1639 ἡγεμονίας

300 1657 707 1727 ἀποτεμόμενος
746 1658 911 1726 μέρος
936 1657 1051 1729 (81)
1073 1656 1326 1727 ἡγεῖσθαι
1386 1658 1478 1710 διὰ
1524 1658 1643 1727 βίου
1674 1661 1869 1729 παρει-

301 1765 410 1820 χεν,
438 1750 605 1803 οἱονεί
646 1766 770 1803 τινα
815 1750 1165 1822 σατραπικὴν
1209 1750 1305 1805 καὶ
1344 1752 1641 1820 αὐτόνομον
1667 1754 1870 1822 ἠγεμο-

301 1842 437 1905 νίαν,
464 1840 603 1908 πρός
630 1858 692 1895 τε
713 1839 774 1894 τὸ
812 1840 1068 1910 ἀσφαλῶς
1093 1841 1187 1894 καὶ
1215 1839 1451 1910 βεϐαίως
1490 1841 1584 1895 καὶ
1614 1843 1731 1912 ἅμα
1758 1842 1870 1896 τῶν

299 1934 754 2001 ὑποπτευομένων
785 1932 967 2002 φόϐων
987 1932 1065 1996 ὡς
1100 1934 1439 2004 πορρωτάτω
1477 1934 1657 1998 ζῶντα
1684 1936 1865 1991 διατεο

297 2024 425 2081 λεῖν.
447 2025 524 2077 Τὸ
550 2024 608 2078 δὲ
630 2019 719 2095 ἦν,
761 2026 937 2095 μῆκος
966 2011 1090 2094 μιν,
1121 2025 1247 2079 ὅσον
1284 2026 1345 2079 τὸ
1368 2027 1432 2079 ἐκ
1479 2026 1867 2098 Διδυμοτείχου

298 2119 431 2188 “pg;
471 2117 676 2188 ἄνεμον
700 2117 937 2187 ζέφυρον
967 2117 1279 2181 ἀποκλίνον,
1313 2120 1440 2190 ἄχρι
1474 2136 1580 2173 που
1626 2120 1734 2175 τῶν
1769 2123 1870 2192 τῆς

298 2209 751 2283 Χριστουπόλεως
792 2210 1023 2280 ἔγγιστα
1057 2211 1414 2280 προαστείων·
1441 2207 1601 2283 εὖρος
1647 2213 1716 2277 δ’,
1743 2216 1868 2267 ὅσον

294 2305 353 2355 τὸ
388 2304 452 2357 ὲκ
485 2301 759 2374 θαλάττης
780 2305 860 2365 είς
892 2300 1158 2359 Ξάνθειαν
1187 2301 1337 2357 ἀνιὸν
1358 2303 1421 2355 τὸ
1445 2304 1741 2373 πολίχνιον,
1775 2308 1868 2359 καὶ

294 2394 396 2448 ὅσα
437 2393 640 2464 μικρὸν
698 2392 963 2447 ἐπέκεινα
1027 2396 1209 2447 κεῖται
1280 2394 1480 2464 χωρία.
1515 2395 1867 2466 Παρασήμοις

293 2502 356 2555 γε
419 2489 529 2558 μὴν
571 2484 668 2538 τοῦ
721 2484 989 2553 μεγέθους
1030 2484 1325 2555 συμϐόλοις
1393 2487 1695 2556 κεχρῆσθαι
1741 2488 1869 2540 ἑπέ-

292 2592 516 2646 τρεπεν,
567 2577 667 2629 ὅσα
698 2574 978 2646 βασιλείας
1009 2576 1111 2644 μέν
1162 2576 1301 2629 είσιν
1332 2578 1506 2648 ἥττω.
1538 2578 1869 2648 ἀξιωμάτων

290 2669 337 2722 δ’
368 2668 630 2723 ἁπάντων
657 2668 834 2721 ἄλλων
871 2668 1152 2723 ἐπέκεινα·
1190 2669 1542 2740 παρήγγελλε
1583 2688 1665 2737 τε,
1693 2672 1869 2727 καθά.

296 2778 403 2829 περ
429 2761 618 2814 είκόνα
646 2760 743 2812 καὶ
777 2760 1034 2832 ἀφορμήν
1062 2776 1187 2814 τινα
1240 2761 1486 2831 μείζονος
1532 2756 1676 2815 εἶναι
1719 2764 1871 2832 νομί-

291 2852 403 2917 ζειν
438 2851 588 2905 τοῦτ’
611 2850 865 2918 ἐξουσίας
902 2869 951 2905 ι.
1170 2832 1176 2839 ’

358 2944 444 3017 [Ρ.
472 2943 607 3018 513]
633 2943 707 3002 1”.
734 2963 755 2997 ι
788 2944 881 2998 Σοὶ
910 2945 1012 3015 μὶν
1034 2944 1145 3017 γὰρ
1171 2945 1407 3015 εὐφυῶς,
1437 2966 1456 3000 ι
1490 2948 1679 3018 φησιν,
1714 2968 1736 3002 ε
1765 2949 1868 3022 ἄρ-

290 3055 460 3108 χοντι,
476 3039 572 3092 καὶ
592 3038 685 3105 ξύν
706 3055 769 3106 γε
796 3041 861 3108 τῇ
880 3041 1231 3111 προσηκούσῃ
1248 3040 1476 3111 προνοίᾳ
1493 3043 1647 3094 ταυτὶ
1671 3042 1741 3096 τὰ
1767 3044 1867 3113 μι-

288 3145 417 3199 τρια
444 3132 559 3185 τῶν
583 3130 841 3202 ὑπηκόων
869 3131 1158 3184 διοικοῦντι
1187 3133 1507 3203 πράγματα,
1531 3134 1742 3200 ἐξέσται
1770 3135 1866 3206 δή·

288 3239 394 3276 που
416 3224 514 3277 καὶ
537 3223 783 3294 μείζονός
797 3223 919 3277 ποθ’
936 3225 1227 3294 ἡγεμονίας
1242 3225 1630 3297 ὲπειλημμὲνῳ
1658 3228 1795 3298 πρὸς
1812 3228 1868 3281 τδ

1972 3226 2268 3296 aliquando
2322 3226 2570 3296 {imperii
2612 3227 2784 3297 potito
2809 3267 2823 3289 ,

288 3317 513 3385 ἄμεινον
561 3317 736 3386 ἄγειν·
808 3319 901 3372 καὶ
950 3319 1068 3389 ἅμα
1124 3313 1207 3383 οἷς
1265 3320 1477 3392 ἀφορᾷν
1530 3320 1871 3391 περιγίνεται

289 3409 427 3479 πρὸς
453 3411 538 3474 σι,
569 3410 804 3473 καὶτοῖς
836 3427 900 3478 γε
950 3413 1066 3474 σοῖς
1126 3410 1411 3465 ὁπώσποτε
1470 3413 1716 3483 φιλοῦσιν
1778 3415 1871 3482 ὲγο

290 3500 737 3568 καλλωπίζεσθαι
772 3503 1175 3573 προτερήμασι,
1210 3504 1306 3556 καὶ
1335 3502 1550 3568 τούτοις
1576 3503 1621 3557 δ’
1652 3500 1721 3560 αὗ
1781 3506 1872 3577 ﬂ:-

291 3594 454 3659 ϐαίας
515 3593 825 3663 λελείψεται
901 3593 1134 3647 κτᾶσθαι
1215 3592 1546 3662 προσδοκίας
1612 3595 1706 3649 ἐπὶ
1760 3595 1871 3682 σοι,

290 3690 416 3743 ὅσαι
458 3692 559 3758 τῆς
597 3689 811 3757 ἀγαθῆς
858 3688 1054 3755 φλεϐὸς
1117 3688 1494 3757 ἀπορρέουσαι
1571 3688 1689 3758 βίον
1743 3706 1876 3761 προ-

292 3781 541 3851 μνῶνταί
569 3797 756 3849 σφισιν
781 3780 1091 3847 εὐδαίμονα.
1122 3780 1364 3846 Οὐδεμία
1421 3784 1529 3852 γὰρ
1554 3782 1872 3853 ὲρῤᾳουμη.

292 3876 427 3942 μὲνη
458 3875 557 3928 καὶ
598 3874 1065 3939 ἀνανταγώνιστος
1090 3874 1260 3943 ἁρετὴ
1294 3872 1563 3943 λαμπρῶν
1620 3874 1870 3940 ἀξιοῦται

288 3968 497 4038 γερῶν,
584 3967 757 4019 ὁπόσα
834 3968 1153 4033 περιφανεῖς
1216 3966 1476 4036 βραὸεύει
1542 3972 1864 4037 στεφάνους.

300 4059 458 4112 Ἐπεὶ
490 4060 585 4112 καὶ
615 4057 835 4110 σύνεσιν
863 4057 1052 4127 ἀνδρὸς
1089 4058 1184 4110 καὶ
1234 4058 1463 4131 γνώμην
1515 4061 1868 4131 ,ἡγεμονικὴν

287 4150 576 4220 οὔτ’ὖψις,
623 4149 744 4203 οὔτε
786 4150 1037 4218 μαντικοί
1090 4166 1232 4212 τινες
1282 4152 1559 4219 τρίποδες,
1620 4154 1674 4206 εί
1720 4170 1865 4217 τινες

289 4240 402 4297 εἷεν
426 4239 983 4314 χρηστηριαζόμενοι,
1016 4242 1131 4303 τοῖς
1156 4241 1371 4305 πολλοῖς
1407 4244 1608 4296 οὑτωσὶ
1661 4260 1867 4315 προση-

288 4337 511 4406 μαίνειν
551 4336 833 4396 δύνανται,
860 4335 937 4396 ὡς
983 4334 1018 4403 ὴ
1047 4334 1143 4387 ἐπὶ
1194 4334 1293 4402 τῆς
1353 4336 1542 4405 χρείας
1606 4337 1702 4391 καὶ
1740 4323 1864 4393 ⁸τῶν

288 4426 503 4499 καιρῶν
535 4426 935 4495 ἁναλὰμπουσα
963 4425 1128 4494 πεῖρα
1155 4424 1265 4477 τῶν
1296 4442 1356 4478 τε
1396 4426 1571 4495 λόγων
1601 4429 1696 4481 καὶ
1724 4430 1877 4501 πράν

291 4519 453 4585 ξεων.
496 4519 718 4583 Πολλοῖς
746 4520 857 4589 γὰρ
885 4518 946 4581 ἐξ
971 4519 1230 4586 ἀπειρίας
1282 4521 1313 4572 ὁ
1350 4522 1712 4586 φανταστικὰς
1735 4522 1861 4587 νοῦς

291 4613 540 4681 μεγάλας
565 4611 853 4680 ὑποτίθησι
885 4609 1138 4663 πλάττων
1162 4610 1416 4679 εὐτυχίας
1448 4628 1508 4663 τε
1542 4613 1637 4664 καὶ
1682 4629 1861 4683 μακα-

289 4707 571 4777 ριότητος.
602 4702 856 4772 καθάπερ
884 4703 941 4756 ai
989 4702 1299 4773 ζωγράφων
1343 4705 1527 4773 χεῖρες
1581 4706 1708 4768 τοὺς
1762 4705 1867 4758 τύ-

285 4817 423 4861 πους
456 4799 571 4860 τοῖς
592 4795 872 4867 χρώμασι,
900 4794 1198 4856 παίζουσαι
1248 4795 1393 4846 κατὰ
1422 4795 1483 4845 τὸ
1539 4794 1864 4867 βουλόμενον

284 4893 386 4960 τῆς
422 4888 627 4960 ψυχῆς.
671 4887 737 4940 Ἦ
762 4885 808 4940 δ’
843 4887 907 4938 ἐκ
935 4884 1048 4937 τῶν
1101 4886 1447 4956 πραγμάτων
1498 4888 1688 4955 πεῖρα,
1749 4882 1863 4941 οἷον

287 4983 536 5052 ἔμψυχος
565 4980 884 5041 διδάσκαλος
929 4977 1327 5046 καθισταμένη,
1386 4978 1562 5045 μέγαν
1618 4978 1863 5047 ἐντίθησι

287 5074 441 5140 νοῦν,
484 5072 579 5125 καὶ
611 5070 1054 5139 σωφρονέστερον
1078 5070 1159 5131 είς
1183 5068 1455 5136 ἁρμονίαν
1508 5069 1857 5140 πμδείκνυσι

292 5166 414 5237 βίου
441 5165 536 5217 τὸν
584 5163 891 5233 ἄνθρωπον.
945 5159 1088 5229 Ἐγὼ
1110 5160 1168 5214 δέ
1200 5176 1260 5213 σε
1294 5163 1386 5213 καὶ
1411 5162 1669 5230 φραγμὸν
1696 5162 1858 5214 οἱονεί

286 5274 414 5310 τινα
441 5258 632 5326 τίθημι
668 5258 766 5323 τῆς
811 5254 1085 5325 ἡμετέρας
1141 5254 1316 5323 ἀρχῆς
1340 5255 1434 5305 καὶ
1489 5253 1863 5320 ἐπικρατείας,

284 5350 363 5413 ὼς
395 5348 599 5414 ἐξεῖναί
632 5364 737 5410 σοι,
759 5349 915 5417 δίκην
952 5345 1246 5416 προὸλῆτος
1275 5345 1730 5413 ἁναδεδειγμένῳ,
1764 5351 1864 5408 τὰς

286 5437 399 5495 οἷον
431 5441 492 5506 ἐξ
540 5439 769 5509 ἀχανοῦς
819 5439 1090 5505 πελάγους
1158 5437 1267 5488 τῶν
1296 5435 1615 5506 Τριῦίιλλῶν
1671 5452 1867 5503 τρικυ-

288 5532 425 5603 μίας
455 5531 663 5601 σεαυτῷ
700 5532 802 5601 μὲν
854 5528 1110 5599 ἀφορμὰς
1184 5528 1455 5599 λαμπρῶν
1508 5526 1712 5581 διδόναι
1748 5543 1871 5598 τρο-

1978 644 2132 713 quasi
2168 646 2236 699 dc
2257 646 2500 716 scripto;
2531 656 2592 699 ut
2620 661 2719 700 nec
2756 646 2941 715 lingua
2968 645 3102 700 vitio
3132 646 3408 700 memoriae
3442 662 3533 699 lis-

1973 736 2121 805 piam
2158 736 2446 801 titubaret,
2498 753 2602 793 nec
2651 738 2703 791 in
2749 754 3039 808 progressu
3067 738 3334 793 orationis
3385 753 3541 793 mets

1978 826 2186 882 tardius
2214 837 2700 897 assequereturea.
2724 845 2845 899 qua:
2872 830 3216 894 dicebantur;
3245 830 3364 895 sed,
3383 832 3537 899 quasi

1977 920 2031 974 in
2054 920 2375 993 symphonia
2406 932 2500 976 aut
2532 925 2584 977 in
2611 923 2750 994 lyra,
2775 936 2899 995 apte
2925 939 3151 996 prorsus
3179 932 3235 980 et
3260 924 3542 995 aequabili-

1978 1020 2059 1067 ter
2083 1014 2258 1068 ambae
2282 1016 2658 1070 concinerent.

2046 1191 2112 1248 ll.
2145 1193 2267 1250 llmc
2292 1210 2418 1251 cum
2456 1198 2527 1252 ita
2552 1212 2611 1252 se
2641 1197 2925 1266 haberent,
2957 1198 3126 1254 illium
3163 1199 3274 1254 illic
3303 1202 3539 1270 impera-

1974 1288 2332 1357 tor'privatim
2358 1292 2615 1346 convenit
2641 1308 2656 1345 :
2687 1292 2960 1347 rationum
2992 1295 3043 1347 vi
3088 1305 3141 1347 et
3173 1296 3414 1364 paternis
3443 1294 3541 1348 ad-

1974 1380 2371 1437 monitionibus
2401 1383 2649 1439 altiorem
2681 1385 2809 1440 facit
2839 1386 2909 1441 iis
2948 1388 3380 1457 suspicionibus,
3420 1405 3543 1457 qua:

1975 1469 2145 1525 futuri
2178 1483 2327 1529 metu
2387 1477 2559 1544 plenae
2587 1492 2714 1532 eum
2745 1480 3019 1550 angebant
3057 1498 3071 1534 :
3105 1482 3267 1536 simul
3306 1482 3535 1537 Romani

1975 1562 2191 1631 imperii
2226 1576 2433 1631 partem
2471 1569 2725 1635 recisam,
2758 1572 3051 1642 regendam
3074 1572 3122 1628 ei
3163 1573 3405 1643 quandiu
3431 1574 3543 1630 vic-

1975 1662 2133 1709 turus
2162 1656 2233 1709 sit
2279 1660 2553 1727 assignat,
2584 1661 2737 1728 quasi
2787 1665 3121 1733 satrapicum
3155 1664 3444 1735 quemdam
3483 1676 3540 1720 et

1972 1748 2179 1802 nemini
2209 1749 2489 1804 subditum
2526 1752 2937 1822 principatum,
3004 1771 3199 1823 nempe
3254 1766 3313 1810 ut
3371 1757 3540 1811 tutior

1970 1835 2081 1907 jam
2123 1848 2182 1894 et
2228 1839 2437 1895 ﬁrmior
2466 1844 2533 1897 ab
2583 1844 2650 1898 iis
2701 1861 2822 1915 qua:
2882 1846 3245 1908 formidabat,
3284 1848 3541 1918 periculis

1971 1945 2136 1999 quam
2197 1931 2511 2003 longissime
2549 1935 2811 2005 deinceps
2854 1938 3081 1993 viveret.
3118 1940 3345 1995 Patebat
3377 1956 3539 2009 porro

1969 2034 2034 2075 ea
2088 2022 2370 2091 provincia
2398 2065 2414 2089 ,
2451 2026 2505 2079 in
2556 2026 2778 2096 longum
2828 2028 3070 2098 quidem,
3097 2045 3125 2083 a
3158 2029 3539 2101 Didymoricho

1970 2113 2271 2184 zephyrum
2303 2132 2494 2173 versus
2532 2120 2598 2172 ad
2619 2118 3085 2189 Christopolitana
3122 2121 3369 2191 proxime
3406 2122 3539 2177 sub—

1969 2206 2161 2272 urbia;
2218 2208 2271 2263 in
2332 2210 2500 2263 latum
2553 2218 2779 2276 autem,
2817 2227 2848 2266 a
2884 2213 3021 2266 mari
3090 2211 3158 2266 ad
3213 2213 3537 2281 oppidulum

1970 2296 2265 2353 Xanthiam
2290 2342 2308 2367 ,
2349 2312 2405 2355 et
2430 2302 2596 2371 paulo
2621 2304 2877 2358 ulterius.
2906 2303 3011 2360 Sed
3038 2315 3091 2359 et
3137 2304 3203 2360 iis
3236 2304 3541 2374 insignibus

1971 2393 2274 2463 maiestatis
2313 2396 2392 2449 uti
2433 2397 2703 2467 permisit,
2738 2414 2860 2468 qua:
2888 2413 3147 2469 supremo
3189 2398 3412 2469 quidem
3440 2398 3540 2451 im-

1970 2486 2127 2555 perio
2154 2498 2341 2543 essent
2376 2489 2632 2545 inferiora
2653 2531 2669 2554 .
2709 2493 2924 2547 ueteris
2953 2508 3087 2548 vero
3116 2493 3540 2563 quibuscunquo

1968 2579 2164 2634 altiora
2203 2580 2595 2651 dignitatibus;
2649 2585 3042 2655 przccepitque,
3075 2596 3134 2640 ut
3162 2587 3292 2642 illud
3342 2588 3539 2659 imagi-

1972 2687 2098 2726 nem
2129 2674 2284 2741 quasi
2312 2682 2369 2726 et
2408 2675 2755 2729 occasionem
2786 2690 2909 2731 esse
2932 2676 3165 2733 duceret
3194 2676 3415 2748 majoris
3444 2693 3540 2748 po-

1972 2766 2208 2821 testatis.

2042 2949 2133 3005 Ill.
2172 2967 2191 3001 ι
2227 2947 2352 3004 Tibi
2379 2948 2557 3010 enim.
2598 2949 2818 3019 inquit.
2851 2951 2897 3004 si
2930 2949 3094 3020 815
3128 2951 3403 3018 sapienter
3429 2953 3536 3006 im-

1969 3058 2151 3113 peres.
2179 3053 2235 3097 et
2266 3058 2354 3106 ea,
2380 3059 2487 3113 qua
2518 3042 2700 3109 decet,
2738 3044 3029 3112 prudentia
3082 3043 3348 3099 modicam
3395 3046 3541 3101 hanc

1971 3135 2314 3206 provinciam
2355 3135 2729 3198 administres,
2786 3135 2975 3189 licebit
3024 3134 3275 3199 fortasse,
3315 3136 3541 3206 majoris

2911 3236 3030 3280 tuas
3090 3242 3180 3280 res
3236 3227 3539 3294 provehere

1974 3320 2030 3374 in
2096 3319 2335 3384 melius,
2393 3319 2668 3388 simulque
2716 3319 2786 3373 iis
2834 3320 2928 3389 qui
2984 3319 3271 3373 intuentur
3318 3319 3372 3372 in
3442 3330 3536 3381 te.

1970 3420 2027 3467 et
2085 3410 2324 3467 honores
2393 3420 2517 3466 tuos
2571 3412 2751 3466 solent
2819 3420 3096 3481 utcunque
3176 3410 3279 3463 sibi
3350 3424 3538 3481 gratu—

1970 3504 2113 3571 lari,
2173 3518 2300 3574 spes
2361 3503 2414 3557 in
2474 3513 2525 3557 te
2574 3512 2783 3567 certas,
2815 3504 2958 3557 bono
3006 3502 3216 3557 scilicet
3265 3502 3412 3557 fonte
3441 3503 3540 3556 dc-

1972 3595 2198 3658 rivatas,
2223 3606 2280 3649 et
2304 3594 2519 3649 beatam
2543 3594 2709 3649 vitam
2740 3594 3097 3664 spondentes,
3125 3593 3396 3662 integrum
3428 3594 3537 3647 erit

1971 3688 2265 3744 collocare.
2308 3688 2441 3754 Quze
2470 3687 2619 3741 enim
2644 3686 2823 3740 virtus
2856 3686 3031 3741 otiosa
3066 3693 3149 3740 est
3176 3694 3231 3740 et
3256 3685 3393 3738 nihil
3440 3686 3537 3737 ba-

1970 3782 2062 3837 bet
2114 3797 2238 3836 cum
2295 3797 2406 3849 quo
2456 3780 2721 3845 luctetur,
2755 3794 2819 3834 ea
2872 3778 3111 3849 praemiis
3148 3777 3449 3848 magniﬁcis
3481 3791 3537 3833 et

1970 3872 2279 3929 illustribus
2329 3873 2523 3942 palmis
2566 3886 2674 3927 non
2707 3871 2965 3926 donatur.
2996 3870 3265 3926 Nimirum
3298 3871 3535 3926 hominis

1970 3965 2410 4033 intelligentiam,
2441 3975 2497 4018 et
2543 3966 2784 4018 animum
2817 3964 2970 4019 illum
3001 3963 3232 4033 imperio
3281 3964 3530 4033 dignum,

1971 4075 2070 4113 nec
2101 4059 2240 4112 visio
2272 4058 2379 4112 ulla
2399 4099 2415 4124 ,
2446 4074 2549 4112 nec
2580 4058 2802 4113 vaticini
2850 4057 3113 4125 tripodes.
3151 4056 3196 4109 si
3242 4057 3535 4111 consulan-

1969 4160 2079 4214 tur,
2113 4156 2183 4205 ita
2218 4151 2437 4220 populis
2462 4151 2765 4213 declarant,
2798 4159 2859 4203 ut
2885 4163 2973 4214 ea,
2995 4163 3116 4218 quae
3138 4149 3191 4202 in
3231 4164 3332 4202 usu
3363 4159 3419 4204 et
3442 4166 3535 4201 οι·-

1966 4238 2283 4298 casionibus
2308 4244 2515 4307 elucet,
2538 4243 2809 4296 dictorqu
2844 4243 3221 4308 factorumque
3247 4240 3533 4309 experien-

1967 4335 2064 4388 tia.
2116 4335 2196 4389 Ac
2245 4335 2438 4388 multis
2466 4334 2689 4403 quidem
2718 4373 2733 4394 ,
2788 4338 2917 4401 quia
2947 4342 3076 4387 sunt
3106 4347 3287 4387 rerum
3334 4333 3527 4395 rudus,

1964 4429 2184 4482 animus
2215 4427 2513 4498 imaginum
2546 4426 2744 4495 plenus
2763 4440 2985 4497 magnas
3004 4426 3216 4496 objicit,
3240 4424 3332 4479 sed
3357 4425 3529 4485 lit-tas,

1965 4522 2259 4577 felicitates
2306 4532 2363 4574 et
2393 4519 2799 4584 beatitudincs,
2833 4530 2891 4572 ut
2938 4517 3210 4587 pictorum
3245 4532 3435 4572 manus
3465 4519 3528 4570 ad

1966 4615 2181 4667 libitum
2234 4613 2487 4667 ludentes
2538 4612 2807 4681 quidlibet
2858 4610 3139 4664 coloribus
3190 4610 3528 4679 exprinmnt.

1964 4704 2111 4760 Usus
2134 4714 2315 4758 autem
2342 4719 2549 4766 rerum,
2584 4704 2751 4756 veluti
2785 4703 3045 4770 magister
3092 4702 3269 4767 vivus,
3301 4703 3529 4754 militum

1966 4796 2340 4866 intelligentia:
2376 4795 2619 4849 infundit
2640 4834 2655 4857 ,
2677 4804 2733 4848 et
2764 4794 3015 4848 homines
3050 4792 3103 4846 in
3130 4793 3238 4848 vita
3259 4794 3534 4860 δειρίιειιιί-ι·

1966 4887 2305 4941 instituenda
2332 4895 2605 4941 cautiori-5
2643 4894 2883 4954 prastat.
2920 4884 3029 4956 Ego
3052 4900 3186 4938 vero
3217 4885 3385 4938 nostri
3433 4888 3531 4937 ιτ..-

1966 4980 2103 5049 perii
2154 4990 2464 5045 nostrarqu
2516 4979 2742 5033 ditionis
2786 4993 3005 5033 murum
3048 4958 3202 5047 quasi
3242 4977 3530 5045 quemdam

1964 5078 2146 5122 statuo
2167 5078 2240 5131 te,
2277 5081 2338 5122 nt
2364 5070 2558 5137 possis,
2601 5070 2752 5137 rupis
2774 5069 2947 5122 instar
2977 5068 3313 5122 constitutus
3334 5066 3529 5120 adver-

1925 5201 1928 5205 .
1965 5173 2059 5211 sus
2093 5157 2292 5212 ﬂuctus
2339 5176 2403 5211 ex
2437 5158 2693 5213 Triballis
2735 5168 2991 5229 tanquam
3034 5176 3100 5213 ex
3157 5162 3375 5213 immani
3409 5173 3529 5224 pro-

1968 5248 2142 5301 fundo
2169 5250 2616 5311 elici-vescentes,
2652 5250 2750 5304 tibi
2791 5248 3012 5318 quidem
3044 5258 3370 5316 tropaeorum
3412 5246 3529 5299 illu-

1968 5341 2165 5395 strium
2204 5342 2546 5394 occasionem
2596 5352 2834 5408 paratam
2890 5340 3116 5405 habere,
3156 5338 3314 5392 nobis
3350 5348 3530 5390 autem

1969 5434 2322 5488 securitatem
2353 5443 2631 5503 praestare.
2661 5434 2797 5488 llinc
2825 5434 2916 5486 ﬁet
2945 5434 2998 5485 in
3029 5432 3239 5501 primis,
3262 5439 3321 5483 ut
3341 5444 3530 5498 magna

1973 5525 2072 5579 tibi
2128 5525 2198 5580 ab
2230 5524 2376 5578 otnni
2433 5524 2805 5579 Romanorum
2862 5538 3060 5593 genere
3114 5522 3333 5576 laudum
3377 5537 3525 5589 seges

1632 5668 1970 5732 Variorum
2009 5679 2193 5732 notae.

357 5815 476 5885 (3|)
519 5813 639 5866 Τῶν
669 5812 810 5864 κατὰ
850 5808 1179 5880 Χαλκιδικὴν
1222 5810 1428 5863 πόλεων
1458 5804 1840 5878 praefecturam

1969 5823 2063 5863 am
2099 5808 2350 5864 Mattbceo
2417 5807 2527 5864 lilio
2589 5806 2790 5862 indicat
2848 5804 3262 5864 Cantacuzenus
3301 5806 3395 5859 lib.
3453 5823 3526 5862 ιν·

287 5900 412 5957 cap.
444 5890 522 5938 ltl.
555 5886 793 5937 "nunc.

539 5977 810 6037 Ριιτιιοι..
844 5974 959 6033 Gn.
996 5971 1279 6035 CXLVlll

3035 5968 3110 6029 3’s
