4094 6246
400 380 533 446 tm
788 380 862 454 [Α.
903 397 955 438 c.
998 380 1159 453 ista]

402 585 455 640 δὲ
503 586 788 654 πλείστας,
820 589 1122 645 ἐπιλέκτων
1153 592 1441 663 ἐμπλήσας
1488 594 1818 666 ὁπλομάχων
1844 614 1972 647 ναυ-

404 681 531 745 τῶν,
571 683 671 737 καὶ
709 685 1082 756 τριηράρχους
1128 686 1431 756 ἐπιστήσας
1479 688 1612 751 τοὺς
1655 689 1800 757 μάλα
1856 690 1979 758 ἀρί-

407 792 583 841 στους.
618 778 713 832 καὶ
747 779 949 848 μικρὸν
992 779 1088 833 τοῦ
1118 781 1340 850 λιμένος
1387 782 1618 850 προϐὰς,
1655 782 1842 836 ίστατο
1876 800 1976 835 πε-

369 868 647 947 ριμένων
700 871 761 925 ἐν
818 870 971 937 τάξει
1020 873 1111 925 τὸν
1170 871 1281 925 τῶν
1333 871 1648 936 Βυζαντίων
1689 874 1979 939 ἐπίπλουν,

408 960 551 1015 δυοῖν
586 962 728 1034 ἔχων
769 965 826 1016 ἐν
881 964 959 1035 νῷ
1014 965 1421 1036 διαπράξασθαι
1477 964 1741 1037 θάτερον·
1777 969 1826 1021 ct
1882 969 1983 1037 μὲν

409 1055 551 1110 κατὰ
585 1056 785 1125 νόμους
835 1057 985 1149 ὁρῴη
1024 1058 1427 1127 στρατηγικοὺς
1463 1058 1723 1122 ἐπιόντας
1762 1058 1851 1113 ἐπ’
1882 1061 1984 1113 αύ-

410 1149 521 1211 τον,
558 1151 817 1219 πρύμναν
854 1168 915 1204 τε
949 1153 1288 1223 κρούσασθαι
1319 1152 1417 1207 καὶ
1442 1152 1552 1208 τῶν
1577 1153 1717 1207 νεῶν
1741 1152 1986 1223 ἐκπηδή-

390 1264 615 1309 ,σαντας
646 1248 794 1310 ἐντὸς
821 1248 1075 1314 γενέσθαι
1110 1246 1205 1303 τοῦ
1232 1249 1500 1321 φρουρίου
1531 1248 1767 1318 πλησίον
1813 1249 1986 1301 ἐστῶ-

413 1356 501 1400 τος
520 1354 536 1368 ο
566 1340 617 1392 εί
643 1338 687 1393 δ’
718 1335 834 1401 οὖν,
865 1340 1032 1409 ὁμόσε
1063 1342 1265 1411 χωρεῖν
1304 1341 1363 1403 ἐς
1388 1342 1517 1404 τοὺς
1553 1340 1877 1409 πολεμίους.

1377 387 1814 447 BTZANTINL
1856 389 2237 450 lllbi'l"i.il‘tl.15
2271 392 2415 453 Llll.
2447 391 2637 452 XVII.

467 493 539 547 A'.
576 494 739 548 Ὅθεν
772 499 1014 567 μεγάλας
1050 499 1150 566 μὲν
1197 501 1353 553 ἐννέα
1399 503 1670 573 τριήρεις,
1704 504 1964 573 μονήρεις
2002 517 2040 564 Α

2745 385 2880 457 [iam
2922 404 2967 442 ι.
3008 401 3298 441 casracuz.
3338 384 3395 457 3]

3509 385 3646 454 1118

2149 508 2234 563 Ν.
2284 509 2472 579 Itaque
2513 510 2605 563 ille
2646 508 2899 564 triremes
2936 524 3161 577 magnas
3193 524 3409 571 novem,
3448 516 3504 561 et
3537 521 3653 560 mo-

2080 616 2242 655 neres
2271 602 2729 672 quamplurimas,
2751 611 3042 655 nautarum
3070 610 3405 654 armatorum
3437 598 3651 651 delectu

2076 694 2347 764 complet;
2382 694 2717 749 trierarchos
2749 693 2975 763 pra-ﬁcit
3002 691 3516 761 praestantissimos;
3541 701 3654 743 tum

2078 785 2243 855 paulo
2289 786 2432 841 ultra
2460 792 2678 855 portum
2708 800 3035 855 progressus
3062 826 3077 849 ,
3127 783 3517 853 Byzantiorum
3566 779 3661 833 ad-

2079 886 2305 933 ventum
2330 878 2597 932 instructa
2627 878 2744 932 acie
2769 878 2879 931 illic
2909 886 3018 931 stat
3039 887 3385 944 exspectans,
3423 874 3657 927 duorum

2084 971 2176 1026 ille
2209 971 2442 1026 alterum
2494 970 2744 1025 facturus
2785 987 2801 1027 :
2855 970 2900 1023 si
2954 985 3047 1021 cos
3091 970 3312 1036 quidem
3356 966 3658 1020 secundum

2085 1063 2294 1118 bellicae
2343 1065 2477 1118 artis
2512 1072 2781 1132 praecepta
2831 1062 3127 1131 procedere
3165 1061 3430 1112 adversus
3479 1073 3536 1111 sc
3578 1060 3662 1109 vi-

2086 1156 2235 1221 deat,
2278 1158 2503 1226 puppim
2536 1166 2913 1209 retroaeturus
2937 1193 2952 1217 ,
2994 1153 3310 1220 relictisque
3344 1151 3575 1204 navibus
3607 1150 3659 1201 iu

2088 1249 2376 1304 castellum
2425 1249 2737 1317 proximum
2793 1245 3158 1310 introiturus;
3209 1243 3293 1297 sin
3332 1244 3516 1296 minus
3543 1279 3559 1306 ,
3596 1239 3664 1293 ad

2088 1353 2322 1409 pugnam
2367 1339 2704 1409 proditurus.

1863 1454 2089 1509 CAPUT
2134 1455 2217 1509 Vl.

416 1546 579 1631 Terra
614 1559 663 1602 ct
688 1550 825 1631 mari
852 1551 920 1602 ad
952 1568 1189 1631 pugnant
1232 1547 1533 1631 itura-Quid
1584 1549 1896 1631 Byzantina?
1946 1548 2104 1602 classi
2143 1547 2389 1631 abfuerit.
2429 1550 2544 1614 Quo
2576 1553 2758 1605 ordine
2809 1566 2969 1605 nam
3014 1551 3378 1618 processerint,
3414 1547 3672 1610 ,Νικαιαν

490 1621 903 1693 trierarchoram
931 1618 1110 1693 culpa.
1148 1621 1392 1693 Byzantii
1416 1637 1595 1673 omnes
1642 1621 1813 1693 subito
1845 1630 1983 1693 metu
2016 1618 2284 1693 perculsi;
2336 1624 2389 1671 in
2427 1638 2571 1675 mare
2621 1622 2887 1675 desiliunt.
2942 1620 3136 1675 Clades
3172 1622 3425 1672 maxima.
3460 1618 3668 1669 .lastnm

497 1688 588 1773 ρεὶ
635 1690 916 1773 judicium.
975 1688 1289 1773 Latinorhm
1320 1693 1657 1773 _navarc_lms_
1692 1691 1767 1742 rei
1833 1688 2091 1771 miracalo
2122 1690 2500 1773 "obstupescit.
2569 1691 2761 1745 Vacais
2812 1693 3025 1745 navibus
3078 1694 3295 1753 potitur.
3363 1689 3673 1755 ltiizantium

488 1749 669 1813 classis
702 1761 870 1813 altera
911 1779 1034 1828 pars
1082 1764 1133 1815 in
1174 1764 1415 1814 eamdem
1460 1760 1824 1814 calamitatem
1876 1760 2082 1813 incidit.
2122 1749 2469 1814 Terrestriam
2512 1764 2784 1831 copiarum
2833 1749 3114 1821 trepidatio
3164 1778 3266 1814 non
3298 1749 3490 1813 minor.
3526 1759 3674 1811 Lati-

492 1846 678 1884 norum
705 1833 925 1898 inanitas
951 1841 1000 1884 et
1025 1834 1327 1886 clementia.

490 1940 576 2014 1P.
617 1942 743 2015 542]
787 1942 866 1999 A'.
904 1945 1062 2000 Ἑπεὶ
1100 1946 1146 1999 δ’
1180 1947 1395 2015 ἡμέρας
1419 1946 1725 2015 γενομένης
1756 1943 1999 2015 ὁμιχλώ-

2171 1946 2205 1999 l.
2248 1946 2341 2000 Die
2390 1956 2587 2002 exorto
2631 1946 2932 2003 nebulosus
2975 1945 3196 2014 quidam
3240 1956 3438 1998 ventus
3472 1958 3500 1997 a
3538 1943 3675 1995 mari

421 2035 510 2096 δές
541 2053 593 2087 τι
641 2036 946 2107 καταρρέον
1004 2039 1068 2090 ἐκ
1104 2038 1378 2105 πελάγους
1418 2037 1634 2107 πνεῦμα
1688 2038 1747 2090 τὸ
1778 2036 2003 2108 θαρρεῖν

424 2125 629 2195 ἀφῄρει
660 2127 789 2189 τοὺς
842 2126 1189 2192 Βυζαντίους,
1223 2127 1653 2196 ἐνθαρσέστερος
1681 2129 1708 2180 ὁ
1753 2128 1864 2179 τῶν
1894 2128 2007 2180 Δα-

426 2217 591 2268 τίνων
621 2217 868 2286 ἐγίγνετο
895 2218 1189 2289 ναύαρχος.
1227 2216 1508 2289 Συνῄεσαν
1546 2217 1592 2271 δ’
1634 2219 1782 2288 ὅμως
1808 2220 2006 2286 ἔξωθεν

433 2308 533 2376 μὲν
565 2309 618 2359 αἱ
653 2308 882 2370 πεζικαὶ
920 2310 1030 2361 τῶν
1070 2307 1360 2377 Ῥωμαίων
1393 2308 1673 2376 φάλαγγες
1710 2306 1849 2374 μετὰ
1878 2305 2008 2357 πολ-

430 2400 541 2452 λῶν
571 2400 666 2453 καὶ
699 2400 953 2468 μεγάλων
982 2399 1196 2469 θυρεῶν
1220 2400 1301 2470 (4)
1341 2400 1436 2453 καὶ
1469 2398 1831 2452 παντοδαπῶν
1863 2416 2006 2468 φρυ-

432 2489 640 2559 γάνων,
682 2492 783 2544 ὅσα
816 2491 992 2561 τροφὴ
1032 2490 1110 2560 τῷ
1141 2491 1276 2561 πυρὶ
1302 2491 1630 2544 καθίσταται
1665 2489 1966 2559 πρόχειρος
1987 2505 2003 2520 ·

434 2583 803 2654 προύφαίνετο
838 2584 895 2637 δέ
927 2585 1019 2637 καὶ
1059 2586 1087 2635 ὁ
1124 2583 1307 2645 στόλος
1340 2584 1442 2654 ἤδη
1472 2584 1745 2650 κάμπτων
1785 2582 1888 2650 τὴν
1915 2583 2009 2635 τοῦ

436 2676 737 2742 Βυζαντίου
778 2676 995 2747 βορείαν
1026 2676 1227 2747 ἄκραν,
1260 2676 1391 2728 ἐνθα
1419 2676 1620 2746 πύργοι
1652 2693 1713 2728 τε
1738 2675 1833 2729 δύο
1870 2677 2013 2746 ἀνῳ-

437 2772 767 2841 κοδόμηνται
798 2771 965 2824 λίθων
1009 2769 1221 2822 λευκῶν
1267 2770 1364 2823 καὶ
1402 2768 1796 2837 άπεξεσμένων
1862 2771 1921 2832 ἐς
1954 2770 2014 2821 τὸ

438 2863 542 2935 τῆς
568 2864 841 2934 άομονίας
871 2863 1092 2931 εὐφυὲς.
1123 2863 1220 2915 καὶ
1245 2860 1363 2930 ἅμα
1403 2861 1719 2947 Δημητρίου
1749 2860 1843 2913 τοῦ
1876 2860 2017 2930 μάρ-

437 2973 601 3027 τυρος
635 2956 850 3027 ἵδρυται
879 2955 1025 3023 ἱεράν
1064 2954 1164 3021 (5).
1204 2951 1394 3017 Ἔδοξε
1425 2952 1471 3006 δ’
1502 2942 1689 3014 αύτοῖς
1717 2951 2013 3021 ἐπίμοχθος

441 3049 475 3119 ή
503 3048 698 3119 καμπὴ
735 3046 824 3100 διὰ
854 3044 954 3107 τάς
988 3046 1107 3096 ἐκεῖ
1154 3045 1449 3113 γινομένας
1498 3044 1586 3096 ἀεὶ
1616 3042 1936 3104 θαλαττίους
1958 3042 2016 3093 ἐ-

440 3140 597 3203 λικάς
626 3157 685 3193 τε
716 3138 812 3192 καὶ
834 3130 949 3190 οἷον
982 3152 1139 3198 τινας
1161 3133 1550 3205 λαϐυρίνθους,
1590 3135 1734 3187 κατὰ
1756 3135 1857 3201 τὴν
1885 3133 2016 3203 παρ’

445 3232 705 3301 Ἕλλησιν
738 3228 1012 3300 ᾁδομένην
1051 3224 1295 3278 Σκύλλαν
1325 3225 1420 3278 καὶ
1443 3225 1749 3295 Χάρυὸὁιν,
1778 3225 1845 3293 ἦν
1876 3225 2020 3276 ἐκεῖο
2052 3224 2053 3227 ’

444 3341 527 3379 νοι
564 3322 709 3377 κατὰ
755 3323 849 3373 τὸν
892 3318 1140 3389 πορθμὸν
1179 3312 1318 3371 εἷναί
1365 3334 1551 3386 φασιν,
1595 3317 1653 3379 ὃς
1687 3315 1891 3385 μεταξὺ
1922 3316 2019 3368 τοῦ

444 3434 506 3471 τε
554 3414 815 3471 Ἰταλικοῦ
855 3410 1075 3482 Ῥηγίου
1112 3409 1204 3463 καὶ
1247 3410 1345 3478 τῆς
1372 3407 1662 3478 Σικελικῆς
1701 3409 1883 3461 κεῖται
1910 3408 2023 3461 Με-

449 3512 642 3581 σήνης.
670 3504 916 3576 Ἐσφηλε
944 3502 989 3557 δ’
1016 3503 1215 3567 αὐτοὺς
1256 3503 1315 3565 ἐς
1334 3502 1402 3554 τά
1425 3502 1663 3569 μάλιστα
1684 3500 1807 3553 τότε
1842 3503 1937 3555 καὶ
1963 3501 2024 3554 τὸ

451 3602 526 3673 μὴ
580 3599 846 3665 ἀνάλογον
898 3597 1048 3667 ἐχειν
1096 3595 1156 3647 ἐν
1213 3595 1325 3658 τοῖς
1380 3592 1490 3646 τῶν
1544 3593 1681 3646 νεῶν
1719 3592 2026 3662 κοιλώμασι

448 3698 602 3750 κάτω
634 3693 730 3764 τὴν
763 3691 994 3762 ψάμμον
1023 3690 1101 3760 (6)
1128 3705 1141 3720 ·
1172 3690 1310 3757 ὅπερ
1354 3687 1513 3740 εἴωθε
1542 3690 1657 3751 τοῖς
1700 3689 1793 3741 ἐπὶ
1821 3687 2023 3741 θάλατ-

449 3804 552 3841 ταν
578 3788 665 3840 ἀεὶ
695 3782 1088 3838 ναυστολοῦσιν
1136 3782 1372 3852 ἔρεισμα
1402 3780 1650 3849 γίνεσθαί
1678 3798 1739 3835 τε
1766 3782 1859 3835 καὶ
1889 3777 2027 3835 εῖναι

448 3878 545 3934 τοῦ
574 3876 707 3931 πλοῦ
733 3878 831 3931 καὶ
859 3876 1105 3945 θεμέλιος
1132 3878 1447 3944 κράτιστος.

523 3973 600 4027 B'.
631 3970 763 4025 Δέον
790 3965 884 4023 οῦν
912 3969 1054 4021 κατά
1089 3968 1342 4038 μέτωπον
1377 3967 1685 4038 στήσαντας
1718 3966 1847 4030 τοὺς
1874 3984 2031 4039 τριη-

457 4070 696 4141 ράρχους
727 4067 824 4129 τὰς
855 4062 988 4124 ναῦς
1018 4061 1401 4132 ἀντιπρώρους
1446 4062 1568 4122 ταῖς
1591 4059 1704 4113 τῶν
1750 4059 2030 4128 πολεμίων

454 4163 616 4215 ναυσὶ
667 4158 761 4211 καὶ
812 4158 921 4209 ἀπὸ
962 4154 1131 4225 μόνης
1176 4154 1276 4223 τῆς
1328 4151 1550 4223 πρώτης
1580 4148 1849 4216 ἐκπλῆξαι
1899 4152 2031 4215 θέας

456 4254 676 4317 αὖτοὺς,
713 4253 762 4304 ot
793 4250 850 4303 δὲ
886 4250 986 4317 τῆς
1019 4246 1408 4321 προσηκούσης
1441 4245 1861 4307 ἐκπεπτωκότες
1892 4246 2034 4311 γνώ-

460 4365 620 4411 σεως,
664 4346 796 4416 μίαν
828 4345 978 4412 παρὰ
1014 4344 1145 4410 μίαν
1180 4341 1528 4409 κάμπτοντες
1559 4342 1658 4406 τὴν
1685 4338 1864 4406 ἄκραν
1887 4335 2035 4389 ἐκεί-

459 4460 556 4511 νην
589 4441 904 4508 ὑπέφαινον.
942 4435 1143 4507 Πρώτη
1194 4434 1294 4503 μὲν
1325 4432 1419 4486 οῦν
1479 4435 1511 4501 ἡ
1559 4431 1825 4500 ναυαρχὶς
1864 4430 2037 4484 ἐδείκ·

460 4549 610 4597 νυτο,
647 4531 810 4602 σχολῇ
838 4527 1103 4582 κατιοῦσα
1147 4526 1242 4579 καὶ
1278 4525 1579 4597 βιαζομένη
1613 4523 1759 4593 μάλα
1801 4523 2036 4592 πλησίον

2107 2036 2331 2105 ingruit.
2370 2037 2445 2091 Ea
2500 2051 2590 2093 res
2630 2044 2693 2089 ut
2730 2035 3006 2107 Byzantiis
3040 2035 3293 2089 fiduciam
3335 2033 3575 2094 ademit,
3605 2034 3676 2087 ita

2107 2129 2422 2183 Latinorum
2469 2129 2743 2184 navarcho
2776 2130 2989 2183 animos
3028 2128 3259 2183 addidit.
3294 2127 3683 2181 Conveneraut

2107 2234 2290 2279 tunen
2318 2224 2663 2279 extrinsecus
2689 2223 2977 2291 pedestres
3015 2221 3388 2276 Romanorum
3424 2218 3681 2273 cohortes

2019 2364 2031 2381 ,
2106 2329 2230 2366 cum
2258 2314 2461 2384 clypeis
2501 2311 2686 2367 multis
2708 2322 2759 2365 et
2796 2311 3039 2377 magnis,
3086 2310 3214 2365 item
3252 2326 3375 2362 cum
3420 2309 3566 2361 omni
3606 2310 3715 2365 fo-V

2109 2407 2304 2459 mitnm
2360 2419 2605 2474 genere,
2669 2412 2938 2475 quotquot
2992 2403 3203 2457 scilicet
3244 2411 3490 2471 prompta
3542 2398 3684 2468 ignis

2110 2499 2442 2553 nutrimenta
2476 2506 2625 2552 sunt.
2670 2495 2983 2567 Apparebat
3018 2505 3200 2549 autem
3229 2504 3285 2548 ct
3328 2493 3537 2557 classis,
3565 2506 3687 2559 quae

2113 2592 2332 2647 boreale
2355 2593 2468 2662 jam
2499 2589 3023 2645 circumveltehatur
3069 2587 3313 2658 Byzantii
3368 2593 3688 2654 promonto-

2115 2685 2294 2749 rium;
2329 2684 2421 2738 ubi
2471 2692 2655 2736 turres
2680 2681 2802 2735 dum
2848 2679 3128 2735 :edificata‘
3157 2688 3285 2732 sunt
3311 2676 3488 2746 lapide
3525 2675 3688 2739 albo,

2112 2778 2179 2830 ad
2227 2777 2549 2830 coticinuam
2579 2776 2767 2831 solidae
2800 2782 3097 2828 structurae
3128 2772 3365 2839 Speciem
3402 2768 3642 2837 expetito
3672 2787 3686 2822 :

2115 2888 2225 2941 quo
2260 2874 2424 2925 etiam
2463 2873 2585 2926 loco
2647 2870 2912 2937 templum
2969 2869 3094 2923 divo
3129 2866 3405 2920 Demetrio
3449 2865 3690 2934 positum

2116 2965 2381 3017 occurrit.
2408 2963 2572 3018 Visus
2600 2976 2735 3016 vero
2767 2960 2901 3029 ipsis
2935 2959 3158 3028 iniquus
3185 2957 3273 3012 hic
3301 2957 3473 3011 flexus
3501 2956 3573 3010 ob
3596 2968 3695 3009 eos

2118 3060 2212 3125 qui
2246 3055 2359 3109 illic
2400 3069 2620 3123 semper
2645 3053 2940 3113 exsistunt,
2964 3049 3131 3103 maris
3156 3048 3392 3102 vortices
3424 3056 3479 3101 ct
3522 3061 3695 3115 quos-

2118 3148 2242 3201 dam
2268 3146 2424 3216 quasi
2450 3144 2799 3216 labyrinthos
2819 3184 2835 3205 ,
2862 3142 3053 3211 quales
3080 3142 3186 3196 illa:
3216 3156 3245 3194 a
3275 3139 3695 3195 Grmcisdecan-

2122 3247 2245 3293 tata:
2281 3238 2461 3309 Scylla
2500 3246 2556 3290 et
2592 3233 2923 3304 Charybdis,
2955 3248 3093 3303 quas
3126 3237 3177 3285 in
3220 3233 3313 3285 illo
3356 3232 3519 3296 freto,
3549 3230 3695 3300 quod

2122 3338 2207 3385 est
2234 3328 2377 3384 inter
2406 3327 2654 3383 Italicum
2694 3326 2963 3395 Rhegium
2993 3334 3049 3378 et
3088 3323 3325 3377 Siculam
3356 3322 3697 3385 Messanam,

2124 3423 2257 3477 sitas
2278 3436 2400 3476 esse
2431 3420 2642 3475 dicunt.
2663 3418 2853 3474 Obfuit
2876 3426 3060 3470 autem
3090 3416 3197 3469 illis
3223 3426 3351 3469 tunc
3380 3415 3697 3483 plurimum,

2125 3514 2270 3585 quod
2321 3512 2375 3565 in
2427 3512 2634 3567 carinis
2674 3509 2927 3565 idoneam
2975 3509 3221 3564 saburra:
3246 3508 3408 3578 861
3444 3507 3553 3560 vim
3592 3522 3700 3559 non

2127 3606 2425 3671 haberent;
2458 3621 2579 3675 qua:
2610 3620 2699 3658 res
2762 3604 2827 3658 iis
2858 3602 2953 3672 Qui
3002 3602 3234 3655 navibus
3274 3616 3422 3654 mare
3456 3600 3705 3668 quotidie

2128 3707 2493 3771 percurrunt,
2528 3697 2907 3751 fulcimentum
2963 3711 3083 3750 esse
3139 3695 3281 3750 solet
3336 3703 3391 3748 ct
3448 3693 3703 3749 firmissi-

2129 3812 2279 3852 mum
2302 3795 2673 3868 navigationis
2700 3793 3141 3849 fundamentum.

2200 3973 2266 4029 ll.
2297 3973 2575 4028 Dehebant
2597 3981 2750 4027 certe
2777 3969 3071 4026 trierarchi
3104 3970 3178 4025 ita
3210 3982 3377 4024 naves
3414 3966 3709 4029 collocare,

2134 4075 2194 4122 ut
2227 4067 2474 4121 obversis
2516 4065 2571 4119 in
2612 4064 2846 4118 frontem
2896 4062 3077 4130 proris
3101 4063 3183 4117 vel
3218 4061 3395 4132 primo
3444 4058 3710 4129 adspectu

2134 4157 2347 4213 hostem
2373 4164 2768 4225 perterrcrent.
2795 4152 2948 4215 Atii,
2971 4160 3157 4205 mente
3187 4151 3432 4213 alienati,
3469 4148 3715 4217 singulas

2135 4251 2278 4305 inter
2309 4247 2637 4302 fleetendum
2663 4245 3100 4317 promontorium
3123 4243 3510 4299 ostendebant.
3531 4241 3712 4294 Prima

2137 4340 2579 4412 conspiciebatur
2609 4338 2764 4393 navis
2789 4341 3068 4407 prattoria,
3102 4336 3248 4390 lente
3277 4350 3337 4389 se
3377 4334 3551 4404 ipsam
3594 4347 3713 4385 mo-

2138 4451 2275 4491 vens
2315 4445 2370 4489 et
2421 4433 2666 4504 proxime
2703 4447 2858 4485 oram
2904 4429 3112 4484 littoris
3151 4430 3407 4499 navigare
3437 4441 3628 4496 magna
3660 4424 3713 4479 vi

2140 4527 2503 4584 contendens.
2528 4525 2666 4579 'l‘um
2705 4524 2874 4578 altera
2896 4536 2952 4578 et
2972 4523 3143 4577 altera
3174 4537 3203 4575 a
3230 4531 3382 4589 tergo
3416 4519 3712 4582 subibant;

460 4630 553 4680 τὸν
582 4624 753 4679 πλοῦν
787 4621 1063 4675 ποιεῖσθαι
1096 4619 1200 4690 τῆς
1222 4620 1325 4689 γῆς
1347 4636 1362 4651 ο
1394 4619 1489 4672 καὶ
1539 4616 1658 4686 μετ’
1687 4617 1906 4685 ἐκείνην
1939 4618 2017 4669 ἀπ

2115 4647 2117 4671 ι
2142 4624 2284 4679 serie
2313 4622 2545 4690 quadam
2579 4630 2635 4672 et
2655 4618 2822 4672 veluti
2851 4625 3045 4671 catena
3072 4614 3411 4668 cohaerentes
3439 4612 3541 4665 illa:
3571 4611 3717 4664 inter

460 4722 630 4792 οὐράς
657 4717 853 4789 ἑτέραν
903 4716 1060 4783 δίκην
1095 4712 1342 4785 ὁρμαθοῦ
1385 4713 1481 4767 καὶ
1525 4713 1713 4781 σειράς
1766 4712 2033 4781 ἐχομένας

463 4815 715 4883 ἀλλήλων
746 4813 804 4875 ἐς
837 4810 1009 4879 μῆκος
1029 4820 1044 4835 '
1078 4805 1334 4875 πρύμναν
1367 4821 1425 4856 τε
1452 4803 1679 4874 πρώρας
1717 4801 1883 4873 ἄλλης
1914 4802 2035 4868 ἐχο-

468 4908 640 4975 μίνην
675 4902 770 4955 καὶ
807 4900 983 4961 οὓτως
1024 4895 1318 4966 ἀμοιϐαδὸν
1360 4896 1577 4960 ἁπάσας
1607 4896 1699 4947 καὶ
1747 4892 2035 4963 παραλλάξ

465 4997 662 5068 ἑτέραν
733 4995 930 5063 ἐτέρας
985 4988 1365 5061 ἐξηρτημένας
1423 4988 1515 5041 καὶ
1574 4984 1858 5056 στοιχηδὸν
1920 5001 2040 5047 πως

467 5089 762 5152 πλεούσας,
796 5087 901 5147 ἐως
929 5082 1234 5155 προσέσχον
1265 5080 1342 5148 τῷ
1381 5078 1611 5150 αίγιαλῷ
1646 5077 1726 5148 τῷ
1752 5080 1817 5132 ἐκ
1849 5076 2041 5147 διαμέ-

466 5199 600 5252 τρου
632 5180 727 5234 καὶ
754 5179 871 5232 κατ’
900 5175 1118 5229 εὐθεῖαν
1140 5173 1237 5228 τοῦ
1272 5171 1567 5228 Λατινικοῦ
1595 5174 1838 5241 κειμένῳ
1864 5187 2038 5240 φρου-

472 5275 613 5344 ρίου,
646 5273 954 5341 άπέχουσαι
982 5268 1084 5337 τῆς
1128 5266 1234 5336 γῆς
1275 5263 1620 5337 ἡμιπλέθρου
1652 5265 1802 5332 μεῖον
1848 5263 1947 5333 (7).
1981 5262 2041 5314 Et

474 5368 576 5439 μὲν
606 5361 702 5422 οὖν
750 5363 1029 5419 κάνταῦθα
1073 5360 1362 5431 γενόμεναι
1401 5359 1499 5420 τὰς
1548 5356 1777 5428 πρώρας
1813 5357 1909 5409 ἐπὶ
1946 5373 2044 5425 με·

2140 4730 2198 4770 se
2230 4714 2451 4783 longum
2489 4710 2541 4764 in
2594 4720 2868 4773 tractant,
2921 4707 3150 4776 singula:
3202 4704 3538 4775 singularum
3575 4717 3717 4771 pup—

2142 4807 2251 4876 pim
2284 4820 2444 4874 prora
2473 4804 2855 4869 contingentes
2901 4816 2917 4852 :
2963 4809 3019 4852 et
3071 4798 3151 4853 sic
3194 4812 3386 4851 omnes
3421 4836 3435 4858 ,
3484 4795 3714 4848 invicem

2144 4896 2481 4964 alternisque
2512 4894 2629 4947 alia:
2657 4909 2723 4947 ex
2755 4892 2877 4946 aliis
2926 4906 3100 4954 nexae,
3141 4887 3449 4944 continenti
3477 4886 3715 4956 quodam

2144 4990 2339 5044 ordine
2402 4988 2722 5057 navigantes
2776 4984 3189 5055 procedebant;
3244 4983 3419 5037 donec
3457 4979 3525 5033 ad
3561 4979 3717 5035 littus

2147 5080 2306 5143 illud,
2334 5077 2478 5148 quod
2502 5088 2585 5132 est
2610 5092 2642 5131 e
2673 5077 2894 5147 regione
2920 5073 3101 5130 Latini
3126 5074 3335 5129 castelli
3358 5073 3519 5140 eique
3550 5068 3717 5124 rcctis

2145 5173 2308 5227 lineis
2341 5170 2661 5242 opponitur,
2695 5170 2935 5238 appulsae
2982 5178 3110 5222 sunt
3136 5206 3151 5228 ,
3186 5167 3371 5220 minus
3398 5161 3715 5233 scmijugrri

2149 5267 2329 5334 spatio
2356 5282 2387 5319 a
2421 5279 2565 5319 terra
2587 5263 2876 5317 distantes.
2904 5259 3060 5326 Quod
3090 5260 3135 5312 si
3162 5259 3273 5313 illic
3302 5258 3495 5312 saltem
3529 5269 3722 5323 proras

2149 5355 2362 5411 Latinis
2402 5356 2457 5410 in
2510 5355 2747 5409 frontem
2803 5352 3159 5423 obiecissent,
3194 5361 3357 5419 atque
3408 5348 3480 5401 ita
3530 5344 3724 5400 confli-

1825 5495 2162 5556 Variorum
2207 5505 2394 5555 noue.

548 5640 627 5710 (4)
653 5636 829 5693 Nostri
865 5634 1123 5710 pavesade
1150 5640 1366 5710 vocant.
1410 5631 1653 5710 Doctae.

549 5697 627 5781 (Si
655 5710 732 5781 De
751 5697 947 5781 quas.
984 5704 1239 5781 Demetrii
1260 5701 1388 5781 inde
1414 5701 1649 5781 et_illius
1681 5698 1789 5754 situ
1821 5697 2045 5781 cepinse

476 5768 693 5847 egimus
722 5768 785 5833 iu'
808 5773 1213 5844 Constan‘tinop.
1250 5771 1449 5829 Christ.
1479 5771 1575 5826 Iih.
1604 5786 1678 5831 ιν.
1733 5780 1872 5825 sect.
1903 5768 1959 5831 6,
1992 5784 2047 5821 n.

478 5854 572 5913 '55.
606 5852 839 5907 Ducaac.

2224 5628 2300 5694 (fi)
2328 5625 2621 5681 Saburram
2642 5667 2655 5679 .
2680 5668 2692 5680 .
2718 5665 2731 5678 .
2755 5660 2770 5677 .
2803 5623 3045 5677 Ducasc.

2226 5681 2303 5766 ἰπὶ
2340 5697 2475 5752 Cod.
2510 5712 2611 5750 ms.
2643 5695 2710 5750 ad
2760 5696 3060 5766 marginem
3093 5728 3109 5751 ,
3168 5688 3489 5766 Σημεὲωσαι
3537 5684 3618 5735 ὅτι
3664 5681 3724 5735 τδ

2159 5761 2397 5838 πλέθρον
2423 5769 2541 5822 ἐστὶ
2567 5767 2785 5837 πηχέων
2828 5761 2940 5834 ρλγ’
3005 5761 3244 5815 (iniusti.
