4046 6248
331 446 465 504 ιιδει
719 445 797 510 μ.
836 452 889 493 c.
934 439 1097 510 15511

1326 439 1770 502 BYZANTiN.‘E
1799 437 1902 495 ill:

2002 431 2176 492 iltl-E
2205 430 2347 490 LIB,
2383 425 2600 488 Χνιιῐ,
2682 421 2810 490 [nm
2851 435 2893 472 ι.
2934 429 3226 470 curacum.
3275 415 3327 482 εί]

3441 411 3580 475 1154

397 563 470 614 l“.
503 561 609 614 Καὶ
641 560 757 630 ἅμα
786 555 1070 631 παρῆν,·ᾧ
1111 563 1181 614 τὰ
1211 563 1340 629 περὶ
1375 564 1436 613 τὸ
1467 560 1593 631 ὅρος
1631 559 1693 612 τὸ
1727 558 1893 615 Γάνος

2071 548 2162 602 lll.
2188 547 2391 600 Aderat
2414 544 2578 599 simul
2607 543 2672 603 is.
2706 540 2794 594 cui
2821 535 3124 605 spiritualis
3173 529 3577 584 administratio

324 656 500 724 χωρία
535 655 933 723 ἐπιτέτραπται
977 653 1188 706 διέπειν
1223 653 1614 720 πνευματικῶς
1662 649 1758 702 καὶ
1799 648 1892 699 τὸν

324 751 441 801 ἐκεί
472 749 788 816 ποιμαίνειν
825 746 1226 818 ἀρχιερατικῶς
1257 746 1463 815 κλῆρον
1506 744 1602 798 καὶ
1643 742 1770 796 λαὸν
1795 740 1892 793 τοῦ

323 838 484 904 Θεοῦ,
515 838 712 891 πολιὰν
742 838 842 908 μὲν
869 838 1214 907 ἑπαγόμενος
1238 837 1422 909 τρίχα,
1456 834 1644 889 πολιὸν
1675 832 1732 886 δὲ
1757 831 1893 900 φρό-

324 949 473 1000 νημα
498 948 512 962 ·
543 931 636 983 καὶ
663 931 791 985 ὅσον
823 929 916 984 τδν
960 930 1066 994 ἔξω
1093 929 1420 999 φαινόμενον
1455 927 1746 996 ἄνθρωπον
1776 915 1892 990 εἶχε

325 1022 708 1093 ξυντετηκότα,
736 1021 990 1076 τοσοῦτον
1020 1022 1286 1077 ἀνθοῦντα
1314 1022 1408 1075 τὸν
1442 1018 1517 1090 μὴ
1542 1017 1890 1087 φαινόμενον.

333 1111 657 1182 ’Υπερόριος
692 1115 804 1183 γὰρ
835 1114 933 1183 τῆς
958 1113 1292 1180 ίπισκοπῆς,
1325 1111 1414 1164 διὰ
1439 1110 1501 1163 τὸ
1524 1109 1703 1179 μισεῖν
1731 1121 1907 1172 πονηη¹

327 1208 438 1276 ρῶν
461 1205 757 1276 ἐκκλησίας
811 1204 908 1260 καὶ
963 1204 1168 1275 λοιμῶν
1223 1203 1532 1270 ξυναυλίας,
1583 1203 1649 1254 ὲκ
1697 1198 1892 1264 πολλοῦ

323 1298 588 1364 γεγονὼς,
610 1296 762 1370 πάσῃ
790 1296 898 1350 τῶν
933 1295 1250 1362 ἀναγκαίων
1285 1293 1595 1363 αὐθαιρέτῳ
1630 1308 1893 1360 στενοχωο

327 1391 421 1460 ρίᾳ
460 1388 718 1442 δαπανῶν
742 1387 975 1442 διετέλει
1001 1387 1099 1457 τὴν
1132 1385 1325 1441 ἑαυτοῦ
1352 1387 1522 1456 ζωήν.

397 1570 471 1623 Δ’.
497 1568 621 1628 Τῶν
650 1583 715 1635 γε
749 1567 858 1636 μὴν
910 1566 1116 1638 ἑτέρων
1169 1564 1491 1618 επισκόπων
1519 1563 1634 1617 ὅσοι
1659 1562 1750 1616 τὸν
1780 1563 1895 1615 ἴσον

323 1662 495 1733 ᾔεσαν
526 1661 688 1731 ζῆλον
715 1662 810 1714 καὶ
836 1660 1038 1731 τρόπον
1069 1659 1160 1733 [Ρ.
1211 1657 1343 1731 562]
1370 1657 1547 1712 οὐδενί
1589 1676 1652 1723 γε
1690 1659 1744 1721 ις
1776 1659 1897 1712 τόδε

329 1754 391 1818 ξυ
400 1754 736 1821 μπέπτωκεν
749 1751 1109 1822 ιλλελείφθαι.
1127 1752 1262 1814 Ταῖς
1273 1752 1383 1822 γὰρ
1412 1753 1562 1820 σφῶν
1576 1751 1898 1819 ἐκκλησίαις

326 1843 874 1913 παρεισγθαρίντων,
907 1844 1096 1896 ὁπόσοι
1134 1842 1370 1912 ἀγύρται
1399 1843 1496 1895 καὶ
1529 1841 1897 1912 βαναυσὼδεις

2000 641 2250 694 locorum
2286 638 2439 692 Gano
2483 636 2652 690 monti
2689 632 3192 700 circumjcetorum,
3251 625 3496 688 clerique
3521 630 3577 673 et

1999 733 2188 804 populi
2228 729 2526 786 Christiani
2577 743 2708 782 cura
2765 723 3049 795 pastoralis
3104 735 3230 773 cum
3279 713 3575 786 pontitieali

1999 824 2333 880 auctoritate
2365 823 2656 876 commissa
2691 819 2828 874 fuit:
2884 817 2991 881 vir,
3032 825 3092 868 ut
3145 810 3304 866 senili
3351 807 3574 865 canitie.

2000 914 2074 971 ita
2104 924 2158 968 ct
2188 913 2346 968 senili
2380 911 2706 981 prudentia;
2731 909 2784 961 in
2813 921 2922 985 quo
2940 913 3204 974 quantum
3233 901 3398 952 homo
3427 905 3576 951 exte-

1999 1007 2116 1060 rior
2144 1016 2200 1060 et
2230 1005 2407 1059 oculis
2441 1005 2724 1072 subjectus
2752 1015 2811 1054 se
2840 1002 3015 1066 ipsum
3046 996 3436 1049 nutet-raverat.
3461 997 3579 1041 tan-

2003 1107 2116 1152 tum
2149 1098 2382 1153 interior
2409 1107 2466 1151 et
2491 1083 2668 1149 latens
2701 1089 3035 1162 vigeseebat.
3095 1086 3309 1152 Quippe
3363 1079 3581 1148 episco-

2002 1200 2136 1262 patu
2192 1190 2524 1262 jampridem
2575 1188 2786 1258 ejectus
2839 1183 2910 1238 ob
2945 1196 3062 1234 ram
3121 1174 3285 1246 893
3335 1185 3580 1225 causam.

2001 1285 2129 1354 quia
2185 1283 2454 1337 malorum
2487 1279 2720 1334 concilia
2766 1284 2824 1330 et
2857 1272 3228 1344 pestilentium
3290 1262 3582 1319 cathedras
3633 1279 3644 1285 ί

2000 1376 2228 1440 odisset,
2258 1373 2405 1428 omni
2454 1386 2638 1425 rerum
2692 1366 3128 1423 necessariarum
3181 1361 3406 1430 penuria
3443 1356 3580 1410 aflli-

1999 1476 2126 1521 ctus
2155 1464 2322 1519 vitam
2355 1478 2512 1518 suam
2543 1460 2745 1515 sensim
2776 1457 3154 1513 consumebat.

2075 1557 2169 1612 ιν.
2201 1555 2359 1622 Quod
2389 1554 2457 1608 ad
2487 1565 2715 1608 caeteros
2751 1553 3037 1621 episcopos
3069 1547 3287 1609 attinet.
3312 1542 3403 1613 qui
3429 1555 3581 1594 eum-

2003 1651 2127 1705 dem
2167 1651 2346 1704 zelum
2399 1657 2454 1702 ct
2486 1660 2696 1701 morem
2757 1643 2910 1714 sequi
2961 1642 3332 1699 instituerant,
3386 1648 3578 1689 eorum

2003 1741 2188 1796 nullus
2238 1748 2520 1810 superstes
2568 1736 2637 1790 ad
2698 1735 2803 1788 huc
2859 1747 3030 1801 usque
3095 1740 3312 1797 tempus
3360 1723 3578 1778 mansit.

2002 1834 2139 1888 Nam
2177 1846 2304 1887 cum
2331 1833 2388 1886 in
2443 1845 2635 1884 eorum
2687 1823 2948 1882 ecclesias
2992 1819 3489 1875 circumforaneum
3524 1825 3580 1866 et

328 1905 428 1989 καί
452 1905 926 2005 ἀνδρες-ἄντικρυς
949 1905 1222 2005 αἱμάτων,
1239 1905 1344 2001 ἐξω
1369 1905 1562 2004 στῆναι
1583 1905 1900 2006 πέπρακται

2005 1924 2275 1980 illiberale
2311 1922 2595 1978 hominum
2616 1933 2790 1990 genus
2814 1932 2877 1971 ac
2896 1914 3085 1982 reipsa
3121 1910 3222 1964 viri
3253 1905 3579 2006 sanguinum

330 2028 472 2095 σφᾶς
522 2026 865 2098 προμηθείας
901 2027 1118 2096 ἁπάσης
1167 2024 1244 2089 ὡς
1294 2028 1653 2098 πορρωτάτω.
1700 2020 1804 2079 Ὧν
1833 2025 1898 2097 δή

329 2135 434 2171 που
484 2118 551 2172 τὰ
595 2116 847 2187 σώματα,
897 2117 975 2188 μὴ
1024 2118 1437 2188 ἐγκαρτερῆσαι
1465 2119 1529 2188 τῇ
1561 2118 1758 2171 σπάνει
1790 2117 1902 2170 τῶν

326 2209 646 2278 ἀναγκαίων
677 2209 1035 2280 δεδυνημένα,
1063 2209 1162 2262 καὶ
1195 2209 1321 2263 ὅσαι
1353 2208 1528 2278 ταύτῃ
1560 2209 1900 2280 δυσπραγίαι

327 2300 586 2372 καθάπερ
613 2300 878 2370 ὁμοφυεῖς
917 2316 1064 2364 τινες
1107 2301 1271 2371 τύχαι
1315 2302 1412 2355 καὶ
1441 2301 1608 2372 κῆρες
1653 2300 1900 2367 ἕπονται,

328 2394 512 2460 πάσης
563 2392 934 2462 σκληρότητος
979 2393 1171 2461 ἐφόδια
1209 2393 1480 2463 λαμπρῶς
1515 2393 1900 2464 ἐφελκόμεναι,

326 2485 426 2537 καὶ
456 2483 571 2538 ἀλλ’
614 2483 703 2537 ἐπ’
732 2483 916 2547 ἄλλοις
947 2482 1241 2539 ἅντλοῦσαι
1286 2486 1486 2549 κακίας
1521 2485 1776 2556 πολυειδῆ
1807 2488 1903 2540 καὶ

331 2574 647 2644 πολύτροπα
683 2574 865 2644 ῥόθια,
915 2573 1054 2644 πρὸς
1107 2573 1207 2638 τὰς
1245 2575 1496 2637 αἰωνίους
1549 2577 1766 2639 ἐκείνας
1809 2577 1903 2630 καὶ

333 2668 612 2736 μακαρίας
643 2664 848 2736 σκηνὰς
876 2663 1318 2735 μετῳκίσθησαν.
1369 2666 1559 2734 Παρῆν
1589 2665 1637 2716 δ’
1660 2660 1751 2719 οὖν
1779 2667 1902 2719 ἀντὶ

333 2759 547 2811 πολλῶν
575 2761 686 2811 κάκ
715 2757 818 2826 τῆς
859 2757 1193 2826 ’Δντιοχείας
1224 2741 1542 2827 ιπαρχίαςὸ
1574 2756 1750 2829 Τύρου
1780 2759 1903 2812 ἐπί-

331 2867 539 2913 σκοπος
559 2866 576 2883 ο
607 2848 749 2920 ἀνὴρ
777 2849 997 2912 συνετὸς
1026 2849 1122 2904 καὶ
1145 2849 1314 2903 πολὺν
1341 2855 1406 2904 ἐκ
1439 2851 1655 2918 φύσεως
1680 2853 1898 2921 τρέφων

328 2944 422 2996 τὸν
443 2945 502 3005 ἐς
529 2944 596 2996 τὰ
620 2943 806 2996 δίκαια
829 2940 1014 3018 ζῆλον,
1043 2943 1180 2996 κάπὶ
1202 2942 1311 2996 τῶν
1336 2943 1435 3011 τῆς
1456 2943 1737 3007 εὐσεϐείας
1767 2961 1902 3014 κρη⁴

330 3035 504 3088 πίδων
537 3035 682 3104 μάλα
710 3021 940 3104 ἀκλινὴς
984 3033 1146 3096 αύτός
1169 3050 1230 3086 τε
1266 3034 1553 3105 ἱστάμενος
1586 3038 1678 3088 καὶ
1707 3036 1900 3102 ἄλλους

331 3122 722 3197 ὲπιρρωννύειν
765 3123 844 3177 ῶν
893 3124 1098 3186 ίκανός.
1129 3117 1297 3184 Οὗτος
1342 3125 1401 3178 ιν
1445 3127 1627 3194 χεροῖν
1649 3125 1789 3195 ἔχων
1831 3127 1901 3180 τὰ

333 3217 502 3271 παλαι
545 3221 622 3286 τῷ
672 3219 770 3287 τὴν
810 3217 1142 3286 ’Λντιόχειαν
1193 3219 1612 3288 πατριαρχικῶς
1661 3219 1898 3273 διέποντι

2001 2019 2376 2089 lrrepsisscnt.
2405 2014 2534 2068 hinc
2561 2011 2763 2066 factum
2807 2015 2913 2074 est,
2969 2014 3026 2060 ut
3059 2003 3134 2057 illi
3165 1996 3481 2068 longissime
3511 1991 3582 2047 ab

2000 2087 2148 2164 omni
2182 2108 2437 2162 humanae
2466 2101 2823 2174 providentiae
2851 2112 2957 2169 0pc
2980 2096 3390 2164 ablegarentur.
3437 2087 3583 2154 Quo-

2001 2217 2124 2256 rum
2153 2212 2406 2268 corpora,
2435 2211 2560 2250 cum
2589 2194 2824 2248 tolerare
2847 2205 2954 2244 11011
2992 2191 3213 2257 possent
3271 2195 3458 2236 I’Cl'lllll
3487 2192 3581 2232 ne—

2002 2294 2368 2346 t'essariarum
2417 2287 2659 2359 inopiam
2721 2299 2785 2339 ac
2838 2290 3068 2337 exteras
3126 2274 3399 2335 miserias.
3460 2283 3582 2341 quae

2000 2395 2120 2436 eam
2163 2384 2318 2436 velut
2341 2389 2569 2449 cognata
2601 2378 2852 2448 quaedam
2907 2372 3017 2427 fata
3057 2382 3116 2426 et
3148 2366 3445 2424 infortunia
3487 2378 3582 2420 co-

2002 2474 2281 2537 mitantes,
2331 2487 2494 2526 ome
2519 2467 2859 2525 austeritatis
2909 2467 3335 2521 instrumentum
3391 2472 3580 2514 secum

2003 2565 2254 2630 trahunt,
2311 2574 2369 2628 et
2417 2563 2558 2618 alios
2618 2577 2687 2615 ex
2740 2560 2864 2614 aliis
2915 2555 3181 2611 malorum
3229 2550 3581 2621 omnigenum

2001 2658 2202 2715 ﬂuctus
2229 2656 2676 2727 superingerunt,
2721 2651 2790 2708 ad
2816 2651 3181 2720 sempiternas
3197 2645 3320 2700 illas
3373 2652 3430 2698 et
3458 2643 3582 2696 bea-

2002 2761 2084 2807 tas
2121 2751 2282 2806 sedes
2309 2751 2635 2819 migravere.
2681 2746 2886 2801 Aderat
2917 2753 3098 2797 tamen
3132 2753 3276 2795 unus
3305 2750 3407 2806 pro
3443 2735 3582 2788 mul-

2001 2845 2073 2900 tis
2097 2861 2165 2900 ex
2187 2842 2527 2909 Antiochena
2576 2839 2878 2910 provincia,
2934 2835 3226 2904 episcopus
3279 2827 3436 2896 Tyri,
3501 2824 3582 2879 vir

1999 2935 2327 3004 intelligens.
2347 2934 2440 3002 qui
2474 2932 2693 2988 insitum
2710 2945 2740 2982 a
2758 2938 2957 2982 natura.
2977 2938 3219 2980 amorem
3237 2919 3366 2989 justi
3385 2916 3583 2970 arden-

2002 3026 2469 3083 tissimumauimo
2497 3023 2688 3086 aleret,
2718 3035 2783 3074 ac
2815 3022 2870 3074 in
2902 3033 3041 3074 vera:
3059 3014 3182 3069 fidei
3214 3009 3586 3068 fundamentis

2002 3135 2128 3174 cum
2154 3121 2272 3191 ipse
2306 3119 2564 3172 immotus
2600 3124 2888 3186 perstaret,
2917 3122 3028 3168 tum
3057 3111 3196 3166 alios
3227 3119 3411 3178 posset
3445 3123 3583 3163 con-

2003 3213 2240 3280 firmare.
2289 3211 2385 3265 llic
2413 3226 2525 3279 prae
2552 3208 2807 3263 manibus
2861 3209 3066 3262 habens
3111 3214 3292 3257 vetera
3351 3211 3583 3271 patrzar-

330 3308 592 3377 γεγονότα
621 3307 952 3378 ψηφίσματα
997 3312 1094 3362 καὶ
1139 3309 1446 3379 γράμματα
1489 3311 1631 3362 κατὰ
1676 3312 1773 3378 τῆς
1803 3309 1897 3362 τοῦ

2002 3306 2116 3358 cita:
2140 3301 2468 3358 Antiocheni
2497 3301 2738 3364 decreta,
2768 3309 2820 3354 et
2850 3299 3066 3353 litteras
3120 3297 3190 3350 ab
3224 3310 3292 3350 co
3317 3297 3585 3350 adversus

336 3401 571 3471 Παλαμᾶ
598 3402 937 3469 δυσσεϐείας,
964 3404 1058 3454 καὶ
1091 3403 1206 3471 ἅμα
1238 3401 1348 3454 ἀπὸ
1372 3402 1638 3471 στόματος
1671 3401 1768 3472 ἥδη
1803 3401 1899 3473 τὴν

2002 3392 2234 3476 Palatina:
2254 3396 2590 3464 impietatem
2619 3393 2874 3461 scriptas.
2901 3405 3004 3444 nec
3026 3405 3134 3444 non
3162 3389 3409 3460 ejusdem
3451 3405 3580 3444 sen-

329 3494 542 3548 ὲκείνου
590 3497 880 3564 κηρύττων
914 3495 1144 3564 γνώμην
1178 3496 1272 3548 καὶ
1310 3493 1552 3563 θέλησιν,
1591 3492 1897 3566 αὐθαιρέτῳ

2002 3488 2225 3541 tentiam
2255 3501 2319 3539 ac
2339 3486 2675 3540 voluntatem
2713 3485 2840 3537 viva
2875 3498 3008 3537 voce
3061 3484 3417 3546 annuntians,
3466 3486 3581 3551 ipse

336 3589 432 3639 καὶ
461 3587 624 3649 αὐτὸς
649 3587 938 3656 ἠκολούθει
974 3587 1234 3656 προθέσει
1262 3586 1441 3658 ψυχῆς
1465 3588 1577 3650 τοῖς
1603 3586 1767 3649 θείοις
1807 3584 1904 3640 ἆν-

332 3677 547 3747 δρὰσιν,
587 3677 684 3741 οὓς
727 3679 788 3743 ἐξ
827 3679 1058 3748 ἑωθινῆς
1110 3680 1246 3747 πρὸς
1285 3681 1385 3749 τὴν
1417 3680 1692 3751 ἡμετέραν
1720 3678 1900 3733 οὶκίαν

330 3769 578 3839 ἑφθημεν
607 3771 886 3840 εἰρηκότες
911 3771 1284 3839 ἁθροίζεσθαι.
1620 3826 1622 3828 τ

407 3862 482 3919 E'.
544 3864 821 3934 Συνῄεσαν
847 3865 904 3916 δὲ
941 3865 1040 3918 καὶ
1077 3865 1184 3917 τῶν
1220 3861 1525 3932 ἐλλογίμων
1565 3862 1776 3933 ἀνδρῶν
1806 3864 1903 3916 καὶ

336 3957 518 4026 σοφῶν
550 3958 651 4009 οὐκ
679 3956 876 4022 όλίγοι,
908 3955 1284 4025 πεφραγμένοι
1327 3955 1508 4018 καλῶς
1548 3958 1659 4017 τοῖς
1698 3957 1763 4007 έκ
1795 3957 1902 4009 τῶν

341 4046 502 4100 θείων
537 4047 725 4110 ὅπλοις
760 4046 998 4117 Γραφῶν
1051 4050 1161 4098 κὰκ
1211 4044 1322 4096 τῶν
1361 4045 1708 4114 φαινομένων
1753 4046 1900 4115 ἠθῶν

337 4139 500 4201 εὐθὺς
531 4137 745 4208 οὐδαμῆ
777 4141 902 4201 τοὺς
932 4135 1072 4209 ὑπὲρ
1098 4136 1378 4199 εύσεσείας
1403 4135 1772 4205 καπηλεύσειν
1797 4141 1905 4190 ἐοι-

343 4236 500 4294 κότες
522 4234 762 4302 ἀγῶνας·
791 4231 974 4295 Δεξιός
1003 4248 1086 4296 τε,
1106 4231 1164 4294 ὃς
1186 4230 1328 4300 λόγῳ
1356 4232 1452 4284 καὶ
1475 4233 1644 4301 ἀρετῇ
1670 4233 1762 4284 τὸν
1789 4233 1906 4302 βίον

337 4325 429 4378 ἀεὶ
455 4325 677 4394 κοσμῶν
714 4323 883 4390 ἔδειξε
917 4319 1014 4375 καὶ
1065 4323 1162 4375 νῦν
1209 4325 1267 4376 ἐν
1299 4325 1411 4385 τοίς
1449 4321 1587 4392 ὑπὲρ
1624 4323 1902 4387 εὐσεϐείας

337 4418 544 4485 ἀγῶσιν
595 4415 808 4486 οὐδαμῆ
855 4415 1198 4488 ψευδομένην
1232 4414 1372 4483 ἔχων
1402 4415 1503 4486 τὴν
1556 4413 1776 4482 κλῆσιν,
1814 4418 1906 4469 καὶ

336 4508 458 4578 ἅμα
503 4509 840 4575 Ἀθανᾶσιος,
871 4507 1171 4583 ἀθανασίας
1219 4506 1450 4577 πλήρεις
1480 4505 1620 4576 ἔχων
1659 4511 1784 4570 τοὺς
1814 4506 1903 4560 λο-

339 4617 597 4670 γισμους.

414 4792 507 4860 ς’.
539 4793 664 4847 Ἐπὶ
689 4790 894 4852 τούτοις
929 4791 1025 4844 καὶ
1053 4791 1083 4843 ό
1110 4789 1220 4846 τῶν
1247 4788 1396 4860 ἐμῶν
1421 4790 1596 4862 εἰσῄει
1619 4788 1781 4862 χορὸς
1806 4805 1912 4859 μα-

341 4887 544 4956 θητῶν,
574 4886 667 4938 καὶ
691 4885 888 4946 οἵτινες
921 4875 1002 4935 ἔτι
1036 4883 1221 4950 σφίσ,ν
1250 4880 1576 4951 ἑφοίτησαν,
1615 4881 1707 4934 τὸν
1740 4862 1910 4934 αύτὸν

340 4975 734 5044 ἀγωνιοόμενοι
768 4972 842 5041 τῷ
870 4971 1178 5042 διδασκάλῳ
1228 4970 1455 5042 δρόμον.
1514 4961 1616 5023 Ὧν
1661 4969 1724 5023 τὸ
1775 4971 1911 5040 προς

341 5069 467 5128 τοὺς
503 5067 642 5133 ὑπὲρ
665 5061 950 5127 εὖσεὸείας
979 5063 1263 5125 κινδύνους
1291 5062 1580 5130 προθυμνιν
1609 5076 1668 5114 τε
1703 5062 1795 5114 καὶ
1823 5064 1912 5114 εύ-

345 5160 503 5228 γενὲς
528 5163 622 5210 καὶ
661 5155 758 5227 τὴν
783 5156 1101 5224 ἔμπρακτον
1131 5155 1487 5224 εὐδοκίμησιν
1514 5154 1714 5216 ἱκανῶς
1748 5153 1913 5207 δεδει-

345 5260 500 5328 χέναι
533 5252 676 5307 δοκὼ
707 5269 797 5320 μοι
831 5252 952 5311 τοὺς
984 5254 1042 5301 ὲν
1090 5248 1285 5316 ἐκείνῳ
1317 5248 1394 5316 τῷ
1431 5246 1757 5316 μαρτυρικῷ
1785 5262 1911 5299 στα-

343 5350 444 5415 δίῳ
488 5346 805 5415 περιφανεῖς
835 5340 1052 5408 ἀγῶνας
1092 5341 1186 5392 καὶ
1236 5340 1306 5391 τὰ
1355 5339 1912 5408 ὲπ;παρῤησιασμένα

343 5442 442 5508 τῆς
477 5437 722 5505 γλώττης
756 5436 929 5501 σεμνὰ
958 5432 1339 5498 παλαίσματα.

417 5618 494 5672 Z’.
540 5615 649 5669 Καὶ
680 5614 765 5666 ἵνα
797 5610 924 5673 τοὺς
963 5608 1154 5670 ἄλλους
1185 5607 1350 5673 ἐάσω,
1378 5605 1471 5670 οὓς
1499 5603 1651 5660 οὔπω
1691 5605 1785 5658 καὶ
1817 5608 1915 5674 τη-

348 5727 518 5780 μερον
546 5710 602 5770 ές
637 5705 770 5774 εψιν
798 5705 934 5756 ίέναι
976 5702 1354 5772 περιειστήκει
1396 5716 1511 5767 μοι,
1561 5696 1914 5766 παμπόλλους

349 5822 408 5856 τε
447 5801 608 5861 όντας
672 5799 761 5850 καί
798 5798 1017 5855 ,πάντας
1061 5792 1312 5860 αλλήλοις
1354 5791 1764 5858 ἁμιλλωμέιους
1818 5790 1915 5855 τὴν

348 5899 551 5960 ἁμτὴν
586 5893 789 5946 καὶτζν
824 5886 957 5957 βίον,
996 5890 1082 5938 καὶ
1109 5885 1204 5953 τῇς
1235 5884 1384 5937 ἔνδον
1419 5887 1556 5936 κατὰ.
1585 5881 1714 5934 θεὸν
1753 5880 1916 5944 ἀγαλ-

1999 3593 2219 3648 quoque
2253 3580 2399 3635 ultro
2457 3578 2792 3649 sequebatur
2844 3577 2991 3631 viros
3019 3576 3146 3632 illos
3183 3577 3579 3640 sanctissimos,

2000 3686 2141 3740 quos
2194 3686 2354 3726 mane
2409 3669 2478 3726 ad
2543 3680 2782 3725 nostram
2841 3667 3068 3724 domum
3119 3667 3450 3726 confluxisse
3497 3671 3582 3726 di-

2002 3775 2203 3814 XllllllSo

2080 3852 2143 3906 V.
2171 3851 2490 3906 Convenere
2528 3851 2692 3905 etiam
2728 3851 2983 3908 homines
3009 3853 3259 3908 doctrina
3303 3864 3359 3909 ct
3398 3857 3580 3911 erudi¢

2004 3943 2154 3998 tione
2185 3943 2429 4013 insignes
2463 3959 2571 3997 non
2620 3945 2802 4012 pauci,
2866 3947 3040 4000 sacris
3081 3947 3383 4016 Scripturis
3428 3950 3579 4003 vvlut

2001 4043 2284 4089 armatura
2317 4035 2556 4102 quadam
2585 4035 2800 4104 egregia
2835 4037 3115 4098 instructi,
3147 4037 3313 4110 894
3335 4038 3428 4107 qui
3459 4040 3579 4108 ipso

2003 4128 2188 4183 statim
2231 4127 2418 4179 habitu
2445 4127 2666 4180 minime
2698 4126 3026 4182 videbantur
3058 4129 3109 4182 in
3147 4130 3270 4184 lidci
3315 4133 3580 4184 orthodo-

2004 4235 2084 4276 xa:
2139 4219 2457 4274 delensione
2516 4221 2678 4272 ullam
2712 4219 2957 4273 fraudem
2992 4221 3333 4289 admissuri;
3383 4240 3578 4294 nempe

2004 4313 2227 4374 Dexius,
2293 4311 2387 4381 qni
2457 4311 2764 4366 litterarum
2814 4325 2870 4368 et
2934 4315 3153 4368 virtutis
3206 4317 3363 4371 laude
3418 4327 3576 4374 antea

2006 4405 2224 4472 quidem
2273 4417 2490 4470 semper
2544 4402 2772 4457 illustris
2819 4404 2958 4468 fuit;
3027 4414 3084 4458 at
3138 4406 3191 4459 in
3250 4406 3398 4462 his¢e
3453 4409 3579 4462 reti.

2006 4495 2184 4564 gionis
2211 4494 2602 4548 certaminibus
2628 4509 2818 4548 verum
2846 4509 2971 4550 esse
2997 4511 3154 4551 suum
3179 4511 3379 4552 nomen
3396 4508 3580 4553 osten-

1936 4619 1982 4677 ο
2007 4584 2108 4638 dit.
2140 4582 2273 4638 item
2302 4584 2653 4648 Athanasius,
2683 4590 2830 4640 totus
2851 4600 2911 4641 re
2957 4586 3072 4656 ipsa
3117 4588 3171 4640 in
3224 4588 3579 4645 meditatione

2013 4674 2453 4730 immortalitatis.

2084 4779 2170 4834 Vl.
2199 4780 2427 4836 Subibat
2451 4780 2864 4836 deindechorus
2881 4782 3278 4854 discipulorum
3309 4802 3576 4851 meorum.

2009 4879 2066 4925 et
2097 4881 2364 4939 quotquot
2385 4880 2646 4940 praeterea
2677 4873 2906 4926 istorum
2936 4875 3185 4945 discipuli
3223 4891 3399 4944 erant,
3433 4879 3579 4937 idrm

2011 4975 2137 5016 cum
2168 4965 2430 5032 magistro
2461 4962 2699 5017 stadium
2731 4965 3039 5021 decursuri.
3069 4967 3578 5035 Quorumanimum

2015 5054 2069 5107 in
2097 5053 2515 5124 subcundtspro
2546 5054 2810 5125 religione
2864 5058 3124 5128 periculis
3163 5072 3475 5131 promptum
3516 5080 3581 5124 ae

2014 5158 2359 5213 generosum,
2391 5151 2448 5199 et
2476 5143 2759 5200 efficacem
2812 5161 2942 5203 vere
3000 5149 3279 5214 virtutem,
3319 5156 3453 5210 satis
3495 5161 3581 5226 (ut

2013 5237 2142 5289 mihi
2166 5234 2402 5304 videtur)
2421 5235 2764 5292 declararunt
2788 5241 3059 5308 praclara:
3108 5241 3208 5296 illa:
3233 5243 3578 5312 luctationes.

2013 5330 2211 5397 quibus
2243 5341 2301 5382 se
2330 5327 2384 5381 in
2402 5326 2647 5397 martyrii
2687 5329 2935 5398 palaestra
2966 5345 3354 5400 exercuerunt.
3381 5349 3436 5392 et
3483 5341 3581 5394 ho-

2014 5432 2166 5474 uesta
2215 5421 2411 5492 lingua:
2437 5422 2740 5476 certamina
2778 5421 2849 5476 ab
2882 5424 2949 5477 iis
2980 5425 3216 5496 ingenue
3239 5440 3295 5484 et
3319 5431 3580 5488 audacter

2014 5522 2286 5583 suscepta.

2086 5604 2198 5661 Vll.
2233 5592 2440 5659 Omitto
2477 5605 2616 5662 alios
2674 5623 2838 5678 quam
2893 5610 3178 5679 plurimos,
3235 5629 3371 5683 quos
3410 5632 3581 5686 usque

2015 5694 2245 5748 adhanc
2282 5695 2425 5748 diem
2459 5711 2527 5750 ne
2553 5697 2736 5754 videre
2759 5699 2979 5768 quidem
3010 5702 3143 5754 mihi
3169 5704 3395 5774 contigit
3422 5723 3435 5758 :
3461 5723 3580 5761 om-

2018 5799 2115 5836 nes
2138 5785 2381 5851 ejusdem
2409 5786 2631 5841 virtutis
2655 5789 3012 5859 ejusdemque
3040 5792 3274 5845 instituti
3306 5797 3534 5850 mutulos
3563 5817 3578 5852 :

2018 5891 2206 5932 omnes
2237 5877 2554 5944 impressam
2591 5879 2772 5935 animo
2807 5883 2950 5951 piam
2981 5885 3303 5938 sententiam
3365 5903 3578 5944 murum
