4046 6248
279 332 406 400 H73

655 330 733 404 [λ.
769 348 819 387 c.
863 330 1020 404 1551]

1235 334 1371 395 llYZ
1391 329 1680 394 \NTINE
1717 327 2100 390 lllSTiJIlLE
2138 333 2283 394 LIB.
2325 333 2484 395 XIX.

2589 329 2720 402 [tutu
2756 343 2796 382 ι.
2839 343 3130 384 cartncez.
3165 323 3222 397 5]
3383 335 3562 394 ll'lle.

276 447 534 512 καθάπαξ
561 448 870 520 τηρεῖσθαι,
900 451 1038 520 ὅπερ
1071 449 1386 518 γέγραπται
1425 449 1521 501 καὶ
1550 447 1700 508 ὅπως
1748 445 1850 498 πέ-

1983 463 2184 502 ιτοτευθ
2211 457 2269 502 et
2309 447 2536 502 immota
2579 447 2812 509 servari,
2847 455 3009 516 prout
3044 455 3206 502 antea
3254 447 3518 514 scriptum

278 561 552 616 πρακταιο
589 545 732 600 καθὰ
766 544 862 599 καὶ
907 546 937 598 ὁ
981 544 1149 608 πολὺς
1193 545 1294 613 τὴν
1337 541 1619 610 θεολογίαν
1648 542 1849 610 φάσκει

281 635 578 706 Γρηγόριος
615 636 764 703 (ων
801 653 822 687 ι
877 635 1070 704 Ἡμεῖς
1099 637 1193 689 καὶ
1242 636 1408 704 μέχρι
1437 632 1538 701 τῆς
1576 632 1851 700 τυχούσης

283 729 504 800 κεραίας
539 729 632 782 καὶ
663 727 936 797 γραμμῆς
963 728 1061 781 τοῦ
1085 730 1398 792 πνεύματος
1419 729 1522 798 τὴν
1561 725 1855 792 ἀκρίϐειαν

283 821 531 884 motu,-
561 821 761 874 οὔποτε
789 821 1058 888 δεξόμεθα
1102 821 1244 887 (οὐδὲ
1268 823 1376 890 γὰρ
1403 805 1574 886 ὅσιον)
1598 819 1723 875 οὐδὲ
1751 817 1853 883 τὰς

286 910 574 982 ἐλαχίστας
607 913 838 982 πράξεις
870 912 996 981 είκῆ
1025 911 1432 982 σπουδασθῆναι
1462 911 1576 974 τοῖς
1603 909 1855 977 ἀναγρά-

283 1002 438 1072 ψασι,
463 1003 560 1056 καὶ
593 1001 756 1072 μέχρι
802 1000 898 1056 τοῦ
929 1001 1196 1072 παρόντος
1240 1003 1431 1072 μνήμῃ
1479 999 1852 1070 διασωθῆναι·

282 1091 398 1147 ἀλλ’
427 1092 506 1151 ἵν’.
525 1095 692 1164 ἡμεῖς
731 1093 948 1164 ἔχωμεν
979 1094 1348 1163 ὑπομνήματα
1382 1093 1480 1146 καὶ
1507 1092 1858 1163 παιδεύματα

285 1184 384 1253 τῆς
406 1183 518 1240 τῶν
556 1186 780 1256 ὁμοίων,
820 1188 875 1241 εί
911 1203 1042 1240 ποτε
1075 1188 1345 1257 συμπέσοι
1384 1185 1600 1256 καιρὸς,
1637 1183 1861 1238 διασκέ-

281 1279 450 1349 titan“.
492 1297 514 1332 ι
567 1279 732 1334 Ἀλλὰ
761 1280 908 1351 καὶή
943 1280 1127 1352 βίϐλος
1164 1281 1273 1333 τῶν
1301 1278 1562 1350 πράξεων
1581 1276 1681 1348 τῆς
1706 1276 1860 1340 θείας

282 1373 378 1426 καὶ
409 1373 798 1444 οίκουμενικῆς
844 1373 1013 1446 ἕκτης
1063 1373 1304 1439 συνόδου,
1352 1372 1612 1444 περὶτῆς
1655 1369 1864 1443 βραδυο

282 1464 446 1537 τῆτος
485 1466 596 1520 τῶν
625 1465 864 1520 δυτικῶν
915 1465 1237 1520 ἐπισκόπων
1286 1463 1731 1534 ἀπολογουμένη,
1762 1461 1864 1533 τὴν

283 1560 395 1613 τῶν
444 1559 516 1614 ἐκ
563 1558 898 1626 Βρεττανίας
943 1559 1040 1612 καὶ
1084 1557 1199 1612 τῶν
1257 1556 1582 1610 Ὠκεανείων
1629 1553 1864 1610 ἐκείνων

287 1652 496 1724 μερῶν,
530 1653 628 1708 καὶ
668 1654 786 1705 ὅσοι
814 1651 941 1706 καθ’
968 1651 1132 1721 ἐτερα
1181 1650 1280 1718 τῆς
1322 1647 1598 1720 Εὐρώπης
1636 1648 1865 1703 ἐκείνων

1955 542 2225 596 factumve
2252 553 2434 610 esset;
2473 543 2937 612 quemadmodum
2981 557 3210 612 magnus
3236 541 3524 609 theologia:

1953 638 2146 690 doctor
2186 637 2486 708 Gregorius
2531 647 2727 692 auctor
2763 645 2846 693 est
2877 656 2890 690 :
2926 656 2944 688 ‹
3003 636 3112 690 Nos
3144 635 3368 704 (inquit)
3395 651 3520 689 cunt

1953 737 2264 785 accuratam
2308 729 2538 800 spiritus
2590 730 2929 799 diligentiam
2967 729 3032 782 ad
3067 727 3369 796 quemlibet
3413 727 3530 794 api-

1955 837 2099 887 cem,
2150 823 2218 877 ad
2249 824 2554 893 quamlibet
2584 823 2853 893 virgulam
2893 822 3198 885 trahamus.
3244 837 3526 890 nunquam

1956 913 2279 970 dederimus
2325 917 2530 984 (neque
2565 915 2714 970 enim
2763 915 2845 970 fas
2892 913 3000 980 est)
3048 915 3130 968 vel
3178 915 3233 968 in
3287 913 3532 966 minimis

1963 1008 2126 1063 factis
2155 1008 2530 1070 recensendis,
2561 1023 2866 1078 eorumque
2895 1007 3158 1062 memoria
3188 1006 3256 1060 ad
3290 1022 3531 1074 prtescns

1962 1116 2142 1169 usque
2209 1113 2428 1168 tempus
2475 1099 2896 1163 conservanda.
2947 1107 3156 1153 temere
3217 1099 3531 1155 elaborasse

1962 1208 2084 1256 eos,
2114 1193 2208 1260 qui
2258 1193 2642 1263 scripserunt;
2677 1191 2772 1245 sed
2821 1207 2910 1254 eo.
2945 1202 3005 1244 ut
3051 1206 3152 1244 nos
3207 1191 3537 1246 haberemus

1964 1282 2307 1337 monimenta
2337 1295 2396 1338 et
2427 1284 2779 1348 documenta,
2810 1281 3013 1350 quibus
3043 1281 3099 1334 in
3141 1281 3408 1340 similium
3450 1297 3536 1338 re.

1965 1391 2088 1430 rum
2138 1375 2508 1439 tractatione.
2559 1377 2602 1428 si
2664 1390 2904 1444 unquam
2964 1373 3234 1429 incideret
3284 1374 3536 1434 occasio.

1965 1478 2269 1522 uteremur.
2308 1487 2328 1520 ι
2381 1467 2488 1522 Sed
2521 1479 2579 1522 et
2628 1467 2768 1522 liber
2805 1476 3052 1521 actorum
3093 1475 3456 1522 sacrosancta:
3481 1474 3540 1521 et

1966 1563 2320 1617 ecttmenicre
2365 1572 2534 1617 sexta:
2590 1561 2784 1634 synodi
2831 1559 3141 1615 tarditatem
3188 1559 3540 1614 orientalium

1968 1654 2354 1724 t-piscoporunt
2398 1655 2481 1708 sic
2521 1663 2770 1714 excusat.
2820 1665 2878 1708 ut
2916 1655 3036 1725 ejus
3097 1667 3318 1708 causam
3372 1652 3542 1705 fuisse

285 1743 559 1814 κλίματα,
621 1742 930 1814 συνδρομὴν
991 1741 1314 1796 ἐπισκόπων
1372 1741 1555 1794 αίτίαν
1609 1739 1862 1812 τίθησινο

1983 1745 2140 1808 licat.
2167 1744 2315 1814 quod
2351 1736 2726 1801 Britanttim'et
2759 1745 2980 1800 illorum
3009 1743 3210 1800 Oceani
3245 1753 3542 1800 tractuum.

290 1855 309 1888 ι
355 1835 688 1905 ’Δναγκαίου
715 1838 828 1899 τοῖς
859 1835 1068 1890 ἅπασιν
1098 1834 1273 1897 ὄντος.
1311 1835 1374 1898 ἐξ
1405 1834 1533 1903 ὅλης
1553 1831 1736 1903 (φησι)
1765 1833 1866 1902 τῆς

283 1927 622 1996 κοινὴητος,
659 1927 752 1980 καὶ
775 1926 980 1998 ἥκιστα
1012 1923 1374 1997 μονομεροῦς,
1408 1927 1476 1978 τὰ
1507 1925 1737 1978 τοιαῦτα
1771 1940 1866 1976 τεο

283 1994 526 2072 λείσθαιή·
570 2019 659 2074 ἵνα
719 1994 810 2072 τά*
841 2021 911 2089 τῂ
953 1994 1074 2088 θείᾳ
1141 1994 1238 2070 καί
1294 2014 1629 2086 ἀποστολικῇ
1683 1994 1905 2068 πίστει’

285 2111 645 2183 πραττόμενα
691 2114 896 2176 πάντες
924 2109 1329 2180 γιγνώσκοντες
1379 2109 1744 2180 όμοφωνῶσιν
1770 2108 1869 2162 ἀλ-

283 2204 496 2274 λήλοις.
525 2223 546 2258 ι
585 2206 697 2260 Καὶ
734 2207 763 2258 ό
792 2205 1068 2267 θειότατος
1111 2202 1160 2256 δ’
1191 2203 1396 2272 ὁμοίως
1435 2200 1684 2271 Μάξιμος
1717 2203 1775 2254 ἐν
1799 2202 1868 2272 τῇ

285 2297 424 2367 πρὸς
460 2297 683 2371 Πύρρον
715 2297 948 2362 διαλέξει
996 2296 1082 2368 μὴ
1123 2295 1384 2351 δύνασθαι
1414 2294 1702 2348 καλεῖσθαι
1742 2294 1874 2347 σύν-

285 2390 406 2444 οδόν
466 2406 611 2461 φησι
661 2393 734 2445 τα
784 2392 990 2461 σημεῖα
1049 2388 1128 2461 μὴ
1167 2390 1547 2460 κεκτημένην·
1599 2386 1724 2442 οὕτε
1764 2387 1875 2456 γὰρ

287 2482 434 2538 κατὰ
479 2482 686 2553 νόμους
724 2483 822 2538 καὶ
862 2483 1094 2546 κανόνας
1137 2482 1395 2548 γενέσθαι
1436 2481 1748 2543 συνοδικοὺς
1782 2481 1878 2534 καὶ

288 2575 536 2645 θεσμοὺς
569 2575 1088 2645 ἐκκλησιαστικοὺς,
1120 2573 1245 2627 οὕτε
1291 2573 1579 2636 ἐπιστολὰς
1629 2573 1664 2643 ἢ
1715 2587 1878 2625 τοποο

293 2667 542 2736 τηρητκ
577 2666 714 2734 πρὸς
749 2663 862 2717 τῶν
891 2664 1072 2719 ἄλλων
1110 2664 1433 2736 πεμφθῆναι
1479 2663 1872 2734 πατριαρχῶνο

291 2760 387 2813 καὶ
416 2758 516 2813 διὰ
541 2757 704 2812 τοῦτο
746 2757 1063 2814 σκανδάλων
1090 2759 1361 2829 διχονοίας
1401 2757 1505 2829 τὴν
1550 2757 1877 2828 οἰκουμένην

293 2851 612 2923 πληρῶςαι.
657 2852 850 2922 Ὅμως
905 2851 1094 2923 ἐπειδὴ
1145 2851 1244 2907 καὶ
1307 2852 1538 2908 ἄκουσιν
1589 2848 1879 2922 ἐληλυθόσι

291 2946 563 3011 δέδωκας,
591 2945 785 3018 ἥντινα
841 2945 1015 3017 δήπου
1045 2946 1143 3000 καὶ
1173 2944 1495 3010 ἐδεδώκεις,
1547 2943 1733 3017 χώραν
1783 2945 1880 2999 τοῦ

291 3042 504 3110 λέγειν,
535 3039 735 3111 χρεὼν,
763 3039 1018 3106 καθάπερ
1063 3041 1122 3093 ἐν
1165 3041 1288 3103 ταῖς
1334 3039 1726 3108 ἱπποδρομίαις
1754 3041 1883 3103 τοὺς

1973 1853 2075 1894 nec
2103 1854 2211 1894 non
2244 1839 2476 1893 aliarum
2526 1839 2759 1908 Eumpat
2791 1840 3074 1909 regionum
3106 1837 3349 1908 cpiscOpi
3379 1836 3545 1914 912

1974 1931 2134 1985 s'mul
2159 1931 2553 1986 convenerint:
2589 1951 2607 1982 ι
2639 1932 2933 1999 Quoniam,
2968 1949 2988 1981 ι
3026 1928 3229 1996 inquit,
3264 1948 3283 1980 ‹
3321 1943 3548 1983 necesse

1973 2033 2060 2079 est
2099 2024 2170 2078 ab
2195 2024 2455 2078 omnibus
2483 2039 2551 2078 ex
2580 2034 2692 2078 tota
2724 2023 2988 2078 Ecclesiae
3021 2021 3381 2075 universitate
3410 2036 3546 2074 cnn-

1973 2116 2203 2178 vocatis.
2233 2131 2344 2170 non
2377 2125 2564 2170 autem
2599 2115 2670 2169 ab
2708 2131 2814 2169 una
2853 2124 3028 2184 parte.
3063 2113 3188 2168 talia
3222 2113 3404 2183 peragi
3436 2128 3451 2171 ;
3488 2123 3550 2164 ttt

1976 2224 2170 2263 omnes
2193 2226 2283 2275 ea,
2314 2225 2438 2278 qttze
2463 2209 2610 2263 circa
2643 2209 2884 2264 divinam
2914 2215 2969 2262 et
2997 2206 3356 2277 apostolicam
3386 2205 3547 2260 fidem

1977 2310 2096 2354 acta
2136 2299 2363 2364 fuerint.
2395 2311 2808 2369 cognoscentes.
2843 2314 3030 2354 secum
3082 2299 3317 2353 invicem
3353 2314 3552 2351 conso-

1980 2400 2129 2448 nent.
2181 2412 2199 2443 ι
2251 2392 2398 2448 ldetn
2457 2395 2520 2447 ι).
2568 2392 2855 2458 Maximus,
2910 2392 2963 2446 in
3009 2407 3109 2445 sua
3167 2407 3291 2446 eum
3338 2390 3552 2463 Pyrrho

1978 2484 2377 2555 disputatione.
2428 2501 2536 2538 non
2578 2499 2742 2555 posse
2780 2485 2855 2538 ait
2891 2485 3160 2554 synodum
3193 2484 3375 2538 vocari
3407 2498 3550 2550 eant,

1980 2594 2104 2646 qua:
2133 2578 2248 2648 ipsa
2287 2579 2481 2649 synodi
2515 2577 2745 2648 insignia
2780 2593 2886 2631 non
2921 2576 3160 2633 habeat:
3199 2592 3377 2646 neque
3405 2577 3553 2631 ettittt

1984 2668 2181 2724 factam
2212 2685 2332 2723 eam
2365 2670 2669 2724 secundum
2711 2669 2861 2738 leges
2889 2677 2946 2724 et
2974 2684 3215 2723 canones
3241 2669 3556 2740 synodales,

1984 2771 2258 2817 διαίνου-ο
2286 2763 2698 2829 ecclesiastica;
2751 2778 2852 2816 nec
2903 2763 3167 2832 epistolas
3199 2772 3294 2818 aut
3350 2762 3558 2834 legatos

1986 2857 2055 2911 ab
2083 2857 2208 2912 aliis
2247 2855 2578 2927 patriarcbis
2609 2857 2806 2910 missos
2852 2855 3020 2910 fuisse
3050 2874 3063 2910 :
3096 2866 3263 2926 atque
3305 2873 3428 2912 eam
3475 2858 3562 2913 id-

1986 2949 2138 3005 circo
2174 2957 2347 3004 totum
2376 2948 2571 3004 orbem
2604 2947 2921 3017 implevisse
2953 2949 3229 3004 scandatis
3260 2949 3562 3004 dissensio-

1988 3041 2094 3098 nis.
2126 3041 2397 3098 Cazterum
2426 3041 2552 3110 quia
2585 3041 2766 3106 nobis,
2802 3053 3090 3112 postquam
3145 3041 3302 3096 inviti
3333 3042 3440 3098 bne
3469 3059 3562 3096 ve-

290 3133 532 3204 δρόμους
564 3149 624 3186 τε
655 3133 750 3186 καὶ
796 3133 1164 3204 περιδρόμους
1204 3135 1533 3205 καθαίρουσι
1565 3132 1676 3187 τῶν
1713 3134 1878 3203 ἁμιλσ

1989 3137 2188 3199 nimus,
2223 3134 2442 3189 dicendi
2485 3136 2664 3189 locum
2713 3134 2939 3193 dedisti.
2986 3133 3304 3205 quicunque
3343 3135 3560 3190 tandem

294 3226 580 3299 λητηρίων
609 3227 814 3292 ἵππων,
845 3225 1020 3294 ξύλων
1042 3228 1138 3281 καὶ
1169 3226 1333 3280 λίθων
1364 3227 1462 3279 καὶ
1489 3227 1600 3280 τῶν
1619 3226 1882 3280 τοιούτων

295 3318 444 3374 ἅπαν
471 3319 786 3384 δεικνύντες
832 3318 1120 3390 ἐλεύθερον
1160 3317 1450 3389 τοῦδαφος,
1481 3318 1626 3372 οὕτω
1660 3320 1758 3373 καὶ
1786 3319 1884 3372 νύν

292 3415 382 3483 ἐφ’
440 3413 608 3486 ἡμῶν
665 3414 995 3484 ἀρξαμένων
1045 3413 1268 3484 λέγειν,
1329 3415 1596 3483 ἐπηρείας
1659 3415 1885 3484 ἁπάσης

293 3507 595 3578 ἐλεύθερον
639 3502 784 3563 εἷναι
809 3506 924 3561 δεῖν
965 3506 1107 3563 αίτῶ
1135 3506 1246 3561 τῶν
1277 3506 1455 3576 λόγων
1500 3507 1594 3559 τὸν
1639 3507 1881 3561 δίαυλον.

308 3601 622 3672 ’Δγάλματι
651 3602 762 3672 γὰρ
787 3600 1030 3655 ἐοικέναι
1055 3599 1167 3655 τινὶ
1198 3603 1292 3653 καὶ
1314 3601 1409 3653 τὸν
1450 3599 1608 3668 λόγον
1647 3598 1886 3670 συμὸαί-

295 3712 416 3749 νει·
450 3694 553 3748 καὶ
584 3693 776 3765 ὥσπερ
797 3696 862 3747 ἐκ
897 3693 1142 3765 κεφαλῆς
1177 3693 1294 3747 ἐκεί
1321 3690 1424 3762 τῆς
1455 3694 1707 3754 πλάσεως
1735 3692 1886 3744 ἀκω-

293 3786 462 3842 λύτου
501 3785 666 3856 μέχρι
723 3783 902 3840 ποδῶν
957 3783 1302 3854 ἐληλυθυίας,
1361 3784 1452 3856 [Ρ.
1501 3782 1654 3855 5751‘
1687 3785 1889 3855 ὁρᾶται

297 3879 442 3951 πρὸς
475 3876 743 3948 τάκριϐὲς
790 3879 859 3932 τά
914 3876 1016 3948 τῆς
1049 3877 1316 3950 ἁρμονίας
1340 3893 1357 3909 ο
1395 3880 1491 3931 καὶ
1544 3877 1888 3948 θαυμάζεται

300 3973 426 4042 μιν,
457 3972 514 4025 εί
565 3971 747 4036 καλῶς
779 3969 860 4040 τῷ
905 3971 1129 4044 τεχνίτῃ
1181 3971 1537 4041 πέπρακται*
1596 3973 1647 4024 εξ
1687 3971 1737 4024 δ’
1766 3966 1884 4034 οὖν,

298 4068 573 4140 αξσχύνης
596 4065 837 4139 ἀθλητὴς
867 4065 1186 4137 περιφανῶς
1209 4069 1240 4122 ό
1266 4067 1514 4137 πλάστης
1535 4066 1886 4122 καθίσταταιο

297 4158 452 4216 οὓτω
483 4157 764 4215 κάνταῦθα
818 4156 916 4212 τοῦ
974 4157 1135 4228 λόγου
1194 4156 1426 4229 μηδενὸς
1480 4157 1890 4227 ἐφεδρεύοντος,

303 4253 445 4325 μηδὲ
475 4251 541 4307 τι
569 4253 793 4322 devexi;
821 4251 1220 4314 άνασοϐοὖντος
1238 4249 1431 4322 ὥσπερ
1459 4251 1525 4304 ἐκ
1545 4250 1705 4322 λόχου
1731 4251 1893 4320 μέχρι

299 4348 570 4418 τελευτῆς
593 4345 787 4415 αὐτῆς,
813 4343 1030 4410 ἐξέσται
1056 4346 1171 4407 τοῖς
1194 4342 1431 4415 παροῦσι
1451 4343 1663 4411 κρίνειν
1689 4342 1891 4413 ὀρθῶς,

304 4442 420 4495 εἴτε
451 4439 597 4495 κατὰ
621 4437 817 4507 λόγους
847 4438 978 4507 ἡμῖν
1012 4437 1042 4490 ό
1069 4437 1228 4504 λόγος
1272 4435 1532 4506 ἔδραμεν,
1581 4435 1685 4489 εἶθ’
1718 4435 1892 4506 ὑπερ-

304 4534 460 4603 όριος
488 4530 686 4598 γέγονε
722 4530 817 4583 τοῦ
840 4527 944 4598 τῆς
976 4527 1240 4596 ἀληθείας
1286 4526 1514 4581 σκοποῦ.
1552 4525 1807 4591 Ἔπειτα,
1841 4527 1894 4579 ει

307 4625 408 4676 καὶ
442 4618 596 4675 τοῦθ’
630 4619 762 4690 ἡμῖν
786 4619 936 4687 ἐξείη
972 4617 1053 4689 μὴ
1101 4617 1280 4686 σιωπῇ
1335 4615 1796 4688 παρεληλυθέναι,
1825 4617 1897 4670 τὰ

307 4718 426 4778 τοῖς
488 4710 721 4774 δικαίοις
793 4709 1147 4780 προσήκοντα
1209 4706 1421 4780 βήμασι
1481 4707 1576 4762 καὶ
1647 4707 1896 4779 δόξωμεν

306 4809 560 4878 ἀγνοεῖν,
591 4804 780 4875 ἐπειδὴ
811 4805 877 4857 σὺ
913 4803 1099 4874 σαυτῷ
1121 4803 1224 4874 τὴν
1252 4801 1350 4856 τοῦ
1376 4803 1589 4875 κρίνειν
1617 4801 1904 4872 ἐπιτετρα-

311 4901 436 4972 φὼς
472 4900 743 4966 ἐξουσίαν,
765 4897 803 4955 ἃ.
829 4900 942 4962 τοῖς
971 4897 1262 4967 ἁπανταχῆ
1283 4896 1384 4966 τῆς
1409 4896 1744 4969 οἰκουμένης
1766 4914 1899 4951 συν-

312 4996 496 5052 ιοῦσιν
524 4993 692 5064 ἐχρῆν
735 4991 846 5046 τῶν
881 4989 1199 5044 ἐπισκόπων
1219 4987 1550 5060 ὀρθοδόξοις,
1578 4988 1898 5061 ὀμωμόκεις

316 5083 401 5154 μὴ
426 5080 764 5152 καπηλεύειν
795 5079 896 5142 τὰς
935 5078 1112 5140 δίκας,
1146 5077 1319 5148 ἐχρῆν
1350 5078 1426 5148 μὴ
1457 5078 1901 5150 προειλημμένον

311 5176 456 5246 γοῦν
494 5170 633 5230 εἷναί
673 5190 736 5226 σε
787 5175 902 5237 τοῖς
949 5171 1049 5225 τοῦ
1102 5170 1584 5241 κατηγορουμένου
1635 5171 1898 5237 δικτύοις,

314 5270 452 5341 μηδ’
481 5264 647 5322 αὑτοῦ
680 5281 738 5320 σε
768 5270 1053 5335 πρόμαχον
1085 5265 1152 5317 ἐκ
1182 5262 1430 5332 πρώτης,
1473 5262 1502 5316 ὃ
1536 5279 1692 5330 φασι,
1719 5280 1900 5334 γραμ-

314 5367 434 5437 μῆς
485 5359 974 5433 ἀπαρακαλύπτως
1025 5355 1451 5426 καθιστάμενον,
1505 5357 1687 5426 λέγειν
1737 5358 1898 5412 ὁποῖα

311 5456 515 5512 τοῦτόν
545 5455 601 5525 γ’
633 5453 836 5525 ἐχρῆνο
874 5449 1010 5505 ἀλλά
1058 5450 1185 5514 τοὺς
1237 5451 1339 5512 τὰς
1381 5448 1719 5517 κατηγορίας
1760 5467 1896 5521 προ-

314 5550 691 5617 ϐαλλομένους
745 5546 1053 5615 πυθόμενον
1119 5543 1410 5614 πρότερον,
1451 5545 1548 5596 καὶ
1602 5542 1669 5604 ἃς
1697 5545 1725 5595 ὀ
1763 5544 1901 5612 τάγ-

1989 3229 2036 3282 is
2078 3228 2241 3283 datus
2283 3238 2389 3294 est,
2430 3236 2648 3297 oportet
2685 3243 2823 3289 nos.
2861 3235 2919 3280 ttt
2972 3227 3031 3281 lit
3067 3226 3122 3280 itt
3184 3228 3564 3298 ltippodrmnis

1986 3319 2132 3388 (nam
2167 3319 2219 3372 itt
2251 3318 2338 3381 iis.
2372 3333 2703 3388 quacunque
2729 3316 2814 3371 vel
2845 3316 3170 3388 dirigendus
3201 3319 3286 3372 vel
3324 3319 3562 3373 circum-

1986 3410 2288 3464 θεοιοιιιιιιε
2337 3409 2667 3463 certantium
2734 3423 3006 3477 equorum
3051 3423 3280 3472 cursus,
3332 3424 3557 3478 operam

1987 3501 2140 3563 dattt.
2174 3511 2234 3556 ut
2279 3508 2337 3556 et
2371 3500 2535 3572 lignis
2579 3511 2637 3557 et
2683 3499 2989 3571 lapidibus.
3031 3510 3089 3554 et
3131 3501 3258 3556 aliis
3289 3502 3560 3572 ejusmodi

1987 3595 2264 3661 obicibus,
2312 3595 2492 3649 solum
2546 3609 2714 3651 omne
2756 3595 2830 3650 sit
2871 3595 3108 3649 liberum
3169 3612 3235 3650 ae
3279 3595 3561 3664 vacuum).

1990 3686 2088 3749 ita,
2116 3686 2364 3756 inquam,
2400 3701 2550 3741 nunc
2587 3702 2830 3757 quoque,
2859 3701 2984 3742 cum
3031 3687 3328 3758 incipimus
3351 3688 3560 3750 dicere.

1990 3778 2381 3849 disputationis
2416 3787 2621 3836 nostra:
2650 3781 2987 3836 curriculum
3018 3782 3090 3837 ab
3120 3781 3272 3837 omni
3304 3781 3565 3836 violentia

1989 3872 2228 3927 liberum
2278 3886 2404 3926 esse
2452 3862 2712 3941 Oportere
2765 3889 3007 3938 censeo,
3063 3882 3229 3932 etut
3297 3876 3370 3931 sit
3414 3884 3567 3946 pcto.

1990 3964 2179 4021 Oratio
2209 3978 2408 4034 nempe
2434 3963 2714 4020 simulacri
2736 3965 3022 4035 cujusdam
3058 3964 3231 4020 instar
3253 3975 3373 4022 est:
3402 3977 3566 4036 atque

1994 4071 2060 4116 ut
2099 4059 2155 4113 itt
2205 4057 2531 4120 simulacro,
2571 4064 2618 4112 si
2666 4071 2697 4111 a
2729 4057 2909 4126 capite
2963 4056 3030 4111 ad
3076 4057 3244 4126 pedes
3278 4073 3451 4128 usque
3481 4058 3568 4126 ei-
3669 4041 3677 4048 ’

1995 4161 2078 4207 tra
2103 4151 2277 4206 ullum
2310 4151 2768 4221 impedimentum
2795 4166 2936 4220 opus
2957 4151 3311 4220 processerit.
3340 4151 3569 4205 concin-

1993 4245 2142 4300 ttitas
2172 4244 2413 4316 partium
2446 4243 2563 4314 ipsa
2594 4242 2812 4314 penitus
2842 4242 3194 4312 perspicitur,
3226 4253 3282 4298 et
3333 4243 3570 4319 admira-

1998 4337 2205 4394 tionem
2232 4337 2458 4407 quidem
2489 4343 2694 4399 movet.
2728 4335 2772 4388 si
2811 4335 3007 4388 artifex
3047 4335 3184 4391 scite
3215 4336 3447 4399 fecerit;
3482 4335 3568 4388 sin

1998 4433 2203 4499 minus,
2231 4431 2476 4487 ludibrio
2510 4429 2732 4502 exponit
2759 4444 2908 4492 eum,
2944 4429 3036 4497 qui
3071 4428 3266 4482 finxit:
3299 4429 3378 4482 sic
3407 4429 3570 4482 t'tiztttt

2001 4530 2056 4583 itt
2087 4527 2192 4580 ltoc
2224 4523 2617 4593 disputationis
2642 4522 2894 4588 exordio,
2925 4522 2970 4576 si
3002 4536 3164 4576 nemo
3184 4521 3368 4576 dolttut
3405 4522 3576 4577 medi-

2001 4629 2173 4684 tetur.
2233 4633 2412 4688 neque
2486 4617 2616 4671 hinc
2679 4631 2851 4685 usque
2910 4615 2976 4668 ad
3048 4614 3211 4669 tinent
3278 4616 3570 4684 quisquam

1999 4711 2164 4784 913
2200 4721 2459 4781 tanquam
2488 4724 2556 4764 ex
2581 4707 2803 4763 insidiis
2828 4708 3102 4778 prosiliat.
3129 4708 3222 4777 qui
3252 4707 3570 4761 Contineant

2001 4807 2299 4860 verborum
2357 4803 2556 4858 seriem
2610 4800 3016 4880 interrumpat.
3065 4810 3333 4869 poterunt
3390 4799 3427 4852 ii
3480 4801 3574 4868 qni

1999 4905 2184 4952 astant
2215 4903 2364 4951 recte
2394 4894 2672 4967 judicare.
2705 4902 2888 4946 utrum
2917 4891 3187 4946 orationis
3213 4903 3420 4947 nostra:
3449 4908 3574 4945 cur-

2004 5005 2100 5044 sus
2141 4988 2340 5043 rationi
2387 4995 2796 5043 consentaneus
2836 4984 3023 5048 fuerit.
3067 5001 3136 5038 an
3189 4985 3347 5052 longe
3380 5001 3408 5037 a
3446 4999 3574 5037 vero

2006 5082 2115 5135 line
2165 5079 2462 5134 aberrarit.
2509 5075 2716 5133 Deinde
2753 5074 2820 5146 (si
2853 5083 2911 5129 et
2946 5075 3080 5128 illud
3132 5074 3211 5128 fas
3236 5083 3320 5128 est
3352 5073 3576 5127 silentio

2007 5174 2152 5229 baud
2201 5171 2504 5243 prtctet'ire,
2535 5185 2603 5224 ne
2640 5166 2844 5239 judieis
2872 5166 3003 5235 justi
3049 5165 3284 5219 ollieitttn
3320 5165 3571 5234 igttora-e

2005 5267 2312 5333 videamur)
2360 5265 2618 5334 quoniam
2655 5271 2709 5316 tu
2751 5267 3077 5329 potestati-nt
3129 5257 3225 5309 tibi
3271 5258 3369 5326 ipsi
3421 5272 3571 5308 arro-

2006 5361 2146 5434 gasti
2186 5357 2467 5430 judicandi
2498 5355 2567 5409 de
2593 5355 2672 5409 iis
2714 5352 2898 5412 rebus,
2932 5349 2998 5402 ad
3033 5364 3168 5416 quas
3194 5348 3576 5418 dijudicandas

2005 5450 2342 5506 ortltoduxos
2374 5445 2541 5500 totius
2571 5445 2720 5498 orbis
2754 5439 3040 5507 episcopos
3087 5437 3382 5491 convenire
3409 5452 3574 5504 opor-

2009 5544 2196 5608 tebat,
2248 5541 2502 5607 idemque
2560 5547 2611 5594 te
2672 5539 2991 5606 incorrupte
3035 5533 3406 5605 jualicaturnttt
3455 5543 3574 5582 ease

1658 5683 1992 5748 Variorttm
2033 5695 2218 5748 notat.

396 5820 511 5889 (ω)
539 5820 768 5890 Gregor.
801 5818 1058 5876 Nazianz.
1090 5826 1230 5873 erat.
1270 5817 1321 5872 l.
1354 5814 1571 5871 Bonus.
