4046 6248
336 351 462 416 1257

680 349 756 421 [Α.
799 363 848 402 c.
897 347 1050 420 1551]

1298 353 1744 415 ΒΥΖΑΝἸῚΝίΕ
1781 351 2166 413 lllSTORIE
2205 352 2345 411 LIB.
2391 352 2516 411 XX.

3423 344 3552 406 1258

2640 346 2771 417 [utin
2817 362 2856 398 ι.
2898 359 3187 400 casmmcz.
3233 341 3287 412 5]

328 467 480 520 τοῦτο
512 466 704 520 παθεῖν
728 482 744 498 ·
792 467 860 520 ἵν’
902 467 949 518 εί
983 468 1057 538 μή
1091 485 1140 524 τι
1172 468 1262 521 τδν
1319 470 1536 524 ἅπαντα
1570 470 1684 541 βίον
1715 470 1775 522 οὗ
1809 470 1884 538 μὴ

1992 478 2160 523 totum
2191 468 2356 522 vitam
2386 469 2454 521 ad
2491 467 2747 520 virtutem
2778 473 2921 518 recte
2967 463 3274 518 institutum
3309 461 3552 524 vidissez,

323 559 568 612 τεθέαται
619 556 761 620 οἶκος
810 557 945 624 πρὸς
991 559 1191 630 ἀρετήν
1241 561 1584 631 διακείμενον
1628 559 1710 623 εὖ,
1768 561 1882 613 ἀλλ’

324 649 414 702 οὖν
442 651 550 711 τοῖς
582 652 731 720 ἐμοῖς
760 650 1092 714 τελευταίοις
1127 650 1469 722 βαπτόμενος
1511 652 1739 722 αἴμασιν
1785 651 1883 719 ὀψὲ

322 740 451 809 γοῦν
485 742 616 810 μίαν
649 743 854 813 ταύτην
878 743 1031 814 γνοίη
1063 760 1132 813 με
1163 744 1498 812 κεκτημένον
1522 737 1728 814 ’ἀρετὴν
1752 742 1883 795 πο).-

322 834 412 887 λοῦ
446 851 587 897 τινος
631 835 810 901 ἀξίαν,
855 836 914 888 τὸ
951 835 1026 906 μὴ
1064 835 1260 889 πολλοῦ
1291 853 1435 898 τινος
1460 835 1613 899 ἀξιον
1637 833 1882 904 νομίζειν

318 925 378 979 τὸ
403 924 520 996 ζῇν.

388 1021 462 1072 B'.
493 1019 586 1072 Διὸ
614 1021 723 1082 τοῖς
754 1019 938 1082 ἄλλοις
990 1015 1238 1089 ἀνάγκην
1267 1019 1550 1090 προσῆγον
1577 1019 1652 1089 μὴ
1684 1019 1882 1090 βραδύ-

318 1128 446 1175 νειν,
480 1111 614 1164 ἀλλά
642 1114 754 1173 τοῖς
781 1113 933 1180 ἐμοῖς
962 1109 1292 1181 βοηθοῦντας
1326 1111 1626 1180 νοσήμασιν
1658 1112 1882 1164 ἀπιέναι

319 1200 628 1272 προθύμως,
659 1203 758 1255 οὐκ
801 1205 878 1265 εἰς
913 1202 1168 1272 ἐλέγχους
1197 1204 1290 1255 καὶ
1324 1203 1589 1265 διαλέξεις
1621 1201 1881 1270 ἀληθείας

315 1289 687 1360 ζητουμένης·
720 1291 1082 1362 ἀπειρηκέναι
1121 1291 1229 1362 γὰρ
1285 1291 1600 1360 καὶ,αὺτὴν
1653 1292 1753 1362 ήδη
1788 1293 1882 1344 καὶ

314 1381 451 1451 πρὸς
502 1383 776 1451 αῖθερίους
811 1383 1124 1453 ἀποπτῆναι
1173 1383 1474 1453 θαλάμους,
1511 1385 1744 1454 ἀψανείᾳ
1790 1401 1880 1435 κε-

311 1472 669 1544 καλυμμένήν
699 1476 890 1546 μακρᾷ
914 1492 928 1506 ·
957 1474 1073 1528 ἀλλ’
1095 1478 1175 1540 είς
1201 1477 1417 1546 σφαγήν
1439 1477 1534 1529 καὶ
1561 1475 1879 1546 μαρτυρικᾶ

311 1565 668 1633 παλαίσματα
699 1568 794 1621 καὶ
829 1567 1058 1621 θανάτου
1106 1566 1320 1638 μακροῦ
1355 1567 1632 1636 δεινότερα
1663 1568 1878 1636 δεσμωο

308 1658 496 1726 τήρια.
558 1658 827 1728 Τοιαύτήν
856 1660 966 1729 γὰρ
998 1659 1123 1712 καθ’
1162 1659 1320 1730 ήμῶν
1374 1658 1718 1728 ἐξενηνέχθαι
1750 1657 1880 1727 χθὲς

309 1749 403 1803 καὶ
430 1748 722 1820 πρότριτα,
752 1749 972 1819 δεσμοῖς
1003 1749 1383 1819 ἀδαμαντίνοις
1425 1752 1538 1802 τισὶ
1585 1752 1682 1801 καὶ
1711 1750 1880 1821 ἀρρή·

1987 561 2178 614 saltem
2210 575 2408 614 cruore
2441 575 2562 613 meo
2594 558 2660 612 ad
2700 567 3004 612 extremum
3041 556 3229 614 tincta,
3266 564 3508 623 quantm
3532 579 3558 591 -

1984 653 2068 708 vis
2097 669 2221 708 sero
2272 659 2594 722 agnosceret
2646 651 2975 704 instructum
3033 663 3094 701 ea
3146 648 3371 710 virtute,
3406 661 3550 714 qum,

1983 761 2107 800 cum
2140 747 2306 799 vitam
2351 744 2493 798 haud
2536 743 2716 814 magni
2762 741 2986 806 faceret,
3033 741 3214 810 magni
3263 740 3379 808 ipsa
3434 739 3550 792 ﬁeri

1983 837 2229 893 deberet.

2054 1015 2116 1071 ll.
2157 1015 2518 1084 Quamobrem
2566 1019 2636 1071 ab
2677 1015 2799 1070 aliis
2843 1014 3201 1069 vehementer
3233 1015 3371 1084 ρωρί
3414 1032 3548 1069 cou-

1983 1109 2228 1173 tendere,
2260 1125 2328 1164 ne
2367 1118 2781 1172 cunctarentur,
2812 1107 2906 1162 sed
2957 1116 3015 1160 ιιι
3062 1106 3194 1160 mihi
3243 1122 3388 1176 aegro
3421 1124 3549 1162 suco

1980 1211 2266 1257 currentes
2310 1201 2526 1256 abirent
2553 1201 2827 1263 alacriter,
2875 1215 2982 1253 non
3025 1199 3092 1252 ad
3136 1200 3417 1253 veritatem
3453 1215 3552 1267 per

1981 1302 2301 1364 argumenta
2349 1303 2404 1348 et
2462 1293 2862 1362 disputationes
2918 1293 3387 1362 iuvestigandam;
3433 1294 3544 1362 jam

1982 1387 2186 1454 quippe
2215 1393 2270 1439 ct
2311 1385 2479 1453 ipsam
2517 1383 2768 1449 cessiSse,
2803 1393 2857 1435 et
2899 1381 3066 1438 densa
3111 1383 3340 1448 ealigine
3385 1383 3545 1434 invo-

1981 1475 2152 1530 lutam
2194 1477 2248 1530 in
2287 1477 2484 1531 catlum
2516 1475 2794 1538 evolasse;
2820 1475 2912 1529 sed
2945 1474 3011 1528 ad
3043 1474 3263 1538 aedem,
3299 1475 3364 1529 ad
3400 1492 3546 1528 mar-

1982 1567 2106 1637 tyrii
2144 1567 2460 1628 luctamina,
2511 1565 2575 1619 ad
2627 1566 2842 1621 vincula
2886 1565 3122 1636 denique
3169 1568 3318 1620 omni
3372 1578 3546 1620 morte

1979 1660 2252 1729 graviora.
2286 1658 2492 1727 Nempe
2521 1673 2640 1712 eam
2674 1658 2730 1712 in
2773 1672 2874 1713 nos
2905 1658 2973 1712 ab
3004 1659 3354 1721 adversariis,
3397 1670 3452 1712 et
3482 1661 3549 1712 ab

1984 1749 2070 1812 iis,
2112 1765 2278 1818 penrs
2316 1765 2454 1819 quos
2499 1759 2738 1818 potestas
2775 1759 2937 1811 esset,
2978 1750 3094 1804 heri
3133 1761 3187 1804 et
3238 1752 3552 1805 uudiuster~

308 1812 910 1916 κτοις-κεκυρωμένην,
933 1812 1122 1914 ψῆφον.
1146 1844 1282 1914 πρὸς
1310 1812 1419 1896 τῶν
1453 1812 1762 1897 ἀντιπάλων

1990 1842 2097 1896 tius
2147 1841 2307 1896 latam
2353 1856 2474 1896 esse
2524 1840 2873 1905 sententiam,
2912 1841 3276 1896 adatuantinis
3322 1845 3553 1912 quibus-

304 1937 407 2006 τῆς
463 1935 719 2000 ἐξουσίας
753 1937 1052 2008 ἀρχόντων.
1103 1935 1225 1989 Τῶν
1258 1936 1367 2006 γὰρ
1412 1935 1814 2006 μετριωτέρων,
1842 1933 1878 1987 ἀ

306 2027 417 2087 τοῖς
445 2023 796 2095 ἐξωτερικοῖς
831 2024 914 2096 (4)
950 2027 1046 2078 καὶ
1075 2023 1137 2078 τὸ
1168 2024 1416 2080 πλεῖστον
1447 2024 1757 2095 δημοτικοῖς
1781 2041 1879 2078 κα-

305 2115 665 2186 τεψήφισται,
695 2121 763 2170 τὰ
805 2119 905 2188 μὲν
937 2117 1038 2188 ήδη
1073 2117 1409 2186 πέπρακται,
1439 2117 1506 2168 τὰ
1529 2117 1573 2168 δ’
1597 2117 1677 2168 ἔτι
1701 2115 1878 2184 πράτο

306 2227 487 2272 τεται,
525 2210 593 2262 τὰ
643 2209 700 2262 δὲ
735 2210 832 2262 καὶ
865 2208 1263 2281 πραχθήσεται.
1315 2209 1428 2263 Καὶ
1476 2208 1682 2260 τούτων
1729 2205 1882 2258 οὐδὲν

303 2289 501 2354 οὐδένα.
536 2302 752 2354 πάντων
781 2301 935 2370 ὑμῶν
955 2303 1170 2369 ἀγνοεῖν
1192 2301 1396 2370 οἴομαι,
1422 2297 1639 2371 [Ρ.6201
1657 2297 1886 2369 θορύϐου

304 2393 572 2445 τοσούτου
614 2395 713 2462 τὴν
748 2394 905 2445 πόλιν
939 2393 1378 2464 περιηχήσαντος
1411 2391 1651 2446 ἃπασαν.
1696 2389 1887 2460 Χρεὼν

304 2486 418 2552 οὖν,
448 2488 530 2557 μὴ
552 2485 1000 2555 φιλοψυχοῦντας,
1025 2485 1138 2538 ἀλλ’
1159 2484 1528 2554 ἐρρωμένους,
1553 2482 1718 2552 ὁμόσε
1741 2482 1880 2550 πρὸς

305 2573 434 2637 τοὺς
467 2574 746 2637 τοιούτους
777 2577 978 2645 χωρεῖν
1009 2574 1251 2642 ἀγῶνας.
1281 2573 1490 2644 Θνητῆς
1520 2573 1629 2643 γὰρ
1652 2573 1879 2643 λαχοῦσι

308 2667 532 2734 φύσεως
559 2666 625 2737 ήν
656 2667 732 2734 μὴ
756 2665 851 2718 νῦν
881 2665 1065 2718 θανεῖν
1102 2664 1218 2734 ἐξῇ,
1242 2665 1331 2719 διὰ
1381 2665 1512 2731 γοῦν
1535 2663 1597 2717 τὸ
1633 2665 1730 2733 τῆς
1777 2662 1882 2734 φύε-

314 2775 455 2820 σεως
496 2759 718 2828 δτρλημα
755 2758 1107 2828 τεθνήξεσθαι
1136 2761 1349 2820 πάντως
1385 2757 1576 2825 ἕψεται
1607 2756 1878 2826 προϊοῦσιο

308 2849 407 2903 καὶ
438 2851 524 2902 δεῖ
564 2852 637 2919 μή
676 2851 766 2903 τὸν
807 2851 982 2904 ἀκλεᾶ
1016 2851 1120 2920 πρὸ
1147 2848 1242 2902 τοῦ
1279 2848 1393 2920 μετ’
1438 2849 1689 2911 εὐκλείας
1724 2864 1880 2915 περι-

310 2946 499 3010 μεῖναι
537 2943 785 2995 θάνατον.

1985 1933 2110 1988 dant
2172 1942 2228 1988 et
2278 1934 2505 2002 irruptis
2555 1933 2715 1987 nodis
2768 1934 3053 1987 munitam.
3105 1935 3240 1988 Nam
3308 1938 3554 1990 mitiores

1983 2024 2152 2094 986
2180 2039 2375 2094 ptume.
2402 2039 2524 2092 qure
2557 2024 2610 2076 in
2649 2023 2838 2086 laicos.
2869 2039 3072 2093 eosque
3101 2027 3389 2078 maximam
3425 2041 3554 2094 par-

1987 2127 2096 2171 tem
2135 2116 2398 2186 plebeios,
2431 2117 2665 2170 decreta:
2701 2116 2942 2178 fuerunt,
2971 2132 3047 2169 etc
3086 2118 3278 2186 partim
3325 2119 3408 2170 vel
3437 2119 3547 2188 jam

1986 2219 2218 2276 sumpta:
2269 2215 2417 2271 sunt,
2470 2206 2553 2261 vel
2611 2221 2758 2262 nunc
2819 2223 3038 2278 quoque
3093 2221 3404 2272 sumuntur,
3462 2211 3546 2263 vel

1988 2312 2176 2373 postea
2217 2303 2520 2372 exigeutnr.
2573 2300 2856 2355 Neminem
2890 2311 3069 2355 autem
3114 2315 3181 2356 ex
3225 2303 3381 2357 vobis
3419 2316 3551 2372 puto

1988 2395 2284 2465 quidquam
2323 2395 2513 2447 horum
2549 2395 2819 2463 ignorare,
2854 2402 3035 2451 tantus
3077 2397 3344 2450 tumultus
3383 2407 3549 2450 totam

1988 2485 2176 2541 urbem
2219 2484 2521 2554 personuit.
2553 2482 2778 2552 Oportet
2807 2485 2990 2554 itaque
3032 2500 3147 2548 vos,
3192 2502 3298 2538 non
3329 2499 3553 2539 conser-

1987 2579 2176 2632 vanda:
2218 2580 2342 2631 vit:c
2375 2576 2621 2646 cupidos,
2677 2577 2771 2632 sed
2826 2579 3008 2632 animo
3062 2580 3188 2632 forti
3229 2581 3547 2640 instructos.

1989 2673 2109 2727 istis
2139 2671 2530 2726 certaminibus
2557 2680 2765 2725 vosmet
2796 2671 3056 2742 objicere.
3084 2672 3360 2726 Mortalem
3395 2681 3555 2725 natu-

1993 2777 2108 2815 ram
2162 2761 2339 2814 sortiti
2388 2759 2543 2815 estis.
2591 2761 2830 2816 Proinde
2883 2761 2982 2816 etsi
3034 2762 3162 2816 licet
3209 2778 3356 2816 nunc
3394 2764 3551 2816 vobis

1991 2861 2222 2906 mortem
2253 2852 2513 2920 ell'ugere,
2546 2859 2725 2907 tamen
2752 2863 2960 2907 naturae
3001 2853 3246 2908 debitum
3278 2854 3550 2924 ejusmodi

1988 2955 2095 3011 est,
2136 2955 2196 2999 ut
2232 2954 2390 2999 aetate
2435 2945 2650 3014 longius
2687 2948 2959 3014 provectis
3004 2947 3228 3002 omnino
3280 2950 3415 3002 mori
3454 2963 3552 3001 ne-

314 3055 471 3096 cesse
512 3039 758 3095 futurum
801 3042 894 3095 sit.
940 3037 1051 3095 Nec
1116 3051 1213 3095 vos
1254 3036 1434 3103 decet,
1499 3037 1737 3109 gloriosa
1785 3047 1964 3094 morte
2001 3038 2333 3108 posutabita,
2383 3053 2504 3094 eam
2551 3050 2886 3108 exspectare,
2936 3055 3057 3110 qua:
3105 3040 3266 3097 laude
3315 3043 3556 3096 caritura

307 3145 411 3190 est.

380 3231 459 3284 l".
486 3233 606 3303 Μιᾷ
642 3229 688 3284 δ’
726 3232 1107 3305 ἀπειρηκότων
1142 3233 1316 3301 φωνῇ,
1346 3231 1421 3302 μὴ
1455 3231 1656 3284 ἐθέλειν
1692 3233 1888 3301 χωρεῖν
1913 3241 1960 3304 c

307 3325 365 3386 ἐς
404 3323 712 3392 βασιλείους
741 3322 1068 3393 προκλήσεις
1108 3323 1199 3373 καὶ
1245 3321 1387 3374 οὕτω
1435 3321 1750 3392 βαρϐαρικᾶ
1798 3338 1892 3374 ou-

311 3418 504 3486 »é69u
550 3416 692 3482 πλὴν
727 3417 885 3483 ἐμοῦ,
927 3415 1109 3473 δείσας
1141 3413 1252 3481 ἐγὼ
1299 3414 1373 3481 μὴ
1427 3417 1700 3482 πρόφασιν
1743 3412 1883 3464 τοῦτ’

311 3508 598 3576 εἰληφόσιν
629 3506 877 3570 ἐκείνοις,
907 3501 987 3568 οἷς
1014 3507 1191 3557 πάντα
1226 3504 1374 3557 λίθον
1397 3506 1566 3556 κινεῖν
1586 3503 1714 3559 καθ’
1735 3504 1890 3573 ἡμῶν

311 3601 627 3668 περίεστιν,
659 3600 872 3669 ἐρήμην
914 3598 1036 3650 καθ’
1072 3595 1230 3666 ἡμῶν
1270 3596 1510 3665 εὐχερῶς
1535 3595 1891 3666 καταδιαιτᾷν

310 3693 660 3760 ἑπιγένηται,
686 3692 828 3757 μάλα
854 3690 1004 3760 μόλις
1031 3693 1126 3757 τῆς
1158 3691 1423 3759 καθέδρας
1447 3689 1742 3755 ἐξαναστὰς
1775 3688 1890 3756 ἅμα

311 3787 490 3838 πᾶσιν
521 3785 748 3846 ἐκείνοις
783 3785 979 3853 ἀπῄειν
1011 3785 1186 3836 ἐκεῖσε
1209 3781 1667 3850 ἀποθανούμενος,
1697 3785 1789 3832 ttat
1821 3782 1889 3849 τῇ

311 3875 432 3925 ἐκεῖ
479 3875 704 3942 τελευτῇ
753 3871 1358 3948 συμπαραπέμψωνπὰ
1391 3870 1626 3937 πολυετῆ
1670 3884 1772 3938 μου
1791 3873 1886 3941 τῆς

313 3967 564 4034 κεφαλῆς
600 3967 900 4032 νοσήματα.

388 4060 466 4113 Δ’.
503 4057 662 4125 ’Δρτι
692 4056 748 4107 δὲ
784 4055 913 4122 περί
969 4070 1070 4105 πο)
1126 4054 1196 4106 τὰ
1255 4067 1397 4122 μεσα
1451 4054 1763 4124 γενομένοις
1791 4056 1889 4124 τῆς

315 4151 599 4220 βασιλείου
659 4149 827 4216 αὐλῆς
891 4148 1170 4216 ἀπήντησέ
1209 4163 1291 4208 τις
1325 4149 1456 4216 ἡμῖν
1498 4150 1605 4199 τῶν
1639 4149 1780 4201 πάνυ
1810 4149 1888 4218 τῷ

315 4244 539 4312 βασιλεῖ
563 4240 1091 4310 προσῳκειωμένων,
1117 4243 1206 4291 καὶ
1242 4240 1404 4308 μόνον
1433 4241 1690 4293 ἁπάντων
1722 4242 1888 4310 ἔμεγε

315 4333 643 4400 ἀπειληφὼς
691 4335 933 4402 προσῆγε
975 4334 1052 4404 τῷ
1103 4335 1335 4404 βασιλεῖ.
1383 4336 1887 4404 Κοινολογήσοσθαι

316 4431 432 4498 γὰρ
467 4428 620 4494 ἔλεγε
669 4427 952 4496 βούλεσθαί
1009 4445 1099 4496 μοι
1149 4430 1258 4481 τῶν
1297 4428 1443 4498 αὐτῷ
1471 4445 1531 4496 γε
1559 4431 1887 4499 ἀπορρήτων

319 4521 478 4572 ἔστιν
511 4519 565 4573 ἆ.
600 4521 1031 4590 Προσεληλυθὸτι
1065 4536 1154 4588 μοι
1193 4521 1322 4587 γοῦν
1377 4525 1559 4590 τυχεῖν
1591 4523 1892 4591 προσγεγέ-

319 4629 489 4681 νηται
532 4612 648 4680 μὲν,
684 4615 832 4680 παρὰ
863 4611 1021 4675 δόξαν
1055 4611 1153 4681 μὲν
1188 4613 1330 4680 ἐμοὶ,
1357 4613 1504 4681 σφίσι
1543 4613 1588 4666 δ’
1637 4616 1886 4684 ἐξεπίτη-

315 4707 410 4766 δες
447 4704 673 4775 σφόδρα,
703 4705 842 4765 τινὸς
876 4706 983 4756 τῶν
1019 4705 1158 4757 πάνυ
1198 4720 1286 4772 μοι
1322 4706 1494 4773 φίλων
1534 4706 1598 4758 ὲκ
1628 4706 1884 4772 παλαιοῦ,

311 4796 405 4846 διὰ
426 4792 717 4863 βασιλικῆς
733 4792 987 4844 κάκείνου
1011 4792 1365 4860 προκλήσεως
1386 4796 1562 4846 ἐκεῖσε
1583 4795 1886 4863 τηνικαῦτα

314 4885 593 4954 παρόντος
636 4881 767 4952 ἐμοῦ
817 4899 879 4948 γε
936 4883 1140 4934 εἵνεκα.
1183 4877 1286 4933 Ἦν
1323 4883 1528 4951 μεταξῦ
1566 4884 1886 4936 καθεσθέντι

314 4995 411 5048 μοι
441 4977 622 5044 λέγειν
651 4976 883 5045 ήρξαντο
917 4975 1056 5028 κατά
1091 4975 1414 5044 συνεκδοχήν
1447 4978 1539 5027 καὶ
1568 4976 1882 5044 ἀμοιϐαδὸν,

313 5068 476 5137 παρὰ
524 5067 752 5137 θαιέρου
792 5066 981 5135 ἅτερος
1013 5065 1111 5128 τὰς
1163 5065 1271 5116 τῶν
1305 5066 1473 5133 λόγων
1503 5068 1756 5137 ἀφορμὰς
1785 5085 1886 5119 πο-

309 5164 562 5235 ρίζοντές
599 5179 658 5214 τε
691 5162 786 5212 καὶ
845 5160 1220 5228 ποριζόμενοι,
1272 5162 1365 5210 καὶ
1409 5159 1617 5212 πείθειν
1678 5163 1883 5230 ἐπιχει-

313 5255 565 5323 ροῦντες,
613 5253 825 5320 πρῶτον
860 5253 959 5322 μὲν
992 5252 1288 5321 χρημάτων
1324 5251 1678 5318 ἐπαγγελίαις
1716 5254 1886 5318 ἀφθόη

314 5364 456 5407 νοις,
485 5347 580 5399 καὶ
609 5347 635 5398 ὃ
665 5363 756 5415 μοι
782 5346 917 5415 πρὸς
946 5345 1253 5415 βουλήσεως
1284 5345 1369 5406 εἴη
1403 5344 1468 5397 ἂν
1499 5345 1687 5413 ἕτερον
1718 5345 1885 5399 ἆπαν.

324 5441 494 5492 Ἐπεὶ
524 5439 564 5491 δ’
590 5439 841 5492 ἐντεῦθεν
861 5439 968 5490 τῶν
995 5438 1381 5507 σκοπουμένων
1401 5438 1719 5509 ἠλαύνοντο,
1755 5439 1889 5505 μηδὲ

2062 3233 2153 3289 Ill.
2197 3232 2277 3287 llli
2309 3247 2439 3287 vero
2470 3247 2578 3286 una
2621 3246 2755 3286 voce
2790 3233 3130 3296 renuntiant,
3163 3233 3305 3289 nolle
3345 3249 3405 3290 se
3452 3235 3555 3289 im-

1995 3325 2264 3396 peratoris
2290 3333 2486 3378 vocatu
2515 3332 2622 3377 tam
2657 3321 2886 3378 barbara
2922 3326 3152 3380 concilia
3182 3327 3298 3382 sine
3330 3344 3416 3384 me
3440 3331 3557 3383 adi-

1995 3432 2075 3473 re.
2115 3416 2479 3484 Quamobrem
2505 3418 2732 3480 veritus,
2765 3432 2833 3471 ne
2869 3416 2946 3470 illi
2977 3419 3068 3487 qui
3101 3434 3317 3473 omnem
3358 3422 3410 3474 in
3457 3439 3560 3479 nos

1994 3507 2231 3578 lapidem
2256 3517 2496 3572 movent,
2527 3507 2630 3562 hac
2654 3509 2938 3562 occasione
2963 3520 3199 3579 arrepta,
3229 3503 3555 3568 sententiam

1996 3598 2050 3652 in
2081 3614 2201 3665 nos,
2232 3598 2382 3652 velut.
2404 3599 2601 3652 deserti
2626 3599 2918 3652 vadimonii
2950 3615 3091 3665 reos,
3125 3602 3280 3657 facile
3316 3621 3561 3673 pronun-

1997 3692 2218 3754 tiarent,
2275 3706 2414 3760 aegre
2466 3691 2684 3745 tandem
2721 3705 2754 3745 e
2801 3694 2928 3747 sede
2971 3695 3261 3759 excitatus,
3311 3713 3434 3751 cum
3490 3700 3557 3754 iis

1997 3782 2254 3835 omnibus
2286 3783 2606 3844 moriturus,
2638 3792 2693 3837 et
2730 3784 3064 3840 inveteratas
3093 3787 3290 3856 capitis
3335 3791 3557 3846 morbos

1995 3873 2156 3928 simul
2185 3887 2308 3928 cum
2338 3873 2448 3928 vita
2485 3875 2832 3940 dimissurus,
2865 3877 2988 3933 illuc
3022 3894 3107 3933 me
3143 3882 3367 3935 contuti.

2065 4055 2157 4110 IV.
2193 4055 2313 4109 Jam
2344 4069 2445 4107 nos
2475 4054 2588 4108 fere
2628 4054 2683 4109 in
2728 4057 2903 4111 media
2937 4059 3120 4127 palatii
3152 4062 3271 4116 aula
3305 4067 3560 4121 versaba~

1995 4164 2142 4212 mur,
2171 4162 2295 4201 eum
2327 4162 2393 4200 cx
2427 4147 2637 4200 intimis
2665 4148 3009 4217 imperatoris
3045 4154 3263 4221 quidam
3295 4162 3555 4214 accur'ril.

1995 4243 2046 4297 ls
2069 4256 2238 4296 unum
2269 4255 2356 4294 me
2394 4255 2462 4293 ex
2502 4240 2757 4294 omnibus
2800 4253 3138 4312 assumptum
3167 4246 3234 4298 ad
3267 4246 3555 4317 imperato—

1994 4352 2108 4391 rem
2144 4335 2387 4390 deducit.
2433 4333 2572 4387 Eum
2614 4333 2820 4388 scilicet
2861 4335 3116 4388 nonnulla
3167 4352 3374 4392 utecum
3420 4343 3557 4397 velle

1996 4427 2404 4484 communicare
2435 4427 2635 4488 aiebat,
2668 4441 2787 4493 qua:
2831 4441 3028 4479 arcana
3062 4426 3164 4481 sibi
3206 4441 3408 4485 essent.
3451 4434 3556 4488 Ubi

1994 4521 2224 4590 propius
2285 4517 2510 4580 accessi,
2567 4517 2858 4585 quemdam
2920 4517 3090 4571 veteri
3125 4521 3358 4576 amicitia
3421 4526 3558 4580 mitti

1995 4610 2504 4682 coniunctissimum
2540 4608 2778 4674 oﬂcudo,
2818 4608 2910 4678 qui
2955 4619 3010 4663 et
3051 4609 3164 4679 ipse
3213 4612 3557 4681 imperatoris

1996 4711 2192 4757 vocatu
2223 4702 2335 4756 illic
2367 4710 2478 4754 tum
2510 4700 2698 4754 aderat
2723 4701 2828 4754 mei
2870 4703 3062 4767 gratia.
3097 4701 3152 4754 Μ
3188 4712 3244 4754 ut
3278 4705 3409 4758 tuilti
3453 4725 3552 4762 nec

1997 4797 2267 4867 opinanti,
2299 4796 2372 4848 ita
2403 4794 2509 4847 illis
2550 4795 2772 4845 omnino
2797 4791 2958 4860 987
2991 4793 3377 4859 praemeditans
3416 4802 3558 4854 acci-

2000 4889 2100 4942 dit.
2130 4888 2241 4957 Ego
2263 4901 2390 4940 vero
2420 4885 2561 4937 inter
2588 4884 2708 4936 illos
2735 4884 2976 4936 consedi.
3004 4883 3135 4936 Tum
3161 4895 3338 4940 autem
3373 4889 3406 4941 ii
3445 4907 3555 4945 cte-

1992 4989 2191 5050 perunt
2216 4977 2452 5030 vicissim
2489 4983 2543 5028 et
2575 4976 2800 5027 alternis
2845 4989 2927 5028 me
2977 4974 3197 5044 alloqui,
3227 4977 3363 5031 alter
3388 4981 3548 5034 alteri

1995 5078 2182 5124 mutua
2222 5068 2630 5136 suppeditantes
2664 5067 2875 5120 dicendi
2916 5078 3251 5136 argumenta.
3308 5070 3381 5124 Ac
3434 5089 3548 5123 ma-

1991 5179 2094 5233 gna
2136 5161 2369 5232 primum
2408 5161 2648 5228 pecunia:
2692 5159 2742 5211 vi
2795 5168 2847 5212 ct
2896 5161 3041 5213 muni
3096 5159 3201 5213 alia
3243 5178 3320 5224 re,
3360 5181 3551 5231 quam-

1999 5268 2214 5320 cunque
2277 5252 2631 5320 optavisscm,
2685 5250 2971 5320 promissa,
3033 5251 3309 5306 innectere
3367 5260 3548 5311 conati

2003 5354 2147 5397 sunt.
2185 5341 2411 5402 Deinde,
2441 5342 2567 5410 quia
2607 5340 2709 5394 hac
2750 5356 2856 5393 non
2892 5341 3234 5406 succedebat,
3267 5357 3553 5412 proptch

2001 5435 2146 5506 quod
2199 5449 2300 5488 nec
2336 5435 2509 5503 prima
2548 5432 2767 5502 quidem
2800 5431 2944 5486 dicta
2993 5434 3221 5487 auribus
3269 5436 3350 5488 vel
3392 5439 3555 5491 mini—

1687 5533 2009 5591 Vuriorum
2042 5536 2226 5591 notre.

391 5633 475 5696 (1)
506 5631 709 5702 Nempe
759 5633 1004 5686 Palamas
1037 5643 1228 5686 auctor
1275 5632 1652 5688 Cantacuzeno
1686 5633 1884 5692 fuerat.

315 5712 381 5757 ut
421 5717 673 5770 quotquot
709 5706 773 5754 de
831 5703 1016 5768 iulium
1063 5703 1206 5767 ptrbe
1261 5721 1362 5755 non
1397 5713 1696 5756 vererentur
1728 5714 1888 5772 captu

311 5790 413 5826 suo
453 5774 646 5826 altiora
695 5775 970 5841 aﬂ'ectare,
1018 5776 1056 5823 ti
1101 5776 1320 5826 vestibus
1373 5783 1513 5826 exuit
1541 5775 1697 5842 virgis
1729 5775 1892 5824 ett-tle-

703 5867 970 5925 Ρηιιοι..
999 5867 1111 5927 (in.
1155 5866 1457 5925 CXLV”!

1989 5639 2192 5693 rentur,
2239 5632 2370 5683 etin
2399 5644 2660 5683 carcerem
2701 5627 3118 5691 detruderentur,
3163 5643 3284 5699 pag.
3329 5629 3453 5693 617,
3483 5627 3546 5683 D.

1991 5718 2178 5772 supra.
2219 5703 2427 5755 BOIVIN.

3097 5862 3172 5920 ιο
