4046 6248
467 346 601 411 1263
766 341 842 414 [ι.
887 358 944 396 u.‘
981 341 1136 406 6859,
1179 356 1285 394 txo.
1323 341 1378 412 4]

1590 341 1999 403 NICEPIIORI
2055 341 2431 401 GREGORE

3519 333 3659 401 1264

2678 335 2809 407 [ιιιιν.
2848 352 2887 390 ι.
2927 347 3219 390 cuneus.
3255 330 3314 403 5]

461 471 520 511 nt
581 474 677 513 nos
735 458 1134 527 quamprimum
1193 458 1529 519 amoliretur,
1585 457 1785 511 nullam
1843 457 1993 525 plane

2102 457 2294 524 τρόπον
2320 453 2525 517 οὐδένα,
2565 453 2663 524 τὴν
2702 455 2960 522 ταχίστην
2994 451 3472 507 ἀποσκευάσασθαι
3511 454 3651 504 πάν-

465 550 624 603 aliam
660 553 920 602 rationem
954 548 1152 616 rcpcrit
1182 547 1475 602 faciliorem
1505 562 1590 608 ea,
1621 561 1781 615 quam
1813 556 1868 598 et
1898 546 1997 598 Pa-

457 640 627 693 Iamas
674 639 955 708 prmceptis
1000 637 1116 690 suis
1146 637 1480 702 designatam
1515 637 1565 688 ei
1604 635 1999 704 pr0posuisset,

381 782 384 786 .
456 740 514 783 ct
544 731 658 798 ipse
695 731 804 798 jam
836 744 932 783 usu
975 728 1259 796 probatam
1290 728 1508 797 penitus
1536 727 1898 796 cognovisset.
1942 725 1996 778 Id

457 829 635 874 autem
667 829 804 883 erat,
836 819 1058 872 omnino
1088 818 1196 886 jam
1225 818 1586 887 abrogandam
1614 831 1732 870 esse
1759 816 1999 883 ejusmo—

457 912 508 963 di
564 911 1008 978 disputationem,
1055 921 1176 974 qua
1221 921 1287 961 ex
1341 905 1640 972 Scripturis
1679 911 1994 973 argumenta

460 1010 732 1067 repeteret
778 1017 791 1053 :
834 999 962 1054 inde
1009 998 1216 1052 scilicet
1250 995 1506 1064 consequi
1537 1009 1632 1048 eos
1669 994 1869 1055 exitus,
1903 992 1998 1062 qui

455 1092 871 1160 haudquaquam
895 1088 998 1142 sibi
1021 1087 1337 1156 expedirent
1361 1105 1373 1140 :
1401 1101 1520 1154 quae
1540 1086 1685 1139 enim
1719 1083 1795 1137 illi
1823 1085 1875 1137 in
1899 1097 1999 1138 nos

452 1184 676 1253 exsequi
710 1185 1126 1249 meditarentur,
1174 1195 1235 1234 ea
1289 1181 1432 1249 ipsos
1475 1193 1504 1232 a
1551 1177 1708 1232 nobis
1742 1192 1997 1246 passuros

450 1272 635 1332 citius,
663 1286 827 1340 quam
855 1279 1209 1325 exsecuturos
1243 1283 1329 1329 ea,
1372 1280 1494 1335 qua:
1521 1281 1620 1318 nos
1652 1265 1761 1333 pati
1795 1264 1998 1319 voluis-

451 1370 593 1413 sent.
633 1360 798 1413 Iidem
840 1360 1074 1414 concilio
1105 1359 1378 1428 expellere
1407 1355 1746 1410 constituunt
1785 1358 1996 1423 episco-

449 1463 579 1518 pum
610 1448 758 1519 Tyri,
789 1449 880 1517 qui
915 1449 1236 1517 patriarcba:
1274 1444 1600 1500 Antiocheni
1645 1445 1766 1514 jura
1805 1445 1996 1499 tueba-

452 1551 581 1592 tur:
618 1541 761 1609 quod
803 1542 845 1594 si
895 1540 940 1593 is
985 1540 1296 1608 persisterct
1329 1545 1380 1590 ct
1423 1535 1672 1598 instaret,
1710 1535 1855 1589 illius
1894 1550 1993 1603 pa-

451 1631 704 1685 triarchae
731 1632 1056 1686 sententiam
1093 1630 1398 1697 allegando,
1427 1642 1532 1696 qua
1561 1625 1803 1680 Palamas
1827 1625 1995 1696 depo-

2099 561 2195 607 τας
2226 547 2390 614 ἡμᾶς,
2414 545 2445 611 ἢ
2477 543 2594 596 καθ’
2613 545 2678 604 ἃς
2704 548 2730 597 ό
2759 546 3018 613 "alapa;
3044 559 3103 595 τε
3136 542 3286 613 αύτῷ
3306 541 3651 612 προεζωγρά-

2101 653 2271 705 φησεν
2321 636 2598 706 ὑποθήκας
2636 636 2730 689 καὶ
2771 634 2932 696 αὐτὸς
2978 635 3076 705 ήδη
3124 635 3290 704 πείρᾳ
3335 633 3656 703 μεμάθηκεν

2101 726 2362 797 ἁκριδῶς.
2395 729 2458 780 Al
2490 729 2545 780 δὲ
2570 723 2709 796 ἦσαν
2738 727 3174 796 ἀποψηφίζεσθαι
3201 725 3397 794 κομιδῆ
3429 724 3527 791 τὴν
3565 723 3656 776 διὰ

2107 818 2388 889 γραφικῶν
2419 820 2741 884 ἀποδείξεων
2766 819 2870 890 ήδη
2891 817 3121 882 διάλεξιν
3143 834 3160 850 ο
3192 817 3278 888 [Ρ.
3302 813 3433 888 623]
3458 815 3656 886 ἥκιστα

2107 909 2215 979 γὰρ
2248 907 2385 962 εἷναί
2412 926 2594 977 σφισιν
2621 908 2866 979 ἐντεῦθεν
2893 908 2992 971 τὰς
3024 908 3320 971 ἀποϐάσεις
3348 904 3656 962 λυσιτελού⁹

2109 1017 2206 1062 σας
2224 1006 2238 1020 ⁸
2270 999 2460 1053 θᾶττον
2485 1002 2593 1069 γὰρ
2625 1002 2691 1055 ἂν
2720 1000 2912 1053 παθεῖν
2937 999 3026 1069 ὑφ’
3047 1000 3203 1070 ἡμῶν
3230 999 3447 1063 αὐτοὺς.
3468 1000 3505 1052 ἃ
3525 999 3658 1068 δρᾷν

2107 1090 2230 1144 καθ’
2260 1093 2414 1162 ἡμῶν
2442 1093 2809 1162 ἐμλέτησανί,
2843 1094 2876 1158 ἢ
2904 1093 3037 1164 δρᾷν
3061 1092 3097 1146 ἃ
3127 1091 3317 1146 παθεῖν
3343 1093 3491 1162 ἡμᾶς
3528 1093 3658 1161 ἐμε-

2107 1183 2360 1252 λέτησαν.
2395 1185 2683 1238 Συνέθεντο
2710 1182 2755 1238 δ’
2777 1185 2975 1250 ἐξῶσαι
3013 1185 3106 1240 τοῦ
3138 1185 3413 1254 συνεδρίου
3446 1185 3543 1238 καὶ
3563 1183 3659 1238 τδν

2105 1272 2286 1343 Τύρου
2314 1276 2610 1328 ἐπίσκοπον
2624 1276 2724 1344 (6),
2751 1273 2845 1327 τοῦ
2877 1273 2984 1327 τῶν
3020 1275 3341 1343 ’Δντιοχέων
3376 1271 3650 1344 πατριάρ·

2095 1380 2191 1434 χου
2233 1363 2300 1416 τὰ
2332 1363 2513 1418 δίκαια
2564 1367 2828 1435 φέρονται
2869 1365 2919 1416 εί
2962 1364 3008 1418 δ’
3037 1353 3308 1429 ἐπιμένων
3347 1363 3649 1424 ἐνίσταιτσ,

2097 1452 2530 1523 προϐαλλόμενος
2557 1455 2657 1524 τὴν
2678 1457 2883 1508 ἐκείνου
2909 1456 3048 1509 κατὰ
3075 1455 3166 1507 τοῦ
3191 1454 3425 1523 Παλαμᾶ
3455 1453 3650 1506 καθαί-

2097 1539 2245 1609 ρεσίν
2270 1557 2327 1593 τε
2353 1542 2446 1594 καὶ
2464 1543 2821 1612 ἀποκήρυξιν,
2850 1544 3098 1598 κάκεῖνον
3119 1543 3266 1613 αὐτῷ
3299 1542 3653 1611 συγκαθελεῐν

2093 1630 2255 1696 εὐθὺς
2283 1633 2373 1685 καὶ
2404 1634 2500 1703 τῆς
2534 1635 2686 1703 ἡμῶν
2717 1637 2968 1706 ἐκτεμεῖν
2996 1635 3335 1706 Ἐκκλησίας.

449 1725 588 1778 situs
617 1724 1006 1792 damnatusque
1056 1735 1221 1788 esset,
1272 1736 1384 1782 tum
1421 1730 1595 1798 ipsum
1666 1747 1884 1803 quoque
1953 1733 2139 1791 statim
2189 1750 2313 1791 cum
2369 1740 2680 1810 patriarcha
2744 1749 3130 1806 exauctorare,
3183 1747 3237 1794 et
3280 1739 3349 1794 ab
3395 1733 3654 1792 Ecclesia:

451 1826 646 1870 nostra:
677 1816 1058 1870 communione
1101 1817 1444 1874 abscindere.

519 1908 586 1963 Χ.
617 1910 770 1962 Prius
802 1909 979 1976 itaque
1034 1923 1151 1969 nos,
1208 1912 1551 1966 contumeliis
1599 1923 1652 1966 et
1702 1914 1987 1970 calumniis

2167 1915 2223 1971 I'.
2258 1917 2420 1971 Ὅθεν
2460 1917 2658 1982 ἔδιξεν,
2696 1916 2883 1986 ὕϐρεσι
2915 1915 3010 1970 καὶ
3035 1916 3309 1977 διαϐολαῖς
3336 1915 3649 1969 amusos-

452 1999 809 2052 ntrocioribus
838 1998 1136 2065 perculsos,
1167 2014 1418 2054 amovere
1449 2010 1730 2071 statuunt;
1761 2022 1869 2074 quo
1896 2005 1992 2061 de-

452 2093 578 2146 inde
611 2093 697 2145 illa
729 2095 907 2146 omnia
961 2093 1026 2144 ad
1076 2093 1289 2146 libitum
1327 2097 1617 2164 tranquille
1675 2099 1990 2165 decernant,

448 2193 503 2239 ct
533 2198 631 2252 pro
666 2185 930 2253 dogmatis
954 2185 1135 2239 haberi
1162 2187 1407 2256 jubeant,
1453 2189 1545 2243 ubi
1581 2190 1688 2258 jam
1724 2204 1883 2243 nemo
1915 2190 1996 2244 fu-

447 2283 603 2328 turus
639 2278 708 2327 sit
738 2277 828 2342 qui
860 2275 1202 2330 adversetur.
1226 2278 1552 2348 Plerumque
1608 2280 1753 2334 enim
1809 2289 1864 2334 et
1896 2297 1995 2336 saa-

445 2367 569 2434 pius
622 2366 920 2420 cllicaciora
982 2382 1100 2421 esse
1161 2367 1376 2423 aiebant
1429 2385 1493 2424 ea
1527 2354 1676 2438 qua:
1711 2371 1992 2436 audacius,

445 2473 608 2525 quam
648 2473 766 2525 qua:
792 2458 1010 2526 segnius
1039 2471 1348 2527 agerentur.
1379 2461 1435 2514 Id
1473 2461 1854 2530 episcoporum
1880 2463 1994 2516 ani-

446 2549 549 2602 mis
589 2565 834 2614 magnam
898 2550 1179 2603 instillavit
1220 2551 1506 2604 libidinem
1558 2553 1864 2607 incessendi
1895 2568 1993 2607 nos

447 2641 696 2695 convitiis
735 2642 909 2710 palam
944 2656 1006 2694 ac
1035 2643 1360 2708 petulanter,
1397 2642 1544 2696 velut
1604 2643 1672 2697 de
1732 2645 1991 2712 plaustro.

446 2733 654 2800 Ecquid
689 2748 851 2802 porro
882 2733 1245 2788 deterioribus
1275 2733 1533 2802 ingeniis.
1563 2735 1618 2788 in
1649 2736 1848 2804 quibus
1874 2750 1993 2789 coa-

443 2827 540 2880 lita
574 2828 712 2879 inest
765 2825 891 2878 boni
947 2825 1124 2878 omnis
1155 2824 1477 2895 ignorantia,
1531 2827 1699 2895 magis
1735 2827 1991 2894 proclive,

447 2932 608 2986 quam
645 2917 710 2970 ad
747 2917 964 2970 insanos
997 2915 1224 2970 allectus
1253 2916 1361 2970 labi
1412 2925 1466 2970 et
1493 2917 1738 2985 impelli?
1790 2917 1994 2986 Nempe

446 3007 482 3062 ii
511 3007 690 3070 veriti,
724 3021 789 3059 ne
811 3022 875 3059 ex
907 3007 1076 3060 sacris
1115 3005 1409 3074 Scripturis
1435 3007 1586 3076 impii
1612 3020 1988 3074 arguerentur,

446 3115 637 3167 magna
668 3114 884 3167 pompa,
920 3111 1114 3166 magno
1169 3108 1433 3166 apparatu
1469 3097 1617 3152 velut
1671 3097 1726 3151 in
1778 3098 1995 3154 theatro

444 3190 743 3258 expositam
781 3188 943 3258 992
974 3188 1308 3257 impietatem
1358 3203 1511 3243 suam
1564 3183 1637 3242 re
1673 3189 1991 3243 declarant:

2096 2008 2349 2077 σαμένοις
2395 2009 2659 2080 πρότερον
2699 2011 2846 2079 ἡμᾶς
2888 2006 3394 2077 ἐκπληκτικὼτερον
3423 2007 3649 2075 τρόπον,

2095 2097 2218 2151 καθ’
2264 2100 2494 2169 ἡσυχίαν
2545 2099 2877 2169 ψηφίζεσθαι
2932 2107 2990 2150 τε
3045 2098 3139 2151 καὶ
3189 2095 3534 2166 δογματίζειν
3583 2102 3648 2150 τὰ

2093 2189 2296 2242 τοιαῦθ’
2330 2191 2544 2244 ἅπαντα
2577 2192 2714 2244 κατὰ
2748 2190 2998 2261 βούλησιν
3017 2231 3033 2255 ,
3070 2190 3258 2260 μηκέτ’
3288 2189 3440 2252 δντος
3470 2191 3527 2252 ὃς
3555 2191 3649 2244 ἀν-

2092 2281 2405 2351 τιστήσεται
2439 2282 2698 2353 μηδενός⁶
2732 2277 2870 2335 εἶναι
2907 2282 3016 2352 γὰρ
3051 2283 3127 2344 ὡς
3153 2280 3223 2334 τὰ
3255 2282 3422 2335 πολλὰ
3453 2281 3650 2336 πολλά·

2096 2388 2180 2436 κις
2203 2373 2442 2440 ἔφασκον
2464 2375 2532 2426 τὰ
2559 2373 2667 2425 τῶν
2689 2372 2981 2442 δρωμένων
3003 2373 3310 2442 θρασύτερα
3337 2373 3514 2442 πολλῷ
3542 2373 3650 2426 τῶν

2095 2466 2416 2535 πραοτέρων
2460 2465 2861 2536 ἀνυσιμώτερα.
2912 2465 3095 2518 Ταῦτα
3145 2465 3316 2519 πολὺν
3366 2465 3650 2530 ἐνέσταξεν

2096 2551 2286 2621 ἵμερον
2316 2553 2433 2614 ταῖς
2459 2551 2568 2604 τῶν
2595 2552 2912 2604 ἐπισκόπων
2935 2551 3154 2620 ψυχαῖς,
3180 2550 3240 2616 ἐξ
3263 2550 3478 2620 ἁμάξης
3502 2552 3654 2605 ἀναί-

2096 2643 2192 2712 δην
2221 2642 2688 2715 παρρησιάζεσθαι
2722 2645 2842 2696 καθ’
2878 2632 3054 2712 ἡμῶν.
3089 2645 3195 2698 Καὶ
3223 2643 3275 2696 τί
3307 2643 3418 2712 γὰρ
3449 2644 3650 2713 μοχθηο

2099 2731 2345 2802 ροτέραις
2389 2734 2622 2802 ψυχαῖς,
2663 2733 2872 2803 ἀμαθίᾳ
2903 2733 3406 2802 συντεθραμμέναις
3454 2735 3653 2796 παντὸς

2095 2821 2298 2886 ἀγαθοῦ
2318 2860 2334 2884 ,
2365 2822 2493 2892 ῥᾷον
2521 2820 2648 2873 ἄλλο
2683 2821 2791 2872 τῶν
2839 2821 3013 2874 ἄλλων
3042 2820 3248 2890 ἕτερον,
3279 2819 3312 2890 ἢ
3349 2821 3484 2889 πρὸς
3529 2820 3652 2872 ἀτό-

2098 2931 2231 2975 πους
2259 2914 2434 2982 ὁρμὰς
2463 2913 2747 2983 προτροπὴ
2776 2929 2792 2978 ;
2823 2912 3105 2975 Δείσαντες
3133 2912 3262 2981 γὰρ,
3290 2911 3364 2982 μή
3384 2911 3522 2981 πρὸς
3543 2911 3652 2966 τῶν

2096 3005 2254 3057 θείων
2281 3005 2508 3074 Γραφῶν
2534 3005 2747 3063 ἀσεϐεῖς
2777 3004 3188 3074 ἐξελεγχθῶσιν,
3210 3004 3464 3058 ἀσέϐειαν
3485 3004 3652 3073 δρῶσι

2098 3097 2235 3148 πάνυ
2268 3098 2648 3166 πανηγυρικὴν
2668 3099 2803 3165 ὁμοῦ
2836 3103 2928 3148 καὶ
2956 3096 3252 3166 θεατρικήν
3278 3109 3293 3125 ο
3329 3093 3652 3164 optatova-

2097 3204 2200 3258 περ
2235 3189 2301 3243 ἂν
2350 3190 2402 3242 et
2436 3204 2520 3251 τις
2551 3189 2608 3241 ἐν
2641 3189 2865 3255 πελάγει
2900 3191 3222 3259 νηχόμενος,
3251 3186 3370 3244 εῐτα
3410 3191 3648 3259 ψεκάδος

447 3280 674 3347 perinde
710 3280 786 3333 illi
823 3280 1101 3344 facientes,
1143 3293 1206 3333 ac
1235 3280 1279 3333 si
1326 3281 1449 3348 quis
1484 3280 1537 3332 in
1587 3281 1724 3333 mari
1777 3291 1989 3346 natans,

2099 3280 2222 3334 ἰδὼν
2247 3284 2339 3334 καὶ
2359 3280 2559 3354 βροχῆς
2589 3279 2806 3349 ἀμυδρὰ
2831 3280 3110 3349 προοέμια,
3131 3279 3334 3348 ὕφαλος
3360 3279 3650 3334 κατεδύετο

448 3369 612 3423 stillis
638 3368 857 3422 demum
885 3378 939 3422 et
966 3369 1179 3422 levibus
1225 3369 1422 3438 pluvia:
1453 3369 1733 3438 praeludiis
1763 3385 1994 3438 conspeo

2099 3374 2234 3440 πρὸς
2265 3373 2324 3426 τὸ
2349 3372 2609 3443 πέλαγος,
2640 3372 2716 3443 μὴ
2751 3372 3032 3444 διάϐροχος
3061 3373 3166 3426 Orco
3192 3371 3304 3427 τῶν
3330 3373 3531 3446 ἀερίων
3554 3373 3650 3444 ψει

448 3460 573 3522 ctis,
602 3458 876 3528 profundo
916 3462 1052 3524 mari
1084 3474 1204 3514 sese
1234 3461 1538 3530 immergat,
1595 3474 1663 3515 ne
1695 3460 1858 3515 aeriis
1889 3461 1993 3516 illis

2099 3464 2275 3520 κάδων
2310 3464 2530 3520 ἐκείνων
2562 3469 2806 3535 γένηται.

457 3552 670 3605 roribus
702 3551 1079 3620 perfundatur.

520 3642 613 3697 XI.
657 3645 866 3698 Etenim
903 3645 1168 3710 Palamas,
1208 3645 1467 3716 paulatim
1521 3644 1647 3700 inde
1674 3644 1992 3711 abscedens,

452 3735 743 3789 auxiliares
775 3736 960 3803 copias
983 3737 1218 3790 accitum
1249 3737 1369 3800 ivit,
1405 3747 1460 3790 et
1502 3751 1854 3806 quoscunque
1881 3737 1986 3791 cir-

451 3828 874 3894 cumstrependi,
935 3827 1303 3894 obstrependi,
1363 3835 1420 3880 et
1472 3829 1780 3894 importune
1835 3827 1993 3882 oblo-

2167 3642 2270 3698 IA'.
2314 3642 2372 3698 Ὀ
2417 3643 2516 3714 μὲν
2544 3642 2650 3716 γὰρ
2681 3642 2980 3712 Παλαμᾶς,
3015 3647 3381 3716 παρεγκλίνας
3418 3648 3643 3719 μικρὸν,

2097 3735 2393 3804 ἐξενολόγει
2421 3735 2516 3789 καὶ
2541 3734 2860 3801 συνήθροιζε
2890 3735 3000 3789 τῶν
3033 3735 3387 3806 περισομῦείν
3424 3737 3515 3790 καὶ
3545 3754 3648 3790 πα-

2099 3828 2390 3899 ραὸομῦεῐν
2437 3828 2531 3880 καὶ
2567 3827 3056 3898 παραφθέγγεσθαι
3098 3828 3410 3896 δυναμένων
3449 3824 3528 3890 οἷς
3565 3832 3648 3882 ἐν·

451 3915 651 3980 qucmli
726 3912 978 3967 facultate
1034 3915 1296 3982 pollentes
1360 3914 1603 3983 reperit,
1657 3928 1753 3968 eos
1804 3930 1993 3972 omnes

2099 3922 2422 3989 ετύγχανενο
2467 3919 2519 3972 οἱ
2563 3918 2607 3972 δ’
2635 3918 2864 3989 ἡκόνουν
2905 3921 3002 3983 τὰς
3041 3919 3278 3984 ἀτόπους
3315 3921 3436 3976 καθ’
3489 3921 3641 3992 ήμῶν

451 4007 811 4075 congregavit.
844 4005 908 4060 Ili
935 4015 1118 4060 autem
1171 4005 1466 4060 insolentes
1528 4005 1740 4074 linguas
1789 4004 1846 4060 in
1895 4020 1998 4060 nos
2099 4011 2360 4082 γλώττας.

451 4096 737 4150 acuebant.

1866 4206 2090 4264 CAPUT
2129 4206 2241 4262 VII.

448 4301 703 4373 Gregoras
740 4302 932 4369 aliique
966 4301 1238 4373 orthodoxi
1265 4301 2104 4373 introvocantur._Cantacuzenus
2128 4301 2368 4373 minatur
2407 4299 2736 4373 grauissima.
2794 4296 2927 4366 Ejus
2957 4313 3073 4353 cum
3114 4297 3321 4373 Xerxe,
3369 4297 3645 4373 Persarum

520 4366 658 4439 rcge,
691 4366 1034 4439 comparatio.
1073 4370 1450 4440 Episcoporum
1487 4371 1877 4440 l’alamitarurm
1908 4371 2193 4440 imperitia.
2231 4366 2518 4423 Orthodoxi
2548 4370 2746 4440 {rastra
2790 4378 3051 4440 conantur
3081 4369 3458 4440 contradicere.
3507 4366 3645 4419 Can—

525 4437 755 4493 tacuzeni
783 4437 953 4492 uultus
981 4447 1029 4490 et
1079 4437 1574 4508 verba.'Gregoram
1610 4439 1849 4509 discipuli
1885 4437 2175 4493 timidiores
2211 4440 2492 4503 deserunt;
2535 4438 2633 4491 alii
2675 4437 2852 4509 silent.
2889 4438 3130 4509 (ἔξεσσι-ω
3173 4447 3219 4490 et
3245 4438 3645 4509 orthodoxorum

521 4511 876 4578 episcoporum
924 4510 1178 4569 secessio;
1225 4524 1346 4574 quos
1388 4506 1672 4579 imperator
1715 4506 1951 4579 primum
1993 4510 2136 4560 exire
2179 4517 2367 4579 vetat;
2393 4509 2600 4579 deinde,
2628 4508 2879 4579 suadente
2929 4506 3180 4573 Palama,
3229 4509 3376 4560 abire
3425 4506 3643 4576 patitur.

518 4576 827 4641 Palamitw,
859 4579 1074 4647 egressis
1105 4579 1424 4641 orthodoxis,
1464 4576 1842 4648 imperatorem
1887 4577 2194 4631 adulantur.
2231 4576 2497 4646 Quidquid
2539 4577 2688 4630 libuit
2713 4579 3013 4630 decernunt.

516 4695 558 4748 I.
594 4693 832 4747 Tandem
858 4700 913 4747 ct
945 4692 1104 4746 nobis
1157 4691 1416 4746 iracunde
1463 4691 1838 4756 introvocatis,
1880 4691 1993 4747 vio-

2171 4691 2254 4763 [Ρ.
2283 4691 2411 4763 624]
2432 4691 2508 4746 A'.
2539 4690 2964 4759 Είσκεκληκότες
2985 4691 3089 4761 γὰρ
3111 4690 3204 4744 καὶ
3223 4689 3368 4761 ἡμᾶς
3392 4687 3490 4757 est
3521 4686 3645 4756 μετ’

443 4787 579 4842 lenti
607 4798 828 4854 prorsus
879 4791 932 4836 et
965 4783 1031 4836 ad
1059 4796 1220 4836 omne
1275 4783 1454 4837 scelus
1503 4783 1741 4854 prompti
1793 4783 1846 4837 in
1893 4797 1992 4839 nos

2099 4785 2286 4856 ὀργῆς,
2319 4785 2480 4853 βίαιοι
2513 4783 2767 4846 καθάπαξ
2813 4783 2904 4835 καὶ
2943 4784 3164 4834 τάνόσια
3199 4781 3374 4833 πάντα
3411 4777 3641 4844 γίνονται

447 4884 819 4945 consurgunt;
844 4889 908 4928 ac
939 4874 1194 4930 Ecclesia:
1220 4875 1316 4929 Dei
1369 4875 1660 4942 antistites,
1693 4875 1730 4929 ii
1760 4875 1989 4940 scilicet,

447 4970 644 5038 quibus
673 4978 951 5037 pastorum
985 4982 1185 5022 munus
1211 4967 1424 5037 obtigit,
1476 4967 1689 5021 vineam
1749 4968 1841 5021 Dei
1899 4981 1993 5020 va-

447 5067 605 5111 stant.
635 5056 835 5110 Omitto
868 5068 1082 5119 caetera,
1114 5071 1232 5126 quia
1262 5057 1520 5111 adversus
1573 5056 1838 5126 ejusmodi
1890 5056 1989 5110 bo-

449 5139 621 5202 niines
654 5161 804 5199 sacra
835 5145 1117 5216 Scriptura
1151 5147 1351 5214 tragice
1385 5147 1515 5201 olim
1549 5148 1890 5202 declamavit.

519 5238 580 5288 ll.
615 5241 688 5290 Ac
717 5238 948 5304 primum
975 5238 1193 5305 quidem
1222 5238 1540 5306 imperator,
1575 5239 1666 5292 illo
1693 5248 1840 5294 metu
1873 5239 1989 5309 agi-

2099 4875 2363 4945 τολμηροὶ
2414 4873 2534 4928 καθ’
2564 4876 2748 4945 ήμῶνο
2781 4876 2876 4926 καὶ
2929 4873 3022 4942 τῆς
3054 4871 3145 4924 τοῦ
3175 4870 3311 4923 Θεοῦ
3353 4868 3640 4935 ἐκκλησίας

2103 4967 2403 5030 προστάται
2432 4966 2524 5018 καὶ
2556 4967 2603 5017 oi
2634 4964 2946 5034 ποιμαίνειν
2975 4964 3225 5033 λαχόντες
3255 4961 3348 5014 τὸν
3387 4959 3480 5011 τοῦ
3509 4955 3639 5009 Θεοῦ

2097 5047 2492 5126 διαφθείρουσιν
2526 5057 2852 5126 ἀμπελῶνα’
2893 5055 2983 5108 καὶ
3013 5057 3113 5106 ὅσα
3154 5053 3294 5106 κατὰ
3329 5050 3439 5102 τῶν
3468 5047 3637 5102 τοιούο

2095 5164 2205 5200 των
2233 5150 2264 5218 ἡ
2291 5148 2409 5200 θεία
2441 5146 2784 5218 ἐτραγῴδησε
2811 5147 2980 5200 πάλαι
3015 5145 3220 5215 Γραφῇ.

2168 5239 2240 5290 B’.
2265 5241 2370 5292 Καὶ
2402 5241 2614 5306 πρῶτον
2641 5239 2741 5307 μέν
2767 5242 2795 5290 ὁ
2815 5237 3088 5306 βασιλεὺς,
3126 5236 3229 5288 ὕπο
3255 5231 3458 5293 δειλίας
3487 5230 3638 5283 ἐλαυ-

451 5338 614 5384 tatus.
644 5343 805 5396 ‘luem
845 5328 1023 5382 triduo
1052 5337 1174 5382 ante
1204 5329 1445 5383 Palamas
1480 5331 1659 5383 animo
1687 5331 1802 5399 ejus
1829 5332 1991 5385 altius

2099 5332 2314 5402 νόμενος
2353 5333 2585 5400 ἐκείνης,
2629 5332 2695 5400 ἢν
2735 5333 2763 5383 δ
2809 5329 3072 5397 Παλαμᾶς
3107 5329 3371 5397 πρότριτα
3398 5325 3516 5386 ταῖς
3547 5322 3636 5389 τῆς

446 5421 814 5488 impresserat,
846 5420 1187 5475 contumeliis
1217 5431 1271 5476 et
1298 5421 1460 5477 minis
1484 5421 1794 5489 dirissimis,
1845 5423 1990 5478 velut

2099 5424 2286 5476 ἑαυτοῦ
2320 5424 2495 5493 ψυχῆς
2525 5425 2841 5491 ἐνέσπειρεν
2867 5421 3079 5485 αὖλαξι,
3109 5421 3207 5482 τὰς
3234 5411 3632 5488 παλαμναιοτά·

1781 5533 2105 5596 Variorum
2135 5539 2318 5596 notte.

516 5656 587 5721 (6)
623 5653 759 5728 llinc
780 5657 1325 5726 apparetepisc0pum
1352 5654 1484 5728 Tyri
1504 5656 1557 5728 in
1579 5654 1751 5728 prima
1780 5664 1986 5710 tantum
2025 5657 2237 5713 actione
2269 5668 2589 5728 prsesentcm
2627 5657 2858 5714 concilio
2918 5654 3254 5712 interfuisse.
3298 5652 3429 5709 Vide
3473 5654 3633 5706 adno-

445 5735 546 5778 tata
578 5727 640 5775 ad
665 5729 755 5778 lib.
794 5725 900 5790 xxi,
927 5742 1046 5793 cap.
1093 5729 1140 5784 4,
1176 5740 1321 5777 num.
1360 5727 1442 5787 l5,
1477 5725 1640 5778 infra.
1685 5725 1891 5776 Bomn.
