4046 6248
363 332 492 398 1265
738 330 815 403 ιι.
856 345 908 388 c.
953 331 1113 405 l55l]

1364 326 1804 404 nmmum
1844 345 2228 409 utsronm
2270 351 2413 410 un.
2445 352 2567 412 xx.

2685 346 2819 420 [ωτι.
2861 366 2901 403 ι.
2939 362 3229 403 ειη-ικιουι.
3274 348 3328 418 51

3448 351 3582 417 1266

362 466 458 509 τας
496 448 683 519 ὕϐρεις
713 449 807 503 καὶ
839 450 1067 516 ἀπειλὰς
1096 452 1220 508 καθ’
1259 454 1420 526 ἡμῶν
1460 456 1794 526 ἐξετόξευεν,
1828 460 1930 513 οὐκ
1959 464 1980 519 Α

2059 462 2159 517 clis
2182 465 2532 534 quibusdam.
2558 482 2659 522 nos
2680 466 2940 533 incessit;
2976 483 3083 522 non
3119 468 3209 523 ille
3245 469 3598 523 lllCOlt‘lldUttl

376 539 721 594 Ἀτλαντικοῦ
775 542 851 613 (7)
914 544 1247 617 κληρουχίας
1304 547 1580 619 πελάγους
1593 589 1610 616 ν
1672 552 1767 605 καὶ
1821 553 1928 620 τῆς

2030 553 2365 611 Atlanticum
2402 574 2569 622 mare,
2612 575 2712 615 nec
2758 570 2916 614 extra
2978 569 3178 615 terram
3248 562 3601 617 habitabilem

363 634 610 704 ποιήσειν
627 635 732 701 ἔξω
762 635 863 705 τῆς
890 638 1219 707 οἰκουμένης
1241 639 1465 709 (Ξέρξου
1488 642 1598 712 γὰρ
1628 643 1799 697 ταῦτα
1835 646 1930 699 καὶ

2059 648 2327 717 ίυτρῑεηιια
2358 651 2551 704 exsilia
2578 652 2944 706 comminatus
2970 653 3194 723 (quippe
3226 654 3338 709 hare
3370 656 3604 710 Xerxem

359 725 457 792 τῆς
505 725 720 779 ἐκείνου
770 727 1111 800 βαρϐαρικῆς
1154 732 1414 797 ἀπονοίας
1436 734 1530 787 καὶ
1562 736 1779 805 τρυφῆς
1814 732 1928 806 ἦν),

362 817 496 875 ἀλλα
524 817 572 873 δ’
599 818 827 874 ἐκείνων
858 821 1030 891 μείζω
1060 824 1156 877 καὶ
1192 826 1400 895 σφόδρα
1425 827 1723 896 ἀπᾴδοντα,
1753 829 1828 891 ὡς
1857 829 1934 882 εἰ·

363 910 590 981 ρήσεται
634 911 915 981 προϊόντος
949 912 1268 984 τοῦἳλόγου.
1303 918 1425 972 Τῶν
1457 918 1566 988 γὰρ
1600 921 1799 975 ἀνίσων
1838 923 1937 975 καὶ

361 1003 631 1070 ἀνομοίων
664 1003 849 1075 ἀρχῶν
879 1022 941 1059 τε
988 1007 1083 1059 καὶ
1114 1009 1485 1078 προαιρέσεων
1526 1010 1687 1064 ἄνισά
1728 1029 1787 1064 τε
1839 1014 1936 1067 καὶ

362 1095 592 1163 ἀνόμοια
619 1097 840 1160 πάντως
860 1092 1001 1152 εἶναι
1027 1100 1177 1163 εἰκὸς
1204 1100 1301 1154 καὶ
1316 1101 1384 1155 τά
1410 1102 1520 1154 τῶν
1548 1106 1936 1174 πραττομένων

364 1187 704 1259 ἑκατέρωθεν
771 1189 1029 1261 λήγοντα.
1081 1191 1216 1245 Οὐδὲ
1274 1193 1386 1263 γὰρ
1444 1193 1673 1264 πάτριον
1732 1197 1938 1257 ἐκεῖνος

362 1280 639 1350 ἐξώμνυτο
678 1280 878 1345 σέϐας,
908 1281 1030 1337 οὐδὲ
1076 1281 1376 1355 θρησκείαν
1411 1284 1709 1357 θρησκείας
1740 1288 1939 1355 ὴλλάτ-

361 1390 508 1437 τετο,
561 1372 670 1427 οὐδ’
726 1372 867 1428 ὶθῶν
908 1374 1005 1430 καὶ
1050 1376 1344 1447 δογμάτων
1378 1378 1475 1450 εθη
1526 1380 1622 1434 καὶ⁵
1671 1380 1938 1451 δόγματα,

362 1460 613 1517 παλαιῶν
642 1462 931 1536 καινότερα
964 1465 1059 1518 καί⁸
1086 1467 1351 1522 νεότακτα
1378 1484 1393 1499 ·
1424 1469 1535 1523 οὐδ’
1567 1471 1767 1540 ὅρκους
1809 1471 1944 1525 ἐπά-

360 1570 447 1607 τει
475 1553 917 1625 θρησκευομένου
937 1555 1097 1611 Θεοῦ.

434 1642 509 1699 l".
544 1646 607 1698 Ιζί
631 1646 688 1699 δέ
715 1663 803 1711 τις
827 1648 1118 1713 ἑνίσταιτο,
1144 1649 1355 1723 Ξέρξην
1384 1652 1681 1725 θαυμάζων
1710 1657 1941 1721 ἐκεῖνον,

2033 748 2091 793 et
2124 738 2467 795 barbaricam
2495 743 2614 811 eius
2647 744 2978 797 dmuentiam
3011 760 3076 798 ac
3116 744 3397 799 lasciviam
3447 746 3608 800 dere-

2039 831 2215 897 bant),
2240 832 2334 887 sed
2363 832 2467 886 alia
2494 834 2582 888 his
2599 835 2848 904 graviora
2879 846 2931 888 et
2968 837 3201 891 inultum
3232 836 3608 900 abhorrentia,

2040 941 2100 985 ut
2134 930 2275 985 infra
2299 931 2532 985 dicetur.
2568 933 2792 988 Scilicet
2826 934 2919 987 ubi
2953 935 3224 1004 principia
3256 944 3313 990 et
3363 936 3611 990 instituta

2043 1024 2334 1092 inmqnalia
2367 1033 2423 1078 ct
2454 1025 2743 1079 dissimilia
2799 1037 2949 1090 sunt,
2985 1027 3059 1081 ihi
3110 1028 3277 1081 etiam
3316 1030 3615 1098 inrequalcs

2040 1124 2096 1169 et
2123 1113 2421 1170 dissimiles
2454 1117 2713 1186 utrinque
2741 1133 2861 1173 esse
2912 1118 3193 1173 actionum
3238 1120 3420 1173 exitus
3455 1120 3617 1189 plane

2040 1218 2600 1263 consentaneumest.
2638 1209 2925 1272 Porrqille
2978 1225 3081 1265 nec
3140 1210 3459 1279 religionem
3526 1226 3619 1279 pa-

2043 1300 2206 1356 triam
2241 1301 2618 1371 abiuraverat,
2652 1318 2756 1358 nec
2790 1317 3002 1358 morem
3069 1302 3493 1372 doctrinamque
3530 1319 3621 1357 ve-

2043 1402 2216 1450 terem
2247 1410 2390 1449 novo
2448 1410 2748 1466 recensque
2792 1396 3092 1450 constituto
3143 1412 3295 1451 more
3342 1395 3623 1461 doctrina-

2044 1502 2153 1555 que
2182 1496 2514 1549 mutaverat,
2572 1503 2673 1567 nec
2710 1488 2895 1550 fidem.
2957 1490 3005 1542 ei
3042 1505 3206 1558 quem
3255 1489 3473 1545 colebat
3510 1488 3622 1543 Deo

2043 1578 2206 1649 993
2228 1579 2497 1650 juratam,
2530 1572 2765 1647 pedibus
2793 1579 3127 1650 subjeccrat.

2122 1668 2208 1723 ill.
2244 1669 2400 1735 Quod
2438 1670 2639 1739 siquis
2661 1669 2899 1725 Xerxem
2960 1671 3115 1726 illum
3177 1671 3409 1726 miratus
3460 1674 3626 1728 instet

260 2429 263 2431 .
363 2386 757 2458 στρατοπέδων
815 2386 977 2456 ἄρχει
1029 2385 1364 2455 παμπόλλων
1384 2402 1398 2417 ο
1432 2386 1495 2439 τδ
1519 2386 1576 2440 δὲ
1601 2386 1709 2451 ὅτι,
1741 2386 1952 2455 θνητῶν

359 1739 443 1792 ὅτι
482 1740 587 1809 γῆς
620 1741 715 1795 καὶ
746 1740 1027 1812 θαλάσσης
1055 1737 1194 1814 ἦρχε
1226 1745 1368 1799 πάνυ
1400 1764 1481 1801 τοι
1516 1748 1775 1817 πλείστης
1796 1789 1810 1810 ,
1848 1750 1943 1802 καὶ

363 1833 603 1902 στρατὸν
619 1833 863 1905 ἐπήγετο
889 1835 1154 1906 μυριάριθ
1164 1854 1284 1906 μον,
1312 1832 1386 1891 ὢν
1411 1839 1569 1907 ἡμεῖς
1593 1842 1944 1896 παντάπασιν

363 1927 721 1998 ἐστερήμεθα
746 1942 762 1958 ·
806 1927 947 1982 ἀλλά
981 1926 1250 1999 θεοτήτων
1296 1930 1391 1983 καὶ
1416 1930 1568 1983 Θεῶν
1608 1931 1852 2002 ἀπείρων
1886 1950 1946 1986 τε

362 2022 459 2070 καὶ
491 2020 766 2078 ἀκτίστων
801 2017 1004 2089 ἥκιστα
1052 2014 1167 2090 εἶχε
1197 2020 1539 2091 στρατόπεδα
1561 2039 1575 2054 ·
1615 2022 1749 2075 ἀλλὰ
1792 2017 1950 2078 πάντ’

359 2106 510 2182 ἦσαν
552 2110 700 2183 αὗτῷ
728 2111 924 2165 κτιστά
959 2111 1053 2165 καί⁵
1079 2112 1249 2183 θνητά
1277 2115 1400 2166 κατ’
1429 2113 1617 2168 αὐτόν.
1654 2116 1718 2167 ‘0
1746 2115 1811 2184 δὴ
1857 2118 1951 2169 καὶ

361 2202 537 2267 αὐτὸς
567 2202 745 2273 ἑαυτῷ
775 2201 1189 2274 μεμαρτθρηκε,
1208 2202 1304 2257 νῦν
1325 2203 1426 2274 μὲν
1453 2204 1647 2273 γελῶν,
1668 2204 1765 2259 νῦν
1792 2206 1847 2259 δὲ
1869 2206 1953 2261 δα-

362 2295 578 2366 κρύων*
603 2295 664 2348 τὸ
684 2293 781 2365 μὲν
807 2295 888 2349 ὅτι
917 2294 1176 2362 πλείστης
1189 2295 1425 2367 ἠπείρου
1440 2297 1535 2350 καὶ
1559 2295 1830 2367 θαλάττης
1857 2298 1953 2351 καὶ

2048 1777 2112 1818 ac
2155 1762 2323 1817 dicat.
2356 1778 2482 1816 eum
2520 1770 2682 1816 terra:
2711 1772 2768 1818 et
2800 1763 2969 1818 maris
3017 1762 3287 1818 tractibus
3316 1780 3481 1833 quam
3509 1764 3628 1818 lon—

2047 1853 2289 1923 gissimis
2319 1853 2638 1922 imperasse,
2690 1863 2746 1906 et
2796 1854 3228 1908 innumerabiles
3255 1869 3442 1908 secum
3470 1869 3628 1908 exer-

2049 1946 2194 2001 citus
2222 1944 2502 2010 ductasse,
2529 1945 2733 2013 quibus
2763 1960 2866 1999 nos
2922 1946 3089 1999 rebus
3123 1946 3349 2000 omnino
3406 1945 3629 2001 delicia-

2050 2054 2175 2091 mur
2215 2054 2229 2090 :
2268 2043 2327 2091 at
2391 2037 2436 2091 is
2493 2036 2963 2108 (respondebitur)
3026 2036 3341 2091 divinitatcs
3386 2036 3629 2107 deosque

2052 2130 2299 2185 inﬁnitos
2331 2139 2386 2184 et
2442 2130 2718 2183 increatos
2777 2131 2830 2182 in
2867 2130 3062 2184 castris
3096 2129 3323 2183 minime
3355 2129 3626 2191 habebat;

2050 2220 2147 2277 sed
2187 2229 2349 2276 erant
2383 2220 2461 2276 illi
2493 2219 2677 2295 omnia
2708 2231 2890 2275 creata
2921 2229 2977 2274 et
3011 2219 3288 2284 mortalia,
3340 2218 3505 2289 eique
3559 2220 3633 2273 si—

2052 2313 2222 2369 milia.
2246 2311 2417 2383 Cujus
2443 2312 2521 2368 rei
2555 2322 2611 2367 et
2675 2312 2792 2381 ipse
2850 2310 2957 2368 sibi
2989 2312 3143 2366 testis
3176 2309 3300 2375 fuit,
3357 2326 3506 2367 nunc
3558 2311 3633 2364 ri-

2050 2404 2253 2473 dendo,
2284 2420 2435 2460 nunc
2463 2404 2667 2461 ﬂendo.
2723 2404 2962 2459 Ridebat
3016 2413 3200 2458 autem
3229 2442 3243 2468 ,
3286 2404 3432 2473 quod
3463 2405 3635 2472 impe-

2051 2499 2196 2553 rium
2228 2506 2373 2553 terra
2399 2508 2457 2554 et
2505 2497 2641 2552 mari
2680 2496 2949 2552 latissime
2998 2506 3190 2565 patens
3235 2503 3294 2549 et
3355 2494 3634 2551 exercitus

2052 2588 2538 2644 numerosissimos
2563 2587 2824 2652 haberet;
2879 2586 3021 2641 idem
3056 2585 3241 2648 flebat,
3305 2586 3453 2655 quod
3504 2598 3629 2639 eum

2053 2680 2112 2735 hi
2145 2680 2405 2735 mortales
2438 2691 2493 2734 et
2518 2680 2710 2735 caduci
2752 2679 2819 2733 ad
2870 2686 3081 2733 certum
3118 2686 3336 2746 tempus
3378 2673 3631 2731 duraturi

2052 2782 2258 2835 essent,
2315 2786 2481 2827 nemo
2540 2780 2662 2840 post
2719 2769 3081 2825 centesimum
3133 2783 3337 2823 annum
3392 2781 3626 2835 usquam

366 2479 468 2532 καὶ
499 2477 860 2550 προσκαίρων
884 2478 1264 2548 ὑπαρχόντων,
1286 2477 1463 2542 οὐδεὶς
1492 2478 1633 2550 ὑπὲρ
1668 2478 1737 2533 τὰ
1762 2478 1954 2532 ἑκατὸν

364 2570 530 2628 ἔσται
558 2572 884 2643 φαινόμενος
911 2569 1170 2637 ῑτη,.οὖτ’
1193 2571 1382 2636 αὐτὸς,
1409 2569 1521 2625 οὔτ’
1545 2572 1722 2636 οὐδεὶς
1742 2571 1954 2643 οὐδαμῆ

362 2666 479 2720 τῶν
521 2662 672 2735 αὐτῷ
713 2664 1015 2733 ίπομίνων.
1045 2661 1129 2735 [Ρ.
1159 2661 1286 2737 625]
1334 2664 1411 2719 Οὐ
1451 2665 1559 2735 γὰρ
1599 2659 1669 2735 ἦν
1703 2681 1789 2719 πω
1832 2664 1953 2719 τότε

363 2756 672 2825 Παλαμᾶς,
704 2755 828 2809 οὐδὲ
855 2755 934 2825 τῷ
961 2754 1142 2824 πολλῷ
1173 2759 1340 2826 συνῆν
1375 2755 1572 2827 ἐκείνῳ
1608 2757 1818 2825 βασιλεῖ
1850 2776 1958 2811 πα-

365 2848 682 2920 ραπλήσιος
712 2848 770 2901 ὲν
784 2846 1062 2909 τοσούτοις
1082 2847 1491 2918 στρατεύμασιν
1517 2849 1691 2915 οὐδεὶς
1722 2850 1957 2921 Παλαμᾷ

2059 2861 2464 2932 comparitnrus
2486 2861 2653 2921 foret,
2678 2877 2791 2916 non
2831 2862 2973 2928 ipse,
3039 2875 3146 2914 non
3204 2860 3348 2914 ullus
3398 2858 3541 2911 alius
3567 2872 3635 2912 ex

364 2940 603 3012 τουτῳῒ,
650 2940 916 3013 τεχνητὴν
961 2940 1164 3006 κτίζων
1196 2942 1498 2996 ἀθανασίαν
1541 2942 1639 2997 καὶ
1674 2943 1955 3011 ἀκτισίαν,

2059 2955 2146 3017 iis,
2175 2954 2268 3025 qui
2301 2969 2361 3009 se
2389 2961 2777 3023 sequerentur.
2822 2952 3092 3006 Nimirum
3127 2966 3195 3005 eo
3252 2958 3500 3019 tempore
3530 2948 3633 3003 Pa-

366 3031 636 3101 καθάπερ
671 3032 797 3093 τοὺς
840 3033 1140 3103 κεραυνοὺς
1171 3033 1267 3086 καὶ
1310 3033 1638 3103 πρηστῆρας
1667 3034 1731 3088 ἐκ
1767 3036 1871 3105 γῆς
1906 3038 1954 3090 oi

2059 3045 2232 3100 lamas
2281 3045 2526 3099 nondum
2556 3054 2700 3106 erat,
2765 3059 2868 3098 nec
2925 3044 2979 3097 in
3018 3051 3169 3097 tanto
3219 3044 3465 3096 exercitu
3507 3055 3632 3094 CIIII)

371 3124 692 3187 Κύκλωπες
720 3124 892 3179 πάλαι
915 3125 1059 3179 κατά
1085 3125 1211 3188 τοὺς
1240 3125 1449 3196 μύθους
1471 3125 1549 3194 τῷ
1574 3126 1657 3179 Διί
1675 3141 1690 3156 ο
1719 3129 1956 3184 ἐνταῦθα

2062 3153 2191 3209 rege
2218 3137 2604 3208 potentissimo
2631 3136 2959 3191 versabatur
3020 3134 3311 3203 quisquam
3364 3132 3494 3185 huic
3530 3132 3634 3185 Pa-

362 3216 424 3270 δὲ
453 3218 590 3279 τοὺς
610 3215 883 3281 τοιούτους
905 3216 1103 3287 φόὸους
1131 3214 1455 3287 ὑπερορίους
1476 3213 1638 3282 εἶναι,
1664 3219 1759 3272 καὶ
1786 3218 1956 3288 λήθης

2060 3227 2218 3283 lamas
2249 3229 2466 3291 similis.
2498 3228 2592 3298 qui
2624 3227 3095 3281 immortalitatem
3125 3233 3183 3278 et
3209 3225 3507 3278 increatam
3544 3236 3639 3275 nan

366 3306 760 3362 καλύπτεσθαι
784 3308 933 3377 μάλα
962 3307 1238 3374 πυθμέσιν
1281 3307 1653 3379 ὑποδρυχίοις,
1693 3308 1777 3362 ἆτ’
1803 3310 1960 3363 ἀκτί-

2064 3324 2241 3370 turam
2274 3330 2372 3384 per
2398 3323 2572 3369 artem
2602 3322 2843 3377 crearet,
2874 3312 3343 3381 quemadmodum
3389 3310 3456 3364 de
3493 3321 3637 3364 terra

366 3417 527 3456 στων
571 3399 687 3469 ἄμα
740 3402 836 3453 καὶ⁵
882 3397 1169 3454 ἀθανάτων
1199 3398 1313 3452 τῶν
1348 3398 1397 3452 τ’
1442 3399 1673 3469 ἑχόντων
1712 3398 1830 3470 ἅμα
1864 3404 1960 3457 καὶ

2066 3408 2198 3462 olim
2229 3405 2461 3461 fulmina
2496 3417 2553 3461 et
2576 3407 2683 3461 tela
2720 3407 2879 3474 ignea
2910 3404 3031 3459 Jovi
3057 3403 3291 3459 fabulosi
3321 3402 3401 3456 illi
3439 3401 3637 3471 (lycio-

367 3496 487 3549 τῶν
520 3497 589 3549 ἐκ
617 3494 723 3548 τῶν
752 3493 1105 3565 ὑπαρχόντων
1137 3493 1235 3564 (8).
1270 3489 1417 3548 Εῐεν.

2063 3512 2182 3568 pes.
2224 3496 2362 3551 Hine
2387 3514 2518 3553 vero
2550 3499 2707 3569 longe
2741 3499 2939 3552 absunt
3002 3498 3040 3549 ii
3104 3504 3307 3554 metus,
3370 3493 3638 3548 altissima

370 3589 667 3645 oblivione
695 3586 846 3643 velut
877 3588 1139 3656 demersi,
1165 3596 1457 3661 propterea
1473 3589 1622 3660 quod
1649 3587 1879 3646 increati
1900 3599 1957 3647 et
1996 3591 2338 3647 immortales
2366 3592 2477 3647 sint
2539 3602 2654 3646 tum
2715 3592 3015 3663 principes,
3045 3598 3159 3642 tum
3214 3588 3249 3642 ii
3311 3587 3406 3657 qui
3437 3585 3642 3656 princi-

371 3686 557 3759 pibus
580 3695 795 3754 parent.

451 3780 536 3834 Δ’.
578 3779 932 3851 ’Δρξαμένων
952 3779 998 3833 δ’
1028 3778 1157 3847 ἑξῆς
1177 3780 1395 3835 καὶτῶν
1423 3781 1744 3836 ἐπισκόπων
1760 3780 1970 3846 λαλεῖν,

369 3869 446 3939 ἦν
475 3870 706 3942 ᾁκούειν
730 3869 825 3921 νῦν
853 3869 953 3941 μὲν
978 3868 1212 3923 δικτύων
1236 3872 1331 3924 καὶ
1355 3870 1635 3940 θαλάσσης
1664 3871 1971 3936 ἀπάξοντας

2068 3872 2261 3925 audire
2283 3878 2402 3926 erat
2431 3885 2528 3924 eos
2558 3884 2863 3929 sermones,
2891 3869 2985 3936 qui
3020 3882 3166 3921 nunc
3195 3865 3333 3920 retia
3390 3876 3447 3921 et
3494 3880 3643 3918 mare

371 3964 617 4033 λόγουςο
648 3960 743 4015 νῦν
773 3961 832 4016 δὲ
864 3962 1149 4039 σκαπάνης
1175 3963 1318 4025 τινος
1349 3964 1444 4018 καὶ
1466 3961 1715 4031 δικέλλης
1747 3960 1930 4026 ἀξίους
1952 3979 1967 3994 ο

2067 3962 2401 4025 redolerent,
2437 3976 2584 4014 nunc
2632 3960 2911 4014 sarculum
2963 3967 3017 4013 et
3056 3958 3294 4026 ligOncm
3361 3967 3641 4025 saperent.

371 4056 484 4112 νῦν
528 4055 580 4108 δ’
628 4052 783 4110 οὖδδν
835 4053 1155 4123 καμινιαίας
1209 4052 1441 4122 αίθάλης
1491 4053 1842 4119 ἀπεοικότας,
1888 4052 1969 4124 τῷ

2074 4069 2220 4109 nunc
2262 4053 2500 4107 fornacis
2528 4051 2757 4120 fuligine
2786 4051 2943 4104 tincti
2982 4049 3324 4103 viderentur.
3359 4048 3509 4101 Adeo
3546 4045 3645 4100 ob-

373 4145 633 4219 ἀμαυρῷ
677 4162 739 4202 τε
794 4153 889 4201 καὶ
916 4146 1136 4216 δυσήχῳ
1168 4146 1263 4199 καὶ
1311 4144 1569 4216 ἀνάρθρῳ
1617 4146 1717 4214 τῆς
1765 4144 1975 4208 λαλιᾶς.

2072 4159 2256 4204 scura.
2292 4152 2345 4197 et
2376 4157 2511 4197 sono
2538 4140 2655 4211 ipso
2680 4141 2817 4195 dura
2842 4178 2857 4203 ,
2918 4156 3021 4193 nec
3073 4140 3212 4193 bene
3251 4138 3501 4192 articulis
3558 4138 3646 4191 di-

376 4242 506 4295 Καὶ
529 4236 807 4292 συνελόντι
831 4236 1020 4307 φάναι,
1045 4236 1186 4303 πλὴν
1208 4235 1317 4290 τῶν
1343 4234 1729 4289 ἑπισκοπικῶν
1747 4234 1979 4304 ἐνδυμά-

2071 4238 2294 4297 stincta,
2329 4236 2545 4289 illorum
2574 4234 2751 4287 oratio
2788 4240 2924 4286 erat.
2958 4230 3026 4286 Ut
3057 4230 3250 4299 paucis
3282 4230 3479 4290 dicam,
3508 4229 3643 4283 nihil

374 4349 504 4386 των
531 4327 687 4387 οὖδιν
724 4326 874 4399 ὑγιὶς
901 4328 1036 4400 όρᾷν
1064 4327 1160 4383 καὶ
1194 4325 1415 4382 ἀκούειν
1446 4326 1584 4391 τέως
1618 4321 1687 4397 ἦν
1723 4326 1861 4381 εκεῖ.

2079 4342 2194 4387 tum
2220 4331 2386 4400 frugi,
2420 4326 2588 4399 99a,
2612 4336 2808 4394 pra-ter
2831 4323 3199 4394 episcopalem
3227 4321 3498 4384 habitum,
3530 4319 3646 4375 illic

1156 4459 1158 4461 >
2077 4425 2163 4480 vel
2194 4424 2417 4478 videres
2443 4421 2529 4476 vel
2553 4420 2797 4474 audires.

462 4510 556 4567 E‘.
594 4506 977 4579 Βουληθὲντων
1007 4507 1066 4561 δὶ
1096 4505 1191 4561 καὶ
1225 4506 1383 4578 ἡμῶν
1411 4503 1878 4575 ἀντιφθέγξασθαί
1915 4521 1970 4558 τι

2148 4518 2211 4572 ν.
2255 4516 2581 4573 Volentibus
2615 4522 2798 4567 autem
2828 4510 2983 4564 nobis
3013 4508 3291 4577 paululum
3322 4516 3513 4563 contra
3563 4505 3651 4559 bi-

382 4607 624 4679 μικρδν,
652 4605 921 4674 κραυγαῖς
941 4602 1178 4671 ἀσήμοις
1198 4617 1258 4654 τε
1284 4602 1382 4655 καὶ
1403 4598 1696 4670 ἀνάρθροις
1724 4600 1819 4652 xui.
1848 4615 1975 4652 συν-

2078 4625 2253 4675 sccrc,
2311 4609 2385 4663 illi
2441 4607 2509 4661 de
2563 4604 2833 4659 industria
2901 4600 3241 4656 indistinctis
3296 4599 3650 4667 confusisque

2140 3781 2231 3837 ιν.
2269 3781 2537 3850 Deinceps
2572 3795 2697 3836 cum
2727 3788 2784 3834 et
2834 3778 3081 3848 episcopi
3136 3776 3289 3845 loqui
3319 3778 3639 3845 cmpissent,
3724 3830 3728 3835 ,

380 4700 517 4770 εκεῖ
558 4697 785 4767 πατάγῳ
816 4694 1017 4766 χειρῶν
1054 4693 1369 4764 ἐξεπίτηδες
1397 4693 1546 4764 ἡμᾶς
1583 4708 1644 4745 τε
1681 4690 1973 4761 ὑπερεφώ-

383 4809 533 4851 νουν
577 4792 776 4846 ἐκεῖνοι
818 4789 915 4844 καὶ
964 4788 1178 4859 σιωπᾷν
1227 4784 1669 4857 κατηνάγκαζον,
1722 4783 1976 4854 καθάπερ

383 4884 781 4955 ἁγριουμένης
822 4882 1094 4950 θαλάττης
1126 4880 1411 4951 μεμηνότα
1447 4878 1666 4948 κύματα
1710 4879 1833 4939 τοὺς
1873 4876 1979 4929 ἀνὰ

382 4984 495 5036 τὸν
529 4976 780 5047 σίγιαλδν
802 4972 1128 5046 ὁμιλοῦντας
1154 4973 1359 5043 ἠρέμα.
1394 4971 1499 5024 Ἐῶ
1534 4971 1643 5041 γὰρ
1672 4969 1873 5036 λέγειν,
1896 4970 1979 5023 ὅτι

386 5071 546 5139 παρ’
580 5068 734 5124 οὐδὲν
765 5066 1099 5138 ξληλύθεσαν
1121 5067 1272 5136 ἡμᾶς
1298 5064 1609 5134 διαρρῆξαι,
1640 5062 1890 5129 καθάπερ
1919 5062 1976 5115 αἱ

381 5164 623 5230 Βάκχαι
665 5159 835 5216 πάλαι
888 5162 1118 5223 Πενθέα,
1163 5160 1329 5229 φασὶν
1374 5155 1743 5218 ἀττικίζοντες
1794 5153 1977 5223 μῦθοι.

399 5254 566 5310 Ἀλλ’
604 5253 766 5324 ἡμῶν
800 5267 865 5320 γε
914 5252 1282 5326 ἐπιμενόντων
1328 5249 1431 5315 ἔτι,
1480 5248 1574 5301 καὶ
1617 5247 1820 5316 μικράν
1856 5262 1979 5298 τινα

383 5348 574 5413 λόγου
600 5345 906 5417 ζητούντων
924 5344 1108 5414 χώραν
1128 5345 1261 5414 ημῖν
1288 5341 1629 5411 ἐγγενέσθαι,
1652 5338 1765 5395 οὔτ’
1787 5340 1984 5411 ἤκουεν

385 5440 541 5495 οὔτε
571 5440 860 5511 προσεῖχεν
877 5437 1077 5500 οὐδείς.

2080 4700 2415 4757 clamoribus
2439 4698 2622 4761 editis,
2677 4706 2734 4749 et
2786 4694 3084 4764 complosis
3137 4707 3309 4760 usque
3373 4691 3646 4751 manibus,

2082 4805 2301 4849 nostras
2329 4806 2493 4846 voces
2524 4790 2849 4854 vincebant,
2895 4796 2951 4841 et
2999 4802 3121 4843 nos.
3171 4785 3321 4837 velut
3373 4781 3648 4835 saavientis

2083 4886 2258 4957 pelagi
2292 4884 2535 4938 furentes
2572 4880 2732 4935 undae
2759 4894 2876 4941 eos,
2938 4878 3031 4946 qui
3087 4879 3143 4930 in
3202 4876 3384 4930 littore
3435 4872 3682 4942 placide.

2084 4977 2494 5045 colloquuntur,
2556 4972 2928 5028 conticescerc
2963 4968 3253 5037 cogebant.
3307 4966 3440 5021 Nam
3502 4966 3643 5034 quod

2082 5068 2219 5123 nihil
2258 5065 2514 5129 abfuerit,
2567 5064 2699 5133 quin
2752 5077 2852 5115 nos
2890 5059 2988 5122 illi,
3046 5070 3106 5114 ut
3155 5059 3288 5113 olim
3343 5057 3646 5110 Pentheum

2086 5158 2308 5213 Baccha:
2331 5157 2531 5211 fabulis
2566 5153 2765 5209 Atticis
2791 5152 3101 5211 celebrata,
3160 5150 3504 5205 membratim
3536 5145 3646 5200 dis-

2085 5258 2393 5318 cerperent,
2426 5247 2479 5300 id
2502 5245 2722 5314 quidem
2754 5260 2853 5312 ego
2880 5243 3038 5296 sileo.
3097 5240 3174 5294 Ac
3204 5251 3517 5308 quanquam
3552 5235 3647 5289 ad-

2084 5336 2192 5389 huc
2228 5343 2606 5402 exspectantes
2640 5348 3005 5391 inaueremus,
3046 5338 3101 5382 et
3142 5338 3201 5381 ut
3232 5327 3390 5380 nobis
3413 5325 3645 5393 exiguus

2082 5428 2275 5482 saltem
2294 5425 2512 5479 dicendi
2548 5425 2703 5477 locus
2738 5432 2887 5476 esset
2913 5421 3339 5491 postularemus,
3357 5433 3517 5471 nemo
3543 5431 3645 5471 nec

2082 5519 2293 5574 audivit
2326 5534 2425 5571 nec
2451 5517 2691 5569 animum
2725 5514 2980 5567 advertit.

1779 5613 2107 5675 Variorum
2153 5622 2341 5673 notae.

488 5714 580 5774 (7i
607 5715 827 5771 Aristid.
854 5715 907 5769 in
942 5703 1234 5770 Ρᾶιιαιιιριι.
1270 5712 1475 5768 Boius.

607 5765 958 5857 Ῑιῖξίᾶὸιῇιᾰ
987 5765 1336 5859 “Vaticanum.
1382 5780 1683 5850 exemplar.
1742 5779 1974 5835 Sensum
2014 5783 2146 5846 puto
2172 5786 2297 5828 cum
2321 5786 2439 5826 esse
2464 5784 2626 5838 quem
2649 5765 2916 5836 ettpressi.
2950 5765 3160 5820 Butvnt.
