4046 6248
273 372 408 437 1239
652 369 725 438 [Α.
764 383 815 423 c.
858 366 1016 440 l55l]

1232 373 1671 433 BYZ.\.\'l‘lN.E
1712 369 2097 430 HISTORle
2138 372 2289 431 LIB.
2334 371 2491 434 XXI.

3377 367 3512 429 l290

2620 365 2753 437 [ιιιιι.
2797 380 2839 418 ι.
2870 376 3166 420 οΑιιτιιουΖ.
3207 362 3262 437 5]

263 491 430 561 ἡμεῖς
486 489 681 561 ἐράνου
745 489 901 559 δίκην
964 489 1247 559 εἰληφότες
1311 490 1523 543 ἐκεῖθεν
1591 488 2881 562 ἐνταυθοῖΑἰηιιοθκορηιιιιοινοίιιιοοιϊοεαια
2904 484 3512 560 ὴίοιιυηοορῃὸηίηιυε.

266 583 681 653 παρεθήκαμεν.
723 600 741 632 ι
791 581 850 636 Ὀ
905 582 1063 645 σάλος
1096 582 1203 651 γὰρ
1236 583 1413 653 (φησὶ)
1447 582 1559 635 τῶν
1607 580 1839 650 Ἐκκλη-

268 674 403 726 σιῶν
426 664 580 733 οὗτος
619 672 762 734 τίνος
798 672 899 725 οὐκ
928 672 1043 725 ἔστι
1075 672 1371 726 θαλασσίου
1421 672 1533 741 (90)
1571 670 1841 732 κλύδωνος

267 764 642 835 ἀγριώτεροςς
673 765 731 817 ἐν
783 758 827 829 ᾧ
857 765 966 816 πᾶν
1005 765 1103 833 μὲν
1149 765 1294 833 δριον
1333 764 1584 833 πατέρων
1621 761 1841 831 κεκίνη-

268 873 381 919 ται,
409 857 515 915 πᾶς
545 855 597 908 δὲ
627 855 896 925 θεμέλιος,
928 856 1020 907 καὶ
1055 855 1109 907 εί
1147 873 1195 909 τι
1235 854 1499 924 ὀχύρωμα
1526 854 1835 922 δογμάτων,

267 947 645 1001 διασαλεύεται
669 960 683 974 ⁸
708 947 975 1000 κλονεῖται
1013 947 1069 999 δὲ
1102 948 1280 1000 πάντα
1319 950 1415 1000 καὶ
1457 948 1837 999 κατασείεται.

268 1040 335 1091 Αἱ
363 1039 409 1090 δ’
447 1042 509 1091 ἐκ
544 1039 652 1090 τῶν
704 1039 979 1108 ἀρχόντων
1019 1038 1111 1090 τοῦ
1166 1039 1371 1108 κόσμου
1407 1039 1598 1091 τούτου
1636 1040 1840 1101 ἐπαγό-

273 1146 432 1199 μεναι
464 1130 703 1198 ττραχαὶ
738 1133 899 1191 ποίας
948 1130 1067 1197 οὐχὶ
1117 1129 1340 1193 θυέλλης
1378 1132 1469 1181 καὶ
1525 1127 1841 1193 καταιγίδος

271 1220 571 1291 βαρύτερον
598 1221 721 1283 τοὺς
760 1220 921 1281 λαοὺς
952 1220 1315 1289 ἀνατρέπουσι
1342 1237 1357 1281 ς
1389 1219 1642 1290 κατηφὴς
1672 1220 1729 1271 δέ
1758 1236 1842 1281 τις

268 1313 441 1377 ὅντως
470 1314 563 1367 καὶ
600 1314 805 1381 στυγνὴ
838 1317 1148 1384 σκοτομήνη
1192 1315 1289 1377 τὰς
1336 1313 1662 1381 Ἐκκλησίας
1702 1313 1844 1363 ἐπέ-

271 1419 376 1473 χει.
416 1405 511 1455 Διὸ
540 1406 741 1466 πάντες
770 1406 992 1470 ὁμοίως,
1022 1400 1140 1456 καθ’
1169 1404 1228 1456 ὃν
1265 1404 1329 1456 ἂν
1359 1404 1588 1463 ἕκαστος
1617 1402 1840 1469 δύνηται

267 1497 496 1565 τρόπον,
521 1497 620 1559 τὰς
645 1498 871 1563 φονικὰς
898 1499 1089 1565 χεῖρας
1116 1496 1366 1564 ἀλλήλοις
1396 1500 1520 1547 ἀντε
1532 1497 1838 1565 πιφέρουσι.

271 1588 513 1656 Τραχεῖα
545 1586 599 1637 δέ
635 1602 719 1648 τις
750 1588 967 1656 κραυγὴ
994 1586 1102 1638 τῶν
1132 1586 1192 1650 ἐξ
1222 1587 1530 1653 ἀντιλογίας
1575 1602 1842 1653 παρατρι-

272 1680 518 1747 ϐομένων
546 1678 797 1749 ἀλλήλοις
848 1681 943 1731 καὶ
986 1678 1083 1749 βοὴ
1130 1681 1345 1747 ἄσημος
1398 1679 1493 1730 καὶ
1556 1678 1843 1745 δύσκριτος

268 1765 402 1841 ἦχος
444 1771 510 1823 ἐκ
536 1772 642 1823 τῶν
672 1772 952 1838 ἀσιγήτων
983 1771 1228 1842 θορύϐων
1263 1772 1442 1824 πᾶσαν
1587 1769 1717 1842 6'59]
1743 1767 1843 1837 ἤδη

1946 597 1965 629 ι
1998 578 2122 634 Haec
2152 590 2470 651 tempestas.
2502 583 2699 652 inquit,
2736 581 3127 644 Ecclesiarum,
3158 595 3261 649 qua
3295 580 3513 633 tandem

1946 673 2157 726 marina
2194 674 2435 741 procella
2467 692 2573 729 non
2606 685 2684 728 est
2720 674 3001 727 atrocior?
3034 673 3087 726 lu
3122 681 3516 741 quautomues

1942 765 2161 818 Patrum
2189 766 2405 819 termini
2437 766 2558 820 loco
2586 768 2715 819 moti
2744 766 2979 828 sunt,ita
3004 779 3167 817 outue
3191 765 3516 818 fundamen-

1946 866 2080 914 ιιιιιι,
2099 864 2153 907 et
2180 857 2223 908 si
2248 856 2393 925 quod
2416 856 2726 925 dogmatnm
2750 856 3513 915 munimentum,convulsum

1941 958 2047 1001 est.
2074 948 2379 1002 Volvuntur
2414 949 2640 1016 insuper
2673 960 2728 1002 et
2784 958 3116 1016 quassantur
3148 954 3351 1001 omnia.
3379 949 3517 1001 Tur-

1945 1038 2198 1091 bationes
2226 1039 2295 1091 ab
2316 1040 2477 1109 tinjus
2500 1040 2687 1092 mundi
2726 1038 3070 1108 principibus
3106 1040 3516 1105 proﬁciscentes

1944 1146 2010 1183 au
2068 1146 2173 1184 non
2208 1134 2405 1199 quavis
2440 1132 2697 1199 [πορνητι.
2724 1132 2919 1200 quovis
2951 1132 3169 1183 turbine
3198 1130 3516 1184 horribilius

1945 1220 2540 1289 subvertuntpopulos?
2556 1222 2810 1288 Οιιειειιιιιιι
2835 1224 3049 1291 1016
3066 1223 3306 1289 lugubris
3324 1233 3517 1275 vcreet

1947 1312 2126 1366 tristis
2163 1313 2334 1382 caligo
2383 1314 2658 1368 Ecclesias
2689 1326 2940 1384 occupat.
2977 1316 3163 1382 quue
3198 1331 3388 1369 omnes
3422 1329 3518 1383 pa-

1947 1404 2080 1457 riter
2102 1419 2430 1474 quoruuque
2464 1414 2690 1473 possunt
2722 1404 2885 1458 modo
2913 1406 3287 1473 parricidiales
3324 1421 3518 1460 manus

1886 1564 1887 1567 η
1944 1495 2050 1548 sibi
2074 1495 2305 1549 invicem
2346 1498 2611 1550 aderunt.
2645 1497 2890 1551 Accrbus
2932 1505 3112 1550 autem
3146 1498 3366 1567 quidam
3406 1498 3519 1552 cla-

1946 1601 2064 1637 tuor
2094 1601 2311 1648 eorum,
2340 1588 2431 1655 qui
2468 1601 2565 1656 per
2598 1588 3011 1641 contentionem
3037 1588 3183 1640 inter
3213 1604 3271 1641 se
3299 1588 3517 1657 (Προορ-

1948 1683 2086 1739 tant,
2135 1679 2470 1745 confusaque
2508 1677 2851 1743 vociferatio,
2884 1688 2934 1733 ct
2978 1679 3332 1733 indistinctus
3362 1682 3515 1734 soni-

1950 1776 2037 1820 tus
2069 1782 2098 1821 e
2128 1783 2407 1837 nunquam
2432 1769 2729 1824 silentibus
2756 1770 3108 1835 tumultibus,
3136 1780 3310 1823 totam
3344 1786 3516 1840 prope

274 1836 463 1930 σχεδὸν
509 1836 837 1929 Ἐκκλησίαν
865 1836 1251 1933 πεπλήρωκεν,
1292 1862 1387 1914 ἐπὶ
1417 1836 1721 1931 ὑπερϐολὰς
1753 1836 1847 1913 καὶ

1952 1857 2053 1928 iam
2099 1859 2403 1915 Ecclesiam
2440 1860 2711 1929 implevit,
2754 1878 2852 1930 per
2887 1878 3143 1917 excessus
3173 1879 3235 1917 ac
3266 1863 3518 1918 defectus

272 1954 541 2023 ἐλλείψεις
571 1954 633 2007 τὸ
683 1953 836 2017 εύθές
887 1954 1061 2023 δόγμα
1110 1954 1210 2025 τῆς
1256 1953 1537 2013 εύσεδείας
1571 1969 1847 2023 παρατρε-

272 2047 513 2101 πόντων.
551 2041 647 2109 Εἷς
685 2047 742 2100 δὲ
778 2050 903 2114 ὄρος
939 2047 1120 2114 φιλίας
1164 2046 1224 2098 τὸ
1255 2045 1377 2099 καθ’
1413 2046 1608 2114 ἡδονὴν
1648 2046 1843 2106 εἰπεῖν,

270 2139 365 2191 καὶ
404 2137 614 2209 ἔχθρας
640 2138 886 2206 ἀρκοῦσα
919 2138 1190 2208 πρόφασις
1219 2138 1280 2190 τὸ
1316 2137 1393 2209 μὴ
1419 2136 1697 2206 συμϐῆναι
1723 2138 1847 2198 ταῖς

270 2230 474 2294 δόξαις.
506 2232 691 2299 ιΙάσης
735 2231 793 2283 δὲ
841 2231 1182 2301 συνωμοσίας
1215 2230 1537 2300 πιστότερον
1564 2231 1699 2300 πρός
1732 2247 1847 2283 κοι-

270 2323 470 2374 νωνίαν
503 2322 746 2385 στάσεως
787 2324 820 2392 ἡ
851 2321 951 2375 τοῦ
998 2323 1314 2389 σφάλματος
1344 2322 1619 2390 ὁμοιότης.
1651 2322 1846 2375 0303.6-

270 2430 365 2483 γος
395 2415 453 2468 δὲ
492 2417 601 2478 πᾶς
648 2418 743 2469 καὶ
790 2418 819 2468 ὁ
848 2417 1070 2486 μυρίαις
1102 2415 1286 2486 κηλὶσι
1326 2415 1426 2484 τὴν
1472 2415 1651 2485 ψυχὴν
1693 2432 1847 2483 στιγ-

274 2509 497 2577 ματίας.
539 2507 839 2575 Τοιγαρουν
888 2510 1391 2577 αὐτοχειροτόνητοι
1445 2508 1544 2571 τὰς
1602 2525 1845 2578 προστα-

273 2599 393 2660 σίας
441 2599 556 2652 τῶν
598 2600 905 2670 ἐκκλησιῶν
932 2600 1375 2669 διαλαγχάνουσι,
1407 2599 1505 2668 τὴν
1535 2600 1847 2667 οἰκονομίαν

272 2692 362 2745 τοῦ
392 2690 554 2760 ἀγίου
599 2692 913 2761 Πνεύματος
960 2692 1381 2761 παρωσάμενοι·
1435 2690 1531 2743 καὶ
1565 2688 1847 2751 παντελῶς

273 2784 373 2854 ἤδη
404 2785 521 2837 τῶν
554 2784 929 2851 εύαγγελικῶν
971 2782 1193 2851 θεσμῶν
1240 2781 1299 2846 ἐξ
1342 2780 1613 2850 ἀκοσμίας
1651 2797 1845 2847 συγκε-

273 2877 548 2946 χυμένων,
575 2876 851 2945 ἀμύθητος
869 2876 1109 2944 ὠθισμὸς
1135 2877 1227 2928 ἰπὶ
1253 2876 1351 2936 τὰς
1373 2874 1658 2945 προεδρίας
1679 2873 1843 2926 ἐστίν.

287 2970 414 3040 Ἑμέ
450 2971 517 3025 δὲ
547 2971 730 3025 καὶτὸ
776 2971 1114 3040 προφητικὸν
1162 2970 1338 3023 ἐκεῖνο
1383 2968 1603 3038 κατέχει
1644 2968 1845 3035 λόγιον.

275 3063 355 3115 ὅτι
401 3064 428 3116 ὁ
462 3063 669 3116 συνιὼν
718 3064 1082 3133 σιωπήσεται·
1138 3060 1273 3117 διότι
1306 3064 1335 3114 ὁ
1367 3060 1559 3130 καιρὸς
1615 3061 1846 3128 πονηρός

1950 1959 2158 2005 rectum
2189 1951 2414 2020 pietatis
2455 1951 2652 2023 dogma
2703 1954 3104 2008 evertentibus.
3144 1952 3351 2009 Unicus
3382 1958 3519 2007 ami-

1948 2040 2089 2095 citia:
2132 2042 2259 2097 linis
2287 2053 2394 2107 est,
2427 2043 2495 2097 ad
2528 2044 2761 2113 gratiam
2794 2044 2983 2114 loqui:
3018 2061 3083 2100 ac
3129 2045 3405 2100 sullicicus
3434 2052 3519 2101 est

1948 2134 2251 2190 inimicitiae
2321 2136 2916 2206 causa..opinionibus
2978 2139 3289 2194 dissentire.
3345 2140 3517 2194 Porro

1946 2227 2154 2280 erroris
2182 2226 2485 2280 similitudo
2518 2243 2606 2281 res
2632 2237 2717 2281 est
2750 2230 2943 2292 quavis
2973 2230 3354 2298 eonjuratioue
3384 2231 3518 2285 lide-

1948 2317 2054 2369 lior
2086 2318 2152 2370 ad
2182 2317 2470 2372 seditionis
2503 2321 2849 2374 societatem.
2882 2320 3194 2390 Tlieologus
3228 2338 3353 2375 vero
3392 2326 3520 2391 qui-

1947 2409 2083 2464 libet
2126 2419 2238 2473 est,
2267 2411 2485 2465 etiamsi
2560 2412 2792 2466 maculis
2838 2414 3335 2469 innumerabilibus
3382 2430 3517 2468 cons

1948 2504 2236 2558 scientiam
2269 2503 2471 2559 habent
2496 2514 2764 2558 notatam.
2796 2505 2984 2575 Itaque
3007 2506 3101 2575 qui
3140 2522 3199 2561 se
3229 2506 3378 2574 ipsos
3402 2509 3517 2562 suis

1948 2596 2163 2663 elegere
2192 2594 2495 2665 sull'ragiis,
2527 2595 2731 2664 quique
2763 2596 3023 2650 all‘ectant
3045 2598 3436 2667 principatum,
3478 2598 3518 2653 ii

1953 2689 2321 2744 Ecelesiarum
2352 2691 2703 2759 przelecturas
2735 2691 3064 2756 sortiuntur,
3100 2692 3316 2759 repulsa
3342 2685 3517 2745 sancll

1950 2780 2193 2848 Spiritus
2219 2779 2712 2847 administratione,
2753 2783 2977 2853 jamque
3003 2798 3225 2851 prorsus
3248 2785 3524 2853 evangelio

1946 2870 2027 2924 cis
2059 2869 2257 2924 ritibus
2298 2870 2363 2923 ad
2395 2869 2674 2923 sublatum
2714 2886 2901 2924 rerum
2942 2873 3199 2925 ordinem
3247 2872 3516 2932 confusis,

1948 2962 2109 3016 incll'a
2119 2962 2243 3016 bilis
2256 2963 2418 3015 estad
2436 2960 2789 3030 praefecturas
2806 2962 3039 3032 irruptio
3057 2979 3272 3017 eorum.
3288 2964 3372 3020 Me
3388 2979 3520 3019 vero

1946 3056 2111 3109 etiam
2157 3052 2292 3108 illud
2341 3052 2722 3123 propheticum
2760 3055 2964 3109 dictum
2998 3057 3288 3125 reprimit:
3321 3058 3524 3114 intelli-

275 3157 439 3220 ἐστιν,
488 3157 547 3208 ἐν
588 3147 632 3222 ᾧ
660 3156 707 3207 oi
755 3156 853 3224 μὲν
888 3152 1337 3216 ὑποσκελίζονται
1365 3153 1482 3217 νῦν,
1520 3153 1568 3205 oi
1607 3153 1662 3204 δέ
1692 3152 1845 3204 ἐνάλ-

1952 3163 2084 3216 gens
2127 3146 2180 3199 in
2236 3154 2485 3213 tempore
2548 3145 2646 3200 illo
2702 3147 2943 3206 tacebit:
2983 3164 3049 3203 eo
3102 3149 3247 3218 quod
3305 3158 3521 3220 tempus

274 3244 455 3299 λονται
502 3244 581 3315 τῷ
620 3246 859 3311 πεσόντι,
895 3246 1044 3297 ἄλλοι
1077 3244 1133 3298 δέ
1167 3244 1575 3315 ἐπικροτοῦσιν·
1623 3246 1651 3297 ὁ
1683 3245 1738 3296 δέ
1772 3244 1851 3313 τῷ

274 3335 571 3389 δκλάσαντι
607 3339 764 3405 χεῖρα
812 3335 1022 3403 ὀρέγων
1068 3335 1133 3386 ἐκ
1186 3334 1532 3403 συμπαθείας
1578 3335 1679 3387 οὐκ
1712 3334 1848 3389 ἔστι.

275 3431 383 3499 Τῆς
412 3431 530 3497 γὰρ
560 3429 780 3498 ἀγάπης
827 3429 1116 3497 ψυγεῐσης,
1152 3428 1421 3499 ἀνῄρηται
1456 3428 1556 3498 μὲν
1604 3427 1851 3495 ἀδελφῶν

275 3523 593 3591 σύμπνοιαο
650 3522 901 3591 ὁμονοίας
976 3522 1033 3574 δὲ
1103 3524 1377 3589 ἀγνοεῖται
1428 3525 1521 3576 καὶ
1580 3520 1848 3591 τοῦνομαο

274 3613 581 3686 ἀνῄρηνται
607 3613 951 3683 ἀγαπητικαὶ
973 3612 1265 3666 νουθεσίαν
1287 3611 1524 3681 οὐδαμοῦ
1549 3612 1854 3680 σπλάγχνον

278 3712 551 3778 χρηστόνο
607 3706 848 3776 οὐδαμοῦ
906 3707 1143 3777 δάκρυον
1197 3707 1503 3775 συμπαθές.
1570 3702 1853 3758 Ἐντεῦθεν

283 3804 661 3869 ἀσύγγνωστοι
694 3800 792 3870 μὲν
819 3800 915 3853 καὶ
958 3800 1144 3869 πικροὶ
1174 3800 1442 3867 κάθηνται
1480 3797 1588 3849 τῶν
1615 3796 1855 3860 ἀποτυγ-

283 3893 554 3961 χανόντων
585 3892 893 3957 ἐξετασταὶ,
917 3890 1224 3958 ἀγνώμονες
1249 3890 1305 3941 δὲ
1326 3888 1420 3942 καὶ
1439 3888 1716 3955 δυσμενεῖς
1746 3886 1853 3937 τῶν

285 3981 735 4049 κατορθουμένων
764 3980 974 4052 κριταί.
1006 4000 1024 4032 ι
1058 3980 1168 4033 Καὶ
1189 3980 1419 4049 ἀλλαχοῦ
1445 3979 1576 4047 (9.1):
1607 3996 1625 4029 ι
1654 3978 1856 4045 Γνώρι-

287 4092 361 4143 μα
391 4074 462 4127 τὰ
482 4074 733 4127 θλίϐοντά
751 4075 926 4143 ἡμᾶς,
949 4071 1049 4126 κᾶν
1067 4073 1229 4141 ἡμεῖς
1248 4074 1322 4141 μὴ
1342 4073 1606 4141 λέγωμεν.
1629 4072 1721 4132 Είς
1754 4072 1857 4121 πά-

288 4182 385 4219 σαν
408 4169 516 4237 γὰρ
544 4171 644 4236 την
668 4166 991 4235 οἰκουμένην
1020 4167 1335 4234 ἐκκέχυται.
1359 4164 1857 4232 Καταπεφρόνηται

285 4259 351 4310 τά
395 4258 505 4311 τῶν
551 4257 808 4328 Πατέρων
832 4258 1111 4325 δόγματαο
1139 4255 1491 4308 ἀποστολικαὶ
1530 4253 1857 4324 παραδόσεις

289 4348 667 4415 ἐξουθένηνται
688 4363 702 4378 ο
732 4348 1012 4415 νεωτέρων
1033 4344 1334 4410 ἀνθρώπων
1353 4344 1554 4411 ἐφευρή
1565 4359 1708 4410 ματα
1738 4344 1859 4404 ταῖς

288 4437 606 4507 ἐκκλησίαις
660 4435 1094 4506 ἐμπολιτεύεται.
1150 4435 1192 4484 Τ
1198 4430 1536 4502 εχνολογοῦσι
1566 4428 1772 4491 λοιπὸν,
1794 4432 1855 4482 οὐ

1956 3240 2157 3290 malum
2202 3246 2306 3298 est,
2356 3236 2410 3288 in
2458 3251 2568 3304 quo
2611 3236 2707 3289 alii
2735 3238 2959 3305 quidem
3018 3240 3391 3309 supplantant,
3427 3242 3519 3298 alii

1956 3345 2089 3384 vero
2129 3329 2395 3382 insultant
2432 3328 2608 3397 lapso,
2635 3329 2724 3382 alii
2770 3346 2900 3383 vero
2943 3332 3322 3400 applaudunt:
3352 3347 3519 3390 caete-

1956 3436 2076 3474 rum
2109 3422 2202 3489 qui
2252 3421 2408 3488 lapso
2441 3435 2664 3473 manum
2711 3436 2779 3474 ex
2827 3422 3205 3477 misericordia
3251 3427 3518 3496 porrigat,

1963 3510 2147 3565 nullus
2187 3520 2292 3565 est.
2339 3508 2681 3580 Refrigerata
2734 3512 2881 3565 enim
2930 3514 3174 3568 omnium
3223 3516 3518 3579 cliaritate.

1959 3603 2171 3659 sublata
2218 3613 2305 3657 est
2345 3604 2578 3657 fratrum
2631 3606 2993 3675 conspiratio,
3038 3610 3347 3663 concordia:
3390 3626 3521 3664 vero

1954 3696 2117 3751 etiam
2142 3694 2339 3750 nomen
2370 3696 2691 3764 ignoratur:
2719 3698 2950 3752 sublata:
2976 3710 3105 3753 sunt
3134 3709 3315 3754 autem
3352 3701 3520 3755 etiam

1958 3788 2145 3842 amica:
2196 3786 2599 3842 admonitiones
2633 3802 2649 3841 τ
2683 3803 2954 3859 nusquam
3000 3791 3210 3846 viscera
3260 3793 3518 3855 humana,

1958 3896 2227 3950 nusquam
2258 3881 2495 3950 lacryma
2514 3897 2580 3935 ex
2600 3883 2969 3937 condolentia.
2986 3881 3123 3939 Hinc
3148 3884 3522 3955 implacabiles

1956 3984 2012 4027 et
2076 3973 2246 4027 amari
2282 3972 2475 4027 sedent
2510 3984 2820 4028 enatorum
2858 3975 3069 4044 1017
3100 3978 3519 4041 examinatores,

1956 4064 2130 4133 iniqui
2160 4079 2290 4117 vero
2318 4072 2375 4117 et
2413 4065 2663 4119 malevoli
2720 4076 2868 4120 recte
2912 4067 3178 4121 laetorum
3220 4068 3456 4137 iudices.
3496 4088 3516 4120 ι

1956 4156 2021 4209 Et
2049 4156 2178 4209 alibi
2206 4170 2221 4208 :
2257 4172 2274 4205 r
2315 4153 2727 4210 Tribulationes
2777 4165 3000 4220 nostrm,
3031 4159 3115 4211 vel
3149 4159 3309 4212 nobis
3341 4167 3523 4214 tacen-

1957 4248 2123 4310 tibus,
2152 4246 2309 4301 vobis
2339 4257 2467 4300 sunt
2498 4247 2749 4315 cognitre,
2781 4256 2840 4301 ut
2871 4263 2994 4316 quzc
3027 4248 3081 4301 in
3120 4256 3297 4302 totum
3330 4249 3519 4303 orbem

1958 4348 2090 4394 sunt
2144 4339 2456 4408 involgata).
2499 4338 2724 4392 Patrum
2778 4338 3029 4408 dognmta
3072 4348 3518 4403 contemnuntur,

1960 4430 2277 4502 apostolicae
2327 4428 2657 4483 traditiones
2707 4429 2862 4483 nullo
2935 4444 3167 4483 numero
3225 4431 3518 4492 habentur,

291 4528 651 4595 θεολογοῦσιν,
690 4528 740 4579 οξ
795 4528 1094 4594 ἄνθρωποι.
1147 4526 1406 4590 Ποιςιένες
1437 4521 1849 4575 ἀπελαύνονται·

1959 4523 2330 4578 recentiorum
2367 4524 2588 4577 inventa
2638 4522 2690 4575 in
2729 4522 2978 4576 ecclesiis
3007 4524 3378 4577 dominantur.
3414 4517 3522 4576 llo-

291 4620 701 4684 ἁντεισάγονται
773 4618 831 4669 δὲ
891 4616 1044 4670 λύκοι
1115 4618 1341 4686 βαρεῖς,
1405 4615 1739 4676 διασπῶντες
1801 4613 1864 4666 τὺ

296 4711 549 4780 ποίμνιον
578 4709 672 4762 τοῦ
703 4707 960 4778 Χριστοῦ.
1003 4706 1155 4762 Οἷκοι
1203 4708 1488 4778 εύκτήριοι
1520 4709 1717 4778 ἔρημοι
1756 4704 1864 4758 τῶν

295 4802 765 4870 ἐκκλησιαζόντων
788 4816 802 4831 ·
837 4803 891 4855 al
922 4801 1145 4870 ἐρημίαι
1193 4802 1420 4868 πλήρεις
1466 4800 1571 4851 τῶν
1602 4797 1864 4867 ὀδυρομέ-

298 4912 428 4950 νων.
470 4914 488 4946 ›
527 4896 637 4947 Καὶ
684 4893 919 4963 ἀλλαχοῦ
953 4894 1067 4962 (τε)
1089 4907 1103 4921 ⁶
1136 4911 1155 4944 ι
1192 4892 1258 4945 Ol
1303 4890 1740 4952 ἀνταποδιδόντες
1771 4905 1864 4955 μοι

297 4986 508 5057 πονηρὰ
536 4986 659 5038 ἀντὶ
685 4985 905 5052 ἀγαθῶν
937 4986 1029 5037 καὶ
1064 4987 1221 5053 μῖσος
1252 4982 1374 5035 ἀντὶ
1398 4984 1492 5050 τῆς
1526 4967 1856 5049 ἀγαπήσεως

301 5087 405 5140 μου
437 5073 535 5141 τῆς
558 5075 640 5136 εἰς
665 5072 860 5134 αὐτοὺς
902 5070 1245 5123 διαδάλλουσί
1280 5085 1345 5139 με
1368 5066 1460 5119 νῦν
1490 5066 1577 5120 ἐπ’
1605 5068 1856 5130 ἐκείνοις,

296 5166 375 5225 εἰς
406 5162 442 5215 ἃ
467 5164 624 5217 αὐτοὶ
662 5163 1005 5233 εὑρίσκονται
1051 5162 1365 5229 ἐγγράφους
1397 5159 1682 5230 ὁμολογίας
1712 5160 1864 5210 ἐκτι-

298 5254 539 5320 θέμενοι.
596 5274 615 5308 ι
660 5254 774 5310 Καὶ
822 5254 986 5309 πάλιν
1030 5254 1177 5325 (25)·
1244 5270 1263 5303 ι
1313 5252 1567 5315 Ἰινοιξαν
1620 5251 1865 5320 στόματά

300 5360 448 5409 τινες
495 5348 637 5402 κατὰ
664 5347 775 5401 τῶν
811 5344 1117 5416 ὁμοδούλων
1175 5343 1441 5414 ἀφειδῶς·
1504 5343 1746 5396 λαλεῖται
1806 5343 1867 5395 τὸ

300 5436 497 5504 ψεῦδος
527 5438 743 5509 ἀφόϐως
769 5455 785 5470 ’
824 5440 858 5508 ὴ
888 5437 1118 5507 ἀλήθεια
1161 5437 1629 5506 συγκεκάλυπται.
1679 5436 1788 5487 Καὶ
1818 5436 1864 5487 οί

1963 4613 2141 4667 mines
2172 4613 2229 4667 in
2257 4621 2536 4683 posterum
2562 4610 2857 4665 artilleiosc
2883 4612 3187 4680 disputant,
3218 4626 3323 4666 non
3366 4614 3524 4669 theo-

1961 4705 2118 4774 logos
2147 4714 2337 4774 agunt.
2366 4705 2617 4758 Pastores
2641 4703 2957 4771 abiguntur,
2993 4704 3104 4772 lupi
3135 4717 3328 4773 graves
3354 4702 3527 4756 intro-

1964 4799 2267 4859 ducantur,
2301 4797 2393 4864 qui
2442 4794 2644 4851 Christi
2680 4808 2899 4863 gregem
2930 4793 3275 4862 discerpunt.
3327 4795 3526 4846 Domus

1963 4887 2213 4940 oratoria:
2244 4884 2577 4939 deseruntur
2604 4884 2671 4937 ab
2704 4881 3083 4937 ecclesiastico
3124 4890 3268 4936 ercto
3296 4898 3310 4933 :
3336 4881 3526 4935 solitua

1966 4977 2123 5031 dines
2168 4975 2384 5030 referta:
2436 4984 2568 5029 sunt
2598 4974 2963 5043 plorantibus.
2996 4992 3015 5022 ι
3044 4972 3111 5026 Ει
3151 4972 3315 5026 alibi:
3361 4990 3379 5019 ι
3420 4970 3523 5035 Qui

1965 5067 2107 5120 mala
2147 5067 2279 5119 mihi
2331 5064 2695 5120 reddiderunt
2738 5080 2840 5134 pro
2893 5063 3054 5118 bonis
3100 5073 3158 5116 et
3200 5061 3385 5115 odium
3427 5072 3527 5128 pro

1964 5157 2260 5231 dilectione
2296 5172 2437 5221 mea,
2471 5172 2579 5226 qua
2627 5171 2725 5210 eos
2750 5165 3078 5226 prosecutus
3116 5169 3260 5217 sum,
3285 5152 3395 5221 jam
3438 5165 3527 5203 me

1966 5246 2380 5303 calumniantur
2426 5260 2618 5301 eorum
2652 5245 2860 5313 gratia,
2892 5258 3013 5312 qua:
3065 5241 3167 5309 ipsi
3220 5236 3527 5307 deprehen-

1968 5340 2180 5393 duntur
2228 5336 2433 5408 scripto
2481 5337 2645 5391 editis
2698 5333 3145 5389 confessionibus
3172 5329 3522 5400 approbasse.

1965 5432 2195 5488 Temere
2231 5430 2473 5485 nonnulli
2528 5444 2623 5483 ora
2664 5444 2761 5481 sua
2796 5428 3060 5483 adversus
3090 5435 3388 5479 conservos
3439 5435 3527 5472 rc-

1638 5552 1969 5614 Variorum
2017 5557 2207 5610 notae.

376 5658 485 5727 (20)
516 5654 777 5713 Seuarins
802 5658 1089 5721 iambicus,
1116 5653 1368 5720 alicuius,
1398 5660 1456 5706 ut
1479 5651 1694 5722 opinor,
1722 5666 1853 5721 poe-

307 5738 372 5783 tae
401 5730 605 5797 tragici.
647 5730 860 5783 Borvm.

379 5800 459 5870 (ﬁl
472 5792 661 5868 [Idem
686 5799 850 5853 Basil.
878 5798 1149 5869 episcopis
1185 5794 1515 5850 Occidentis.
1543 5792 1749 5847 Bon‘ts.

630 5892 899 5953 PA'IBOL.
935 5892 1049 5953 Gtt.
1092 5887 1385 5950 CXLVIII

2038 5648 2148 5715 (2;!)
2186 5646 2328 5699 idem
2367 5643 2662 5699 Evzeseuis.
2700 5644 2909 5715 Doti-ix.

2041 5714 2151 5787 (23)
2184 5716 2329 5771 Idem
2364 5717 2640 5769 monachis
2671 5716 2803 5770 suis.
2837 5714 3038 5766 Boms.
