4046 6248
577 359 710 423 1295
856 356 930 425 [Α.
976 376 1028 412 ιι.
1068 358 1228 425 6839,
1266 378 1369 418 me.
1411 360 1492 433 4]]

1775 365 2192 429 NICEPIIOBI
2235 366 2619 430 GREGORE

2931 364 3067 439 [tam
3105 383 3148 423 ι.
3184 382 3475 423 cax‘rACt'z.
3514 367 3570 439 5]

3684 373 3802 436 1208

575 480 756 533 statim
820 491 1221 549 persecutores,
1268 484 1448 552 posito
1497 485 1645 539 omni
1704 490 2052 555 metu,quasi
2081 501 2144 539 ex

2251 489 2460 539 ἐκεῖνον
2491 490 2651 553 εὐθὺς
2680 493 2770 543 καὶ
2805 490 3000 559 φόϐους
3034 490 3283 555 ἅπαντας
3312 494 3357 545 οἱ
3391 493 3616 546 διῶκται
3643 493 3803 563 ψυχῆς

570 572 862 641 naufragio
890 584 944 627 ct
988 582 1309 643 tempestate
1334 586 1530 646 prazter
1558 593 1707 646 spem
1737 594 1955 633 omnem
1990 579 2142 633 inco~

570 667 745 739 tumes
780 667 1008 731 servati,
1065 669 1310 738 jucunde
1359 670 1656 739 respirare,
1698 682 1755 727 ct
1785 671 2021 742 quadam
2052 688 2142 727 ve-

566 757 664 811 luti
728 758 999 814 libertatis
1053 775 1187 814 aura
1242 764 1498 817 recreari.
1542 763 1680 818 Tum
1711 781 1776 819 ex
1808 780 1874 819 eo
1894 766 2005 836 jam
2040 766 2144 818 l'rc-

566 851 829 915 queutius
888 852 980 905 diu
1019 862 1317 923 noctuque.
1368 857 1602 923 prarside
1647 857 1997 926 imperatore,
2030 856 2140 927 pri-

565 942 730 995 vatim
756 955 812 996 et
837 946 954 997 sine
1001 945 1163 998 nobis
1217 946 1449 1001 concilia
1484 947 1770 1014 habentes,
1796 949 1933 1003 nihil
1964 948 2140 1020 negli-

564 1050 714 1101 gere,
744 1051 854 1104 quo
880 1051 981 1091 nos
1017 1038 1177 1093 factis
1208 1037 1481 1108 dictisque
1512 1039 1750 1095 violatos
1797 1051 2136 1112 oppugnent.

564 1128 642 1181 Ae
671 1129 912 1197 primum
971 1128 1048 1183 illi
1105 1131 1159 1183 in
1218 1129 1286 1185 iis
1320 1133 1572 1189 conciliis
1622 1132 1766 1187 inter
1812 1148 1871 1189 se
1903 1142 2136 1198 certant,

566 1233 690 1270 cum
723 1219 919 1287 plausu
973 1228 1029 1274 et
1065 1220 1181 1274 risu
1243 1230 1555 1286 narrantes,
1589 1223 1714 1292 quis
1751 1223 1909 1292 plura
1955 1223 2010 1277 in
2039 1237 2141 1278 nos

566 1312 809 1364 convitia
848 1312 1091 1374 finierit;
1146 1312 1273 1366 item
1314 1314 1441 1383 quis
1481 1312 1742 1383 pauciora
1768 1314 2016 1383 quidem,
2043 1314 2139 1369 sed

565 1402 815 1467 acriora;
853 1411 966 1456 tum
1000 1403 1127 1473 quis
1166 1420 1292 1459 sero
1330 1415 1387 1460 et
1439 1419 1560 1474 post
1607 1406 1766 1468 alios,
1795 1406 1890 1460 sed
1936 1421 2142 1476 oppor-

568 1494 794 1558 tunius;
847 1494 1013 1563 idque
1076 1510 1289 1550 summa
1321 1496 1490 1550 animi
1529 1496 1866 1565 impudentia
1904 1506 2141 1555 etscur-

566 1582 650 1634 rtli
694 1584 897 1652 lingua:
931 1586 1264 1651 procacitate
1299 1603 1313 1639 :
1360 1600 1460 1641 nec
1490 1587 1735 1655 sacrilegi
1772 1587 1849 1641 illi
1881 1597 2144 1644 verentur

566 1676 973 1731 erubescuntve
1004 1677 1072 1733 dc
1096 1678 1165 1733 iis
1205 1680 1369 1733 rebus
1397 1679 1640 1749 gloriari,
1670 1695 1902 1749 quarum
1930 1682 2141 1750 pudore

565 1768 710 1836 ipsos
735 1769 1026 1838 oportebat
1075 1774 1252 1840 capite
1299 1771 1558 1825 obvoluto
1606 1774 1796 1827 latere.
1830 1774 2001 1827 Porro
2039 1774 2142 1829 hoc

2247 581 2786 651 ἀποσκευασάμενος,
2821 584 3073 655 καθάπερ
3097 586 3161 638 ἐκ
3190 585 3452 653 ναυαγίου
3492 587 3585 638 καὶ
3616 586 3807 638 κλύδωο

2248 689 2336 735 νος
2365 672 2494 743 παρ’
2524 674 2749 738 ἐλπίδας
2791 674 3166 738 ἀνασωθέντες
3200 677 3443 741 ἁπάσας,
3482 675 3809 729 ἀνεπςπνεύ-

2248 782 2413 819 κεσαν
2442 767 2584 831 τέως
2611 767 2709 837 ἡδύ
2744 786 2795 821 τι
2833 770 2928 823 καὶ
2968 768 3317 838 ἐλευθέριον·
3353 771 3447 823 καὶ
3496 771 3809 840 συχνότεριν

2244 856 2461 927 νύκτωρ
2503 861 2596 912 καὶ
2635 860 2754 928 μεθ’
2785 864 2996 932 ἡμέραν
3022 864 3121 934 ἤδη
3155 862 3345 917 λοιπὸν
3369 863 3621 933 συνέδρια
3646 864 3808 933 δρῶν-

2243 965 2335 1003 τες
2367 949 2472 1003 ὐπὸ
2504 950 2715 1021 βασιλεί
2749 958 2840 1007 καὶ
2878 955 2984 1023 ἰδία
3025 957 3117 1007 καὶ
3147 956 3278 1008 ἄνευ
3312 954 3473 1025 ἡμῶν
3506 957 3615 1009 πᾶν
3645 960 3809 1008 ποιεῖν

2244 1041 2340 1091 καὶ
2393 1040 2575 1108 λέγειν
2628 1043 2748 1095 καθ’
2796 1042 2955 1115 ἡμῶν
2985 1046 3087 1098 οὐκ
3136 1046 3402 1115 ἠμέλουν.
3463 1045 3550 1099 Ἐν
3596 1046 3653 1098 δὲ
3705 1048 3808 1109 τοῖς

2243 1129 2505 1194 τοιούτοις
2542 1131 2965 1204 διημιλλήσαντο
3011 1134 3150 1206 πρὸς
3197 1132 3463 1204 ἀλλήλους
3496 1134 3566 1188 τὰ
3598 1135 3805 1204 πρῶτα,

2243 1224 2390 1285 ὅστις
2421 1243 2477 1279 τε
2529 1224 2653 1279 καθ’
2699 1225 2859 1296 ἡμῶν
2895 1226 3109 1287 πλείους
3143 1228 3323 1295 ἀφῆκε
3367 1226 3638 1297 λοιδορίας
3680 1230 3812 1296 ἀφη-

2243 1318 2501 1385 γούμενοι
2542 1320 2639 1371 σὺν
2668 1319 2848 1389 κρότῳ
2886 1319 2981 1372 καὶ
3020 1321 3260 1386 γέλωτι·
3302 1322 3396 1372 καὶ
3427 1320 3578 1383 ὅστις
3624 1320 3809 1391 ἥττους

2246 1413 2367 1481 μὲν,
2420 1412 2756 1485 δριμυτέρας
2804 1412 2898 1466 δέ·
2949 1413 3046 1466 καὶ
3100 1414 3172 1467 αὐ
3219 1413 3367 1476 ὅστις
3420 1412 3651 1484 ὕστερον
3697 1414 3810 1481 μὲν,

2245 1503 2605 1576 καιριώτερω
2643 1507 2700 1561 δέ
2720 1521 2736 1538 ·
2772 1506 2867 1560 καὶ
2907 1507 3053 1577 μάλα
3080 1506 3144 1573 γί
3169 1523 3252 1559 τοι
3282 1509 3379 1561 σὺν
3409 1505 3808 1579 ἀσελγαινούσῃ

2243 1596 2436 1669 γνώμῃ
2488 1599 2581 1651 καὶ
2628 1598 3018 1672 βωμολοχούσῃ
3065 1598 3305 1670 γλώττῃ,
3341 1601 3409 1668 trp
3451 1592 3533 1661 οἷς
3584 1598 3815 1667 ἐγκαλύ-

2246 1692 2476 1745 πτεσθαι
2502 1692 2631 1756 ἔδει,
2661 1692 2875 1755 τούτοις
2920 1692 3426 1761 ἐγκαλλωπίζεσθαι
3456 1692 3509 1745 οί
3541 1692 3814 1762 θεομισεῐς

2244 1784 2345 1836 οὐκ
2414 1783 2766 1853 αἰδούμενοι,
2822 1784 2932 1837 οὐδ’
2993 1782 3400 1855 ὲρυθριῶντες·
3456 1783 3578 1839 ἀλλ’
3636 1784 3814 1852 ὅμοιον

563 1859 602 1912 ii
634 1860 880 1915 Dioscori
933 1877 1085 1916 more
1141 1863 1368 1924 faciunt.
1414 1864 1568 1933 impii
1620 1865 1768 1919 illius
1802 1866 2142 1923 Alexandria:

2247 1876 2526 1941 ποιοῦντές
2549 1880 2600 1946 γ’
2626 1879 2818 1948 ἐκείνῳ
2835 1879 2914 1949 τῷ
2945 1861 3242 1949 Ᾰιοσκόρῳ,
3268 1878 3346 1949 τῷ
3371 1878 3631 1933 δυσσεϐεῖ
3656 1878 3813 1949 προέ-

562 1955 834 2022 przesulis,
899 1956 994 2023 qui
1055 1956 1107 2008 in
1166 1956 1400 2011 concilio
1461 1958 1887 2026 episcoporum,
1934 1957 2134 2025 Ephesi

562 2046 690 2098 olim
724 2056 1199 2117 congregatorum,
1230 2048 1412 2102 occiso
1435 2059 1629 2117 praeter
1658 2048 1794 2103 alios
1828 2051 2140 2118 complures

562 2143 873 2209 patriarcha
921 2143 1040 2210 ipso
1094 2141 1374 2205 Flaviano,
1403 2144 1471 2195 de
1506 2142 1718 2212 1022
1747 2158 1810 2197 ea
1843 2143 1991 2199 caede
2019 2160 2133 2197 autc

565 2233 767 2286 bitiose
793 2243 857 2288 et
884 2232 1002 2302 ipse
1047 2241 1307 2302 tanquam
1345 2233 1412 2288 de
1448 2236 1666 2302 egregia
1700 2234 1879 2303 aliqua
1910 2236 2136 2290 victoria

564 2325 926 2394 gloriabatur,
953 2325 1240 2395 antiquum
1274 2325 1545 2381 Neronem
1580 2326 1847 2391 imitatus,
1880 2326 2135 2381 tibiarum

563 2417 846 2488 cautibuy
876 2429 933 2470 et
984 2415 1246 2485 tripudiis
1299 2416 1623 2487 gloriantem
1648 2458 1661 2482 ,
1721 2418 1922 2487 quibus
1958 2419 2045 2472 ille
2082 2419 2138 2472 in

564 2509 685 2576 ipso
718 2521 976 2579 suggestu
1009 2511 1131 2563 solii
1188 2508 1553 2579 imperatorii,
1586 2510 1959 2567 assidentibus
1988 2524 2141 2566 rete-

565 2603 643 2651 ris
674 2599 855 2653 Ronne
903 2600 1148 2667 patriciis
1189 2609 1247 2654 et
1287 2601 1578 2655 senatoriis
1612 2602 1765 2667 viris,
1797 2619 1897 2657 nec
1926 2603 1993 2657 iis
2022 2602 2143 2673 qui-

566 2694 687 2746 dem
713 2694 1001 2747 admodum
1038 2694 1367 2757 volentibus,
1397 2696 1464 2749 de
1490 2705 1649 2751 nocte
1680 2698 2031 2765 operabatur.

634 2870 701 2925 ll.
731 2871 850 2925 Pari
881 2873 1043 2926 modo
1070 2873 1385 2929 venerabile
1434 2874 1566 2929 illud
1604 2876 1987 2946 episcoporum
2020 2881 2139 2934 col-

567 2964 791 3033 legium,
828 2965 1029 3018 nostris
1077 2965 1484 3021 calamitatibus
1517 2968 1669 3021 velut
1715 2969 1948 3036 saltatis,
1985 2973 2141 3025 Pala-

566 3072 668 3109 ma’
693 3066 747 3109 et
779 3056 883 3111 sibi
915 3057 1150 3111 invicem
1191 3060 1450 3130 deinceps
1474 3061 1611 3115 hrsxe
1659 3064 1877 3131 pietatis
1909 3066 2141 3121 crimina

565 3150 979 3213 condonabam;
1018 3150 1127 3203 imo
1158 3165 1220 3203 ea
1259 3151 1327 3206 ab
1369 3152 1478 3205 illis
1513 3154 1653 3208 facta
1680 3156 1881 3211 eximia
1909 3166 1964 3211 et
1997 3173 2141 3212 vera:

567 3240 851 3310 religionis
882 3241 1135 3309 dogmata
1189 3245 1626 3313 appellabantur.
1656 3249 1833 3319 Atque
1870 3252 2002 3321 ipsis
2027 3262 2136 3306 sta-
2166 3237 2208 3291 (ἶ

568 3333 663 3385 lim
730 3334 926 3388 salaria
960 3346 1015 3388 et
1074 3338 1315 3405 prauuia,
1380 3354 1476 3406 pro
1524 3341 1790 3411 cujusque
1850 3343 2136 3413 dignitate,

568 3429 714 3482 datis
740 3445 805 3483 ex
834 3430 1186 3499 imperatorio
1221 3433 1435 3500 tripode
1469 3438 1770 3503 responsis.
1796 3440 2143 3494 constituun-

570 3533 659 3572 tur
685 3537 700 3582 ;
740 3524 1098 3589 pecuniarum
1127 3526 1343 3579 scilicet
1373 3526 1714 3596 largitiones,
1755 3540 1810 3584 et
1836 3532 2049 3587 reditus
2075 3549 2143 3588 ex

567 3611 787 3678 pnediis
849 3614 1234 3685 percipiendi:
1280 3632 1344 3673 ac
1403 3634 1492 3674 res
1545 3624 2004 3681 monasteriorum
2035 3626 2142 3681 fre-

567 3705 1060 3773 quentissimorum
1108 3708 1362 3764 locantur
1421 3713 1756 3780 hominibus,
1796 3716 2145 3788 imperitissi-

570 3795 673 3848 mis
704 3796 1004 3865 plerisque,
1028 3806 1083 3850 et
1113 3800 1250 3852 nihil
1280 3802 1384 3855 nisi
1417 3805 1703 3871 pecuniam
1735 3806 1919 3863 facere
1943 3812 2139 3867 doctis:

569 3886 759 3939 itidem
801 3887 915 3941 fere
968 3900 1022 3942 ut
1083 3889 1209 3943 olim
1260 3893 1526 3946 nobilium
1557 3906 1612 3949 ct
1640 3900 1898 3953 senatorii
1935 3901 2142 3957 ordinis

568 3979 773 4032 civium
842 3979 1213 4036 Romanorum
1288 3988 1651 4055 sanguinaria:
1712 3995 2144 4062 proscriptiones

570 4070 725 4153 taetre
775 4082 922 4137 sunt,
975 4075 1212 4142 primum
1247 4091 1277 4129 a
1314 4076 1570 4134 Cornelio
1622 4080 1789 4153 Sylla,
1824 4086 2025 4143 deinde
2073 4090 2143 4145 ab

570 4143 837 4226 Antonio,
874 4166 968 4235 qui
1007 4181 1277 4222 summam
1314 4143 1964 4245 potestatem'tyrranice
1996 4180 2145 4236 iuva-

571 4266 791 4323 scrant;
827 4258 929 4312 nisi
960 4260 1103 4329 quod
1136 4261 1211 4314 illi
1251 4271 1309 4315 ut
1354 4264 1494 4317 bona
1541 4266 1931 4335 diriperentae
1963 4271 2146 4327 distri-

567 4352 824 4419 buerent,
861 4370 1152 4424 corporum
1184 4356 1565 4413 interfectores
1592 4362 1887 4430 exstitere;
1915 4363 1968 4418 hi
2014 4379 2143 4431 vero

570 4445 857 4499 anianalms
903 4448 1064 4511 sinntl
1098 4456 1153 4501 et
1184 4450 1508 4519 corporibus
1539 4454 1765 4507 exitium
1797 4456 2102 4511 moliuntur
2123 4498 2139 4522 ,

571 4539 861 4591 animabus
884 4539 1103 4607 quidem
1152 4543 1288 4605 suis,
1322 4542 1524 4609 quibus
1547 4546 1807 4612 prodesse
1833 4586 1849 4610 ,
1885 4552 2137 4619 corpori-
2173 4577 2217 4632 ι)

567 4628 671 4681 bus
697 4639 877 4683 autem
905 4632 1117 4698 alienis,
1144 4634 1341 4701 quibus
1372 4649 1571 4691 nocere
1605 4642 1962 4697 contendunt.

640 4811 728 4865 ιιι.
790 4810 1215 4871 Distributiones
1264 4815 1463 4872 deinde
1538 4834 1824 4889 pinnarum
1886 4826 2022 4882 alias
2076 4844 2141 4886 ex

569 4904 691 4957 aliis
724 4915 990 4974 perpetuo
1044 4907 1097 4960 in
1161 4920 1262 4962 nos
1309 4909 2138 4983 deeernunt,quemadmodum

567 4999 711 5061 apud
769 5006 980 5053 veteres
1033 4999 1307 5055 Retnanos
1366 5002 1418 5056 in
1476 5007 1713 5061 comitiis
1774 5008 1977 5077 ﬁebat;
2030 5016 2136 5070 nisi

567 5087 709 5154 quod
771 5088 879 5142 illis
920 5092 1137 5144 comitia
1206 5092 1536 5149 habentibus
1581 5097 1821 5154 honores
1848 5103 2144 5183 4311023
2172 5102 2209 5133 ⁸

566 5177 787 5241 [ιτιιτιιιὶιι
824 5181 1271 5246 ιιινιυειιιηιίδεὶηιο
1314 5184 1511 5253 cuique
1546 5185 2021 5261 decernebantur;
2056 5177 2141 5254 but

566 5279 718 5327 vero,
754 5282 861 5320 non
896 5270 1072 5323 solum
1105 5274 1155 5325 in
1194 5275 1367 5337 vivos,
1400 5274 1493 5329 sed
1515 5284 1569 5330 et
1600 5276 1655 5331 in
1682 5278 1826 5346 ipsos
1851 5280 1962 5351 jam
1987 5286 2142 5340 deni-

566 5374 668 5424 que
701 5369 964 5425 mortuos,
989 5367 1267 5432 grassandi
1320 5381 1496 5421 cause
1530 5379 1585 5424 et
1622 5374 1861 5429 rationes
1890 5386 2138 5435 statuun-

566 5459 667 5500 iur.
701 5450 837 5503 Nam
898 5468 993 5507 eos
1024 5458 1185 5508 etiam
1221 5458 1288 5513 de
1318 5460 1487 5529 gradu
1522 5462 1788 5533 dejieiunt
1818 5476 1873 5521 et
1905 5472 2135 5527 anathe-

2241 1969 2353 2041 δρῳ
2406 1970 2511 2040 τῆς
2578 1970 3026 2040 Ἀλεξανδρείας·
3066 1972 3126 2037 ὃς
3181 1973 3320 2042 μετὰ
3370 1973 3431 2025 τὸ
3493 1971 3716 2036 πλείους
3758 1986 3813 2023 τε

2241 2062 2435 2126 ἄλλους
2470 2063 2568 2117 καὶ
2614 2063 2913 2117 Φλασιανὸν
2963 2064 3078 2134 ι28)
3125 2067 3520 2135 πεφονευκέναι
3577 2064 3674 2119 τδν
3719 2080 3819 2120 τωρ

2242 2156 2515 2226 τριάρχην
2570 2157 2630 2209 ἐν
2681 2159 2748 2226 τῇ
2799 2156 2923 2209 κατ’
2958 2157 3193 2226 Ἔφεσον
3250 2157 3610 2228 ἀθροισθείσῃ
3653 2158 3817 2211 πάλαι

2244 2251 2450 2320 συνόδῳ
2505 2250 2613 2305 τῶν
2667 2251 2982 2304 ἐπισκόπων
3039 2252 3519 2305 ἐνεκαλλωπίσατο
3570 2253 3814 2314 κακεῖνος

2241 2344 2436 2411 ἐκείνῳ
2467 2342 2545 2418 τῷ
2578 2342 2747 2413 φόνῳ.
2783 2342 3040 2413 καθάπερ
3072 2343 3168 2398 ἐπὶ
3210 2343 3437 2415 μεγάλῳ
3482 2345 3596 2397 τινὶ
3630 2359 3817 2415 προτε-

2242 2437 2474 2505 ρήματι,
2505 2436 2595 2489 τὸν
2649 2437 2817 2491 πάλαι
2866 2436 3095 2506 Νέρωνα
3130 2438 3539 2507 μιμησάμενος,
3588 2438 3699 2499 τοῖς
3738 2436 3813 2487 οξ.

2244 2530 2410 2591 κείοις
2443 2529 2724 2599 αὐλήμασι
2755 2546 2814 2582 τε
2838 2531 2930 2582 καὶ
2962 2531 3273 2601 όρχήμασιν
3306 2527 3753 2599 ἐγωυχὼμενον,
3781 2525 3817 2582 ἃ

2241 2620 2361 2677 ταῖς
2394 2617 2545 2683 νυξὶν
2571 2619 2818 2672 ἐπετέλει
2842 2619 2921 2691 τῷ
2954 2619 3217 2690 βασιλικῷ
3243 2620 3471 2690 βήματι,
3503 2622 3627 2673 ἐκεῖ
3653 2618 3813 2686 atan-

2245 2713 2423 2781 μένων
2446 2712 2557 2765 τῶν
2576 2713 2676 2780 τῆς
2713 2712 2882 2766 πάλαι
2923 2710 3145 2783 Ῥώμης
3172 2710 3519 2782 εὐπατριδῶν
3568 2711 3666 2764 καὶ
3694 2725 3815 2777 συγ-

2244 2800 2523 2868 κλητικῶν
2546 2802 2607 2853 οὐ
2640 2801 2785 2870 μάλα
2816 2800 3075 2853 ἑκόντων.

2315 2894 2391 2947 B'.
2424 2892 2585 2947 Οὐτω
2613 2893 2791 2946 τοίνυν
2825 2891 2921 2946 καὶ
2944 2894 2977 2962 ἡ
3009 2889 3181 2963 σεμνὴ
3201 2890 3310 2944 τῶν
3338 2890 3664 2945 ἐπισκόπων
3686 2890 3809 2959 αὕτη

2243 2988 2469 3059 φατρία,
2506 2988 2631 3050 τοὺς
2662 2986 2820 3055 ἡμῶν
2852 2986 3129 3057 διωγμοὺς
3174 2985 3557 3056 ὀρχησαμένη,
3594 2985 3674 3056 τῷ
3715 2984 3813 3037 [11-

2243 3075 2393 3143 λαμᾷ
2421 3077 2515 3131 καὶ
2547 3074 2797 3146 ἀλλήλοις
2820 3074 3162 3146 συνεχώρουν
3184 3074 3314 3145 ἑξῆς
3342 3077 3411 3129 τα
3438 3077 3541 3144 τῆς
3568 3076 3811 3138 ἀσεεείας

2244 3168 2590 3240 ἐγκλήματα,
2624 3170 3019 3239 προτερήματα
3049 3168 3254 3247 μᾶλλον
3300 3168 3442 3223 αὐτὰ
3492 3167 3810 3239 προσειπόν-

2244 3280 2335 3325 τες
2363 3263 2456 3316 καὶ
2497 3263 2742 3332 δόγματα
2775 3261 3081 3325 εὐσεϐείας,
3120 3265 3216 3333 τῆς
3271 3262 3629 3331 ἀντιμισθίας
3664 3261 3809 3324 εὐθὺς

2244 3357 2519 3427 ἑπομένης
2573 3358 2759 3421 αὐτοῖς
2791 3357 3069 3424 ἀναλόγως
3118 3356 3214 3410 καὶ
3259 3356 3368 3409 τῶν
3400 3356 3681 3419 ἐπάθλων,
3732 3355 3810 3409 διὰ

2243 3446 2354 3501 τῶν
2401 3448 2465 3499 ἐκ
2495 3446 2777 3516 βασιλικοῦ
2808 3446 3061 3517 τρίποδος
3091 3445 3502 3515 θεσπισμάτων.
3556 3447 3810 3514 ,διανομαὶ

2245 3533 2415 3587 ταῦτα
2451 3535 2753 3605 χρημάτων
2773 3538 2879 3587 ’καὶ
2920 3538 3215 3605 κτημάτων
3247 3534 3503 3603 πρόσοδοι
3533 3537 3633 3589 καὶ
3662 3534 3812 3604 ίερῶν

2246 3627 2679 3698 φροντιστηρίων
2742 3627 3188 3698 πολυανθρώπων
3239 3627 3485 3690 ἐκδόσεις
3543 3631 3682 3699 τερος
3730 3628 3811 3680 ἁν-

2245 3721 2497 3787 θρὼπους
2531 3720 2947 3790 ἀμαθεστάτους
2981 3721 3056 3781 ὡς
3093 3719 3163 3774 τὰ
3195 3719 3387 3787 πολλὰ,
3417 3721 3515 3774 καὶ
3556 3721 3696 3790 πλὴν
3725 3718 3807 3771 τοῦ

2170 3866 2173 3871 λ
2243 3814 2683 3883 χρηματίζεσθαι
2730 3814 2892 3869 πλέον
2930 3817 3138 3881 εἰδότας
3184 3820 3370 3873 οὐδέν·
3417 3819 3809 3890 παραπλησίως

2244 3905 2432 3974 ὥσπερ
2455 3906 2553 3971 τὰς
2585 3908 2814 3975 φονικὰς
2839 3910 3168 3979 προγραφὰς
3197 3910 3307 3964 τῶν
3334 3909 3506 3963 πάλαι
3539 3911 3640 3981 τῆς
3683 3908 3807 3961 Ῥώ-

2248 4014 2356 4067 μης
2385 3995 2470 4068 [Ρ.
2496 3997 2624 4070 643]
2674 4000 3018 4069 εὐπατριδῶν
3066 4002 3159 4055 καὶ
3200 4000 3584 4074 συγκλητικῶν
3617 4003 3804 4063 Σύλλας

2249 4092 2347 4156 μὲν
2412 4088 2704 4159 Κορνήλιος
2745 4091 3052 4161 πρότερον,
3118 4092 3407 4156 ’Δντώνιος
3461 4092 3507 4146 δ’
3569 4092 3803 4162 ὕστερον,

2244 4168 2718 4252 τυραννικώτερον
2763 4185 2828 4254 τῇ
2884 4183 3106 4254 ἔξουσίᾳ
3156 4184 3629 4255 ἐπιπηδήσαντες·
3678 4181 3804 4251 πλὴν

2245 4273 2327 4327 ὅτι
2360 4275 2587 4338 ἐκείνοις
2615 4278 2714 4343 μὲν
2750 4277 3021 4345 σωμάτων
3068 4275 3316 4346 γίνεσθαι
3367 4281 3653 4347 φονευταῐς
3697 4279 3805 4344 ἔγε-

2244 4366 2393 4434 γόνει
2419 4365 2506 4419 διὰ
2541 4365 2645 4439 τὴν
2671 4368 2779 4421 τῶν
2814 4370 3059 4438 κτήσεων
3089 4369 3349 4438 ἁρπαγὴν
3375 4371 3468 4423 καὶ
3508 4371 3765 4441 διανομήν
3785 4383 3798 4397 ·

2245 4457 2457 4522 τούτοις
2486 4458 2542 4512 δὲ
2572 4460 2761 4530 ψυχῶν
2801 4458 2938 4532 ὁμοῦ
2969 4461 3065 4514 καὶ
3112 4464 3382 4533 σωμάτων
3418 4465 3644 4536 ὄλεθρος
3672 4463 3800 4524 ἄπας

2246 4550 2733 4621 ἐπραγματεύετο·
2778 4552 2967 4625 ψυχῶν
3007 4554 3110 4624 μὲν
3159 4557 3270 4611 τῶν
3326 4558 3494 4624 ἰδίων,
3558 4558 3693 4627 ὑπὲρ
3734 4551 3798 4608 ὧν

2243 4636 2534 4714 ἠπείγοντο
2559 4664 2573 4680 ·
2633 4647 2903 4716 σωμάτιον
2944 4648 3001 4701 δὲ
3053 4650 3161 4704 τῶν
3201 4651 3535 4722 ἀλλοτρίων,
3589 4648 3706 4705 καθ’
3731 4643 3796 4703 ὧν

2241 4741 2346 4809 ὴπε
2357 4740 2551 4805 ίγοντο.

2310 4833 2350 4884 Γ
2352 4840 2385 4887 ’.
2432 4834 2662 4888 Ἔπειτα
2695 4834 3023 4906 ύηφίζονται
3078 4838 3203 4892 καθ’
3249 4839 3409 4910 ἡμῶν
3461 4839 3549 4908 ἐφ’
3600 4838 3791 4907 ἑτέραις

2240 4925 2431 4995 ἑτέρας
2469 4926 2730 4999 διανομὰς
2776 4930 3051 4993 κολάσεων
3101 4933 3337 4996 ἀϊδίους·
3373 4933 3564 5004 ὥσπερ
3608 4935 3663 4985 ὲν
3688 4929 3790 4988 ταῖς

2244 5018 2623 5089 ἀρχαιρεσίαις
2673 5024 2786 5085 τοῖς
2833 5022 3003 5077 πάλαι
3069 5023 3366 5094 Ῥωμαίοις
3413 5026 3633 5097 ἐδρᾶτο·
3670 5028 3789 5098 πλὴν

2242 5112 2321 5163 ὅτι
2349 5110 2577 5174 ἐκείνοις
2606 5113 2704 5181 μὲν
2754 5116 3240 5187 ἀρχαιρεσιάζουσι
3268 5120 3426 5188 τιμαὶ
3456 5123 3551 5174 καὶ
3582 5122 3788 5192 βραδεῖα

2239 5204 2353 5264 τοῖς
2385 5203 2767 5272 ἀριστεύουσιν
2811 5206 3169 5276 ἐψηφίζοντο·
3217 5209 3430 5273 τούτοις
3470 5212 3516 5265 δ’
3561 5213 3786 5281 ἀφορμαὶ

2238 5294 2331 5348 καὶ
2356 5295 2650 5363 σκέμματα
2676 5296 2894 5362 κακίας,
2920 5297 2994 5368 μὴ
3035 5301 3117 5354 ὅτι
3139 5303 3280 5355 κατά
3300 5302 3409 5356 τῶν
3431 5303 3666 5369 ζώντων,
3684 5301 3784 5357 ἀλλ’

2238 5384 2338 5454 ἤδη
2395 5386 2490 5439 καὶ
2546 5387 2725 5442 αὐτῶν
2762 5389 2871 5443 τῶν
2926 5389 3262 5447 τεθνεώτων.
3324 5394 3781 5467 Καθαιροῦσιγὰρ

2239 5478 2527 5541 κάκείνους
2606 5481 2705 5535 καὶ
2771 5482 3295 5555 ἁναθεματίζουσιν,
3359 5487 3452 5557 ὐφ’
3516 5507 3590 5543 ων
3648 5484 3782 5543 αὐτοὶ

1918 5611 2245 5676 Variorum
2283 5630 2475 5680 nota}.

628 5740 737 5823 (‘28.)
776 5741 1067 5823 Flavianus
1113 5746 1167 5823 in
1197 5749 1719 5823 exsilium‘missus
1764 5765 1878 5823 post
1952 5756 2017 5809 ha

567 5813 765 5874 synodo
791 5811 1013 5879 gloriari
1053 5816 1293 5870 occisum
1322 5834 1349 5871 a
1382 5834 1438 5873 sc
1462 5811 1802 5879 Flavianum.
1839 5825 2026 5880 Botm

2028 5758 2190 5817 bitam
2232 5769 2518 5837 synodam.
2577 5771 2765 5845 Itaque
2805 5789 2916 5831 non
2972 5777 3155 5846 potuit
3205 5778 3507 5839 Dioscorus
3568 5784 3619 5839 in
3674 5783 3772 5855 ipsa
