4046 6248
374 342 509 405 2297
755 340 836 406 it.
876 353 927 393 ς.
967 339 1129 410 ιδδη

1348 345 1791 407 ΒΥΖΛΝΤΙΝίΕ
1830 347 2216 408 IllSTORLE
2251 350 2394 409 LIB.
2429 348 2591 408 XXI.

3473 341 3609 404 1298

2706 340 2843 413 [me
2881 355 2923 396 ι.
2964 355 3259 396 casncuz.
3303 340 3358 411 5]

369 456 755 529 καθῃρέθησαν
784 459 873 514 διὰ
894 461 993 531 τὴν
1022 462 1278 516 ἀσέϐειαν
1308 462 1417 516 τῶν
1443 463 1947 534 καινοτομηθέντων

2056 474 2193 521 mate
2216 465 2442 530 feriunt,
2472 481 2569 535 per
2597 478 2737 533 quos
2769 461 2892 532 ipsi,
2919 468 2979 515 ut
3002 476 3268 515 novorum
3298 460 3618 528 impiorum-

370 548 681 618 δογμάτων,
710 551 916 606 οὐτωσὶ
948 553 1075 618 τοὺς
1104 554 1201 623 τῆς
1239 553 1496 619 ἀσεϐείας
1540 555 1799 625 ιλέγχους
1828 557 1947 611 δια-

369 640 562 710 δρᾶναι
593 643 937 714 νομίσαντες,
976 648 1051 715 μὴ
1081 647 1217 717 πρὸς
1260 649 1575 702 ἐπισκόπων
1608 649 1789 719 δῆθεν,
1824 648 1943 703 ἀλλ’

371 732 478 787 ὐπὸ
495 732 899 807 καθῃρημένων
922 738 1344 808 καθαιρεθέντες
1364 755 1382 773 ⁸
1416 740 1514 795 καὶ
1540 740 1716 796 ταῦτα
1739 741 1849 795 τῶν
1878 758 1944 808 γε

372 824 631 879 πλειόνων
659 827 1015 899 ὑπαρχόντων
1052 820 1257 896 αὐτῶν,
1294 831 1345 886 οἵ
1380 834 1477 886 σὺν
1515 833 1593 901 τῷ
1626 832 1942 905 πατριάρχῃ

372 919 494 973 τότε
524 921 621 974 καὶ
658 924 769 985 τοῖς
806 925 1130 988 ἐπισκόποις
1163 924 1393 990 ἐκείνοις
1421 921 1565 997 ἦσαν
1594 926 1644 979 οἱ
1678 924 1944 994 Παλαμᾶν

373 1026 433 1063 τε
456 1009 619 1063 αὐτὸν
641 1011 1021 1084 καθῃρηκότες
1044 1015 1139 1069 καὶ
1166 1016 1670 1085 ἀναθεματίσαντες
1702 1017 1797 1071 καὶ
1826 1016 1945 1088 ἅμα

373 1103 498 1166 τοὺς
523 1103 664 1173 ἀμφ’
685 1105 886 1159 αὐτόν’
940 1106 1009 1160 δι’
1044 1105 1082 1161 ἀ
1115 1108 1356 1179 σήμερον
1403 1109 1630 1173 ἑαυτοὺς
1663 1107 1946 1177 ἀναθεμα-

372 1191 632 1259 τίζουσιν,
667 1196 1113 1269 ὑπερμαχοῦντες
1140 1200 1237 1254 τοῦ
1267 1201 1524 1272 Παλαμᾶ.
1555 1199 1815 1272 Ἐζήτουν
1836 1200 1945 1268 γὰρ

376 1284 579 1353 μᾶλλον
626 1286 968 1357 ἁμαρτάνειν
1019 1290 1360 1360 ἀνέγκλητα,
1406 1290 1439 1361 ἢ
1486 1291 1599 1355 τοῖς
1642 1290 1944 1359 ἐπιτιμίοις

375 1377 707 1442 ὐπείκοντας
740 1380 1010 1448 εὐσεϐεῖν,
1044 1384 1137 1435 καὶ
1180 1382 1249 1436 δι’
1281 1382 1559 1438 ἀπώλειαν
1605 1383 1808 1455 μᾶλλον
1844 1382 1949 1452 ψυ-

374 1471 477 1541 χῆς
509 1473 838 1541 σωματικῶς
865 1474 1184 1544 εὐπραγεῖν.

448 1565 523 1619 Δ⁹.
565 1563 756 1634 Ὅμως
798 1564 907 1619 οὐδ’
961 1565 1237 1620 ἀπώλειαν
1269 1565 1425 1638 ᾤοντ’
1468 1565 1610 1623 εἶναι
1655 1564 1833 1638 ψυχῆς
1877 1566 1950 1621 τά

375 1656 648 1727 δρώμενα.
707 1656 833 1721 Πῶς
879 1657 1013 1728 γὰρ,
1044 1658 1097 1713 οἶ
1133 1658 1602 1731 τυραννικώτερον
1648 1661 1851 1731 τρόπον
1885 1660 1948 1714 τὸ

343 1795 349 1803 .
374 1747 725 1813 αὐτεξούσιόν
750 1766 811 1802 τε
846 1753 941 1805 καὶ
969 1750 1295 1821 βουλόμενον
1314 1751 1411 1806 τοῦ
1442 1750 1580 1806 Θεοῦ
1617 1751 1946 1822 σφετερισά-

381 1860 553 1913 μενοι,
587 1845 648 1898 τό
669 1844 723 1913 γ’
752 1848 834 1908 είς
860 1846 1057 1910 αὐτοὺς
1090 1838 1248 1918 ἧκον,
1281 1844 1443 1900 αὑτὸν
1483 1846 1585 1917 μὶν
1624 1847 1682 1900 ὲν
1724 1846 1945 1908 κόλποις

376 1935 548 2005 δήπου
580 1935 689 1989 τῶν
717 1939 984 2006 οὐρανίων
1024 1938 1284 2006 θαλάμων
1312 1939 1751 2008 περιγράψαντες
1790 1956 1947 1992 συνε-

378 2025 649 2096 κάλυψαν,
680 2028 1053 2084 ἀνυπόστατον
1102 2029 1162 2083 δέ
1206 2047 1329 2084 τινα
1359 2031 1456 2085 καὶ
1499 2029 1754 2085 ἀνούσιον
1793 2030 1948 2084 £020-

379 2121 613 2188 ποίησαν
635 2122 945 2191 ἐνέργειαν,
970 2124 1170 2176 ταυτὸν
1198 2124 1378 2176 εἰπεῖν
1406 2124 1598 2177 aestu
1620 2139 1637 2156 ο
1668 2121 1736 2177 ἶν’
1762 2123 1948 2194 ἀμαρ-

378 2211 615 2263 τάνωσιν
658 2211 990 2282 ἀνέγκλητα,
1019 2212 1115 2266 καὶ
1132 2212 1329 2283 ἀφεσιν
1346 2212 1597 2283 ἀλλήλοις
1618 2212 1953 2285 ἀμαρτημά-

378 2314 493 2351 των
513 2296 713 2353 διδόναι
730 2317 789 2354 τε
812 2304 906 2354 καὶ
928 2302 1351 2371 ἀντιλαμϐάνειν
1373 2302 1735 2369 αὐτεξουσίως
1764 2304 1949 2373 ἔχωσι,

381 2391 636 2464 καθάπερ
665 2395 716 2447 oi
746 2393 814 2447 τά
840 2395 898 2448 ιν
930 2396 1157 2467 ἀγοραῖς
1185 2396 1291 2466 ὄψα
1324 2398 1728 2468 πιπράσκοντές
1757 2414 1818 2450 τε
1854 2399 1952 2451 καὶ

381 2483 701 2553 ὠνούμενοι.
724 2487 821 2551 Είς
836 2486 997 2541 τοῦτο
1012 2488 1122 2559 γὰρ
1140 2484 1296 2559 οἶμαι
1310 2488 1507 2544 τείνειν
1526 2490 1620 2542 καὶ
1634 2488 1662 2543 ὂ
1688 2489 1825 2560 πρὸς
1840 2488 1955 2551 τοῖς

376 2576 559 2643 ἄλλοις
572 2578 677 2633 ὐπὸ
695 2579 788 2634 τοῦ
808 2581 1042 2648 Παλαμᾶ
1053 2581 1311 2637 καὶτοῦτο
1326 2582 1785 2652 δογματιζόμενον
1800 2580 1958 2651 βλασς

388 2672 680 2739 φημεϊται·
731 2670 1224 2743 ἀνάρχουξδηλαδὴ
1271 2673 1398 2736 τούς
1436 2671 1755 2744 ἀνθρώπους
1802 2673 1957 2727 mea-

381 2757 609 2814 στασθαι
631 2761 725 2814 καὶ
745 2761 1051 2825 ἀκτίστους·
1075 2762 1267 2815 ταυτὸν
1293 2761 1338 2815 δ’
1367 2761 1542 2817 εἰπεῖν
1561 2763 1957 2823 ενυποστάτους

380 2848 476 2901 καὶ⁵
498 2848 772 2913 ινουσίους
787 2848 962 2914 θεοὺς,
979 2850 1274 2920 ἀπειράκις
1294 2850 1579 2921 ἀπείρους,
1602 2851 1711 2905 τῶν
1727 2853 1959 2921 ἀπειρά-

382 2956 472 3003 κις
496 2940 738 3011 ἀπείρων
790 2941 919 3012 (χρὴ
973 2941 1085 3011 γάρ
1112 2942 1233 2994 κατ’
1262 2943 1469 2995 ὲκ;ῖνον
1498 2942 1732 2998 ἐνταῦθα
1750 2943 1959 3014 καλεῖν)

2043 573 2152 627 que
2181 558 2497 626 dogmatunt
2533 560 2806 617 auctores,
2831 550 3027 623 dejecti
3060 551 3308 625 fuerant,
3347 565 3523 619 eoque
3555 557 3617 605 Se

2046 648 2346 718 impietatis
2395 660 2583 703 notam
2636 648 2963 717 eﬁ‘ugituros
3018 644 3377 703 arbitrantur.
3410 642 3554 713 quod
3589 660 3616 695 a

2044 741 2247 811 quibus
2289 740 2485 810 dejecti
2518 740 2649 801 sint,
2687 740 2722 793 ii
2784 738 3037 791 videlicet
3086 752 3193 790 non
3225 736 3489 804 episcopi,
3523 735 3615 786 sed

2044 835 2239 904 dejecti
2276 834 2376 904 ipsi
2417 833 2485 889 de
2536 833 2707 901 gradu
2732 833 2959 888 fuerint.
2991 830 3058 886 Et
3089 834 3206 886 haec
3240 831 3334 899 qui
3394 830 3619 890 iaciunt,

2043 942 2236 982 eorum
2262 926 2509 994 plerique
2541 926 2709 980 iidetn
2753 934 2901 990 sunt,
2933 926 3027 994 qui
3066 940 3193 978 cum
3227 922 3539 993 patriarcha
3567 934 3622 976 et

2042 1019 2317 1087 episcopis
2356 1019 2463 1072 illis
2520 1028 2633 1071 tum
2674 1018 2956 1085 conjuncti
2986 1017 3258 1069 Palantam
3300 1026 3357 1068 et
3386 1016 3507 1084 ejus
3540 1028 3625 1067 as-

2043 1109 2218 1163 seclas
2244 1109 2581 1163 anathemati
2619 1108 2994 1178 subjecerunt.
3026 1108 3214 1176 Itaque
3244 1106 3408 1160 iidem
3435 1105 3620 1167 hodie,

2046 1215 2149 1270 pro
2179 1200 2398 1254 Palama
2440 1212 2770 1270 pugnantes,
2811 1215 2869 1254 se
2898 1201 3047 1269 ipsos
3084 1198 3419 1254 anathemati
3448 1197 3624 1267 subji-

2045 1293 2218 1349 ciunt.
2248 1294 2457 1363 Nempe
2482 1293 2557 1347 illi
2588 1293 2809 1364 impune
2840 1308 3068 1362 peccare
3098 1292 3433 1356 maluerunl,
3458 1306 3620 1359 quam

2046 1401 2238 1456 ptenas
2269 1386 2450 1440 dando
2499 1386 2679 1441 colere
2730 1387 2986 1456 pietatem
3014 1426 3028 1447 ,
3065 1395 3121 1439 et
3153 1394 3211 1438 ut
3241 1385 3457 1454 corpori
3487 1385 3624 1437 bene

2047 1488 2215 1543 esset,
2249 1478 2488 1533 animam
2521 1480 2665 1533 ultro
2704 1478 3085 1548 perdiderunt.

2121 1572 2228 1633 ιν.,
2251 1572 2417 1641 Atqui
2449 1571 2523 1625 illi
2559 1586 2661 1625 nec
2692 1587 2756 1625 ea
2790 1587 2911 1640 qua:
2942 1572 3135 1626 tierent
3162 1571 3469 1639 perniciosa
3501 1572 3622 1623 ani-

2048 1679 2151 1720 mm
2202 1659 2324 1719 esse
2377 1663 2678 1718 credidere.
2720 1663 3073 1733 Ecquomodo
3120 1672 3307 1717 autent
3357 1661 3623 1717 credidis-

2049 1766 2193 1822 sent,
2216 1756 2312 1827 qui
2334 1755 2660 1811 auctoritate
2700 1763 2755 1810 et
2795 1755 3074 1809 voluntate
3123 1755 3308 1809 divina
3344 1755 3621 1827 tyrannice

2047 1851 2153 1905 sibi
2211 1849 2347 1918 ipsis
2403 1850 2673 1917 subjecta.
2701 1858 2969 1916 quantum
3014 1846 3237 1916 quidem
3297 1846 3351 1899 in
3406 1862 3464 1899 se
3495 1845 3620 1908 fuit,

2050 1943 2226 2012 ipsum
2265 1942 2434 1995 Deum
2471 1941 2525 1994 in
2574 1940 2883 1993 recessibus
2914 1939 3221 1992 caelestium
3256 1938 3621 1991 thalamorum

2048 2033 2524 2101 circumscriptum
2558 2031 2939 2093 occultarum,
2991 2033 3284 2100 quamdam
3318 2041 3500 2083 autem
3539 2030 3625 2082 iu-

2050 2123 2441 2178 subsistentcm
2524 2120 2951 2189 substantizeque
3015 2131 3294 2190 expertem
3356 2121 3632 2191 operatio-

2052 2224 2201 2275 nem,
2229 2225 2348 2270 seu.
2380 2208 2554 2278 quod-
2582 2208 2723 2261 idem
2762 2218 2867 2271 est,
2893 2209 3219 2264 atheismnm
3270 2213 3446 2280 ipsum
3479 2211 3629 2264 deiﬁ-

2052 2303 2247 2359 carunt
2272 2344 2287 2369 ,
2309 2302 2570 2356 nimirum
2592 2308 2656 2355 ut
2688 2310 2914 2371 peccent
2945 2300 3166 2370 impune
3190 2310 3245 2354 ct
3273 2309 3626 2370 peccatorum

2054 2395 2295 2460 veniam,
2340 2393 2572 2463 perinde
2638 2402 2699 2446 ttt
2764 2392 2995 2446 obsonia
3052 2393 3105 2445 in
3157 2392 3278 2446 fore
3324 2392 3631 2446 \‘cndcntes

2054 2498 2432 2558 ementesque,
2463 2487 2697 2542 invicem
2737 2486 2868 2540 dare
2908 2497 2963 2540 et
2997 2487 3247 2554 accipere
3276 2485 3486 2553 privata
3526 2500 3629 2537 au—

2055 2584 2313 2638 ctoritate
2372 2580 2603 2650 possint.
2644 2580 2723 2633 Eo
2784 2579 2934 2633 enim
2985 2588 3233 2647 spectare
3297 2578 3428 2630 illud
3474 2587 3630 2647 puto,

2055 2676 2203 2745 quod
2238 2675 2485 2729 Palatinas
2544 2680 2745 2743 prmter
2767 2681 2963 2726 ctetera
3017 2671 3182 2737 impie
3227 2671 3384 2725 docet
3417 2679 3473 2723 et
3510 2685 3636 2739 pro-

2060 2765 2312 2821 nuntiat:
2349 2764 2603 2819 homines
2630 2762 2766 2818 eilici
2810 2762 3064 2831 principii
3104 2773 3359 2828 expertes
3420 2759 3636 2832 1025.

2057 2872 2117 2917 et
2147 2861 2461 2923 increatos;
2494 2872 2613 2920 seu,
2640 2856 2785 2926 quod
2819 2857 2960 2909 idem
2991 2863 3091 2914 est.
3129 2856 3267 2909 Deos
3296 2869 3393 2922 per
3414 2870 3471 2909 se
3503 2853 3633 2907 sub-

2062 2953 2342 3013 sistentes,
2374 2962 2429 3005 et
2462 2950 2767 3005 substantia
2796 2948 3050 3017 praeditos
3082 2946 3344 3001 inlinities
3372 2946 3634 3009 inﬁnitos.

382 3033 820 3105 ἐνεργειῶνκαὶ
867 3034 1163 3105 θεοτήτων,
1212 3033 1485 3089 ἀκτίστων
1539 3038 1636 3089 καὶ
1694 3038 1955 3092 ἀνουσίων

2066 3042 2332 3099 iniinities
2384 3042 2720 3095 inﬁnitarum
2784 3042 3024 3109 (oportet
3056 3039 3202 3091 enim
3236 3039 3337 3091 hoc
3391 3038 3511 3091 loco
3556 3037 3638 3091 sic

384 3126 546 3192 θεῶν,
581 3126 783 3181 ταυτὸν
805 3126 852 3181 δ’
889 3127 1067 3182 είπείν
1110 3127 1377 3198 μηδένων.
1426 3128 1518 3197 Τῷ
1562 3130 1672 3200 γάρ
1719 3131 1955 3210 ἀκτίστῳ

2067 3150 2265 3191 vocare
2300 3144 2357 3188 ut
2386 3134 2455 3187 ab
2475 3148 2542 3187 eo
2571 3131 2856 3199 vocantur)
2880 3135 3229 3200 encrgiarum
3294 3139 3352 3184 et
3380 3129 3641 3183 divinita-

384 3220 481 3274 καὶ
512 3219 873 3290 ἀνυποστάτῳ
920 3220 983 3273 τὸ
1032 3218 1203 3290 μηδὲν
1237 3218 1366 3289 μήτ’
1394 3214 1534 3273 εἶναι
1564 3220 1703 3291 μήτε
1735 3221 1959 3275 πιστεύσ-

384 3311 545 3366 εσθαι
571 3313 741 3366 πᾶσιν
778 3312 1088 3383 ἀνθρώποις
1137 3310 1286 3363 δοκεῖ
1326 3313 1424 3365 καὶ
1469 3311 1811 3377 πιστεύεται,
1861 3314 1958 3367 καὶ

385 3405 571 3466 αὐτοτς
599 3420 664 3472 γε
694 3407 808 3469 τοῖς
836 3405 1118 3474 βρέφεσιν,
1149 3401 1292 3460 εἶναι
1323 3406 1540 3459 ταύτόν.
1564 3403 1651 3476 [Ρ.
1692 3404 1822 3477 644]
1856 3406 1959 3458 Οὐ-

384 3497 549 3569 δεμία
574 3497 684 3569 γὰρ
718 3496 895 3568 (φησι)
934 3496 1119 3566 φύσις,
1158 3498 1243 3550 ὅτι
1280 3497 1356 3569 μὴ
1388 3498 1507 3551 τόδε
1537 3498 1707 3561 ἐστὶν,
1728 3497 1848 3551 ἀλλ’
1874 3498 1955 3552 ὅτι

384 3589 528 3644 τόδε.
541 3590 609 3643 Ἦ
622 3588 716 3642 τοῦ
733 3590 887 3652 όντος
915 3589 1061 3652 θέσις
1077 3589 1175 3660 οὐχ
1206 3592 1238 3661 ή
1256 3589 1348 3645 τοῦ
1380 3590 1457 3659 μὴ
1472 3589 1626 3653 ὄντος
1650 3590 1956 3660 ἀναίρεσις.

2067 3214 2203 3291 tum,
2228 3243 2348 3295 qua:
2374 3226 2486 3280 sint
2527 3214 2757 3278 inci-cati
2810 3234 2867 3277 et
2916 3227 3219 3278 substantla
3246 3232 3495 3278 carentes
3519 3222 3594 3276 dii
3619 3237 3635 3285 ;

2065 3332 2187 3381 seu,
2216 3315 2365 3386 quod
2417 3314 2566 3369 idem
2618 3324 2725 3379 est,
2759 3314 2916 3367 nulli.
2948 3313 3081 3366 Nam
3114 3313 3260 3381 quod
3301 3323 3385 3365 est
3425 3312 3641 3365 increa-

2065 3418 2182 3465 tutn
2213 3407 2381 3463 simul
2407 3416 2465 3461 et
2490 3407 2810 3461 substantia:
2838 3420 3057 3475 expers,
3084 3405 3136 3458 id
3169 3404 3428 3484 omnibus
3456 3403 3639 3457 homi—

2064 3502 2251 3561 nibus.
2279 3509 2336 3553 et
2362 3499 2494 3568 ipsis
2521 3512 2741 3568 quoque
2767 3496 3092 3561 infantibus,
3122 3496 3339 3550 videtur
3369 3496 3641 3550 creditur-

2064 3609 2172 3664 que
2204 3591 2347 3646 idem
2375 3606 2499 3647 esse
2543 3600 2712 3659 atque
2746 3589 2903 3654 illud,
2931 3590 3076 3659 quod
3110 3589 3247 3643 nihil
3270 3600 3356 3643 est
3386 3588 3639 3657 nihilque

385 3696 507 3739 esse
560 3680 825 3738 creditur.
874 3681 1032 3737 Nulla
1079 3683 1251 3750 enim,
1301 3682 1503 3753 inquit,
1557 3693 1753 3738 natura
1789 3684 1847 3739 in
1893 3699 1962 3740 eo
2002 3687 2275 3750 consistit,
2310 3682 2457 3755 quod
2508 3700 2618 3739 non
2666 3683 2739 3739 sit
2800 3684 2927 3748 hoc,
2980 3682 3075 3737 sed
3127 3683 3180 3735 iu
3249 3695 3336 3747 eo,
3364 3681 3511 3752 quod
3535 3680 3641 3735 hoc

385 3778 481 3834 sit.
502 3777 621 3835 Non
672 3774 920 3848 ponitur
949 3778 1003 3831 id
1031 3778 1181 3848 quod
1219 3788 1326 3844 est,
1358 3779 1463 3834 hoc
1494 3779 1615 3851 ipso
1644 3779 1793 3849 quod
1819 3781 2030 3836 tollitur
2066 3783 2121 3838 id
2147 3782 2293 3853 quod
2325 3796 2437 3836 non
2470 3790 2576 3836 est.

457 3870 534 3925 E’.
567 3868 725 3923 Οὕτω
778 3868 1166 3940 μειρακιωδῶς
1218 3869 1628 3924 ὲνεανιεύσαντο
1671 3870 1815 3925 κατὰ
1860 3872 1960 3943 τῆς
2006 3945 2009 3947 Δ

386 3962 701 4029 εὐσεϐείας,
754 3961 855 4017 καὶ
904 3960 1079 4026 οὓτως
1114 3961 1354 4017 ἀσύνετα
1405 3963 1525 4017 καθ’
1572 3964 1729 4034 ἡμῶν
1772 3965 1959 4033 είργά-

387 4055 551 4109 σαντό
578 4072 637 4109 τε
667 4056 764 4110 καὶ
792 4052 1210 4121 ἐϐουλεύσαντο,
1252 4056 1374 4120 ταῖς
1406 4056 1706 4126 ἡμετέραις
1749 4072 1961 4125 συμφο-

388 4150 511 4218 ραῖς
532 4146 634 4218 τὴν
661 4145 874 4201 ἑαυτῶν
914 4145 1202 4209 ἑστιῶντες
1232 4145 1553 4217 θηριωδίαν,
1594 4147 1691 4200 καὶ
1723 4147 1832 4200 πᾶν
1861 4162 1961 4200 πο-

386 4240 551 4311 νηρὸν
580 4240 736 4310 ῥῆμα
765 4238 892 4293 καθ’
926 4238 1084 4309 ἡμῶν
1124 4237 1449 4308 ψευδόμενοι
1491 4239 1795 4303 συνέθεντο,
1836 4240 1961 4293 καθ’

383 4334 486 4386 ὅσα
526 4334 624 4387 καὶ
665 4326 755 4386 οἷά
782 4348 971 4401 σφισιν
1017 4331 1330 4403 ὑπηγόρευε
1379 4330 1443 4384 τὸ
1491 4330 1836 4401 θυμούμενον
1862 4332 1963 4401 τῆς

383 4424 595 4495 ψυχῆς·
635 4423 737 4478 καὶ
776 4423 986 4494 ἀγορὰς
1020 4426 1118 4478 καὶ
1145 4423 1352 4492 θέατρα
1381 4420 1545 4477 πάντ’
1572 4421 1964 4493 ἐμπεπλήκασί

384 4516 454 4569 δι’
500 4514 787 4587 ἐμμίσθων
834 4514 1118 4587 κηρύκων,
1166 4513 1421 4583 λαμπρὸν
1466 4516 1547 4577 είς
1593 4514 1963 4583 ἀνανταγώνι-

387 4625 513 4664 στον
541 4609 811 4661 πίστωσιν
857 4607 973 4661 τῶν
1019 4609 1332 4661 ἀκουόντων
1369 4606 1825 4677 ἐπιτηδεύσαντες
1865 4608 1961 4662 τὸν

383 4702 655 4774 ἡμέτερον
677 4700 1011 4773 συγλεισμόν
1030 4718 1046 4734 ο
1078 4703 1169 4758 ἴνα
1202 4702 1329 4757 καθ’
1354 4702 1513 4773 ἡμῶν
1540 4720 1603 4756 τε
1634 4703 1959 4765 πλάττοντες

384 4794 793 4865 ἐπιψηφίζωσιν
836 4795 999 4849 ὁποῖα
1055 4795 1151 4849 καὶ
1205 4795 1309 4848 δσα
1363 4794 1639 4865 βούλοιντο
1694 4795 1791 4849 καὶ
1840 4794 1961 4865 ἅμα

386 4886 605 4950 πλείους
639 4887 752 4940 τῶν
772 4886 1052 4948 ἀσυνέτως
1091 4886 1326 4958 ἐχόντων
1362 4885 1654 4957 μαθήσεως
1692 4886 1831 4956 πρὸς
1861 4885 1961 4957 τὴν

385 4979 661 5051 σφετιραν
714 4977 896 5033 αὐτῶν
942 4978 1199 5034 ἀσέϐειαν
1242 4978 1814 5050 προσεταιρίζωνται,
1866 4978 1962 5033 τ(ιῦ

386 5072 541 5143 παρά
582 5071 752 5134 πόδας
805 5071 1035 5141 ἐλέγχου
1087 5074 1233 5126 κατά
1290 5071 1589 5143 διάμετρον
1640 5072 1958 5142 ἱσταμένου,

390 5164 531 5235 μήτε
555 5162 689 5217 Θεὸν
715 5161 1065 5234 φοϐούμενοι,
1110 5163 1237 5235 μήτ’
1269 5162 1595 5231 ἀνθρώπους
1625 5155 1959 5233 αίδούιῐενοι,

394 5254 525 5324 μήτ’
556 5256 636 5318 είς
668 5254 729 5308 τὸ
764 5254 956 5325 μέλλον
988 5251 1131 5309 εἶναι
1162 5253 1512 5317 πιστεύοντες
1544 5271 1668 5307 τινα
1716 5255 1827 5309 τῶν
1874 5257 1964 5308 ἐν·

386 5347 560 5404 ταῦθα
582 5348 880 5420 δρωμένων
905 5347 1112 5419 κρίσιν,
1136 5349 1296 5419 ’μήτε
1343 5347 1685 5402 κατάστασιν
1729 5347 1963 5418 ἀμοιϐῆς

389 5441 610 5512 ἀγαθῶν
653 5442 753 5496 καὶ
801 5440 1009 5508 κακῶν,
1040 5440 1115 5508 ὡς
1143 5441 1215 5496 τά
1260 5441 1385 5512 ίερά
1436 5440 1960 5512 διδάσκουσισλόγια.

463 5783 482 5816 ¹
518 5784 707 5841 ﬁatut.
738 5800 796 5851 τ,
837 5785 926 5841 il.

2072 3897 2075 3900 ν
2130 3874 2196 3929 V.
2228 3873 2305 3928 Ita
2350 3872 2555 3927 saniori
2600 3869 2867 3925 doctrinae
2904 3869 3229 3938 iuveniliter
3275 3869 3353 3924 illi
3410 3868 3640 3925 insulta-

2060 3976 2209 4030 rttnt,
2240 3966 2314 4020 ita
2368 3980 2469 4019 nos
2516 3964 2676 4018 iactis
2703 3962 3061 4031 consiliisque
3087 3962 3438 4016 dementibus
3470 3977 3642 4030 oppu-

2059 4056 2747 4128 gnarunt,ealamitatibus
2802 4058 3004 4111 nostris
3056 4055 3455 4109 immanitatem
3482 4069 3638 4109 suam

2060 4152 2309 4208 cibantes
2332 4192 2346 4216 ,
2375 4150 2649 4220 iidemque
2681 4164 2843 4203 omne
2869 4149 3072 4202 malum
3098 4148 3323 4203 verbum
3349 4148 3638 4202 adversum

2060 4258 2166 4299 nos
2204 4244 2535 4298 mentientes
2566 4258 2630 4296 ex
2658 4241 2962 4310 composito
2994 4242 3163 4295 locuti
3196 4248 3343 4304 sunt,
3372 4241 3639 4310 quidquid

2064 4336 2145 4389 ira
2178 4346 2518 4404 suggereret,
2569 4334 2973 4404 qualiacunque
3018 4335 3239 4387 animus
3271 4333 3503 4389 dictaret
3531 4352 3543 4386 :
3575 4335 3642 4387 iis

2066 4427 2185 4481 fora
2215 4427 2536 4495 tlteatraque
2569 4424 2755 4479 omnia
2803 4440 2903 4495 per
2957 4426 3333 4480 conductitios
3358 4441 3640 4495 praecones

2066 4519 2462 4589 impleverunt.
2508 4518 2686 4588 Atque
2730 4527 2793 4572 nt
2819 4533 2883 4573 ea
2918 4533 3040 4587 quae
3072 4518 3355 4582 dicebant,
3392 4520 3640 4573 audienti

2064 4611 2295 4665 cuilubet
2344 4610 2550 4665 invicto
2606 4619 2932 4679 argumento
2982 4614 3393 4676 conﬁrmarent,
3445 4628 3641 4678 magno

2062 4710 2325 4771 apparatu
2378 4716 2481 4755 nos
2542 4700 2926 4765 incluserunt,
2985 4716 3095 4771 quo
3151 4702 3359 4755 scilicet
3408 4701 3467 4755 itt
3517 4718 3638 4765 nos,

2062 4802 2197 4864 quot
2222 4803 2278 4849 et
2332 4793 2515 4863 qualia
2564 4793 2837 4854 libuisset,
2890 4795 3265 4865 contingerent
3289 4808 3353 4849 ac
3384 4795 3642 4848 decerne-

2063 4895 2220 4947 rent,
2253 4886 2527 4955 simulque
2547 4894 2607 4939 ut
2627 4901 2692 4939 ex
2727 4884 2795 4938 iis
2816 4884 2909 4953 qui
2937 4886 3093 4939 tardo
3122 4898 3308 4940 essent
3332 4887 3398 4939 ad
3430 4885 3641 4941 discen-

2067 4976 2198 5030 dum
2255 4974 2498 5045 ingenio,
2556 4977 2739 5029 socios
2784 4974 2889 5028 sibi
2929 4976 3114 5042 plures
3147 4976 3525 5045 adjungerent,
3556 4991 3641 5030 re—

2069 5069 2232 5121 motis
2274 5081 2440 5137 quatn
2501 5066 2818 5136 longissime
2865 5066 3221 5137 illis,quibus
3274 5068 3640 5137 praesentibus

2066 5160 2229 5215 facile
2259 5168 2514 5229 poterant
2539 5158 2820 5228 redargui,
2854 5174 2963 5213 non
2997 5160 3091 5215 Dei
3129 5169 3300 5224 metu,
3335 5176 3441 5214 non
3471 5162 3642 5214 Immi-

2067 5268 2199 5307 nunt
2232 5252 2539 5307 reverentia
2573 5250 2864 5317 deterriti,
2902 5268 3011 5306 non
3044 5256 3119 5306 .de
3166 5253 3332 5324 hujus
3366 5256 3487 5308 vitae
3512 5256 3641 5308 lat-i-

2068 5344 2294 5399 noribus
2316 5343 2584 5412 judicium
2614 5344 2743 5399 olim
2772 5344 3015 5398 futurum
3038 5360 3157 5399 esse
3200 5348 3510 5409 credentes,
3538 5364 3639 5401 nec

2064 5436 2376 5491 mercedem
2414 5434 2576 5490 bonis
2620 5444 2676 5490 et
2724 5436 2901 5501 malis,
2937 5438 3393 5507 quemadmodum
3438 5440 3638 5494 docent

2062 5543 2214 5583 sacra
2273 5528 2495 5583 oracula
2529 5527 2570 5591 ⁸,
2639 5528 2997 5584 constitutam
3059 5529 3268 5601 1025
3323 5547 3442 5587 esse
3489 5534 3637 5588 arbi-

2064 5629 2289 5679 traules.
