4046 6248
396 409 534 473 1305
777 408 852 479 [ι.
896 422 947 463 c.
989 407 1149 482 1551]

1386 415 1832 477 BYZANTlN/E
1869 414 2254 479 HISTORIA!
2292 420 2440 481 LIB.
2481 417 2621 480 XXI
2726 412 2857 485 iWP-
2898 428 2940 467 ³·
2980 426 3277 468 “NT-“3W-
3318 409 3371 482 5]
3499 416 3637 479 1306

392 518 543 596 εἶχεν
573 523 733 595 ἡμῶν
766 526 986 597 καὶτῆς
1014 526 1332 591 εὐσεϐείας·
1361 531 1429 598 τῇ
1471 529 1518 584 δ’
1552 528 1783 601 ἀληθείᾳ
1815 527 1955 598 γνὼο

2066 547 2165 600 que
2205 531 2474 587 doctrinae
2509 550 2525 588 :
2559 531 2741 601 reipsa
2788 540 2971 585 autem
3022 528 3203 585 inerat
3248 530 3469 599 scriptis
3525 529 3626 584 illis

396 634 506 689 μης
533 616 758 673 ἐκείνων
796 615 942 689 εἶχεν
973 620 1159 675 εἰκόνα
1190 622 1286 674 καὶ
1337 622 1542 693 στήλην
1569 623 1829 685 ἀσεϐείας
1884 621 1956 674 τά

391 708 717 779 γράμματα.
762 711 919 766 Ἐπεὶ
941 713 1053 784 γὰρ
1080 712 1131 766 οί
1165 714 1315 781 λόγοι
1350 714 1449 769 νῦν
1480 714 1580 784 μὲν
1609 715 1818 778 εἰκόνες
1845 716 1953 767 sic!

392 798 501 853 τῶν
527 801 894 870 πραγμάτων,
925 803 1017 856 ὅτε
1068 805 1176 875 πρὸ
1207 805 1317 858 τῶν
1351 804 1605 873 πράξεων
1632 809 1691 858 ἐν
1721 807 1830 868 τοῖς
1858 806 1958 874 τῆς

389 888 628 952 διανοίας
677 890 760 946 ἐτι
818 893 1089 963 θαλάμοις
1140 895 1532 965 γυμνάζονται,
1570 899 1666 951 καί¹
1712 897 1783 950 τὰ
1828 896 1956 963 τέλη

393 983 777 1055 ζωγραφοῦσιν
800 987 916 1039 ἐκεῖ
949 1004 1066 1051 πως
1098 988 1278 1041 αὐτῶν
1304 1003 1317 1019 ο
1348 988 1445 1041 νῦν
1466 987 1511 1043 δ’
1540 988 1729 1053 ἕτερον
1758 988 1958 1054 τρόπον

391 1076 488 1129 xui.
516 1078 724 1141 είκόνες
775 1079 1128 1133 καθίστανται
1156 1082 1253 1149 τῆς
1277 1079 1478 1152 ψυχῆς,
1512 1081 1600 1134 ὅτε
1663 1093 1803 1150 μετα
1860 1081 1959 1148 τὴν

394 1167 545 1222 ἔνδον
599 1170 907 1240 διάσκεψιν
936 1172 1075 1242 ἔργα
1129 1175 1373 1240 γίνονται
1423 1174 1519 1227 καὶ
1562 1173 1738 1233 αὐτοὶ,
1783 1173 1959 1242 ψυχῆς

395 1261 669 1327 ἀπόζοντα
695 1263 770 1327 ὡς
810 1266 1007 1330 εἰπεῖν,
1036 1265 1131 1318 καὶ
1159 1267 1306 1328 ὅπως
1336 1267 1506 1332 ἕξεως
1540 1268 1653 1336 ἔχει
1690 1267 1785 1319 καὶ
1812 1265 1959 1333 γνὼ-

399 1372 508 1424 μης
536 1348 678 1423 αὐτῆ
709 1357 822 1420 τοῖς
853 1356 959 1423 ἔξω
1000 1357 1369 1422 διατυτυῦντα
1389 1373 1405 1391 ο
1438 1361 1539 1421 τὰς
1566 1361 1667 1425 τῆς
1693 1359 1840 1411 ἐνδον
1858 1374 1961 1412 κα-

396 1448 639 1514 κοδοξίας
659 1465 717 1501 τε
748 1451 843 1502 καὶ
871 1448 1166 1520 θηριωδίας
1196 1451 1414 1515 εἰκόνας
1441 1453 1556 1515 τοῖς
1609 1451 1715 1518 ἔξω
1774 1450 1963 1503 λοιπὸν

393 1540 488 1592 καὶ
540 1541 669 1595 τάδε
748 1543 1022 1611 πομπεύει
1080 1542 1148 1595 τά
1205 1543 1529 1613 γράμματα,
1582 1543 1963 1613 μεσημϐρινῆς

393 1630 616 1695 ἀκτῖνος
661 1635 1131 1703 περιφανέστερον
1162 1633 1224 1685 τὸ
1268 1634 1543 1703 βδέλυγμα
1588 1633 1694 1703 τῆς
1724 1634 1965 1703 ἐσχάτης

396 1720 666 1792 ὑπάρχειν
706 1719 1042 1793 ἐρημώσεως
1100 1722 1426 1795 αὐτόχρημα
1462 1722 1599 1795 (57).
1662 1724 1822 1777 Ἀλλά
1870 1723 1963 1777 τοῦ

395 1828 460 1880 γε
509 1811 796 1882 θεομισοῦς
853 1813 1206 1883 ἀναθήματος
1262 1815 1474 1867 ἐκείνου
1531 1816 1599 1885 τῇ
1658 1816 1779 1885 ίερᾷ
1831 1830 1964 1885 τρα-

395 1901 535 1971 πέζῃ
570 1902 911 1967 ἐπιτεθέντος
942 1903 1031 1976 [Ρ.
1063 1903 1213 1977 648]
1246 1906 1278 1976 ἡ
1308 1905 1432 1959 θεία
1484 1905 1584 1975 μὲν
1642 1906 1743 1976 οὐχ
1785 1906 1964 1977 ἥψατο

393 1995 598 2066 ψῆφος.
624 1995 787 2060 εὖθὺς
814 1997 915 2066 τὴν
969 1998 1234 2067 ἀνάλογον
1284 1999 1623 2070 ἐπιφέρουσα
1674 2002 1742 2071 τῇ
1792 1999 1964 2072 τόλμῃ

392 2086 637 2145 κόλασιν.

464 2181 539 2235 I".
594 2181 736 2235 Ἀλλ’
770 2180 821 2235 oi
859 2180 1048 2249 κύκλῳ
1095 2185 1517 2253 περιιστάμενοι
1559 2187 1697 2246 τέως
1736 2184 1963 2236 ἐπίσκο-

396 2288 488 2325 ποι
518 2273 615 2327 καὶ
664 2272 1031 2345 πρεσϐύτεροι
1090 2276 1296 2337 πάντες
1346 2275 1603 2345 ἐϐόησαν,
1634 2277 1731 2346 οὐχ
1788 2276 1966 2346 ἥνπερ

396 2364 566 2437 ἐχρῆν
616 2366 970 2438 ἐπιτίμησιν·
1007 2367 1092 2420 ὅτι
1143 2367 1289 2430 Πῶς,
1356 2368 1633 2438 ἄνθρωπε,
1688 2367 1767 2438 τῷ
1821 2368 1967 2436 μόνῳ

394 2458 617 2511 πάντων
650 2461 852 2527 ποιητῇ
886 2457 1009 2529 Θεῷ
1040 2458 1314 2529 θεοτήτων
1343 2460 1666 2526 ἐπενεγκεῖν
1687 2460 1963 2527 διαφόρων

394 2548 736 2618 τετόλμηκας
758 2549 987 2619 πλῆθος,
1013 2551 1108 2603 καὶ
1132 2550 1339 2620 ἥκιστα
1382 2552 1564 2614 δέδιας
1589 2552 1735 2606 κατά
1763 2552 1962 2605 σαυτοῦ

394 2659 457 2695 τε
496 2643 590 2697 καὶ
610 2641 767 2712 ἡμῶν
796 2644 892 2695 καὶ
930 2641 1221 2712 Ῥωμαίων
1268 2645 1527 2699 ἁπάντων
1579 2646 1965 2716 προκαλούμε-

399 2752 489 2799 νος
518 2736 621 2805 τὴν
669 2736 883 2805 ἄμαχον
919 2736 1137 2805 ἐκείνην
1220 2741 1500 2808 ῥομφαίαν
1556 2740 1653 2793 καὶ
1701 2741 1827 2804 τοὺς
1857 2741 1966 2792 τῶν

398 2826 587 2880 κακῶν
644 2827 943 2889 παιδευτὰς
997 2827 1274 2896 αίθερίους
1353 2830 1693 2899 κεραυνούςς
1750 2830 1968 2884 Τούτων

403 2919 503 2987 μέν
528 2914 622 2972 οὖν
657 2919 812 2973 οὐδὲν
850 2918 960 2973 τῶν
1004 2919 1258 2974 ἁπάντων
1286 2918 1401 2972 οὔτ’
1451 2915 1627 2985 εἶπον,
1665 2919 1781 2973 οὔθ’
1831 2918 1966 2994 ἧκεν

399 3011 586 3073 αὐτοῖς
603 3010 755 3063 οὐδὲν
778 3011 872 3064 ἐπὶ
900 3008 1043 3073 νοῦν,
1069 3009 1105 3063 ἃ
1131 3010 1226 3063 καὶ
1266 3011 1368 3079 τῆς
1412 3011 1671 3077 ἀληθείας
1697 3014 1966 3083 ἐγγύτερα

396 3098 469 3175 ἦν
498 3119 514 3133 ⁶
546 3102 684 3157 ἀλλὰ
740 3103 977 3166 κόλακας
1012 3101 1237 3156 ἔκαστοι
1284 3102 1476 3170 λόγους
1526 3106 1970 3174 προμελετῆσαν-

398 3211 490 3259 τες
515 3193 874 3265 ὑπισχνοῦντο
921 3194 1016 3248 καὶ
1049 3192 1383 3265 προύφερον,
1411 3194 1447 3247 ἃ
1487 3193 1648 3262 φύσις
1682 3195 1836 3265 δίκης
1868 3212 1966 3247 πε·
1991 3228 2034 3286 c

401 3288 614 3361 ραίνειν
657 3288 758 3340 οὐκ
780 3282 954 3340 οἶδενο
1005 3286 1091 3339 ὅτι
1141 3288 1255 3349 τοῖς
1306 3286 1407 3354 μὶν
1463 3286 1633 3339 πάλαι
1681 3286 1964 3355 βασιλεῦσι

399 3381 578 3436 κοινόν
609 3397 664 3433 τι
687 3381 780 3435 καὶ
816 3379 1044 3447 πάτριον
1070 3378 1394 3446 σπούδασμα
1452 3374 1542 3450 ἦν,
1580 3380 1830 3448 κομίζειν
1883 3382 1967 3431 ἐν·

397 3473 576 3526 ταῦθα
616 3470 801 3542 χρυσῷ
822 3472 916 3524 καὶ
950 3469 1176 3538 ἀργύρῳ
1206 3472 1301 3522 καί
1326 3469 1497 3532 λίθοις
1527 3470 1847 3539 πολυτίμοις
1872 3489 1967 3523 κε-

400 3564 726 3634 κωμημένα
757 3560 927 3629 σκεύη
985 3561 1083 3614 καὶ
1134 3559 1360 3624 ἐπιπλα,
1406 3560 1501 3611 καὶ
1557 3558 1785 3612 τοιαῦτα
1832 3559 1967 3611 ἄττα

399 3657 682 3728 κειμήλια.
716 3655 789 3707 Σὺ
816 3654 872 3706 δὲ
902 3652 1284 3722 προσήνεγκας
1308 3651 1482 3719 δῶρον
1528 3649 1727 3721 ἔπηλυ,
1761 3652 1858 3703 καὶ
1877 3650 1969 3702 ού-

399 3751 547 3818 δαμῆ
580 3746 699 3801 ποτ’
730 3744 998 3816 ἐγχώριον
1026 3747 1093 3814 τῇ
1148 3746 1242 3796 τοῦ
1291 3745 1429 3797 Θεοῦ
1471 3743 1774 3816 Ἐκκλησία
1798 3758 1813 3773 ⁸
1852 3744 1970 3798 ἀλλ’

399 3837 515 3897 οἷον
537 3840 648 3893 τῶν
673 3837 734 3903 ἐξ
762 3838 959 3899 αἰῶνος
990 3837 1286 3906 κεκόμικεν
1340 3835 1518 3899 οὐδεὶς
1547 3836 1760 3891 οὐδέπω
1810 3835 1970 3907 βασι-

399 3935 547 3997 λεύς.
587 3933 697 3988 Καὶ
727 3933 809 3985 σοὶ
839 3930 1157 3999 πλατυσμδν
1201 3928 1614 3998 ὑπισχνούμεθα
1662 3929 1764 3998 τῆς
1817 3930 1971 3994 ἐξου-

403 4026 520 4087 σίας
550 4024 692 4077 κατά
720 4023 765 4075 τ’
807 4019 1079 4091 Εὐρώπην
1108 4021 1207 4072 καὶ
1241 4018 1451 4081 Ἀσίαν,
1482 4014 1596 4073 οἷον
1651 4019 1818 4072 οὔπω⁸
1864 4020 1972 4071 τῶν

402 4118 572 4171 πάλαι
607 4112 870 4186 βασιλέων
912 4104 1070 4181 εὗρεν
1121 4111 1317 4177 οὐδεὶς,
1372 4110 1494 4164 οὐδὲ
1548 4111 1791 4180 μείζονος
1828 4112 1976 4163 ἀντι-

402 4208 603 4269 δόσεως
632 4206 904 4276 τετύχηκε
935 4206 1073 4274 πρδς
1109 4204 1271 4270 Θεοῦ,
1298 4203 1392 4257 τοῦ
1448 4203 1511 4256 τὸ
1561 4205 1825 4271 ἀνάλογον
1874 4204 1974 4269 τῆς

405 4297 775 4369 προσαγωγῆς
823 4295 1183 4358 ἀντιδιδόντος
1213 4296 1470 4358 κατόπιν,
1517 4295 1613 4348 καὶ
1660 4296 1747 4351 διὰ
1776 4297 1836 4347 τὸ
1878 4296 1974 4364 τῆς

404 4389 722 4451 ἀντιδόσεως
751 4388 1021 4457 πρόδηλον
1059 4387 1451 4455 ἐμφανίζοντος
1478 4389 1611 4440 πᾶσι
1630 4388 1733 4456 τὴν
1754 4387 1831 4457 μὴ
1849 4404 1975 4455 φαι-

402 4478 637 4549 νομένην
669 4477 930 4549 ποιότητά
978 4495 1038 4532 τε
1070 4478 1166 4531 καὶ
1224 4477 1456 4547 δύναμιν
1496 4477 1689 4544 αὐτῆς,
1733 4477 1870 4548 πρός
1914 4495 1973 4529 τε

403 4572 466 4625 τὸ
494 4570 770 4642 βέλτιστον
805 4571 901 4624 καὶ
932 4570 995 4624 τὸ
1015 4570 1313 4640 χείριστον.

477 4757 558 4810 Δ’.
587 4756 655 4808 'A
680 4754 745 4824 δὴ
769 4754 863 4807 καὶ
927 4751 1264 4806 ἀκουσθέντα
1322 4749 1423 4821 μὲν
1463 4750 1805 4818 Βυζαντίοις,
1839 4753 1979 4824 ὑπὲρ

406 4841 481 4900 ὧν
536 4846 635 4914 τὴν
691 4845 998 4916 πρόρρησιν
1064 4840 1488 4913 προεθέσπιζον,
1546 4843 1885 4897 άκουσθέντα
1919 4845 1979 4899 δὲ

405 4933 545 5010 sua,
584 4938 720 5008 πρὸς
750 4936 864 5005 ὃνή
908 4933 1248 5005 προσαγωγὴ
1294 4935 1389 4985 καὶ
1419 4935 1453 5004 ἡ
1504 4934 1611 4986 τῶν
1671 4936 1975 5005 μελλόντων

408 5033 586 5101 κρίσις
636 5028 939 5091 ἀνετίθετο,
979 5029 1209 5097 ταχείαν
1272 5028 1488 5096 εἰλήφει
1536 5029 1640 5092 τὴν
1698 5028 1928 5081 ἔκϐασιν
1958 5045 1970 5058 ·

407 5126 502 5193 οὐχ
520 5124 640 5177 οἷαν
657 5123 813 5175 αὐτοὶ
829 5120 1085 5191 κατᾰιτὴν
1102 5120 1371 5192 σφετέραν
1386 5120 1779 5188 προεθέσπιζον
1792 5121 1984 5192 βούλη-

410 5235 494 5268 σιν
518 5256 534 5279 ,
557 5213 674 5269 ἀλλ’
690 5214 807 5268 οἷαν
827 5212 996 5281 αίτῆς
1020 5211 1338 5280 θείαςδίκης
1362 5212 1623 5283 ἀρῤεπεῖς
1642 5212 1980 5282 ἐπεψήφιζον

410 5309 766 5374 πλάστιγγες,
835 5305 939 5357 ὑπὸ
1002 5304 1240 5373 μάρτυσι
1290 5306 1405 5364 τοῖς
1474 5304 1661 5359 εἰδόσι.
1718 5304 1981 5372 Βραχείαι

416 5381 527 5470 γὰρ
546 5400 752 5451 ἐκεῖθεν
775 5396 1001 5466 ἡμέραι,
1031 5393 1126 5448 καὶ
1148 5396 1281 5465 πυρὶ
1302 5394 1751 5461 κατανηλωκότες
1779 5396 1963 5457 πάσας

2058 624 2240 694 imago
2269 639 2462 678 eorum
2492 624 2682 686 animi,
2716 631 2773 677 et
2800 621 3047 693 quzedam
3083 622 3250 677 veluti
3316 630 3498 677 statua
3531 638 3618 675 tm-

2057 718 2294 786 pietatis.
2348 716 2561 771 Etenim
2612 722 2672 769 ut
2723 714 2889 769 verba
2945 728 3093 768 nunc
3143 728 3324 768 rerum
3372 714 3629 781 imagines

2058 818 2208 871 sunt,
2245 820 2358 862 tum
2382 808 2596 863 scilicet
2626 822 2750 862 cum
2769 816 2896 860 ante
2917 807 3324 859 exsecutionem
3349 805 3401 857 in
3428 805 3628 859 intimis

2060 898 2228 953 animi
2265 899 2638 967 penetralibus
2664 897 2845 951 adhuc
2890 896 3206 965 proludunt,
3241 905 3296 951 et
3339 894 3452 949 illic
3503 909 3629 949 suos

2057 993 2237 1048 exitus
2264 992 2618 1047 adumbratos
2674 989 3080 1059 quodammodo
3112 988 3413 1043 informant
3444 1006 3458 1041 :
3486 1003 3631 1041 nunc

2058 1084 2270 1144 eadem.
2304 1084 2398 1138 sed
2443 1084 2622 1146 aliter,
2653 1091 2780 1135 sunt
2804 1082 3099 1137 simulacra
3153 1080 3343 1146 animi,
3399 1095 3525 1134 cum
3579 1089 3631 1133 et

2061 1175 2178 1243 ipsa
2206 1184 2327 1241 post
2371 1188 2623 1226 arcanam
2657 1172 2807 1225 illam
2839 1171 3300 1225 consultationem
3332 1183 3421 1223 res
3464 1178 3520 1222 et
3549 1169 3627 1221 fa-

2060 1274 2145 1319 cta
2168 1279 2288 1318 esse
2322 1264 2616 1332 incipiunt.
2648 1263 2894 1315 animum
2925 1266 3010 1328 (ut
3040 1260 3115 1313 ita
3142 1260 3345 1329 dicam)
3375 1260 3633 1312 redolen-

2063 1356 2159 1417 tia,
2193 1370 2257 1409 ac
2305 1354 2425 1422 ejus
2481 1353 2725 1407 habitum
2759 1363 2814 1405 et
2866 1351 3124 1405 allectum
3191 1351 3333 1420 apud
3394 1362 3491 1404 eos
3539 1350 3632 1418 qui

2063 1446 2198 1500 feris
2223 1446 2334 1499 sint
2365 1444 2728 1522 exprimentia
2763 1460 2779 1495 :
2817 1445 2891 1497 ita
2917 1444 3086 1497 etiam
3142 1442 3261 1497 haec
3278 1443 3485 1509 scripta
3511 1455 3636 1494 seu-

2064 1552 2160 1591 sus
2185 1538 2336 1606 pravi
2374 1545 2430 1589 et
2460 1536 2628 1589 moris
2666 1534 2893 1589 belluini
2934 1534 3083 1587 intus
3115 1533 3339 1587 latentis
3368 1530 3637 1602 imagines

2068 1629 2281 1700 1030
2309 1628 2638 1698 spectandas
2688 1629 2907 1698 publice
2936 1628 3203 1684 exhibent
3254 1628 3324 1682 iis
3349 1626 3440 1696 qui
3504 1626 3638 1680 foris

2065 1733 2211 1787 sunt,
2244 1730 2304 1776 ut
2325 1722 2626 1775 meridiano
2658 1720 2772 1775 sole
2834 1720 3039 1774 clarius
3073 1728 3277 1790 pateat,
3331 1734 3453 1773 eam
3514 1731 3639 1771 esse

2066 1830 2254 1869 revera
2277 1814 2741 1870 abominationem
2770 1813 2978 1869 ultimas
3010 1811 3396 1867 desolationis.
3453 1810 3640 1865 Enim-

2066 1923 2197 1963 vero
2235 1908 2377 1961 Deus
2404 1907 2639 1960 invisum
2666 1905 2770 1960 sibi
2799 1904 3028 1969 donum,
3058 1914 3251 1960 saneto
3283 1904 3440 1958 altari
3465 1906 3640 1972 impo-

2065 1998 2255 2061 situm.
2289 1999 2551 2069 suffragio
2585 2014 2687 2053 suo
2712 1998 2858 2053 baud
2897 1990 3298 2068 dignatus'eSt;
3330 1996 3426 2051 sed
3451 2010 3639 2065 parem

2065 2093 2248 2147 statim
2278 2090 2519 2146 audaciae
2542 2103 2763 2159 poenam
2797 2089 3071 2157 rependit.

2134 2182 2221 2236 ΙΙΙ.
2252 2183 2319 2236 At
2345 2183 2587 2251 epise0pi
2620 2191 2676 2237 et
2704 2181 3009 2250 presbyteri
3043 2188 3157 2233 tum
3219 2180 3643 2233 circumstantes

2064 2275 2304 2329 universi
2342 2274 2754 2329 acclamabant:
2796 2288 2903 2327 non
2925 2272 3019 2341 {illi
3051 2272 3273 2341 quidem
3323 2272 3409 2325 bis
3436 2270 3639 2331 verbis.

2064 2368 2208 2422 sicut
2257 2366 2504 2429 decebat,
2556 2380 2682 2420 eum
2713 2364 3065 2435 obiurgantes
3088 2381 3107 2418 :
3132 2361 3280 2417 Heus
3341 2374 3420 2429 tu,
3454 2363 3641 2421 boum.

2062 2460 2339 2527 quomodo
2361 2471 2529 2511 ausus
2554 2471 2616 2512 es
2646 2456 2810 2510 unico
2845 2456 3093 2509 omnium
3146 2456 3359 2509 auctori
3394 2455 3506 2509 Deo
3564 2455 3645 2508 of-

2064 2553 2209 2607 ferre
2255 2549 2595 2605 diversarum
2653 2546 3008 2602 divinitatum
3050 2546 3483 2610 multitudinem,
3540 2560 3644 2598 nec

2068 2644 2274 2698 veritus
2308 2658 2369 2697 es
2398 2643 2452 2696 in
2482 2650 2534 2697 te
2563 2642 2766 2710 ipsum,
2794 2640 2849 2694 in
2876 2655 3000 2706 nos,
3034 2639 3088 2693 in
3117 2655 3313 2694 omnes
3347 2642 3642 2700 Romanus.

2065 2737 2209 2790 ciere
2230 2735 2469 2805 gladium
2500 2734 2653 2787 illum
2688 2731 3123 2792 intolerabilem.
3163 2740 3219 2785 et
3257 2731 3502 2786 coelestia
3535 2730 3642 2783 lul-

2064 2829 2233 2894 mina,
2273 2842 2369 2897 per
2399 2842 2521 2897 quae
2551 2825 2782 2895 improbi
2808 2823 3188 2895 castigantur?
3236 2821 3441 2877 ﬂorum
3506 2823 3643 2875 nihil

2064 2921 2132 2973 ab
2171 2920 2239 2972 iis
2263 2919 2493 2981 dictum,
2527 2918 2638 2971 imo
2666 2933 2735 2973 ne
2759 2917 3055 2987 cegitatum
3083 2915 3307 2986 quidem
3340 2934 3354 2970 :
3386 2931 3506 2985 quae
3564 2926 3647 2968 ta-

2066 3028 2190 3066 men
2212 3011 2358 3064 veris
2380 3010 2645 3081 propiora
2673 3018 2854 3067 erant.
2888 3010 2998 3065 Sed
3032 3011 3199 3065 verba
3259 3011 3644 3079 unusquisque

2066 3104 2341 3159 adulantis
2370 3102 2756 3173 praemeditati,
2817 3102 3225 3172 pollicebantur
3284 3111 3340 3157 et
3376 3118 3646 3171 propone-

2071 3200 2284 3251 bantca
2314 3210 2459 3265 quze,
2519 3203 2580 3250 ut
2626 3202 2712 3249 est
2769 3204 2967 3248 natura
2992 3195 3241 3263 justitize,
3282 3196 3470 3264 perlici
3532 3210 3643 3248 non

2069 3287 2357 3342 debebant.
2392 3303 2412 3338 ι
2442 3287 2700 3340 Veterum
2743 3285 3137 3355 imperatorum
3186 3300 3482 3340 commune
3510 3285 3644 3338 illud

2066 3390 2123 3432 et
2152 3379 2389 3448 patrium
2426 3377 2737 3431 institutum
2768 3375 2875 3431 fuit
2930 3376 3219 3447 (aiebant),
3287 3384 3347 3431 ut
3402 3392 3527 3431 vasa
3588 3388 3649 3431 ct

2074 3468 2456 3537 supellectilia,
2509 3483 2668 3533 auro,
2701 3477 2954 3537 argento,
2983 3478 3038 3523 et
3078 3470 3339 3538 pretiosis
3370 3469 3649 3537 lapidibus

2068 3569 2280 3621 ornata,
2317 3569 2373 3614 et
2397 3560 2532 3613 alias
2557 3560 2825 3630 ejusmodi
2873 3575 3036 3631 gazas
3064 3560 3265 3614 aﬂ‘erre
3308 3560 3415 3614 huc
3457 3562 3649 3615 attule-

2072 3644 2215 3706 rent.
2251 3651 2332 3705 Tu
2359 3665 2493 3706 vero
2526 3650 3008 3705 obtulisti‘donum
3044 3651 3427 3717 adventitium,
3453 3660 3506 3704 et
3530 3668 3646 3707 rem

2072 3752 2295 3805 minime
2356 3748 2665 3814 indigenam
2700 3749 2957 3804 Ecclesiae
2993 3750 3126 3816 Dei;
3176 3750 3271 3804 sed
3325 3750 3539 3819 qualem
3579 3750 3647 3803 ah

2071 3842 2221 3894 omni
2243 3856 2358 3893 aevo
2384 3840 2566 3894 nullus
2594 3855 2832 3909 unquam
2888 3840 3145 3909 princeps
3194 3839 3474 3894 intulerat.
3536 3838 3649 3893 Nos

2073 3946 2255 3988 autem
2283 3934 2378 3986 tibi
2410 3932 2600 3987 ﬁniunt
2638 3931 2856 4001 imperii
2888 3942 2944 3987 et
2978 3932 3208 3988 ditionis
3246 3948 3344 4002 per
3375 3933 3645 4008 Europam

2072 4032 2128 4080 et
2156 4041 2252 4094 per
2277 4024 2459 4079 Asiam
2518 4026 2963 4094 propagationem
3023 4025 3381 4095 pollicemur;
3454 4024 3532 4078 sic
3589 4036 3650 4082 ut

2076 4129 2319 4170 veterum
2356 4116 2667 4185 principum
2699 4115 2908 4169 nemini
2943 4131 3183 4184 unquam
3221 4115 3343 4169 talis
3365 4115 3645 4185 obtigerit,

2074 4223 2176 4262 nec
2208 4209 2379 4279 major
2413 4208 2668 4277 cuiquam
2702 4221 2915 4261 merces
2939 4206 3064 4261 data
3096 4223 3125 4260 a
3159 4209 3270 4260 Deo
3298 4209 3467 4261 fuerit
3498 4226 3511 4261 :
3544 4210 3639 4275 qui

2073 4299 2317 4368 quidem,
2353 4312 2450 4367 pro
2480 4296 2648 4350 oblati
2680 4299 2926 4352 muneris
2970 4300 3204 4361 ratione,
3247 4299 3452 4369 1031
3503 4300 3649 4353 solet

2074 4390 2294 4458 dignam
2333 4388 2535 4441 deinde
2566 4387 2872 4442 mercedem
2915 4389 3253 4456 persolvere.
3288 4401 3344 4443 et
3408 4405 3504 4457 per
3532 4391 3649 4444 evi-

2077 4482 2213 4535 dens
2245 4482 2527 4549 praamium
2573 4480 2829 4534 latentem
2858 4479 2987 4534 doni
3030 4481 3237 4548 accepti
3276 4479 3645 4534 conditionem

2009 4574 2136 4629 Det
2162 4583 2432 4637 naturam,
2475 4581 2748 4642 quatenus
2778 4571 2963 4627 ea'vel
3010 4575 3213 4641 optima
3266 4572 3350 4627 vel
3411 4575 3647 4642 pessima

2079 4670 2170 4731 sit,
2196 4665 2429 4733 prodere
2457 4675 2513 4718 et
2544 4665 2845 4719 declarare.
2888 4682 2908 4715 ι

2150 4757 2235 4811 IV.
2265 4755 2391 4810 llaec
2411 4756 2598 4810 audita
2640 4772 2665 4809 a
2698 4755 2992 4825 Byzantiis.
3050 4770 3283 4824 quorum
3315 4756 3485 4824 gratia
3519 4773 3649 4810 ora-

2076 4851 2258 4903 culum
2289 4849 2421 4902 illud
2454 4849 2787 4923 cauebatur;
2834 4849 3013 4902 audita
3048 4845 3175 4901 ne...
3211 4864 3240 4903 α
3272 4851 3403 4911 Deo.
3450 4850 3539 4903 cui
3595 4861 3651 4904 et

2074 4942 2411 4995 oll‘erebatur
2456 4940 2683 5003 donum,
2735 4950 2790 4993 et
2829 4940 3136 4993 futurorum
3186 4940 3459 5007 judicium
3527 4957 3654 5010 per-

2078 5034 2411 5093 mittebatur.
2442 5032 2678 5085 celerem
2707 5034 2914 5085 exitum
2950 5032 3299 5099 habuerunt;
3358 5049 3468 5086 non
3507 5049 3647 5101 qua-

2075 5124 2181 5177 lem
2204 5124 2278 5177 illi
2331 5141 2427 5193 pro
2458 5140 2553 5177 sua
2616 5123 2899 5178 voluntate
2972 5124 3255 5177 vaticinati
3307 5133 3508 5189 erant;
3552 5125 3650 5179 sed

2075 5232 2203 5269 eum
2232 5216 2433 5285 ipsum,
2464 5233 2624 5283 quem
2652 5217 2864 5287 justitia
2905 5216 3089 5270 divina
3119 5217 3449 5288 aequissimis
3474 5216 3649 5272 lanci-

2076 5307 2180 5363 bus
2244 5310 2605 5378 ponderatutu
2663 5311 2943 5380 irrogavit.
2998 5310 3191 5366 Testes
3253 5311 3407 5366 luere
3462 5312 3500 5365 ii
3554 5312 3649 5380 qui

2075 5399 2279 5452 sciunt.
2316 5400 2527 5454 Etenim
2584 5402 2770 5468 paucis
2801 5414 2867 5454 ex
2919 5414 2986 5453 eo
3015 5399 3212 5453 diebus
3254 5399 3479 5469 elapsis,
3526 5397 3651 5454 illas

1740 5516 2069 5579 Variorum
2115 5528 2302 5583 notae.

482 5641 593 5708 (37)
618 5639 752 5694 Cum
777 5637 1053 5695 Palamita:
1099 5640 1268 5693 multa
1317 5649 1371 5693 et
1405 5640 1663 5709 pratelara
1697 5640 1976 5696 Cantacn-

417 5726 548 5764 ιι·ηο
579 5709 977 5779 promisissent,
1008 5711 1052 5762 si
1077 5709 1306 5763 Turnum
1345 5728 1505 5764 suum
1533 5713 1686 5765 altari
1727 5712 1846 5780 ipse
1876 5713 1978 5763 im-

417 5788 660 5847 poneret,
686 5794 748 5849 ae
771 5795 910 5832 novo
942 5781 1047 5833 ritu
1080 5793 1447 5838 consecraret.
1476 5782 1769 5849 Gregoras,
1802 5781 1893 5833 ubi
1920 5782 1972 5834 id

419 5851 653 5908 rescivit.
679 5848 817 5913 Ima.
867 5849 1067 5915 inquit,
1121 5867 1235 5904 cum
1268 5852 1495 5906 videritis
1524 5851 1973 5910 abominatioucm

2075 5645 2416 5700 dewlationis
2440 5658 2662 5700 stantem
2701 5648 2755 5701 in
2796 5647 2907 5700 loco
2931 5654 3136 5710 sancto,
3181 5646 3477 5713 cognoscite
3515 5660 3650 5710 qua-

2076 5718 2222 5787 nium
2244 5720 2685 5787 appropinquavit
2709 5719 2959 5769 desolatio
2982 5718 3187 5779 imperii
3220 5715 3465 5771 Romani.
3508 5714 3646 5771 Vide

2077 5785 2211 5840 Hist.
2238 5785 2335 5842 lib».
2373 5785 2652 5859 unum.
2689 5788 2788 5843 ult.
2818 5789 3023 5845 BUIVIN.
