  <div class='ocr_page' id='page_1' title='image "/cluster/home/n/w/nwhite01/storage/ocr_20150623/148/mdp.39015078384768/676.png"; bbox 0 0 4046 6248; ppageno 0'>
   <div class='ocr_carea' id='block_1_1' title="bbox 357 339 489 403">
    <p class='ocr_par' dir='ltr' id='par_1_1' title="bbox 357 339 489 403">
     <span class='ocr_line' id='line_1_1' title="bbox 357 339 489 403; baseline 0 -1"><span class='ocrx_word' id='word_1_1' title='bbox 357 339 489 403; x_wconf 78' lang='grc'><strong>1317</strong></span> 
     </span>
    </p>
   </div>
   <div class='ocr_carea' id='block_1_2' title="bbox 739 340 1106 414">
    <p class='ocr_par' dir='ltr' id='par_1_2' title="bbox 739 340 1106 414">
     <span class='ocr_line' id='line_1_2' title="bbox 739 340 1106 414; baseline 0.011 -21"><span class='ocrx_word' id='word_1_2' title='bbox 739 340 808 412; x_wconf 67' lang='grc' dir='ltr'>μ.</span> <span class='ocrx_word' id='word_1_3' title='bbox 853 357 901 398; x_wconf 83' lang='lat' dir='ltr'><strong>c.</strong></span> <span class='ocrx_word' id='word_1_4' title='bbox 946 340 1106 414; x_wconf 68' lang='lat'><strong>15511</strong></span> 
     </span>
    </p>
   </div>
   <div class='ocr_carea' id='block_1_3' title="bbox 1252 331 2524 406">
    <p class='ocr_par' dir='ltr' id='par_1_3' title="bbox 1252 331 2524 406">
     <span class='ocr_line' id='line_1_3' title="bbox 1252 331 2524 406; baseline -0.011 -1"><span class='ocrx_word' id='word_1_5' title='bbox 1252 340 1690 406; x_wconf 67' lang='grc' dir='ltr'><strong>ΒΥΖΛΝἹἸΝΕ</strong></span> <span class='ocrx_word' id='word_1_6' title='bbox 1729 335 2108 397; x_wconf 66' lang='grc' dir='ltr'><strong>ΙΠΞΤΟΗΙΕ</strong></span> <span class='ocrx_word' id='word_1_7' title='bbox 2149 334 2294 396; x_wconf 83' lang='lat' dir='ltr'><strong>LIB.</strong></span> <span class='ocrx_word' id='word_1_8' title='bbox 2336 331 2524 392; x_wconf 71' lang='lat' dir='ltr'><strong>XXII.</strong></span> 
     </span>
    </p>
   </div>
   <div class='ocr_carea' id='block_1_4' title="bbox 2657 328 3330 399">
    <p class='ocr_par' dir='ltr' id='par_1_4' title="bbox 2657 328 3330 399">
     <span class='ocr_line' id='line_1_4' title="bbox 2657 328 3330 399; baseline 0 -19"><span class='ocrx_word' id='word_1_9' title='bbox 2657 329 2788 399; x_wconf 69' lang='grc' dir='ltr'>[μιν.</span> <span class='ocrx_word' id='word_1_10' title='bbox 2825 343 2870 381; x_wconf 75' lang='grc' dir='ltr'>ι.</span> <span class='ocrx_word' id='word_1_11' title='bbox 2919 362 2930 380; x_wconf 89' lang='grc'><strong>.</strong></span> <span class='ocrx_word' id='word_1_12' title='bbox 2962 341 3244 382; x_wconf 69' lang='grc' dir='ltr'>εικτιιευτ.</span> <span class='ocrx_word' id='word_1_13' title='bbox 3276 328 3330 397; x_wconf 72' lang='grc'><strong>5]</strong></span> 
     </span>
    </p>
   </div>
   <div class='ocr_carea' id='block_1_5' title="bbox 3443 329 3582 394">
    <p class='ocr_par' dir='ltr' id='par_1_5' title="bbox 3443 329 3582 394">
     <span class='ocr_line' id='line_1_5' title="bbox 3443 329 3582 394; baseline 0.022 -3"><span class='ocrx_word' id='word_1_14' title='bbox 3443 329 3582 394; x_wconf 78' lang='grc'><strong>1318</strong></span> 
     </span>
    </p>
   </div>
   <div class='ocr_carea' id='block_1_6' title="bbox 351 441 1923 530">
    <p class='ocr_par' dir='ltr' id='par_1_6' title="bbox 351 452 1916 530">
     <span class='ocr_line' id='line_1_6' title="bbox 351 452 1916 530; baseline -0.013 -7"><span class='ocrx_word' id='word_1_15' title='bbox 351 457 447 522; x_wconf 54' lang='grc' dir='ltr'><strong>τῖς</strong></span> <span class='ocrx_word' id='word_1_16' title='bbox 483 454 656 525; x_wconf 64' lang='grc' dir='ltr'><strong>ψυχῆς</strong></span> <span class='ocrx_word' id='word_1_17' title='bbox 697 456 928 526; x_wconf 66' lang='grc' dir='ltr'>βελτίονι</span> <span class='ocrx_word' id='word_1_18' title='bbox 974 461 1154 530; x_wconf 79' lang='grc' dir='ltr'>μέρει,</span> <span class='ocrx_word' id='word_1_19' title='bbox 1210 459 1306 512; x_wconf 89' lang='grc' dir='ltr'><strong>νῦν</strong></span> <span class='ocrx_word' id='word_1_20' title='bbox 1344 457 1441 528; x_wconf 79' lang='grc' dir='ltr'>μὲν</span> <span class='ocrx_word' id='word_1_21' title='bbox 1479 457 1688 524; x_wconf 69' lang='grc' dir='ltr'>θατέρῳ</span> <span class='ocrx_word' id='word_1_22' title='bbox 1719 452 1916 523; x_wconf 76' lang='grc' dir='ltr'>μᾶλλον</span> 
     </span>
    </p>
   </div>
   <div class='ocr_carea' id='block_1_7' title="bbox 2023 441 3583 530">
    <p class='ocr_par' dir='ltr' id='par_1_7' title="bbox 2023 441 3583 515">
     <span class='ocr_line' id='line_1_7' title="bbox 2023 441 3583 515; baseline -0.003 -16"><span class='ocrx_word' id='word_1_23' title='bbox 2023 455 2135 500; x_wconf 88' lang='lat' dir='ltr'><strong>tum</strong></span> <span class='ocrx_word' id='word_1_24' title='bbox 2167 444 2372 515; x_wconf 65' lang='grc'><strong>1041</strong></span> <span class='ocrx_word' id='word_1_25' title='bbox 2409 451 2615 506; x_wconf 87' lang='lat' dir='ltr'><strong>tenent,</strong></span> <span class='ocrx_word' id='word_1_26' title='bbox 2650 441 2703 497; x_wconf 90' lang='lat' dir='ltr'><strong>in</strong></span> <span class='ocrx_word' id='word_1_27' title='bbox 2743 451 3009 512; x_wconf 90' lang='lat' dir='ltr'><strong>quantum</strong></span> <span class='ocrx_word' id='word_1_28' title='bbox 3060 442 3266 495; x_wconf 71' lang='lat' dir='ltr'><strong>scilicet</strong></span> <span class='ocrx_word' id='word_1_29' title='bbox 3312 442 3583 495; x_wconf 68' lang='lat' dir='ltr'><strong>ext-rllrn-</strong></span> 
     </span>
    </p>
   </div>
   <div class='ocr_carea' id='block_1_8' title="bbox 353 544 1914 620">
    <p class='ocr_par' dir='ltr' id='par_1_8' title="bbox 353 544 1914 620">
     <span class='ocr_line' id='line_1_8' title="bbox 353 544 1914 620; baseline -0.002 -21"><span class='ocrx_word' id='word_1_30' title='bbox 353 548 525 610; x_wconf 77' lang='grc' dir='ltr'>ένίους</span> <span class='ocrx_word' id='word_1_31' title='bbox 585 548 691 600; x_wconf 80' lang='grc' dir='ltr'><strong>τῶν</strong></span> <span class='ocrx_word' id='word_1_32' title='bbox 756 551 924 603; x_wconf 84' lang='grc' dir='ltr'>πάλαι</span> <span class='ocrx_word' id='word_1_33' title='bbox 969 550 1233 620; x_wconf 84' lang='grc' dir='ltr'>παρέχειν</span> <span class='ocrx_word' id='word_1_34' title='bbox 1295 549 1476 616; x_wconf 72' lang='grc' dir='ltr'>σοφῶν</span> <span class='ocrx_word' id='word_1_35' title='bbox 1524 547 1624 618; x_wconf 75' lang='grc' dir='ltr'>τὴν</span> <span class='ocrx_word' id='word_1_36' title='bbox 1669 544 1914 616; x_wconf 83' lang='grc' dir='ltr'>βελτίονα</span> 
     </span>
    </p>
   </div>
   <div class='ocr_carea' id='block_1_9' title="bbox 356 640 1914 711">
    <p class='ocr_par' dir='ltr' id='par_1_9' title="bbox 356 640 1914 711">
     <span class='ocr_line' id='line_1_9' title="bbox 356 640 1914 711; baseline 0 -20"><span class='ocrx_word' id='word_1_37' title='bbox 356 643 552 710; x_wconf 75' lang='grc' dir='ltr'>μοῖραν</span> <span class='ocrx_word' id='word_1_38' title='bbox 603 642 900 709; x_wconf 81' lang='grc' dir='ltr'>ἀκούομεν,</span> <span class='ocrx_word' id='word_1_39' title='bbox 947 643 1041 697; x_wconf 73' lang='grc' dir='ltr'><strong>νῦν</strong></span> <span class='ocrx_word' id='word_1_40' title='bbox 1080 645 1124 698; x_wconf 85' lang='grc' dir='ltr'>δ’</span> <span class='ocrx_word' id='word_1_41' title='bbox 1174 645 1350 708; x_wconf 75' lang='grc' dir='ltr'>ένίους</span> <span class='ocrx_word' id='word_1_42' title='bbox 1413 643 1648 711; x_wconf 78' lang='grc' dir='ltr'>θατέρῳ.</span> <span class='ocrx_word' id='word_1_43' title='bbox 1703 641 1765 692; x_wconf 84' lang='lat' dir='ltr'><strong>&#39;ll</strong></span> <span class='ocrx_word' id='word_1_44' title='bbox 1815 640 1914 708; x_wconf 81' lang='grc' dir='ltr'>μὲν</span> 
     </span>
    </p>
   </div>
   <div class='ocr_carea' id='block_1_10' title="bbox 353 733 1918 808">
    <p class='ocr_par' dir='ltr' id='par_1_10' title="bbox 353 733 1918 808">
     <span class='ocr_line' id='line_1_10' title="bbox 353 733 1918 808; baseline 0.001 -24"><span class='ocrx_word' id='word_1_45' title='bbox 353 733 461 804; x_wconf 78' lang='grc' dir='ltr'><strong>γάρ</strong></span> <span class='ocrx_word' id='word_1_46' title='bbox 488 733 598 784; x_wconf 85' lang='grc' dir='ltr'><strong>τῶν</strong></span> <span class='ocrx_word' id='word_1_47' title='bbox 625 734 939 788; x_wconf 66' lang='grc' dir='ltr'>ἐνεστώτων</span> <span class='ocrx_word' id='word_1_48' title='bbox 968 737 1334 808; x_wconf 74' lang='grc' dir='ltr'><strong>ἀντιληπτικὴ</strong></span> <span class='ocrx_word' id='word_1_49' title='bbox 1367 737 1464 790; x_wconf 73' lang='grc' dir='ltr'>καὶ</span> <span class='ocrx_word' id='word_1_50' title='bbox 1506 736 1790 804; x_wconf 75' lang='grc' dir='ltr'><strong>παρόντων</strong></span> <span class='ocrx_word' id='word_1_51' title='bbox 1817 733 1918 802; x_wconf 71' lang='lat' dir='ltr'><strong>p.6-</strong></span> 
     </span>
    </p>
   </div>
   <div class='ocr_carea' id='block_1_11' title="bbox 352 823 1916 900">
    <p class='ocr_par' dir='ltr' id='par_1_11' title="bbox 352 823 1916 900">
     <span class='ocr_line' id='line_1_11' title="bbox 352 823 1916 900; baseline 0 -22"><span class='ocrx_word' id='word_1_52' title='bbox 352 841 445 878; x_wconf 86' lang='grc' dir='ltr'><strong>νον</strong></span> <span class='ocrx_word' id='word_1_53' title='bbox 474 827 507 893; x_wconf 86' lang='grc' dir='ltr'><strong>ἡ</strong></span> <span class='ocrx_word' id='word_1_54' title='bbox 536 825 660 896; x_wconf 65' lang='grc' dir='ltr'>δψις</span> <span class='ocrx_word' id='word_1_55' title='bbox 694 826 1020 898; x_wconf 72' lang='grc' dir='ltr'><strong>ὑπάρχουσα</strong></span> <span class='ocrx_word' id='word_1_56' title='bbox 1074 828 1416 900; x_wconf 86' lang='grc' dir='ltr'>δραστικωτέ</span> <span class='ocrx_word' id='word_1_57' title='bbox 1428 845 1526 893; x_wconf 86' lang='grc' dir='ltr'><strong>ραν</strong></span> <span class='ocrx_word' id='word_1_58' title='bbox 1564 827 1714 897; x_wconf 81' lang='grc' dir='ltr'>ὅμως</span> <span class='ocrx_word' id='word_1_59' title='bbox 1743 825 1818 886; x_wconf 83' lang='grc' dir='ltr'>ὡς</span> <span class='ocrx_word' id='word_1_60' title='bbox 1846 823 1916 878; x_wconf 75' lang='grc' dir='ltr'>τὰ</span> 
     </span>
    </p>
   </div>
   <div class='ocr_carea' id='block_1_12' title="bbox 355 917 1912 992">
    <p class='ocr_par' dir='ltr' id='par_1_12' title="bbox 355 917 1912 992">
     <span class='ocr_line' id='line_1_12' title="bbox 355 917 1912 992; baseline 0.001 -24"><span class='ocrx_word' id='word_1_61' title='bbox 355 917 527 969; x_wconf 77' lang='grc' dir='ltr'>πολλά</span> <span class='ocrx_word' id='word_1_62' title='bbox 571 918 672 988; x_wconf 70' lang='grc' dir='ltr'>τὴν</span> <span class='ocrx_word' id='word_1_63' title='bbox 711 918 821 972; x_wconf 86' lang='grc' dir='ltr'><strong>τῶν</strong></span> <span class='ocrx_word' id='word_1_64' title='bbox 849 920 1225 990; x_wconf 67' lang='grc' dir='ltr'><strong>ὑποκειμένων</strong></span> <span class='ocrx_word' id='word_1_65' title='bbox 1270 917 1808 992; x_wconf 83' lang='grc' dir='ltr'>παρέχεταιγνῶσιν</span> <span class='ocrx_word' id='word_1_66' title='bbox 1830 936 1845 950; x_wconf 75' lang='grc' dir='ltr'><strong><em>ο</em></strong></span> <span class='ocrx_word' id='word_1_67' title='bbox 1878 919 1912 987; x_wconf 78' lang='grc' dir='ltr'>ἡ</span> 
     </span>
    </p>
   </div>
   <div class='ocr_carea' id='block_1_13' title="bbox 355 1007 1914 1082">
    <p class='ocr_par' dir='ltr' id='par_1_13' title="bbox 355 1007 1914 1082">
     <span class='ocr_line' id='line_1_13' title="bbox 355 1007 1914 1082; baseline 0.004 -22"><span class='ocrx_word' id='word_1_68' title='bbox 355 1007 402 1058; x_wconf 81' lang='grc' dir='ltr'>δ’</span> <span class='ocrx_word' id='word_1_69' title='bbox 432 1007 573 1080; x_wconf 78' lang='grc' dir='ltr'>ἀκοὴ</span> <span class='ocrx_word' id='word_1_70' title='bbox 597 1009 946 1079; x_wconf 81' lang='grc' dir='ltr'>ἀμόλυτέραν</span> <span class='ocrx_word' id='word_1_71' title='bbox 977 1013 1074 1082; x_wconf 81' lang='grc' dir='ltr'><strong>μέν</strong></span> <span class='ocrx_word' id='word_1_72' title='bbox 1105 1029 1246 1079; x_wconf 85' lang='grc' dir='ltr'>πως,</span> <span class='ocrx_word' id='word_1_73' title='bbox 1277 1011 1625 1081; x_wconf 74' lang='grc' dir='ltr'><strong>πλατυτέραν</strong></span> <span class='ocrx_word' id='word_1_74' title='bbox 1655 1011 1702 1062; x_wconf 83' lang='grc' dir='ltr'>δ’</span> <span class='ocrx_word' id='word_1_75' title='bbox 1740 1011 1914 1081; x_wconf 78' lang='grc' dir='ltr'>ὅμως.</span> 
     </span>
    </p>
   </div>
   <div class='ocr_carea' id='block_1_14' title="bbox 357 1095 1916 1172">
    <p class='ocr_par' dir='ltr' id='par_1_14' title="bbox 357 1095 1916 1172">
     <span class='ocr_line' id='line_1_14' title="bbox 357 1095 1916 1172; baseline 0.003 -23"><span class='ocrx_word' id='word_1_76' title='bbox 357 1095 480 1149; x_wconf 84' lang='grc' dir='ltr'>τῶν</span> <span class='ocrx_word' id='word_1_77' title='bbox 504 1113 562 1150; x_wconf 89' lang='grc' dir='ltr'><strong>τε</strong></span> <span class='ocrx_word' id='word_1_78' title='bbox 589 1098 695 1168; x_wconf 86' lang='grc' dir='ltr'><strong>γὰρ</strong></span> <span class='ocrx_word' id='word_1_79' title='bbox 728 1099 1011 1169; x_wconf 79' lang='grc' dir='ltr'><strong>παρόντων</strong></span> <span class='ocrx_word' id='word_1_80' title='bbox 1049 1102 1292 1172; x_wconf 74' lang='grc' dir='ltr'>εὐχερῶς</span> <span class='ocrx_word' id='word_1_81' title='bbox 1322 1100 1792 1171; x_wconf 76' lang='grc' dir='ltr'>ἀντιλαμϐάνεται</span> <span class='ocrx_word' id='word_1_82' title='bbox 1821 1104 1916 1153; x_wconf 75' lang='grc' dir='ltr'>καὶ</span> 
     </span>
    </p>
   </div>
   <div class='ocr_carea' id='block_1_15' title="bbox 355 1187 1917 1264">
    <p class='ocr_par' dir='ltr' id='par_1_15' title="bbox 355 1187 1917 1264">
     <span class='ocr_line' id='line_1_15' title="bbox 355 1187 1917 1264; baseline 0.005 -25"><span class='ocrx_word' id='word_1_83' title='bbox 355 1187 467 1241; x_wconf 82' lang='grc' dir='ltr'><strong>τῶν</strong></span> <span class='ocrx_word' id='word_1_84' title='bbox 500 1189 751 1245; x_wconf 80' lang='grc' dir='ltr'>ἀπόντων</span> <span class='ocrx_word' id='word_1_85' title='bbox 783 1191 860 1256; x_wconf 85' lang='grc' dir='ltr'><strong>ὡς</strong></span> <span class='ocrx_word' id='word_1_86' title='bbox 901 1193 1189 1262; x_wconf 79' lang='grc' dir='ltr'>παρόντων</span> <span class='ocrx_word' id='word_1_87' title='bbox 1220 1193 1562 1256; x_wconf 72' lang='grc' dir='ltr'>αἰσθάνεται,</span> <span class='ocrx_word' id='word_1_88' title='bbox 1617 1193 1917 1264; x_wconf 76' lang='grc' dir='ltr'>δαιμονίως</span> 
     </span>
    </p>
   </div>
   <div class='ocr_carea' id='block_1_16' title="bbox 357 1280 1918 1356">
    <p class='ocr_par' dir='ltr' id='par_1_16' title="bbox 357 1280 1918 1356">
     <span class='ocr_line' id='line_1_16' title="bbox 357 1280 1918 1356; baseline 0.004 -25"><span class='ocrx_word' id='word_1_89' title='bbox 357 1280 456 1345; x_wconf 85' lang='grc' dir='ltr'><strong>τάς</strong></span> <span class='ocrx_word' id='word_1_90' title='bbox 480 1285 713 1346; x_wconf 75' lang='grc' dir='ltr'>τοπικὰς</span> <span class='ocrx_word' id='word_1_91' title='bbox 767 1285 1122 1341; x_wconf 80' lang='grc' dir='ltr'>συνάπτουσα</span> <span class='ocrx_word' id='word_1_92' title='bbox 1164 1285 1496 1349; x_wconf 78' lang='grc' dir='ltr'>διαστάσεις.</span> <span class='ocrx_word' id='word_1_93' title='bbox 1531 1287 1593 1339; x_wconf 79' lang='lat' dir='ltr'><strong>Et</strong></span> <span class='ocrx_word' id='word_1_94' title='bbox 1628 1286 1684 1338; x_wconf 83' lang='grc' dir='ltr'><strong>δέ</strong></span> <span class='ocrx_word' id='word_1_95' title='bbox 1711 1301 1789 1356; x_wconf 88' lang='grc' dir='ltr'><strong>τῳ</strong></span> <span class='ocrx_word' id='word_1_96' title='bbox 1840 1285 1918 1355; x_wconf 77' lang='grc' dir='ltr'>μὴ</span> 
     </span>
    </p>
   </div>
   <div class='ocr_carea' id='block_1_17' title="bbox 358 1369 1922 1443">
    <p class='ocr_par' dir='ltr' id='par_1_17' title="bbox 358 1369 1922 1443">
     <span class='ocr_line' id='line_1_17' title="bbox 358 1369 1922 1443; baseline 0.008 -28"><span class='ocrx_word' id='word_1_97' title='bbox 358 1370 616 1436; x_wconf 75' lang='grc' dir='ltr'>φορτικὸς</span> <span class='ocrx_word' id='word_1_98' title='bbox 639 1369 670 1420; x_wconf 86' lang='grc' dir='ltr'><strong>ό</strong></span> <span class='ocrx_word' id='word_1_99' title='bbox 699 1369 880 1436; x_wconf 87' lang='grc' dir='ltr'>λόγος,</span> <span class='ocrx_word' id='word_1_100' title='bbox 927 1369 1071 1440; x_wconf 73' lang='grc' dir='ltr'>αὕτη</span> <span class='ocrx_word' id='word_1_101' title='bbox 1129 1372 1229 1425; x_wconf 78' lang='grc' dir='ltr'>καὶ</span> <span class='ocrx_word' id='word_1_102' title='bbox 1265 1371 1377 1424; x_wconf 89' lang='grc' dir='ltr'><strong>τῶν</strong></span> <span class='ocrx_word' id='word_1_103' title='bbox 1411 1373 1716 1443; x_wconf 76' lang='grc' dir='ltr'>μελλόντων</span> <span class='ocrx_word' id='word_1_104' title='bbox 1747 1373 1922 1442; x_wconf 80' lang='grc' dir='ltr'>ἑρμηο</span> 
     </span>
    </p>
   </div>
   <div class='ocr_carea' id='block_1_18' title="bbox 359 1462 1918 1536">
    <p class='ocr_par' dir='ltr' id='par_1_18' title="bbox 359 1462 1918 1536">
     <span class='ocr_line' id='line_1_18' title="bbox 359 1462 1918 1536; baseline 0.004 -25"><span class='ocrx_word' id='word_1_105' title='bbox 359 1463 483 1522; x_wconf 77' lang='grc' dir='ltr'><strong>νεὺς</strong></span> <span class='ocrx_word' id='word_1_106' title='bbox 512 1462 706 1531; x_wconf 78' lang='grc' dir='ltr'>ὁρᾶται</span> <span class='ocrx_word' id='word_1_107' title='bbox 730 1462 842 1526; x_wconf 70' lang='grc' dir='ltr'>τοῖς</span> <span class='ocrx_word' id='word_1_108' title='bbox 881 1465 997 1530; x_wconf 68' lang='grc' dir='ltr'>νῦν,</span> <span class='ocrx_word' id='word_1_109' title='bbox 1040 1465 1094 1516; x_wconf 81' lang='grc' dir='ltr'><strong>εί</strong></span> <span class='ocrx_word' id='word_1_110' title='bbox 1115 1480 1200 1526; x_wconf 90' lang='grc' dir='ltr'><strong>τις</strong></span> <span class='ocrx_word' id='word_1_111' title='bbox 1257 1464 1462 1536; x_wconf 82' lang='grc' dir='ltr'>Μωσῆς</span> <span class='ocrx_word' id='word_1_112' title='bbox 1509 1468 1603 1518; x_wconf 80' lang='grc' dir='ltr'>καὶ</span> <span class='ocrx_word' id='word_1_113' title='bbox 1636 1465 1800 1519; x_wconf 72' lang='grc' dir='ltr'>Δασὶδ</span> <span class='ocrx_word' id='word_1_114' title='bbox 1832 1465 1918 1519; x_wconf 78' lang='grc' dir='ltr'>διὰ</span> 
     </span>
    </p>
   </div>
   <div class='ocr_carea' id='block_1_19' title="bbox 361 1549 1919 1629">
    <p class='ocr_par' dir='ltr' id='par_1_19' title="bbox 361 1549 1919 1629">
     <span class='ocr_line' id='line_1_19' title="bbox 361 1549 1919 1629; baseline 0.005 -27"><span class='ocrx_word' id='word_1_115' title='bbox 361 1549 677 1620; x_wconf 77' lang='grc' dir='ltr'>Πνεύματος</span> <span class='ocrx_word' id='word_1_116' title='bbox 731 1551 875 1607; x_wconf 86' lang='grc' dir='ltr'>θείου</span> <span class='ocrx_word' id='word_1_117' title='bbox 916 1554 1016 1626; x_wconf 74' lang='grc' dir='ltr'>τὴν</span> <span class='ocrx_word' id='word_1_118' title='bbox 1043 1555 1247 1610; x_wconf 83' lang='grc' dir='ltr'>τούτων</span> <span class='ocrx_word' id='word_1_119' title='bbox 1277 1556 1636 1620; x_wconf 76' lang='grc' dir='ltr'>ἀποθεσπίζει</span> <span class='ocrx_word' id='word_1_120' title='bbox 1668 1557 1919 1629; x_wconf 72' lang='grc' dir='ltr'>πρόγνω-</span> 
     </span>
    </p>
   </div>
   <div class='ocr_carea' id='block_1_20' title="bbox 361 1638 1918 1718">
    <p class='ocr_par' dir='ltr' id='par_1_20' title="bbox 361 1638 1918 1718">
     <span class='ocr_line' id='line_1_20' title="bbox 361 1638 1918 1718; baseline 0.006 -26"><span class='ocrx_word' id='word_1_121' title='bbox 361 1657 468 1696; x_wconf 90' lang='grc' dir='ltr'>σιν.</span> <span class='ocrx_word' id='word_1_122' title='bbox 512 1641 576 1696; x_wconf 79' lang='grc' dir='ltr'>Εί</span> <span class='ocrx_word' id='word_1_123' title='bbox 622 1638 716 1696; x_wconf 74' lang='grc' dir='ltr'>οὖν</span> <span class='ocrx_word' id='word_1_124' title='bbox 760 1646 820 1696; x_wconf 70' lang='grc' dir='ltr'>ἐν</span> <span class='ocrx_word' id='word_1_125' title='bbox 852 1647 964 1709; x_wconf 73' lang='grc' dir='ltr'>τοῖς</span> <span class='ocrx_word' id='word_1_126' title='bbox 1009 1646 1184 1710; x_wconf 78' lang='grc' dir='ltr'>άλλως</span> <span class='ocrx_word' id='word_1_127' title='bbox 1209 1645 1396 1716; x_wconf 70' lang='grc' dir='ltr'>ἔχουσι</span> <span class='ocrx_word' id='word_1_128' title='bbox 1429 1649 1754 1718; x_wconf 81' lang='grc' dir='ltr'>πράγμασιν</span> <span class='ocrx_word' id='word_1_129' title='bbox 1773 1647 1918 1702; x_wconf 85' lang='grc' dir='ltr'>οὓτω</span> 
     </span>
    </p>
   </div>
   <div class='ocr_carea' id='block_1_21' title="bbox 358 1731 1916 1812">
    <p class='ocr_par' dir='ltr' id='par_1_21' title="bbox 358 1731 1916 1812">
     <span class='ocr_line' id='line_1_21' title="bbox 358 1731 1916 1812; baseline 0.006 -28"><span class='ocrx_word' id='word_1_130' title='bbox 358 1731 509 1786; x_wconf 75' lang='grc' dir='ltr'>ταῦτ’</span> <span class='ocrx_word' id='word_1_131' title='bbox 539 1732 674 1805; x_wconf 72' lang='grc' dir='ltr'>ἔχει,</span> <span class='ocrx_word' id='word_1_132' title='bbox 719 1737 812 1789; x_wconf 77' lang='grc' dir='ltr'>καὶ</span> <span class='ocrx_word' id='word_1_133' title='bbox 862 1738 1164 1807; x_wconf 83' lang='grc' dir='ltr'>χρημάτων</span> <span class='ocrx_word' id='word_1_134' title='bbox 1199 1738 1298 1794; x_wconf 75' lang='grc' dir='ltr'>καὶ</span> <span class='ocrx_word' id='word_1_135' title='bbox 1325 1739 1547 1810; x_wconf 83' lang='grc' dir='ltr'>χωρίων</span> <span class='ocrx_word' id='word_1_136' title='bbox 1594 1740 1808 1812; x_wconf 80' lang='grc' dir='ltr'>κρίσεις</span> <span class='ocrx_word' id='word_1_137' title='bbox 1859 1741 1916 1793; x_wconf 76' lang='grc' dir='ltr'>αἱ</span> 
     </span>
    </p>
   </div>
   <div class='ocr_carea' id='block_1_22' title="bbox 359 1823 1917 1902">
    <p class='ocr_par' dir='ltr' id='par_1_22' title="bbox 359 1823 1917 1902">
     <span class='ocr_line' id='line_1_22' title="bbox 359 1823 1917 1902; baseline 0.004 -26"><span class='ocrx_word' id='word_1_138' title='bbox 359 1823 580 1890; x_wconf 85' lang='grc' dir='ltr'>πλείους</span> <span class='ocrx_word' id='word_1_139' title='bbox 637 1827 1102 1898; x_wconf 81' lang='grc' dir='ltr'>αὐτοπροσὼπους</span> <span class='ocrx_word' id='word_1_140' title='bbox 1156 1830 1512 1902; x_wconf 74' lang='grc' dir='ltr'>ἐπιζητοῦσιν</span> <span class='ocrx_word' id='word_1_141' title='bbox 1573 1829 1917 1896; x_wconf 71' lang='grc' dir='ltr'>ἐπιστασίας,</span> 
     </span>
    </p>
   </div>
   <div class='ocr_carea' id='block_1_23' title="bbox 359 1917 1921 1992">
    <p class='ocr_par' dir='ltr' id='par_1_23' title="bbox 359 1917 1921 1992">
     <span class='ocr_line' id='line_1_23' title="bbox 359 1917 1921 1992; baseline 0.003 -22"><span class='ocrx_word' id='word_1_142' title='bbox 359 1919 463 1972; x_wconf 62' lang='grc' dir='ltr'>καὶ</span> <span class='ocrx_word' id='word_1_143' title='bbox 492 1917 687 1988; x_wconf 81' lang='grc' dir='ltr'>χρόνου</span> <span class='ocrx_word' id='word_1_144' title='bbox 717 1919 929 1974; x_wconf 81' lang='grc' dir='ltr'>δέονται</span> <span class='ocrx_word' id='word_1_145' title='bbox 962 1922 1302 1991; x_wconf 79' lang='grc' dir='ltr'>μακροτέρου</span> <span class='ocrx_word' id='word_1_146' title='bbox 1320 1920 1602 1985; x_wconf 81' lang='grc' dir='ltr'>πολλάκις,</span> <span class='ocrx_word' id='word_1_147' title='bbox 1619 1922 1718 1976; x_wconf 73' lang='grc' dir='ltr'>καὶ</span> <span class='ocrx_word' id='word_1_148' title='bbox 1741 1921 1921 1992; x_wconf 75' lang='grc' dir='ltr'>ὅψεως</span> 
     </span>
    </p>
   </div>
   <div class='ocr_carea' id='block_1_24' title="bbox 371 2009 1918 2085">
    <p class='ocr_par' dir='ltr' id='par_1_24' title="bbox 371 2009 1918 2085">
     <span class='ocr_line' id='line_1_24' title="bbox 371 2009 1918 2085; baseline 0.001 -22"><span class='ocrx_word' id='word_1_149' title='bbox 371 2010 486 2080; x_wconf 74' lang='grc' dir='ltr'>ἅμα</span> <span class='ocrx_word' id='word_1_150' title='bbox 515 2009 610 2062; x_wconf 76' lang='grc' dir='ltr'>καὶ</span> <span class='ocrx_word' id='word_1_151' title='bbox 638 2009 808 2079; x_wconf 81' lang='grc' dir='ltr'>ἀκοῆς</span> <span class='ocrx_word' id='word_1_152' title='bbox 835 2012 894 2064; x_wconf 77' lang='grc' dir='ltr'>ἐν</span> <span class='ocrx_word' id='word_1_153' title='bbox 915 2009 1099 2084; x_wconf 85' lang='grc' dir='ltr'>ταυτῷ</span> <span class='ocrx_word' id='word_1_154' title='bbox 1115 2011 1186 2066; x_wconf 81' lang='grc' dir='ltr'><strong>τά</strong></span> <span class='ocrx_word' id='word_1_155' title='bbox 1225 2013 1492 2084; x_wconf 81' lang='grc' dir='ltr'>κριτήρια</span> <span class='ocrx_word' id='word_1_156' title='bbox 1520 2012 1609 2067; x_wconf 82' lang='grc' dir='ltr'>διὰ</span> <span class='ocrx_word' id='word_1_157' title='bbox 1641 2013 1737 2085; x_wconf 83' lang='grc' dir='ltr'>τὴν</span> <span class='ocrx_word' id='word_1_158' title='bbox 1753 2013 1918 2082; x_wconf 79' lang='grc' dir='ltr'>ἀκρί-</span> 
     </span>
    </p>
   </div>
   <div class='ocr_carea' id='block_1_25' title="bbox 362 2102 1922 2171">
    <p class='ocr_par' dir='ltr' id='par_1_25' title="bbox 362 2102 1922 2171">
     <span class='ocr_line' id='line_1_25' title="bbox 362 2102 1922 2171; baseline 0.003 -18"><span class='ocrx_word' id='word_1_159' title='bbox 362 2103 515 2156; x_wconf 82' lang='grc' dir='ltr'>6ειαν</span> <span class='ocrx_word' id='word_1_160' title='bbox 535 2102 846 2171; x_wconf 81' lang='grc' dir='ltr'>τάσφαλοῦς</span> <span class='ocrx_word' id='word_1_161' title='bbox 877 2103 1192 2170; x_wconf 80' lang='grc' dir='ltr'>ἀπαιτοῦσι,</span> <span class='ocrx_word' id='word_1_162' title='bbox 1210 2104 1329 2166; x_wconf 82' lang='grc' dir='ltr'><strong>πῶς</strong></span> <span class='ocrx_word' id='word_1_163' title='bbox 1353 2104 1455 2158; x_wconf 83' lang='grc' dir='ltr'><strong>οὑκ</strong></span> <span class='ocrx_word' id='word_1_164' title='bbox 1487 2103 1552 2160; x_wconf 77' lang='grc' dir='ltr'>ἄν</span> <span class='ocrx_word' id='word_1_165' title='bbox 1573 2121 1659 2170; x_wconf 86' lang='grc' dir='ltr'><strong>τις</strong></span> <span class='ocrx_word' id='word_1_166' title='bbox 1689 2103 1922 2160; x_wconf 70' lang='grc' dir='ltr'>ἐνταῦθα</span> 
     </span>
    </p>
   </div>
   <div class='ocr_carea' id='block_1_26' title="bbox 365 2190 1922 2267">
    <p class='ocr_par' dir='ltr' id='par_1_26' title="bbox 365 2190 1922 2267">
     <span class='ocr_line' id='line_1_26' title="bbox 365 2190 1922 2267; baseline 0.005 -24"><span class='ocrx_word' id='word_1_167' title='bbox 365 2191 428 2245; x_wconf 77' lang='grc' dir='ltr'>τὸ</span> <span class='ocrx_word' id='word_1_168' title='bbox 455 2190 546 2246; x_wconf 84' lang='grc' dir='ltr'><strong>τοῦ</strong></span> <span class='ocrx_word' id='word_1_169' title='bbox 578 2192 1007 2260; x_wconf 73' lang='grc' dir='ltr'>ὑπερϐάλλοντος</span> <span class='ocrx_word' id='word_1_170' title='bbox 1027 2194 1251 2265; x_wconf 74' lang='grc' dir='ltr'>ὄφλημα</span> <span class='ocrx_word' id='word_1_171' title='bbox 1275 2197 1388 2259; x_wconf 73' lang='grc' dir='ltr'>τοῖς</span> <span class='ocrx_word' id='word_1_172' title='bbox 1426 2195 1697 2267; x_wconf 76' lang='grc' dir='ltr'>δόγμασιν</span> <span class='ocrx_word' id='word_1_173' title='bbox 1721 2199 1922 2251; x_wconf 77' lang='grc' dir='ltr'>ἐνεῖναι</span> 
     </span>
    </p>
   </div>
   <div class='ocr_carea' id='block_1_27' title="bbox 362 2281 1921 2356">
    <p class='ocr_par' dir='ltr' id='par_1_27' title="bbox 362 2281 1921 2356">
     <span class='ocr_line' id='line_1_27' title="bbox 362 2281 1921 2356; baseline 0.004 -21"><span class='ocrx_word' id='word_1_174' title='bbox 362 2283 462 2350; x_wconf 78' lang='grc' dir='ltr'>τῆς</span> <span class='ocrx_word' id='word_1_175' title='bbox 497 2281 591 2336; x_wconf 87' lang='grc' dir='ltr'><strong>τοῦ</strong></span> <span class='ocrx_word' id='word_1_176' title='bbox 616 2281 1096 2355; x_wconf 82' lang='grc' dir='ltr'>ΘεοῦἘκκλησίας</span> <span class='ocrx_word' id='word_1_177' title='bbox 1129 2283 1416 2356; x_wconf 76' lang='grc' dir='ltr'>σταθμῷτο</span> <span class='ocrx_word' id='word_1_178' title='bbox 1447 2286 1588 2356; x_wconf 84' lang='grc' dir='ltr'><strong>μετά</strong></span> <span class='ocrx_word' id='word_1_179' title='bbox 1610 2285 1804 2340; x_wconf 86' lang='grc' dir='ltr'>πολλοῦ</span> <span class='ocrx_word' id='word_1_180' title='bbox 1826 2286 1921 2340; x_wconf 88' lang='grc' dir='ltr'><strong>τοῦ</strong></span> 
     </span>
    </p>
   </div>
   <div class='ocr_carea' id='block_1_28' title="bbox 361 2375 1921 2450">
    <p class='ocr_par' dir='ltr' id='par_1_28' title="bbox 361 2375 1921 2450">
     <span class='ocr_line' id='line_1_28' title="bbox 361 2375 1921 2450; baseline 0.003 -22"><span class='ocrx_word' id='word_1_181' title='bbox 361 2377 710 2447; x_wconf 77' lang='grc' dir='ltr'>κρείττονοςς</span> <span class='ocrx_word' id='word_1_182' title='bbox 753 2377 946 2432; x_wconf 84' lang='grc' dir='ltr'>Δοτέον</span> <span class='ocrx_word' id='word_1_183' title='bbox 975 2375 1070 2432; x_wconf 80' lang='grc' dir='ltr'>οὖν</span> <span class='ocrx_word' id='word_1_184' title='bbox 1101 2379 1198 2431; x_wconf 73' lang='grc' dir='ltr'>καὶ</span> <span class='ocrx_word' id='word_1_185' title='bbox 1231 2380 1380 2449; x_wconf 72' lang='grc' dir='ltr'>ἡμῖν,</span> <span class='ocrx_word' id='word_1_186' title='bbox 1406 2377 1502 2434; x_wconf 78' lang='grc' dir='ltr'>καὶ</span> <span class='ocrx_word' id='word_1_187' title='bbox 1534 2380 1679 2450; x_wconf 78' lang='grc' dir='ltr'>μετά</span> <span class='ocrx_word' id='word_1_188' title='bbox 1721 2380 1921 2448; x_wconf 80' lang='grc' dir='ltr'>πολλῆς</span> 
     </span>
    </p>
   </div>
   <div class='ocr_carea' id='block_1_29' title="bbox 362 2465 1924 2542">
    <p class='ocr_par' dir='ltr' id='par_1_29' title="bbox 362 2465 1924 2542">
     <span class='ocr_line' id='line_1_29' title="bbox 362 2465 1924 2542; baseline 0.006 -24"><span class='ocrx_word' id='word_1_189' title='bbox 362 2465 460 2520; x_wconf 76' lang='grc' dir='ltr'>καὶ</span> <span class='ocrx_word' id='word_1_190' title='bbox 493 2467 696 2537; x_wconf 79' lang='grc' dir='ltr'>σφόδρα</span> <span class='ocrx_word' id='word_1_191' title='bbox 728 2468 1288 2541; x_wconf 77' lang='grc' dir='ltr'>κατεσπουδασμένης</span> <span class='ocrx_word' id='word_1_192' title='bbox 1330 2470 1565 2542; x_wconf 72' lang='grc' dir='ltr'>ἐρεύνης</span> <span class='ocrx_word' id='word_1_193' title='bbox 1604 2471 1924 2538; x_wconf 73' lang='grc' dir='ltr'>ἐξεταστέον</span> 
     </span>
    </p>
   </div>
   <div class='ocr_carea' id='block_1_30' title="bbox 363 2558 1920 2635">
    <p class='ocr_par' dir='ltr' id='par_1_30' title="bbox 363 2558 1920 2635">
     <span class='ocr_line' id='line_1_30' title="bbox 363 2558 1920 2635; baseline 0.004 -25"><span class='ocrx_word' id='word_1_194' title='bbox 363 2558 501 2610; x_wconf 79' lang='grc' dir='ltr'>κάπὶ</span> <span class='ocrx_word' id='word_1_195' title='bbox 533 2561 763 2629; x_wconf 80' lang='grc' dir='ltr'>μακροῖς</span> <span class='ocrx_word' id='word_1_196' title='bbox 793 2561 1158 2632; x_wconf 86' lang='grc' dir='ltr'>νυχθημέροις</span> <span class='ocrx_word' id='word_1_197' title='bbox 1183 2561 1254 2615; x_wconf 82' lang='grc' dir='ltr'><strong>τά</strong></span> <span class='ocrx_word' id='word_1_198' title='bbox 1274 2561 1372 2616; x_wconf 76' lang='grc' dir='ltr'><strong>νέα</strong></span> <span class='ocrx_word' id='word_1_199' title='bbox 1405 2563 1569 2617; x_wconf 74' lang='grc' dir='ltr'>ταυτὶ</span> <span class='ocrx_word' id='word_1_200' title='bbox 1593 2565 1920 2635; x_wconf 84' lang='grc' dir='ltr'>γράμματα.</span> 
     </span>
    </p>
   </div>
   <div class='ocr_carea' id='block_1_31' title="bbox 362 2646 1922 2727">
    <p class='ocr_par' dir='ltr' id='par_1_31' title="bbox 362 2646 1922 2727">
     <span class='ocr_line' id='line_1_31' title="bbox 362 2646 1922 2727; baseline 0.006 -25"><span class='ocrx_word' id='word_1_201' title='bbox 362 2649 502 2713; x_wconf 76' lang='grc' dir='ltr'>Τοὺς</span> <span class='ocrx_word' id='word_1_202' title='bbox 529 2650 638 2720; x_wconf 70' lang='grc' dir='ltr'>γὰρ</span> <span class='ocrx_word' id='word_1_203' title='bbox 690 2646 801 2706; x_wconf 82' lang='grc' dir='ltr'><strong>τῶν</strong></span> <span class='ocrx_word' id='word_1_204' title='bbox 839 2653 1012 2721; x_wconf 84' lang='grc' dir='ltr'>λόγων</span> <span class='ocrx_word' id='word_1_205' title='bbox 1065 2655 1286 2716; x_wconf 71' lang='grc' dir='ltr'>καινοὺς</span> <span class='ocrx_word' id='word_1_206' title='bbox 1330 2656 1425 2709; x_wconf 81' lang='grc' dir='ltr'>καὶ</span> <span class='ocrx_word' id='word_1_207' title='bbox 1473 2656 1687 2727; x_wconf 78' lang='grc' dir='ltr'>κρίσεις</span> <span class='ocrx_word' id='word_1_208' title='bbox 1729 2657 1922 2722; x_wconf 79' lang='grc' dir='ltr'>καινὰς</span> 
     </span>
    </p>
   </div>
   <div class='ocr_carea' id='block_1_32' title="bbox 361 2742 1924 2817">
    <p class='ocr_par' dir='ltr' id='par_1_32' title="bbox 361 2742 1924 2817">
     <span class='ocr_line' id='line_1_32' title="bbox 361 2742 1924 2817; baseline 0.005 -23"><span class='ocrx_word' id='word_1_209' title='bbox 361 2742 663 2812; x_wconf 73' lang='grc' dir='ltr'>ἐπιφέρειν,</span> <span class='ocrx_word' id='word_1_210' title='bbox 696 2743 860 2812; x_wconf 80' lang='grc' dir='ltr'>φασὶν</span> <span class='ocrx_word' id='word_1_211' title='bbox 893 2746 942 2797; x_wconf 79' lang='lat' dir='ltr'><strong>ei</strong></span> <span class='ocrx_word' id='word_1_212' title='bbox 967 2746 1141 2811; x_wconf 62' lang='grc' dir='ltr'>σοφοὶ,</span> <span class='ocrx_word' id='word_1_213' title='bbox 1166 2745 1234 2815; x_wconf 70' lang='grc' dir='ltr'>ἢν</span> <span class='ocrx_word' id='word_1_214' title='bbox 1278 2749 1355 2816; x_wconf 76' lang='grc' dir='ltr'>μή</span> <span class='ocrx_word' id='word_1_215' title='bbox 1380 2745 1517 2800; x_wconf 86' lang='grc' dir='ltr'>Θεοῦ</span> <span class='ocrx_word' id='word_1_216' title='bbox 1563 2747 1758 2817; x_wconf 88' lang='grc' dir='ltr'>μεστός</span> <span class='ocrx_word' id='word_1_217' title='bbox 1787 2765 1870 2810; x_wconf 88' lang='grc' dir='ltr'><strong>τις</strong></span> <span class='ocrx_word' id='word_1_218' title='bbox 1894 2749 1924 2802; x_wconf 83' lang='grc' dir='ltr'><strong>ό</strong></span> 
     </span>
    </p>
   </div>
   <div class='ocr_carea' id='block_1_33' title="bbox 363 2827 1923 2908">
    <p class='ocr_par' dir='ltr' id='par_1_33' title="bbox 363 2827 1923 2908">
     <span class='ocr_line' id='line_1_33' title="bbox 363 2827 1923 2908; baseline 0.006 -26"><span class='ocrx_word' id='word_1_219' title='bbox 363 2831 709 2902; x_wconf 82' lang='grc' dir='ltr'>καινοτομῶν</span> <span class='ocrx_word' id='word_1_220' title='bbox 754 2827 813 2908; x_wconf 81' lang='grc' dir='ltr'>ᾖ,</span> <span class='ocrx_word' id='word_1_221' title='bbox 853 2835 949 2887; x_wconf 64' lang='grc' dir='ltr'><strong>καὶ⁵</strong></span> <span class='ocrx_word' id='word_1_222' title='bbox 1005 2828 1118 2898; x_wconf 78' lang='grc' dir='ltr'>οἷος</span> <span class='ocrx_word' id='word_1_223' title='bbox 1155 2838 1184 2888; x_wconf 89' lang='grc' dir='ltr'><strong>ό</strong></span> <span class='ocrx_word' id='word_1_224' title='bbox 1213 2835 1447 2908; x_wconf 82' lang='grc' dir='ltr'>θεόπτης</span> <span class='ocrx_word' id='word_1_225' title='bbox 1475 2838 1681 2900; x_wconf 75' lang='grc' dir='ltr'>ἐκεῖνος</span> <span class='ocrx_word' id='word_1_226' title='bbox 1710 2837 1923 2908; x_wconf 83' lang='grc' dir='ltr'>ὑπῆρχε</span> 
     </span>
    </p>
   </div>
   <div class='ocr_carea' id='block_1_34' title="bbox 365 2922 1924 2997">
    <p class='ocr_par' dir='ltr' id='par_1_34' title="bbox 365 2922 1924 2997">
     <span class='ocr_line' id='line_1_34' title="bbox 365 2922 1924 2997; baseline 0.003 -21"><span class='ocrx_word' id='word_1_227' title='bbox 365 2922 592 2990; x_wconf 76' lang='grc' dir='ltr'>Μωσῆς,</span> <span class='ocrx_word' id='word_1_228' title='bbox 619 2923 649 2976; x_wconf 81' lang='grc' dir='ltr'><strong>ό</strong></span> <span class='ocrx_word' id='word_1_229' title='bbox 673 2923 740 2977; x_wconf 79' lang='grc' dir='ltr'>τὰ</span> <span class='ocrx_word' id='word_1_230' title='bbox 773 2924 946 2996; x_wconf 86' lang='grc' dir='ltr'>μυρία</span> <span class='ocrx_word' id='word_1_231' title='bbox 978 2925 1088 2978; x_wconf 85' lang='grc' dir='ltr'><strong>τῶν</strong></span> <span class='ocrx_word' id='word_1_232' title='bbox 1130 2924 1400 2997; x_wconf 73' lang='grc' dir='ltr'>Ἐϐραίων</span> <span class='ocrx_word' id='word_1_233' title='bbox 1441 2927 1786 2996; x_wconf 78' lang='grc' dir='ltr'>στρατόπεδα</span> <span class='ocrx_word' id='word_1_234' title='bbox 1833 2928 1924 2980; x_wconf 72' lang='grc' dir='ltr'>διὰ</span> 
     </span>
    </p>
   </div>
   <div class='ocr_carea' id='block_1_35' title="bbox 360 3013 1923 3089">
    <p class='ocr_par' dir='ltr' id='par_1_35' title="bbox 360 3013 1923 3089">
     <span class='ocr_line' id='line_1_35' title="bbox 360 3013 1923 3089; baseline 0.004 -23"><span class='ocrx_word' id='word_1_235' title='bbox 360 3013 474 3066; x_wconf 84' lang='grc' dir='ltr'><strong>τῶν</strong></span> <span class='ocrx_word' id='word_1_236' title='bbox 518 3013 708 3082; x_wconf 78' lang='grc' dir='ltr'>ὑγρῶν</span> <span class='ocrx_word' id='word_1_237' title='bbox 750 3015 854 3084; x_wconf 66' lang='grc' dir='ltr'>τῆς</span> <span class='ocrx_word' id='word_1_238' title='bbox 897 3015 1172 3086; x_wconf 78' lang='grc' dir='ltr'>θαλάσσης</span> <span class='ocrx_word' id='word_1_239' title='bbox 1205 3016 1461 3070; x_wconf 71' lang='grc' dir='ltr'>ἀϐύσσων</span> <span class='ocrx_word' id='word_1_240' title='bbox 1485 3017 1562 3082; x_wconf 82' lang='grc' dir='ltr'><strong>ὡς</strong></span> <span class='ocrx_word' id='word_1_241' title='bbox 1588 3017 1658 3072; x_wconf 85' lang='grc' dir='ltr'><strong>δι’</strong></span> <span class='ocrx_word' id='word_1_242' title='bbox 1679 3019 1923 3089; x_wconf 81' lang='grc' dir='ltr'>ἀνύδρων</span> 
     </span>
    </p>
   </div>
   <div class='ocr_carea' id='block_1_36' title="bbox 2017 531 3583 604">
    <p class='ocr_par' dir='ltr' id='par_1_36' title="bbox 2017 531 3583 604">
     <span class='ocr_line' id='line_1_36' title="bbox 2017 531 3583 604; baseline -0.007 -13"><span class='ocrx_word' id='word_1_243' title='bbox 2017 537 2143 591; x_wconf 87' lang='lat' dir='ltr'><strong>tiori</strong></span> <span class='ocrx_word' id='word_1_244' title='bbox 2173 537 2338 591; x_wconf 85' lang='lat' dir='ltr'><strong>animi</strong></span> <span class='ocrx_word' id='word_1_245' title='bbox 2381 536 2522 604; x_wconf 81' lang='lat' dir='ltr'><strong>parti</strong></span> <span class='ocrx_word' id='word_1_246' title='bbox 2553 533 2880 589; x_wconf 85' lang='lat' dir='ltr'><strong>inserviunt.</strong></span> <span class='ocrx_word' id='word_1_247' title='bbox 2913 534 2990 588; x_wconf 72' lang='lat' dir='ltr'><strong>Ex</strong></span> <span class='ocrx_word' id='word_1_248' title='bbox 3023 535 3305 588; x_wconf 79' lang='lat' dir='ltr'><strong>veteribus</strong></span> <span class='ocrx_word' id='word_1_249' title='bbox 3337 531 3583 600; x_wconf 61' lang='lat' dir='ltr'><strong>pizlinsn-</strong></span> 
     </span>
    </p>
   </div>
   <div class='ocr_carea' id='block_1_37' title="bbox 2015 624 3584 701">
    <p class='ocr_par' dir='ltr' id='par_1_37' title="bbox 2015 624 3584 701">
     <span class='ocr_line' id='line_1_37' title="bbox 2015 624 3584 701; baseline -0.004 -18"><span class='ocrx_word' id='word_1_250' title='bbox 2015 628 2140 701; x_wconf 84' lang='lat' dir='ltr'><strong>phis</strong></span> <span class='ocrx_word' id='word_1_251' title='bbox 2173 629 2263 684; x_wconf 87' lang='lat' dir='ltr'><strong>alii</strong></span> <span class='ocrx_word' id='word_1_252' title='bbox 2299 629 2450 691; x_wconf 89' lang='lat' dir='ltr'><strong>buic,</strong></span> <span class='ocrx_word' id='word_1_253' title='bbox 2498 627 2584 681; x_wconf 87' lang='lat' dir='ltr'><strong>alii</strong></span> <span class='ocrx_word' id='word_1_254' title='bbox 2634 626 2711 680; x_wconf 84' lang='lat' dir='ltr'><strong>illi</strong></span> <span class='ocrx_word' id='word_1_255' title='bbox 2759 625 2966 696; x_wconf 82' lang='lat' dir='ltr'><strong>primas</strong></span> <span class='ocrx_word' id='word_1_256' title='bbox 3000 627 3268 678; x_wconf 84' lang='lat' dir='ltr'><strong>tribuunt.</strong></span> <span class='ocrx_word' id='word_1_257' title='bbox 3311 627 3388 677; x_wconf 87' lang='lat' dir='ltr'><strong>Ac</strong></span> <span class='ocrx_word' id='word_1_258' title='bbox 3437 624 3584 677; x_wconf 73' lang='lat' dir='ltr'><strong>\isus</strong></span> 
     </span>
    </p>
   </div>
   <div class='ocr_carea' id='block_1_38' title="bbox 2015 708 3584 786">
    <p class='ocr_par' dir='ltr' id='par_1_38' title="bbox 2015 708 3584 786">
     <span class='ocr_line' id='line_1_38' title="bbox 2015 708 3584 786; baseline -0.003 -16"><span class='ocrx_word' id='word_1_259' title='bbox 2015 708 2264 786; x_wconf 88' lang='lat' dir='ltr'><strong>quidem,</strong></span> <span class='ocrx_word' id='word_1_260' title='bbox 2300 718 2517 769; x_wconf 84' lang='lat' dir='ltr'><strong>tametsi</strong></span> <span class='ocrx_word' id='word_1_261' title='bbox 2548 731 2613 769; x_wconf 82' lang='lat' dir='ltr'><strong>ea</strong></span> <span class='ocrx_word' id='word_1_262' title='bbox 2650 723 2861 768; x_wconf 86' lang='lat' dir='ltr'><strong>tantum</strong></span> <span class='ocrx_word' id='word_1_263' title='bbox 2904 714 3186 783; x_wconf 77' lang='lat' dir='ltr'><strong>percipere</strong></span> <span class='ocrx_word' id='word_1_264' title='bbox 3229 722 3428 782; x_wconf 73' lang='lat' dir='ltr'><strong>potest,</strong></span> <span class='ocrx_word' id='word_1_265' title='bbox 3463 730 3584 780; x_wconf 77' lang='lat' dir='ltr'><strong>qtuv</strong></span> 
     </span>
    </p>
   </div>
   <div class='ocr_carea' id='block_1_39' title="bbox 2015 804 3585 876">
    <p class='ocr_par' dir='ltr' id='par_1_39' title="bbox 2015 804 3585 876">
     <span class='ocr_line' id='line_1_39' title="bbox 2015 804 3585 876; baseline -0.005 -12"><span class='ocrx_word' id='word_1_266' title='bbox 2015 809 2215 864; x_wconf 82' lang='lat' dir='ltr'><strong>adsunt</strong></span> <span class='ocrx_word' id='word_1_267' title='bbox 2241 816 2299 863; x_wconf 90' lang='lat' dir='ltr'><strong>et</strong></span> <span class='ocrx_word' id='word_1_268' title='bbox 2337 806 2631 876; x_wconf 75' lang='lat' dir='ltr'><strong>prmscntia</strong></span> <span class='ocrx_word' id='word_1_269' title='bbox 2667 807 3056 869; x_wconf 85' lang='lat' dir='ltr'><strong>obversantur,</strong></span> <span class='ocrx_word' id='word_1_270' title='bbox 3098 816 3278 858; x_wconf 85' lang='lat' dir='ltr'><strong>tamen</strong></span> <span class='ocrx_word' id='word_1_271' title='bbox 3315 804 3585 858; x_wconf 73' lang='lat' dir='ltr'><strong>ellieaeio-</strong></span> 
     </span>
    </p>
   </div>
   <div class='ocr_carea' id='block_1_40' title="bbox 2016 896 3580 969">
    <p class='ocr_par' dir='ltr' id='par_1_40' title="bbox 2016 896 3580 969">
     <span class='ocr_line' id='line_1_40' title="bbox 2016 896 3580 969; baseline -0.004 -16"><span class='ocrx_word' id='word_1_272' title='bbox 2016 915 2132 954; x_wconf 88' lang='lat' dir='ltr'><strong>rem</strong></span> <span class='ocrx_word' id='word_1_273' title='bbox 2185 899 2508 969; x_wconf 88' lang='lat' dir='ltr'><strong>plerumque</strong></span> <span class='ocrx_word' id='word_1_274' title='bbox 2567 913 2754 953; x_wconf 87' lang='lat' dir='ltr'><strong>rerum</strong></span> <span class='ocrx_word' id='word_1_275' title='bbox 2812 896 3150 967; x_wconf 71' lang='lat' dir='ltr'><strong>obiectarum</strong></span> <span class='ocrx_word' id='word_1_276' title='bbox 3214 899 3580 966; x_wconf 71' lang='lat' dir='ltr'><strong>CﬂgtllllOIICII’t</strong></span> 
     </span>
    </p>
   </div>
   <div class='ocr_carea' id='block_1_41' title="bbox 2016 989 3582 1060">
    <p class='ocr_par' dir='ltr' id='par_1_41' title="bbox 2016 989 3582 1060">
     <span class='ocr_line' id='line_1_41' title="bbox 2016 989 3582 1060; baseline -0.001 -16"><span class='ocrx_word' id='word_1_277' title='bbox 2016 992 2162 1060; x_wconf 85' lang='lat' dir='ltr'><strong>parit</strong></span> <span class='ocrx_word' id='word_1_278' title='bbox 2205 1009 2220 1045; x_wconf 88' lang='lat'>:</span> <span class='ocrx_word' id='word_1_279' title='bbox 2275 991 2500 1046; x_wconf 79' lang='lat' dir='ltr'><strong>auditus</strong></span> <span class='ocrx_word' id='word_1_280' title='bbox 2532 1006 2663 1045; x_wconf 87' lang='lat' dir='ltr'><strong>vero</strong></span> <span class='ocrx_word' id='word_1_281' title='bbox 2698 989 3035 1044; x_wconf 83' lang='lat' dir='ltr'><strong>liebetiorem</strong></span> <span class='ocrx_word' id='word_1_282' title='bbox 3067 990 3493 1058; x_wconf 81' lang='lat' dir='ltr'><strong>quodannnmlo,</strong></span> <span class='ocrx_word' id='word_1_283' title='bbox 3523 998 3582 1043; x_wconf 84' lang='lat' dir='ltr'><strong>at</strong></span> 
     </span>
    </p>
   </div>
   <div class='ocr_carea' id='block_1_42' title="bbox 2016 1083 3585 1154">
    <p class='ocr_par' dir='ltr' id='par_1_42' title="bbox 2016 1083 3585 1154">
     <span class='ocr_line' id='line_1_42' title="bbox 2016 1083 3585 1154; baseline -0.001 -16"><span class='ocrx_word' id='word_1_284' title='bbox 2016 1083 2182 1138; x_wconf 88' lang='lat' dir='ltr'><strong>latius</strong></span> <span class='ocrx_word' id='word_1_285' title='bbox 2216 1083 2507 1151; x_wconf 78' lang='lat' dir='ltr'><strong>ditl&#39;usam;</strong></span> <span class='ocrx_word' id='word_1_286' title='bbox 2550 1093 2740 1154; x_wconf 89' lang='lat' dir='ltr'><strong>utpote</strong></span> <span class='ocrx_word' id='word_1_287' title='bbox 2769 1083 2863 1152; x_wconf 85' lang='lat' dir='ltr'><strong>qui</strong></span> <span class='ocrx_word' id='word_1_288' title='bbox 2893 1094 2950 1137; x_wconf 90' lang='lat' dir='ltr'><strong>et</strong></span> <span class='ocrx_word' id='word_1_289' title='bbox 2987 1085 3278 1153; x_wconf 63' lang='lat' dir='ltr'><strong>praasenua</strong></span> <span class='ocrx_word' id='word_1_290' title='bbox 3313 1083 3466 1136; x_wconf 59' lang='lat' dir='ltr'><strong>tat-ale</strong></span> <span class='ocrx_word' id='word_1_291' title='bbox 3497 1099 3585 1136; x_wconf 80' lang='lat' dir='ltr'><strong>ar-</strong></span> 
     </span>
    </p>
   </div>
   <div class='ocr_carea' id='block_1_43' title="bbox 2017 1170 3588 1244">
    <p class='ocr_par' dir='ltr' id='par_1_43' title="bbox 2017 1170 3588 1244">
     <span class='ocr_line' id='line_1_43' title="bbox 2017 1170 3588 1244; baseline -0.003 -14"><span class='ocrx_word' id='word_1_292' title='bbox 2017 1175 2171 1244; x_wconf 87' lang='lat' dir='ltr'><strong>ripit.</strong></span> <span class='ocrx_word' id='word_1_293' title='bbox 2215 1183 2272 1229; x_wconf 89' lang='lat' dir='ltr'><strong>et</strong></span> <span class='ocrx_word' id='word_1_294' title='bbox 2321 1173 2570 1229; x_wconf 90' lang='lat' dir='ltr'><strong>locorum</strong></span> <span class='ocrx_word' id='word_1_295' title='bbox 2605 1173 2910 1230; x_wconf 81' lang='lat' dir='ltr'><strong>intervallis</strong></span> <span class='ocrx_word' id='word_1_296' title='bbox 2935 1171 3209 1242; x_wconf 73' lang='lat' dir='ltr'><strong>disiuncta</strong></span> <span class='ocrx_word' id='word_1_297' title='bbox 3247 1170 3326 1226; x_wconf 70' lang='lat' dir='ltr'><strong>sic</strong></span> <span class='ocrx_word' id='word_1_298' title='bbox 3356 1175 3588 1242; x_wconf 85' lang='lat' dir='ltr'><strong>conjun-</strong></span> 
     </span>
    </p>
   </div>
   <div class='ocr_carea' id='block_1_44' title="bbox 2016 1263 3582 1336">
    <p class='ocr_par' dir='ltr' id='par_1_44' title="bbox 2016 1263 3582 1336">
     <span class='ocr_line' id='line_1_44' title="bbox 2016 1263 3582 1336; baseline -0.002 -16"><span class='ocrx_word' id='word_1_299' title='bbox 2016 1266 2098 1336; x_wconf 72' lang='lat' dir='ltr'><strong>git</strong></span> <span class='ocrx_word' id='word_1_300' title='bbox 2129 1263 2480 1331; x_wconf 79' lang='lat' dir='ltr'><strong>mirabiliter,</strong></span> <span class='ocrx_word' id='word_1_301' title='bbox 2511 1271 2572 1318; x_wconf 90' lang='lat' dir='ltr'><strong>ut</strong></span> <span class='ocrx_word' id='word_1_302' title='bbox 2600 1263 2910 1318; x_wconf 85' lang='lat' dir='ltr'><strong>absentium</strong></span> <span class='ocrx_word' id='word_1_303' title='bbox 2946 1271 3201 1330; x_wconf 88' lang='lat' dir='ltr'><strong>tauquam</strong></span> <span class='ocrx_word' id='word_1_304' title='bbox 3231 1265 3582 1331; x_wconf 66' lang='lat' dir='ltr'><strong>prmseutium</strong></span> 
     </span>
    </p>
   </div>
   <div class='ocr_carea' id='block_1_45' title="bbox 2016 1353 3582 1425">
    <p class='ocr_par' dir='ltr' id='par_1_45' title="bbox 2016 1353 3582 1425">
     <span class='ocr_line' id='line_1_45' title="bbox 2016 1353 3582 1425; baseline -0.005 -9"><span class='ocrx_word' id='word_1_305' title='bbox 2016 1375 2182 1416; x_wconf 85' lang='lat' dir='ltr'><strong>sensu</strong></span> <span class='ocrx_word' id='word_1_306' title='bbox 2217 1357 2485 1414; x_wconf 73' lang='lat' dir='ltr'><strong>adiciatur</strong></span> <span class='ocrx_word' id='word_1_307' title='bbox 2521 1372 2536 1411; x_wconf 88' lang='lat'><strong>:</strong></span> <span class='ocrx_word' id='word_1_308' title='bbox 2571 1354 2958 1425; x_wconf 87' lang='lat' dir='ltr'><strong>eumdemque,</strong></span> <span class='ocrx_word' id='word_1_309' title='bbox 2995 1355 3040 1409; x_wconf 86' lang='lat' dir='ltr'><strong>si</strong></span> <span class='ocrx_word' id='word_1_310' title='bbox 3071 1353 3155 1409; x_wconf 79' lang='lat' dir='ltr'><strong>ias</strong></span> <span class='ocrx_word' id='word_1_311' title='bbox 3177 1355 3387 1416; x_wconf 80' lang='lat' dir='ltr'><strong>dicere,</strong></span> <span class='ocrx_word' id='word_1_312' title='bbox 3419 1355 3582 1410; x_wconf 79' lang='lat' dir='ltr'><strong>etiam</strong></span> 
     </span>
    </p>
   </div>
   <div class='ocr_carea' id='block_1_46' title="bbox 2018 1447 3586 1518">
    <p class='ocr_par' dir='ltr' id='par_1_46' title="bbox 2018 1447 3586 1518">
     <span class='ocr_line' id='line_1_46' title="bbox 2018 1447 3586 1518; baseline -0.003 -11"><span class='ocrx_word' id='word_1_313' title='bbox 2018 1453 2328 1507; x_wconf 80' lang='lat' dir='ltr'><strong>futurorum</strong></span> <span class='ocrx_word' id='word_1_314' title='bbox 2360 1449 2429 1504; x_wconf 89' lang='lat' dir='ltr'><strong>iis</strong></span> <span class='ocrx_word' id='word_1_315' title='bbox 2456 1448 2551 1518; x_wconf 81' lang='lat' dir='ltr'><strong>qui</strong></span> <span class='ocrx_word' id='word_1_316' title='bbox 2582 1461 2730 1502; x_wconf 86' lang='lat' dir='ltr'><strong>nunc</strong></span> <span class='ocrx_word' id='word_1_317' title='bbox 2757 1447 2952 1502; x_wconf 90' lang='lat' dir='ltr'><strong>vivunt</strong></span> <span class='ocrx_word' id='word_1_318' title='bbox 2981 1447 3336 1516; x_wconf 81' lang='lat' dir='ltr'><strong>interpretem</strong></span> <span class='ocrx_word' id='word_1_319' title='bbox 3363 1447 3586 1502; x_wconf 63' lang='lat' dir='ltr'><strong>exsiste-</strong></span> 
     </span>
    </p>
   </div>
   <div class='ocr_carea' id='block_1_47' title="bbox 2019 1538 3586 1612">
    <p class='ocr_par' dir='ltr' id='par_1_47' title="bbox 2019 1538 3586 1612">
     <span class='ocr_line' id='line_1_47' title="bbox 2019 1538 3586 1612; baseline -0.006 -12"><span class='ocrx_word' id='word_1_320' title='bbox 2019 1561 2079 1600; x_wconf 93' lang='lat' dir='ltr'><strong>re</strong></span> <span class='ocrx_word' id='word_1_321' title='bbox 2122 1542 2395 1608; x_wconf 87' lang='lat' dir='ltr'><strong>videmus,</strong></span> <span class='ocrx_word' id='word_1_322' title='bbox 2445 1543 2491 1596; x_wconf 89' lang='lat' dir='ltr'><strong>si</strong></span> <span class='ocrx_word' id='word_1_323' title='bbox 2525 1541 2650 1612; x_wconf 84' lang='lat' dir='ltr'><strong>quis</strong></span> <span class='ocrx_word' id='word_1_324' title='bbox 2681 1540 2766 1594; x_wconf 90' lang='lat' dir='ltr'><strong>vel</strong></span> <span class='ocrx_word' id='word_1_325' title='bbox 2799 1542 2995 1606; x_wconf 81' lang='lat' dir='ltr'><strong>Moses,</strong></span> <span class='ocrx_word' id='word_1_326' title='bbox 3032 1540 3114 1593; x_wconf 81' lang='lat' dir='ltr'><strong>vel</strong></span> <span class='ocrx_word' id='word_1_327' title='bbox 3164 1538 3356 1597; x_wconf 80' lang='lat' dir='ltr'><strong>David.</strong></span> <span class='ocrx_word' id='word_1_328' title='bbox 3396 1539 3586 1594; x_wconf 88' lang='lat' dir='ltr'><strong>divino</strong></span> 
     </span>
    </p>
   </div>
   <div class='ocr_carea' id='block_1_48' title="bbox 2020 1631 3584 1708">
    <p class='ocr_par' dir='ltr' id='par_1_48' title="bbox 2020 1631 3584 1708">
     <span class='ocr_line' id='line_1_48' title="bbox 2020 1631 3584 1708; baseline -0.003 -18"><span class='ocrx_word' id='word_1_329' title='bbox 2020 1636 2228 1708; x_wconf 85' lang='lat' dir='ltr'><strong>Spiritu</strong></span> <span class='ocrx_word' id='word_1_330' title='bbox 2261 1636 2499 1698; x_wconf 68' lang='lat' dir='ltr'><strong>adlatus,</strong></span> <span class='ocrx_word' id='word_1_331' title='bbox 2531 1635 2862 1705; x_wconf 64' lang='lat' dir='ltr'><strong>pracognita</strong></span> <span class='ocrx_word' id='word_1_332' title='bbox 2891 1648 2956 1687; x_wconf 83' lang='lat' dir='ltr'><strong>ea</strong></span> <span class='ocrx_word' id='word_1_333' title='bbox 2989 1631 3344 1688; x_wconf 84' lang='lat' dir='ltr'><strong>vatieinetur.</strong></span> <span class='ocrx_word' id='word_1_334' title='bbox 3382 1633 3440 1685; x_wconf 87' lang='lat' dir='ltr'><strong>Si</strong></span> <span class='ocrx_word' id='word_1_335' title='bbox 3483 1633 3584 1686; x_wconf 86' lang='lat' dir='ltr'><strong>ita-</strong></span> 
     </span>
    </p>
   </div>
   <div class='ocr_carea' id='block_1_49' title="bbox 2019 1723 3585 1798">
    <p class='ocr_par' dir='ltr' id='par_1_49' title="bbox 2019 1723 3585 1798">
     <span class='ocr_line' id='line_1_49' title="bbox 2019 1723 3585 1798; baseline -0.004 -15"><span class='ocrx_word' id='word_1_336' title='bbox 2019 1745 2128 1798; x_wconf 86' lang='lat' dir='ltr'><strong>que</strong></span> <span class='ocrx_word' id='word_1_337' title='bbox 2157 1729 2212 1782; x_wconf 92' lang='lat' dir='ltr'><strong>in</strong></span> <span class='ocrx_word' id='word_1_338' title='bbox 2246 1726 2316 1782; x_wconf 87' lang='lat' dir='ltr'><strong>iis</strong></span> <span class='ocrx_word' id='word_1_339' title='bbox 2343 1727 2532 1788; x_wconf 83' lang='lat' dir='ltr'><strong>rebus,</strong></span> <span class='ocrx_word' id='word_1_340' title='bbox 2564 1741 2794 1795; x_wconf 85' lang='lat' dir='ltr'><strong>quarum</strong></span> <span class='ocrx_word' id='word_1_341' title='bbox 2825 1723 3043 1778; x_wconf 86' lang='lat' dir='ltr'><strong>diversa</strong></span> <span class='ocrx_word' id='word_1_342' title='bbox 3073 1731 3157 1777; x_wconf 87' lang='lat' dir='ltr'><strong>est</strong></span> <span class='ocrx_word' id='word_1_343' title='bbox 3185 1724 3344 1788; x_wconf 87' lang='lat' dir='ltr'><strong>ratio,</strong></span> <span class='ocrx_word' id='word_1_344' title='bbox 3373 1723 3445 1777; x_wconf 85' lang='lat' dir='ltr'><strong>ita</strong></span> <span class='ocrx_word' id='word_1_345' title='bbox 3469 1724 3585 1777; x_wconf 80' lang='lat' dir='ltr'><strong>lia-c</strong></span> 
     </span>
    </p>
   </div>
   <div class='ocr_carea' id='block_1_50' title="bbox 2021 1810 3586 1886">
    <p class='ocr_par' dir='ltr' id='par_1_50' title="bbox 2021 1810 3586 1886">
     <span class='ocr_line' id='line_1_50' title="bbox 2021 1810 3586 1886; baseline -0.004 -15"><span class='ocrx_word' id='word_1_346' title='bbox 2021 1833 2081 1871; x_wconf 81' lang='lat' dir='ltr'><strong>se</strong></span> <span class='ocrx_word' id='word_1_347' title='bbox 2116 1816 2352 1882; x_wconf 68' lang='lat' dir='ltr'><strong>habent;</strong></span> <span class='ocrx_word' id='word_1_348' title='bbox 2385 1815 2431 1870; x_wconf 88' lang='lat' dir='ltr'><strong>si</strong></span> <span class='ocrx_word' id='word_1_349' title='bbox 2462 1815 2722 1886; x_wconf 84' lang='lat' dir='ltr'><strong>pleraque</strong></span> <span class='ocrx_word' id='word_1_350' title='bbox 2751 1813 2818 1867; x_wconf 88' lang='lat' dir='ltr'><strong>de</strong></span> <span class='ocrx_word' id='word_1_351' title='bbox 2848 1810 3102 1881; x_wconf 77' lang='lat' dir='ltr'><strong>pecuniis</strong></span> <span class='ocrx_word' id='word_1_352' title='bbox 3145 1820 3202 1865; x_wconf 89' lang='lat' dir='ltr'><strong>et</strong></span> <span class='ocrx_word' id='word_1_353' title='bbox 3251 1811 3471 1880; x_wconf 67' lang='lat' dir='ltr'><strong>[mediis</strong></span> <span class='ocrx_word' id='word_1_354' title='bbox 3498 1810 3586 1880; x_wconf 77' lang='lat' dir='ltr'><strong>ju-</strong></span> 
     </span>
    </p>
   </div>
   <div class='ocr_carea' id='block_1_51' title="bbox 2022 1903 3587 1973">
    <p class='ocr_par' dir='ltr' id='par_1_51' title="bbox 2022 1903 3587 1973">
     <span class='ocr_line' id='line_1_51' title="bbox 2022 1903 3587 1973; baseline -0.004 -9"><span class='ocrx_word' id='word_1_355' title='bbox 2022 1909 2164 1966; x_wconf 87' lang='lat' dir='ltr'><strong>dicia</strong></span> <span class='ocrx_word' id='word_1_356' title='bbox 2204 1908 2477 1965; x_wconf 89' lang='lat' dir='ltr'><strong>oculatam</strong></span> <span class='ocrx_word' id='word_1_357' title='bbox 2523 1915 2581 1962; x_wconf 88' lang='lat' dir='ltr'><strong>et</strong></span> <span class='ocrx_word' id='word_1_358' title='bbox 2631 1913 2896 1960; x_wconf 77' lang='lat' dir='ltr'><strong>attentam</strong></span> <span class='ocrx_word' id='word_1_359' title='bbox 2953 1903 3350 1973; x_wconf 76' lang='lat' dir='ltr'><strong>inspectionem</strong></span> <span class='ocrx_word' id='word_1_360' title='bbox 3401 1905 3587 1973; x_wconf 85' lang='lat' dir='ltr'><strong>requi-</strong></span> 
     </span>
    </p>
   </div>
   <div class='ocr_carea' id='block_1_52' title="bbox 2022 1997 3584 2072">
    <p class='ocr_par' dir='ltr' id='par_1_52' title="bbox 2022 1997 3584 2072">
     <span class='ocr_line' id='line_1_52' title="bbox 2022 1997 3584 2072; baseline -0.004 -15"><span class='ocrx_word' id='word_1_361' title='bbox 2022 2011 2172 2067; x_wconf 85' lang='lat' dir='ltr'><strong>runt,</strong></span> <span class='ocrx_word' id='word_1_362' title='bbox 2206 2019 2270 2057; x_wconf 84' lang='lat' dir='ltr'><strong>ac</strong></span> <span class='ocrx_word' id='word_1_363' title='bbox 2301 2002 2464 2072; x_wconf 74' lang='lat' dir='ltr'><strong>longo</strong></span> <span class='ocrx_word' id='word_1_364' title='bbox 2492 2013 2634 2068; x_wconf 63' lang='lat' dir='ltr'><strong>saepe</strong></span> <span class='ocrx_word' id='word_1_365' title='bbox 2662 2006 2911 2067; x_wconf 88' lang='lat' dir='ltr'><strong>tempore</strong></span> <span class='ocrx_word' id='word_1_366' title='bbox 2937 2006 3116 2066; x_wconf 75' lang='lat' dir='ltr'><strong>egent,</strong></span> <span class='ocrx_word' id='word_1_367' title='bbox 3149 2004 3226 2059; x_wconf 85' lang='lat' dir='ltr'><strong>et,</strong></span> <span class='ocrx_word' id='word_1_368' title='bbox 3259 2007 3318 2050; x_wconf 91' lang='lat' dir='ltr'><strong>ut</strong></span> <span class='ocrx_word' id='word_1_369' title='bbox 3346 1997 3584 2050; x_wconf 81' lang='lat' dir='ltr'><strong>certiora</strong></span> 
     </span>
    </p>
   </div>
   <div class='ocr_carea' id='block_1_53' title="bbox 2020 2089 3582 2164">
    <p class='ocr_par' dir='ltr' id='par_1_53' title="bbox 2020 2089 3582 2164">
     <span class='ocr_line' id='line_1_53' title="bbox 2020 2089 3582 2164; baseline -0.009 -9"><span class='ocrx_word' id='word_1_370' title='bbox 2020 2096 2154 2160; x_wconf 88' lang='lat' dir='ltr'><strong>sint,</strong></span> <span class='ocrx_word' id='word_1_371' title='bbox 2201 2105 2497 2164; x_wconf 89' lang='lat' dir='ltr'><strong>utrumque</strong></span> <span class='ocrx_word' id='word_1_372' title='bbox 2541 2093 2728 2158; x_wconf 85' lang='lat' dir='ltr'><strong>simul,</strong></span> <span class='ocrx_word' id='word_1_373' title='bbox 2773 2091 3056 2146; x_wconf 82' lang='lat' dir='ltr'><strong>oculorum</strong></span> <span class='ocrx_word' id='word_1_374' title='bbox 3095 2089 3219 2143; x_wconf 84' lang='lat' dir='ltr'><strong>dico</strong></span> <span class='ocrx_word' id='word_1_375' title='bbox 3261 2097 3318 2142; x_wconf 88' lang='lat' dir='ltr'><strong>et</strong></span> <span class='ocrx_word' id='word_1_376' title='bbox 3367 2089 3582 2141; x_wconf 85' lang='lat' dir='ltr'><strong>aurium</strong></span> 
     </span>
    </p>
   </div>
   <div class='ocr_carea' id='block_1_54' title="bbox 2021 2179 3582 2259">
    <p class='ocr_par' dir='ltr' id='par_1_54' title="bbox 2021 2179 3582 2259">
     <span class='ocr_line' id='line_1_54' title="bbox 2021 2179 3582 2259; baseline -0.006 -14"><span class='ocrx_word' id='word_1_377' title='bbox 2021 2203 2253 2245; x_wconf 76' lang='lat' dir='ltr'><strong>examen</strong></span> <span class='ocrx_word' id='word_1_378' title='bbox 2279 2188 2638 2259; x_wconf 69' lang='lat' dir='ltr'><strong>coniunctum</strong></span> <span class='ocrx_word' id='word_1_379' title='bbox 2663 2183 2924 2252; x_wconf 69' lang='lat' dir='ltr'><strong>exigunt;</strong></span> <span class='ocrx_word' id='word_1_380' title='bbox 2955 2181 3146 2252; x_wconf 88' lang='lat' dir='ltr'><strong>quidni</strong></span> <span class='ocrx_word' id='word_1_381' title='bbox 3175 2181 3276 2236; x_wconf 86' lang='lat' dir='ltr'><strong>hoc</strong></span> <span class='ocrx_word' id='word_1_382' title='bbox 3310 2180 3454 2246; x_wconf 87' lang='lat' dir='ltr'><strong>loco,</strong></span> <span class='ocrx_word' id='word_1_383' title='bbox 3485 2179 3582 2236; x_wconf 88' lang='lat' dir='ltr'><strong>ubi</strong></span> 
     </span>
    </p>
   </div>
   <div class='ocr_carea' id='block_1_55' title="bbox 2021 2271 3586 2349">
    <p class='ocr_par' dir='ltr' id='par_1_55' title="bbox 2021 2271 3586 2349">
     <span class='ocr_line' id='line_1_55' title="bbox 2021 2271 3586 2349; baseline -0.008 -11"><span class='ocrx_word' id='word_1_384' title='bbox 2021 2283 2091 2338; x_wconf 87' lang='lat' dir='ltr'><strong>de</strong></span> <span class='ocrx_word' id='word_1_385' title='bbox 2118 2281 2369 2338; x_wconf 74' lang='lat' dir='ltr'><strong>Ecclesiae</strong></span> <span class='ocrx_word' id='word_1_386' title='bbox 2396 2279 2492 2334; x_wconf 90' lang='lat' dir='ltr'><strong>Dei</strong></span> <span class='ocrx_word' id='word_1_387' title='bbox 2523 2277 2794 2349; x_wconf 70' lang='lat' dir='ltr'><strong>dogmatis</strong></span> <span class='ocrx_word' id='word_1_388' title='bbox 2817 2276 3019 2346; x_wconf 70' lang='lat' dir='ltr'><strong>agitur.</strong></span> <span class='ocrx_word' id='word_1_389' title='bbox 3050 2273 3102 2327; x_wconf 91' lang='lat' dir='ltr'><strong>id</strong></span> <span class='ocrx_word' id='word_1_390' title='bbox 3132 2271 3466 2327; x_wconf 82' lang='lat' dir='ltr'><strong>cumulatius</strong></span> <span class='ocrx_word' id='word_1_391' title='bbox 3489 2272 3586 2326; x_wconf 83' lang='lat' dir='ltr'><strong>de-</strong></span> 
     </span>
    </p>
   </div>
   <div class='ocr_carea' id='block_1_56' title="bbox 2024 2362 3586 2444">
    <p class='ocr_par' dir='ltr' id='par_1_56' title="bbox 2024 2362 3586 2444">
     <span class='ocr_line' id='line_1_56' title="bbox 2024 2362 3586 2444; baseline -0.01 -14"><span class='ocrx_word' id='word_1_392' title='bbox 2024 2375 2155 2429; x_wconf 85' lang='lat' dir='ltr'><strong>bere</strong></span> <span class='ocrx_word' id='word_1_393' title='bbox 2179 2372 2426 2444; x_wconf 70' lang='lat' dir='ltr'><strong>praastari</strong></span> <span class='ocrx_word' id='word_1_394' title='bbox 2456 2373 2615 2442; x_wconf 76' lang='lat' dir='ltr'><strong>longe</strong></span> <span class='ocrx_word' id='word_1_395' title='bbox 2643 2368 2844 2440; x_wconf 86' lang='lat' dir='ltr'><strong>potiori</strong></span> <span class='ocrx_word' id='word_1_396' title='bbox 2869 2368 2993 2436; x_wconf 78' lang='lat' dir='ltr'><strong>jure</strong></span> <span class='ocrx_word' id='word_1_397' title='bbox 3015 2365 3247 2435; x_wconf 85' lang='lat' dir='ltr'><strong>quisque</strong></span> <span class='ocrx_word' id='word_1_398' title='bbox 3272 2362 3586 2418; x_wconf 72' lang='lat' dir='ltr'><strong>existimet?</strong></span> 
     </span>
    </p>
   </div>
   <div class='ocr_carea' id='block_1_57' title="bbox 2023 2454 3587 2531">
    <p class='ocr_par' dir='ltr' id='par_1_57' title="bbox 2023 2454 3587 2531">
     <span class='ocr_line' id='line_1_57' title="bbox 2023 2454 3587 2531; baseline -0.008 -13"><span class='ocrx_word' id='word_1_399' title='bbox 2023 2463 2091 2520; x_wconf 83' lang='lat' dir='ltr'><strong>Et</strong></span> <span class='ocrx_word' id='word_1_400' title='bbox 2117 2464 2276 2522; x_wconf 86' lang='lat' dir='ltr'><strong>nobis</strong></span> <span class='ocrx_word' id='word_1_401' title='bbox 2308 2464 2476 2531; x_wconf 77' lang='lat' dir='ltr'><strong>igitur</strong></span> <span class='ocrx_word' id='word_1_402' title='bbox 2505 2477 2646 2515; x_wconf 83' lang='lat' dir='ltr'><strong>nova</strong></span> <span class='ocrx_word' id='word_1_403' title='bbox 2677 2459 2767 2513; x_wconf 86' lang='lat' dir='ltr'><strong>illa</strong></span> <span class='ocrx_word' id='word_1_404' title='bbox 2797 2459 3018 2511; x_wconf 73' lang='lat' dir='ltr'><strong>decreta</strong></span> <span class='ocrx_word' id='word_1_405' title='bbox 3047 2454 3165 2508; x_wconf 87' lang='lat' dir='ltr'><strong>dari</strong></span> <span class='ocrx_word' id='word_1_406' title='bbox 3198 2463 3437 2521; x_wconf 83' lang='lat' dir='ltr'><strong>oportet,</strong></span> <span class='ocrx_word' id='word_1_407' title='bbox 3465 2467 3587 2520; x_wconf 77' lang='lat' dir='ltr'><strong>qua:</strong></span> 
     </span>
    </p>
   </div>
   <div class='ocr_carea' id='block_1_58' title="bbox 1983 2549 3588 2623">
    <p class='ocr_par' dir='ltr' id='par_1_58' title="bbox 1983 2549 3588 2623">
     <span class='ocr_line' id='line_1_58' title="bbox 1983 2549 3588 2623; baseline -0.007 -13"><span class='ocrx_word' id='word_1_408' title='bbox 1983 2607 1986 2610; x_wconf 88' lang='lat'><strong><em>.</em></strong></span> <span class='ocrx_word' id='word_1_409' title='bbox 2022 2553 2196 2608; x_wconf 82' lang='lat' dir='ltr'><strong>multo</strong></span> <span class='ocrx_word' id='word_1_410' title='bbox 2227 2562 2286 2608; x_wconf 88' lang='lat' dir='ltr'><strong>et</strong></span> <span class='ocrx_word' id='word_1_411' title='bbox 2321 2551 2746 2623; x_wconf 70' lang='lat' dir='ltr'><strong>diligentissimo</strong></span> <span class='ocrx_word' id='word_1_412' title='bbox 2787 2549 3040 2604; x_wconf 68' lang='lat' dir='ltr'><strong>evatnine</strong></span> <span class='ocrx_word' id='word_1_413' title='bbox 3091 2553 3268 2623; x_wconf 77' lang='lat' dir='ltr'><strong>longis</strong></span> <span class='ocrx_word' id='word_1_414' title='bbox 3299 2552 3492 2607; x_wconf 74' lang='lat' dir='ltr'><strong>diebus</strong></span> <span class='ocrx_word' id='word_1_415' title='bbox 3529 2557 3588 2603; x_wconf 88' lang='lat' dir='ltr'><strong>et</strong></span> 
     </span>
    </p>
   </div>
   <div class='ocr_carea' id='block_1_59' title="bbox 2023 2644 3590 2716">
    <p class='ocr_par' dir='ltr' id='par_1_59' title="bbox 2023 2644 3590 2716">
     <span class='ocr_line' id='line_1_59' title="bbox 2023 2644 3590 2716; baseline -0.006 -14"><span class='ocrx_word' id='word_1_416' title='bbox 2023 2646 2277 2702; x_wconf 78' lang='lat' dir='ltr'><strong>noctibus</strong></span> <span class='ocrx_word' id='word_1_417' title='bbox 2305 2645 2738 2716; x_wconf 81' lang='lat' dir='ltr'><strong>perpendamus.</strong></span> <span class='ocrx_word' id='word_1_418' title='bbox 2767 2644 2898 2712; x_wconf 65' lang='lat' dir='ltr'><strong>Quae</strong></span> <span class='ocrx_word' id='word_1_419' title='bbox 2927 2644 3073 2698; x_wconf 89' lang='lat' dir='ltr'><strong>enim</strong></span> <span class='ocrx_word' id='word_1_420' title='bbox 3109 2661 3248 2699; x_wconf 87' lang='lat' dir='ltr'><strong>nove</strong></span> <span class='ocrx_word' id='word_1_421' title='bbox 3280 2646 3425 2698; x_wconf 86' lang='lat' dir='ltr'><strong>dicta</strong></span> <span class='ocrx_word' id='word_1_422' title='bbox 3467 2658 3590 2712; x_wconf 82' lang='lat' dir='ltr'><strong>pro-</strong></span> 
     </span>
    </p>
   </div>
   <div class='ocr_carea' id='block_1_60' title="bbox 2023 2732 3588 2812">
    <p class='ocr_par' dir='ltr' id='par_1_60' title="bbox 2023 2732 3588 2812">
     <span class='ocr_line' id='line_1_60' title="bbox 2023 2732 3588 2812; baseline -0.005 -20"><span class='ocrx_word' id='word_1_423' title='bbox 2023 2738 2294 2801; x_wconf 75' lang='lat' dir='ltr'><strong>feruntur,</strong></span> <span class='ocrx_word' id='word_1_424' title='bbox 2323 2751 2388 2790; x_wconf 87' lang='lat' dir='ltr'><strong>ea</strong></span> <span class='ocrx_word' id='word_1_425' title='bbox 2417 2735 2576 2812; x_wconf 70' lang='lat' dir='ltr'><strong>novis</strong></span> <span class='ocrx_word' id='word_1_426' title='bbox 2602 2734 2830 2804; x_wconf 85' lang='lat' dir='ltr'><strong>jndiciis</strong></span> <span class='ocrx_word' id='word_1_427' title='bbox 2863 2732 3170 2788; x_wconf 75' lang='lat' dir='ltr'><strong>subeundis</strong></span> <span class='ocrx_word' id='word_1_428' title='bbox 3202 2735 3440 2788; x_wconf 77' lang='lat' dir='ltr'><strong>obnoxia</strong></span> <span class='ocrx_word' id='word_1_429' title='bbox 3466 2747 3588 2786; x_wconf 81' lang='lat' dir='ltr'><strong>esse</strong></span> 
     </span>
    </p>
   </div>
   <div class='ocr_carea' id='block_1_61' title="bbox 2023 2824 3587 2899">
    <p class='ocr_par' dir='ltr' id='par_1_61' title="bbox 2023 2824 3587 2899">
     <span class='ocr_line' id='line_1_61' title="bbox 2023 2824 3587 2899; baseline -0.005 -15"><span class='ocrx_word' id='word_1_430' title='bbox 2023 2829 2299 2899; x_wconf 77' lang='lat' dir='ltr'><strong>sapientes</strong></span> <span class='ocrx_word' id='word_1_431' title='bbox 2333 2827 2722 2896; x_wconf 84' lang='lat' dir='ltr'><strong>pronuntiant;</strong></span> <span class='ocrx_word' id='word_1_432' title='bbox 2780 2825 2882 2879; x_wconf 82' lang='lat' dir='ltr'><strong>nisi</strong></span> <span class='ocrx_word' id='word_1_433' title='bbox 2935 2827 2981 2880; x_wconf 90' lang='lat' dir='ltr'><strong>is</strong></span> <span class='ocrx_word' id='word_1_434' title='bbox 3025 2826 3118 2894; x_wconf 84' lang='lat' dir='ltr'><strong>qui</strong></span> <span class='ocrx_word' id='word_1_435' title='bbox 3172 2842 3312 2880; x_wconf 87' lang='lat' dir='ltr'><strong>nova</strong></span> <span class='ocrx_word' id='word_1_436' title='bbox 3356 2824 3587 2894; x_wconf 69' lang='grc' dir='ltr'>νεοίη-ι,</span> 
     </span>
    </p>
   </div>
   <div class='ocr_carea' id='block_1_62' title="bbox 2023 2916 3590 2988">
    <p class='ocr_par' dir='ltr' id='par_1_62' title="bbox 2023 2916 3590 2988">
     <span class='ocr_line' id='line_1_62' title="bbox 2023 2916 3590 2988; baseline -0.006 -11"><span class='ocrx_word' id='word_1_437' title='bbox 2023 2926 2246 2978; x_wconf 87' lang='lat' dir='ltr'><strong>numine</strong></span> <span class='ocrx_word' id='word_1_438' title='bbox 2289 2921 2363 2974; x_wconf 86' lang='lat' dir='ltr'><strong>sit</strong></span> <span class='ocrx_word' id='word_1_439' title='bbox 2407 2920 2638 2988; x_wconf 82' lang='lat' dir='ltr'><strong>plenus;</strong></span> <span class='ocrx_word' id='word_1_440' title='bbox 2672 2917 2852 2987; x_wconf 92' lang='lat' dir='ltr'><strong>qualis</strong></span> <span class='ocrx_word' id='word_1_441' title='bbox 2882 2917 2984 2971; x_wconf 79' lang='lat' dir='ltr'><strong>fuit</strong></span> <span class='ocrx_word' id='word_1_442' title='bbox 3015 2917 3106 2970; x_wconf 89' lang='lat' dir='ltr'><strong>ille</strong></span> <span class='ocrx_word' id='word_1_443' title='bbox 3152 2916 3319 2969; x_wconf 80' lang='lat' dir='ltr'><strong>Deum</strong></span> <span class='ocrx_word' id='word_1_444' title='bbox 3353 2930 3590 2985; x_wconf 61' lang='lat' dir='ltr'><strong>prmon-</strong></span> 
     </span>
    </p>
   </div>
   <div class='ocr_carea' id='block_1_63' title="bbox 2025 3007 3588 3079">
    <p class='ocr_par' dir='ltr' id='par_1_63' title="bbox 2025 3007 3588 3079">
     <span class='ocr_line' id='line_1_63' title="bbox 2025 3007 3588 3079; baseline -0.008 -7"><span class='ocrx_word' id='word_1_445' title='bbox 2025 3026 2132 3072; x_wconf 87' lang='lat' dir='ltr'><strong>tem</strong></span> <span class='ocrx_word' id='word_1_446' title='bbox 2165 3015 2399 3068; x_wconf 81' lang='lat' dir='ltr'><strong>intuitus</strong></span> <span class='ocrx_word' id='word_1_447' title='bbox 2427 3012 2631 3073; x_wconf 81' lang='lat' dir='ltr'><strong>Moses;</strong></span> <span class='ocrx_word' id='word_1_448' title='bbox 2662 3009 2758 3079; x_wconf 88' lang='lat' dir='ltr'><strong>qui</strong></span> <span class='ocrx_word' id='word_1_449' title='bbox 2785 3009 3217 3064; x_wconf 85' lang='lat' dir='ltr'><strong>inmnnerabiles</strong></span> <span class='ocrx_word' id='word_1_450' title='bbox 3242 3007 3454 3079; x_wconf 62' lang='lat'><strong>1042</strong></span> <span class='ocrx_word' id='word_1_451' title='bbox 3479 3007 3588 3061; x_wconf 84' lang='lat' dir='ltr'><strong>lle-</strong></span> 
     </span>
    </p>
   </div>
   <div class='ocr_carea' id='block_1_64' title="bbox 362 3101 1923 3191">
    <p class='ocr_par' dir='ltr' id='par_1_64' title="bbox 362 3103 1923 3180">
     <span class='ocr_line' id='line_1_64' title="bbox 362 3103 1923 3180; baseline 0.005 -24"><span class='ocrx_word' id='word_1_452' title='bbox 362 3103 707 3172; x_wconf 78' lang='grc' dir='ltr'>διαδισάσας,</span> <span class='ocrx_word' id='word_1_453' title='bbox 737 3108 835 3161; x_wconf 77' lang='grc' dir='ltr'>καὶ</span> <span class='ocrx_word' id='word_1_454' title='bbox 882 3107 1190 3161; x_wconf 83' lang='grc' dir='ltr'>τούναντίον</span> <span class='ocrx_word' id='word_1_455' title='bbox 1220 3108 1287 3162; x_wconf 82' lang='grc' dir='ltr'><strong>αὑ</strong></span> <span class='ocrx_word' id='word_1_456' title='bbox 1315 3109 1406 3162; x_wconf 82' lang='grc' dir='ltr'>διὰ</span> <span class='ocrx_word' id='word_1_457' title='bbox 1435 3110 1534 3179; x_wconf 81' lang='grc' dir='ltr'>τῆς</span> <span class='ocrx_word' id='word_1_458' title='bbox 1572 3109 1802 3180; x_wconf 78' lang='grc' dir='ltr'>ἀνύδρου</span> <span class='ocrx_word' id='word_1_459' title='bbox 1832 3110 1923 3164; x_wconf 86' lang='grc' dir='ltr'>πέ-</span> 
     </span>
    </p>
   </div>
   <div class='ocr_carea' id='block_1_65' title="bbox 2023 3101 3597 3191">
    <p class='ocr_par' dir='ltr' id='par_1_65' title="bbox 2027 3101 3597 3172">
     <span class='ocr_line' id='line_1_65' title="bbox 2027 3101 3597 3172; baseline -0.008 -8"><span class='ocrx_word' id='word_1_460' title='bbox 2027 3108 2297 3164; x_wconf 73' lang='lat' dir='ltr'><strong>brzeorum</strong></span> <span class='ocrx_word' id='word_1_461' title='bbox 2329 3105 2605 3162; x_wconf 80' lang='lat' dir='ltr'><strong>exercitus</strong></span> <span class='ocrx_word' id='word_1_462' title='bbox 2653 3117 2751 3172; x_wconf 82' lang='lat' dir='ltr'><strong>per</strong></span> <span class='ocrx_word' id='word_1_463' title='bbox 2802 3101 3044 3172; x_wconf 83' lang='lat' dir='ltr'><strong>liquidos</strong></span> <span class='ocrx_word' id='word_1_464' title='bbox 3102 3102 3270 3155; x_wconf 88' lang='lat' dir='ltr'><strong>maris</strong></span> <span class='ocrx_word' id='word_1_465' title='bbox 3318 3101 3597 3170; x_wconf 75' lang='lat' dir='ltr'><strong>gurgites,-</strong></span> 
     </span>
    </p>
   </div>
   <div class='ocr_carea' id='block_1_66' title="bbox 365 3198 1923 3272">
    <p class='ocr_par' dir='ltr' id='par_1_66' title="bbox 365 3198 1923 3272">
     <span class='ocr_line' id='line_1_66' title="bbox 365 3198 1923 3272; baseline 0.003 -24"><span class='ocrx_word' id='word_1_466' title='bbox 365 3212 504 3265; x_wconf 84' lang='grc' dir='ltr'>τρας</span> <span class='ocrx_word' id='word_1_467' title='bbox 552 3199 669 3267; x_wconf 75' lang='grc' dir='ltr'>ῥεῖν</span> <span class='ocrx_word' id='word_1_468' title='bbox 719 3198 932 3252; x_wconf 81' lang='grc' dir='ltr'>ὑδάτων</span> <span class='ocrx_word' id='word_1_469' title='bbox 974 3198 1255 3260; x_wconf 82' lang='grc' dir='ltr'>θαλάσσας</span> <span class='ocrx_word' id='word_1_470' title='bbox 1303 3203 1751 3272; x_wconf 85' lang='grc' dir='ltr'>παρασκευάσας.</span> <span class='ocrx_word' id='word_1_471' title='bbox 1785 3201 1923 3255; x_wconf 75' lang='grc' dir='ltr'>Θεοῦ</span> 
     </span>
    </p>
   </div>
   <div class='ocr_carea' id='block_1_67' title="bbox 361 3288 1926 3364">
    <p class='ocr_par' dir='ltr' id='par_1_67' title="bbox 361 3288 1926 3364">
     <span class='ocr_line' id='line_1_67' title="bbox 361 3288 1926 3364; baseline 0.003 -24"><span class='ocrx_word' id='word_1_472' title='bbox 361 3290 476 3358; x_wconf 74' lang='grc' dir='ltr'><strong>γάρ</strong></span> <span class='ocrx_word' id='word_1_473' title='bbox 491 3288 800 3353; x_wconf 81' lang='grc' dir='ltr'>κελεύοντός</span> <span class='ocrx_word' id='word_1_474' title='bbox 822 3307 884 3344; x_wconf 75' lang='grc' dir='ltr'><strong>τε</strong></span> <span class='ocrx_word' id='word_1_475' title='bbox 909 3292 1006 3344; x_wconf 85' lang='grc' dir='ltr'>καὶ</span> <span class='ocrx_word' id='word_1_476' title='bbox 1036 3293 1448 3364; x_wconf 86' lang='grc' dir='ltr'>συναιρομένου,</span> <span class='ocrx_word' id='word_1_477' title='bbox 1474 3295 1569 3348; x_wconf 80' lang='grc' dir='ltr'>καὶ</span> <span class='ocrx_word' id='word_1_478' title='bbox 1594 3294 1755 3364; x_wconf 90' lang='grc' dir='ltr'>νόμοι</span> <span class='ocrx_word' id='word_1_479' title='bbox 1771 3293 1926 3345; x_wconf 86' lang='grc' dir='ltr'>λύον-</span> 
     </span>
    </p>
   </div>
   <div class='ocr_carea' id='block_1_68' title="bbox 361 3378 1924 3452">
    <p class='ocr_par' dir='ltr' id='par_1_68' title="bbox 361 3378 1924 3452">
     <span class='ocr_line' id='line_1_68' title="bbox 361 3378 1924 3452; baseline 0.002 -21"><span class='ocrx_word' id='word_1_480' title='bbox 361 3395 454 3432; x_wconf 88' lang='grc' dir='ltr'><strong>ται</strong></span> <span class='ocrx_word' id='word_1_481' title='bbox 484 3378 718 3447; x_wconf 74' lang='grc' dir='ltr'>φύσεως.</span> <span class='ocrx_word' id='word_1_482' title='bbox 751 3380 853 3433; x_wconf 82' lang='grc' dir='ltr'>Ἦν</span> <span class='ocrx_word' id='word_1_483' title='bbox 883 3379 941 3434; x_wconf 87' lang='grc' dir='ltr'><strong>δέ</strong></span> <span class='ocrx_word' id='word_1_484' title='bbox 970 3395 1052 3442; x_wconf 89' lang='grc' dir='ltr'><strong>τις</strong></span> <span class='ocrx_word' id='word_1_485' title='bbox 1071 3378 1183 3432; x_wconf 80' lang='grc' dir='ltr'><strong>τῶν</strong></span> <span class='ocrx_word' id='word_1_486' title='bbox 1213 3380 1322 3434; x_wconf 78' lang='grc' dir='ltr'>ἀπὸ</span> <span class='ocrx_word' id='word_1_487' title='bbox 1341 3382 1550 3452; x_wconf 82' lang='grc' dir='ltr'>τρυφῆς</span> <span class='ocrx_word' id='word_1_488' title='bbox 1571 3381 1665 3436; x_wconf 66' lang='grc' dir='ltr'>καὶ</span> <span class='ocrx_word' id='word_1_489' title='bbox 1691 3380 1790 3450; x_wconf 81' lang='grc' dir='ltr'>τῆς</span> <span class='ocrx_word' id='word_1_490' title='bbox 1826 3380 1924 3451; x_wconf 72' lang='grc' dir='ltr'><strong>ὀψὲ</strong></span> 
     </span>
    </p>
   </div>
   <div class='ocr_carea' id='block_1_69' title="bbox 364 3463 1926 3542">
    <p class='ocr_par' dir='ltr' id='par_1_69' title="bbox 364 3463 1926 3542">
     <span class='ocr_line' id='line_1_69' title="bbox 364 3463 1926 3542; baseline 0.003 -25"><span class='ocrx_word' id='word_1_491' title='bbox 364 3466 676 3534; x_wconf 77' lang='grc' dir='ltr'>κραιπάλης</span> <span class='ocrx_word' id='word_1_492' title='bbox 701 3466 869 3520; x_wconf 70' lang='grc' dir='ltr'>ἕωθεν</span> <span class='ocrx_word' id='word_1_493' title='bbox 885 3465 1288 3521; x_wconf 72' lang='grc' dir='ltr'>ἀνατελλόντων</span> <span class='ocrx_word' id='word_1_494' title='bbox 1313 3463 1370 3542; x_wconf 80' lang='grc' dir='ltr'>ᾖ,</span> <span class='ocrx_word' id='word_1_495' title='bbox 1398 3469 1613 3538; x_wconf 87' lang='grc' dir='ltr'>ἀνάγκη</span> <span class='ocrx_word' id='word_1_496' title='bbox 1642 3471 1926 3539; x_wconf 81' lang='grc' dir='ltr'>νοσήματα</span> 
     </span>
    </p>
   </div>
   <div class='ocr_carea' id='block_1_70' title="bbox 367 3556 1926 3630">
    <p class='ocr_par' dir='ltr' id='par_1_70' title="bbox 367 3556 1926 3630">
     <span class='ocr_line' id='line_1_70' title="bbox 367 3556 1926 3630; baseline 0.001 -18"><span class='ocrx_word' id='word_1_497' title='bbox 367 3556 600 3628; x_wconf 77' lang='grc' dir='ltr'>φύεσθαι</span> <span class='ocrx_word' id='word_1_498' title='bbox 628 3558 876 3630; x_wconf 83' lang='grc' dir='ltr'>μοχθηρὰ</span> <span class='ocrx_word' id='word_1_499' title='bbox 903 3560 1000 3612; x_wconf 76' lang='grc' dir='ltr'>καὶ</span> <span class='ocrx_word' id='word_1_500' title='bbox 1024 3559 1360 3624; x_wconf 81' lang='grc' dir='ltr'>παντοδαπὰ,</span> <span class='ocrx_word' id='word_1_501' title='bbox 1379 3560 1471 3613; x_wconf 72' lang='grc' dir='ltr'>καὶ</span> <span class='ocrx_word' id='word_1_502' title='bbox 1485 3560 1756 3629; x_wconf 82' lang='grc' dir='ltr'>διαφόρων</span> <span class='ocrx_word' id='word_1_503' title='bbox 1780 3562 1926 3614; x_wconf 78' lang='grc' dir='ltr'>τίσα-</span> 
     </span>
    </p>
   </div>
   <div class='ocr_carea' id='block_1_71' title="bbox 364 3651 1924 3722">
    <p class='ocr_par' dir='ltr' id='par_1_71' title="bbox 364 3651 1924 3722">
     <span class='ocr_line' id='line_1_71' title="bbox 364 3651 1924 3722; baseline 0.001 -18"><span class='ocrx_word' id='word_1_504' title='bbox 364 3651 551 3720; x_wconf 77' lang='grc' dir='ltr'>γωγὰς</span> <span class='ocrx_word' id='word_1_505' title='bbox 575 3652 842 3721; x_wconf 78' lang='grc' dir='ltr'>αἱρέσεων</span> <span class='ocrx_word' id='word_1_506' title='bbox 877 3652 1013 3721; x_wconf 68' lang='grc' dir='ltr'>πρδς</span> <span class='ocrx_word' id='word_1_507' title='bbox 1039 3651 1146 3722; x_wconf 74' lang='grc' dir='ltr'><strong>τὴν</strong></span> <span class='ocrx_word' id='word_1_508' title='bbox 1177 3652 1528 3706; x_wconf 87' lang='grc' dir='ltr'>καθεστῶσαν</span> <span class='ocrx_word' id='word_1_509' title='bbox 1575 3655 1638 3706; x_wconf 79' lang='grc' dir='ltr'>ἐκ</span> <span class='ocrx_word' id='word_1_510' title='bbox 1693 3653 1924 3707; x_wconf 87' lang='grc' dir='ltr'>παλαιοῦ</span> 
     </span>
    </p>
   </div>
   <div class='ocr_carea' id='block_1_72' title="bbox 363 3741 1925 3815">
    <p class='ocr_par' dir='ltr' id='par_1_72' title="bbox 363 3741 1925 3815">
     <span class='ocr_line' id='line_1_72' title="bbox 363 3741 1925 3815; baseline 0.001 -18"><span class='ocrx_word' id='word_1_511' title='bbox 363 3744 664 3808; x_wconf 62' lang='grc' dir='ltr'>ποῖιτείαν,</span> <span class='ocrx_word' id='word_1_512' title='bbox 707 3743 803 3796; x_wconf 83' lang='grc' dir='ltr'>καὶ</span> <span class='ocrx_word' id='word_1_513' title='bbox 836 3741 1123 3806; x_wconf 83' lang='grc' dir='ltr'>ἀναλύσεις</span> <span class='ocrx_word' id='word_1_514' title='bbox 1150 3744 1486 3815; x_wconf 77' lang='grc' dir='ltr'>δογματικῆς</span> <span class='ocrx_word' id='word_1_515' title='bbox 1513 3744 1796 3814; x_wconf 84' lang='grc' dir='ltr'>ἁρμονίας,</span> <span class='ocrx_word' id='word_1_516' title='bbox 1831 3745 1925 3800; x_wconf 82' lang='grc' dir='ltr'>καὶ</span> 
     </span>
    </p>
   </div>
   <div class='ocr_carea' id='block_1_73' title="bbox 369 3833 1923 3906">
    <p class='ocr_par' dir='ltr' id='par_1_73' title="bbox 369 3833 1923 3906">
     <span class='ocr_line' id='line_1_73' title="bbox 369 3833 1923 3906; baseline -0.001 -20"><span class='ocrx_word' id='word_1_517' title='bbox 369 3833 618 3902; x_wconf 78' lang='grc' dir='ltr'>στάθμης</span> <span class='ocrx_word' id='word_1_518' title='bbox 644 3835 859 3905; x_wconf 81' lang='grc' dir='ltr'>ἀπάσης</span> <span class='ocrx_word' id='word_1_519' title='bbox 888 3833 1316 3903; x_wconf 79' lang='grc' dir='ltr'>εὐνομουμένης.</span> <span class='ocrx_word' id='word_1_520' title='bbox 1350 3835 1550 3906; x_wconf 88' lang='grc' dir='ltr'>Διόπερ</span> <span class='ocrx_word' id='word_1_521' title='bbox 1571 3835 1673 3886; x_wconf 79' lang='grc' dir='ltr'><strong>οὑκ</strong></span> <span class='ocrx_word' id='word_1_522' title='bbox 1699 3834 1923 3887; x_wconf 82' lang='grc' dir='ltr'>ἀταλαί-</span> 
     </span>
    </p>
   </div>
   <div class='ocr_carea' id='block_1_74' title="bbox 366 3924 1926 3995">
    <p class='ocr_par' dir='ltr' id='par_1_74' title="bbox 366 3924 1926 3995">
     <span class='ocr_line' id='line_1_74' title="bbox 366 3924 1926 3995; baseline 0 -17"><span class='ocrx_word' id='word_1_523' title='bbox 366 3925 555 3995; x_wconf 86' lang='grc' dir='ltr'>πωρόν</span> <span class='ocrx_word' id='word_1_524' title='bbox 585 3942 706 3978; x_wconf 87' lang='grc' dir='ltr'>τινα</span> <span class='ocrx_word' id='word_1_525' title='bbox 738 3925 830 3979; x_wconf 76' lang='grc' dir='ltr'>καὶ</span> <span class='ocrx_word' id='word_1_526' title='bbox 859 3925 1096 3993; x_wconf 84' lang='grc' dir='ltr'>μάλιστά</span> <span class='ocrx_word' id='word_1_527' title='bbox 1121 3941 1205 3977; x_wconf 86' lang='grc' dir='ltr'><strong>τοι</strong></span> <span class='ocrx_word' id='word_1_528' title='bbox 1229 3924 1430 3978; x_wconf 76' lang='grc' dir='ltr'>εὔωνον</span> <span class='ocrx_word' id='word_1_529' title='bbox 1466 3925 1718 3995; x_wconf 74' lang='grc' dir='ltr'>ἡγεῖσθαι</span> <span class='ocrx_word' id='word_1_530' title='bbox 1747 3925 1926 3995; x_wconf 85' lang='grc' dir='ltr'>χρεὼν</span> 
     </span>
    </p>
   </div>
   <div class='ocr_carea' id='block_1_75' title="bbox 365 4015 1925 4089">
    <p class='ocr_par' dir='ltr' id='par_1_75' title="bbox 365 4015 1925 4089">
     <span class='ocr_line' id='line_1_75' title="bbox 365 4015 1925 4089; baseline 0.001 -19"><span class='ocrx_word' id='word_1_531' title='bbox 365 4019 468 4088; x_wconf 77' lang='grc' dir='ltr'>τὴν</span> <span class='ocrx_word' id='word_1_532' title='bbox 508 4019 604 4086; x_wconf 76' lang='grc' dir='ltr'>τῆς</span> <span class='ocrx_word' id='word_1_533' title='bbox 658 4017 918 4087; x_wconf 80' lang='grc' dir='ltr'>ἀληθείας</span> <span class='ocrx_word' id='word_1_534' title='bbox 950 4015 1186 4086; x_wconf 82' lang='grc' dir='ltr'>ε’ύρεσιν.</span> <span class='ocrx_word' id='word_1_535' title='bbox 1223 4015 1311 4089; x_wconf 80' lang='grc' dir='ltr'><strong>[Ρ.</strong></span> <span class='ocrx_word' id='word_1_536' title='bbox 1343 4015 1475 4088; x_wconf 82' lang='lat'><strong>655]</strong></span> <span class='ocrx_word' id='word_1_537' title='bbox 1503 4018 1578 4071; x_wconf 85' lang='grc' dir='ltr'><strong>υὺ</strong></span> <span class='ocrx_word' id='word_1_538' title='bbox 1621 4018 1728 4088; x_wconf 80' lang='grc' dir='ltr'><strong>γάρ</strong></span> <span class='ocrx_word' id='word_1_539' title='bbox 1758 4019 1925 4072; x_wconf 86' lang='grc' dir='ltr'>αύτο-</span> 
     </span>
    </p>
   </div>
   <div class='ocr_carea' id='block_1_76' title="bbox 368 4107 1927 4181">
    <p class='ocr_par' dir='ltr' id='par_1_76' title="bbox 368 4107 1927 4181">
     <span class='ocr_line' id='line_1_76' title="bbox 368 4107 1927 4181; baseline 0.002 -21"><span class='ocrx_word' id='word_1_540' title='bbox 368 4108 552 4181; x_wconf 78' lang='grc' dir='ltr'>σχέδια</span> <span class='ocrx_word' id='word_1_541' title='bbox 587 4111 682 4164; x_wconf 73' lang='grc' dir='ltr'>καὶ</span> <span class='ocrx_word' id='word_1_542' title='bbox 708 4107 996 4177; x_wconf 88' lang='grc' dir='ltr'>αὑτόματα</span> <span class='ocrx_word' id='word_1_543' title='bbox 1025 4107 1278 4175; x_wconf 75' lang='grc' dir='ltr'>φύεσθαι,</span> <span class='ocrx_word' id='word_1_544' title='bbox 1309 4109 1564 4176; x_wconf 81' lang='grc' dir='ltr'>καθάπερ</span> <span class='ocrx_word' id='word_1_545' title='bbox 1598 4109 1696 4170; x_wconf 84' lang='grc' dir='ltr'><strong>τάς</strong></span> <span class='ocrx_word' id='word_1_546' title='bbox 1727 4109 1784 4162; x_wconf 79' lang='grc' dir='ltr'>ὲν</span> <span class='ocrx_word' id='word_1_547' title='bbox 1814 4113 1927 4174; x_wconf 73' lang='grc' dir='ltr'>τοῖς</span> 
     </span>
    </p>
   </div>
   <div class='ocr_carea' id='block_1_77' title="bbox 367 4200 1928 4274">
    <p class='ocr_par' dir='ltr' id='par_1_77' title="bbox 367 4200 1928 4274">
     <span class='ocr_line' id='line_1_77' title="bbox 367 4200 1928 4274; baseline 0 -17"><span class='ocrx_word' id='word_1_548' title='bbox 367 4202 556 4257; x_wconf 79' lang='grc' dir='ltr'>ἄλσεσι</span> <span class='ocrx_word' id='word_1_549' title='bbox 596 4201 813 4274; x_wconf 83' lang='grc' dir='ltr'>βάτους,</span> <span class='ocrx_word' id='word_1_550' title='bbox 847 4200 1008 4269; x_wconf 76' lang='grc' dir='ltr'>ἴσμεν</span> <span class='ocrx_word' id='word_1_551' title='bbox 1033 4201 1101 4254; x_wconf 80' lang='grc' dir='ltr'>τὰ</span> <span class='ocrx_word' id='word_1_552' title='bbox 1127 4202 1376 4272; x_wconf 83' lang='grc' dir='ltr'>χρήσιμα</span> <span class='ocrx_word' id='word_1_553' title='bbox 1398 4217 1413 4232; x_wconf 91' lang='grc'><strong>·</strong></span> <span class='ocrx_word' id='word_1_554' title='bbox 1439 4201 1577 4258; x_wconf 83' lang='grc' dir='ltr'><strong>ἀλλά</strong></span> <span class='ocrx_word' id='word_1_555' title='bbox 1618 4202 1792 4267; x_wconf 76' lang='grc' dir='ltr'>πόνοις</span> <span class='ocrx_word' id='word_1_556' title='bbox 1821 4220 1928 4257; x_wconf 86' lang='grc' dir='ltr'>πα·</span> 
     </span>
    </p>
   </div>
   <div class='ocr_carea' id='block_1_78' title="bbox 370 4291 1925 4365">
    <p class='ocr_par' dir='ltr' id='par_1_78' title="bbox 370 4291 1925 4365">
     <span class='ocr_line' id='line_1_78' title="bbox 370 4291 1925 4365; baseline -0.001 -17"><span class='ocrx_word' id='word_1_557' title='bbox 370 4295 559 4365; x_wconf 71' lang='grc' dir='ltr'>ρέμιξε</span> <span class='ocrx_word' id='word_1_558' title='bbox 590 4293 883 4357; x_wconf 83' lang='grc' dir='ltr'>πλείστοις,</span> <span class='ocrx_word' id='word_1_559' title='bbox 925 4293 1022 4346; x_wconf 73' lang='grc' dir='ltr'><strong>καὶ</strong></span> <span class='ocrx_word' id='word_1_560' title='bbox 1055 4291 1251 4361; x_wconf 87' lang='grc' dir='ltr'>κομιδῆ</span> <span class='ocrx_word' id='word_1_561' title='bbox 1284 4294 1516 4364; x_wconf 80' lang='grc' dir='ltr'>μακροῖς</span> <span class='ocrx_word' id='word_1_562' title='bbox 1563 4291 1925 4362; x_wconf 81' lang='grc' dir='ltr'>περιετείχισε</span> 
     </span>
    </p>
   </div>
   <div class='ocr_carea' id='block_1_79' title="bbox 365 4383 1925 4458">
    <p class='ocr_par' dir='ltr' id='par_1_79' title="bbox 365 4383 1925 4458">
     <span class='ocr_line' id='line_1_79' title="bbox 365 4383 1925 4458; baseline -0.007 -18"><span class='ocrx_word' id='word_1_563' title='bbox 365 4389 477 4450; x_wconf 81' lang='grc' dir='ltr'>τοῖς</span> <span class='ocrx_word' id='word_1_564' title='bbox 511 4387 747 4458; x_wconf 74' lang='grc' dir='ltr'>ἱδρῶσιν,</span> <span class='ocrx_word' id='word_1_565' title='bbox 764 4387 792 4440; x_wconf 78' lang='grc' dir='ltr'><strong>ὃ</strong></span> <span class='ocrx_word' id='word_1_566' title='bbox 812 4402 976 4455; x_wconf 81' lang='grc' dir='ltr'>τιπερ</span> <span class='ocrx_word' id='word_1_567' title='bbox 1005 4384 1299 4453; x_wconf 76' lang='grc' dir='ltr'>κεφάλαιον</span> <span class='ocrx_word' id='word_1_568' title='bbox 1325 4384 1433 4437; x_wconf 84' lang='grc' dir='ltr'><strong>τῶν</strong></span> <span class='ocrx_word' id='word_1_569' title='bbox 1460 4383 1558 4449; x_wconf 81' lang='grc' dir='ltr'>τῆς</span> <span class='ocrx_word' id='word_1_570' title='bbox 1578 4384 1758 4453; x_wconf 80' lang='grc' dir='ltr'>ψυχῆς</span> <span class='ocrx_word' id='word_1_571' title='bbox 1783 4388 1925 4454; x_wconf 76' lang='grc' dir='ltr'>ἀγα.</span> 
     </span>
    </p>
   </div>
   <div class='ocr_carea' id='block_1_80' title="bbox 2026 3192 3586 3269">
    <p class='ocr_par' dir='ltr' id='par_1_80' title="bbox 2026 3192 3586 3269">
     <span class='ocr_line' id='line_1_80' title="bbox 2026 3192 3586 3269; baseline -0.008 -13"><span class='ocrx_word' id='word_1_572' title='bbox 2026 3201 2178 3256; x_wconf 79' lang='lat' dir='ltr'><strong>velut</strong></span> <span class='ocrx_word' id='word_1_573' title='bbox 2227 3215 2325 3269; x_wconf 84' lang='lat' dir='ltr'><strong>per</strong></span> <span class='ocrx_word' id='word_1_574' title='bbox 2363 3199 2578 3252; x_wconf 89' lang='lat' dir='ltr'><strong>aridmn</strong></span> <span class='ocrx_word' id='word_1_575' title='bbox 2632 3195 2832 3258; x_wconf 85' lang='lat' dir='ltr'><strong>solum,</strong></span> <span class='ocrx_word' id='word_1_576' title='bbox 2885 3193 3211 3258; x_wconf 83' lang='lat' dir='ltr'><strong>transmisit,</strong></span> <span class='ocrx_word' id='word_1_577' title='bbox 3245 3202 3302 3246; x_wconf 88' lang='lat' dir='ltr'><strong>et</strong></span> <span class='ocrx_word' id='word_1_578' title='bbox 3348 3192 3586 3244; x_wconf 79' lang='lat' dir='ltr'><strong>vicissim</strong></span> 
     </span>
    </p>
   </div>
   <div class='ocr_carea' id='block_1_81' title="bbox 2024 3284 3588 3360">
    <p class='ocr_par' dir='ltr' id='par_1_81' title="bbox 2024 3284 3588 3360">
     <span class='ocr_line' id='line_1_81' title="bbox 2024 3284 3588 3360; baseline -0.007 -10"><span class='ocrx_word' id='word_1_579' title='bbox 2024 3293 2230 3356; x_wconf 69' lang='lat' dir='ltr'><strong>effecit,</strong></span> <span class='ocrx_word' id='word_1_580' title='bbox 2263 3301 2322 3344; x_wconf 92' lang='lat' dir='ltr'><strong>ut</strong></span> <span class='ocrx_word' id='word_1_581' title='bbox 2349 3306 2442 3360; x_wconf 90' lang='lat' dir='ltr'><strong>per</strong></span> <span class='ocrx_word' id='word_1_582' title='bbox 2470 3288 2680 3342; x_wconf 83' lang='lat' dir='ltr'><strong>aridam</strong></span> <span class='ocrx_word' id='word_1_583' title='bbox 2709 3296 2917 3357; x_wconf 85' lang='lat' dir='ltr'><strong>petram</strong></span> <span class='ocrx_word' id='word_1_584' title='bbox 2946 3301 3212 3354; x_wconf 78' lang='lat' dir='ltr'><strong>aquarum</strong></span> <span class='ocrx_word' id='word_1_585' title='bbox 3243 3284 3325 3338; x_wconf 88' lang='lat' dir='ltr'><strong>vis</strong></span> <span class='ocrx_word' id='word_1_586' title='bbox 3353 3284 3588 3339; x_wconf 64' lang='lat' dir='ltr'><strong>maxima</strong></span> 
     </span>
    </p>
   </div>
   <div class='ocr_carea' id='block_1_82' title="bbox 2024 3375 3590 3450">
    <p class='ocr_par' dir='ltr' id='par_1_82' title="bbox 2024 3375 3590 3450">
     <span class='ocr_line' id='line_1_82' title="bbox 2024 3375 3590 3450; baseline -0.009 -8"><span class='ocrx_word' id='word_1_587' title='bbox 2024 3384 2240 3442; x_wconf 78' lang='lat' dir='ltr'><strong>ﬂueret.</strong></span> <span class='ocrx_word' id='word_1_588' title='bbox 2273 3383 2494 3439; x_wconf 83' lang='lat' dir='ltr'><strong>Scilicet</strong></span> <span class='ocrx_word' id='word_1_589' title='bbox 2524 3382 2633 3435; x_wconf 85' lang='lat' dir='ltr'><strong>Deo</strong></span> <span class='ocrx_word' id='word_1_590' title='bbox 2654 3378 2885 3450; x_wconf 80' lang='lat' dir='ltr'><strong>jnbcnte</strong></span> <span class='ocrx_word' id='word_1_591' title='bbox 2914 3390 2971 3432; x_wconf 91' lang='lat' dir='ltr'><strong>et</strong></span> <span class='ocrx_word' id='word_1_592' title='bbox 3004 3377 3295 3448; x_wconf 70' lang='lat' dir='ltr'><strong>adiuvante</strong></span> <span class='ocrx_word' id='word_1_593' title='bbox 3328 3378 3459 3446; x_wconf 74' lang='lat' dir='ltr'><strong>ipsa:</strong></span> <span class='ocrx_word' id='word_1_594' title='bbox 3482 3375 3590 3430; x_wconf 67' lang='lat' dir='ltr'><strong>sol~</strong></span> 
     </span>
    </p>
   </div>
   <div class='ocr_carea' id='block_1_83' title="bbox 2025 3465 3586 3542">
    <p class='ocr_par' dir='ltr' id='par_1_83' title="bbox 2025 3465 3586 3542">
     <span class='ocr_line' id='line_1_83' title="bbox 2025 3465 3586 3542; baseline -0.006 -11"><span class='ocrx_word' id='word_1_595' title='bbox 2025 3488 2230 3533; x_wconf 87' lang='lat' dir='ltr'><strong>vuntur</strong></span> <span class='ocrx_word' id='word_1_596' title='bbox 2261 3477 2408 3542; x_wconf 80' lang='lat' dir='ltr'><strong>leges</strong></span> <span class='ocrx_word' id='word_1_597' title='bbox 2439 3483 2668 3527; x_wconf 68' lang='lat' dir='ltr'><strong>naturae.</strong></span> <span class='ocrx_word' id='word_1_598' title='bbox 2701 3475 2768 3526; x_wconf 86' lang='lat' dir='ltr'><strong>At</strong></span> <span class='ocrx_word' id='word_1_599' title='bbox 2798 3471 2844 3526; x_wconf 90' lang='lat' dir='ltr'><strong>si</strong></span> <span class='ocrx_word' id='word_1_600' title='bbox 2888 3471 2938 3524; x_wconf 82' lang='lat' dir='ltr'><strong>is</strong></span> <span class='ocrx_word' id='word_1_601' title='bbox 2981 3471 3052 3525; x_wconf 85' lang='lat' dir='ltr'><strong>sit</strong></span> <span class='ocrx_word' id='word_1_602' title='bbox 3081 3485 3224 3525; x_wconf 86' lang='lat' dir='ltr'><strong>unus</strong></span> <span class='ocrx_word' id='word_1_603' title='bbox 3257 3485 3323 3522; x_wconf 81' lang='lat' dir='ltr'><strong>ex</strong></span> <span class='ocrx_word' id='word_1_604' title='bbox 3369 3468 3457 3530; x_wconf 84' lang='lat' dir='ltr'><strong>iis,</strong></span> <span class='ocrx_word' id='word_1_605' title='bbox 3490 3465 3586 3538; x_wconf 90' lang='lat' dir='ltr'><strong>qui</strong></span> 
     </span>
    </p>
   </div>
   <div class='ocr_carea' id='block_1_84' title="bbox 2024 3562 3584 3634">
    <p class='ocr_par' dir='ltr' id='par_1_84' title="bbox 2024 3562 3584 3634">
     <span class='ocr_line' id='line_1_84' title="bbox 2024 3562 3584 3634; baseline -0.008 -8"><span class='ocrx_word' id='word_1_606' title='bbox 2024 3586 2090 3626; x_wconf 83' lang='lat' dir='ltr'><strong>ex</strong></span> <span class='ocrx_word' id='word_1_607' title='bbox 2131 3572 2258 3625; x_wconf 80' lang='lat' dir='ltr'><strong>luxu</strong></span> <span class='ocrx_word' id='word_1_608' title='bbox 2291 3578 2346 3624; x_wconf 89' lang='lat' dir='ltr'><strong>et</strong></span> <span class='ocrx_word' id='word_1_609' title='bbox 2381 3580 2649 3622; x_wconf 85' lang='lat' dir='ltr'><strong>nocturna</strong></span> <span class='ocrx_word' id='word_1_610' title='bbox 2689 3565 2910 3634; x_wconf 76' lang='lat' dir='ltr'><strong>crapula</strong></span> <span class='ocrx_word' id='word_1_611' title='bbox 2940 3562 3166 3617; x_wconf 72' lang='lat' dir='ltr'><strong>excitati</strong></span> <span class='ocrx_word' id='word_1_612' title='bbox 3202 3577 3361 3616; x_wconf 86' lang='lat' dir='ltr'><strong>mane</strong></span> <span class='ocrx_word' id='word_1_613' title='bbox 3389 3576 3584 3630; x_wconf 79' lang='lat' dir='ltr'><strong>exper-</strong></span> 
     </span>
    </p>
   </div>
   <div class='ocr_carea' id='block_1_85' title="bbox 2024 3653 3588 3735">
    <p class='ocr_par' dir='ltr' id='par_1_85' title="bbox 2024 3653 3588 3735">
     <span class='ocr_line' id='line_1_85' title="bbox 2024 3653 3588 3735; baseline -0.006 -18"><span class='ocrx_word' id='word_1_614' title='bbox 2024 3664 2333 3735; x_wconf 75' lang='lat' dir='ltr'><strong>giscuntur,</strong></span> <span class='ocrx_word' id='word_1_615' title='bbox 2365 3662 2610 3729; x_wconf 74' lang='lat' dir='ltr'><strong>proiecto</strong></span> <span class='ocrx_word' id='word_1_616' title='bbox 2639 3671 2862 3712; x_wconf 82' lang='lat' dir='ltr'><strong>necesse</strong></span> <span class='ocrx_word' id='word_1_617' title='bbox 2895 3663 3002 3721; x_wconf 88' lang='lat' dir='ltr'><strong>est,</strong></span> <span class='ocrx_word' id='word_1_618' title='bbox 3035 3653 3378 3724; x_wconf 87' lang='lat' dir='ltr'><strong>perniciosos</strong></span> <span class='ocrx_word' id='word_1_619' title='bbox 3403 3653 3588 3708; x_wconf 84' lang='lat' dir='ltr'><strong>omnis</strong></span> 
     </span>
    </p>
   </div>
   <div class='ocr_carea' id='block_1_86' title="bbox 2025 3745 3588 3828">
    <p class='ocr_par' dir='ltr' id='par_1_86' title="bbox 2025 3745 3588 3828">
     <span class='ocr_line' id='line_1_86' title="bbox 2025 3745 3588 3828; baseline -0.006 -18"><span class='ocrx_word' id='word_1_620' title='bbox 2025 3755 2243 3828; x_wconf 75' lang='lat' dir='ltr'><strong>generis</strong></span> <span class='ocrx_word' id='word_1_621' title='bbox 2296 3752 2517 3806; x_wconf 85' lang='lat' dir='ltr'><strong>morbos</strong></span> <span class='ocrx_word' id='word_1_622' title='bbox 2567 3749 2851 3812; x_wconf 70' lang='lat' dir='ltr'><strong>exsistere,</strong></span> <span class='ocrx_word' id='word_1_623' title='bbox 2899 3757 2956 3800; x_wconf 87' lang='lat' dir='ltr'><strong>et</strong></span> <span class='ocrx_word' id='word_1_624' title='bbox 3007 3747 3192 3800; x_wconf 84' lang='lat' dir='ltr'><strong>varias</strong></span> <span class='ocrx_word' id='word_1_625' title='bbox 3247 3746 3483 3799; x_wconf 63' lang='lat' dir='ltr'><strong>haereses</strong></span> <span class='ocrx_word' id='word_1_626' title='bbox 3531 3745 3588 3800; x_wconf 89' lang='lat' dir='ltr'><strong>in</strong></span> 
     </span>
    </p>
   </div>
   <div class='ocr_carea' id='block_1_87' title="bbox 2027 3836 3590 3912">
    <p class='ocr_par' dir='ltr' id='par_1_87' title="bbox 2027 3836 3590 3912">
     <span class='ocr_line' id='line_1_87' title="bbox 2027 3836 3590 3912; baseline -0.01 -10"><span class='ocrx_word' id='word_1_627' title='bbox 2027 3848 2379 3903; x_wconf 77' lang='lat' dir='ltr'><strong>constitutam</strong></span> <span class='ocrx_word' id='word_1_628' title='bbox 2416 3845 2720 3912; x_wconf 87' lang='lat' dir='ltr'><strong>antiquitus</strong></span> <span class='ocrx_word' id='word_1_629' title='bbox 2745 3840 3095 3910; x_wconf 84' lang='lat' dir='ltr'><strong>disciplinam</strong></span> <span class='ocrx_word' id='word_1_630' title='bbox 3135 3837 3342 3898; x_wconf 85' lang='lat' dir='ltr'><strong>invehi,</strong></span> <span class='ocrx_word' id='word_1_631' title='bbox 3379 3846 3435 3888; x_wconf 84' lang='lat' dir='ltr'><strong>et</strong></span> <span class='ocrx_word' id='word_1_632' title='bbox 3465 3836 3590 3888; x_wconf 85' lang='lat' dir='ltr'><strong>bar-</strong></span> 
     </span>
    </p>
   </div>
   <div class='ocr_carea' id='block_1_88' title="bbox 2029 3927 3588 4006">
    <p class='ocr_par' dir='ltr' id='par_1_88' title="bbox 2029 3927 3588 4006">
     <span class='ocr_line' id='line_1_88' title="bbox 2029 3927 3588 4006; baseline -0.007 -13"><span class='ocrx_word' id='word_1_633' title='bbox 2029 3939 2268 3994; x_wconf 88' lang='lat' dir='ltr'><strong>moniam</strong></span> <span class='ocrx_word' id='word_1_634' title='bbox 2301 3936 2663 4006; x_wconf 79' lang='lat' dir='ltr'><strong>dogmatieam</strong></span> <span class='ocrx_word' id='word_1_635' title='bbox 2701 3933 3026 4004; x_wconf 81' lang='lat' dir='ltr'><strong>regulasth</strong></span> <span class='ocrx_word' id='word_1_636' title='bbox 3074 3945 3265 3984; x_wconf 86' lang='lat' dir='ltr'><strong>omnes</strong></span> <span class='ocrx_word' id='word_1_637' title='bbox 3317 3927 3588 3998; x_wconf 70' lang='lat' dir='ltr'><strong>legitimas</strong></span> 
     </span>
    </p>
   </div>
   <div class='ocr_carea' id='block_1_89' title="bbox 2029 4021 3588 4098">
    <p class='ocr_par' dir='ltr' id='par_1_89' title="bbox 2029 4021 3588 4098">
     <span class='ocr_line' id='line_1_89' title="bbox 2029 4021 3588 4098; baseline -0.009 -11"><span class='ocrx_word' id='word_1_638' title='bbox 2029 4030 2235 4087; x_wconf 79' lang='lat' dir='ltr'><strong>aboleri</strong></span> <span class='ocrx_word' id='word_1_639' title='bbox 2274 4038 2439 4098; x_wconf 88' lang='lat' dir='ltr'><strong>atque</strong></span> <span class='ocrx_word' id='word_1_640' title='bbox 2479 4027 2728 4082; x_wconf 85' lang='lat' dir='ltr'><strong>dissolvi.</strong></span> <span class='ocrx_word' id='word_1_641' title='bbox 2775 4026 2895 4080; x_wconf 83' lang='lat' dir='ltr'><strong>Non</strong></span> <span class='ocrx_word' id='word_1_642' title='bbox 2934 4022 3099 4077; x_wconf 87' lang='lat' dir='ltr'><strong>debet</strong></span> <span class='ocrx_word' id='word_1_643' title='bbox 3130 4022 3316 4089; x_wconf 82' lang='lat' dir='ltr'><strong>itaque</strong></span> <span class='ocrx_word' id='word_1_644' title='bbox 3347 4021 3588 4073; x_wconf 80' lang='lat' dir='ltr'><strong>Vct&#39;llttlls</strong></span> 
     </span>
    </p>
   </div>
   <div class='ocr_carea' id='block_1_90' title="bbox 2027 4112 3588 4193">
    <p class='ocr_par' dir='ltr' id='par_1_90' title="bbox 2027 4112 3588 4193">
     <span class='ocr_line' id='line_1_90' title="bbox 2027 4112 3588 4193; baseline -0.011 -15"><span class='ocrx_word' id='word_1_645' title='bbox 2027 4121 2374 4193; x_wconf 70' lang='lat' dir='ltr'><strong>investigatio</strong></span> <span class='ocrx_word' id='word_1_646' title='bbox 2407 4118 2552 4174; x_wconf 77' lang='lat' dir='ltr'><strong>facili</strong></span> <span class='ocrx_word' id='word_1_647' title='bbox 2586 4118 2774 4173; x_wconf 88' lang='lat' dir='ltr'><strong>labore</strong></span> <span class='ocrx_word' id='word_1_648' title='bbox 2808 4113 3065 4186; x_wconf 81' lang='lat' dir='ltr'><strong>parabilis</strong></span> <span class='ocrx_word' id='word_1_649' title='bbox 3101 4121 3157 4167; x_wconf 89' lang='lat' dir='ltr'><strong>et</strong></span> <span class='ocrx_word' id='word_1_650' title='bbox 3193 4112 3417 4164; x_wconf 85' lang='lat' dir='ltr'><strong>minimo</strong></span> <span class='ocrx_word' id='word_1_651' title='bbox 3462 4126 3588 4179; x_wconf 82' lang='lat' dir='ltr'><strong>pre-</strong></span> 
     </span>
    </p>
   </div>
   <div class='ocr_carea' id='block_1_91' title="bbox 2029 4205 3590 4277">
    <p class='ocr_par' dir='ltr' id='par_1_91' title="bbox 2029 4205 3590 4277">
     <span class='ocr_line' id='line_1_91' title="bbox 2029 4205 3590 4277; baseline -0.01 -5"><span class='ocrx_word' id='word_1_652' title='bbox 2029 4219 2105 4272; x_wconf 91' lang='lat' dir='ltr'><strong>tio</strong></span> <span class='ocrx_word' id='word_1_653' title='bbox 2148 4215 2356 4271; x_wconf 85' lang='lat' dir='ltr'><strong>venalis</strong></span> <span class='ocrx_word' id='word_1_654' title='bbox 2400 4212 2723 4269; x_wconf 77' lang='lat' dir='ltr'><strong>existimari.</strong></span> <span class='ocrx_word' id='word_1_655' title='bbox 2779 4210 2914 4265; x_wconf 80' lang='lat' dir='ltr'><strong>Nam</strong></span> <span class='ocrx_word' id='word_1_656' title='bbox 2960 4223 3082 4277; x_wconf 79' lang='lat' dir='ltr'><strong>qua:</strong></span> <span class='ocrx_word' id='word_1_657' title='bbox 3133 4205 3288 4259; x_wconf 83' lang='lat' dir='ltr'><strong>utilia</strong></span> <span class='ocrx_word' id='word_1_658' title='bbox 3328 4213 3478 4264; x_wconf 84' lang='lat' dir='ltr'><strong>sunt,</strong></span> <span class='ocrx_word' id='word_1_659' title='bbox 3522 4217 3590 4256; x_wconf 89' lang='lat' dir='ltr'><strong>ea</strong></span> 
     </span>
    </p>
   </div>
   <div class='ocr_carea' id='block_1_92' title="bbox 2029 4291 3591 4368">
    <p class='ocr_par' dir='ltr' id='par_1_92' title="bbox 2029 4291 3591 4368">
     <span class='ocr_line' id='line_1_92' title="bbox 2029 4291 3591 4368; baseline -0.01 -9"><span class='ocrx_word' id='word_1_660' title='bbox 2029 4322 2134 4360; x_wconf 91' lang='lat' dir='ltr'><strong>non</strong></span> <span class='ocrx_word' id='word_1_661' title='bbox 2162 4304 2416 4359; x_wconf 83' lang='lat' dir='ltr'><strong>videmus</strong></span> <span class='ocrx_word' id='word_1_662' title='bbox 2436 4303 2624 4356; x_wconf 89' lang='lat' dir='ltr'><strong>subito</strong></span> <span class='ocrx_word' id='word_1_663' title='bbox 2661 4309 2718 4355; x_wconf 87' lang='lat' dir='ltr'><strong>et</strong></span> <span class='ocrx_word' id='word_1_664' title='bbox 2745 4313 2842 4355; x_wconf 81' lang='lat' dir='ltr'><strong>sua</strong></span> <span class='ocrx_word' id='word_1_665' title='bbox 2873 4307 3066 4368; x_wconf 86' lang='lat' dir='ltr'><strong>sponte</strong></span> <span class='ocrx_word' id='word_1_666' title='bbox 3108 4295 3282 4358; x_wconf 88' lang='lat' dir='ltr'><strong>nasci,</strong></span> <span class='ocrx_word' id='word_1_667' title='bbox 3317 4305 3376 4346; x_wconf 87' lang='lat' dir='ltr'><strong>ut</strong></span> <span class='ocrx_word' id='word_1_668' title='bbox 3421 4291 3591 4345; x_wconf 90' lang='lat' dir='ltr'><strong>rubos</strong></span> 
     </span>
    </p>
   </div>
   <div class='ocr_carea' id='block_1_93' title="bbox 2030 4380 3587 4458">
    <p class='ocr_par' dir='ltr' id='par_1_93' title="bbox 2030 4380 3587 4458">
     <span class='ocr_line' id='line_1_93' title="bbox 2030 4380 3587 4458; baseline -0.011 -8"><span class='ocrx_word' id='word_1_669' title='bbox 2030 4396 2083 4450; x_wconf 88' lang='lat' dir='ltr'><strong>in</strong></span> <span class='ocrx_word' id='word_1_670' title='bbox 2119 4393 2292 4448; x_wconf 81' lang='lat' dir='ltr'><strong>silvis.</strong></span> <span class='ocrx_word' id='word_1_671' title='bbox 2336 4391 2490 4458; x_wconf 78' lang='lat' dir='ltr'><strong>Quod</strong></span> <span class='ocrx_word' id='word_1_672' title='bbox 2539 4398 2724 4444; x_wconf 88' lang='lat' dir='ltr'><strong>autem</strong></span> <span class='ocrx_word' id='word_1_673' title='bbox 2765 4401 3038 4440; x_wconf 85' lang='lat' dir='ltr'><strong>summum</strong></span> <span class='ocrx_word' id='word_1_674' title='bbox 3078 4395 3164 4437; x_wconf 88' lang='lat' dir='ltr'><strong>est</strong></span> <span class='ocrx_word' id='word_1_675' title='bbox 3213 4381 3377 4436; x_wconf 87' lang='lat' dir='ltr'><strong>animi</strong></span> <span class='ocrx_word' id='word_1_676' title='bbox 3413 4380 3587 4434; x_wconf 83' lang='lat' dir='ltr'><strong>bono-</strong></span> 
     </span>
    </p>
   </div>
   <div class='ocr_carea' id='block_1_94' title="bbox 366 4467 1923 4555">
    <p class='ocr_par' dir='ltr' id='par_1_94' title="bbox 366 4477 1923 4549">
     <span class='ocr_line' id='line_1_94' title="bbox 366 4477 1923 4549; baseline -0.003 -13"><span class='ocrx_word' id='word_1_677' title='bbox 366 4479 497 4536; x_wconf 83' lang='grc' dir='ltr'>θῶν.</span> <span class='ocrx_word' id='word_1_678' title='bbox 528 4480 594 4532; x_wconf 82' lang='lat' dir='ltr'><strong>&#39;l&#39;i</strong></span> <span class='ocrx_word' id='word_1_679' title='bbox 622 4480 667 4532; x_wconf 87' lang='grc' dir='ltr'>δ’</span> <span class='ocrx_word' id='word_1_680' title='bbox 700 4479 826 4533; x_wconf 77' lang='grc' dir='ltr'>ἄλλο</span> <span class='ocrx_word' id='word_1_681' title='bbox 848 4479 994 4549; x_wconf 74' lang='grc' dir='ltr'>ψυχῇ</span> <span class='ocrx_word' id='word_1_682' title='bbox 1025 4479 1350 4547; x_wconf 78' lang='grc' dir='ltr'>τιμιώτερον</span> <span class='ocrx_word' id='word_1_683' title='bbox 1380 4477 1604 4545; x_wconf 78' lang='grc' dir='ltr'>ἀγαθὸν,</span> <span class='ocrx_word' id='word_1_684' title='bbox 1623 4477 1657 4547; x_wconf 78' lang='grc' dir='ltr'><strong>ἦ</strong></span> <span class='ocrx_word' id='word_1_685' title='bbox 1690 4479 1923 4541; x_wconf 82' lang='grc' dir='ltr'>πίστεως</span> 
     </span>
    </p>
   </div>
   <div class='ocr_carea' id='block_1_95' title="bbox 2023 4467 3591 4555">
    <p class='ocr_par' dir='ltr' id='par_1_95' title="bbox 2032 4473 3591 4555">
     <span class='ocr_line' id='line_1_95' title="bbox 2032 4473 3591 4555; baseline -0.01 -14"><span class='ocrx_word' id='word_1_686' title='bbox 2032 4502 2176 4549; x_wconf 90' lang='lat' dir='ltr'><strong>rum,</strong></span> <span class='ocrx_word' id='word_1_687' title='bbox 2231 4482 2284 4539; x_wconf 86' lang='lat' dir='ltr'><strong>id</strong></span> <span class='ocrx_word' id='word_1_688' title='bbox 2333 4483 2600 4555; x_wconf 85' lang='lat' dir='ltr'><strong>plurimos</strong></span> <span class='ocrx_word' id='word_1_689' title='bbox 2647 4481 2866 4535; x_wconf 86' lang='lat' dir='ltr'><strong>labores</strong></span> <span class='ocrx_word' id='word_1_690' title='bbox 2915 4476 3253 4532; x_wconf 83' lang='lat' dir='ltr'><strong>intermistos</strong></span> <span class='ocrx_word' id='word_1_691' title='bbox 3297 4473 3479 4536; x_wconf 79' lang='lat' dir='ltr'><strong>habet,</strong></span> <span class='ocrx_word' id='word_1_692' title='bbox 3531 4479 3591 4526; x_wconf 87' lang='lat' dir='ltr'><strong>et</strong></span> 
     </span>
    </p>
   </div>
   <div class='ocr_carea' id='block_1_96' title="bbox 366 4568 1924 4644">
    <p class='ocr_par' dir='ltr' id='par_1_96' title="bbox 366 4568 1924 4644">
     <span class='ocr_line' id='line_1_96' title="bbox 366 4568 1924 4644; baseline -0.004 -16"><span class='ocrx_word' id='word_1_693' title='bbox 366 4572 604 4644; x_wconf 76' lang='grc' dir='ltr'>ἀκριϐὴς</span> <span class='ocrx_word' id='word_1_694' title='bbox 650 4573 919 4642; x_wconf 78' lang='grc' dir='ltr'>ἀσφάλεια</span> <span class='ocrx_word' id='word_1_695' title='bbox 978 4572 1118 4642; x_wconf 74' lang='grc' dir='ltr'>πρὸς</span> <span class='ocrx_word' id='word_1_696' title='bbox 1163 4571 1322 4631; x_wconf 56' lang='lat' dir='ltr'><strong>(rs/iv;</strong></span> <span class='ocrx_word' id='word_1_697' title='bbox 1383 4568 1638 4640; x_wconf 67' lang='grc' dir='ltr'>Χώματος</span> <span class='ocrx_word' id='word_1_698' title='bbox 1675 4569 1772 4639; x_wconf 79' lang='grc' dir='ltr'>μὲν</span> <span class='ocrx_word' id='word_1_699' title='bbox 1817 4569 1924 4638; x_wconf 84' lang='grc' dir='ltr'><strong>γὰρ</strong></span> 
     </span>
    </p>
   </div>
   <div class='ocr_carea' id='block_1_97' title="bbox 328 4659 1924 4736">
    <p class='ocr_par' dir='ltr' id='par_1_97' title="bbox 328 4659 1924 4736">
     <span class='ocr_line' id='line_1_97' title="bbox 328 4659 1924 4736; baseline -0.003 -18"><span class='ocrx_word' id='word_1_700' title='bbox 328 4666 650 4736; x_wconf 32' lang='grc' dir='ltr'>,νοσήματα</span> <span class='ocrx_word' id='word_1_701' title='bbox 683 4664 878 4726; x_wconf 73' lang='grc' dir='ltr'>παίδας</span> <span class='ocrx_word' id='word_1_702' title='bbox 924 4662 1126 4732; x_wconf 78' lang='grc' dir='ltr'>ἰατρῶν</span> <span class='ocrx_word' id='word_1_703' title='bbox 1173 4660 1486 4714; x_wconf 81' lang='grc' dir='ltr'>είσκαλοῦσι</span> <span class='ocrx_word' id='word_1_704' title='bbox 1547 4659 1924 4729; x_wconf 68' lang='grc' dir='ltr'>θεραπευτάςθ</span> 
     </span>
    </p>
   </div>
   <div class='ocr_carea' id='block_1_98' title="bbox 366 4749 1927 4828">
    <p class='ocr_par' dir='ltr' id='par_1_98' title="bbox 366 4749 1927 4828">
     <span class='ocr_line' id='line_1_98' title="bbox 366 4749 1927 4828; baseline -0.006 -15"><span class='ocrx_word' id='word_1_705' title='bbox 366 4757 473 4813; x_wconf 80' lang='grc' dir='ltr'>κᾶν</span> <span class='ocrx_word' id='word_1_706' title='bbox 504 4759 579 4828; x_wconf 81' lang='grc' dir='ltr'>μὴ</span> <span class='ocrx_word' id='word_1_707' title='bbox 611 4758 890 4827; x_wconf 72' lang='grc' dir='ltr'>εὐστοχεῖν</span> <span class='ocrx_word' id='word_1_708' title='bbox 921 4755 983 4808; x_wconf 72' lang='grc' dir='ltr'><strong>τὸ</strong></span> <span class='ocrx_word' id='word_1_709' title='bbox 1017 4753 1342 4819; x_wconf 80' lang='grc' dir='ltr'>σπούδασμα</span> <span class='ocrx_word' id='word_1_710' title='bbox 1367 4751 1518 4822; x_wconf 75' lang='grc' dir='ltr'>δόξῃ,</span> <span class='ocrx_word' id='word_1_711' title='bbox 1547 4753 1608 4803; x_wconf 73' lang='grc' dir='ltr'>τὸ</span> <span class='ocrx_word' id='word_1_712' title='bbox 1639 4749 1834 4821; x_wconf 77' lang='grc' dir='ltr'>βλάϐος</span> <span class='ocrx_word' id='word_1_713' title='bbox 1864 4751 1927 4804; x_wconf 87' lang='grc' dir='ltr'><strong>οὑ</strong></span> 
     </span>
    </p>
   </div>
   <div class='ocr_carea' id='block_1_99' title="bbox 365 4845 1930 4919">
    <p class='ocr_par' dir='ltr' id='par_1_99' title="bbox 365 4845 1930 4919">
     <span class='ocr_line' id='line_1_99' title="bbox 365 4845 1930 4919; baseline -0.004 -13"><span class='ocrx_word' id='word_1_714' title='bbox 365 4853 508 4907; x_wconf 82' lang='grc' dir='ltr'>πάνυ</span> <span class='ocrx_word' id='word_1_715' title='bbox 533 4867 617 4905; x_wconf 85' lang='grc' dir='ltr'><strong>τοι</strong></span> <span class='ocrx_word' id='word_1_716' title='bbox 644 4849 900 4919; x_wconf 78' lang='grc' dir='ltr'>χαλεπὸν,</span> <span class='ocrx_word' id='word_1_717' title='bbox 933 4848 1054 4901; x_wconf 79' lang='grc' dir='ltr'>οὑδὲ</span> <span class='ocrx_word' id='word_1_718' title='bbox 1086 4846 1181 4901; x_wconf 86' lang='grc' dir='ltr'><strong>τοῦ</strong></span> <span class='ocrx_word' id='word_1_719' title='bbox 1211 4848 1481 4917; x_wconf 85' lang='grc' dir='ltr'>παρόντος</span> <span class='ocrx_word' id='word_1_720' title='bbox 1513 4845 1630 4917; x_wconf 84' lang='grc' dir='ltr'>βίου</span> <span class='ocrx_word' id='word_1_721' title='bbox 1666 4846 1930 4916; x_wconf 81' lang='grc' dir='ltr'>μακρότε-</span> 
     </span>
    </p>
   </div>
   <div class='ocr_carea' id='block_1_100' title="bbox 367 4938 1928 5016">
    <p class='ocr_par' dir='ltr' id='par_1_100' title="bbox 367 4938 1928 5016">
     <span class='ocr_line' id='line_1_100' title="bbox 367 4938 1928 5016; baseline -0.002 -22"><span class='ocrx_word' id='word_1_722' title='bbox 367 4957 494 5016; x_wconf 76' lang='grc' dir='ltr'>ρονο</span> <span class='ocrx_word' id='word_1_723' title='bbox 527 4942 598 4996; x_wconf 71' lang='grc' dir='ltr'>τὰ</span> <span class='ocrx_word' id='word_1_724' title='bbox 617 4941 674 4994; x_wconf 81' lang='grc' dir='ltr'>δὲ</span> <span class='ocrx_word' id='word_1_725' title='bbox 709 4940 818 4995; x_wconf 86' lang='grc' dir='ltr'><strong>τῶν</strong></span> <span class='ocrx_word' id='word_1_726' title='bbox 850 4938 1008 4993; x_wconf 81' lang='grc' dir='ltr'>θείων</span> <span class='ocrx_word' id='word_1_727' title='bbox 1050 4938 1341 5010; x_wconf 80' lang='grc' dir='ltr'>δογμάτων</span> <span class='ocrx_word' id='word_1_728' title='bbox 1393 4938 1803 5010; x_wconf 68' lang='grc' dir='ltr'>ἀρρωστήματα</span> <span class='ocrx_word' id='word_1_729' title='bbox 1830 4939 1928 5008; x_wconf 84' lang='grc' dir='ltr'>οὐχ</span> 
     </span>
    </p>
   </div>
   <div class='ocr_carea' id='block_1_101' title="bbox 367 5028 1929 5105">
    <p class='ocr_par' dir='ltr' id='par_1_101' title="bbox 367 5028 1929 5105">
     <span class='ocr_line' id='line_1_101' title="bbox 367 5028 1929 5105; baseline -0.005 -16"><span class='ocrx_word' id='word_1_730' title='bbox 367 5036 619 5105; x_wconf 75' lang='grc' dir='ltr'>αἱμάτων</span> <span class='ocrx_word' id='word_1_731' title='bbox 647 5033 882 5103; x_wconf 71' lang='grc' dir='ltr'>ῥήγνυσι</span> <span class='ocrx_word' id='word_1_732' title='bbox 920 5030 1160 5102; x_wconf 77' lang='grc' dir='ltr'>ῥύακας,</span> <span class='ocrx_word' id='word_1_733' title='bbox 1188 5028 1305 5083; x_wconf 83' lang='grc' dir='ltr'>ἀλλ’</span> <span class='ocrx_word' id='word_1_734' title='bbox 1331 5031 1469 5099; x_wconf 77' lang='grc' dir='ltr'>αὐτῇ</span> <span class='ocrx_word' id='word_1_735' title='bbox 1517 5044 1581 5097; x_wconf 85' lang='grc' dir='ltr'><strong>γε</strong></span> <span class='ocrx_word' id='word_1_736' title='bbox 1607 5030 1929 5100; x_wconf 72' lang='grc' dir='ltr'>αὐτόχρημα</span> 
     </span>
    </p>
   </div>
   <div class='ocr_carea' id='block_1_102' title="bbox 366 5120 1928 5196">
    <p class='ocr_par' dir='ltr' id='par_1_102' title="bbox 366 5120 1928 5196">
     <span class='ocr_line' id='line_1_102' title="bbox 366 5120 1928 5196; baseline -0.003 -17"><span class='ocrx_word' id='word_1_737' title='bbox 366 5129 434 5196; x_wconf 79' lang='grc' dir='ltr'>τῇ</span> <span class='ocrx_word' id='word_1_738' title='bbox 479 5124 662 5179; x_wconf 84' lang='grc' dir='ltr'>πίστει</span> <span class='ocrx_word' id='word_1_739' title='bbox 712 5122 943 5193; x_wconf 78' lang='grc' dir='ltr'>παρέχει</span> <span class='ocrx_word' id='word_1_740' title='bbox 991 5121 1094 5193; x_wconf 76' lang='grc' dir='ltr'>τὴν</span> <span class='ocrx_word' id='word_1_741' title='bbox 1146 5120 1375 5192; x_wconf 79' lang='grc' dir='ltr'>βλάϐην,</span> <span class='ocrx_word' id='word_1_742' title='bbox 1407 5123 1750 5192; x_wconf 81' lang='grc' dir='ltr'>ἀναίμακτον</span> <span class='ocrx_word' id='word_1_743' title='bbox 1802 5124 1928 5192; x_wconf 66' lang='grc' dir='ltr'>μὲν,</span> 
     </span>
    </p>
   </div>
   <div class='ocr_carea' id='block_1_103' title="bbox 370 5212 1931 5287">
    <p class='ocr_par' dir='ltr' id='par_1_103' title="bbox 370 5212 1931 5287">
     <span class='ocr_line' id='line_1_103' title="bbox 370 5212 1931 5287; baseline -0.004 -16"><span class='ocrx_word' id='word_1_744' title='bbox 370 5218 506 5272; x_wconf 81' lang='grc' dir='ltr'><strong>ἀλλά</strong></span> <span class='ocrx_word' id='word_1_745' title='bbox 538 5217 684 5287; x_wconf 89' lang='grc' dir='ltr'>μάλα</span> <span class='ocrx_word' id='word_1_746' title='bbox 737 5229 822 5268; x_wconf 84' lang='grc' dir='ltr'><strong>τοι</strong></span> <span class='ocrx_word' id='word_1_747' title='bbox 879 5212 1085 5282; x_wconf 82' lang='grc' dir='ltr'>σφόδρα</span> <span class='ocrx_word' id='word_1_748' title='bbox 1121 5213 1341 5284; x_wconf 84' lang='grc' dir='ltr'>καιρίαν</span> <span class='ocrx_word' id='word_1_749' title='bbox 1371 5213 1467 5267; x_wconf 79' lang='grc' dir='ltr'>καὶ</span> <span class='ocrx_word' id='word_1_750' title='bbox 1494 5212 1672 5283; x_wconf 75' lang='grc' dir='ltr'>ψυχῆς</span> <span class='ocrx_word' id='word_1_751' title='bbox 1715 5213 1931 5266; x_wconf 79' lang='grc' dir='ltr'>αίὼνιον</span> 
     </span>
    </p>
   </div>
   <div class='ocr_carea' id='block_1_104' title="bbox 371 5298 1929 5375">
    <p class='ocr_par' dir='ltr' id='par_1_104' title="bbox 371 5298 1929 5375">
     <span class='ocr_line' id='line_1_104' title="bbox 371 5298 1929 5375; baseline -0.003 -13"><span class='ocrx_word' id='word_1_752' title='bbox 371 5311 467 5363; x_wconf 77' lang='grc' dir='ltr'>καὶ</span> <span class='ocrx_word' id='word_1_753' title='bbox 493 5309 759 5363; x_wconf 82' lang='grc' dir='ltr'>ἀθάνατον</span> <span class='ocrx_word' id='word_1_754' title='bbox 790 5305 1133 5375; x_wconf 81' lang='grc' dir='ltr'>πράττουσαν</span> <span class='ocrx_word' id='word_1_755' title='bbox 1168 5305 1420 5369; x_wconf 85' lang='grc' dir='ltr'>θάνατον,</span> <span class='ocrx_word' id='word_1_756' title='bbox 1453 5298 1520 5374; x_wconf 83' lang='grc' dir='ltr'>ἦς</span> <span class='ocrx_word' id='word_1_757' title='bbox 1553 5307 1754 5374; x_wconf 84' lang='grc' dir='ltr'>κόσμος</span> <span class='ocrx_word' id='word_1_758' title='bbox 1785 5303 1929 5368; x_wconf 80' lang='grc' dir='ltr'>ἄπας</span> 
     </span>
    </p>
   </div>
   <div class='ocr_carea' id='block_1_105' title="bbox 371 5396 1930 5468">
    <p class='ocr_par' dir='ltr' id='par_1_105' title="bbox 371 5396 1930 5468">
     <span class='ocr_line' id='line_1_105' title="bbox 371 5396 1930 5468; baseline -0.003 -14"><span class='ocrx_word' id='word_1_759' title='bbox 371 5402 476 5454; x_wconf 85' lang='grc' dir='ltr'><strong>οὑκ</strong></span> <span class='ocrx_word' id='word_1_760' title='bbox 529 5400 680 5452; x_wconf 77' lang='grc' dir='ltr'>εστιν</span> <span class='ocrx_word' id='word_1_761' title='bbox 737 5397 1010 5464; x_wconf 78' lang='grc' dir='ltr'>ἀντάξιος.</span> <span class='ocrx_word' id='word_1_762' title='bbox 1060 5396 1154 5449; x_wconf 71' lang='grc' dir='ltr'><strong>Διὸ</strong></span> <span class='ocrx_word' id='word_1_763' title='bbox 1202 5396 1644 5468; x_wconf 75' lang='grc' dir='ltr'>παρρησιαστέον</span> <span class='ocrx_word' id='word_1_764' title='bbox 1693 5397 1810 5450; x_wconf 75' lang='grc' dir='ltr'>ἐστὶ</span> <span class='ocrx_word' id='word_1_765' title='bbox 1865 5397 1930 5450; x_wconf 75' lang='grc' dir='ltr'><strong>τά</strong></span> 
     </span>
    </p>
   </div>
   <div class='ocr_carea' id='block_1_106' title="bbox 371 5486 1933 5559">
    <p class='ocr_par' dir='ltr' id='par_1_106' title="bbox 371 5486 1933 5559">
     <span class='ocr_line' id='line_1_106' title="bbox 371 5486 1933 5559; baseline -0.003 -13"><span class='ocrx_word' id='word_1_766' title='bbox 371 5489 620 5555; x_wconf 82' lang='grc' dir='ltr'>τοιαῦτα,</span> <span class='ocrx_word' id='word_1_767' title='bbox 647 5489 741 5543; x_wconf 73' lang='grc' dir='ltr'>καὶ</span> <span class='ocrx_word' id='word_1_768' title='bbox 773 5489 878 5559; x_wconf 88' lang='grc' dir='ltr'><strong>πρό</strong></span> <span class='ocrx_word' id='word_1_769' title='bbox 909 5504 975 5555; x_wconf 88' lang='grc' dir='ltr'><strong>γε</strong></span> <span class='ocrx_word' id='word_1_770' title='bbox 1013 5486 1221 5540; x_wconf 83' lang='grc' dir='ltr'>τούτων</span> <span class='ocrx_word' id='word_1_771' title='bbox 1273 5489 1400 5550; x_wconf 83' lang='grc' dir='ltr'>τοὺς</span> <span class='ocrx_word' id='word_1_772' title='bbox 1456 5488 1700 5550; x_wconf 76' lang='grc' dir='ltr'>ἐκείνους</span> <span class='ocrx_word' id='word_1_773' title='bbox 1755 5487 1933 5541; x_wconf 57' lang='lat' dir='ltr'><strong>3.265s-</strong></span> 
     </span>
    </p>
   </div>
   <div class='ocr_carea' id='block_1_107' title="bbox 372 5580 1930 5650">
    <p class='ocr_par' dir='ltr' id='par_1_107' title="bbox 372 5580 1930 5650">
     <span class='ocr_line' id='line_1_107' title="bbox 372 5580 1930 5650; baseline -0.005 -13"><span class='ocrx_word' id='word_1_774' title='bbox 372 5586 521 5646; x_wconf 84' lang='grc' dir='ltr'>λους,</span> <span class='ocrx_word' id='word_1_775' title='bbox 548 5583 646 5643; x_wconf 76' lang='grc' dir='ltr'><strong>τὰς</strong></span> <span class='ocrx_word' id='word_1_776' title='bbox 697 5582 805 5634; x_wconf 86' lang='grc' dir='ltr'><strong>τῶν</strong></span> <span class='ocrx_word' id='word_1_777' title='bbox 853 5581 1230 5647; x_wconf 79' lang='grc' dir='ltr'>ὲπταισμὲνων</span> <span class='ocrx_word' id='word_1_778' title='bbox 1265 5580 1552 5650; x_wconf 83' lang='grc' dir='ltr'>μετανοίας</span> <span class='ocrx_word' id='word_1_779' title='bbox 1581 5581 1930 5650; x_wconf 75' lang='grc' dir='ltr'>κομίζοντας,</span> 
     </span>
    </p>
   </div>
   <div class='ocr_carea' id='block_1_108' title="bbox 375 5671 1930 5745">
    <p class='ocr_par' dir='ltr' id='par_1_108' title="bbox 375 5671 1930 5745">
     <span class='ocr_line' id='line_1_108' title="bbox 375 5671 1930 5745; baseline -0.001 -17"><span class='ocrx_word' id='word_1_780' title='bbox 375 5676 463 5730; x_wconf 75' lang='grc' dir='ltr'>ἵνα</span> <span class='ocrx_word' id='word_1_781' title='bbox 497 5677 571 5745; x_wconf 80' lang='grc' dir='ltr'>μὴ</span> <span class='ocrx_word' id='word_1_782' title='bbox 603 5675 784 5745; x_wconf 81' lang='grc' dir='ltr'>χεῖρον</span> <span class='ocrx_word' id='word_1_783' title='bbox 814 5675 879 5742; x_wconf 81' lang='grc' dir='ltr'><strong>τῇ</strong></span> <span class='ocrx_word' id='word_1_784' title='bbox 910 5671 1207 5742; x_wconf 69' lang='grc' dir='ltr'>Ἐκκλησία</span> <span class='ocrx_word' id='word_1_785' title='bbox 1251 5672 1313 5724; x_wconf 81' lang='grc' dir='ltr'>τὸ</span> <span class='ocrx_word' id='word_1_786' title='bbox 1342 5672 1546 5743; x_wconf 82' lang='grc' dir='ltr'>σχίσμα</span> <span class='ocrx_word' id='word_1_787' title='bbox 1575 5673 1830 5744; x_wconf 82' lang='grc' dir='ltr'>γένηται.</span> <span class='ocrx_word' id='word_1_788' title='bbox 1869 5673 1930 5728; x_wconf 77' lang='grc' dir='ltr'><strong>Εἰ</strong></span> 
     </span>
    </p>
   </div>
   <div class='ocr_carea' id='block_1_109' title="bbox 371 5763 1934 5839">
    <p class='ocr_par' dir='ltr' id='par_1_109' title="bbox 371 5763 1934 5839">
     <span class='ocr_line' id='line_1_109' title="bbox 371 5763 1934 5839; baseline -0.002 -18"><span class='ocrx_word' id='word_1_789' title='bbox 371 5767 428 5821; x_wconf 76' lang='grc' dir='ltr'><strong>δέ</strong></span> <span class='ocrx_word' id='word_1_790' title='bbox 463 5783 524 5836; x_wconf 88' lang='grc' dir='ltr'><strong>γε</strong></span> <span class='ocrx_word' id='word_1_791' title='bbox 555 5768 629 5838; x_wconf 77' lang='grc' dir='ltr'>μὴ</span> <span class='ocrx_word' id='word_1_792' title='bbox 663 5765 956 5839; x_wconf 83' lang='grc' dir='ltr'>βούλοισθε,</span> <span class='ocrx_word' id='word_1_793' title='bbox 986 5764 1067 5828; x_wconf 84' lang='grc' dir='ltr'><strong>τίς</strong></span> <span class='ocrx_word' id='word_1_794' title='bbox 1101 5763 1180 5818; x_wconf 79' lang='grc' dir='ltr'>ἔτι</span> <span class='ocrx_word' id='word_1_795' title='bbox 1211 5764 1368 5836; x_wconf 80' lang='grc' dir='ltr'>χρεία</span> <span class='ocrx_word' id='word_1_796' title='bbox 1401 5765 1728 5837; x_wconf 82' lang='grc' dir='ltr'>μαρτύρων;</span> <span class='ocrx_word' id='word_1_797' title='bbox 1766 5765 1934 5820; x_wconf 77' lang='grc' dir='ltr'>Αὐτοὶ</span> 
     </span>
    </p>
   </div>
   <div class='ocr_carea' id='block_1_110' title="bbox 2027 4563 3589 4643">
    <p class='ocr_par' dir='ltr' id='par_1_110' title="bbox 2027 4563 3589 4643">
     <span class='ocr_line' id='line_1_110' title="bbox 2027 4563 3589 4643; baseline -0.013 -10"><span class='ocrx_word' id='word_1_798' title='bbox 2027 4578 2283 4633; x_wconf 79' lang='lat' dir='ltr'><strong>tiiaxiniis</strong></span> <span class='ocrx_word' id='word_1_799' title='bbox 2312 4575 2605 4631; x_wconf 87' lang='lat' dir='ltr'><strong>sudoribus</strong></span> <span class='ocrx_word' id='word_1_800' title='bbox 2633 4570 2863 4643; x_wconf 75' lang='lat' dir='ltr'><strong>objectis</strong></span> <span class='ocrx_word' id='word_1_801' title='bbox 2888 4566 3260 4640; x_wconf 73' lang='lat' dir='ltr'><strong>praecluditur.</strong></span> <span class='ocrx_word' id='word_1_802' title='bbox 3288 4563 3430 4631; x_wconf 81' lang='lat' dir='ltr'><strong>Quid</strong></span> <span class='ocrx_word' id='word_1_803' title='bbox 3462 4577 3589 4631; x_wconf 81' lang='lat' dir='ltr'><strong>por-</strong></span> 
     </span>
    </p>
   </div>
   <div class='ocr_carea' id='block_1_111' title="bbox 2029 4657 3588 4739">
    <p class='ocr_par' dir='ltr' id='par_1_111' title="bbox 2029 4657 3588 4739">
     <span class='ocr_line' id='line_1_111' title="bbox 2029 4657 3588 4739; baseline -0.012 -15"><span class='ocrx_word' id='word_1_804' title='bbox 2029 4686 2092 4724; x_wconf 87' lang='lat' dir='ltr'><strong>ro</strong></span> <span class='ocrx_word' id='word_1_805' title='bbox 2137 4667 2432 4739; x_wconf 82' lang='lat' dir='ltr'><strong>pretiosius</strong></span> <span class='ocrx_word' id='word_1_806' title='bbox 2481 4667 2678 4722; x_wconf 74' lang='lat' dir='ltr'><strong>anima:</strong></span> <span class='ocrx_word' id='word_1_807' title='bbox 2722 4672 2826 4728; x_wconf 85' lang='lat' dir='ltr'><strong>est,</strong></span> <span class='ocrx_word' id='word_1_808' title='bbox 2870 4675 3035 4731; x_wconf 89' lang='lat' dir='ltr'><strong>quam</strong></span> <span class='ocrx_word' id='word_1_809' title='bbox 3072 4657 3324 4726; x_wconf 75' lang='lat' dir='ltr'><strong>religiosa</strong></span> <span class='ocrx_word' id='word_1_810' title='bbox 3357 4663 3408 4710; x_wconf 88' lang='lat' dir='ltr'><strong>el</strong></span> <span class='ocrx_word' id='word_1_811' title='bbox 3460 4669 3588 4706; x_wconf 88' lang='lat' dir='ltr'><strong>con-</strong></span> 
     </span>
    </p>
   </div>
   <div class='ocr_carea' id='block_1_112' title="bbox 2030 4747 3588 4829">
    <p class='ocr_par' dir='ltr' id='par_1_112' title="bbox 2030 4747 3588 4829">
     <span class='ocr_line' id='line_1_112' title="bbox 2030 4747 3588 4829; baseline -0.013 -13"><span class='ocrx_word' id='word_1_812' title='bbox 2030 4776 2180 4816; x_wconf 80' lang='lat' dir='ltr'><strong>Stans</strong></span> <span class='ocrx_word' id='word_1_813' title='bbox 2207 4775 2347 4814; x_wconf 74' lang='lat' dir='ltr'><strong>vene</strong></span> <span class='ocrx_word' id='word_1_814' title='bbox 2381 4773 2508 4829; x_wconf 73' lang='lat' dir='ltr'><strong>erga</strong></span> <span class='ocrx_word' id='word_1_815' title='bbox 2559 4757 2729 4810; x_wconf 89' lang='lat' dir='ltr'><strong>Deum</strong></span> <span class='ocrx_word' id='word_1_816' title='bbox 2761 4753 2885 4807; x_wconf 86' lang='lat' dir='ltr'><strong>tidei</strong></span> <span class='ocrx_word' id='word_1_817' title='bbox 2912 4748 3261 4806; x_wconf 79' lang='lat' dir='ltr'><strong>observatio?</strong></span> <span class='ocrx_word' id='word_1_818' title='bbox 3287 4747 3366 4800; x_wconf 83' lang='lat' dir='ltr'><strong>Ad</strong></span> <span class='ocrx_word' id='word_1_819' title='bbox 3395 4761 3588 4799; x_wconf 82' lang='lat' dir='ltr'><strong>sanan-</strong></span> 
     </span>
    </p>
   </div>
   <div class='ocr_carea' id='block_1_113' title="bbox 2029 4844 3590 4919">
    <p class='ocr_par' dir='ltr' id='par_1_113' title="bbox 2029 4844 3590 4919">
     <span class='ocr_line' id='line_1_113' title="bbox 2029 4844 3590 4919; baseline -0.01 -13"><span class='ocrx_word' id='word_1_820' title='bbox 2029 4853 2129 4906; x_wconf 91' lang='lat' dir='ltr'><strong>dos</strong></span> <span class='ocrx_word' id='word_1_821' title='bbox 2185 4849 2430 4919; x_wconf 84' lang='lat' dir='ltr'><strong>corporis</strong></span> <span class='ocrx_word' id='word_1_822' title='bbox 2493 4847 2718 4903; x_wconf 86' lang='lat' dir='ltr'><strong>morbos</strong></span> <span class='ocrx_word' id='word_1_823' title='bbox 2777 4844 2977 4900; x_wconf 89' lang='lat' dir='ltr'><strong>medici</strong></span> <span class='ocrx_word' id='word_1_824' title='bbox 3040 4850 3426 4904; x_wconf 81' lang='lat' dir='ltr'><strong>arcessuntur;</strong></span> <span class='ocrx_word' id='word_1_825' title='bbox 3483 4852 3590 4907; x_wconf 88' lang='lat' dir='ltr'><strong>qua</strong></span> 
     </span>
    </p>
   </div>
   <div class='ocr_carea' id='block_1_114' title="bbox 2030 4931 3589 5014">
    <p class='ocr_par' dir='ltr' id='par_1_114' title="bbox 2030 4931 3589 5014">
     <span class='ocr_line' id='line_1_114' title="bbox 2030 4931 3589 5014; baseline -0.01 -17"><span class='ocrx_word' id='word_1_826' title='bbox 2030 4945 2250 5014; x_wconf 88' lang='lat' dir='ltr'><strong>quidem</strong></span> <span class='ocrx_word' id='word_1_827' title='bbox 2281 4956 2447 5009; x_wconf 82' lang='lat' dir='ltr'><strong>opera</strong></span> <span class='ocrx_word' id='word_1_828' title='bbox 2475 4939 2519 4993; x_wconf 91' lang='lat' dir='ltr'><strong>si</strong></span> <span class='ocrx_word' id='word_1_829' title='bbox 2556 4938 2736 4991; x_wconf 81' lang='lat' dir='ltr'><strong>minus</strong></span> <span class='ocrx_word' id='word_1_830' title='bbox 2767 4933 3117 4996; x_wconf 86' lang='lat' dir='ltr'><strong>successerit,</strong></span> <span class='ocrx_word' id='word_1_831' title='bbox 3149 4931 3408 4985; x_wconf 85' lang='lat' dir='ltr'><strong>damnum</strong></span> <span class='ocrx_word' id='word_1_832' title='bbox 3443 4935 3589 4982; x_wconf 81' lang='lat' dir='ltr'><strong>certe</strong></span> 
     </span>
    </p>
   </div>
   <div class='ocr_carea' id='block_1_115' title="bbox 2032 5023 3591 5103">
    <p class='ocr_par' dir='ltr' id='par_1_115' title="bbox 2032 5023 3591 5103">
     <span class='ocr_line' id='line_1_115' title="bbox 2032 5023 3591 5103; baseline -0.012 -13"><span class='ocrx_word' id='word_1_833' title='bbox 2032 5052 2137 5090; x_wconf 90' lang='lat' dir='ltr'><strong>non</strong></span> <span class='ocrx_word' id='word_1_834' title='bbox 2169 5036 2303 5090; x_wconf 86' lang='lat' dir='ltr'><strong>adeo</strong></span> <span class='ocrx_word' id='word_1_835' title='bbox 2335 5050 2520 5103; x_wconf 77' lang='lat' dir='ltr'><strong>grave,</strong></span> <span class='ocrx_word' id='word_1_836' title='bbox 2551 5047 2727 5100; x_wconf 85' lang='lat' dir='ltr'><strong>neque</strong></span> <span class='ocrx_word' id='word_1_837' title='bbox 2755 5028 2854 5082; x_wconf 87' lang='lat' dir='ltr'><strong>hac</strong></span> <span class='ocrx_word' id='word_1_838' title='bbox 2882 5025 3099 5080; x_wconf 87' lang='lat' dir='ltr'><strong>mortali</strong></span> <span class='ocrx_word' id='word_1_839' title='bbox 3134 5025 3244 5078; x_wconf 86' lang='lat' dir='ltr'><strong>vita</strong></span> <span class='ocrx_word' id='word_1_840' title='bbox 3276 5023 3591 5075; x_wconf 87' lang='lat' dir='ltr'><strong>diuturnius</strong></span> 
     </span>
    </p>
   </div>
   <div class='ocr_carea' id='block_1_116' title="bbox 2034 5113 3589 5194">
    <p class='ocr_par' dir='ltr' id='par_1_116' title="bbox 2034 5113 3589 5194">
     <span class='ocr_line' id='line_1_116' title="bbox 2034 5113 3589 5194; baseline -0.01 -14"><span class='ocrx_word' id='word_1_841' title='bbox 2034 5130 2296 5188; x_wconf 77' lang='lat' dir='ltr'><strong>futurum,</strong></span> <span class='ocrx_word' id='word_1_842' title='bbox 2325 5125 2615 5194; x_wconf 77' lang='lat' dir='ltr'><strong>accipitur.</strong></span> <span class='ocrx_word' id='word_1_843' title='bbox 2657 5124 2724 5176; x_wconf 85' lang='lat' dir='ltr'><strong>At</strong></span> <span class='ocrx_word' id='word_1_844' title='bbox 2768 5121 2803 5174; x_wconf 90' lang='lat' dir='ltr'><strong>ii</strong></span> <span class='ocrx_word' id='word_1_845' title='bbox 2856 5118 3056 5181; x_wconf 82' lang='lat' dir='ltr'><strong>morbi,</strong></span> <span class='ocrx_word' id='word_1_846' title='bbox 3098 5116 3190 5185; x_wconf 89' lang='lat' dir='ltr'><strong>qui</strong></span> <span class='ocrx_word' id='word_1_847' title='bbox 3233 5114 3298 5168; x_wconf 85' lang='lat' dir='ltr'><strong>ad</strong></span> <span class='ocrx_word' id='word_1_848' title='bbox 3339 5113 3589 5183; x_wconf 80' lang='lat' dir='ltr'><strong>dogma-ta</strong></span> 
     </span>
    </p>
   </div>
   <div class='ocr_carea' id='block_1_117' title="bbox 2034 5206 3590 5285">
    <p class='ocr_par' dir='ltr' id='par_1_117' title="bbox 2034 5206 3590 5285">
     <span class='ocr_line' id='line_1_117' title="bbox 2034 5206 3590 5285; baseline -0.01 -12"><span class='ocrx_word' id='word_1_849' title='bbox 2034 5218 2335 5285; x_wconf 72' lang='lat' dir='ltr'><strong>theologica</strong></span> <span class='ocrx_word' id='word_1_850' title='bbox 2391 5216 2686 5284; x_wconf 84' lang='lat' dir='ltr'><strong>pertinent,</strong></span> <span class='ocrx_word' id='word_1_851' title='bbox 2742 5227 3054 5282; x_wconf 86' lang='lat' dir='ltr'><strong>quanquam</strong></span> <span class='ocrx_word' id='word_1_852' title='bbox 3107 5207 3390 5276; x_wconf 70' lang='lat' dir='ltr'><strong>sanguinis</strong></span> <span class='ocrx_word' id='word_1_853' title='bbox 3444 5206 3590 5257; x_wconf 84' lang='lat' dir='ltr'><strong>rivos</strong></span> 
     </span>
    </p>
   </div>
   <div class='ocr_carea' id='block_1_118' title="bbox 2033 5301 3596 5378">
    <p class='ocr_par' dir='ltr' id='par_1_118' title="bbox 2033 5301 3596 5378">
     <span class='ocr_line' id='line_1_118' title="bbox 2033 5301 3596 5378; baseline -0.007 -14"><span class='ocrx_word' id='word_1_854' title='bbox 2033 5312 2210 5378; x_wconf 87' lang='lat' dir='ltr'><strong>ruptis</strong></span> <span class='ocrx_word' id='word_1_855' title='bbox 2243 5307 2398 5364; x_wconf 84' lang='lat' dir='ltr'><strong>venis</strong></span> <span class='ocrx_word' id='word_1_856' title='bbox 2427 5323 2534 5361; x_wconf 89' lang='lat' dir='ltr'><strong>non</strong></span> <span class='ocrx_word' id='word_1_857' title='bbox 2564 5306 2878 5365; x_wconf 81' lang='lat' dir='ltr'><strong>ell&#39;umiuut,</strong></span> <span class='ocrx_word' id='word_1_858' title='bbox 2915 5303 3033 5358; x_wconf 80' lang='lat' dir='ltr'><strong>lidei</strong></span> <span class='ocrx_word' id='word_1_859' title='bbox 3065 5303 3165 5370; x_wconf 76' lang='lat' dir='ltr'><strong>ipsi</strong></span> <span class='ocrx_word' id='word_1_860' title='bbox 3203 5301 3412 5370; x_wconf 77' lang='lat' dir='ltr'><strong>plagam</strong></span> <span class='ocrx_word' id='word_1_861' title='bbox 3441 5312 3596 5353; x_wconf 87' lang='lat' dir='ltr'><strong>reve-</strong></span> 
     </span>
    </p>
   </div>
   <div class='ocr_carea' id='block_1_119' title="bbox 2033 5389 3594 5470">
    <p class='ocr_par' dir='ltr' id='par_1_119' title="bbox 2033 5389 3594 5470">
     <span class='ocr_line' id='line_1_119' title="bbox 2033 5389 3594 5470; baseline -0.009 -16"><span class='ocrx_word' id='word_1_862' title='bbox 2033 5418 2091 5456; x_wconf 89' lang='lat' dir='ltr'><strong>ra</strong></span> <span class='ocrx_word' id='word_1_863' title='bbox 2125 5400 2394 5470; x_wconf 71' lang='lat' dir='ltr'><strong>inﬂigunt,</strong></span> <span class='ocrx_word' id='word_1_864' title='bbox 2428 5401 2770 5454; x_wconf 83' lang='lat' dir='ltr'><strong>incruentam</strong></span> <span class='ocrx_word' id='word_1_865' title='bbox 2811 5395 3032 5464; x_wconf 87' lang='lat' dir='ltr'><strong>quidem</strong></span> <span class='ocrx_word' id='word_1_866' title='bbox 3076 5394 3246 5456; x_wconf 84' lang='lat' dir='ltr'><strong>illam,</strong></span> <span class='ocrx_word' id='word_1_867' title='bbox 3283 5393 3376 5446; x_wconf 84' lang='lat' dir='ltr'><strong>sed</strong></span> <span class='ocrx_word' id='word_1_868' title='bbox 3421 5389 3594 5442; x_wconf 63' lang='lat' dir='ltr'><strong>maii-</strong></span> 
     </span>
    </p>
   </div>
   <div class='ocr_carea' id='block_1_120' title="bbox 2034 5478 3592 5556">
    <p class='ocr_par' dir='ltr' id='par_1_120' title="bbox 2034 5478 3592 5556">
     <span class='ocr_line' id='line_1_120' title="bbox 2034 5478 3592 5556; baseline -0.007 -12"><span class='ocrx_word' id='word_1_869' title='bbox 2034 5506 2120 5544; x_wconf 90' lang='lat' dir='ltr'><strong>me</strong></span> <span class='ocrx_word' id='word_1_870' title='bbox 2160 5489 2439 5554; x_wconf 82' lang='lat' dir='ltr'><strong>letbalcm,</strong></span> <span class='ocrx_word' id='word_1_871' title='bbox 2485 5488 2880 5556; x_wconf 86' lang='lat' dir='ltr'><strong>sempiternum</strong></span> <span class='ocrx_word' id='word_1_872' title='bbox 2927 5484 3129 5554; x_wconf 85' lang='lat' dir='ltr'><strong>quippe</strong></span> <span class='ocrx_word' id='word_1_873' title='bbox 3172 5492 3226 5535; x_wconf 86' lang='lat' dir='ltr'><strong>et</strong></span> <span class='ocrx_word' id='word_1_874' title='bbox 3287 5478 3592 5534; x_wconf 85' lang='lat' dir='ltr'><strong>immortale</strong></span> 
     </span>
    </p>
   </div>
   <div class='ocr_carea' id='block_1_121' title="bbox 2031 5569 3593 5639">
    <p class='ocr_par' dir='ltr' id='par_1_121' title="bbox 2031 5569 3593 5639">
     <span class='ocr_line' id='line_1_121' title="bbox 2031 5569 3593 5639; baseline -0.01 -1"><span class='ocrx_word' id='word_1_875' title='bbox 2031 5583 2258 5638; x_wconf 79' lang='lat' dir='ltr'><strong>exitium</strong></span> <span class='ocrx_word' id='word_1_876' title='bbox 2295 5581 2580 5637; x_wconf 77' lang='lat' dir='ltr'><strong>allaturam</strong></span> <span class='ocrx_word' id='word_1_877' title='bbox 2625 5577 2840 5639; x_wconf 71' lang='lat' dir='ltr'><strong>anim-.c,</strong></span> <span class='ocrx_word' id='word_1_878' title='bbox 2885 5576 2974 5630; x_wconf 84' lang='lat' dir='ltr'><strong>cui</strong></span> <span class='ocrx_word' id='word_1_879' title='bbox 3025 5590 3126 5627; x_wconf 87' lang='lat' dir='ltr'><strong>nec</strong></span> <span class='ocrx_word' id='word_1_880' title='bbox 3177 5580 3323 5626; x_wconf 88' lang='lat' dir='ltr'><strong>totus</strong></span> <span class='ocrx_word' id='word_1_881' title='bbox 3354 5569 3593 5624; x_wconf 84' lang='lat' dir='ltr'><strong>mundus</strong></span> 
     </span>
    </p>
   </div>
   <div class='ocr_carea' id='block_1_122' title="bbox 2033 5660 3591 5744">
    <p class='ocr_par' dir='ltr' id='par_1_122' title="bbox 2033 5660 3591 5744">
     <span class='ocr_line' id='line_1_122' title="bbox 2033 5660 3591 5744; baseline -0.01 -14"><span class='ocrx_word' id='word_1_882' title='bbox 2033 5673 2456 5744; x_wconf 72' lang='lat' dir='ltr'><strong>mquiparandus</strong></span> <span class='ocrx_word' id='word_1_883' title='bbox 2482 5681 2583 5728; x_wconf 89' lang='lat' dir='ltr'><strong>cst.</strong></span> <span class='ocrx_word' id='word_1_884' title='bbox 2612 5669 2976 5737; x_wconf 80' lang='lat' dir='ltr'><strong>Quanmbrem</strong></span> <span class='ocrx_word' id='word_1_885' title='bbox 3011 5668 3185 5736; x_wconf 81' lang='lat' dir='ltr'><strong>palam</strong></span> <span class='ocrx_word' id='word_1_886' title='bbox 3213 5666 3312 5718; x_wconf 88' lang='lat' dir='ltr'><strong>ista</strong></span> <span class='ocrx_word' id='word_1_887' title='bbox 3338 5660 3591 5732; x_wconf 80' lang='lat' dir='ltr'><strong>proferri.</strong></span> 
     </span>
    </p>
   </div>
   <div class='ocr_carea' id='block_1_123' title="bbox 2035 5756 3597 5838">
    <p class='ocr_par' dir='ltr' id='par_1_123' title="bbox 2035 5756 3597 5838">
     <span class='ocr_line' id='line_1_123' title="bbox 2035 5756 3597 5838; baseline -0.009 -16"><span class='ocrx_word' id='word_1_888' title='bbox 2035 5777 2198 5835; x_wconf 87' lang='lat' dir='ltr'><strong>atque</strong></span> <span class='ocrx_word' id='word_1_889' title='bbox 2231 5768 2286 5822; x_wconf 87' lang='lat' dir='ltr'><strong>in</strong></span> <span class='ocrx_word' id='word_1_890' title='bbox 2321 5767 2519 5838; x_wconf 85' lang='lat' dir='ltr'><strong>primis</strong></span> <span class='ocrx_word' id='word_1_891' title='bbox 2559 5766 2698 5831; x_wconf 78' lang='lat' dir='ltr'><strong>illus,</strong></span> <span class='ocrx_word' id='word_1_892' title='bbox 2739 5760 2951 5834; x_wconf 64' lang='grc'><strong>1043</strong></span> <span class='ocrx_word' id='word_1_893' title='bbox 2978 5768 3070 5832; x_wconf 81' lang='lat' dir='ltr'><strong>qui</strong></span> <span class='ocrx_word' id='word_1_894' title='bbox 3105 5756 3480 5831; x_wconf 62' lang='lat' dir='ltr'><strong>rmnitentiam</strong></span> <span class='ocrx_word' id='word_1_895' title='bbox 3505 5771 3597 5810; x_wconf 89' lang='lat' dir='ltr'><strong>er-</strong></span> 
     </span>
    </p>
   </div>
  </div>
