4070 6222
480 344 615 412 1351
760 340 812 413 is
880 359 937 398 ιι-
979 342 1275 406 ϐεὸῡτικενο
1319 338 1374 411 4]
1675 338 2088 402 NlCEPtlom

2201 338 2516 400 micon};
2807 332 2940 409 [μιν.
2983 348 3026 386 ι.
3067 346 3356 387 caxrscuz.
3397 329 3451 397 δι
3595 334 3722 400 13a

477 460 697 529 pliciter
724 458 888 513 etiam
946 468 1004 513 et
1043 456 1389 511 unit‘ormitcr
1438 465 1519 511 est
1572 471 1637 510 ex
1693 466 1889 509 natura
1951 468 2088 515 sua,

2201 467 2281 513 iu;
2309 449 2658 519 δογματίζων
2714 448 3001 513 Eiarinon;
3044 450 3301 517 θεότητας
3355 449 3568 511 πάντως
3612 448 3725 502 διὰ-

474 569 640 607 omne
674 555 902 616 bonum,
931 563 988 607 et
1027 567 1188 608 omne
1212 549 1508 620 pulchrum
1546 550 1860 612 essentialc,
1893 565 2056 617 supra

2201 544 2340 610 τημὰ
2379 558 2432 595 τι
2463 544 2576 594 νοξῖ
2608 540 2839 609 μεταξύ.
2892 540 3061 594 Τοῦτο
3084 541 3130 594 δ’
3175 545 3397 610 ἄπειρον
3452 542 3479 591 ὁ
3507 540 3600 609 τῆς
3632 557 3722 609 με·

477 661 644 716 quam
696 646 985 715 quisquam
1035 645 1326 699 hominum
1383 643 1690 711 intelligere
1747 641 1921 710 possit
1966 647 2061 692 aut

2201 636 2382 704 ότητος
2411 633 2551 689 εἶναι
2579 637 2640 690 οὐ
2673 637 2858 690 δίδωσι
2889 638 3045 705 λόγος
3066 652 3082 666 ⁸
3121 637 3256 706 μηδὲ
3285 637 3392 703 γὰρ
3433 638 3726 706 πεφυκέναι

477 720 757 790 enarrare.
803 738 933 801 Qua:
988 752 1117 790 vero
1173 737 1226 790 in
1288 736 1393 790 hac
1456 750 1643 790 rerum
1701 732 2062 786 univcrsita'e

2201 728 2260 797 ὴν
2289 729 2550 799 ἀπειρίαν
2579 730 2809 800 βαθμοῖς
2845 733 2942 784 καὶ
3004 733 3224 801 μέτροις
3280 731 3393 783 τισὶ
3446 730 3725 782 maxime-

480 829 711 898 pulchra
744 829 1038 892 habentur,
1074 841 1184 881 non
1227 843 1296 882 es
1344 825 1564 896 prepria
1613 833 1831 887 natura,
1872 837 2062 876 verum

2202 826 2312 878 Dat.
2349 821 2471 883 Πῶς
2495 824 2603 894 γὰρ
2632 825 2699 877 ἂν
2725 824 2916 893 (φησιν
2955 823 2983 874 ὁ
3013 824 3154 885 οείος
3187 821 3507 892 Γρηγόριίις)
3539 837 3733 890 μετρη-

479 921 904 990 dependentcra
933 920 1239 975 constituto
1289 920 1496 989 aliquo,
1545 919 1770 987 pulchra
1822 928 1971 981 sunt,
2004 925 2059 971 et

2206 917 2288 985 εἰη
2310 916 2367 969 τὸ
2396 917 2642 986 ἄπειρον,
2681 914 2746 968 ἵν’
2781 914 2809 967 ὃ
2829 914 2936 966 τῶν
2956 915 3381 984 περιτονμένων
3406 916 3550 973 ἐπὶ.
3582 912 3735 964 τοῦτο

479 1015 678 1069 divina:
705 1013 1138 1084 pulchritudinis
1174 1013 1393 1067 nonnisi
1431 1013 1729 1066 obscuram
1765 1010 2059 1080 imaginem

2201 1009 2321 1081 πάθῃ
2355 1007 2568 1079 Θεότης,
2597 1006 2826 1076 βαθμοῖς
2853 1006 3199 1076 μετρουμένη
3225 1007 3321 1058 καὶ
3352 1005 3684 1068 ὑπθόἁσεση
3714 1021 3733 1054 ι

479 1109 765 1163 exhibent.
793 1107 906 1163 Nos
970 1116 1181 1172 autem,
1249 1106 1591 1174 posteriores
1651 1104 1801 1161 laeti.
1858 1104 2001 1158 bona
2060 1103 2310 1172 quaedam
2364 1101 2631 1156 exsistere
2670 1100 2946 1175 posterius
2996 1098 3160 1151 etiam
3191 1097 3354 1161 faeta,
3403 1095 3741 1167 experientia

483 1213 622 1260 teste
650 1205 945 1260 discimus:
1001 1213 1167 1271 atque
1199 1203 1397 1257 exinde
1441 1203 1509 1255 ad
1557 1203 1727 1256 Deum
1779 1200 2094 1271 hujusmodi
2134 1199 2280 1254 bona
2356 1197 2682 1260 referentes,
2735 1211 2802 1250 ex
2840 1195 2908 1249 iis
2950 1195 3210 1250 omnibus
3253 1195 3423 1249 Deum
3457 1193 3620 1248 talem
3654 1192 3744 1245 de-

483 1300 853 1361 neminamus,
883 1296 1063 1366 qualis
1092 1304 1177 1349 est
1213 1310 1280 1348 ex
1313 1307 1504 1348 natura
1561 1311 1658 1348 sua
1695 1312 1709 1348 :
1764 1310 1872 1348 non
1918 1294 2064 1362 quod
2103 1308 2171 1347 ex
2245 1291 2356 1346 illis
2389 1290 2727 1359 compositus
2785 1289 2881 1351 sit,
2904 1287 3366 1357 quemadmodum
3410 1287 3571 1341 nobis
3606 1289 3744 1341 acci-

482 1393 584 1445 dit.
639 1393 765 1446 Ilaec
801 1391 950 1446 enim
1017 1398 1150 1445 sunt
1210 1390 1432 1443 nomina
1511 1397 1565 1441 et
1619 1397 1952 1461 nostrarum,
1984 1387 2342 1456 cogitationes
2392 1385 2743 1446 animarum;
2813 1398 2937 1452 qua:
2996 1398 3122 1435 cum
3154 1381 3210 1435 in
3253 1381 3400 1452 adyti
3471 1382 3744 1436 vestibulo

483 1486 709 1555 degant,
741 1485 835 1538 Dei
874 1494 1057 1539 tamen
1121 1492 1372 1538 naturam
1435 1481 1716 1536 curiosius
1751 1482 1958 1535 audent
2020 1481 2378 1549 perscrutari,
2447 1492 2639 1532 verum
2684 1476 2755 1531 de
2799 1475 3003 1531 divinis
3043 1476 3323 1531 attributis
3389 1475 3526 1528 nihil
3576 1491 3746 1530 enun-

484 1585 626 1637 tiare
685 1589 953 1652 possunt,
1003 1597 1131 1636 suas
1187 1578 1449 1633 duntaxat
1497 1578 1781 1647 passiones
1829 1587 1885 1631 ct
1937 1592 2066 1647 erga
2107 1576 2277 1630 Deum
2355 1575 2679 1631 aﬁ'ectiones
2741 1573 3041 1639 declarant,
3085 1581 3201 1626 tum
3240 1572 3749 1640 diﬂieultatesquas

487 1677 775 1746 patiuntur
829 1683 889 1728 et
966 1682 1147 1729 errata
1213 1674 1268 1727 in
1349 1687 1471 1742 qua:
1538 1672 1891 1741 impingunt,
1961 1686 2070 1724 non
2148 1670 2372 1740 quidem
2426 1669 2756 1734 evidenter;
2850 1667 2948 1722 sed
3000 1666 3219 1720 indiciis
3267 1665 3598 1736 quibusdam
3661 1665 3751 1717 de-

487 1782 810 1827 monstrant
864 1772 933 1826 iis
995 1772 1087 1839 qui
1128 1785 1194 1824 ea
1237 1768 1424 1823 valent
1497 1767 1878 1838 intelligere.»
1946 1764 2140 1821 Vester
2178 1777 2359 1821 autem
2443 1766 2705 1836 magister
2773 1764 3020 1820 Palamas
3089 1779 3434 1834 qumcunque
3487 1763 3559 1817 de
3643 1762 3750 1816 Deo

486 1879 614 1942 apte
675 1868 1084 1940 pradicantur,
1155 1875 1212 1920 et
1271 1865 1680 1935 intelliguntur,
1762 1865 1989 1919 totidem
2046 1864 2366 1918 divinitates
2417 1879 2538 1918 esse
2591 1863 2902 1924 increatas,
2943 1877 2975 1915 a
3027 1876 3084 1916 se
3140 1863 3374 1916 invicem
3428 1860 3751 1922 distinctas,

489 1963 925 2034 independentes
996 1960 1319 2016 existimat:
1374 1959 1580 2030 quibus
1648 1958 1742 2013 Dei
1825 1958 2093 2029 judicium
2172 1967 2228 2012 et
2309 1959 2646 2027 majestatem
2731 1956 3110 2017 adnumerat,
3193 1964 3244 2009 et
3327 1956 3432 2010 alia
3508 1953 3751 2018 inﬁnita;

489 2076 634 2132 quae,
665 2059 916 2115 adductis
969 2059 1025 2112 in
1084 2057 1324 2112 medium
1383 2055 1559 2126 ipsius
1608 2055 1839 2110 Palama:
1880 2056 2084 2118 verbis,
2125 2055 2522 2118 ostendemus;
2578 2065 2638 2107 ut
2684 2069 2873 2123 supra,
2930 2052 3216 2106 moderate
3292 2052 3417 2106 licet
3473 2060 3528 2105 ct
3609 2067 3752 2111 raro,

490 2172 524 2212 ι
553 2155 714 2210 nobis
760 2154 968 2209 factum
1020 2162 1125 2208 est.
1179 2151 1449 2207 Nimirum
1486 2165 1598 2205 non
1655 2150 1916 2221 intelligit
1965 2150 2079 2203 lure
2122 2149 2330 2218 1071
2374 2147 2478 2202 SS.
2526 2149 2748 2202 Patrum
2819 2145 3031 2201 verba:
3075 2164 3093 2198 ι
3129 2145 3418 2202 Credimus
3467 2145 3520 2198 in
3589 2159 3754 2197 unum

493 2251 694 2311 Deum,
725 2263 896 2303 unum
934 2246 1270 2318 principium
1315 2244 1572 2315 principii
1603 2259 1826 2314 expers,
1891 2244 2199 2297 increatum
2269 2250 2403 2304 etc.,
2471 2256 2632 2294 unam
2678 2248 3031 2310 potestatem,
3101 2255 3264 2293 unam
3301 2237 3754 2302 dominatioaem,

495 2362 668 2403 unum
719 2359 994 2413 regnum;
1031 2342 1177 2413 quod
1216 2344 1270 2396 in
1305 2342 1485 2398 tribus
1511 2339 1777 2412 perfectis
1824 2340 2079 2411 personis
2126 2338 2469 2409 agnoscitur,
2534 2345 2591 2393 et
2655 2336 2976 2392 adoratione
3018 2337 3180 2392 unica
3230 2338 3510 2391 adoratur.
3558 2352 3578 2387 ι
3616 2334 3760 2401 Quas
3821 2367 3827 2374 -

492 2444 644 2498 enim
677 2441 792 2496 Deo
822 2439 1124 2494 tribuimus
1155 2438 1556 2508 appellationes
1599 2437 1888 2506 plurimas,
1944 2439 2106 2490 unica
2146 2446 2202 2491 et
2259 2434 2506 2490 solitaria
2537 2433 2893 2490 conclusione
2935 2448 3161 2503 magnus
3197 2432 3434 2488 Joannes
3463 2429 3758 2486 conclusit.

496 2538 566 2594 Et
612 2553 746 2593 vero
801 2537 848 2592 si
909 2535 1213 2590 multitudo
1268 2535 1642 2590 incrcatarum
1693 2533 2081 2599 divinitatum,
2124 2550 2263 2604 quas
2321 2531 2572 2587 Palamas
2643 2531 2872 2597 invexit,
2904 2530 3068 2585 habet
3099 2545 3166 2585 ex
3198 2540 3390 2584 natura
3425 2512 3760 2584 sua‘identi-

497 2639 780 2693 tatem,et
813 2631 1075 2686 increata:
1105 2631 1182 2687 rei
1215 2630 1618 2696 conditionem,
1673 2632 1785 2703 jam
1851 2631 1943 2686 illa
2012 2631 2307 2686 multitudo
2346 2645 2457 2684 non
2495 2628 2602 2683 erit
2647 2627 2946 2684 multitudo
2973 2669 2990 2694 ,
3035 2630 3131 2683 sed
3179 2628 3380 2683 unitas.
3431 2627 3550 2683 Hoc
3597 2630 3763 2699 igitur

503 2744 616 2782 non
653 2725 1052 2781 animadvertit
1099 2725 1395 2791 Palamas;
1465 2725 1612 2795 quod
1661 2726 1876 2780 scilicet
1940 2724 2172 2780 deitates
2212 2725 2334 2779 illas
2396 2732 2609 2779 asserat
2653 2737 2777 2778 esse
2818 2721 2952 2792 quid
3013 2737 3182 2776 unum
3237 2739 3362 2777 eum
3415 2723 3758 2779 substantia:

436 2843 439 2848 ·
503 2823 650 2887 unde
681 2837 790 2876 non
818 2831 966 2876 recte
997 2821 1420 2893 intelligit,qua:
1449 2832 1599 2877 recte
1629 2821 1900 2877 enuntiat.
1921 2820 2079 2888 Quod
2118 2822 2267 2877 enim
2303 2821 2446 2877 idem
2479 2831 2584 2886 est,
2619 2836 2730 2875 non
2756 2830 2839 2874 est
2870 2818 3040 2882 aliud,
3077 2835 3252 2889 neque
3301 2821 3627 2886 multitudo,
3668 2838 3760 2876 seu

499 2923 784 2978 naturam,
830 2929 927 2968 seu
956 2913 1319 2968 substantiam
1344 2922 1578 2983 spectes.
1607 2916 1664 2970 Si
1685 2902 1816 2970 {cro
1835 2917 2007 2985 gratia
2031 2918 2318 2981 duntaxat,
2339 2915 2812 2986 quemadmodum
2840 2914 3112 2980 homines
3137 2913 3251 2966 illas
3291 2914 3322 2967 d
3351 2915 3614 2970 vinitates
3648 2932 3764 2971 esse

507 3007 644 3078 quid
675 3022 847 3061 unum
883 3017 941 3062 et
970 3007 1276 3062 increatnm
1314 3015 1520 3062 statuat
1551 3009 1823 3074 Palatnas,
1853 3024 1962 3064 non
2007 3010 2244 3066 advertit
2272 3025 2303 3064 a
2335 3024 2394 3064 se
2428 3007 2684 3062 ailirrnari
2732 3008 2996 3062 deitatum
3049 3008 3362 3076 huiusmodi
3396 3008 3763 3063 incteatarum

505 3100 922 3155 multitudinem
953 3115 1076 3155 esse
1105 3099 1233 3168 quid
1270 3100 1412 3155 idem
1445 3117 1589 3158 cum-
1613 3102 1964 3158 hominibus:
1993 3116 2050 3158 ct
2093 3104 2172 3158 sic
2208 3105 2359 3174 juxta
2387 3105 2620 3158 Palamae
2644 3102 3162 3172 sententiam,quod
3199 3103 3502 3158 increatum
3527 3113 3764 3170 est,non

499 3193 610 3250 erit
668 3196 999 3259 increatum,
1049 3193 1146 3247 scd
1204 3203 1474 3249 creatum.
1531 3196 1666 3251 Nam
1722 3212 1847 3268 quae
1909 3197 2080 3252 multa
2121 3209 2273 3262 sunt,
2327 3179 2993 3252 essistcntiaznidcntitate
3066 3197 3363 3251 uniuntur:
3415 3200 3767 3270 quandoqui-

503 3286 629 3340 dem
663 3301 694 3340 a
737 3294 934 3340 natura
964 3286 1038 3341 ita
1079 3297 1460 3355 comparatum
1491 3298 1599 3351 est,
1635 3297 1696 3344 ut
1747 3305 1875 3360 qua:
1937 3291 2158 3345 diversa
2200 3306 2309 3345 non
2353 3300 2503 3354 sunt,
2547 3305 2736 3344 secum
2791 3290 3029 3345 invicem
3068 3292 3400 3346 conveniant
3460 3295 3767 3348 secundum

502 3391 719 3436 naturae
749 3393 803 3436 ct
822 3383 1025 3452 gradus
1068 3385 1517 3447 similitudinem,
1564 3388 1656 3442 ubi
1725 3387 1874 3441 nulla
1943 3396 2028 3442 est
2104 3387 2419 3442 diversitas.
2466 3387 2617 3441 Alias
2661 3387 2938 3458 quomodo
2995 3391 3482 3443 commiscerent-1
3547 3407 3616 3447 ea
3653 3404 3774 3460 qua:

505 3475 719 3528 directe
775 3491 839 3529 ac
893 3476 1061 3532 veluti
1105 3494 1135 3531 c
1181 3477 1457 3533 diametro
1502 3480 1608 3534 sibi
1683 3480 1917 3535 invicem
1989 3492 2370 3551 opponuntur,
2417 3490 2473 3534 et
2547 3480 2740 3535 saltem
2787 3481 3004 3535 ratione
3065 3495 3178 3536 suae
3227 3482 3568 3540 diversitatis
3625 3500 3770 3539 nun-

505 3583 806 3635 quamnon
847 3584 1032 3623 secum
1067 3571 1348 3639 pugnant?
1397 3571 1586 3642 Neque
1620 3575 1768 3627 enim
1819 3573 1935 3628 ﬁeri
1983 3583 2212 3643 posset,
2253 3581 2312 3626 ut
2358 3573 2591 3628 alterttm
2663 3575 2821 3629 alteri
2896 3575 3238 3631 luculentum
3312 3576 3524 3632 scilicet
3580 3579 3772 3633 interi-

507 3676 624 3718 tum
651 3666 874 3736 jamjam
912 3666 1062 3720 omni
1097 3667 1247 3720 dicto
1283 3667 1451 3723 citius
1485 3687 1590 3724 non
1635 3682 1879 3742 pararet.
1915 3669 2084 3740 igitur
2118 3669 2211 3740 qui
2249 3680 2450 3741 praeter
2525 3671 2737 3742 1072
2799 3669 3042 3726 divinam
3073 3671 3464 3739 substantiam,
3493 3673 3774 3732 increatas

503 3759 824 3816 divinitates
860 3762 997 3816 alias
1062 3773 1121 3818 ct
1155 3765 1509 3832 Operatioues
1550 3767 1763 3831 Statuit,
1835 3767 1880 3821 is
1918 3766 2164 3821 omnium
2204 3767 2490 3823 creatrieis
2549 3766 2856 3822 divinitatis
2907 3767 3172 3824 unitatem
3235 3771 3455 3826 evertit.
3519 3771 3770 3844 Namque

507 3869 734 3925 prorsus
772 3856 1112 3923 impossibile
1153 3868 1261 3922 est,
1295 3866 1353 3910 ut
1386 3857 1656 3913 deitatem
1686 3860 1982 3915 diversitas
2025 3860 2080 3916 in
2122 3862 2466 3917 illentitatem
2512 3862 2820 3916 naturalem
2881 3871 3060 3918 coeat.
3096 3864 3282 3934 Itaque
3345 3864 3495 3921 nulla
3525 3865 3636 3922 fuit
3671 3883 3769 3922 nec

506 3948 616 3998 erit
651 3964 892 4017 unquam
945 3949 1189 4003 incrcata
1264 3950 1527 4006 divinitas
1576 3954 1704 4018 alia,
1777 3964 1976 4022 praeter
2020 3953 2264 4009 ditinam
2297 3965 2356 4009 et
2383 3954 2554 4009 solam
2621 3955 2985 4011 substantiam
3048 3957 3100 4011 iu
3137 3958 3318 4014 tribus
3360 3961 3621 4030 personis
3647 3962 3771 4017 sult-

508 4042 837 4107 sistentcm;
871 4042 1090 4095 etiamsi
1126 4043 1409 4099 Palamita:
1446 4045 1592 4099 istud
1627 4047 1945 4101 ctl'uticntes
1978 4046 2420 4118 disrumpantur.
2488 4048 2680 4119 Neque
2746 4065 2880 4104 vero
2926 4051 3262 4107 admittenda
3324 4063 3414 4109 est
3475 4057 3764 4126 paganica-

508 4149 631 4188 rnm
690 4135 917 4189 deorum
969 4136 1286 4190 multitudo.
1321 4138 1396 4191 Ita
1425 4138 1572 4192 enim
1618 4141 1879 4209 prmclarc
1927 4140 2094 4194 habet
2135 4143 2533 4197 celeberrimus
2565 4141 2854 4213 theologus
2917 4154 3144 4200 sanctus
3195 4145 3437 4203 Joannes
3478 4149 3768 4203 Damasce-

511 4249 660 4288 nus:
708 4252 724 4282 ι
770 4234 826 4287 Si
870 4233 1087 4303 plures,
1142 4235 1354 4303 inquit,
1401 4252 1524 4290 esse
1577 4237 1714 4290 deos
1761 4236 2086 4306 dixerimus,
2163 4253 2392 4294 necesse
2432 4251 2518 4294 est
2562 4248 2622 4294 ut
2689 4240 2792 4310 ipsi
2837 4241 2985 4296 inter
3027 4258 3089 4298 se
3116 4239 3396 4300 diﬁ‘erant.
3430 4244 3498 4301 Et
3551 4248 3768 4317 quidem

512 4332 666 4386 Solus
697 4329 790 4384 ille
822 4331 1050 4384 omnino
1082 4339 1136 4383 et
1159 4332 1400 4387 totaliter
1431 4332 1579 4386 Deus
1615 4332 1744 4397 erit,
1776 4334 1870 4403 qui
1905 4335 2152 4390 totaliter
2178 4345 2234 4389 et
2278 4335 2507 4390 omnino
2561 4336 2840 4406 perlectus
2909 4336 3016 4394 crit
3077 4358 3091 4393 :
3153 4342 3470 4413 quicunque
3522 4357 3707 4402 autem
3737 4362 3766 4402 a

515 4438 730 4478 summe
780 4422 1022 4492 perciet-to
1070 4423 1164 4478 illo
1191 4424 1546 4492 superabitur
1592 4427 1897 4481 secundum
1943 4427 2279 4494 bonitatem,
2343 4437 2439 4482 aut
2512 4431 2863 4500 sapientiam,
2908 4442 3005 4486 aut
3062 4435 3394 4506 potentiam,
3430 4449 3530 4495 aut
3567 4456 3765 4496 secun-

515 4522 647 4573 dum
691 4519 838 4573 aliud
873 4520 1181 4590 quidpiam,
1216 4521 1360 4574 Deus
1393 4536 1504 4575 non
1550 4522 1676 4577 erit.
1706 4523 1912 4578 Deinde
1947 4539 2098 4588 vero,
2140 4525 2186 4579 si
2253 4526 2410 4580 multi
2458 4526 2572 4581 sint
2611 4527 2725 4591 dii,
2759 4530 3037 4599 quomodo
3084 4531 3548 4607 incircumscripti
3589 4554 3767 4596 mane-

517 4611 820 4668 bunt?Ubi
871 4611 1019 4665 enim
1071 4613 1237 4667 fuerit
1290 4630 1456 4681 unus,
1509 4616 1584 4670 ibi
1634 4616 1772 4672 alter
1849 4633 1958 4671 non
2011 4619 2141 4673 crit.
2181 4620 2345 4688 Atqui
2395 4626 2846 4680 tamcn'neccsse
2888 4637 2973 4683 est
3027 4639 3085 4682 ut
3143 4629 3662 4705 incircumscriptus
3697 4630 3764 4690 sil

521 4709 688 4768 Deus,
741 4714 799 4802 et
836 4707 1017 4802 omnia
1053 4709 1278 4779 repleat.
1316 4708 1540 4779 {Igitur
1581 4711 1706 4766 hinc
1749 4713 1915 4767 etiam
1962 4715 2426 4770 considerandum
2463 4727 2568 4782 est,
2632 4723 2910 4788 quomodo
2973 4725 3207 4780 stolidus
3270 4728 3538 4796 Palamas,
3591 4747 3764 4802 neque

527 4814 738 4852 sacram
769 4800 1106 4868 St't‘iplttratn
1148 4804 1422 4857 ullatenus
1452 4802 1784 4875 intelligens,
1810 4807 2102 4863 mamil'estc
2142 4824 2358 4878 semper
2397 4815 2676 4867 censuerit
2713 4825 2768 4869 et
2803 4814 3260 4884 docuerit,unius
3287 4821 3381 4877 Dei
3407 4800 3760 4880 substantiam

526 4902 584 4948 et
620 4893 1003 4962 operationem
1036 4911 1064 4946 a
1100 4910 1157 4948 se
1189 4897 1424 4951 invicem
1471 4898 1719 4966 diil'erre,
1762 4917 1937 4970 neque
1979 4917 2142 4957 unam
2183 4902 2446 4958 duntaxat
2471 4906 2810 4963 divinitatem
2852 4910 3062 4966 admitti
3102 4928 3132 4967 a
3168 4930 3227 4970 se
3263 4915 3638 4979 declaraverit.
3674 4922 3761 4976 sed

536 4989 812 5054 inﬁnitas;
844 5007 948 5044 nec
977 4989 1218 5047 inﬁnitas
1255 4993 1563 5060 solum,scd
1591 5005 1648 5050 et
1673 4997 1971 5066 increatas;
2016 5016 2118 5055 nec
2157 5002 2536 5058 tantummodo
2563 5004 2960 5071 increatas,sed
2987 5012 3216 5082 majores
3243 5021 3299 5067 et
3323 5017 3583 5074 minores.
3603 4985 3761 5075 Porro

529 5085 625 5152 qui
660 5088 896 5157 majores
920 5099 970 5142 et
1002 5090 1242 5144 minores
1279 5091 1550 5184 increatas
1577 5092 1808 5147 deitates
1833 5094 2150 5163 introducit,
2177 5095 2222 5151 is
2255 5097 2498 5167 profecto
2526 5099 2869 5156 intervallum
2896 5105 3167 5174 quoddam
3191 5109 3335 5165 inter
3354 5128 3449 5168 eas
3475 5128 3756 5187 excoquat.

530 5184 643 5237 lluc
686 5196 871 5240 autem
911 5186 1256 5240 intervallum
1286 5187 1560 5242 inﬁnitum
1599 5205 1722 5244 esse
1760 5190 1972 5262 1073
2013 5210 2120 5246 non
2158 5195 2365 5263 patitur
2412 5194 2580 5263 ipsius
2620 5198 2805 5263 medii,
2848 5216 2942 5254 seu
2978 5201 3275 5271 intervalli,
3306 5209 3447 5264 ratio
3501 5184 3756 5270 for-malis.

527 5278 636 5333 l'iec
678 5283 825 5335 enim
867 5281 1155 5338 inﬁnitatis
1199 5293 1396 5339 natura
1435 5286 1707 5358 ejusmodi
1765 5299 1866 5354 est,
1900 5299 1959 5342 ut
2009 5291 2269 5360 gradibus
2318 5300 2432 5344 tum
2470 5295 2848 5362 superioribus
2899 5307 3013 5352 tum
3069 5301 3427 5363 inferioribus
3486 5326 3757 5368 mensore-

525 5385 636 5426 ιιιῐ.
671 5391 690 5423 ι

605 5467 665 5518 Χ.
711 5468 975 5533 Equidem
1028 5481 1273 5540 poteram
1341 5475 1443 5529 alia
1523 5479 1677 5547 plura
1735 5479 1835 5534 SS.
1869 5479 2088 5533 Patrum

527 5565 771 5629 prolerrc
802 5563 1137 5623 testimonia,
1171 5567 1372 5634 quibus
1400 5579 1699 5634 constaret,
1734 5588 1913 5641 neque
1959 5589 2086 5642 ope-

527 5653 1006 5724 t-ationcm,nequc
1042 5657 1204 5709 ullam
1229 5659 1566 5725 qualitatem,
1593 5680 1768 5731 neque
1797 5664 1945 5717 aliud
1974 5683 2090 5719 unt-

525 5745 658 5796 ninu
692 5744 995 5812 quidpiam,
1038 5746 1236 5800 divin-.e
1278 5751 1595 5804 substantia:
1648 5763 1980 5808 coxtcrnutn
2036 5767 2090 5811 ct

2277 5482 2333 5539 l',
2377 5479 2506 5548 Ἐμὲ
2537 5483 2591 5536 δὲ
2623 5486 2712 5537 καὶ
2753 5486 2972 5552 πλείους
3009 5497 3319 5567 μαρτυρίας
3351 5499 3541 5570 ἑτέρας
3573 5504 3756 5574 ἔχοντα

2202 5580 2386 5646 φέρειν
2409 5579 2601 5646 ἁγξων,
2627 5581 2754 5649 περί
2776 5598 2837 5648 γε
2858 5582 2949 5635 τοῦ
2971 5586 3106 5656 μήτε
3137 5591 3438 5660 ἐνέργειαν,
3474 5603 3610 5664 μήτε
3641 5600 3754 5649 τινὰ

2202 5674 2460 5740 πεκέτητα
2479 5675 2612 5742 μήτε
2632 5691 2682 5725 τι
2705 5675 2812 5728 τιῖνν
2826 5678 3038 5730 πάντων
3065 5679 3119 5745 ἐξ
3145 5683 3312 5736 ἀϊδίου
3336 5689 3564 5740 συνεῐειαι
3583 5689 3757 5758 διάγο-

2201 5777 2292 5828 pc»
2311 5761 2565 5815 6-5-4301:
2593 5766 2658 5834 τῇ
2683 5765 2798 5835 θείᾳ
2820 5768 2995 5840 (οὐσίᾳ,
3021 5771 3113 5824 καὶ
3132 5774 3244 5840 ἆμι
3263 5777 3371 5836 soi,
3390 5778 3467 5845 τῷ
3486 5778 3752 5848 Καξπσϋᾳ
