4070 6222
739 368 814 442 [Α.
856 387 885 426 c
952 369 1109 443 issi]

355 374 477 442 1381

1289 374 1726 438 BYZANTIN£
1768 374 2149 435 HISTORHS
2191 374 2331 436 LIB.
2371 376 2598 437 XXIII.

3453 373 3586 436 l38‘3

2684 373 2816 440 ξικιι,
2860 387 2897 424 ι.
2945 385 3234 430 (Ἀτιλία.
3279 372 3332 438 Si";

344 491 565 562 κλησέας
609 489 1040 561 εὐνομουμένης.
1091 490 1282 561 Ὅμως
1314 508 1374 544 τε
1424 492 1548 560 περὶ
1596 489 1906 560 βουλήσεως

2017 489 2208 557 ingenii
2253 491 2707 555 concinnitatem,
2748 507 2926 561 neque
2961 493 3232 546 tantillum
3267 493 3415 546 abest
3455 492 3587 561 quin

343 584 735 652 καὶδυνάμεως
769 580 867 634 καὶ
899 582 1048 652 ζωῆς
1090 582 1186 635 καὶ
1221 581 1411 651 σοφίας
1444 584 1539 638 καὶ
1587 581 1694 634 τῶν
1737 579 1913 632 τοιού-

341 696 445 731 των
478 675 566 732 ἐπ’
600 674 832 736 ἐκείνοις
867 673 967 743 μὲν
999 671 1329 742 παμπληθὲς
1359 670 1661 740 διεξῆλθονο
1696 670 1826 740 ὑμῖν
1867 655 1913 721 δ’

338 769 588 824 ἐνταυθοῖ
611 766 948 837 προτιθέναι,
985 764 1240 835 φορτικὸν
1274 763 1396 834 ἐμοί
1434 780 1497 830 γε
1530 762 1779 831 φαίνεται
1820 760 1913 813 κοιλ¹

337 859 446 914 οὐδ’
476 857 652 919 ἄλλως
682 856 1002 919 ἀναγκαῖον.
1031 852 1141 923 Τὴν
1187 854 1295 923 γὰρ
1332 856 1390 904 ὲν
1425 853 1637 914 τούτοις
1669 852 1915 920 ἀνάγκην

339 951 430 1004 καὶ
481 947 691 1018 καιρῶν
728 945 934 1001 δεῖσθαι
980 945 1255 1014 πολεμίων
1296 945 1536 1086 ἀνάγκὲ,
1582 946 1670 996 ὅτε
1711 943 1776 1014 δὴ
1812 960 1916 1012 μοι-

339 1042 499 1086 -ιίαου
575 1038 787 1086 (coci-mil
839 1037 1043 1086 κόνεως
1100 1032 1472 1086 ἀναόὀιπιζοιι
1505 1051 1600 1086 νη;
1648 1035 1706 1086 ἰν
1762 1034 1914 1086 uiam

337 1042 499 1110 χίμου
575 1038 787 1109 (φάναι)
839 1037 1043 1098 κόνεως
1100 1032 1600 1105 ἁναῤῥιπιζομξνης
1648 1035 1706 1086 ιν
1760 1034 1914 1103 μέσῳ

339 1128 486 1201 μάλα
522 1127 767 1197 σφοδρῶς
810 1125 1246 1194 ἀναφλεγόμενον
1283 1125 1346 1177 τὸ
1373 1124 1577 1194 θερμὸν
1599 1124 1698 1194 τῆς
1733 1122 1911 1193 ψυχῆς

336 1222 635 1275 ἀκάθεκτον
683 1220 796 1288 ἔχει
834 1219 933 1290 τὴν
967 1219 1180 1272 οἴκοθεν
1228 1217 1427 1288 ὁρμὴν.
1457 1218 1552 1270 ἐπὶ
1580 1217 1747 1286 ξυροῦ
1801 1217 1911 1270 τῶν

335 1312 605 1366 κινδύνων
657 1313 1086 1382 αἰωρουμένων
1127 1310 1229 1378 τῆς
1267 1309 1314 1363 δ’
1341 1308 1527 1380 ἀκμῆς
1554 1311 1767 1378 ἐκείνης
1807 1329 1908 1364 πα-

334 1404 655 1474 ρελθούσης,
673 1403 767 1457 καὶ
803 1402 897 1456 τοῦ
925 1401 1167 1473 μαχίμου
1199 1400 1450 1472 θώρακος
1478 1405 1572 1454 καὶ
1592 1401 1701 1455 τῶν
1729 1402 1910 1457 ὅπλων

332 1499 559 1551 ἐκείνων
589 1496 877 1568 ῥιφέντων,
929 1497 986 1558 ἐς
1036 1494 1344 1548 τούναντίον
1371 1495 1541 1564 χωρεῖ
1583 1495 1676 1549 καὶ
1704 1495 1773 1550 τὰ
1809 1495 1910 1561 τῆς

333 1591 595 1660 σπουδῆς,
634 1581 1040 1660 μαραινομένου
1083 1587 1176 1640 τοῦ
1227 1586 1656 1655 ὑπεκκαύματος
1685 1587 1778 1639 καὶ
1810 1589 1908 1655 τῆς

331 1683 591 1755 ἀφορμῆς
645 1683 741 1736 τοῦ
797 1683 1036 1752 πολέμου
1083 1678 1230 1734 κατά
1279 1680 1476 1750 μικρὸν
1529 1681 1800 1752 ἀπιούσης
1850 1682 1909 1746 ἐς

328 1776 526 1847 λήθην,
569 1775 707 1847 μετὰ
754 1792 818 1843 γε
871 1776 969 1846 τῆς
1029 1776 1135 1828 τῶν
1189 1777 1372 1831 ὅπλων
1426 1773 1770 1846 ἀπαλλαγῆς.
1816 1775 1909 1829 Διὸ

2017 582 2230 647 addam,
2262 599 2482 636 onmem
2539 584 2796 653 pietatem
2845 599 3008 654 atque
3037 585 3293 640 Ecclesia:
3326 585 3462 638 bene
3501 602 3592 638 0r-

2015 671 2213 726 dinatze
2256 690 2519 729 canones.
2570 676 2777 730 Tamen
2845 677 2916 730 de
2966 676 3266 742 voluntate,
3326 679 3592 746 putentia,

2013 762 2146 823 vita,
2193 764 2484 832 sapientia,
2530 774 2586 818 et
2635 765 2758 819 aliis
2807 764 3149 836 bujusmodi,
3187 775 3412 837 propter
3469 767 3594 821 illus

2016 854 2335 922 plenissime
2368 855 2633 910 disserui.
2665 857 2828 927 Qum;
2852 858 3010 913 vobis
3057 856 3147 912 bic
3174 873 3502 927 preponere,
3536 868 3597 913 nt

2014 958 2177 1024 grpve
2225 962 2288 1000 ac
2340 948 2632 1003 molestum
2679 948 2895 1003 videtur
2939 948 3095 1014 mibi,
3119 947 3193 1002 ita
3238 964 3340 1004 nec
3369 950 3595 1003 aliunde

2015 1041 2414 1095 necessarium.
2439 1041 2574 1096 Nam
2605 1058 2725 1112 qua:
2765 1043 2817 1096 in
2863 1043 2951 1098 bis
2993 1044 3238 1099 occurrit
3272 1044 3590 1104 neceSsitas,

2015 1131 2242 1187 hostiles
2271 1146 2327 1189 et
2361 1135 2585 1190 bellicas
2609 1137 2925 1192 occasiones
2970 1137 3283 1192 necessario
3315 1137 3588 1205 postulat;

2013 1241 2138 1289 cum
2173 1227 2386 1282 scilicet
2419 1227 2650 1283 bellicus
2681 1230 2860 1297 pulvis
2884 1231 2967 1299 (ut
2997 1229 3072 1284 ita
3095 1229 3297 1301 dicam)
3325 1232 3379 1284 in
3414 1231 3594 1283 medio

2013 1315 2191 1385 palam
2247 1318 2540 1381 excitatur,
2596 1329 2649 1372 et
2709 1316 3148 1374 ferventissimus
3185 1331 3351 1373 :estus
3398 1320 3595 1373 anima:

2014 1406 2343 1463 indomitum
2393 1410 2730 1466 intrinsecus
2798 1410 2965 1466 habet
3001 1415 3302 1480 impetum,
3332 1428 3399 1466 eo
3443 1413 3591 1481 quod

2015 1514 2106 1551 res
2137 1499 2208 1552 sit
2240 1500 2293 1553 in
2327 1515 2603 1554 summum
2636 1511 2801 1570 atque
2847 1502 3143 1556 imminens
3163 1502 3463 1556 discrimen
3494 1502 3595 1556 ad-

2011 1587 2195 1644 ducta.
2239 1589 2343 1645 Ubi
2376 1607 2507 1645 vero
2554 1591 2738 1645 acrior
2781 1590 2872 1646 ille
2905 1592 3281 1646 contentionis
3307 1604 3474 1647 aestus
3504 1593 3598 1647 de-

2009 1681 2236 1746 ferbuit,
2290 1693 2342 1736 et
2387 1683 2640 1739 militaris
2687 1684 2861 1738 lorica
2933 1684 3098 1739 simul
3132 1701 3257 1739 eum
3291 1687 3460 1739 annis
3491 1685 3598 1739 iliis

2010 1776 2251 1847 projecta
2277 1786 2383 1840 est,
2420 1785 2555 1831 tunc
2580 1777 2745 1832 etiam
2788 1777 3088 1833 vehemens
3113 1794 3307 1848 pugna-
3341 1779 3589 1833 studium

328 1873 424 1924 καὶ
482 1873 615 1942 ἡμῖν
662 1869 1134 1944 ἐῤῥᾳθυμημένως
1186 1887 1298 1930 πως
1329 1870 1431 1940 ῆδη
1472 1872 1538 1940 τῇ
1586 1872 1719 1941 πρὸς
1764 1869 1906 1939 ὑμᾶς

2017 1867 2066 1921 ln
2091 1870 2430 1924 contrarium
2475 1869 2690 1939 vergit,
2718 1884 2787 1924 eo
2831 1870 2982 1940 quod
3028 1871 3205 1941 ipsius
3257 1872 3591 1926 exstinctum

327 1968 585 2039 διηγήσει
624 1966 764 2035 μετά
796 1965 897 2036 τὴν
923 1963 1093 2036 ζάλην
1121 1963 1338 2033 ἐκείνην
1369 1963 1669 2035 χρωμένοις
1705 1966 1905 2017 ἐνεῖναι

327 2062 662 2133 συγγνώμην
692 2059 850 2114 οὐδὲν
902 2059 1152 2123 ἀπεικός·
1195 2059 1396 2124 ἒξείναι
1451 2061 1582 2127 γὰρ,
1639 2060 1749 2111 κάκ
1797 2057 1905 2108 τῶν

325 2157 662 2228 εἰρημένων,
688 2154 926 2208 συνεῖναι
965 2153 1109 2223 ὑμᾶς
1141 2149 1242 2222 τὴν
1267 2149 1377 2204 τῶν
1409 2149 1589 2219 σοφῶν
1626 2149 1907 2219 ἑκατέρων

326 2247 678 2318 συμφωνίαν,
717 2245 827 2299 τῶν
859 2263 919 2300 τε
952 2243 1236 2315 ἡμετέρων
1293 2244 1495 2314 δηλαδὴ
1541 2241 1775 2297 καὶτῶν
1813 2241 1908 2296 ού·

328 2341 519 2411 ραθεν,
559 2341 711 2402 ὅπως
764 2339 940 2393 ταυτὰ
992 2337 1087 2390 καὶ
1151 2335 1414 2408 φρονοῦσι
1445 2335 1541 2388 καὶ
1573 2335 1905 2405 φθέγγονται

327 2435 456 2504 περὶ
514 2431 618 2501 τῆς
671 2429 824 2493 θείας
873 2428 1202 2500 ἁπλότητος,
1239 2421 1380 2481 εἶναι
1419 2426 1775 2496 παγχάλεπον
1811 2426 1906 2480 καὶ

329 2522 542 2593 σφόδρα
575 2520 684 2574 τῶν
711 2519 1026 2584 ἀδυνάτων,
1073 2516 1322 2572 σύνθεσιν
1379 2517 1582 2570 ἐννοεῖν
1633 2515 1667 2586 ἢ
1714 2516 1904 2583 διαφο·

329 2619 453 2688 ράν,
491 2611 636 2685 πλὴν
667 2611 950 2683 ὀνοματων
991 2610 1150 2682 μόνον
1178 2648 1195 2673 ,
1224 2608 1414 2673 οὐσίας
1461 2623 1520 2661 τε
1563 2608 1657 2663 καὶ
1710 2605 1907 2678 βουλή-

325 2726 464 2770 στως
497 2709 596 2762 καὶ
629 2706 909 2775 δυνάμεως
939 2703 1036 2758 καὶ
1068 2702 1212 2773 ζωῆς
1234 2703 1331 2757 καὶ
1351 2700 1564 2772 σοφίας,
1595 2703 1691 2755 καὶ
1718 2700 1904 2764 ἁπλῶς

326 2800 616 2867 ἐνεργείας
663 2797 902 2867 ἀπάσης.
939 2796 1154 2864 ’Ὠσπερ
1196 2796 1306 2866 γὰρ
1353 2795 1553 2864 ιπίσης
1603 2793 1818 2848 δίδωσιν
1875 2793 1904 2845 ὁ

322 2894 460 2957 Θεὸς
484 2889 738 2946 εὐσεϐέσι
764 2890 857 2942 καὶ
882 2887 1157 2953 ἀσεϐέσιν,
1190 2886 1422 2954 Ἕλλησί
1467 2903 1527 2939 τε
1569 2887 1662 2941 καὶ
1693 2887 1905 2957 βαρϐά-

325 3005 480 3058 ροις,
516 2985 616 3038 καὶ
648 2981 959 3053 συλλήϐδην
992 2983 1162 3035 πᾶσιν
1202 2979 1414 3033 ἔθνεσιν
1443 2981 1640 3048 εἰπεῖν,
1676 2981 1905 3050 οὐρανὸν

326 3081 421 3133 καὶ
452 3079 588 3146 γῆν,
618 3077 758 3147 ἀέρα
803 3093 865 3129 τε
908 3074 1002 3128 καὶ
1032 3074 1207 3140 ὑετὸν,
1238 3074 1389 3145 ἥλιόν
1423 3089 1483 3126 τε
1513 3074 1605 3128 καὶ
1645 3073 1898 3147 σελήνην,

325 3173 423 3225 καὶ
472 3171 788 3238 τάναγκαῖα
831 3168 1035 3222 πανταο
1070 3166 1214 3221 οὕτω
1268 3167 1363 3221 καὶ
1401 3169 1528 3231 τοὺς
1579 3165 1689 3221 τῶν
1733 3170 1904 3237 ἀναγ-

324 3264 503 3316 καίων
560 3260 768 3331 τεχνῶν
829 3259 1061 3322 κανόνας
1107 3257 1308 3326 ἐπίσης
1365 3257 1663 3328 παρέχεται
1718 3259 1910 3324 πᾶσιν,

319 3355 627 3425 ὁμοφύλοις
661 3355 755 3408 καὶ
783 3351 1123 3421 ἀλλοφύλοις.
1161 3350 1244 3412 Dii
1274 3348 1381 3420 γὰρ
1431 3350 1566 3420 ἄλλη
1620 3351 1718 3421 μὲν
1759 3353 1794 3421 ὴ
1827 3367 1915 3405 τε·

320 3446 560 3519 κτονικὴ
604 3445 740 3516 παρ’
788 3444 1019 3515 Ἕλλησι
1075 3443 1328 3515 στάθμη,
1383 3443 1534 3512 παρά
1593 3444 1828 3507 Σκύθαις
1865 3445 1912 3499 δ’

321 3541 462 3612 ἄλλη
487 3556 504 3574 ο
543 3540 640 3594 καὶ
664 3537 870 3610 Μήδοις
901 3539 996 3591 καὶ
1024 3537 1263 3606 Πέρσαις
1292 3537 1515 3606 ὁμοίως.
1544 3537 1621 3590 Οὐ
1659 3536 1765 3608 μὴν
1791 3535 1913 3590 οὐδὲ

233 3695 247 3709 ,
320 3637 419 3689 τοῦ
453 3635 731 3705 γεωργοῖν
787 3631 884 3685 καὶ
927 3630 1274 3699 κυνηγετεῖν,
1327 3629 1419 3683 καὶ
1472 3629 1582 3684 τῶν
1633 3630 1914 3693 τοιούτων.

320 3727 588 3799 διαφορά.
625 3724 787 3780 Ἀλλά
825 3724 925 3794 τῆς
972 3722 1267 3794 θρησκείας
1299 3722 1681 3794 διαφερούσης,
1719 3723 1790 3778 τὰ
1818 3723 1916 3794 τῆς

319 3825 533 3894 τέχνης
581 3819 692 3890 ἔχει
735 3820 1054 3888 συνάφειαν.
1096 3818 1253 3872 Οὕτω
1282 3817 1340 3871 δὲ
1387 3819 1525 3874 κάπὶ
1569 3816 1673 3887 τῆς
1697 3817 1914 3888 λεξικῆς

322 3917 646 3984 ἐπιστήμης
667 3913 816 3964 ἔστιν
833 3910 1149 3982 ὁρᾷν.”οσοι
1175 3909 1277 3980 μὲν
1305 3911 1414 3979 γὰρ
1435 3911 1500 3980 τῇ
1520 3909 1656 3979 αὐτῇ
1687 3908 1918 3980 κέχρην-

320 4028 418 4065 ται
461 4005 764 4074 διαλέκτῳ,
784 4007 848 4074 τῇ
877 4003 984 4056 τῶν
1015 4002 1249 4073 πρώτων
1289 4003 1766 4072 εὐδοκιμησάντων
1789 4007 1920 4072 ομο-

320 4107 505 4176 γενῶν
545 4102 824 4173 ἐπιστήμῃ
850 4099 933 4174 [Ρ.
971 4097 1101 4170 690]
1135 4100 1230 4153 καὶ
1263 4097 1425 4170 τέχνῃ
1457 4096 1680 4160 τούτους
1717 4097 1920 4167 κεχρῆ-

324 4201 458 4256 σθαι
497 4195 708 4270 χρεὼν,
743 4195 996 4256 Φοίνικας
1030 4192 1179 4261 λέγω
1202 4191 1303 4245 καὶ
1333 4191 1553 4260 Πέρσας
1584 4191 1682 4242 καὶ
1717 4188 1918 4240 ’Δσσυ-

325 4297 512 4368 ρίους.
546 4291 658 4346 Καὶ
689 4290 781 4344 ἵνα
812 4287 938 4352 τούς
956 4285 1155 4350 ἄλλους
1190 4282 1577 4355 παρέλθωμεν,
1605 4281 1700 4336 καὶ
1731 4281 1922 4336 ὁπόσοι

320 4387 391 4455 τῇ
435 4381 659 4438 Ἐλλάδι
690 4379 993 4450 κέχρηνται
1033 4374 1280 4448 γλώσσῃ,
1326 4373 1542 4444 ἀνάγκη
1585 4375 1680 4428 καὶ
1709 4371 1924 4437 τούτοις

320 4480 393 4549 τῇ
458 4475 579 4528 τῶν
631 4471 895 4542 ἀρχηγῶν
951 4470 1057 4539 τῆς
1104 4466 1377 4539 εὑρέσεως
1419 4465 1657 4538 χρῆσθαι
1712 4464 1923 4536 μεθόδῳ

2011 1961 2092 2017 sit
2121 1962 2544 2029 suseitabulum,
2564 1973 2621 2018 et
2653 1963 2890 2020 bellicus
2930 1965 3168 2033 impetus
3199 1967 3384 2020 statim
3425 1975 3593 2034 atque

2013 2069 2164 2109 arma
2201 2057 2444 2126 projecta
2474 2065 2623 2122 sunt,
2646 2056 2906 2124 paulatim
2937 2059 2992 2112 in
3015 2059 3349 2113 oblivionem
3374 2061 3514 2114 abici
3531 2062 3595 2116 it.

2013 2149 2200 2219 Itaque
2234 2163 2342 2203 non
2377 2149 2658 2205 immerito
2690 2149 2894 2206 dabitis
2931 2149 3075 2207 bane
3116 2153 3357 2218 veniam,
3382 2154 3428 2207 si
3454 2153 3597 2208 forte

2011 2249 2135 2310 post
2159 2240 2309 2295 illam
2335 2248 2714 2310 tempestatem
2746 2253 3031 2313 utcunque
3063 2244 3369 2298 remissiori
3401 2247 3590 2298 animo

2013 2331 2068 2385 in
2095 2332 2210 2389 hzec
2241 2333 2401 2388 vobis
2437 2333 2745 2388 enarranda
2803 2333 3143 2391 incumbam.
3174 2336 3423 2406 Namque
3450 2353 3588 2391 nna-

2010 2422 2216 2478 nimem
2234 2423 2562 2494 sapientium
2583 2437 2698 2480 tum
2715 2425 3154 2484 Christianorum
3172 2438 3284 2483 tum
3301 2430 3590 2499 gentilium

2010 2516 2340 2572 sententiam
2369 2517 2454 2573 vel
2481 2518 2648 2573 etiam
2673 2533 2744 2574 ex
2765 2519 2930 2575 dictis
2964 2521 3223 2591 poteritis
3247 2522 3551 2592 intelligere
3578 2541 3593 2582 ;

2009 2627 2117 2682 qua
2146 2626 2344 2682 nempe
2366 2614 2585 2667 ratione
2615 2613 2684 2669 de
2702 2614 2887 2669 divina
2917 2615 3267 2684 simplicitate
3289 2615 3480 2671 eadem
3503 2630 3594 2672 sa-

2011 2704 2165 2773 piant
2183 2713 2240 2758 et
2262 2705 2640 2774 pronuntient,
2657 2720 2780 2760 esse
2798 2720 3063 2776 perquam
3087 2705 3328 2772 diﬂicile,
3345 2705 3458 2760 imo
3479 2725 3596 2763 ma-

2011 2797 2153 2852 xime
2172 2797 2601 2866 impossibile,ut
2615 2799 2740 2867 quis
2755 2798 3210 2868 compositionem
3229 2812 3321 2856 aut
3342 2802 3597 2857 ditl‘eren-

2011 2889 2164 2954 tiam,
2193 2899 2557 2960 prasterquam
2591 2891 2873 2944 nominum
2896 2890 3188 2956 duntaxat,
3209 2893 3352 2947 inter
3382 2895 3597 2966 1099

2011 2983 2405 3047 substantiam,
2433 2992 2490 3039 et
2521 2985 2886 3049 voluntatem,
2919 2988 3244 3053 potentiam,
3288 2986 3474 3052 vitam,
3504 3005 3595 3044 sa-

2011 3073 2274 3144 pientiam
2319 3083 2407 3139 et,
2477 3083 2535 3129 ut
2568 3079 2880 3130 summatim
2911 3077 3110 3140 dicam,
3145 3094 3363 3132 omnem
3396 3096 3597 3148 opera-

2017 3166 2243 3229 tionem,
2277 3168 2567 3238 excogitet.
2615 3167 3088 3234 Quemadmodum
3122 3171 3266 3224 enim
3304 3174 3410 3241 piis
3441 3190 3594 3242 atque

2014 3275 2082 3313 ac
2131 3260 2338 3328 impiis,
2374 3257 2584 3314 Gra'eis
2630 3270 2684 3314 et
2748 3259 3022 3324 Barbaris,
3069 3269 3125 3313 et
3160 3267 3243 3330 (ut
3283 3279 3393 3315 uno
3425 3266 3596 3318 verbo

2012 3353 2355 3423 complectar
2382 3351 2588 3421 omnia)
2620 3353 2875 3422 gentibus
2909 3354 3185 3416 omnibus.
3230 3356 3456 3421 malum,
3489 3368 3599 3411 ter-

2015 3459 2154 3510 ram,
2184 3458 2335 3506 aera,
2393 3445 2651 3509 imbrem,
2698 3445 2892 3508 solem,
2943 3446 3154 3512 lunam,
3201 3456 3256 3502 et
3290 3449 3470 3502 omnia
3504 3467 3598 3502 ne-

2014 3536 2277 3600 cessat-ia,
2309 3535 2454 3589 Dens
2505 3535 2697 3589 tribuit
2723 3552 2738 3602 ;
2782 3539 2862 3591 sic
2886 3548 2941 3590 et
2972 3540 3405 3594 necessariarum
3438 3558 3597 3613 rngu-

2015 3628 2097 3686 las
2123 3629 2325 3683 artium
2356 3628 2630 3700 indigenis
2657 3637 2714 3684 et
2741 3630 3065 3701 alienigenis
3100 3633 3383 3699 :equaliter
3416 3636 3594 3688 ninni-

2017 3726 2122 3782 bus
2147 3725 2389 3781 exhibet.
2419 3723 2557 3780 Nam
2615 3740 2794 3796 neque
2849 3725 3060 3780 fabrilis
3111 3741 3301 3779 norma
3331 3738 3387 3780 et
3416 3728 3597 3782 libella

2016 3817 2123 3873 alia
2151 3828 2235 3873 est
2259 3817 2403 3889 apud
2432 3815 2674 3882 Graecos,
2698 3826 2755 3871 et
2807 3817 2914 3871 alia
2948 3817 3090 3887 apud
3117 3818 3384 3888 Scythas;
3419 3837 3599 3888 neque

2018 3911 2163 3981 apud
2194 3909 2380 3965 Medos
2429 3909 2558 3971 alia.
2585 3919 2642 3966 et
2665 3910 2772 3964 alia
2806 3909 2937 3965 item
2971 3908 3114 3979 apud
3157 3911 3386 3976 Persas;
3421 3928 3598 3980 neque

2019 4003 2369 4075 agricultura:
2402 4013 2497 4057 aut
2529 4002 2857 4062 venationis.
2885 4016 2941 4057 et
2991 4003 3224 4056 aliorum
3260 4003 3599 4073 lmjusmodi.

2022 4098 2132 4153 ulla
2165 4106 2251 4152 est
2273 4097 2416 4168 apud
2467 4098 2569 4153 hos
2594 4111 2786 4152 omnes
2817 4097 3127 4152 differentia
3164 4115 3179 4151 :
3215 4099 3308 4152 sed
3347 4115 3472 4151 eum
3514 4100 3601 4152 di-

2021 4205 2177 4245 versa
2214 4191 2454 4246 sentiant
2497 4190 2566 4244 de
2594 4189 2878 4259 religione,
2912 4188 2968 4244 in
3001 4190 3211 4244 artibus
3239 4193 3597 4245 conveniunt.

2023 4283 2172 4339 Idem
2197 4282 2387 4337 videas
2433 4281 2490 4336 in
2540 4295 2605 4337 ea
2628 4280 2880 4345 scientia,
2911 4297 3034 4352 qua:
3068 4282 3215 4336 circa
3245 4284 3508 4338 voeabula
3543 4295 3601 4338 et

2023 4371 2296 4426 dictiones
2359 4381 2632 4425 versatur.
2692 4369 2758 4423 Et
2809 4387 2940 4426 vero
3004 4372 3320 4442 quicunque
3365 4373 3604 4428 dialecto

2024 4465 2218 4520 eadem
2277 4471 2526 4528 utuntur,
2583 4463 2621 4517 ii
2649 4463 2950 4532 primorum
2981 4478 3012 4518 e
3043 4479 3141 4518 sna
3177 4474 3339 4535 gente
3383 4478 3439 4520 et
3469 4483 3605 4534 pra:-

324 4569 428 4624 καὶ
464 4568 659 4638 τέχνῃ,
692 4563 948 4633 καθάπερ
1003 4559 1220 4631 στάθμῃ
1265 4557 1397 4623 τινὶ,
1456 4559 1505 4610 εί
1557 4555 1633 4628 μὴ
1680 4555 1913 4627 βούλοιτί

2027 4556 2293 4611 stantium
2317 4556 2597 4612 vernaculi
2635 4554 2918 4611 sermonis
2966 4567 3258 4613 auctorum
3291 4559 3521 4612 scientia
3548 4569 3608 4612 et

322 4679 412 4724 τις
470 4661 650 4714 πλείω
693 4653 1017 4720 σολοικίζειν
1076 4654 1109 4725 ἢ
1167 4651 1526 4722 φθέγγεσθαι.
1585 4650 1652 4704 ⁸0
1701 4649 1767 4720 δὴ
1821 4652 1920 4704 καὶ

335 4753 631 4823 Ἰουλιανῷ
678 4751 760 4823 τῷ
803 4751 1058 4806 δυσσεϐεῖ
1086 4749 1294 4818 ληφθὲν
1352 4748 1446 4800 ἐπὶ
1499 4745 1626 4800 νοῦν
1669 4745 1918 4816 ἐμποδὼν

320 4854 445 4914 τοῖς
509 4847 801 4903 εὐσεϐοῦσι
840 4849 1035 4918 στῆναι
1095 4845 1382 4905 πέπεικεν,
1419 4841 1748 4911 Ἑλληνικοῖς
1784 4841 1919 4910 pne-

328 4945 603 5010 μίξεσθαι
647 4941 828 5009 λόγοις
863 4940 963 5011 τῆν
998 4937 1273 5007 γλῶτταν.
1325 4937 1506 4990 Μόνον
1537 4936 1641 5006 τῆς
1687 4935 1920 5004 ἐκλογῆς

327 5037 511 5106 ὑγιῶς
566 5034 856 5088 ἀνθεκτέον
885 5028 1124 5094 ὶκεῖθεν,
1160 5028 1257 5083 καὶ
1288 5028 1430 5082 κατὰ
1465 5028 1568 5100 τὴν
1597 5027 1814 5098 ἐμμελῆ
1854 5045 1914 5079 τε

325 5135 424 5185 καὶ
459 5128 786 5199 ἐναρμόνιον
846 5125 956 5178 τῶν
1015 5122 1191 5192 ἁγίων
1231 5121 1395 5192 ἡμῶν
1455 5122 1798 5193 συμφωνίαν.
1840 5119 1920 5173 Ἦ

325 5226 444 5292 γὰρ
480 5220 589 5273 οὐκ
619 5222 686 5274 ἂν
713 5217 908 5288 φθάνοι
937 5217 1223 5287 ταράττων
1243 5216 1311 5267 τὰ
1329 5217 1535 5286 πάτρια
1565 5214 1664 5283 τῆς
1686 5214 1920 5282 Ἐκκλη-

329 5317 460 5376 eia;
520 5312 645 5381 ἱερά
687 5307 1066 5378 sontum-6i?
1099 5309 1350 5378 ἀμαθίαν
1381 5306 1414 5377 ῆ
1454 5306 1764 5376 μοχθηρίαν
1795 5306 1921 5359 ἀτό-

329 5424 441 5460 που
485 5406 721 5475 γνώμης
775 5405 871 5456 καὶ
917 5403 1313 5472 προαιρέσεως,
1345 5401 1530 5464 κακῶς
1562 5399 1920 5469 ἐκλαμϐάνων

332 5501 432 5552 καὶ
490 5497 841 5565 διαστρέφων,
895 5495 988 5547 τὸν
1023 5494 1348 5564 ἐγκείμενον
1381 5495 1503 5558 ταῖς
1543 5493 1725 5558 λέξεσι
1769 5492 1919 5557 νοῦν,

322 5590 548 5660 ὁμοίως
604 5589 681 5658 τῷ
735 5588 814 5658 σῷ
876 5588 1110 5657 Halaqu
1169 5587 1264 5640 καὶ
1311 5587 1462 5656 ὑμῖν,
1503 5587 1697 5655 ἐκείνῳ
1744 5584 1921 5638 ταυτά

316 5683 741 5753 φθεγγομένοις
780 5681 981 5750 ἀρτίως
1010 5680 1078 5732 τά
1113 5695 1171 5732 τε
1214 5679 1352 5733 ἄλλα
1394 5678 1486 5730 καὶ
1529 5678 1682 5746 τρεῖς
1722 5676 1915 5745 ὁμολο-

316 5777 488 5846 γοῦσι
530 5775 736 5840 φύσεις
783 5775 876 5826 ἐπὶ
932 5773 1027 5825 τοῦ
1085 5772 1341 5841 Σωτῆρος
1395 5769 1916 5841 μεταμορφώσεως,

335 5873 477 5943 μὶῖιν
514 5868 622 5938 μὲν
649 5870 747 5938 τῆς
780 5865 1222 5937 ἀνθρωπότητος,
1255 5864 1348 5918 δύο
1387 5863 1442 5916 δὲ
1470 5864 1592 5916 ταῖν
1625 5862 1769 5916 δυεῖν
1800 5860 1920 5915 Oso-

2028 4658 2145 4704 arte
2182 4657 2410 4705 utantur
2460 4659 2697 4721 oportet.
2733 4650 3021 4706 Pbamices
3072 4651 3335 4723 intelligo.
3393 4652 3609 4715 Persas,

2025 4743 2300 4814 Assyrios.
2347 4742 2450 4805 Et,
2506 4752 2566 4797 ut
2622 4751 2852 4798 caeteros
2919 4744 3204 4808 omittam,
3257 4754 3405 4798 certe
3460 4746 3606 4812 apud

2028 4855 2388 4910 quoscunque
2429 4839 2632 4895 Greca:
2685 4841 2885 4910 lingua:
2917 4857 3049 4896 usus
3079 4849 3186 4906 est,
3219 4840 3256 4895 ii
3288 4843 3606 4895 metliudum

2025 4945 2081 4990 et
2111 4943 2506 4989 artem‘eorum
2535 4933 2628 5004 qui
2670 4935 2876 5004 reperti
2907 4933 3189 4989 Graecismi
3222 4937 3393 4990 duces
3426 4944 3481 4989 et
3503 4952 3603 4989 an-

2026 5036 2206 5081 ctores
2258 5025 2521 5092 fuerunt,
2584 5026 2897 5082 necessario
2957 5026 3111 5096 sequi
3166 5027 3402 5089 debent,
3455 5029 3608 5081 velut

2033 5118 2295 5172 amussim
2329 5118 2653 5187 quamdam;
2687 5119 2792 5173 nisi
2837 5117 3022 5187 plures
3049 5119 3102 5172 in
3135 5119 3410 5188 loquendo
3437 5120 3604 5173 solue.

2029 5211 2234 5265 cismos
2265 5225 2428 5279 quam
2464 5224 2630 5263 voces
2675 5209 2922 5279 proferre
2956 5211 3256 5264 voluerint.
3287 5212 3443 5273 Quod
3477 5226 3602 5264 eum

2025 5302 2246 5359 Juliano
2305 5303 2474 5373 impio
2527 5312 2790 5372 apostata:
2847 5301 2902 5356 in
2934 5313 3170 5357 mentem
3204 5304 3461 5364 venisset.
3500 5303 3602 5371 ipsi

2027 5398 2199 5452 suasit
2250 5405 2309 5451 ut
2366 5396 2472 5465 piis
2521 5395 2854 5451 Christianis
2911 5395 3220 5450 ercarum
3296 5397 3598 5450 litterarum

2028 5490 2228 5552 studia,
2257 5489 2460 5558 quibus
2486 5488 2726 5556 linguam
2759 5485 2836 5540 illi
2867 5502 3020 5541 suam
3052 5495 3401 5547 exornarem,
3436 5488 3605 5538 inter-

2027 5587 2255 5640 diceret.
2285 5585 2338 5638 ld
2376 5599 2546 5638 unum
2569 5583 2658 5637 hic
2689 5583 2866 5636 notari
2887 5582 3070 5645 velim,
3107 5590 3166 5634 ut
3200 5595 3392 5648 nempe
3417 5580 3602 5649 profa~

2028 5693 2222 5732 narum
2269 5677 2572 5732 litterarum
2614 5675 2860 5730 delet-tus
2908 5682 3056 5728 recte
3117 5673 3404 5737 habeatur,
3446 5675 3607 5743 juxta

2025 5777 2417 5837 congruentem
2446 5776 2500 5822 et
2532 5767 2834 5838 piissimam
2866 5774 3178 5820 sanctorum
3218 5765 3436 5820 Patrum
3467 5784 3603 5820 con-

2026 5860 2266 5916 cordiam
2303 5860 2544 5932 :alioqui
2592 5861 2814 5932 jamjam
2869 5859 3244 5930 unusquisque
3293 5859 3515 5927 antiqua
3549 5873 3607 5918 et
