  <div class='ocr_page' id='page_1' title='image "/cluster/home/n/w/nwhite01/storage/ocr_20150623/148/mdp.39015078384768/727.png"; bbox 0 0 4070 6222; ppageno 0'>
   <div class='ocr_carea' id='block_1_1' title="bbox 510 314 1398 387">
    <p class='ocr_par' dir='ltr' id='par_1_1' title="bbox 510 314 1398 387">
     <span class='ocr_line' id='line_1_1' title="bbox 510 314 1398 387; baseline -0.002 -16"><span class='ocrx_word' id='word_1_1' title='bbox 510 319 645 382; x_wconf 65' lang='grc' dir='ltr'>ιιιε)</span> <span class='ocrx_word' id='word_1_2' title='bbox 787 315 862 387; x_wconf 73' lang='grc' dir='ltr'>[ιι.</span> <span class='ocrx_word' id='word_1_3' title='bbox 904 332 956 369; x_wconf 79' lang='grc' dir='ltr'>ιιι.</span> <span class='ocrx_word' id='word_1_4' title='bbox 995 314 1155 387; x_wconf 71' lang='lat'><strong>6859,</strong></span> <span class='ocrx_word' id='word_1_5' title='bbox 1192 331 1296 368; x_wconf 74' lang='lat' dir='ltr'><strong>IND.</strong></span> <span class='ocrx_word' id='word_1_6' title='bbox 1344 316 1398 385; x_wconf 70' lang='grc'><strong>41</strong></span> 
     </span>
    </p>
   </div>
   <div class='ocr_carea' id='block_1_2' title="bbox 1649 321 2484 397">
    <p class='ocr_par' dir='ltr' id='par_1_2' title="bbox 1649 321 2484 397">
     <span class='ocr_line' id='line_1_2' title="bbox 1649 321 2484 397; baseline 0.004 -19"><span class='ocrx_word' id='word_1_7' title='bbox 1649 321 2062 397; x_wconf 63' lang='lat' dir='ltr'><strong>mansuem</strong></span> <span class='ocrx_word' id='word_1_8' title='bbox 2102 321 2484 383; x_wconf 68' lang='lat' dir='ltr'><strong>esseom</strong></span> 
     </span>
    </p>
   </div>
   <div class='ocr_carea' id='block_1_3' title="bbox 2770 317 3417 389">
    <p class='ocr_par' dir='ltr' id='par_1_3' title="bbox 2770 317 3417 389">
     <span class='ocr_line' id='line_1_3' title="bbox 2770 317 3417 389; baseline 0.002 -18"><span class='ocrx_word' id='word_1_9' title='bbox 2770 317 2903 389; x_wconf 65' lang='grc' dir='ltr'>[ιιιιν.</span> <span class='ocrx_word' id='word_1_10' title='bbox 2945 334 2988 373; x_wconf 73' lang='grc' dir='ltr'>ι.</span> <span class='ocrx_word' id='word_1_11' title='bbox 3026 333 3311 373; x_wconf 62' lang='grc' dir='ltr'>ωιτηουτ.</span> <span class='ocrx_word' id='word_1_12' title='bbox 3357 317 3417 388; x_wconf 79' lang='lat'><strong>5|</strong></span> 
     </span>
    </p>
   </div>
   <div class='ocr_carea' id='block_1_4' title="bbox 3598 322 3742 385">
    <p class='ocr_par' dir='ltr' id='par_1_4' title="bbox 3598 322 3742 385">
     <span class='ocr_line' id='line_1_4' title="bbox 3598 322 3742 385; baseline -0.028 0"><span class='ocrx_word' id='word_1_13' title='bbox 3598 322 3742 385; x_wconf 68' lang='grc'><strong>1420</strong></span> 
     </span>
    </p>
   </div>
   <div class='ocr_carea' id='block_1_5' title="bbox 508 430 2084 500">
    <p class='ocr_par' dir='ltr' id='par_1_5' title="bbox 508 430 2073 500">
     <span class='ocr_line' id='line_1_5' title="bbox 508 430 2073 500; baseline -0.003 -13"><span class='ocrx_word' id='word_1_14' title='bbox 508 434 739 487; x_wconf 88' lang='lat' dir='ltr'><strong>increati</strong></span> <span class='ocrx_word' id='word_1_15' title='bbox 788 440 1155 499; x_wconf 75' lang='lat' dir='ltr'><strong>permanent,</strong></span> <span class='ocrx_word' id='word_1_16' title='bbox 1206 431 1465 499; x_wconf 86' lang='lat' dir='ltr'><strong>quoniam</strong></span> <span class='ocrx_word' id='word_1_17' title='bbox 1514 445 1610 484; x_wconf 86' lang='lat' dir='ltr'><strong>eos</strong></span> <span class='ocrx_word' id='word_1_18' title='bbox 1660 431 1777 500; x_wconf 89' lang='lat' dir='ltr'><strong>ipse</strong></span> <span class='ocrx_word' id='word_1_19' title='bbox 1834 430 2073 500; x_wconf 73' lang='lat' dir='ltr'><strong>Spiritus</strong></span> 
     </span>
    </p>
   </div>
   <div class='ocr_carea' id='block_1_6' title="bbox 2190 430 3744 500">
    <p class='ocr_par' dir='ltr' id='par_1_6' title="bbox 2190 430 3744 499">
     <span class='ocr_line' id='line_1_6' title="bbox 2190 430 3744 499; baseline -0.001 -16"><span class='ocrx_word' id='word_1_20' title='bbox 2190 432 2351 498; x_wconf 67' lang='grc' dir='ltr'><strong>τείας.</strong></span> <span class='ocrx_word' id='word_1_21' title='bbox 2384 451 2402 482; x_wconf 77' lang='grc' dir='ltr'><strong>ι</strong></span> <span class='ocrx_word' id='word_1_22' title='bbox 2449 431 2705 483; x_wconf 80' lang='grc' dir='ltr'><strong>Ἀκούετε</strong></span> <span class='ocrx_word' id='word_1_23' title='bbox 2739 430 3014 499; x_wconf 85' lang='grc' dir='ltr'><strong>γραῖδίων</strong></span> <span class='ocrx_word' id='word_1_24' title='bbox 3052 430 3370 497; x_wconf 69' lang='grc' dir='ltr'>φληνάφων,</span> <span class='ocrx_word' id='word_1_25' title='bbox 3421 432 3744 499; x_wconf 46' lang='grc' dir='ltr'>αὐτόχρημα</span> 
     </span>
    </p>
   </div>
   <div class='ocr_carea' id='block_1_7' title="bbox 506 522 2072 592">
    <p class='ocr_par' dir='ltr' id='par_1_7' title="bbox 506 522 2072 592">
     <span class='ocr_line' id='line_1_7' title="bbox 506 522 2072 592; baseline -0.002 -16"><span class='ocrx_word' id='word_1_26' title='bbox 506 534 750 585; x_wconf 88' lang='lat' dir='ltr'><strong>sanctus,</strong></span> <span class='ocrx_word' id='word_1_27' title='bbox 798 530 858 576; x_wconf 89' lang='lat' dir='ltr'><strong>ut</strong></span> <span class='ocrx_word' id='word_1_28' title='bbox 907 523 1121 576; x_wconf 89' lang='lat' dir='ltr'><strong>innatas</strong></span> <span class='ocrx_word' id='word_1_29' title='bbox 1158 531 1213 576; x_wconf 91' lang='lat' dir='ltr'><strong>et</strong></span> <span class='ocrx_word' id='word_1_30' title='bbox 1265 522 1457 575; x_wconf 86' lang='lat' dir='ltr'><strong>insitas</strong></span> <span class='ocrx_word' id='word_1_31' title='bbox 1509 526 1894 592; x_wconf 88' lang='lat' dir='ltr'><strong>operationes,</strong></span> <span class='ocrx_word' id='word_1_32' title='bbox 1942 522 2072 576; x_wconf 74' lang='lat' dir='ltr'><strong>facit</strong></span> 
     </span>
    </p>
   </div>
   <div class='ocr_carea' id='block_1_8' title="bbox 505 612 2072 684">
    <p class='ocr_par' dir='ltr' id='par_1_8' title="bbox 505 612 2072 684">
     <span class='ocr_line' id='line_1_8' title="bbox 505 612 2072 684; baseline 0 -18"><span class='ocrx_word' id='word_1_33' title='bbox 505 624 671 683; x_wconf 78' lang='lat' dir='ltr'><strong>atque</strong></span> <span class='ocrx_word' id='word_1_34' title='bbox 722 624 1003 682; x_wconf 82' lang='lat' dir='ltr'><strong>operatur.</strong></span> <span class='ocrx_word' id='word_1_35' title='bbox 1048 631 1067 664; x_wconf 71' lang='grc' dir='ltr'><strong>ι</strong></span> <span class='ocrx_word' id='word_1_36' title='bbox 1110 613 1349 677; x_wconf 77' lang='lat' dir='ltr'><strong>Auditis,</strong></span> <span class='ocrx_word' id='word_1_37' title='bbox 1400 623 1459 666; x_wconf 91' lang='lat' dir='ltr'><strong>ut</strong></span> <span class='ocrx_word' id='word_1_38' title='bbox 1506 614 1680 667; x_wconf 78' lang='lat' dir='ltr'><strong>dicam</strong></span> <span class='ocrx_word' id='word_1_39' title='bbox 1734 616 1893 684; x_wconf 87' lang='lat' dir='ltr'><strong>plane</strong></span> <span class='ocrx_word' id='word_1_40' title='bbox 1925 612 2072 684; x_wconf 86' lang='lat' dir='ltr'><strong>quod</strong></span> 
     </span>
    </p>
   </div>
   <div class='ocr_carea' id='block_1_9' title="bbox 511 706 2073 776">
    <p class='ocr_par' dir='ltr' id='par_1_9' title="bbox 511 706 2073 776">
     <span class='ocr_line' id='line_1_9' title="bbox 511 706 2073 776; baseline 0 -14"><span class='ocrx_word' id='word_1_41' title='bbox 511 725 598 763; x_wconf 86' lang='lat' dir='ltr'><strong>res</strong></span> <span class='ocrx_word' id='word_1_42' title='bbox 632 716 739 771; x_wconf 84' lang='lat' dir='ltr'><strong>est,</strong></span> <span class='ocrx_word' id='word_1_43' title='bbox 794 708 1083 776; x_wconf 75' lang='lat' dir='ltr'><strong>nugacium</strong></span> <span class='ocrx_word' id='word_1_44' title='bbox 1129 706 1471 759; x_wconf 75' lang='lat' dir='ltr'><strong>anicularum</strong></span> <span class='ocrx_word' id='word_1_45' title='bbox 1516 706 1902 761; x_wconf 78' lang='lat' dir='ltr'><strong>deliramenta.</strong></span> <span class='ocrx_word' id='word_1_46' title='bbox 1935 707 2073 762; x_wconf 86' lang='lat' dir='ltr'><strong>Cum</strong></span> 
     </span>
    </p>
   </div>
   <div class='ocr_carea' id='block_1_10' title="bbox 506 795 2077 868">
    <p class='ocr_par' dir='ltr' id='par_1_10' title="bbox 506 795 2077 868">
     <span class='ocr_line' id='line_1_10' title="bbox 506 795 2077 868; baseline -0.002 -14"><span class='ocrx_word' id='word_1_47' title='bbox 506 801 655 854; x_wconf 86' lang='lat' dir='ltr'><strong>enim</strong></span> <span class='ocrx_word' id='word_1_48' title='bbox 699 799 879 868; x_wconf 80' lang='lat' dir='ltr'><strong>ipsum</strong></span> <span class='ocrx_word' id='word_1_49' title='bbox 913 813 1036 853; x_wconf 87' lang='lat' dir='ltr'><strong>esse</strong></span> <span class='ocrx_word' id='word_1_50' title='bbox 1086 795 1649 851; x_wconf 80' lang='lat' dir='ltr'><strong>Pneumatomaehum</strong></span> <span class='ocrx_word' id='word_1_51' title='bbox 1689 797 1900 866; x_wconf 84' lang='lat' dir='ltr'><strong>liquido</strong></span> <span class='ocrx_word' id='word_1_52' title='bbox 1943 812 2077 851; x_wconf 86' lang='lat' dir='ltr'><strong>con-</strong></span> 
     </span>
    </p>
   </div>
   <div class='ocr_carea' id='block_1_11' title="bbox 506 887 2075 957">
    <p class='ocr_par' dir='ltr' id='par_1_11' title="bbox 506 887 2075 957">
     <span class='ocr_line' id='line_1_11' title="bbox 506 887 2075 957; baseline -0.001 -12"><span class='ocrx_word' id='word_1_53' title='bbox 506 901 633 954; x_wconf 80' lang='lat' dir='ltr'><strong>stet,</strong></span> <span class='ocrx_word' id='word_1_54' title='bbox 663 905 725 944; x_wconf 85' lang='lat' dir='ltr'><strong>ac</strong></span> <span class='ocrx_word' id='word_1_55' title='bbox 769 888 968 943; x_wconf 90' lang='lat' dir='ltr'><strong>deinde</strong></span> <span class='ocrx_word' id='word_1_56' title='bbox 999 887 1157 943; x_wconf 87' lang='lat' dir='ltr'><strong>istam</strong></span> <span class='ocrx_word' id='word_1_57' title='bbox 1185 888 1605 956; x_wconf 88' lang='lat' dir='ltr'><strong>appellationem</strong></span> <span class='ocrx_word' id='word_1_58' title='bbox 1628 887 1870 957; x_wconf 64' lang='lat' dir='ltr'><strong>effugere</strong></span> <span class='ocrx_word' id='word_1_59' title='bbox 1904 903 2075 943; x_wconf 85' lang='lat' dir='ltr'><strong>cone-</strong></span> 
     </span>
    </p>
   </div>
   <div class='ocr_carea' id='block_1_12' title="bbox 508 978 2077 1048">
    <p class='ocr_par' dir='ltr' id='par_1_12' title="bbox 508 978 2077 1048">
     <span class='ocr_line' id='line_1_12' title="bbox 508 978 2077 1048; baseline -0.002 -10"><span class='ocrx_word' id='word_1_60' title='bbox 508 994 622 1048; x_wconf 86' lang='lat' dir='ltr'><strong>tur,</strong></span> <span class='ocrx_word' id='word_1_61' title='bbox 670 978 1303 1038; x_wconf 84' lang='lat' dir='ltr'><strong>Pneumatomaehorutu</strong></span> <span class='ocrx_word' id='word_1_62' title='bbox 1343 978 1749 1047; x_wconf 85' lang='lat' dir='ltr'><strong>improbitatem</strong></span> <span class='ocrx_word' id='word_1_63' title='bbox 1798 979 1959 1048; x_wconf 76' lang='lat' dir='ltr'><strong>longe</strong></span> <span class='ocrx_word' id='word_1_64' title='bbox 1987 996 2077 1035; x_wconf 87' lang='lat' dir='ltr'><strong>su-</strong></span> 
     </span>
    </p>
   </div>
   <div class='ocr_carea' id='block_1_13' title="bbox 506 1070 2078 1146">
    <p class='ocr_par' dir='ltr' id='par_1_13' title="bbox 506 1070 2078 1146">
     <span class='ocr_line' id='line_1_13' title="bbox 506 1070 2078 1146; baseline -0.003 -16"><span class='ocrx_word' id='word_1_65' title='bbox 506 1085 665 1146; x_wconf 83' lang='lat' dir='ltr'><strong>pcrat</strong></span> <span class='ocrx_word' id='word_1_66' title='bbox 707 1072 1015 1131; x_wconf 80' lang='lat' dir='ltr'><strong>intervallo,</strong></span> <span class='ocrx_word' id='word_1_67' title='bbox 1070 1079 1125 1123; x_wconf 86' lang='lat' dir='ltr'><strong>et</strong></span> <span class='ocrx_word' id='word_1_68' title='bbox 1164 1070 1429 1123; x_wconf 76' lang='lat' dir='ltr'><strong>imitabile</strong></span> <span class='ocrx_word' id='word_1_69' title='bbox 1476 1070 1679 1123; x_wconf 86' lang='lat' dir='ltr'><strong>malum</strong></span> <span class='ocrx_word' id='word_1_70' title='bbox 1732 1086 1790 1124; x_wconf 84' lang='lat' dir='ltr'><strong>se</strong></span> <span class='ocrx_word' id='word_1_71' title='bbox 1832 1071 1983 1135; x_wconf 79' lang='lat' dir='ltr'><strong>facit,</strong></span> <span class='ocrx_word' id='word_1_72' title='bbox 2014 1080 2078 1126; x_wconf 87' lang='lat' dir='ltr'><strong>ut</strong></span> 
     </span>
    </p>
   </div>
   <div class='ocr_carea' id='block_1_14' title="bbox 509 1160 2076 1234">
    <p class='ocr_par' dir='ltr' id='par_1_14' title="bbox 509 1160 2076 1234">
     <span class='ocr_line' id='line_1_14' title="bbox 509 1160 2076 1234; baseline -0.003 -14"><span class='ocrx_word' id='word_1_73' title='bbox 509 1182 705 1234; x_wconf 88' lang='lat' dir='ltr'><strong>nempe</strong></span> <span class='ocrx_word' id='word_1_74' title='bbox 740 1165 879 1219; x_wconf 83' lang='lat' dir='ltr'><strong>clam</strong></span> <span class='ocrx_word' id='word_1_75' title='bbox 934 1163 1092 1216; x_wconf 87' lang='lat' dir='ltr'><strong>nobis</strong></span> <span class='ocrx_word' id='word_1_76' title='bbox 1138 1160 1383 1230; x_wconf 67' lang='lat' dir='ltr'><strong>eﬂ‘ugiat,</strong></span> <span class='ocrx_word' id='word_1_77' title='bbox 1438 1176 1538 1214; x_wconf 89' lang='lat' dir='ltr'><strong>nec</strong></span> <span class='ocrx_word' id='word_1_78' title='bbox 1588 1162 1706 1232; x_wconf 78' lang='lat' dir='ltr'><strong>ejus</strong></span> <span class='ocrx_word' id='word_1_79' title='bbox 1755 1161 2076 1230; x_wconf 78' lang='lat' dir='ltr'><strong>improbitas</strong></span> 
     </span>
    </p>
   </div>
   <div class='ocr_carea' id='block_1_15' title="bbox 510 1252 2078 1328">
    <p class='ocr_par' dir='ltr' id='par_1_15' title="bbox 510 1252 2078 1328">
     <span class='ocr_line' id='line_1_15' title="bbox 510 1252 2078 1328; baseline -0.005 -15"><span class='ocrx_word' id='word_1_80' title='bbox 510 1268 791 1328; x_wconf 81' lang='lat' dir='ltr'><strong>arguatur.</strong></span> <span class='ocrx_word' id='word_1_81' title='bbox 822 1256 1026 1311; x_wconf 80' lang='lat' dir='ltr'><strong>Verum</strong></span> <span class='ocrx_word' id='word_1_82' title='bbox 1072 1254 1463 1323; x_wconf 90' lang='lat' dir='ltr'><strong>undequaque,</strong></span> <span class='ocrx_word' id='word_1_83' title='bbox 1493 1253 1638 1320; x_wconf 87' lang='lat' dir='ltr'><strong>quod</strong></span> <span class='ocrx_word' id='word_1_84' title='bbox 1689 1267 1796 1305; x_wconf 91' lang='lat' dir='ltr'><strong>non</strong></span> <span class='ocrx_word' id='word_1_85' title='bbox 1834 1252 2078 1306; x_wconf 83' lang='lat' dir='ltr'><strong>animad-</strong></span> 
     </span>
    </p>
   </div>
   <div class='ocr_carea' id='block_1_16' title="bbox 506 1345 2074 1413">
    <p class='ocr_par' dir='ltr' id='par_1_16' title="bbox 506 1345 2074 1413">
     <span class='ocr_line' id='line_1_16' title="bbox 506 1345 2074 1413; baseline -0.003 -11"><span class='ocrx_word' id='word_1_86' title='bbox 506 1352 698 1412; x_wconf 78' lang='lat' dir='ltr'><strong>vertit,</strong></span> <span class='ocrx_word' id='word_1_87' title='bbox 750 1347 853 1400; x_wconf 89' lang='lat' dir='ltr'><strong>hac</strong></span> <span class='ocrx_word' id='word_1_88' title='bbox 907 1345 1254 1413; x_wconf 89' lang='lat' dir='ltr'><strong>potissimum</strong></span> <span class='ocrx_word' id='word_1_89' title='bbox 1309 1345 1517 1398; x_wconf 84' lang='lat' dir='ltr'><strong>ratione</strong></span> <span class='ocrx_word' id='word_1_90' title='bbox 1551 1352 1700 1396; x_wconf 87' lang='lat' dir='ltr'><strong>certe</strong></span> <span class='ocrx_word' id='word_1_91' title='bbox 1735 1353 1924 1413; x_wconf 86' lang='lat' dir='ltr'><strong>captus</strong></span> <span class='ocrx_word' id='word_1_92' title='bbox 1970 1352 2074 1398; x_wconf 89' lang='lat' dir='ltr'><strong>est.</strong></span> 
     </span>
    </p>
   </div>
   <div class='ocr_carea' id='block_1_17' title="bbox 508 1435 2077 1506">
    <p class='ocr_par' dir='ltr' id='par_1_17' title="bbox 508 1435 2077 1506">
     <span class='ocr_line' id='line_1_17' title="bbox 508 1435 2077 1506; baseline -0.003 -12"><span class='ocrx_word' id='word_1_93' title='bbox 508 1442 642 1495; x_wconf 82' lang='lat' dir='ltr'><strong>Nam</strong></span> <span class='ocrx_word' id='word_1_94' title='bbox 675 1437 1014 1493; x_wconf 71' lang='lat' dir='ltr'><strong>Palamitiem</strong></span> <span class='ocrx_word' id='word_1_95' title='bbox 1045 1435 1411 1506; x_wconf 77' lang='lat' dir='ltr'><strong>improbitatis</strong></span> <span class='ocrx_word' id='word_1_96' title='bbox 1443 1445 1623 1503; x_wconf 81' lang='lat' dir='ltr'><strong>patres</strong></span> <span class='ocrx_word' id='word_1_97' title='bbox 1655 1435 2077 1490; x_wconf 79' lang='lat' dir='ltr'><strong>Pneumatoma-</strong></span> 
     </span>
    </p>
   </div>
   <div class='ocr_carea' id='block_1_18' title="bbox 508 1526 2078 1598">
    <p class='ocr_par' dir='ltr' id='par_1_18' title="bbox 508 1526 2078 1598">
     <span class='ocr_line' id='line_1_18' title="bbox 508 1526 2078 1598; baseline -0.003 -11"><span class='ocrx_word' id='word_1_98' title='bbox 508 1534 622 1594; x_wconf 87' lang='lat' dir='ltr'><strong>ehi,</strong></span> <span class='ocrx_word' id='word_1_99' title='bbox 665 1547 785 1584; x_wconf 89' lang='lat' dir='ltr'><strong>cum</strong></span> <span class='ocrx_word' id='word_1_100' title='bbox 836 1538 1086 1583; x_wconf 84' lang='lat' dir='ltr'><strong>sanctum</strong></span> <span class='ocrx_word' id='word_1_101' title='bbox 1136 1526 1402 1598; x_wconf 75' lang='lat' dir='ltr'><strong>Spiritum</strong></span> <span class='ocrx_word' id='word_1_102' title='bbox 1432 1540 1551 1580; x_wconf 86' lang='lat' dir='ltr'><strong>esse</strong></span> <span class='ocrx_word' id='word_1_103' title='bbox 1597 1527 1800 1580; x_wconf 80' lang='lat' dir='ltr'><strong>factum</strong></span> <span class='ocrx_word' id='word_1_104' title='bbox 1832 1526 2078 1581; x_wconf 78' lang='lat' dir='ltr'><strong>dicerent</strong></span> 
     </span>
    </p>
   </div>
   <div class='ocr_carea' id='block_1_19' title="bbox 508 1617 2075 1689">
    <p class='ocr_par' dir='ltr' id='par_1_19' title="bbox 508 1617 2075 1689">
     <span class='ocr_line' id='line_1_19' title="bbox 508 1617 2075 1689; baseline -0.004 -10"><span class='ocrx_word' id='word_1_105' title='bbox 508 1625 670 1687; x_wconf 73' lang='lat' dir='ltr'><strong>(sicut</strong></span> <span class='ocrx_word' id='word_1_106' title='bbox 713 1621 913 1676; x_wconf 83' lang='lat' dir='ltr'><strong>Filium</strong></span> <span class='ocrx_word' id='word_1_107' title='bbox 944 1620 1189 1673; x_wconf 74' lang='lat' dir='ltr'><strong>divinum</strong></span> <span class='ocrx_word' id='word_1_108' title='bbox 1237 1619 1400 1673; x_wconf 83' lang='lat' dir='ltr'><strong>Arius</strong></span> <span class='ocrx_word' id='word_1_109' title='bbox 1434 1619 1639 1673; x_wconf 82' lang='lat' dir='ltr'><strong>factum</strong></span> <span class='ocrx_word' id='word_1_110' title='bbox 1670 1633 1791 1672; x_wconf 85' lang='lat' dir='ltr'><strong>esse</strong></span> <span class='ocrx_word' id='word_1_111' title='bbox 1819 1617 2075 1689; x_wconf 78' lang='lat' dir='ltr'><strong>dixerat),</strong></span> 
     </span>
    </p>
   </div>
   <div class='ocr_carea' id='block_1_20' title="bbox 509 1709 2077 1780">
    <p class='ocr_par' dir='ltr' id='par_1_20' title="bbox 509 1709 2077 1780">
     <span class='ocr_line' id='line_1_20' title="bbox 509 1709 2077 1780; baseline -0.002 -12"><span class='ocrx_word' id='word_1_112' title='bbox 509 1713 823 1768; x_wconf 86' lang='lat' dir='ltr'><strong>necessaria</strong></span> <span class='ocrx_word' id='word_1_113' title='bbox 852 1711 1092 1779; x_wconf 84' lang='lat' dir='ltr'><strong>quadam</strong></span> <span class='ocrx_word' id='word_1_114' title='bbox 1126 1709 1516 1763; x_wconf 87' lang='lat' dir='ltr'><strong>eonseentione</strong></span> <span class='ocrx_word' id='word_1_115' title='bbox 1546 1719 1789 1763; x_wconf 86' lang='lat' dir='ltr'><strong>creatum</strong></span> <span class='ocrx_word' id='word_1_116' title='bbox 1834 1724 1956 1766; x_wconf 81' lang='lat' dir='ltr'><strong>esse</strong></span> <span class='ocrx_word' id='word_1_117' title='bbox 1990 1711 2077 1780; x_wconf 85' lang='lat' dir='ltr'><strong>ip-</strong></span> 
     </span>
    </p>
   </div>
   <div class='ocr_carea' id='block_1_21' title="bbox 2177 522 3749 593">
    <p class='ocr_par' dir='ltr' id='par_1_21' title="bbox 2177 522 3749 593">
     <span class='ocr_line' id='line_1_21' title="bbox 2177 522 3749 593; baseline -0.003 -18"><span class='ocrx_word' id='word_1_118' title='bbox 2177 524 2366 591; x_wconf 78' lang='grc' dir='ltr'>φάναι,</span> <span class='ocrx_word' id='word_1_119' title='bbox 2426 522 2743 593; x_wconf 74' lang='grc' dir='ltr'><strong>ληρήματα.</strong></span> <span class='ocrx_word' id='word_1_120' title='bbox 2803 523 3266 592; x_wconf 79' lang='grc' dir='ltr'>Πνευματομάχος</span> <span class='ocrx_word' id='word_1_121' title='bbox 3329 522 3438 591; x_wconf 83' lang='grc' dir='ltr'>γὰρ</span> <span class='ocrx_word' id='word_1_122' title='bbox 3489 522 3749 590; x_wconf 77' lang='grc' dir='ltr'><strong>ὑπάρχων</strong></span> 
     </span>
    </p>
   </div>
   <div class='ocr_carea' id='block_1_22' title="bbox 2178 613 3749 685">
    <p class='ocr_par' dir='ltr' id='par_1_22' title="bbox 2178 613 3749 685">
     <span class='ocr_line' id='line_1_22' title="bbox 2178 613 3749 685; baseline -0.001 -18"><span class='ocrx_word' id='word_1_123' title='bbox 2178 616 2380 685; x_wconf 70' lang='grc' dir='ltr'>σαφὴς,</span> <span class='ocrx_word' id='word_1_124' title='bbox 2408 617 2601 667; x_wconf 74' lang='grc' dir='ltr'>ἔπειτα</span> <span class='ocrx_word' id='word_1_125' title='bbox 2629 614 2855 682; x_wconf 70' lang='grc' dir='ltr'>φεύγειν</span> <span class='ocrx_word' id='word_1_126' title='bbox 2878 617 3218 683; x_wconf 70' lang='grc' dir='ltr'>πειρώμενος</span> <span class='ocrx_word' id='word_1_127' title='bbox 3248 613 3509 683; x_wconf 77' lang='grc' dir='ltr'>τοῦνομα,</span> <span class='ocrx_word' id='word_1_128' title='bbox 3534 615 3749 682; x_wconf 85' lang='grc' dir='ltr'><strong>γίνεται</strong></span> 
     </span>
    </p>
   </div>
   <div class='ocr_carea' id='block_1_23' title="bbox 2176 706 3747 776">
    <p class='ocr_par' dir='ltr' id='par_1_23' title="bbox 2176 706 3747 776">
     <span class='ocr_line' id='line_1_23' title="bbox 2176 706 3747 776; baseline -0.001 -18"><span class='ocrx_word' id='word_1_129' title='bbox 2176 707 2374 776; x_wconf 86' lang='grc' dir='ltr'><strong>χείρων</strong></span> <span class='ocrx_word' id='word_1_130' title='bbox 2415 708 2495 759; x_wconf 80' lang='grc' dir='ltr'>ἔτι</span> <span class='ocrx_word' id='word_1_131' title='bbox 2539 706 2741 774; x_wconf 65' lang='grc' dir='ltr'><strong>μᾶλλον</strong></span> <span class='ocrx_word' id='word_1_132' title='bbox 2796 706 3298 774; x_wconf 62' lang='grc' dir='ltr'>ἐκείνωνημακροῖς</span> <span class='ocrx_word' id='word_1_133' title='bbox 3346 722 3458 758; x_wconf 80' lang='grc' dir='ltr'>τισι</span> <span class='ocrx_word' id='word_1_134' title='bbox 3495 706 3747 775; x_wconf 78' lang='grc' dir='ltr'>μέτροις”</span> 
     </span>
    </p>
   </div>
   <div class='ocr_carea' id='block_1_24' title="bbox 2178 795 3750 865">
    <p class='ocr_par' dir='ltr' id='par_1_24' title="bbox 2178 795 3750 865">
     <span class='ocr_line' id='line_1_24' title="bbox 2178 795 3750 865; baseline -0.003 -15"><span class='ocrx_word' id='word_1_135' title='bbox 2178 800 2272 851; x_wconf 77' lang='grc' dir='ltr'><strong>καὶ</strong></span> <span class='ocrx_word' id='word_1_136' title='bbox 2304 798 2473 850; x_wconf 78' lang='grc' dir='ltr'>κακὸν</span> <span class='ocrx_word' id='word_1_137' title='bbox 2514 797 2685 850; x_wconf 83' lang='grc' dir='ltr'>ποιῶν</span> <span class='ocrx_word' id='word_1_138' title='bbox 2719 796 2910 849; x_wconf 78' lang='grc' dir='ltr'>ἑαυτὸν</span> <span class='ocrx_word' id='word_1_139' title='bbox 2943 795 3403 865; x_wconf 72' lang='grc' dir='ltr'><strong>ἀλλοπρόσαλλον,</strong></span> <span class='ocrx_word' id='word_1_140' title='bbox 3446 796 3534 848; x_wconf 83' lang='grc' dir='ltr'><strong>ἵνα</strong></span> <span class='ocrx_word' id='word_1_141' title='bbox 3584 796 3750 861; x_wconf 72' lang='grc' dir='ltr'><strong>δῆθεν</strong></span> 
     </span>
    </p>
   </div>
   <div class='ocr_carea' id='block_1_25' title="bbox 2176 887 3750 960">
    <p class='ocr_par' dir='ltr' id='par_1_25' title="bbox 2176 887 3750 960">
     <span class='ocr_line' id='line_1_25' title="bbox 2176 887 3750 960; baseline -0.003 -17"><span class='ocrx_word' id='word_1_142' title='bbox 2176 890 2418 960; x_wconf 74' lang='grc' dir='ltr'><strong>λανθάνῃ</strong></span> <span class='ocrx_word' id='word_1_143' title='bbox 2454 888 2847 957; x_wconf 78' lang='grc' dir='ltr'><strong>διαδιδράσκων</strong></span> <span class='ocrx_word' id='word_1_144' title='bbox 2895 887 3023 948; x_wconf 81' lang='grc' dir='ltr'><strong>τοὺς</strong></span> <span class='ocrx_word' id='word_1_145' title='bbox 3052 891 3148 956; x_wconf 82' lang='grc' dir='ltr'><strong>τῆς</strong></span> <span class='ocrx_word' id='word_1_146' title='bbox 3180 888 3382 950; x_wconf 88' lang='grc' dir='ltr'><strong>κακίας</strong></span> <span class='ocrx_word' id='word_1_147' title='bbox 3416 887 3700 956; x_wconf 74' lang='grc' dir='ltr'>ἐλέγχους,</span> <span class='ocrx_word' id='word_1_148' title='bbox 3721 888 3750 938; x_wconf 80' lang='grc'>6</span> 
     </span>
    </p>
   </div>
   <div class='ocr_carea' id='block_1_26' title="bbox 2175 975 3754 1046">
    <p class='ocr_par' dir='ltr' id='par_1_26' title="bbox 2175 975 3754 1046">
     <span class='ocr_line' id='line_1_26' title="bbox 2175 975 3754 1046; baseline -0.002 -15"><span class='ocrx_word' id='word_1_149' title='bbox 2175 980 2233 1031; x_wconf 77' lang='grc' dir='ltr'>δὲ</span> <span class='ocrx_word' id='word_1_150' title='bbox 2279 978 2470 1045; x_wconf 78' lang='grc' dir='ltr'>λέληθε</span> <span class='ocrx_word' id='word_1_151' title='bbox 2508 976 2708 1046; x_wconf 83' lang='grc' dir='ltr'><strong>μᾶλλον</strong></span> <span class='ocrx_word' id='word_1_152' title='bbox 2738 977 2900 1037; x_wconf 76' lang='grc' dir='ltr'>αὐτὸς</span> <span class='ocrx_word' id='word_1_153' title='bbox 2934 976 3126 1028; x_wconf 77' lang='grc' dir='ltr'>ἑαυτὸν</span> <span class='ocrx_word' id='word_1_154' title='bbox 3156 975 3515 1044; x_wconf 76' lang='grc' dir='ltr'><strong>ἁλισκόμενος</strong></span> <span class='ocrx_word' id='word_1_155' title='bbox 3544 992 3754 1028; x_wconf 77' lang='grc' dir='ltr'>πανταο</span> 
     </span>
    </p>
   </div>
   <div class='ocr_carea' id='block_1_27' title="bbox 2177 1066 3754 1141">
    <p class='ocr_par' dir='ltr' id='par_1_27' title="bbox 2177 1066 3754 1141">
     <span class='ocr_line' id='line_1_27' title="bbox 2177 1066 3754 1141; baseline -0.003 -19"><span class='ocrx_word' id='word_1_156' title='bbox 2177 1070 2359 1141; x_wconf 77' lang='grc' dir='ltr'><strong>κόθεν.</strong></span> <span class='ocrx_word' id='word_1_157' title='bbox 2385 1069 2450 1122; x_wconf 76' lang='lat' dir='ltr'><strong>Oi</strong></span> <span class='ocrx_word' id='word_1_158' title='bbox 2479 1070 2587 1138; x_wconf 84' lang='grc' dir='ltr'>γὰρ</span> <span class='ocrx_word' id='word_1_159' title='bbox 2616 1068 2718 1133; x_wconf 75' lang='grc' dir='ltr'>τῆς</span> <span class='ocrx_word' id='word_1_160' title='bbox 2759 1066 2925 1119; x_wconf 83' lang='grc' dir='ltr'>αὑτοῦ</span> <span class='ocrx_word' id='word_1_161' title='bbox 2966 1067 3164 1130; x_wconf 80' lang='grc' dir='ltr'>κακίας</span> <span class='ocrx_word' id='word_1_162' title='bbox 3222 1067 3462 1136; x_wconf 84' lang='grc' dir='ltr'><strong>πατέρες</strong></span> <span class='ocrx_word' id='word_1_163' title='bbox 3499 1069 3754 1135; x_wconf 81' lang='grc' dir='ltr'><strong>Ιινευμα-</strong></span> 
     </span>
    </p>
   </div>
   <div class='ocr_carea' id='block_1_28' title="bbox 2177 1150 3753 1229">
    <p class='ocr_par' dir='ltr' id='par_1_28' title="bbox 2177 1150 3753 1229">
     <span class='ocr_line' id='line_1_28' title="bbox 2177 1150 3753 1229; baseline -0.003 -16"><span class='ocrx_word' id='word_1_164' title='bbox 2177 1160 2437 1229; x_wconf 85' lang='grc' dir='ltr'>τομάχοι,</span> <span class='ocrx_word' id='word_1_165' title='bbox 2466 1159 2681 1227; x_wconf 81' lang='grc' dir='ltr'>ποίημα</span> <span class='ocrx_word' id='word_1_166' title='bbox 2711 1157 2961 1224; x_wconf 85' lang='grc' dir='ltr'>λέγοντες</span> <span class='ocrx_word' id='word_1_167' title='bbox 2982 1150 3123 1210; x_wconf 81' lang='grc' dir='ltr'>εἶναι</span> <span class='ocrx_word' id='word_1_168' title='bbox 3145 1157 3207 1207; x_wconf 80' lang='grc' dir='ltr'>τὸ</span> <span class='ocrx_word' id='word_1_169' title='bbox 3234 1157 3481 1227; x_wconf 80' lang='grc' dir='ltr'><strong>Πνεῦμα.</strong></span> <span class='ocrx_word' id='word_1_170' title='bbox 3501 1156 3753 1226; x_wconf 68' lang='grc' dir='ltr'>καθάπερ</span> 
     </span>
    </p>
   </div>
   <div class='ocr_carea' id='block_1_29' title="bbox 2198 1246 3755 1322">
    <p class='ocr_par' dir='ltr' id='par_1_29' title="bbox 2198 1246 3755 1322">
     <span class='ocr_line' id='line_1_29' title="bbox 2198 1246 3755 1322; baseline -0.003 -16"><span class='ocrx_word' id='word_1_171' title='bbox 2198 1253 2416 1322; x_wconf 82' lang='grc' dir='ltr'>Ἀρειος</span> <span class='ocrx_word' id='word_1_172' title='bbox 2456 1250 2548 1303; x_wconf 63' lang='grc' dir='ltr'>τὶν</span> <span class='ocrx_word' id='word_1_173' title='bbox 2590 1248 2745 1313; x_wconf 72' lang='grc' dir='ltr'>Υίδν,</span> <span class='ocrx_word' id='word_1_174' title='bbox 2795 1246 3103 1310; x_wconf 74' lang='grc' dir='ltr'><strong>ἀκολούθως</strong></span> <span class='ocrx_word' id='word_1_175' title='bbox 3142 1248 3237 1300; x_wconf 79' lang='grc' dir='ltr'><strong>καὶ</strong></span> <span class='ocrx_word' id='word_1_176' title='bbox 3274 1250 3480 1317; x_wconf 81' lang='grc' dir='ltr'><strong>κτίσμα</strong></span> <span class='ocrx_word' id='word_1_177' title='bbox 3506 1248 3653 1301; x_wconf 74' lang='grc' dir='ltr'>τοῦτ’</span> <span class='ocrx_word' id='word_1_178' title='bbox 3696 1249 3755 1313; x_wconf 74' lang='grc' dir='ltr'>ἐξ</span> 
     </span>
    </p>
   </div>
   <div class='ocr_carea' id='block_1_30' title="bbox 2179 1340 3756 1414">
    <p class='ocr_par' dir='ltr' id='par_1_30' title="bbox 2179 1340 3756 1414">
     <span class='ocr_line' id='line_1_30' title="bbox 2179 1340 3756 1414; baseline -0.003 -16"><span class='ocrx_word' id='word_1_179' title='bbox 2179 1347 2426 1414; x_wconf 77' lang='grc' dir='ltr'><strong>ἀνάγκης</strong></span> <span class='ocrx_word' id='word_1_180' title='bbox 2452 1343 2720 1411; x_wconf 64' lang='grc' dir='ltr'>ἔφασκον·</span> <span class='ocrx_word' id='word_1_181' title='bbox 2753 1342 2849 1395; x_wconf 81' lang='grc' dir='ltr'><strong>ἆτε</strong></span> <span class='ocrx_word' id='word_1_182' title='bbox 2882 1340 2958 1411; x_wconf 83' lang='grc' dir='ltr'><strong>μὴ</strong></span> <span class='ocrx_word' id='word_1_183' title='bbox 2986 1340 3294 1410; x_wconf 81' lang='grc' dir='ltr'><strong>δυναμένης</strong></span> <span class='ocrx_word' id='word_1_184' title='bbox 3331 1342 3471 1411; x_wconf 85' lang='grc' dir='ltr'>μήτε</span> <span class='ocrx_word' id='word_1_185' title='bbox 3527 1341 3628 1410; x_wconf 81' lang='grc' dir='ltr'><strong>τῆς</strong></span> <span class='ocrx_word' id='word_1_186' title='bbox 3670 1357 3756 1394; x_wconf 83' lang='grc' dir='ltr'><strong>τε-</strong></span> 
     </span>
    </p>
   </div>
   <div class='ocr_carea' id='block_1_31' title="bbox 2182 1431 3756 1509">
    <p class='ocr_par' dir='ltr' id='par_1_31' title="bbox 2182 1431 3756 1509">
     <span class='ocr_line' id='line_1_31' title="bbox 2182 1431 3756 1509; baseline -0.003 -20"><span class='ocrx_word' id='word_1_187' title='bbox 2182 1438 2377 1509; x_wconf 82' lang='grc' dir='ltr'>χνικῆς</span> <span class='ocrx_word' id='word_1_188' title='bbox 2412 1435 2661 1505; x_wconf 81' lang='grc' dir='ltr'><strong>μεθόδου,</strong></span> <span class='ocrx_word' id='word_1_189' title='bbox 2686 1435 2826 1503; x_wconf 77' lang='grc' dir='ltr'><strong>μήτε</strong></span> <span class='ocrx_word' id='word_1_190' title='bbox 2850 1437 3084 1503; x_wconf 76' lang='grc' dir='ltr'>φυσικῆς</span> <span class='ocrx_word' id='word_1_191' title='bbox 3130 1432 3242 1486; x_wconf 80' lang='grc' dir='ltr'><strong>τῶν</strong></span> <span class='ocrx_word' id='word_1_192' title='bbox 3287 1431 3595 1503; x_wconf 79' lang='grc' dir='ltr'>ἀνθρώπων</span> <span class='ocrx_word' id='word_1_193' title='bbox 3618 1434 3756 1500; x_wconf 81' lang='grc' dir='ltr'><strong>γνὼ-</strong></span> 
     </span>
    </p>
   </div>
   <div class='ocr_carea' id='block_1_32' title="bbox 2182 1523 3760 1595">
    <p class='ocr_par' dir='ltr' id='par_1_32' title="bbox 2182 1523 3760 1595">
     <span class='ocr_line' id='line_1_32' title="bbox 2182 1523 3760 1595; baseline -0.004 -16"><span class='ocrx_word' id='word_1_194' title='bbox 2182 1543 2342 1593; x_wconf 88' lang='grc' dir='ltr'>σεως,</span> <span class='ocrx_word' id='word_1_195' title='bbox 2356 1526 2610 1581; x_wconf 83' lang='grc' dir='ltr'>ἀκτιστον</span> <span class='ocrx_word' id='word_1_196' title='bbox 2629 1525 2838 1595; x_wconf 78' lang='grc' dir='ltr'>ποίημα</span> <span class='ocrx_word' id='word_1_197' title='bbox 2856 1525 3033 1592; x_wconf 77' lang='grc' dir='ltr'>λέγειν</span> <span class='ocrx_word' id='word_1_198' title='bbox 3052 1524 3206 1576; x_wconf 79' lang='grc' dir='ltr'>ποτέ.</span> <span class='ocrx_word' id='word_1_199' title='bbox 3224 1523 3283 1576; x_wconf 89' lang='lat'><strong>&#39;0</strong></span> <span class='ocrx_word' id='word_1_200' title='bbox 3301 1524 3355 1576; x_wconf 83' lang='grc' dir='ltr'>δὲ</span> <span class='ocrx_word' id='word_1_201' title='bbox 3384 1523 3551 1592; x_wconf 79' lang='grc' dir='ltr'>μηδὲν</span> <span class='ocrx_word' id='word_1_202' title='bbox 3566 1524 3760 1591; x_wconf 78' lang='grc' dir='ltr'>αίσχυ-</span> 
     </span>
    </p>
   </div>
   <div class='ocr_carea' id='block_1_33' title="bbox 2179 1614 3760 1687">
    <p class='ocr_par' dir='ltr' id='par_1_33' title="bbox 2179 1614 3760 1687">
     <span class='ocr_line' id='line_1_33' title="bbox 2179 1614 3760 1687; baseline -0.005 -15"><span class='ocrx_word' id='word_1_203' title='bbox 2179 1617 2403 1686; x_wconf 83' lang='grc' dir='ltr'>νόμενος</span> <span class='ocrx_word' id='word_1_204' title='bbox 2443 1618 2700 1671; x_wconf 79' lang='grc' dir='ltr'>ἀκτιστον</span> <span class='ocrx_word' id='word_1_205' title='bbox 2723 1618 2935 1687; x_wconf 76' lang='grc' dir='ltr'>ποέημα</span> <span class='ocrx_word' id='word_1_206' title='bbox 2959 1614 3288 1684; x_wconf 77' lang='grc' dir='ltr'><strong>τετόλμηκεν</strong></span> <span class='ocrx_word' id='word_1_207' title='bbox 3318 1615 3419 1686; x_wconf 68' lang='grc' dir='ltr'><strong>ἤδη</strong></span> <span class='ocrx_word' id='word_1_208' title='bbox 3449 1614 3760 1685; x_wconf 78' lang='grc' dir='ltr'>νομοθετεῖν</span> 
     </span>
    </p>
   </div>
   <div class='ocr_carea' id='block_1_34' title="bbox 2180 1704 3760 1778">
    <p class='ocr_par' dir='ltr' id='par_1_34' title="bbox 2180 1704 3760 1778">
     <span class='ocr_line' id='line_1_34' title="bbox 2180 1704 3760 1778; baseline -0.003 -15"><span class='ocrx_word' id='word_1_209' title='bbox 2180 1711 2239 1763; x_wconf 70' lang='grc' dir='ltr'><strong>ἐν</strong></span> <span class='ocrx_word' id='word_1_210' title='bbox 2260 1713 2379 1773; x_wconf 76' lang='grc' dir='ltr'><strong>ταῖς</strong></span> <span class='ocrx_word' id='word_1_211' title='bbox 2392 1709 2644 1778; x_wconf 72' lang='grc' dir='ltr'>δσχάταις</span> <span class='ocrx_word' id='word_1_212' title='bbox 2661 1707 2886 1772; x_wconf 80' lang='grc' dir='ltr'><strong>ταύταις</strong></span> <span class='ocrx_word' id='word_1_213' title='bbox 2908 1708 3014 1776; x_wconf 82' lang='grc' dir='ltr'>ήμέ</span> <span class='ocrx_word' id='word_1_214' title='bbox 3023 1724 3163 1777; x_wconf 87' lang='grc' dir='ltr'>ραις.</span> <span class='ocrx_word' id='word_1_215' title='bbox 3182 1707 3378 1778; x_wconf 82' lang='grc' dir='ltr'>Ἐχρῆν</span> <span class='ocrx_word' id='word_1_216' title='bbox 3392 1704 3489 1760; x_wconf 78' lang='grc' dir='ltr'><strong>οὖν</strong></span> <span class='ocrx_word' id='word_1_217' title='bbox 3501 1706 3599 1758; x_wconf 75' lang='grc' dir='ltr'><strong>καὶ</strong></span> <span class='ocrx_word' id='word_1_218' title='bbox 3610 1706 3760 1777; x_wconf 72' lang='grc' dir='ltr'><strong>ἡμᾶς</strong></span> 
     </span>
    </p>
   </div>
   <div class='ocr_carea' id='block_1_35' title="bbox 507 1771 2084 1873">
    <p class='ocr_par' dir='ltr' id='par_1_35' title="bbox 507 1798 2078 1871">
     <span class='ocr_line' id='line_1_35' title="bbox 507 1798 2078 1871; baseline -0.004 -13"><span class='ocrx_word' id='word_1_219' title='bbox 507 1820 632 1858; x_wconf 89' lang='lat' dir='ltr'><strong>sum</strong></span> <span class='ocrx_word' id='word_1_220' title='bbox 663 1801 1025 1866; x_wconf 84' lang='lat' dir='ltr'><strong>asserebant;</strong></span> <span class='ocrx_word' id='word_1_221' title='bbox 1059 1798 1507 1868; x_wconf 83' lang='lat' dir='ltr'><strong>quandoquidem</strong></span> <span class='ocrx_word' id='word_1_222' title='bbox 1554 1799 1669 1855; x_wconf 87' lang='lat' dir='ltr'><strong>sive</strong></span> <span class='ocrx_word' id='word_1_223' title='bbox 1698 1810 1813 1855; x_wconf 87' lang='lat' dir='ltr'><strong>arte</strong></span> <span class='ocrx_word' id='word_1_224' title='bbox 1855 1816 2078 1871; x_wconf 60' lang='lat' dir='ltr'><strong>compa-</strong></span> 
     </span>
    </p>
   </div>
   <div class='ocr_carea' id='block_1_36' title="bbox 2190 1771 3761 1873">
    <p class='ocr_par' dir='ltr' id='par_1_36' title="bbox 2190 1798 3761 1873">
     <span class='ocr_line' id='line_1_36' title="bbox 2190 1798 3761 1873; baseline -0.005 -17"><span class='ocrx_word' id='word_1_225' title='bbox 2190 1803 2431 1858; x_wconf 64' lang='grc' dir='ltr'>ἐνταυθοί</span> <span class='ocrx_word' id='word_1_226' title='bbox 2467 1804 2647 1873; x_wconf 71' lang='grc' dir='ltr'>σιωπῇ</span> <span class='ocrx_word' id='word_1_227' title='bbox 2688 1802 2758 1854; x_wconf 70' lang='grc' dir='ltr'><strong>τὰ</strong></span> <span class='ocrx_word' id='word_1_228' title='bbox 2806 1799 3030 1855; x_wconf 85' lang='grc' dir='ltr'>τοιαῦτα</span> <span class='ocrx_word' id='word_1_229' title='bbox 3071 1800 3411 1870; x_wconf 76' lang='grc' dir='ltr'>μισήσαντάς</span> <span class='ocrx_word' id='word_1_230' title='bbox 3454 1814 3514 1850; x_wconf 84' lang='grc' dir='ltr'>τε</span> <span class='ocrx_word' id='word_1_231' title='bbox 3563 1800 3663 1851; x_wconf 78' lang='grc' dir='ltr'><strong>καὶ</strong></span> <span class='ocrx_word' id='word_1_232' title='bbox 3694 1798 3761 1849; x_wconf 70' lang='grc' dir='ltr'>τά</span> 
     </span>
    </p>
   </div>
   <div class='ocr_carea' id='block_1_37' title="bbox 509 1890 2082 1963">
    <p class='ocr_par' dir='ltr' id='par_1_37' title="bbox 509 1890 2082 1963">
     <span class='ocr_line' id='line_1_37' title="bbox 509 1890 2082 1963; baseline -0.001 -14"><span class='ocrx_word' id='word_1_233' title='bbox 509 1907 683 1961; x_wconf 85' lang='lat' dir='ltr'><strong>ratas,</strong></span> <span class='ocrx_word' id='word_1_234' title='bbox 716 1894 835 1947; x_wconf 86' lang='lat' dir='ltr'><strong>sive</strong></span> <span class='ocrx_word' id='word_1_235' title='bbox 876 1908 906 1946; x_wconf 90' lang='lat' dir='ltr'><strong>a</strong></span> <span class='ocrx_word' id='word_1_236' title='bbox 959 1900 1158 1945; x_wconf 87' lang='lat' dir='ltr'><strong>natura</strong></span> <span class='ocrx_word' id='word_1_237' title='bbox 1202 1891 1395 1945; x_wconf 81' lang='lat' dir='ltr'><strong>insitas</strong></span> <span class='ocrx_word' id='word_1_238' title='bbox 1426 1890 1707 1945; x_wconf 85' lang='lat' dir='ltr'><strong>hominum</strong></span> <span class='ocrx_word' id='word_1_239' title='bbox 1740 1892 2082 1963; x_wconf 83' lang='lat' dir='ltr'><strong>cognitiones</strong></span> 
     </span>
    </p>
   </div>
   <div class='ocr_carea' id='block_1_38' title="bbox 514 1984 2080 2055">
    <p class='ocr_par' dir='ltr' id='par_1_38' title="bbox 514 1984 2080 2055">
     <span class='ocr_line' id='line_1_38' title="bbox 514 1984 2080 2055; baseline -0.004 -12"><span class='ocrx_word' id='word_1_240' title='bbox 514 1988 887 2051; x_wconf 84' lang='lat' dir='ltr'><strong>consulamus,</strong></span> <span class='ocrx_word' id='word_1_241' title='bbox 934 1986 987 2039; x_wconf 89' lang='lat' dir='ltr'><strong>id</strong></span> <span class='ocrx_word' id='word_1_242' title='bbox 1018 1986 1164 2055; x_wconf 86' lang='lat' dir='ltr'><strong>quod</strong></span> <span class='ocrx_word' id='word_1_243' title='bbox 1213 1984 1415 2038; x_wconf 81' lang='lat' dir='ltr'><strong>laetum</strong></span> <span class='ocrx_word' id='word_1_244' title='bbox 1462 1993 1567 2047; x_wconf 84' lang='lat' dir='ltr'><strong>est,</strong></span> <span class='ocrx_word' id='word_1_245' title='bbox 1621 1987 1924 2039; x_wconf 75' lang='lat' dir='ltr'><strong>inereatum</strong></span> <span class='ocrx_word' id='word_1_246' title='bbox 1972 1985 2080 2039; x_wconf 87' lang='lat' dir='ltr'><strong>dici</strong></span> 
     </span>
    </p>
   </div>
   <div class='ocr_carea' id='block_1_39' title="bbox 513 2078 2083 2151">
    <p class='ocr_par' dir='ltr' id='par_1_39' title="bbox 513 2078 2083 2151">
     <span class='ocr_line' id='line_1_39' title="bbox 513 2078 2083 2151; baseline -0.003 -16"><span class='ocrx_word' id='word_1_247' title='bbox 513 2096 794 2151; x_wconf 81' lang='lat' dir='ltr'><strong>nunquam</strong></span> <span class='ocrx_word' id='word_1_248' title='bbox 825 2079 1044 2149; x_wconf 84' lang='lat' dir='ltr'><strong>poterit.</strong></span> <span class='ocrx_word' id='word_1_249' title='bbox 1079 2078 1185 2132; x_wconf 87' lang='lat' dir='ltr'><strong>Sed</strong></span> <span class='ocrx_word' id='word_1_250' title='bbox 1237 2078 1509 2137; x_wconf 88' lang='lat' dir='ltr'><strong>Palamas.</strong></span> <span class='ocrx_word' id='word_1_251' title='bbox 1541 2093 1704 2147; x_wconf 86' lang='lat' dir='ltr'><strong>quem</strong></span> <span class='ocrx_word' id='word_1_252' title='bbox 1749 2079 1953 2133; x_wconf 90' lang='lat' dir='ltr'><strong>nullius</strong></span> <span class='ocrx_word' id='word_1_253' title='bbox 2006 2078 2083 2132; x_wconf 87' lang='lat' dir='ltr'><strong>rei</strong></span> 
     </span>
    </p>
   </div>
   <div class='ocr_carea' id='block_1_40' title="bbox 511 2170 2082 2244">
    <p class='ocr_par' dir='ltr' id='par_1_40' title="bbox 511 2170 2082 2244">
     <span class='ocr_line' id='line_1_40' title="bbox 511 2170 2082 2244; baseline -0.002 -17"><span class='ocrx_word' id='word_1_254' title='bbox 511 2174 702 2244; x_wconf 83' lang='lat' dir='ltr'><strong>pudet,</strong></span> <span class='ocrx_word' id='word_1_255' title='bbox 748 2171 1062 2226; x_wconf 81' lang='lat' dir='ltr'><strong>novissimis</strong></span> <span class='ocrx_word' id='word_1_256' title='bbox 1117 2170 1267 2224; x_wconf 89' lang='lat' dir='ltr'><strong>hisce</strong></span> <span class='ocrx_word' id='word_1_257' title='bbox 1318 2171 1531 2235; x_wconf 86' lang='lat' dir='ltr'><strong>diebus,</strong></span> <span class='ocrx_word' id='word_1_258' title='bbox 1580 2170 1635 2223; x_wconf 92' lang='lat' dir='ltr'><strong>id</strong></span> <span class='ocrx_word' id='word_1_259' title='bbox 1684 2170 1827 2239; x_wconf 88' lang='lat' dir='ltr'><strong>quod</strong></span> <span class='ocrx_word' id='word_1_260' title='bbox 1879 2170 2082 2224; x_wconf 79' lang='lat' dir='ltr'><strong>factum</strong></span> 
     </span>
    </p>
   </div>
   <div class='ocr_carea' id='block_1_41' title="bbox 510 2262 2085 2331">
    <p class='ocr_par' dir='ltr' id='par_1_41' title="bbox 510 2262 2085 2331">
     <span class='ocr_line' id='line_1_41' title="bbox 510 2262 2085 2331; baseline -0.004 -9"><span class='ocrx_word' id='word_1_261' title='bbox 510 2276 680 2328; x_wconf 87' lang='lat' dir='ltr'><strong>esset.</strong></span> <span class='ocrx_word' id='word_1_262' title='bbox 714 2266 1016 2319; x_wconf 90' lang='lat' dir='ltr'><strong>increatum</strong></span> <span class='ocrx_word' id='word_1_263' title='bbox 1048 2273 1290 2317; x_wconf 77' lang='lat' dir='ltr'><strong>statuere</strong></span> <span class='ocrx_word' id='word_1_264' title='bbox 1329 2278 1435 2316; x_wconf 88' lang='lat' dir='ltr'><strong>non</strong></span> <span class='ocrx_word' id='word_1_265' title='bbox 1465 2262 1760 2315; x_wconf 82' lang='lat' dir='ltr'><strong>dubitavit.</strong></span> <span class='ocrx_word' id='word_1_266' title='bbox 1794 2262 2085 2331; x_wconf 90' lang='lat' dir='ltr'><strong>Oportcret</strong></span> 
     </span>
    </p>
   </div>
   <div class='ocr_carea' id='block_1_42' title="bbox 513 2354 2085 2428">
    <p class='ocr_par' dir='ltr' id='par_1_42' title="bbox 513 2354 2085 2428">
     <span class='ocr_line' id='line_1_42' title="bbox 513 2354 2085 2428; baseline -0.003 -17"><span class='ocrx_word' id='word_1_267' title='bbox 513 2360 700 2428; x_wconf 85' lang='lat' dir='ltr'><strong>itaque</strong></span> <span class='ocrx_word' id='word_1_268' title='bbox 749 2366 810 2411; x_wconf 89' lang='lat' dir='ltr'><strong>ut</strong></span> <span class='ocrx_word' id='word_1_269' title='bbox 855 2355 972 2410; x_wconf 80' lang='lat' dir='ltr'><strong>haec</strong></span> <span class='ocrx_word' id='word_1_270' title='bbox 1003 2355 1187 2409; x_wconf 87' lang='lat' dir='ltr'><strong>omnia</strong></span> <span class='ocrx_word' id='word_1_271' title='bbox 1219 2368 1434 2407; x_wconf 87' lang='lat' dir='ltr'><strong>summo</strong></span> <span class='ocrx_word' id='word_1_272' title='bbox 1469 2354 1749 2423; x_wconf 85' lang='lat' dir='ltr'><strong>prosecuti</strong></span> <span class='ocrx_word' id='word_1_273' title='bbox 1796 2355 1923 2408; x_wconf 89' lang='lat' dir='ltr'><strong>odio</strong></span> <span class='ocrx_word' id='word_1_274' title='bbox 1953 2354 2085 2408; x_wconf 84' lang='lat' dir='ltr'><strong>sile-</strong></span> 
     </span>
    </p>
   </div>
   <div class='ocr_carea' id='block_1_43' title="bbox 512 2444 2085 2511">
    <p class='ocr_par' dir='ltr' id='par_1_43' title="bbox 512 2444 2085 2511">
     <span class='ocr_line' id='line_1_43' title="bbox 512 2444 2085 2511; baseline -0.003 -9"><span class='ocrx_word' id='word_1_275' title='bbox 512 2464 723 2511; x_wconf 85' lang='lat' dir='ltr'><strong>remus,</strong></span> <span class='ocrx_word' id='word_1_276' title='bbox 776 2456 833 2501; x_wconf 91' lang='lat' dir='ltr'><strong>et</strong></span> <span class='ocrx_word' id='word_1_277' title='bbox 878 2446 1179 2501; x_wconf 85' lang='lat' dir='ltr'><strong>obstructis</strong></span> <span class='ocrx_word' id='word_1_278' title='bbox 1231 2445 1458 2499; x_wconf 86' lang='lat' dir='ltr'><strong>auribus</strong></span> <span class='ocrx_word' id='word_1_279' title='bbox 1492 2446 1561 2499; x_wconf 90' lang='lat' dir='ltr'><strong>ab</strong></span> <span class='ocrx_word' id='word_1_280' title='bbox 1609 2444 1895 2499; x_wconf 83' lang='lat' dir='ltr'><strong>auditione</strong></span> <span class='ocrx_word' id='word_1_281' title='bbox 1946 2445 2085 2499; x_wconf 85' lang='lat' dir='ltr'><strong>mala</strong></span> 
     </span>
    </p>
   </div>
   <div class='ocr_carea' id='block_1_44' title="bbox 511 2536 2088 2606">
    <p class='ocr_par' dir='ltr' id='par_1_44' title="bbox 511 2536 2088 2606">
     <span class='ocr_line' id='line_1_44' title="bbox 511 2536 2088 2606; baseline -0.001 -12"><span class='ocrx_word' id='word_1_282' title='bbox 511 2540 937 2595; x_wconf 81' lang='lat' dir='ltr'><strong>tleelinaremus.</strong></span> <span class='ocrx_word' id='word_1_283' title='bbox 962 2537 1160 2592; x_wconf 82' lang='lat' dir='ltr'><strong>Verum</strong></span> <span class='ocrx_word' id='word_1_284' title='bbox 1186 2536 1446 2605; x_wconf 85' lang='lat' dir='ltr'><strong>quoniam</strong></span> <span class='ocrx_word' id='word_1_285' title='bbox 1484 2540 1571 2606; x_wconf 77' lang='lat' dir='ltr'><strong>(ex</strong></span> <span class='ocrx_word' id='word_1_286' title='bbox 1599 2552 1664 2590; x_wconf 90' lang='lat' dir='ltr'><strong>eo</strong></span> <span class='ocrx_word' id='word_1_287' title='bbox 1689 2537 1833 2605; x_wconf 88' lang='lat' dir='ltr'><strong>quod</strong></span> <span class='ocrx_word' id='word_1_288' title='bbox 1865 2537 2088 2606; x_wconf 88' lang='lat' dir='ltr'><strong>impune</strong></span> 
     </span>
    </p>
   </div>
   <div class='ocr_carea' id='block_1_45' title="bbox 512 2628 2079 2698">
    <p class='ocr_par' dir='ltr' id='par_1_45' title="bbox 512 2628 2079 2698">
     <span class='ocr_line' id='line_1_45' title="bbox 512 2628 2079 2698; baseline -0.004 -10"><span class='ocrx_word' id='word_1_289' title='bbox 512 2634 811 2688; x_wconf 86' lang='lat' dir='ltr'><strong>mentiatur</strong></span> <span class='ocrx_word' id='word_1_290' title='bbox 838 2630 1082 2685; x_wconf 78' lang='lat' dir='ltr'><strong>nefarius</strong></span> <span class='ocrx_word' id='word_1_291' title='bbox 1113 2630 1201 2683; x_wconf 92' lang='lat' dir='ltr'><strong>ille</strong></span> <span class='ocrx_word' id='word_1_292' title='bbox 1225 2639 1279 2682; x_wconf 92' lang='lat' dir='ltr'><strong>et</strong></span> <span class='ocrx_word' id='word_1_293' title='bbox 1318 2637 1534 2683; x_wconf 90' lang='lat' dir='ltr'><strong>suomet</strong></span> <span class='ocrx_word' id='word_1_294' title='bbox 1577 2629 1785 2698; x_wconf 78' lang='grc'>1131</span> <span class='ocrx_word' id='word_1_295' title='bbox 1818 2628 2079 2698; x_wconf 76' lang='lat' dir='ltr'><strong>sull‘ragio</strong></span> 
     </span>
    </p>
   </div>
   <div class='ocr_carea' id='block_1_46' title="bbox 511 2722 2076 2798">
    <p class='ocr_par' dir='ltr' id='par_1_46' title="bbox 511 2722 2076 2798">
     <span class='ocr_line' id='line_1_46' title="bbox 511 2722 2076 2798; baseline -0.002 -20"><span class='ocrx_word' id='word_1_296' title='bbox 511 2730 691 2798; x_wconf 77' lang='lat' dir='ltr'><strong>justus</strong></span> <span class='ocrx_word' id='word_1_297' title='bbox 728 2724 1000 2795; x_wconf 78' lang='lat' dir='ltr'><strong>Palamas)</strong></span> <span class='ocrx_word' id='word_1_298' title='bbox 1033 2722 1333 2792; x_wconf 82' lang='lat' dir='ltr'><strong>principes.</strong></span> <span class='ocrx_word' id='word_1_299' title='bbox 1362 2731 1684 2790; x_wconf 82' lang='lat' dir='ltr'><strong>potestates,</strong></span> <span class='ocrx_word' id='word_1_300' title='bbox 1723 2722 1932 2790; x_wconf 86' lang='lat' dir='ltr'><strong>quippe</strong></span> <span class='ocrx_word' id='word_1_301' title='bbox 1969 2736 2076 2775; x_wconf 69' lang='lat' dir='ltr'><strong>sa!-</strong></span> 
     </span>
    </p>
   </div>
   <div class='ocr_carea' id='block_1_47' title="bbox 512 2811 2082 2881">
    <p class='ocr_par' dir='ltr' id='par_1_47' title="bbox 512 2811 2082 2881">
     <span class='ocr_line' id='line_1_47' title="bbox 512 2811 2082 2881; baseline -0.005 -8"><span class='ocrx_word' id='word_1_302' title='bbox 512 2819 759 2875; x_wconf 84' lang='lat' dir='ltr'><strong>euiarem</strong></span> <span class='ocrx_word' id='word_1_303' title='bbox 794 2817 942 2870; x_wconf 88' lang='lat' dir='ltr'><strong>hunc</strong></span> <span class='ocrx_word' id='word_1_304' title='bbox 973 2816 1029 2869; x_wconf 91' lang='lat' dir='ltr'><strong>in</strong></span> <span class='ocrx_word' id='word_1_305' title='bbox 1078 2814 1342 2867; x_wconf 86' lang='lat' dir='ltr'><strong>mundum</strong></span> <span class='ocrx_word' id='word_1_306' title='bbox 1373 2812 1579 2865; x_wconf 88' lang='lat' dir='ltr'><strong>habent</strong></span> <span class='ocrx_word' id='word_1_307' title='bbox 1625 2811 1940 2881; x_wconf 85' lang='lat' dir='ltr'><strong>imperium,</strong></span> <span class='ocrx_word' id='word_1_308' title='bbox 1978 2811 2082 2881; x_wconf 84' lang='lat' dir='ltr'><strong>ipsi</strong></span> 
     </span>
    </p>
   </div>
   <div class='ocr_carea' id='block_1_48' title="bbox 516 2903 2092 2978">
    <p class='ocr_par' dir='ltr' id='par_1_48' title="bbox 516 2903 2092 2978">
     <span class='ocr_line' id='line_1_48' title="bbox 516 2903 2092 2978; baseline -0.003 -14"><span class='ocrx_word' id='word_1_309' title='bbox 516 2912 588 2965; x_wconf 90' lang='lat' dir='ltr'><strong>ob</strong></span> <span class='ocrx_word' id='word_1_310' title='bbox 633 2907 963 2978; x_wconf 86' lang='lat' dir='ltr'><strong>imperitiam</strong></span> <span class='ocrx_word' id='word_1_311' title='bbox 1017 2903 1395 2974; x_wconf 85' lang='lat' dir='ltr'><strong>suppeditant,</strong></span> <span class='ocrx_word' id='word_1_312' title='bbox 1428 2903 1575 2957; x_wconf 89' lang='lat' dir='ltr'><strong>unde</strong></span> <span class='ocrx_word' id='word_1_313' title='bbox 1612 2903 1682 2957; x_wconf 85' lang='lat' dir='ltr'><strong>ad</strong></span> <span class='ocrx_word' id='word_1_314' title='bbox 1726 2903 2092 2974; x_wconf 75' lang='lat' dir='ltr'><strong>simpliciores</strong></span> 
     </span>
    </p>
   </div>
   <div class='ocr_carea' id='block_1_49' title="bbox 516 2993 2089 3071">
    <p class='ocr_par' dir='ltr' id='par_1_49' title="bbox 516 2993 2089 3071">
     <span class='ocr_line' id='line_1_49' title="bbox 516 2993 2089 3071; baseline -0.004 -16"><span class='ocrx_word' id='word_1_315' title='bbox 516 3000 876 3071; x_wconf 83' lang='lat' dir='ltr'><strong>decipiendos</strong></span> <span class='ocrx_word' id='word_1_316' title='bbox 897 2997 1004 3052; x_wconf 91' lang='lat' dir='ltr'><strong>hoc</strong></span> <span class='ocrx_word' id='word_1_317' title='bbox 1027 2997 1293 3050; x_wconf 86' lang='lat' dir='ltr'><strong>adversus</strong></span> <span class='ocrx_word' id='word_1_318' title='bbox 1311 2993 1595 3049; x_wconf 84' lang='lat' dir='ltr'><strong>veritatem</strong></span> <span class='ocrx_word' id='word_1_319' title='bbox 1622 3004 1886 3065; x_wconf 73' lang='lat' dir='ltr'><strong>tropteum</strong></span> <span class='ocrx_word' id='word_1_320' title='bbox 1912 2994 2089 3065; x_wconf 80' lang='lat' dir='ltr'><strong>erigat</strong></span> 
     </span>
    </p>
   </div>
   <div class='ocr_carea' id='block_1_50' title="bbox 2180 1887 3762 1965">
    <p class='ocr_par' dir='ltr' id='par_1_50' title="bbox 2180 1887 3762 1965">
     <span class='ocr_line' id='line_1_50' title="bbox 2180 1887 3762 1965; baseline -0.006 -16"><span class='ocrx_word' id='word_1_321' title='bbox 2180 1887 2296 1949; x_wconf 76' lang='grc' dir='ltr'><strong>ὦτα</strong></span> <span class='ocrx_word' id='word_1_322' title='bbox 2326 1892 2593 1965; x_wconf 82' lang='grc' dir='ltr'>βύσαντας</span> <span class='ocrx_word' id='word_1_323' title='bbox 2621 1893 2813 1961; x_wconf 81' lang='grc' dir='ltr'>φυγεῖν</span> <span class='ocrx_word' id='word_1_324' title='bbox 2830 1892 2939 1946; x_wconf 78' lang='grc' dir='ltr'><strong>ἀπὸ</strong></span> <span class='ocrx_word' id='word_1_325' title='bbox 2959 1892 3131 1961; x_wconf 81' lang='grc' dir='ltr'><strong>ἀκοῆς</strong></span> <span class='ocrx_word' id='word_1_326' title='bbox 3148 1891 3409 1961; x_wconf 81' lang='grc' dir='ltr'>πονηρᾶς.</span> <span class='ocrx_word' id='word_1_327' title='bbox 3444 1889 3583 1942; x_wconf 74' lang='grc' dir='ltr'><strong>Ἀλλ’</strong></span> <span class='ocrx_word' id='word_1_328' title='bbox 3614 1890 3762 1953; x_wconf 63' lang='lat' dir='ltr'><strong>imi,</strong></span> 
     </span>
    </p>
   </div>
   <div class='ocr_carea' id='block_1_51' title="bbox 2185 1978 3763 2059">
    <p class='ocr_par' dir='ltr' id='par_1_51' title="bbox 2185 1978 3763 2059">
     <span class='ocr_line' id='line_1_51' title="bbox 2185 1978 3763 2059; baseline -0.006 -17"><span class='ocrx_word' id='word_1_329' title='bbox 2185 1986 2199 2058; x_wconf 76' lang='grc' dir='ltr'><strong>Ι</strong></span> <span class='ocrx_word' id='word_1_330' title='bbox 2210 1989 2277 2041; x_wconf 85' lang='grc' dir='ltr'><strong>Ρ.</strong></span> <span class='ocrx_word' id='word_1_331' title='bbox 2313 1978 2443 2059; x_wconf 85' lang='lat'><strong>708]</strong></span> <span class='ocrx_word' id='word_1_332' title='bbox 2466 1987 2553 2039; x_wconf 84' lang='grc' dir='ltr'>διὰ</span> <span class='ocrx_word' id='word_1_333' title='bbox 2569 1987 2663 2038; x_wconf 82' lang='grc' dir='ltr'><strong>τοῦ</strong></span> <span class='ocrx_word' id='word_1_334' title='bbox 2686 1987 2983 2051; x_wconf 83' lang='grc' dir='ltr'><strong>ἀνέλεγκτα</strong></span> <span class='ocrx_word' id='word_1_335' title='bbox 3002 1984 3299 2055; x_wconf 75' lang='grc' dir='ltr'><strong>ψεύδεσθαι</strong></span> <span class='ocrx_word' id='word_1_336' title='bbox 3323 1982 3514 2037; x_wconf 84' lang='grc' dir='ltr'>τοῦτον</span> <span class='ocrx_word' id='word_1_337' title='bbox 3539 1982 3763 2037; x_wconf 80' lang='grc' dir='ltr'>ἀνόσιόν</span> 
     </span>
    </p>
   </div>
   <div class='ocr_carea' id='block_1_52' title="bbox 2185 2074 3763 2147">
    <p class='ocr_par' dir='ltr' id='par_1_52' title="bbox 2185 2074 3763 2147">
     <span class='ocr_line' id='line_1_52' title="bbox 2185 2074 3763 2147; baseline -0.004 -15"><span class='ocrx_word' id='word_1_338' title='bbox 2185 2097 2246 2132; x_wconf 82' lang='grc' dir='ltr'>τε</span> <span class='ocrx_word' id='word_1_339' title='bbox 2293 2080 2389 2132; x_wconf 74' lang='grc' dir='ltr'>καὶ</span> <span class='ocrx_word' id='word_1_340' title='bbox 2435 2081 2950 2147; x_wconf 79' lang='grc' dir='ltr'>αὐτοχειροτόνητον</span> <span class='ocrx_word' id='word_1_341' title='bbox 2983 2078 3216 2141; x_wconf 82' lang='grc' dir='ltr'>δίκαιον,</span> <span class='ocrx_word' id='word_1_342' title='bbox 3254 2077 3314 2129; x_wconf 79' lang='grc' dir='ltr'><strong>ατ</strong></span> <span class='ocrx_word' id='word_1_343' title='bbox 3357 2092 3416 2128; x_wconf 82' lang='grc' dir='ltr'>τε</span> <span class='ocrx_word' id='word_1_344' title='bbox 3463 2075 3637 2145; x_wconf 72' lang='grc' dir='ltr'>ἀρχαὶ</span> <span class='ocrx_word' id='word_1_345' title='bbox 3666 2074 3763 2128; x_wconf 79' lang='grc' dir='ltr'><strong>καὶ</strong></span> 
     </span>
    </p>
   </div>
   <div class='ocr_carea' id='block_1_53' title="bbox 2185 2166 3762 2239">
    <p class='ocr_par' dir='ltr' id='par_1_53' title="bbox 2185 2166 3762 2239">
     <span class='ocr_line' id='line_1_53' title="bbox 2185 2166 3762 2239; baseline -0.004 -13"><span class='ocrx_word' id='word_1_346' title='bbox 2185 2172 2431 2238; x_wconf 70' lang='grc' dir='ltr'>ἐξουσίαι</span> <span class='ocrx_word' id='word_1_347' title='bbox 2487 2170 2582 2224; x_wconf 73' lang='grc' dir='ltr'><strong>καὶ</strong></span> <span class='ocrx_word' id='word_1_348' title='bbox 2619 2172 2665 2223; x_wconf 87' lang='grc' dir='ltr'><strong>οἱ</strong></span> <span class='ocrx_word' id='word_1_349' title='bbox 2698 2169 2792 2221; x_wconf 82' lang='grc' dir='ltr'>τοῦ</span> <span class='ocrx_word' id='word_1_350' title='bbox 2831 2170 3029 2231; x_wconf 81' lang='grc' dir='ltr'><strong>αἰῶνος</strong></span> <span class='ocrx_word' id='word_1_351' title='bbox 3060 2166 3276 2223; x_wconf 67' lang='grc' dir='ltr'>τουτουῒ</span> <span class='ocrx_word' id='word_1_352' title='bbox 3305 2169 3762 2239; x_wconf 73' lang='grc' dir='ltr'>κοσμοκράτορες</span> 
     </span>
    </p>
   </div>
   <div class='ocr_carea' id='block_1_54' title="bbox 2185 2263 3762 2335">
    <p class='ocr_par' dir='ltr' id='par_1_54' title="bbox 2185 2263 3762 2335">
     <span class='ocr_line' id='line_1_54' title="bbox 2185 2263 3762 2335; baseline -0.002 -18"><span class='ocrx_word' id='word_1_353' title='bbox 2185 2265 2522 2335; x_wconf 83' lang='grc' dir='ltr'>χορηγοῦσιν</span> <span class='ocrx_word' id='word_1_354' title='bbox 2561 2266 2709 2334; x_wconf 79' lang='grc' dir='ltr'><strong>αὑτῷ</strong></span> <span class='ocrx_word' id='word_1_355' title='bbox 2738 2265 2803 2317; x_wconf 81' lang='grc' dir='ltr'><strong>δι’</strong></span> <span class='ocrx_word' id='word_1_356' title='bbox 2840 2263 3087 2330; x_wconf 76' lang='grc' dir='ltr'><strong>ἀμαθίαν</strong></span> <span class='ocrx_word' id='word_1_357' title='bbox 3131 2264 3396 2334; x_wconf 84' lang='grc' dir='ltr'>τρόπαιον</span> <span class='ocrx_word' id='word_1_358' title='bbox 3424 2264 3586 2316; x_wconf 76' lang='grc' dir='ltr'>τοῦτο</span> <span class='ocrx_word' id='word_1_359' title='bbox 3617 2264 3762 2315; x_wconf 85' lang='grc' dir='ltr'><strong>κατά</strong></span> 
     </span>
    </p>
   </div>
   <div class='ocr_carea' id='block_1_55' title="bbox 2184 2353 3762 2426">
    <p class='ocr_par' dir='ltr' id='par_1_55' title="bbox 2184 2353 3762 2426">
     <span class='ocr_line' id='line_1_55' title="bbox 2184 2353 3762 2426; baseline -0.002 -17"><span class='ocrx_word' id='word_1_360' title='bbox 2184 2358 2283 2425; x_wconf 78' lang='grc' dir='ltr'><strong>τῆς</strong></span> <span class='ocrx_word' id='word_1_361' title='bbox 2307 2355 2568 2426; x_wconf 78' lang='grc' dir='ltr'><strong>ἀληθείας</strong></span> <span class='ocrx_word' id='word_1_362' title='bbox 2608 2357 2845 2426; x_wconf 79' lang='grc' dir='ltr'><strong>ἐγείρειν</strong></span> <span class='ocrx_word' id='word_1_363' title='bbox 2865 2359 2948 2420; x_wconf 86' lang='grc' dir='ltr'><strong>είς</strong></span> <span class='ocrx_word' id='word_1_364' title='bbox 2985 2356 3195 2424; x_wconf 80' lang='grc' dir='ltr'>πλάνην</span> <span class='ocrx_word' id='word_1_365' title='bbox 3212 2356 3323 2409; x_wconf 78' lang='grc' dir='ltr'><strong>τῶν</strong></span> <span class='ocrx_word' id='word_1_366' title='bbox 3345 2353 3762 2422; x_wconf 68' lang='grc' dir='ltr'>ἁπλουστέρων*</span> 
     </span>
    </p>
   </div>
   <div class='ocr_carea' id='block_1_56' title="bbox 2185 2446 3763 2519">
    <p class='ocr_par' dir='ltr' id='par_1_56' title="bbox 2185 2446 3763 2519">
     <span class='ocr_line' id='line_1_56' title="bbox 2185 2446 3763 2519; baseline -0.003 -18"><span class='ocrx_word' id='word_1_367' title='bbox 2185 2450 2404 2518; x_wconf 79' lang='grc' dir='ltr'>ἀνάγκη</span> <span class='ocrx_word' id='word_1_368' title='bbox 2425 2450 2523 2501; x_wconf 75' lang='grc' dir='ltr'><strong>καὶ</strong></span> <span class='ocrx_word' id='word_1_369' title='bbox 2549 2451 2700 2519; x_wconf 70' lang='grc' dir='ltr'>ἡμᾶς</span> <span class='ocrx_word' id='word_1_370' title='bbox 2732 2449 2984 2502; x_wconf 71' lang='grc' dir='ltr'>ἐνταυθοῖ</span> <span class='ocrx_word' id='word_1_371' title='bbox 3010 2450 3310 2518; x_wconf 81' lang='grc' dir='ltr'>γρηγορεῖν</span> <span class='ocrx_word' id='word_1_372' title='bbox 3338 2463 3399 2500; x_wconf 84' lang='grc' dir='ltr'>τε</span> <span class='ocrx_word' id='word_1_373' title='bbox 3424 2446 3541 2517; x_wconf 74' lang='grc' dir='ltr'><strong>ἅμα</strong></span> <span class='ocrx_word' id='word_1_374' title='bbox 3572 2448 3674 2501; x_wconf 75' lang='grc' dir='ltr'>καὶ</span> <span class='ocrx_word' id='word_1_375' title='bbox 3702 2447 3763 2498; x_wconf 80' lang='grc' dir='ltr'><strong>τὸ</strong></span> 
     </span>
    </p>
   </div>
   <div class='ocr_carea' id='block_1_57' title="bbox 2184 2538 3762 2611">
    <p class='ocr_par' dir='ltr' id='par_1_57' title="bbox 2184 2538 3762 2611">
     <span class='ocr_line' id='line_1_57' title="bbox 2184 2538 3762 2611; baseline -0.001 -20"><span class='ocrx_word' id='word_1_376' title='bbox 2184 2540 2288 2608; x_wconf 79' lang='grc' dir='ltr'><strong>τῆς</strong></span> <span class='ocrx_word' id='word_1_377' title='bbox 2313 2540 2573 2611; x_wconf 76' lang='grc' dir='ltr'><strong>ἀληθείας</strong></span> <span class='ocrx_word' id='word_1_378' title='bbox 2597 2539 3077 2608; x_wconf 72' lang='grc' dir='ltr'><strong>ἀναλαμϐάνοντες</strong></span> <span class='ocrx_word' id='word_1_379' title='bbox 3113 2538 3266 2607; x_wconf 79' lang='grc' dir='ltr'>ξίφος</span> <span class='ocrx_word' id='word_1_380' title='bbox 3300 2539 3586 2611; x_wconf 75' lang='grc' dir='ltr'>παρρησία</span> <span class='ocrx_word' id='word_1_381' title='bbox 3613 2538 3762 2591; x_wconf 74' lang='grc' dir='ltr'>κατὰ</span> 
     </span>
    </p>
   </div>
   <div class='ocr_carea' id='block_1_58' title="bbox 2186 2629 3764 2702">
    <p class='ocr_par' dir='ltr' id='par_1_58' title="bbox 2186 2629 3764 2702">
     <span class='ocr_line' id='line_1_58' title="bbox 2186 2629 3764 2702; baseline -0.001 -19"><span class='ocrx_word' id='word_1_382' title='bbox 2186 2632 2282 2683; x_wconf 81' lang='grc' dir='ltr'><strong>τοῦ</strong></span> <span class='ocrx_word' id='word_1_383' title='bbox 2314 2631 2547 2699; x_wconf 79' lang='grc' dir='ltr'><strong>ψεύδους</strong></span> <span class='ocrx_word' id='word_1_384' title='bbox 2577 2630 2849 2693; x_wconf 80' lang='grc' dir='ltr'>ἐλαύνειν,</span> <span class='ocrx_word' id='word_1_385' title='bbox 2888 2632 2949 2684; x_wconf 83' lang='grc' dir='ltr'>τό</span> <span class='ocrx_word' id='word_1_386' title='bbox 2980 2649 3042 2700; x_wconf 89' lang='grc' dir='ltr'><strong>γε</strong></span> <span class='ocrx_word' id='word_1_387' title='bbox 3067 2632 3198 2702; x_wconf 76' lang='grc' dir='ltr'><strong>ἡμῖν</strong></span> <span class='ocrx_word' id='word_1_388' title='bbox 3227 2633 3471 2699; x_wconf 71' lang='grc' dir='ltr'>ἐφικτὸν,</span> <span class='ocrx_word' id='word_1_389' title='bbox 3490 2629 3638 2684; x_wconf 82' lang='grc' dir='ltr'><strong>ὅπλα</strong></span> <span class='ocrx_word' id='word_1_390' title='bbox 3672 2631 3764 2683; x_wconf 77' lang='grc' dir='ltr'><strong>καὶ</strong></span> 
     </span>
    </p>
   </div>
   <div class='ocr_carea' id='block_1_59' title="bbox 2186 2720 3765 2791">
    <p class='ocr_par' dir='ltr' id='par_1_59' title="bbox 2186 2720 3765 2791">
     <span class='ocr_line' id='line_1_59' title="bbox 2186 2720 3765 2791; baseline 0 -18"><span class='ocrx_word' id='word_1_391' title='bbox 2186 2724 2368 2791; x_wconf 84' lang='grc' dir='ltr'><strong>τεῖχος</strong></span> <span class='ocrx_word' id='word_1_392' title='bbox 2391 2722 2743 2789; x_wconf 71' lang='grc' dir='ltr'><strong>ἀκροπόλεως</strong></span> <span class='ocrx_word' id='word_1_393' title='bbox 2785 2721 3007 2791; x_wconf 77' lang='grc' dir='ltr'>ἰσχυρὸν</span> <span class='ocrx_word' id='word_1_394' title='bbox 3033 2726 3125 2785; x_wconf 58' lang='grc' dir='ltr'><strong>τίς</strong></span> <span class='ocrx_word' id='word_1_395' title='bbox 3146 2722 3423 2791; x_wconf 76' lang='grc' dir='ltr'>ἡμετέρας</span> <span class='ocrx_word' id='word_1_396' title='bbox 3461 2723 3577 2783; x_wconf 75' lang='grc' dir='ltr'>τοῖς</span> <span class='ocrx_word' id='word_1_397' title='bbox 3601 2720 3765 2791; x_wconf 80' lang='grc' dir='ltr'>ὀρθο-</span> 
     </span>
    </p>
   </div>
   <div class='ocr_carea' id='block_1_60' title="bbox 2188 2814 3766 2884">
    <p class='ocr_par' dir='ltr' id='par_1_60' title="bbox 2188 2814 3766 2884">
     <span class='ocr_line' id='line_1_60' title="bbox 2188 2814 3766 2884; baseline -0.001 -17"><span class='ocrx_word' id='word_1_398' title='bbox 2188 2814 2358 2877; x_wconf 77' lang='grc' dir='ltr'><strong>δόξ’.ις</strong></span> <span class='ocrx_word' id='word_1_399' title='bbox 2391 2815 2611 2884; x_wconf 82' lang='grc' dir='ltr'>γραφάς</span> <span class='ocrx_word' id='word_1_400' title='bbox 2642 2815 3034 2884; x_wconf 77' lang='grc' dir='ltr'><strong>παρεχόμενοι,</strong></span> <span class='ocrx_word' id='word_1_401' title='bbox 3052 2814 3085 2881; x_wconf 78' lang='grc' dir='ltr'>ἢ</span> <span class='ocrx_word' id='word_1_402' title='bbox 3106 2814 3311 2883; x_wconf 77' lang='grc' dir='ltr'>μᾶλλον</span> <span class='ocrx_word' id='word_1_403' title='bbox 3339 2816 3438 2878; x_wconf 81' lang='grc' dir='ltr'>τάς</span> <span class='ocrx_word' id='word_1_404' title='bbox 3462 2814 3576 2868; x_wconf 82' lang='grc' dir='ltr'><strong>τῶν</strong></span> <span class='ocrx_word' id='word_1_405' title='bbox 3602 2814 3766 2867; x_wconf 83' lang='grc' dir='ltr'><strong>θείων</strong></span> 
     </span>
    </p>
   </div>
   <div class='ocr_carea' id='block_1_61' title="bbox 2190 2902 3765 2975">
    <p class='ocr_par' dir='ltr' id='par_1_61' title="bbox 2190 2902 3765 2975">
     <span class='ocr_line' id='line_1_61' title="bbox 2190 2902 3765 2975; baseline 0 -19"><span class='ocrx_word' id='word_1_406' title='bbox 2190 2902 2425 2975; x_wconf 66' lang='grc' dir='ltr'>Γραφῶν</span> <span class='ocrx_word' id='word_1_407' title='bbox 2489 2905 2825 2974; x_wconf 82' lang='grc' dir='ltr'>μαρτυρίας,</span> <span class='ocrx_word' id='word_1_408' title='bbox 2888 2904 2978 2956; x_wconf 79' lang='grc' dir='ltr'><strong>ἵνα</strong></span> <span class='ocrx_word' id='word_1_409' title='bbox 3041 2905 3118 2974; x_wconf 84' lang='grc' dir='ltr'><strong>μὴ</strong></span> <span class='ocrx_word' id='word_1_410' title='bbox 3192 2906 3331 2974; x_wconf 76' lang='grc' dir='ltr'><strong>ἀκοῇ</strong></span> <span class='ocrx_word' id='word_1_411' title='bbox 3396 2908 3651 2974; x_wconf 79' lang='grc' dir='ltr'>σκοτεινῇ</span> <span class='ocrx_word' id='word_1_412' title='bbox 3707 2920 3765 2957; x_wconf 85' lang='grc' dir='ltr'><strong>τε</strong></span> 
     </span>
    </p>
   </div>
   <div class='ocr_carea' id='block_1_62' title="bbox 2192 2996 3765 3067">
    <p class='ocr_par' dir='ltr' id='par_1_62' title="bbox 2192 2996 3765 3067">
     <span class='ocr_line' id='line_1_62' title="bbox 2192 2996 3765 3067; baseline -0.001 -16"><span class='ocrx_word' id='word_1_413' title='bbox 2192 2998 2288 3051; x_wconf 74' lang='grc' dir='ltr'><strong>καὶ</strong></span> <span class='ocrx_word' id='word_1_414' title='bbox 2319 2998 2568 3067; x_wconf 82' lang='grc' dir='ltr'><strong>ἀλαμπεῖ</strong></span> <span class='ocrx_word' id='word_1_415' title='bbox 2604 2997 3172 3067; x_wconf 74' lang='grc' dir='ltr'>κατακολουθήσαντες</span> <span class='ocrx_word' id='word_1_416' title='bbox 3210 2997 3291 3059; x_wconf 86' lang='grc' dir='ltr'><strong>είς</strong></span> <span class='ocrx_word' id='word_1_417' title='bbox 3331 2996 3611 3067; x_wconf 77' lang='grc' dir='ltr'>βάραθρον</span> <span class='ocrx_word' id='word_1_418' title='bbox 3636 3000 3765 3050; x_wconf 79' lang='grc' dir='ltr'><strong>ἑαυο</strong></span> 
     </span>
    </p>
   </div>
   <div class='ocr_carea' id='block_1_63' title="bbox 515 3086 2084 3184">
    <p class='ocr_par' dir='ltr' id='par_1_63' title="bbox 515 3086 2084 3157">
     <span class='ocr_line' id='line_1_63' title="bbox 515 3086 2084 3157; baseline -0.004 -9"><span class='ocrx_word' id='word_1_419' title='bbox 515 3103 573 3149; x_wconf 88' lang='lat' dir='ltr'><strong>et</strong></span> <span class='ocrx_word' id='word_1_420' title='bbox 601 3100 827 3155; x_wconf 86' lang='lat' dir='ltr'><strong>statu-at,</strong></span> <span class='ocrx_word' id='word_1_421' title='bbox 872 3102 1097 3143; x_wconf 86' lang='lat' dir='ltr'><strong>necesse</strong></span> <span class='ocrx_word' id='word_1_422' title='bbox 1127 3097 1211 3141; x_wconf 89' lang='lat' dir='ltr'><strong>est</strong></span> <span class='ocrx_word' id='word_1_423' title='bbox 1242 3098 1303 3139; x_wconf 86' lang='lat' dir='ltr'><strong>ut</strong></span> <span class='ocrx_word' id='word_1_424' title='bbox 1354 3086 1443 3141; x_wconf 87' lang='lat' dir='ltr'><strong>hic</strong></span> <span class='ocrx_word' id='word_1_425' title='bbox 1475 3086 1639 3139; x_wconf 87' lang='lat' dir='ltr'><strong>etiam</strong></span> <span class='ocrx_word' id='word_1_426' title='bbox 1690 3086 2004 3157; x_wconf 79' lang='lat' dir='ltr'><strong>vigilemus.</strong></span> <span class='ocrx_word' id='word_1_427' title='bbox 2030 3095 2084 3142; x_wconf 84' lang='lat' dir='ltr'><strong>et</strong></span> 
     </span>
    </p>
   </div>
   <div class='ocr_carea' id='block_1_64' title="bbox 2190 3086 3766 3184">
    <p class='ocr_par' dir='ltr' id='par_1_64' title="bbox 2190 3088 3766 3160">
     <span class='ocr_line' id='line_1_64' title="bbox 2190 3088 3766 3160; baseline 0 -17"><span class='ocrx_word' id='word_1_428' title='bbox 2190 3091 2317 3154; x_wconf 79' lang='grc' dir='ltr'>τοὺς</span> <span class='ocrx_word' id='word_1_429' title='bbox 2364 3091 2753 3159; x_wconf 80' lang='grc' dir='ltr'>συνωθήσωσιν</span> <span class='ocrx_word' id='word_1_430' title='bbox 2799 3088 3098 3151; x_wconf 85' lang='grc' dir='ltr'><strong>ἀπωλείας.</strong></span> <span class='ocrx_word' id='word_1_431' title='bbox 3146 3088 3299 3142; x_wconf 83' lang='grc' dir='ltr'><strong>Ἐπεὶ</strong></span> <span class='ocrx_word' id='word_1_432' title='bbox 3344 3091 3453 3160; x_wconf 69' lang='grc' dir='ltr'><strong>γὰρ</strong></span> <span class='ocrx_word' id='word_1_433' title='bbox 3493 3090 3766 3151; x_wconf 78' lang='grc' dir='ltr'>τοσαύτας</span> 
     </span>
    </p>
   </div>
   <div class='ocr_carea' id='block_1_65' title="bbox 522 3176 2083 3252">
    <p class='ocr_par' dir='ltr' id='par_1_65' title="bbox 522 3176 2083 3252">
     <span class='ocr_line' id='line_1_65' title="bbox 522 3176 2083 3252; baseline -0.004 -14"><span class='ocrx_word' id='word_1_434' title='bbox 522 3190 867 3252; x_wconf 84' lang='lat' dir='ltr'><strong>assumptum</strong></span> <span class='ocrx_word' id='word_1_435' title='bbox 915 3177 1167 3231; x_wconf 79' lang='lat' dir='ltr'><strong>vet&#39;ttatis</strong></span> <span class='ocrx_word' id='word_1_436' title='bbox 1198 3192 1386 3231; x_wconf 88' lang='lat' dir='ltr'><strong>ensem</strong></span> <span class='ocrx_word' id='word_1_437' title='bbox 1434 3176 1608 3232; x_wconf 87' lang='lat' dir='ltr'><strong>libere</strong></span> <span class='ocrx_word' id='word_1_438' title='bbox 1650 3176 1706 3230; x_wconf 92' lang='lat' dir='ltr'><strong>in</strong></span> <span class='ocrx_word' id='word_1_439' title='bbox 1735 3176 2083 3231; x_wconf 74' lang='lat' dir='ltr'><strong>mendacium</strong></span> 
     </span>
    </p>
   </div>
   <div class='ocr_carea' id='block_1_66' title="bbox 521 3268 2084 3340">
    <p class='ocr_par' dir='ltr' id='par_1_66' title="bbox 521 3268 2084 3340">
     <span class='ocr_line' id='line_1_66' title="bbox 521 3268 2084 3340; baseline -0.003 -11"><span class='ocrx_word' id='word_1_440' title='bbox 521 3286 846 3329; x_wconf 76' lang='lat' dir='ltr'><strong>exseramus</strong></span> <span class='ocrx_word' id='word_1_441' title='bbox 882 3279 961 3337; x_wconf 87' lang='lat' dir='ltr'><strong>et,</strong></span> <span class='ocrx_word' id='word_1_442' title='bbox 997 3278 1263 3340; x_wconf 87' lang='lat' dir='ltr'><strong>quantum</strong></span> <span class='ocrx_word' id='word_1_443' title='bbox 1308 3269 1360 3322; x_wconf 90' lang='lat' dir='ltr'><strong>in</strong></span> <span class='ocrx_word' id='word_1_444' title='bbox 1392 3268 1551 3322; x_wconf 92' lang='lat' dir='ltr'><strong>nobis</strong></span> <span class='ocrx_word' id='word_1_445' title='bbox 1593 3268 1721 3334; x_wconf 87' lang='lat' dir='ltr'><strong>erit,</strong></span> <span class='ocrx_word' id='word_1_446' title='bbox 1755 3268 2084 3339; x_wconf 77' lang='lat' dir='ltr'><strong>adigamus:</strong></span> 
     </span>
    </p>
   </div>
   <div class='ocr_carea' id='block_1_67' title="bbox 519 3361 2088 3436">
    <p class='ocr_par' dir='ltr' id='par_1_67' title="bbox 519 3361 2088 3436">
     <span class='ocr_line' id='line_1_67' title="bbox 519 3361 2088 3436; baseline -0.003 -14"><span class='ocrx_word' id='word_1_447' title='bbox 519 3381 673 3422; x_wconf 88' lang='lat' dir='ltr'><strong>arma</strong></span> <span class='ocrx_word' id='word_1_448' title='bbox 704 3362 912 3436; x_wconf 86' lang='lat' dir='ltr'><strong>pariter</strong></span> <span class='ocrx_word' id='word_1_449' title='bbox 963 3369 1021 3417; x_wconf 88' lang='lat' dir='ltr'><strong>et</strong></span> <span class='ocrx_word' id='word_1_450' title='bbox 1062 3376 1289 3416; x_wconf 86' lang='lat' dir='ltr'><strong>aeneum</strong></span> <span class='ocrx_word' id='word_1_451' title='bbox 1323 3361 1465 3414; x_wconf 88' lang='lat' dir='ltr'><strong>areis</strong></span> <span class='ocrx_word' id='word_1_452' title='bbox 1496 3374 1715 3416; x_wconf 88' lang='lat' dir='ltr'><strong>murum</strong></span> <span class='ocrx_word' id='word_1_453' title='bbox 1764 3361 2088 3419; x_wconf 79' lang='lat' dir='ltr'><strong>orthodoxis</strong></span> 
     </span>
    </p>
   </div>
   <div class='ocr_carea' id='block_1_68' title="bbox 518 3452 2085 3530">
    <p class='ocr_par' dir='ltr' id='par_1_68' title="bbox 518 3452 2085 3530">
     <span class='ocr_line' id='line_1_68' title="bbox 518 3452 2085 3530; baseline -0.003 -18"><span class='ocrx_word' id='word_1_454' title='bbox 518 3458 883 3530; x_wconf 67' lang='lat' dir='ltr'><strong>praebeamus,</strong></span> <span class='ocrx_word' id='word_1_455' title='bbox 911 3462 1095 3508; x_wconf 87' lang='lat' dir='ltr'><strong>nostra</strong></span> <span class='ocrx_word' id='word_1_456' title='bbox 1126 3452 1378 3507; x_wconf 82' lang='lat' dir='ltr'><strong>videlicet</strong></span> <span class='ocrx_word' id='word_1_457' title='bbox 1421 3452 1733 3523; x_wconf 83' lang='lat' dir='ltr'><strong>conscripta</strong></span> <span class='ocrx_word' id='word_1_458' title='bbox 1762 3468 1950 3524; x_wconf 89' lang='lat' dir='ltr'><strong>opera,</strong></span> <span class='ocrx_word' id='word_1_459' title='bbox 1986 3469 2085 3509; x_wconf 84' lang='lat' dir='ltr'><strong>seu</strong></span> 
     </span>
    </p>
   </div>
   <div class='ocr_carea' id='block_1_69' title="bbox 521 3544 2085 3623">
    <p class='ocr_par' dir='ltr' id='par_1_69' title="bbox 521 3544 2085 3623">
     <span class='ocr_line' id='line_1_69' title="bbox 521 3544 2085 3623; baseline -0.004 -16"><span class='ocrx_word' id='word_1_460' title='bbox 521 3552 706 3623; x_wconf 88' lang='lat' dir='ltr'><strong>potius</strong></span> <span class='ocrx_word' id='word_1_461' title='bbox 734 3559 1013 3603; x_wconf 84' lang='lat' dir='ltr'><strong>sacrarum</strong></span> <span class='ocrx_word' id='word_1_462' title='bbox 1055 3544 1464 3617; x_wconf 87' lang='lat' dir='ltr'><strong>Seripturarum</strong></span> <span class='ocrx_word' id='word_1_463' title='bbox 1513 3546 1827 3601; x_wconf 87' lang='lat' dir='ltr'><strong>testimonia</strong></span> <span class='ocrx_word' id='word_1_464' title='bbox 1860 3566 1876 3613; x_wconf 90' lang='lat'><strong>;</strong></span> <span class='ocrx_word' id='word_1_465' title='bbox 1904 3561 1975 3602; x_wconf 88' lang='lat' dir='ltr'><strong>ne</strong></span> <span class='ocrx_word' id='word_1_466' title='bbox 2005 3547 2085 3602; x_wconf 89' lang='lat' dir='ltr'><strong>illi</strong></span> 
     </span>
    </p>
   </div>
   <div class='ocr_carea' id='block_1_70' title="bbox 517 3633 2083 3705">
    <p class='ocr_par' dir='ltr' id='par_1_70' title="bbox 517 3633 2083 3705">
     <span class='ocr_line' id='line_1_70' title="bbox 517 3633 2083 3705; baseline -0.001 -13"><span class='ocrx_word' id='word_1_467' title='bbox 517 3637 919 3693; x_wconf 83' lang='lat' dir='ltr'><strong>tenebricosam</strong></span> <span class='ocrx_word' id='word_1_468' title='bbox 942 3642 998 3689; x_wconf 85' lang='lat' dir='ltr'><strong>et</strong></span> <span class='ocrx_word' id='word_1_469' title='bbox 1021 3633 1368 3703; x_wconf 82' lang='lat' dir='ltr'><strong>caliginosam</strong></span> <span class='ocrx_word' id='word_1_470' title='bbox 1398 3633 1734 3688; x_wconf 86' lang='lat' dir='ltr'><strong>auditionem</strong></span> <span class='ocrx_word' id='word_1_471' title='bbox 1757 3646 2083 3705; x_wconf 85' lang='lat' dir='ltr'><strong>sequantur,</strong></span> 
     </span>
    </p>
   </div>
   <div class='ocr_carea' id='block_1_71' title="bbox 518 3724 2081 3799">
    <p class='ocr_par' dir='ltr' id='par_1_71' title="bbox 518 3724 2081 3799">
     <span class='ocr_line' id='line_1_71' title="bbox 518 3724 2081 3799; baseline -0.002 -15"><span class='ocrx_word' id='word_1_472' title='bbox 518 3730 709 3799; x_wconf 78' lang='lat' dir='ltr'><strong>sicque</strong></span> <span class='ocrx_word' id='word_1_473' title='bbox 743 3743 804 3782; x_wconf 86' lang='lat' dir='ltr'><strong>se</strong></span> <span class='ocrx_word' id='word_1_474' title='bbox 837 3728 984 3796; x_wconf 86' lang='lat' dir='ltr'><strong>ipsos</strong></span> <span class='ocrx_word' id='word_1_475' title='bbox 1012 3725 1067 3779; x_wconf 90' lang='lat' dir='ltr'><strong>in</strong></span> <span class='ocrx_word' id='word_1_476' title='bbox 1104 3724 1429 3795; x_wconf 85' lang='lat' dir='ltr'><strong>perditionis</strong></span> <span class='ocrx_word' id='word_1_477' title='bbox 1458 3725 1726 3796; x_wconf 78' lang='lat' dir='ltr'><strong>gurgitem</strong></span> <span class='ocrx_word' id='word_1_478' title='bbox 1760 3728 2081 3799; x_wconf 86' lang='lat' dir='ltr'><strong>conjiciant.</strong></span> 
     </span>
    </p>
   </div>
   <div class='ocr_carea' id='block_1_72' title="bbox 518 3818 2088 3890">
    <p class='ocr_par' dir='ltr' id='par_1_72' title="bbox 518 3818 2088 3890">
     <span class='ocr_line' id='line_1_72' title="bbox 518 3818 2088 3890; baseline -0.001 -12"><span class='ocrx_word' id='word_1_479' title='bbox 518 3824 655 3878; x_wconf 80' lang='lat' dir='ltr'><strong>Cum</strong></span> <span class='ocrx_word' id='word_1_480' title='bbox 684 3820 834 3876; x_wconf 86' lang='lat' dir='ltr'><strong>enim</strong></span> <span class='ocrx_word' id='word_1_481' title='bbox 863 3829 962 3885; x_wconf 91' lang='lat' dir='ltr'><strong>tot,</strong></span> <span class='ocrx_word' id='word_1_482' title='bbox 999 3828 1146 3873; x_wconf 84' lang='lat' dir='ltr'><strong>tanta</strong></span> <span class='ocrx_word' id='word_1_483' title='bbox 1181 3828 1235 3873; x_wconf 90' lang='lat' dir='ltr'><strong>et</strong></span> <span class='ocrx_word' id='word_1_484' title='bbox 1276 3818 1608 3887; x_wconf 87' lang='lat' dir='ltr'><strong>talia,prius</strong></span> <span class='ocrx_word' id='word_1_485' title='bbox 1636 3821 1859 3890; x_wconf 89' lang='lat' dir='ltr'><strong>quidem</strong></span> <span class='ocrx_word' id='word_1_486' title='bbox 1902 3822 1956 3876; x_wconf 91' lang='lat' dir='ltr'><strong>in</strong></span> <span class='ocrx_word' id='word_1_487' title='bbox 1992 3839 2088 3877; x_wconf 76' lang='lat' dir='ltr'><strong>no-</strong></span> 
     </span>
    </p>
   </div>
   <div class='ocr_carea' id='block_1_73' title="bbox 517 3917 2082 3988">
    <p class='ocr_par' dir='ltr' id='par_1_73' title="bbox 517 3917 2082 3988">
     <span class='ocr_line' id='line_1_73' title="bbox 517 3917 2082 3988; baseline 0.001 -14"><span class='ocrx_word' id='word_1_488' title='bbox 517 3923 651 3975; x_wconf 85' lang='lat' dir='ltr'><strong>stris</strong></span> <span class='ocrx_word' id='word_1_489' title='bbox 680 3918 971 3974; x_wconf 83' lang='lat' dir='ltr'><strong>invectivis</strong></span> <span class='ocrx_word' id='word_1_490' title='bbox 993 3926 1049 3971; x_wconf 89' lang='lat' dir='ltr'><strong>et</strong></span> <span class='ocrx_word' id='word_1_491' title='bbox 1079 3917 1490 3984; x_wconf 81' lang='lat' dir='ltr'><strong>Antirrheticis,</strong></span> <span class='ocrx_word' id='word_1_492' title='bbox 1525 3934 1672 3975; x_wconf 89' lang='lat' dir='ltr'><strong>nunc</strong></span> <span class='ocrx_word' id='word_1_493' title='bbox 1697 3929 1879 3976; x_wconf 90' lang='lat' dir='ltr'><strong>autem</strong></span> <span class='ocrx_word' id='word_1_494' title='bbox 1914 3922 1967 3976; x_wconf 90' lang='lat' dir='ltr'><strong>in</strong></span> <span class='ocrx_word' id='word_1_495' title='bbox 1996 3937 2082 3988; x_wconf 90' lang='lat' dir='ltr'><strong>ea,</strong></span> 
     </span>
    </p>
   </div>
   <div class='ocr_carea' id='block_1_74' title="bbox 519 4011 2089 4084">
    <p class='ocr_par' dir='ltr' id='par_1_74' title="bbox 519 4011 2089 4084">
     <span class='ocr_line' id='line_1_74' title="bbox 519 4011 2089 4084; baseline -0.003 -19"><span class='ocrx_word' id='word_1_496' title='bbox 519 4029 684 4084; x_wconf 85' lang='lat' dir='ltr'><strong>quam</strong></span> <span class='ocrx_word' id='word_1_497' title='bbox 723 4011 998 4073; x_wconf 86' lang='lat' dir='ltr'><strong>audiistis,</strong></span> <span class='ocrx_word' id='word_1_498' title='bbox 1030 4012 1402 4081; x_wconf 83' lang='lat' dir='ltr'><strong>disputatione</strong></span> <span class='ocrx_word' id='word_1_499' title='bbox 1428 4012 1745 4066; x_wconf 85' lang='lat' dir='ltr'><strong>testimonia</strong></span> <span class='ocrx_word' id='word_1_500' title='bbox 1784 4014 1886 4084; x_wconf 86' lang='lat' dir='ltr'><strong>ipsi</strong></span> <span class='ocrx_word' id='word_1_501' title='bbox 1929 4016 2089 4072; x_wconf 71' lang='lat' dir='ltr'><strong>Paia.</strong></span> 
     </span>
    </p>
   </div>
   <div class='ocr_carea' id='block_1_75' title="bbox 522 4101 2087 4172">
    <p class='ocr_par' dir='ltr' id='par_1_75' title="bbox 522 4101 2087 4172">
     <span class='ocr_line' id='line_1_75' title="bbox 522 4101 2087 4172; baseline -0.001 -15"><span class='ocrx_word' id='word_1_502' title='bbox 522 4119 622 4157; x_wconf 73' lang='lat' dir='ltr'><strong>nne</strong></span> <span class='ocrx_word' id='word_1_503' title='bbox 646 4101 992 4172; x_wconf 87' lang='lat' dir='ltr'><strong>protulerim,</strong></span> <span class='ocrx_word' id='word_1_504' title='bbox 1012 4115 1117 4154; x_wconf 86' lang='lat' dir='ltr'><strong>nec</strong></span> <span class='ocrx_word' id='word_1_505' title='bbox 1153 4109 1332 4155; x_wconf 88' lang='lat' dir='ltr'><strong>tamen</strong></span> <span class='ocrx_word' id='word_1_506' title='bbox 1354 4102 1513 4171; x_wconf 86' lang='lat' dir='ltr'><strong>plene</strong></span> <span class='ocrx_word' id='word_1_507' title='bbox 1547 4103 1675 4156; x_wconf 88' lang='lat' dir='ltr'><strong>huic</strong></span> <span class='ocrx_word' id='word_1_508' title='bbox 1697 4106 2087 4172; x_wconf 85' lang='lat' dir='ltr'><strong>persuaserim,</strong></span> 
     </span>
    </p>
   </div>
   <div class='ocr_carea' id='block_1_76' title="bbox 530 4193 2091 4264">
    <p class='ocr_par' dir='ltr' id='par_1_76' title="bbox 530 4193 2091 4264">
     <span class='ocr_line' id='line_1_76' title="bbox 530 4193 2091 4264; baseline 0 -15"><span class='ocrx_word' id='word_1_509' title='bbox 530 4207 589 4249; x_wconf 88' lang='lat' dir='ltr'><strong>ut</strong></span> <span class='ocrx_word' id='word_1_510' title='bbox 645 4196 720 4259; x_wconf 85' lang='lat' dir='ltr'><strong>id,</strong></span> <span class='ocrx_word' id='word_1_511' title='bbox 752 4194 898 4264; x_wconf 84' lang='lat' dir='ltr'><strong>quod</strong></span> <span class='ocrx_word' id='word_1_512' title='bbox 948 4194 1149 4247; x_wconf 64' lang='lat' dir='ltr'><strong>factum</strong></span> <span class='ocrx_word' id='word_1_513' title='bbox 1184 4200 1300 4253; x_wconf 86' lang='lat' dir='ltr'><strong>est,</strong></span> <span class='ocrx_word' id='word_1_514' title='bbox 1332 4193 1558 4247; x_wconf 90' lang='lat' dir='ltr'><strong>minime</strong></span> <span class='ocrx_word' id='word_1_515' title='bbox 1596 4196 1841 4248; x_wconf 83' lang='lat' dir='ltr'><strong>omnium</strong></span> <span class='ocrx_word' id='word_1_516' title='bbox 1878 4196 2091 4251; x_wconf 86' lang='lat' dir='ltr'><strong>increa-</strong></span> 
     </span>
    </p>
   </div>
   <div class='ocr_carea' id='block_1_77' title="bbox 522 4285 2092 4356">
    <p class='ocr_par' dir='ltr' id='par_1_77' title="bbox 522 4285 2092 4356">
     <span class='ocr_line' id='line_1_77' title="bbox 522 4285 2092 4356; baseline 0.001 -14"><span class='ocrx_word' id='word_1_517' title='bbox 522 4301 637 4342; x_wconf 92' lang='lat' dir='ltr'><strong>tum</strong></span> <span class='ocrx_word' id='word_1_518' title='bbox 681 4301 801 4341; x_wconf 80' lang='lat' dir='ltr'><strong>esse</strong></span> <span class='ocrx_word' id='word_1_519' title='bbox 857 4300 1018 4355; x_wconf 84' lang='lat' dir='ltr'><strong>posse</strong></span> <span class='ocrx_word' id='word_1_520' title='bbox 1068 4285 1433 4355; x_wconf 80' lang='lat' dir='ltr'><strong>intelligeret:</strong></span> <span class='ocrx_word' id='word_1_521' title='bbox 1488 4285 1722 4356; x_wconf 82' lang='lat' dir='ltr'><strong>agedum</strong></span> <span class='ocrx_word' id='word_1_522' title='bbox 1768 4287 1836 4342; x_wconf 89' lang='lat' dir='ltr'><strong>de</strong></span> <span class='ocrx_word' id='word_1_523' title='bbox 1891 4298 2092 4343; x_wconf 73' lang='lat' dir='ltr'><strong>caetero</strong></span> 
     </span>
    </p>
   </div>
   <div class='ocr_carea' id='block_1_78' title="bbox 524 4378 2091 4449">
    <p class='ocr_par' dir='ltr' id='par_1_78' title="bbox 524 4378 2091 4449">
     <span class='ocr_line' id='line_1_78' title="bbox 524 4378 2091 4449; baseline -0.001 -11"><span class='ocrx_word' id='word_1_524' title='bbox 524 4382 752 4439; x_wconf 86' lang='lat' dir='ltr'><strong>clariora</strong></span> <span class='ocrx_word' id='word_1_525' title='bbox 805 4391 863 4435; x_wconf 91' lang='lat' dir='ltr'><strong>et</strong></span> <span class='ocrx_word' id='word_1_526' title='bbox 915 4378 1050 4449; x_wconf 87' lang='lat' dir='ltr'><strong>ipsis</strong></span> <span class='ocrx_word' id='word_1_527' title='bbox 1098 4380 1424 4445; x_wconf 75' lang='lat' dir='ltr'><strong>fossoribus,</strong></span> <span class='ocrx_word' id='word_1_528' title='bbox 1471 4389 1529 4433; x_wconf 92' lang='lat' dir='ltr'><strong>ut</strong></span> <span class='ocrx_word' id='word_1_529' title='bbox 1577 4380 1652 4434; x_wconf 85' lang='lat' dir='ltr'><strong>ita</strong></span> <span class='ocrx_word' id='word_1_530' title='bbox 1708 4381 1908 4447; x_wconf 83' lang='lat' dir='ltr'><strong>dicam,</strong></span> <span class='ocrx_word' id='word_1_531' title='bbox 1963 4392 2091 4438; x_wconf 85' lang='lat' dir='ltr'><strong>nota</strong></span> 
     </span>
    </p>
   </div>
   <div class='ocr_carea' id='block_1_79' title="bbox 2197 3180 3767 3254">
    <p class='ocr_par' dir='ltr' id='par_1_79' title="bbox 2197 3180 3767 3254">
     <span class='ocr_line' id='line_1_79' title="bbox 2197 3180 3767 3254; baseline -0.001 -15"><span class='ocrx_word' id='word_1_532' title='bbox 2197 3183 2349 3252; x_wconf 81' lang='grc' dir='ltr'><strong>αὐτῷ</strong></span> <span class='ocrx_word' id='word_1_533' title='bbox 2379 3184 2474 3237; x_wconf 85' lang='grc' dir='ltr'><strong>καὶ</strong></span> <span class='ocrx_word' id='word_1_534' title='bbox 2498 3183 2758 3247; x_wconf 84' lang='grc' dir='ltr'><strong>τοιαύτας</strong></span> <span class='ocrx_word' id='word_1_535' title='bbox 2803 3180 2916 3249; x_wconf 79' lang='grc' dir='ltr'><strong>ἐγὼ</strong></span> <span class='ocrx_word' id='word_1_536' title='bbox 2951 3184 3312 3253; x_wconf 74' lang='grc' dir='ltr'>συμφορήσας</span> <span class='ocrx_word' id='word_1_537' title='bbox 3341 3185 3613 3254; x_wconf 85' lang='grc' dir='ltr'>πρότερον</span> <span class='ocrx_word' id='word_1_538' title='bbox 3666 3185 3767 3254; x_wconf 69' lang='grc' dir='ltr'><strong>μὲν</strong></span> 
     </span>
    </p>
   </div>
   <div class='ocr_carea' id='block_1_80' title="bbox 2196 3273 3763 3348">
    <p class='ocr_par' dir='ltr' id='par_1_80' title="bbox 2196 3273 3763 3348">
     <span class='ocr_line' id='line_1_80' title="bbox 2196 3273 3763 3348; baseline 0.001 -20"><span class='ocrx_word' id='word_1_539' title='bbox 2196 3274 2286 3328; x_wconf 82' lang='grc' dir='ltr'>διά</span> <span class='ocrx_word' id='word_1_540' title='bbox 2315 3290 2374 3326; x_wconf 89' lang='grc' dir='ltr'><strong>τε</strong></span> <span class='ocrx_word' id='word_1_541' title='bbox 2411 3273 2521 3327; x_wconf 81' lang='grc' dir='ltr'><strong>τῶν</strong></span> <span class='ocrx_word' id='word_1_542' title='bbox 2554 3273 2984 3345; x_wconf 79' lang='grc' dir='ltr'>στηλιτευτικῶν</span> <span class='ocrx_word' id='word_1_543' title='bbox 3019 3274 3251 3327; x_wconf 73' lang='grc' dir='ltr'><strong>ἐκείνων</strong></span> <span class='ocrx_word' id='word_1_544' title='bbox 3301 3278 3396 3327; x_wconf 73' lang='grc' dir='ltr'><strong>καὶ</strong></span> <span class='ocrx_word' id='word_1_545' title='bbox 3431 3277 3763 3348; x_wconf 52' lang='lat' dir='ltr'><strong>amem;-</strong></span> 
     </span>
    </p>
   </div>
   <div class='ocr_carea' id='block_1_81' title="bbox 2196 3359 3761 3441">
    <p class='ocr_par' dir='ltr' id='par_1_81' title="bbox 2196 3359 3761 3441">
     <span class='ocr_line' id='line_1_81' title="bbox 2196 3359 3761 3441; baseline 0.003 -23"><span class='ocrx_word' id='word_1_546' title='bbox 2196 3366 2331 3429; x_wconf 84' lang='grc' dir='ltr'>κῶν,</span> <span class='ocrx_word' id='word_1_547' title='bbox 2365 3367 2462 3419; x_wconf 78' lang='grc' dir='ltr'><strong>καὶ</strong></span> <span class='ocrx_word' id='word_1_548' title='bbox 2491 3364 2557 3418; x_wconf 80' lang='grc' dir='ltr'><strong>αὖ</strong></span> <span class='ocrx_word' id='word_1_549' title='bbox 2582 3364 2650 3418; x_wconf 82' lang='grc' dir='ltr'><strong>δι’</strong></span> <span class='ocrx_word' id='word_1_550' title='bbox 2686 3359 2763 3419; x_wconf 77' lang='grc' dir='ltr'>ὧν</span> <span class='ocrx_word' id='word_1_551' title='bbox 2788 3367 3080 3435; x_wconf 74' lang='grc' dir='ltr'>ἠκηκόει-ιε</span> <span class='ocrx_word' id='word_1_552' title='bbox 3115 3365 3233 3433; x_wconf 78' lang='grc' dir='ltr'>νῦν,</span> <span class='ocrx_word' id='word_1_553' title='bbox 3264 3369 3366 3421; x_wconf 86' lang='grc' dir='ltr'><strong>οὐκ</strong></span> <span class='ocrx_word' id='word_1_554' title='bbox 3396 3368 3761 3441; x_wconf 80' lang='grc' dir='ltr'>ὲμπέπληκα,</span> 
     </span>
    </p>
   </div>
   <div class='ocr_carea' id='block_1_82' title="bbox 2196 3458 3766 3530">
    <p class='ocr_par' dir='ltr' id='par_1_82' title="bbox 2196 3458 3766 3530">
     <span class='ocr_line' id='line_1_82' title="bbox 2196 3458 3766 3530; baseline 0.003 -19"><span class='ocrx_word' id='word_1_555' title='bbox 2196 3458 2319 3512; x_wconf 82' lang='grc' dir='ltr'><strong>ούδέ</strong></span> <span class='ocrx_word' id='word_1_556' title='bbox 2350 3474 2413 3527; x_wconf 83' lang='grc' dir='ltr'><strong>γε</strong></span> <span class='ocrx_word' id='word_1_557' title='bbox 2444 3459 2689 3513; x_wconf 76' lang='grc' dir='ltr'>συνιέναι</span> <span class='ocrx_word' id='word_1_558' title='bbox 2729 3458 2991 3521; x_wconf 73' lang='grc' dir='ltr'>πέπεικα,</span> <span class='ocrx_word' id='word_1_559' title='bbox 3021 3458 3282 3512; x_wconf 76' lang='grc' dir='ltr'>ἀκτιστον</span> <span class='ocrx_word' id='word_1_560' title='bbox 3311 3460 3518 3530; x_wconf 74' lang='grc' dir='ltr'>ἥκιστα</span> <span class='ocrx_word' id='word_1_561' title='bbox 3542 3465 3766 3517; x_wconf 70' lang='grc' dir='ltr'>πάντων</span> 
     </span>
    </p>
   </div>
   <div class='ocr_carea' id='block_1_83' title="bbox 2197 3545 3772 3624">
    <p class='ocr_par' dir='ltr' id='par_1_83' title="bbox 2197 3545 3772 3624">
     <span class='ocr_line' id='line_1_83' title="bbox 2197 3545 3772 3624; baseline 0.001 -20"><span class='ocrx_word' id='word_1_562' title='bbox 2197 3545 2341 3605; x_wconf 77' lang='grc' dir='ltr'>εἷναι</span> <span class='ocrx_word' id='word_1_563' title='bbox 2372 3551 2626 3621; x_wconf 82' lang='grc' dir='ltr'><strong>ποίημα·</strong></span> <span class='ocrx_word' id='word_1_564' title='bbox 2653 3550 2786 3621; x_wconf 75' lang='grc' dir='ltr'>φέρε</span> <span class='ocrx_word' id='word_1_565' title='bbox 2814 3550 3005 3603; x_wconf 78' lang='grc' dir='ltr'><strong>λοιπὸν</strong></span> <span class='ocrx_word' id='word_1_566' title='bbox 3054 3549 3408 3624; x_wconf 78' lang='grc' dir='ltr'>σαφεστέρων</span> <span class='ocrx_word' id='word_1_567' title='bbox 3456 3553 3648 3618; x_wconf 78' lang='grc' dir='ltr'>τινῶν,</span> <span class='ocrx_word' id='word_1_568' title='bbox 3678 3554 3772 3610; x_wconf 79' lang='grc' dir='ltr'><strong>καὶ</strong></span> 
     </span>
    </p>
   </div>
   <div class='ocr_carea' id='block_1_84' title="bbox 2196 3643 3773 3714">
    <p class='ocr_par' dir='ltr' id='par_1_84' title="bbox 2196 3643 3773 3714">
     <span class='ocr_line' id='line_1_84' title="bbox 2196 3643 3773 3714; baseline 0.002 -16"><span class='ocrx_word' id='word_1_569' title='bbox 2196 3645 2380 3706; x_wconf 76' lang='grc' dir='ltr'>αὐτοῖς</span> <span class='ocrx_word' id='word_1_570' title='bbox 2413 3643 2710 3712; x_wconf 81' lang='grc' dir='ltr'><strong>γνωρίμων</strong></span> <span class='ocrx_word' id='word_1_571' title='bbox 2760 3643 2936 3694; x_wconf 73' lang='grc' dir='ltr'><strong>εἰπεῖν</strong></span> <span class='ocrx_word' id='word_1_572' title='bbox 2960 3645 3354 3707; x_wconf 87' lang='grc' dir='ltr'>σκαπανεῦσιν,</span> <span class='ocrx_word' id='word_1_573' title='bbox 3385 3643 3661 3714; x_wconf 80' lang='grc' dir='ltr'><strong>ἁψώμεθα</strong></span> <span class='ocrx_word' id='word_1_574' title='bbox 3688 3647 3773 3701; x_wconf 68' lang='grc' dir='ltr'><strong>λέ-</strong></span> 
     </span>
    </p>
   </div>
   <div class='ocr_carea' id='block_1_85' title="bbox 2197 3732 3771 3806">
    <p class='ocr_par' dir='ltr' id='par_1_85' title="bbox 2197 3732 3771 3806">
     <span class='ocr_line' id='line_1_85' title="bbox 2197 3732 3771 3806; baseline 0 -17"><span class='ocrx_word' id='word_1_575' title='bbox 2197 3751 2332 3805; x_wconf 89' lang='grc' dir='ltr'>γων.</span> <span class='ocrx_word' id='word_1_576' title='bbox 2370 3734 2630 3805; x_wconf 82' lang='grc' dir='ltr'><strong>Ἐνδηλον</strong></span> <span class='ocrx_word' id='word_1_577' title='bbox 2682 3737 2792 3803; x_wconf 75' lang='grc' dir='ltr'>γὰρ</span> <span class='ocrx_word' id='word_1_578' title='bbox 2844 3733 3017 3797; x_wconf 60' lang='grc' dir='ltr'>δήπου</span> <span class='ocrx_word' id='word_1_579' title='bbox 3072 3735 3183 3795; x_wconf 83' lang='grc' dir='ltr'><strong>τοῖς</strong></span> <span class='ocrx_word' id='word_1_580' title='bbox 3218 3732 3402 3799; x_wconf 69' lang='grc' dir='ltr'><strong>,ὅλοιῄ</strong></span> <span class='ocrx_word' id='word_1_581' title='bbox 3442 3734 3518 3798; x_wconf 86' lang='grc' dir='ltr'>ὡς</span> <span class='ocrx_word' id='word_1_582' title='bbox 3555 3736 3619 3789; x_wconf 82' lang='grc' dir='ltr'><strong>τὸ</strong></span> <span class='ocrx_word' id='word_1_583' title='bbox 3676 3735 3771 3806; x_wconf 74' lang='grc' dir='ltr'><strong>τῆς</strong></span> 
     </span>
    </p>
   </div>
   <div class='ocr_carea' id='block_1_86' title="bbox 2199 3827 3769 3899">
    <p class='ocr_par' dir='ltr' id='par_1_86' title="bbox 2199 3827 3769 3899">
     <span class='ocr_line' id='line_1_86' title="bbox 2199 3827 3769 3899; baseline -0.001 -17"><span class='ocrx_word' id='word_1_584' title='bbox 2199 3831 2437 3893; x_wconf 81' lang='grc' dir='ltr'><strong>πίστεως</strong></span> <span class='ocrx_word' id='word_1_585' title='bbox 2470 3828 2629 3897; x_wconf 72' lang='grc' dir='ltr'>ἡμῶν</span> <span class='ocrx_word' id='word_1_586' title='bbox 2660 3829 2811 3899; x_wconf 75' lang='grc' dir='ltr'><strong>ἱερὸν</strong></span> <span class='ocrx_word' id='word_1_587' title='bbox 2842 3827 3144 3897; x_wconf 76' lang='grc' dir='ltr'>Σύμθολον,</span> <span class='ocrx_word' id='word_1_588' title='bbox 3192 3829 3251 3882; x_wconf 84' lang='grc' dir='ltr'><strong>ὲν</strong></span> <span class='ocrx_word' id='word_1_589' title='bbox 3284 3830 3516 3899; x_wconf 71' lang='grc' dir='ltr'>ἡμέραις</span> <span class='ocrx_word' id='word_1_590' title='bbox 3562 3831 3769 3893; x_wconf 68' lang='grc' dir='ltr'>πάσαις</span> 
     </span>
    </p>
   </div>
   <div class='ocr_carea' id='block_1_87' title="bbox 2199 3918 3765 3992">
    <p class='ocr_par' dir='ltr' id='par_1_87' title="bbox 2199 3918 3765 3992">
     <span class='ocr_line' id='line_1_87' title="bbox 2199 3918 3765 3992; baseline -0.003 -16"><span class='ocrx_word' id='word_1_591' title='bbox 2199 3924 2295 3976; x_wconf 69' lang='grc' dir='ltr'><strong>καὶ</strong></span> <span class='ocrx_word' id='word_1_592' title='bbox 2321 3921 2497 3987; x_wconf 70' lang='grc' dir='ltr'>νυξὶν,</span> <span class='ocrx_word' id='word_1_593' title='bbox 2534 3920 2802 3990; x_wconf 70' lang='grc' dir='ltr'>ὁμολογία</span> <span class='ocrx_word' id='word_1_594' title='bbox 2853 3921 3023 3973; x_wconf 73' lang='grc' dir='ltr'>πᾶσιν</span> <span class='ocrx_word' id='word_1_595' title='bbox 3048 3918 3351 3990; x_wconf 74' lang='grc' dir='ltr'><strong>ὀρίῑοδόξοις</strong></span> <span class='ocrx_word' id='word_1_596' title='bbox 3381 3925 3534 3992; x_wconf 79' lang='grc' dir='ltr'>κοινῇ</span> <span class='ocrx_word' id='word_1_597' title='bbox 3567 3922 3765 3992; x_wconf 76' lang='grc' dir='ltr'>περιᾴ-</span> 
     </span>
    </p>
   </div>
   <div class='ocr_carea' id='block_1_88' title="bbox 2197 4010 3764 4083">
    <p class='ocr_par' dir='ltr' id='par_1_88' title="bbox 2197 4010 3764 4083">
     <span class='ocr_line' id='line_1_88' title="bbox 2197 4010 3764 4083; baseline 0.001 -17"><span class='ocrx_word' id='word_1_598' title='bbox 2197 4016 2349 4068; x_wconf 76' lang='grc' dir='ltr'>δεται</span> <span class='ocrx_word' id='word_1_599' title='bbox 2386 4014 2569 4079; x_wconf 82' lang='grc' dir='ltr'>πάντη</span> <span class='ocrx_word' id='word_1_600' title='bbox 2616 4011 2890 4080; x_wconf 73' lang='grc' dir='ltr'>διηνεκὲς,</span> <span class='ocrx_word' id='word_1_601' title='bbox 2936 4014 2994 4065; x_wconf 78' lang='grc' dir='ltr'><strong>ὲν</strong></span> <span class='ocrx_word' id='word_1_602' title='bbox 3040 4010 3259 4083; x_wconf 84' lang='grc' dir='ltr'>κώμαις</span> <span class='ocrx_word' id='word_1_603' title='bbox 3281 4012 3400 4083; x_wconf 75' lang='grc' dir='ltr'><strong>ἅμα</strong></span> <span class='ocrx_word' id='word_1_604' title='bbox 3443 4018 3542 4069; x_wconf 71' lang='grc' dir='ltr'><strong>καὶ</strong></span> <span class='ocrx_word' id='word_1_605' title='bbox 3573 4014 3764 4068; x_wconf 77' lang='grc' dir='ltr'>πόλεσι</span> 
     </span>
    </p>
   </div>
   <div class='ocr_carea' id='block_1_89' title="bbox 2201 4102 3763 4175">
    <p class='ocr_par' dir='ltr' id='par_1_89' title="bbox 2201 4102 3763 4175">
     <span class='ocr_line' id='line_1_89' title="bbox 2201 4102 3763 4175; baseline -0.001 -17"><span class='ocrx_word' id='word_1_606' title='bbox 2201 4107 2296 4158; x_wconf 73' lang='grc' dir='ltr'><strong>καὶ</strong></span> <span class='ocrx_word' id='word_1_607' title='bbox 2328 4104 2619 4175; x_wconf 79' lang='grc' dir='ltr'>σπηλαίοις</span> <span class='ocrx_word' id='word_1_608' title='bbox 2665 4102 2763 4156; x_wconf 75' lang='grc' dir='ltr'><strong>καὶ</strong></span> <span class='ocrx_word' id='word_1_609' title='bbox 2789 4103 2944 4173; x_wconf 77' lang='grc' dir='ltr'>ὄρεσι</span> <span class='ocrx_word' id='word_1_610' title='bbox 2990 4105 3109 4168; x_wconf 79' lang='grc' dir='ltr'>καὶ,</span> <span class='ocrx_word' id='word_1_611' title='bbox 3138 4105 3445 4175; x_wconf 75' lang='grc' dir='ltr'>συλλήόδην</span> <span class='ocrx_word' id='word_1_612' title='bbox 3476 4106 3675 4172; x_wconf 72' lang='grc' dir='ltr'><strong>εἰπεῖν,</strong></span> <span class='ocrx_word' id='word_1_613' title='bbox 3708 4109 3763 4157; x_wconf 77' lang='grc' dir='ltr'>ἐν</span> 
     </span>
    </p>
   </div>
   <div class='ocr_carea' id='block_1_90' title="bbox 2203 4195 3767 4270">
    <p class='ocr_par' dir='ltr' id='par_1_90' title="bbox 2203 4195 3767 4270">
     <span class='ocr_line' id='line_1_90' title="bbox 2203 4195 3767 4270; baseline -0.002 -18"><span class='ocrx_word' id='word_1_614' title='bbox 2203 4201 2353 4269; x_wconf 78' lang='grc' dir='ltr'>πάσῃ</span> <span class='ocrx_word' id='word_1_615' title='bbox 2386 4214 2451 4266; x_wconf 90' lang='grc' dir='ltr'><strong>γε</strong></span> <span class='ocrx_word' id='word_1_616' title='bbox 2494 4200 2561 4268; x_wconf 76' lang='grc' dir='ltr'>τῇ</span> <span class='ocrx_word' id='word_1_617' title='bbox 2584 4198 2655 4268; x_wconf 79' lang='grc' dir='ltr'><strong>γῇ</strong></span> <span class='ocrx_word' id='word_1_618' title='bbox 2685 4196 2779 4249; x_wconf 76' lang='grc' dir='ltr'><strong>καὶ</strong></span> <span class='ocrx_word' id='word_1_619' title='bbox 2805 4199 2914 4265; x_wconf 77' lang='grc' dir='ltr'>ὅπη</span> <span class='ocrx_word' id='word_1_620' title='bbox 2944 4196 3043 4266; x_wconf 84' lang='grc' dir='ltr'><strong>τῆς</strong></span> <span class='ocrx_word' id='word_1_621' title='bbox 3078 4195 3253 4264; x_wconf 80' lang='grc' dir='ltr'>ὑγρᾶς</span> <span class='ocrx_word' id='word_1_622' title='bbox 3277 4197 3463 4261; x_wconf 84' lang='grc' dir='ltr'><strong>οὐσίας</strong></span> <span class='ocrx_word' id='word_1_623' title='bbox 3501 4199 3681 4270; x_wconf 78' lang='grc' dir='ltr'>διήκει</span> <span class='ocrx_word' id='word_1_624' title='bbox 3708 4198 3767 4250; x_wconf 76' lang='grc' dir='ltr'><strong>τὸ</strong></span> 
     </span>
    </p>
   </div>
   <div class='ocr_carea' id='block_1_91' title="bbox 2203 4284 3866 4361">
    <p class='ocr_par' dir='ltr' id='par_1_91' title="bbox 2203 4284 3866 4361">
     <span class='ocr_line' id='line_1_91' title="bbox 2203 4284 3866 4361; baseline 0.001 -19"><span class='ocrx_word' id='word_1_625' title='bbox 2203 4290 2406 4361; x_wconf 76' lang='grc' dir='ltr'><strong>ῥᾴδιον.</strong></span> <span class='ocrx_word' id='word_1_626' title='bbox 2441 4291 2598 4360; x_wconf 79' lang='grc' dir='ltr'><strong>Ἔχει</strong></span> <span class='ocrx_word' id='word_1_627' title='bbox 2638 4289 2698 4343; x_wconf 74' lang='grc' dir='ltr'>δὲ</span> <span class='ocrx_word' id='word_1_628' title='bbox 2752 4288 2958 4351; x_wconf 76' lang='grc' dir='ltr'>οὕτως’</span> <span class='ocrx_word' id='word_1_629' title='bbox 2991 4307 3010 4341; x_wconf 72' lang='grc' dir='ltr'><strong>ι</strong></span> <span class='ocrx_word' id='word_1_630' title='bbox 3038 4288 3375 4359; x_wconf 81' lang='grc' dir='ltr'><strong>Πιστεύομεν</strong></span> <span class='ocrx_word' id='word_1_631' title='bbox 3399 4295 3479 4353; x_wconf 86' lang='grc' dir='ltr'><strong>είς</strong></span> <span class='ocrx_word' id='word_1_632' title='bbox 3503 4292 3601 4344; x_wconf 72' lang='grc' dir='ltr'><strong>ἕνα</strong></span> <span class='ocrx_word' id='word_1_633' title='bbox 3638 4284 3785 4345; x_wconf 69' lang='grc' dir='ltr'><strong>Θεὸν⁸</strong></span> <span class='ocrx_word' id='word_1_634' title='bbox 3854 4323 3866 4337; x_wconf 90' lang='grc'><strong>-</strong></span> 
     </span>
    </p>
   </div>
   <div class='ocr_carea' id='block_1_92' title="bbox 2211 4381 3763 4455">
    <p class='ocr_par' dir='ltr' id='par_1_92' title="bbox 2211 4381 3763 4455">
     <span class='ocr_line' id='line_1_92' title="bbox 2211 4381 3763 4455; baseline 0.003 -21"><span class='ocrx_word' id='word_1_635' title='bbox 2211 4383 2432 4452; x_wconf 81' lang='grc' dir='ltr'><strong>Πατέρα</strong></span> <span class='ocrx_word' id='word_1_636' title='bbox 2482 4381 2927 4452; x_wconf 79' lang='grc' dir='ltr'>παντοκράτορα,</span> <span class='ocrx_word' id='word_1_637' title='bbox 2969 4382 3203 4453; x_wconf 75' lang='grc' dir='ltr'>ποιητὴν</span> <span class='ocrx_word' id='word_1_638' title='bbox 3230 4383 3465 4455; x_wconf 81' lang='grc' dir='ltr'>ούρανοῦ</span> <span class='ocrx_word' id='word_1_639' title='bbox 3515 4385 3613 4438; x_wconf 81' lang='grc' dir='ltr'><strong>καὶ</strong></span> <span class='ocrx_word' id='word_1_640' title='bbox 3644 4385 3763 4453; x_wconf 79' lang='grc' dir='ltr'><strong>γῆς.</strong></span> 
     </span>
    </p>
   </div>
   <div class='ocr_carea' id='block_1_93' title="bbox 521 4471 2084 4545">
    <p class='ocr_par' dir='ltr' id='par_1_93' title="bbox 521 4471 2084 4545">
     <span class='ocr_line' id='line_1_93' title="bbox 521 4471 2084 4545; baseline 0.001 -16"><span class='ocrx_word' id='word_1_641' title='bbox 521 4478 690 4533; x_wconf 87' lang='lat' dir='ltr'><strong>verba</strong></span> <span class='ocrx_word' id='word_1_642' title='bbox 716 4489 1069 4545; x_wconf 88' lang='lat' dir='ltr'><strong>usurpemus.</strong></span> <span class='ocrx_word' id='word_1_643' title='bbox 1102 4471 1371 4527; x_wconf 84' lang='lat' dir='ltr'><strong>Omnibus</strong></span> <span class='ocrx_word' id='word_1_644' title='bbox 1395 4473 1597 4542; x_wconf 88' lang='lat' dir='ltr'><strong>quippe</strong></span> <span class='ocrx_word' id='word_1_645' title='bbox 1649 4483 1841 4528; x_wconf 88' lang='lat' dir='ltr'><strong>notum</strong></span> <span class='ocrx_word' id='word_1_646' title='bbox 1871 4486 1978 4540; x_wconf 86' lang='lat' dir='ltr'><strong>est,</strong></span> <span class='ocrx_word' id='word_1_647' title='bbox 2005 4491 2084 4530; x_wconf 84' lang='lat' dir='ltr'><strong>sa-</strong></span> 
     </span>
    </p>
   </div>
   <div class='ocr_carea' id='block_1_94' title="bbox 2190 4471 3766 4545">
    <p class='ocr_par' dir='ltr' id='par_1_94' title="bbox 2199 4476 3766 4545">
     <span class='ocr_line' id='line_1_94' title="bbox 2199 4476 3766 4545; baseline -0.001 -17"><span class='ocrx_word' id='word_1_648' title='bbox 2199 4478 2417 4545; x_wconf 81' lang='grc' dir='ltr'>ὁρατων</span> <span class='ocrx_word' id='word_1_649' title='bbox 2451 4494 2510 4529; x_wconf 86' lang='grc' dir='ltr'>τε</span> <span class='ocrx_word' id='word_1_650' title='bbox 2542 4478 2767 4530; x_wconf 84' lang='grc' dir='ltr'><strong>πάντων</strong></span> <span class='ocrx_word' id='word_1_651' title='bbox 2800 4479 2895 4530; x_wconf 80' lang='grc' dir='ltr'><strong>καὶ</strong></span> <span class='ocrx_word' id='word_1_652' title='bbox 2923 4478 3195 4545; x_wconf 78' lang='grc' dir='ltr'>ἀοράτων,</span> <span class='ocrx_word' id='word_1_653' title='bbox 3227 4482 3321 4529; x_wconf 72' lang='grc' dir='ltr'><strong>καὶ</strong></span> <span class='ocrx_word' id='word_1_654' title='bbox 3336 4478 3417 4540; x_wconf 85' lang='grc' dir='ltr'><strong>είς</strong></span> <span class='ocrx_word' id='word_1_655' title='bbox 3440 4478 3536 4529; x_wconf 65' lang='grc' dir='ltr'><strong>ἕνα</strong></span> <span class='ocrx_word' id='word_1_656' title='bbox 3570 4476 3766 4545; x_wconf 75' lang='grc' dir='ltr'>Κύριον</span> 
     </span>
    </p>
   </div>
   <div class='ocr_carea' id='block_1_95' title="bbox 522 4564 2097 4636">
    <p class='ocr_par' dir='ltr' id='par_1_95' title="bbox 522 4564 2097 4636">
     <span class='ocr_line' id='line_1_95' title="bbox 522 4564 2097 4636; baseline -0.004 -8"><span class='ocrx_word' id='word_1_657' title='bbox 522 4587 677 4629; x_wconf 88' lang='lat' dir='ltr'><strong>erum</strong></span> <span class='ocrx_word' id='word_1_658' title='bbox 731 4570 856 4623; x_wconf 81' lang='lat' dir='ltr'><strong>ﬁdei</strong></span> <span class='ocrx_word' id='word_1_659' title='bbox 910 4577 1112 4622; x_wconf 77' lang='lat' dir='ltr'><strong>nostra:</strong></span> <span class='ocrx_word' id='word_1_660' title='bbox 1155 4565 1496 4636; x_wconf 82' lang='lat' dir='ltr'><strong>Symbolum.</strong></span> <span class='ocrx_word' id='word_1_661' title='bbox 1533 4564 1729 4619; x_wconf 90' lang='lat' dir='ltr'><strong>diebus</strong></span> <span class='ocrx_word' id='word_1_662' title='bbox 1780 4568 1992 4621; x_wconf 82' lang='lat' dir='ltr'><strong>etmetis</strong></span> <span class='ocrx_word' id='word_1_663' title='bbox 2041 4576 2097 4622; x_wconf 88' lang='lat' dir='ltr'><strong>et</strong></span> 
     </span>
    </p>
   </div>
   <div class='ocr_carea' id='block_1_96' title="bbox 524 4657 2096 4725">
    <p class='ocr_par' dir='ltr' id='par_1_96' title="bbox 524 4657 2096 4725">
     <span class='ocr_line' id='line_1_96' title="bbox 524 4657 2096 4725; baseline -0.004 -7"><span class='ocrx_word' id='word_1_664' title='bbox 524 4666 804 4725; x_wconf 83' lang='lat' dir='ltr'><strong>noctibus,</strong></span> <span class='ocrx_word' id='word_1_665' title='bbox 834 4660 1114 4714; x_wconf 81' lang='lat' dir='ltr'><strong>communi</strong></span> <span class='ocrx_word' id='word_1_666' title='bbox 1144 4658 1389 4712; x_wconf 88' lang='lat' dir='ltr'><strong>omnium</strong></span> <span class='ocrx_word' id='word_1_667' title='bbox 1418 4657 1847 4711; x_wconf 72' lang='lat' dir='ltr'><strong>orthodoxorum</strong></span> <span class='ocrx_word' id='word_1_668' title='bbox 1879 4657 2096 4712; x_wconf 80' lang='lat' dir='ltr'><strong>confes-</strong></span> 
     </span>
    </p>
   </div>
   <div class='ocr_carea' id='block_1_97' title="bbox 529 4749 2096 4821">
    <p class='ocr_par' dir='ltr' id='par_1_97' title="bbox 529 4749 2096 4821">
     <span class='ocr_line' id='line_1_97' title="bbox 529 4749 2096 4821; baseline -0.003 -11"><span class='ocrx_word' id='word_1_669' title='bbox 529 4758 682 4811; x_wconf 82' lang='lat' dir='ltr'><strong>sione</strong></span> <span class='ocrx_word' id='word_1_670' title='bbox 711 4753 917 4821; x_wconf 87' lang='lat' dir='ltr'><strong>ubique</strong></span> <span class='ocrx_word' id='word_1_671' title='bbox 944 4751 1172 4821; x_wconf 75' lang='lat' dir='ltr'><strong>jttgiter,</strong></span> <span class='ocrx_word' id='word_1_672' title='bbox 1210 4752 1263 4803; x_wconf 88' lang='lat' dir='ltr'><strong>in</strong></span> <span class='ocrx_word' id='word_1_673' title='bbox 1297 4750 1473 4819; x_wconf 82' lang='lat' dir='ltr'><strong>pagis,</strong></span> <span class='ocrx_word' id='word_1_674' title='bbox 1508 4749 1762 4814; x_wconf 89' lang='lat' dir='ltr'><strong>urbibus,</strong></span> <span class='ocrx_word' id='word_1_675' title='bbox 1814 4752 2096 4805; x_wconf 86' lang='lat' dir='ltr'><strong>montibus</strong></span> 
     </span>
    </p>
   </div>
   <div class='ocr_carea' id='block_1_98' title="bbox 525 4840 2098 4916">
    <p class='ocr_par' dir='ltr' id='par_1_98' title="bbox 525 4840 2098 4916">
     <span class='ocr_line' id='line_1_98' title="bbox 525 4840 2098 4916; baseline -0.006 -12"><span class='ocrx_word' id='word_1_676' title='bbox 525 4860 582 4904; x_wconf 89' lang='lat' dir='ltr'><strong>et</strong></span> <span class='ocrx_word' id='word_1_677' title='bbox 640 4848 941 4916; x_wconf 78' lang='lat' dir='ltr'><strong>Speluncis,</strong></span> <span class='ocrx_word' id='word_1_678' title='bbox 1000 4856 1198 4912; x_wconf 84' lang='lat' dir='ltr'><strong>atque,</strong></span> <span class='ocrx_word' id='word_1_679' title='bbox 1252 4851 1313 4895; x_wconf 91' lang='lat' dir='ltr'><strong>ut</strong></span> <span class='ocrx_word' id='word_1_680' title='bbox 1370 4856 1481 4895; x_wconf 90' lang='lat' dir='ltr'><strong>uno</strong></span> <span class='ocrx_word' id='word_1_681' title='bbox 1539 4840 1711 4895; x_wconf 80' lang='lat' dir='ltr'><strong>verbo</strong></span> <span class='ocrx_word' id='word_1_682' title='bbox 1767 4843 2098 4910; x_wconf 84' lang='lat' dir='ltr'><strong>complectar</strong></span> 
     </span>
    </p>
   </div>
   <div class='ocr_carea' id='block_1_99' title="bbox 527 4937 2096 5004">
    <p class='ocr_par' dir='ltr' id='par_1_99' title="bbox 527 4937 2096 5004">
     <span class='ocr_line' id='line_1_99' title="bbox 527 4937 2096 5004; baseline -0.003 -10"><span class='ocrx_word' id='word_1_683' title='bbox 527 4941 733 5001; x_wconf 85' lang='lat' dir='ltr'><strong>omnia,</strong></span> <span class='ocrx_word' id='word_1_684' title='bbox 771 4940 827 4990; x_wconf 88' lang='lat' dir='ltr'><strong>in</strong></span> <span class='ocrx_word' id='word_1_685' title='bbox 860 4937 1113 4990; x_wconf 79' lang='lat' dir='ltr'><strong>universa</strong></span> <span class='ocrx_word' id='word_1_686' title='bbox 1147 4944 1311 4995; x_wconf 87' lang='lat' dir='ltr'><strong>terra,</strong></span> <span class='ocrx_word' id='word_1_687' title='bbox 1367 4942 1423 4986; x_wconf 84' lang='lat' dir='ltr'><strong>et</strong></span> <span class='ocrx_word' id='word_1_688' title='bbox 1465 4947 1791 5001; x_wconf 88' lang='lat' dir='ltr'><strong>quacunque</strong></span> <span class='ocrx_word' id='word_1_689' title='bbox 1829 4948 2096 5004; x_wconf 84' lang='lat' dir='ltr'><strong>aquarum</strong></span> 
     </span>
    </p>
   </div>
   <div class='ocr_carea' id='block_1_100' title="bbox 524 5024 2098 5096">
    <p class='ocr_par' dir='ltr' id='par_1_100' title="bbox 524 5024 2098 5096">
     <span class='ocr_line' id='line_1_100' title="bbox 524 5024 2098 5096; baseline -0.004 -9"><span class='ocrx_word' id='word_1_690' title='bbox 524 5043 722 5087; x_wconf 86' lang='lat' dir='ltr'><strong>natura</strong></span> <span class='ocrx_word' id='word_1_691' title='bbox 766 5028 925 5083; x_wconf 77' lang='lat' dir='ltr'><strong>facile</strong></span> <span class='ocrx_word' id='word_1_692' title='bbox 967 5025 1241 5096; x_wconf 83' lang='lat' dir='ltr'><strong>pervadit.</strong></span> <span class='ocrx_word' id='word_1_693' title='bbox 1273 5024 1573 5078; x_wconf 88' lang='lat' dir='ltr'><strong>decantari.</strong></span> <span class='ocrx_word' id='word_1_694' title='bbox 1608 5024 1783 5078; x_wconf 84' lang='lat' dir='ltr'><strong>Porro</strong></span> <span class='ocrx_word' id='word_1_695' title='bbox 1818 5024 1898 5079; x_wconf 88' lang='lat' dir='ltr'><strong>sic</strong></span> <span class='ocrx_word' id='word_1_696' title='bbox 1932 5025 2098 5081; x_wconf 79' lang='lat' dir='ltr'><strong>habet</strong></span> 
     </span>
    </p>
   </div>
   <div class='ocr_carea' id='block_1_101' title="bbox 2217 4567 3762 4639">
    <p class='ocr_par' dir='ltr' id='par_1_101' title="bbox 2217 4567 3762 4639">
     <span class='ocr_line' id='line_1_101' title="bbox 2217 4567 3762 4639; baseline -0.001 -19"><span class='ocrx_word' id='word_1_697' title='bbox 2217 4567 2426 4633; x_wconf 73' lang='grc' dir='ltr'>Ἰησοῦν</span> <span class='ocrx_word' id='word_1_698' title='bbox 2449 4568 2721 4639; x_wconf 77' lang='grc' dir='ltr'>Χριστὸν,</span> <span class='ocrx_word' id='word_1_699' title='bbox 2756 4569 2850 4622; x_wconf 78' lang='grc' dir='ltr'><strong>τὸν</strong></span> <span class='ocrx_word' id='word_1_700' title='bbox 2889 4569 3017 4622; x_wconf 79' lang='grc' dir='ltr'><strong>Υίδν</strong></span> <span class='ocrx_word' id='word_1_701' title='bbox 3040 4570 3135 4622; x_wconf 79' lang='grc' dir='ltr'><strong>τοῦ</strong></span> <span class='ocrx_word' id='word_1_702' title='bbox 3180 4568 3315 4621; x_wconf 72' lang='grc' dir='ltr'>θεοῦ</span> <span class='ocrx_word' id='word_1_703' title='bbox 3350 4568 3443 4620; x_wconf 76' lang='grc' dir='ltr'><strong>τὸν</strong></span> <span class='ocrx_word' id='word_1_704' title='bbox 3485 4567 3762 4637; x_wconf 76' lang='grc' dir='ltr'>μονογενῆ,</span> 
     </span>
    </p>
   </div>
   <div class='ocr_carea' id='block_1_102' title="bbox 2203 4650 3764 4734">
    <p class='ocr_par' dir='ltr' id='par_1_102' title="bbox 2203 4650 3764 4734">
     <span class='ocr_line' id='line_1_102' title="bbox 2203 4650 3764 4734; baseline -0.003 -21"><span class='ocrx_word' id='word_1_705' title='bbox 2203 4662 2559 4732; x_wconf 51' lang='grc' dir='ltr'>γεννηθέντα,</span> <span class='ocrx_word' id='word_1_706' title='bbox 2604 4666 2665 4716; x_wconf 86' lang='grc' dir='ltr'>οὺ</span> <span class='ocrx_word' id='word_1_707' title='bbox 2712 4662 3027 4734; x_wconf 80' lang='grc' dir='ltr'>ποιηθέντα,</span> <span class='ocrx_word' id='word_1_708' title='bbox 3058 4650 3345 4733; x_wconf 79' lang='grc' dir='ltr'>ὁμοούσιον</span> <span class='ocrx_word' id='word_1_709' title='bbox 3371 4662 3451 4731; x_wconf 80' lang='grc' dir='ltr'><strong>τῷ</strong></span> <span class='ocrx_word' id='word_1_710' title='bbox 3480 4660 3671 4729; x_wconf 81' lang='grc' dir='ltr'>Πατρὶ,</span> <span class='ocrx_word' id='word_1_711' title='bbox 3700 4658 3764 4711; x_wconf 83' lang='grc' dir='ltr'>δι’</span> 
     </span>
    </p>
   </div>
   <div class='ocr_carea' id='block_1_103' title="bbox 2201 4748 3763 4823">
    <p class='ocr_par' dir='ltr' id='par_1_103' title="bbox 2201 4748 3763 4823">
     <span class='ocr_line' id='line_1_103' title="bbox 2201 4748 3763 4823; baseline -0.001 -18"><span class='ocrx_word' id='word_1_712' title='bbox 2201 4748 2266 4805; x_wconf 73' lang='grc' dir='ltr'><strong>οὗ</strong></span> <span class='ocrx_word' id='word_1_713' title='bbox 2296 4754 2362 4804; x_wconf 81' lang='grc' dir='ltr'><strong>τὰ</strong></span> <span class='ocrx_word' id='word_1_714' title='bbox 2400 4755 2579 4808; x_wconf 80' lang='grc' dir='ltr'>πάντα</span> <span class='ocrx_word' id='word_1_715' title='bbox 2613 4754 2854 4822; x_wconf 71' lang='grc' dir='ltr'><strong>ἐγένετο.</strong></span> <span class='ocrx_word' id='word_1_716' title='bbox 2882 4772 2901 4805; x_wconf 75' lang='grc' dir='ltr'><strong>ι</strong></span> <span class='ocrx_word' id='word_1_717' title='bbox 2954 4754 3152 4823; x_wconf 81' lang='grc' dir='ltr'><strong>Ὁρᾶτε</strong></span> <span class='ocrx_word' id='word_1_718' title='bbox 3186 4755 3301 4817; x_wconf 83' lang='grc' dir='ltr'><strong>πῶς</strong></span> <span class='ocrx_word' id='word_1_719' title='bbox 3332 4753 3541 4807; x_wconf 79' lang='grc' dir='ltr'><strong>ἀνωθεν</strong></span> <span class='ocrx_word' id='word_1_720' title='bbox 3565 4754 3657 4807; x_wconf 71' lang='grc' dir='ltr'><strong>καὶ</strong></span> <span class='ocrx_word' id='word_1_721' title='bbox 3706 4749 3763 4815; x_wconf 81' lang='grc' dir='ltr'><strong>ἐξ</strong></span> 
     </span>
    </p>
   </div>
   <div class='ocr_carea' id='block_1_104' title="bbox 2201 4845 3761 4917">
    <p class='ocr_par' dir='ltr' id='par_1_104' title="bbox 2201 4845 3761 4917">
     <span class='ocr_line' id='line_1_104' title="bbox 2201 4845 3761 4917; baseline -0.001 -21"><span class='ocrx_word' id='word_1_722' title='bbox 2201 4845 2375 4916; x_wconf 78' lang='grc' dir='ltr'><strong>ἀρχῆς</strong></span> <span class='ocrx_word' id='word_1_723' title='bbox 2410 4848 2524 4907; x_wconf 80' lang='grc' dir='ltr'>τοῖς</span> <span class='ocrx_word' id='word_1_724' title='bbox 2560 4845 2728 4908; x_wconf 89' lang='grc' dir='ltr'>θείοις</span> <span class='ocrx_word' id='word_1_725' title='bbox 2755 4847 3067 4915; x_wconf 74' lang='grc' dir='ltr'><strong>ἀναιρεῖται</strong></span> <span class='ocrx_word' id='word_1_726' title='bbox 3094 4847 3340 4915; x_wconf 83' lang='grc' dir='ltr'>Πατράσι</span> <span class='ocrx_word' id='word_1_727' title='bbox 3359 4846 3656 4917; x_wconf 72' lang='grc' dir='ltr'>διαρρήδην</span> <span class='ocrx_word' id='word_1_728' title='bbox 3688 4845 3761 4907; x_wconf 70' lang='grc' dir='ltr'><strong>τὸ,</strong></span> 
     </span>
    </p>
   </div>
   <div class='ocr_carea' id='block_1_105' title="bbox 2204 4930 3757 5007">
    <p class='ocr_par' dir='ltr' id='par_1_105' title="bbox 2204 4930 3757 5007">
     <span class='ocr_line' id='line_1_105' title="bbox 2204 4930 3757 5007; baseline -0.001 -20"><span class='ocrx_word' id='word_1_729' title='bbox 2204 4939 2420 5005; x_wconf 73' lang='grc' dir='ltr'>ποίημα</span> <span class='ocrx_word' id='word_1_730' title='bbox 2459 4930 2601 4987; x_wconf 82' lang='grc' dir='ltr'><strong>εἶναι</strong></span> <span class='ocrx_word' id='word_1_731' title='bbox 2648 4937 2740 4989; x_wconf 79' lang='grc' dir='ltr'><strong>τὸν</strong></span> <span class='ocrx_word' id='word_1_732' title='bbox 2767 4934 2838 4989; x_wconf 87' lang='grc' dir='ltr'><strong>δι’</strong></span> <span class='ocrx_word' id='word_1_733' title='bbox 2868 4931 2930 4991; x_wconf 75' lang='grc' dir='ltr'><strong>οὗ</strong></span> <span class='ocrx_word' id='word_1_734' title='bbox 2968 4940 3038 4990; x_wconf 82' lang='grc' dir='ltr'>τὰ</span> <span class='ocrx_word' id='word_1_735' title='bbox 3067 4937 3249 4991; x_wconf 82' lang='grc' dir='ltr'><strong>πάντα</strong></span> <span class='ocrx_word' id='word_1_736' title='bbox 3280 4936 3602 5007; x_wconf 84' lang='grc' dir='ltr'>πεποίηται.</span> <span class='ocrx_word' id='word_1_737' title='bbox 3641 4935 3757 4988; x_wconf 69' lang='lat' dir='ltr'><strong>Fav-</strong></span> 
     </span>
    </p>
   </div>
   <div class='ocr_carea' id='block_1_106' title="bbox 2202 5027 3233 5101">
    <p class='ocr_par' dir='ltr' id='par_1_106' title="bbox 2202 5027 3233 5101">
     <span class='ocr_line' id='line_1_106' title="bbox 2202 5027 3233 5101; baseline 0.005 -22"><span class='ocrx_word' id='word_1_738' title='bbox 2202 5027 2437 5097; x_wconf 81' lang='grc' dir='ltr'>νηθέντα</span> <span class='ocrx_word' id='word_1_739' title='bbox 2469 5030 2576 5101; x_wconf 84' lang='grc' dir='ltr'><strong>γάρ</strong></span> <span class='ocrx_word' id='word_1_740' title='bbox 2601 5046 2792 5100; x_wconf 85' lang='grc' dir='ltr'>φησιν,</span> <span class='ocrx_word' id='word_1_741' title='bbox 2816 5033 2879 5084; x_wconf 81' lang='grc' dir='ltr'><strong>οὐ</strong></span> <span class='ocrx_word' id='word_1_742' title='bbox 2913 5032 3233 5101; x_wconf 86' lang='grc' dir='ltr'>ποιηθέντα.</span> 
     </span>
    </p>
   </div>
   <div class='ocr_carea' id='block_1_107' title="bbox 527 5118 3765 5195">
    <p class='ocr_par' dir='ltr' id='par_1_107' title="bbox 527 5118 3765 5195">
     <span class='ocr_line' id='line_1_107' title="bbox 527 5118 3765 5195; baseline -0.001 -16"><span class='ocrx_word' id='word_1_743' title='bbox 527 5118 674 5181; x_wconf 78' lang='lat' dir='ltr'><strong>istud</strong></span> <span class='ocrx_word' id='word_1_744' title='bbox 717 5121 1080 5195; x_wconf 81' lang='lat' dir='ltr'><strong>Symbolum:</strong></span> <span class='ocrx_word' id='word_1_745' title='bbox 1129 5137 1147 5170; x_wconf 78' lang='grc' dir='ltr'><strong>ι</strong></span> <span class='ocrx_word' id='word_1_746' title='bbox 1181 5118 1469 5173; x_wconf 78' lang='lat' dir='ltr'><strong>Credimus</strong></span> <span class='ocrx_word' id='word_1_747' title='bbox 1499 5120 1552 5171; x_wconf 91' lang='lat' dir='ltr'><strong>iu</strong></span> <span class='ocrx_word' id='word_1_748' title='bbox 1620 5132 1787 5172; x_wconf 86' lang='lat' dir='ltr'><strong>unum</strong></span> <span class='ocrx_word' id='word_1_749' title='bbox 1854 5120 2022 5173; x_wconf 86' lang='lat' dir='ltr'><strong>Deum</strong></span> <span class='ocrx_word' id='word_1_750' title='bbox 2099 5120 2310 5177; x_wconf 84' lang='lat' dir='ltr'><strong>Patrem</strong></span> <span class='ocrx_word' id='word_1_751' title='bbox 2337 5124 2791 5194; x_wconf 86' lang='lat' dir='ltr'><strong>omnipotentem.</strong></span> <span class='ocrx_word' id='word_1_752' title='bbox 2831 5124 3095 5181; x_wconf 75' lang='lat' dir='ltr'><strong>faetorem</strong></span> <span class='ocrx_word' id='word_1_753' title='bbox 3122 5125 3247 5181; x_wconf 67' lang='lat' dir='ltr'><strong>caeli</strong></span> <span class='ocrx_word' id='word_1_754' title='bbox 3292 5134 3350 5178; x_wconf 86' lang='lat' dir='ltr'><strong>et</strong></span> <span class='ocrx_word' id='word_1_755' title='bbox 3398 5133 3583 5191; x_wconf 68' lang='lat' dir='ltr'><strong>terra,</strong></span> <span class='ocrx_word' id='word_1_756' title='bbox 3646 5119 3765 5176; x_wconf 80' lang='lat' dir='ltr'><strong>visi-</strong></span> 
     </span>
    </p>
   </div>
   <div class='ocr_carea' id='block_1_108' title="bbox 529 5211 1524 5275">
    <p class='ocr_par' dir='ltr' id='par_1_108' title="bbox 529 5211 1524 5275">
     <span class='ocr_line' id='line_1_108' title="bbox 529 5211 1524 5275; baseline -0.01 -3"><span class='ocrx_word' id='word_1_757' title='bbox 529 5222 722 5273; x_wconf 76' lang='lat' dir='ltr'><strong>bilium</strong></span> <span class='ocrx_word' id='word_1_758' title='bbox 756 5215 1002 5269; x_wconf 87' lang='lat' dir='ltr'><strong>omnium</strong></span> <span class='ocrx_word' id='word_1_759' title='bbox 1031 5224 1088 5266; x_wconf 85' lang='lat' dir='ltr'><strong>et</strong></span> <span class='ocrx_word' id='word_1_760' title='bbox 1113 5211 1472 5266; x_wconf 84' lang='lat' dir='ltr'><strong>invisibilium</strong></span> <span class='ocrx_word' id='word_1_761' title='bbox 1510 5228 1524 5275; x_wconf 90' lang='lat'><strong>;</strong></span> 
     </span>
    </p>
   </div>
   <div class='ocr_carea' id='block_1_109' title="bbox 1586 5211 3765 5288">
    <p class='ocr_par' dir='ltr' id='par_1_109' title="bbox 1586 5211 3765 5288">
     <span class='ocr_line' id='line_1_109' title="bbox 1586 5211 3765 5288; baseline 0.001 -25"><span class='ocrx_word' id='word_1_762' title='bbox 1586 5220 1644 5264; x_wconf 88' lang='lat' dir='ltr'><strong>et</strong></span> <span class='ocrx_word' id='word_1_763' title='bbox 1701 5212 1755 5265; x_wconf 88' lang='lat' dir='ltr'><strong>in</strong></span> <span class='ocrx_word' id='word_1_764' title='bbox 1787 5227 1956 5266; x_wconf 89' lang='lat' dir='ltr'><strong>unum</strong></span> <span class='ocrx_word' id='word_1_765' title='bbox 2020 5211 2313 5269; x_wconf 84' lang='lat' dir='ltr'><strong>Dominum</strong></span> <span class='ocrx_word' id='word_1_766' title='bbox 2356 5215 2543 5271; x_wconf 82' lang='lat' dir='ltr'><strong>Jesum</strong></span> <span class='ocrx_word' id='word_1_767' title='bbox 2584 5216 2886 5283; x_wconf 83' lang='lat' dir='ltr'><strong>Christum,</strong></span> <span class='ocrx_word' id='word_1_768' title='bbox 2914 5216 3124 5288; x_wconf 69' lang='grc'>1132</span> <span class='ocrx_word' id='word_1_769' title='bbox 3163 5216 3357 5272; x_wconf 83' lang='lat' dir='ltr'><strong>Filium</strong></span> <span class='ocrx_word' id='word_1_770' title='bbox 3402 5216 3500 5272; x_wconf 84' lang='lat' dir='ltr'><strong>Dei</strong></span> <span class='ocrx_word' id='word_1_771' title='bbox 3527 5212 3765 5287; x_wconf 68' lang='lat' dir='ltr'><strong>unigeni-</strong></span> 
     </span>
    </p>
   </div>
   <div class='ocr_carea' id='block_1_110' title="bbox 532 5307 3762 5384">
    <p class='ocr_par' dir='ltr' id='par_1_110' title="bbox 532 5307 3762 5384">
     <span class='ocr_line' id='line_1_110' title="bbox 532 5307 3762 5384; baseline -0.001 -15"><span class='ocrx_word' id='word_1_772' title='bbox 532 5312 1088 5382; x_wconf 78' lang='lat' dir='ltr'><strong>tum,genitum,nou</strong></span> <span class='ocrx_word' id='word_1_773' title='bbox 1120 5307 1345 5372; x_wconf 84' lang='lat' dir='ltr'><strong>factum,</strong></span> <span class='ocrx_word' id='word_1_774' title='bbox 1372 5308 1517 5361; x_wconf 80' lang='lat' dir='ltr'><strong>Patri</strong></span> <span class='ocrx_word' id='word_1_775' title='bbox 1542 5309 2095 5367; x_wconf 70' lang='lat' dir='ltr'><strong>consubstantialem:</strong></span> <span class='ocrx_word' id='word_1_776' title='bbox 2131 5327 2230 5380; x_wconf 85' lang='lat' dir='ltr'><strong>per</strong></span> <span class='ocrx_word' id='word_1_777' title='bbox 2254 5330 2415 5384; x_wconf 87' lang='lat' dir='ltr'><strong>quem</strong></span> <span class='ocrx_word' id='word_1_778' title='bbox 2444 5313 2627 5369; x_wconf 89' lang='lat' dir='ltr'><strong>omnia</strong></span> <span class='ocrx_word' id='word_1_779' title='bbox 2692 5313 2830 5370; x_wconf 74' lang='lat' dir='ltr'><strong>facta</strong></span> <span class='ocrx_word' id='word_1_780' title='bbox 2876 5324 3027 5371; x_wconf 87' lang='lat' dir='ltr'><strong>sunt.</strong></span> <span class='ocrx_word' id='word_1_781' title='bbox 3071 5333 3090 5367; x_wconf 74' lang='grc' dir='ltr'><strong>ι</strong></span> <span class='ocrx_word' id='word_1_782' title='bbox 3125 5312 3335 5369; x_wconf 78' lang='lat' dir='ltr'><strong>Videtis</strong></span> <span class='ocrx_word' id='word_1_783' title='bbox 3397 5322 3459 5367; x_wconf 86' lang='lat' dir='ltr'><strong>ut</strong></span> <span class='ocrx_word' id='word_1_784' title='bbox 3488 5313 3599 5383; x_wconf 82' lang='lat' dir='ltr'><strong>jam</strong></span> <span class='ocrx_word' id='word_1_785' title='bbox 3645 5307 3762 5365; x_wconf 85' lang='lat' dir='ltr'><strong>inde</strong></span> 
     </span>
    </p>
   </div>
   <div class='ocr_carea' id='block_1_111' title="bbox 529 5407 3758 5483">
    <p class='ocr_par' dir='ltr' id='par_1_111' title="bbox 529 5407 3758 5483">
     <span class='ocr_line' id='line_1_111' title="bbox 529 5407 3758 5483; baseline 0.001 -22"><span class='ocrx_word' id='word_1_786' title='bbox 529 5410 598 5461; x_wconf 85' lang='lat' dir='ltr'><strong>ab</strong></span> <span class='ocrx_word' id='word_1_787' title='bbox 650 5408 807 5461; x_wconf 88' lang='lat' dir='ltr'><strong>initio</strong></span> <span class='ocrx_word' id='word_1_788' title='bbox 849 5407 1019 5461; x_wconf 84' lang='lat' dir='ltr'><strong>divini</strong></span> <span class='ocrx_word' id='word_1_789' title='bbox 1072 5409 1262 5463; x_wconf 78' lang='lat' dir='ltr'><strong>Patres</strong></span> <span class='ocrx_word' id='word_1_790' title='bbox 1306 5407 1511 5463; x_wconf 66' lang='lat' dir='ltr'><strong>Neaeni</strong></span> <span class='ocrx_word' id='word_1_791' title='bbox 1561 5407 1741 5475; x_wconf 87' lang='lat' dir='ltr'><strong>illum,</strong></span> <span class='ocrx_word' id='word_1_792' title='bbox 1792 5425 1888 5479; x_wconf 87' lang='lat' dir='ltr'><strong>per</strong></span> <span class='ocrx_word' id='word_1_793' title='bbox 1936 5425 2099 5477; x_wconf 88' lang='lat' dir='ltr'><strong>quem</strong></span> <span class='ocrx_word' id='word_1_794' title='bbox 2140 5415 2320 5467; x_wconf 87' lang='lat' dir='ltr'><strong>omnia</strong></span> <span class='ocrx_word' id='word_1_795' title='bbox 2354 5413 2577 5467; x_wconf 75' lang='lat' dir='ltr'><strong>fuerunt</strong></span> <span class='ocrx_word' id='word_1_796' title='bbox 2640 5411 2809 5480; x_wconf 70' lang='lat' dir='ltr'><strong>facta,</strong></span> <span class='ocrx_word' id='word_1_797' title='bbox 2871 5412 3074 5468; x_wconf 74' lang='lat' dir='ltr'><strong>factum</strong></span> <span class='ocrx_word' id='word_1_798' title='bbox 3116 5427 3237 5468; x_wconf 88' lang='lat' dir='ltr'><strong>esse</strong></span> <span class='ocrx_word' id='word_1_799' title='bbox 3262 5412 3471 5468; x_wconf 83' lang='lat' dir='ltr'><strong>diserte</strong></span> <span class='ocrx_word' id='word_1_800' title='bbox 3500 5409 3758 5483; x_wconf 69' lang='lat' dir='ltr'><strong>negarint.</strong></span> 
     </span>
    </p>
   </div>
   <div class='ocr_carea' id='block_1_112' title="bbox 528 5500 1665 5569">
    <p class='ocr_par' dir='ltr' id='par_1_112' title="bbox 528 5500 1665 5569">
     <span class='ocr_line' id='line_1_112' title="bbox 528 5500 1665 5569; baseline 0.001 -15"><span class='ocrx_word' id='word_1_801' title='bbox 528 5503 784 5558; x_wconf 76' lang='lat' dir='ltr'><strong>Genitum</strong></span> <span class='ocrx_word' id='word_1_802' title='bbox 815 5500 962 5553; x_wconf 88' lang='lat' dir='ltr'><strong>enim</strong></span> <span class='ocrx_word' id='word_1_803' title='bbox 995 5501 1269 5569; x_wconf 88' lang='lat' dir='ltr'><strong>inquiunt,</strong></span> <span class='ocrx_word' id='word_1_804' title='bbox 1302 5516 1408 5555; x_wconf 89' lang='lat' dir='ltr'><strong>non</strong></span> <span class='ocrx_word' id='word_1_805' title='bbox 1438 5502 1665 5555; x_wconf 77' lang='lat' dir='ltr'><strong>factum.</strong></span> 
     </span>
    </p>
   </div>
   <div class='ocr_carea' id='block_1_113' title="bbox 602 5595 2101 5668">
    <p class='ocr_par' dir='ltr' id='par_1_113' title="bbox 602 5595 2101 5668">
     <span class='ocr_line' id='line_1_113' title="bbox 602 5595 2101 5668; baseline 0.001 -20"><span class='ocrx_word' id='word_1_806' title='bbox 602 5595 739 5648; x_wconf 75' lang='lat' dir='ltr'><strong>Vill.</strong></span> <span class='ocrx_word' id='word_1_807' title='bbox 782 5595 888 5652; x_wconf 86' lang='lat' dir='ltr'><strong>Sed</strong></span> <span class='ocrx_word' id='word_1_808' title='bbox 920 5605 977 5648; x_wconf 86' lang='lat' dir='ltr'><strong>et</strong></span> <span class='ocrx_word' id='word_1_809' title='bbox 1016 5611 1245 5664; x_wconf 72' lang='lat' dir='ltr'><strong>magnus</strong></span> <span class='ocrx_word' id='word_1_810' title='bbox 1269 5597 1603 5650; x_wconf 76' lang='lat' dir='ltr'><strong>Athanasius</strong></span> <span class='ocrx_word' id='word_1_811' title='bbox 1635 5596 1689 5649; x_wconf 91' lang='lat' dir='ltr'><strong>in</strong></span> <span class='ocrx_word' id='word_1_812' title='bbox 1720 5595 1915 5666; x_wconf 85' lang='lat' dir='ltr'><strong>prima,</strong></span> <span class='ocrx_word' id='word_1_813' title='bbox 1936 5613 2101 5668; x_wconf 80' lang='lat' dir='ltr'><strong>quam</strong></span> 
     </span>
    </p>
   </div>
   <div class='ocr_carea' id='block_1_114' title="bbox 532 5683 2097 5757">
    <p class='ocr_par' dir='ltr' id='par_1_114' title="bbox 532 5683 2097 5757">
     <span class='ocr_line' id='line_1_114' title="bbox 532 5683 2097 5757; baseline 0.004 -18"><span class='ocrx_word' id='word_1_814' title='bbox 532 5687 599 5739; x_wconf 88' lang='lat' dir='ltr'><strong>ad</strong></span> <span class='ocrx_word' id='word_1_815' title='bbox 638 5683 989 5752; x_wconf 75' lang='lat' dir='ltr'><strong>Serapionem</strong></span> <span class='ocrx_word' id='word_1_816' title='bbox 1022 5686 1374 5757; x_wconf 78' lang='lat' dir='ltr'><strong>conscripsit,</strong></span> <span class='ocrx_word' id='word_1_817' title='bbox 1405 5689 1635 5757; x_wconf 77' lang='lat' dir='ltr'><strong>epistola</strong></span> <span class='ocrx_word' id='word_1_818' title='bbox 1680 5689 1793 5742; x_wconf 51' lang='lat' dir='ltr'><strong>hate</strong></span> <span class='ocrx_word' id='word_1_819' title='bbox 1819 5690 2097 5745; x_wconf 81' lang='lat' dir='ltr'><strong>edisserit.</strong></span> 
     </span>
    </p>
   </div>
   <div class='ocr_carea' id='block_1_115' title="bbox 2280 5597 3756 5673">
    <p class='ocr_par' dir='ltr' id='par_1_115' title="bbox 2280 5597 3756 5673">
     <span class='ocr_line' id='line_1_115' title="bbox 2280 5597 3756 5673; baseline 0.003 -22"><span class='ocrx_word' id='word_1_820' title='bbox 2280 5597 2365 5651; x_wconf 80' lang='lat' dir='ltr'><strong>H&#39;.</strong></span> <span class='ocrx_word' id='word_1_821' title='bbox 2411 5598 2575 5653; x_wconf 77' lang='grc' dir='ltr'><strong>Ἀλλά</strong></span> <span class='ocrx_word' id='word_1_822' title='bbox 2618 5599 2711 5652; x_wconf 74' lang='grc' dir='ltr'><strong>καὶ</strong></span> <span class='ocrx_word' id='word_1_823' title='bbox 2756 5600 2784 5653; x_wconf 85' lang='grc' dir='ltr'>ὁ</span> <span class='ocrx_word' id='word_1_824' title='bbox 2836 5600 3015 5668; x_wconf 84' lang='grc' dir='ltr'>μέγας</span> <span class='ocrx_word' id='word_1_825' title='bbox 3059 5597 3381 5662; x_wconf 78' lang='grc' dir='ltr'>’Δθανάσιος</span> <span class='ocrx_word' id='word_1_826' title='bbox 3416 5600 3478 5651; x_wconf 79' lang='grc' dir='ltr'><strong>ὲν</strong></span> <span class='ocrx_word' id='word_1_827' title='bbox 3532 5603 3599 5673; x_wconf 75' lang='grc' dir='ltr'><strong>τῇ</strong></span> <span class='ocrx_word' id='word_1_828' title='bbox 3633 5600 3756 5671; x_wconf 74' lang='grc' dir='ltr'>πρὸς</span> 
     </span>
    </p>
   </div>
   <div class='ocr_carea' id='block_1_116' title="bbox 2206 5689 3755 5767">
    <p class='ocr_par' dir='ltr' id='par_1_116' title="bbox 2206 5689 3755 5767">
     <span class='ocr_line' id='line_1_116' title="bbox 2206 5689 3755 5767; baseline 0.001 -25"><span class='ocrx_word' id='word_1_829' title='bbox 2206 5692 2533 5758; x_wconf 83' lang='grc' dir='ltr'><strong>Σεραπίωνα</strong></span> <span class='ocrx_word' id='word_1_830' title='bbox 2584 5690 2778 5762; x_wconf 78' lang='grc' dir='ltr'>πρώτῃ</span> <span class='ocrx_word' id='word_1_831' title='bbox 2813 5689 2943 5744; x_wconf 75' lang='grc' dir='ltr'><strong>τάδε</strong></span> <span class='ocrx_word' id='word_1_832' title='bbox 2972 5690 3228 5758; x_wconf 78' lang='grc' dir='ltr'>διέξεισιν</span> <span class='ocrx_word' id='word_1_833' title='bbox 3260 5692 3553 5767; x_wconf 72' lang='grc' dir='ltr'>Ἐπιστολῇ</span> <span class='ocrx_word' id='word_1_834' title='bbox 3578 5711 3610 5749; x_wconf 90' lang='grc'><em>·,</em></span> <span class='ocrx_word' id='word_1_835' title='bbox 3632 5713 3648 5746; x_wconf 87' lang='grc' dir='ltr'><strong>ι</strong></span> <span class='ocrx_word' id='word_1_836' title='bbox 3678 5693 3755 5746; x_wconf 80' lang='grc' dir='ltr'>Ἐν</span> 
     </span>
    </p>
   </div>
   <div class='ocr_carea' id='block_1_117' title="bbox 534 5776 2084 5858">
    <p class='ocr_par' dir='ltr' id='par_1_117' title="bbox 534 5776 2084 5849">
     <span class='ocr_line' id='line_1_117' title="bbox 534 5776 2084 5849; baseline 0.006 -20"><span class='ocrx_word' id='word_1_837' title='bbox 534 5796 553 5829; x_wconf 86' lang='grc' dir='ltr'><strong>ι</strong></span> <span class='ocrx_word' id='word_1_838' title='bbox 585 5778 645 5831; x_wconf 90' lang='lat' dir='ltr'><strong>ln</strong></span> <span class='ocrx_word' id='word_1_839' title='bbox 679 5777 802 5841; x_wconf 86' lang='lat' dir='ltr'><strong>hoc,</strong></span> <span class='ocrx_word' id='word_1_840' title='bbox 834 5776 1033 5847; x_wconf 83' lang='lat' dir='ltr'><strong>inquit,</strong></span> <span class='ocrx_word' id='word_1_841' title='bbox 1093 5781 1319 5848; x_wconf 68' lang='lat' dir='ltr'><strong>(Spitilu</strong></span> <span class='ocrx_word' id='word_1_842' title='bbox 1377 5781 1657 5849; x_wconf 74' lang='lat' dir='ltr'><strong>videlicet)</strong></span> <span class='ocrx_word' id='word_1_843' title='bbox 1722 5782 1961 5837; x_wconf 77' lang='lat' dir='ltr'><strong>Verbum</strong></span> <span class='ocrx_word' id='word_1_844' title='bbox 2013 5800 2084 5839; x_wconf 75' lang='lat' dir='ltr'><strong>re:</strong></span> 
     </span>
    </p>
   </div>
   <div class='ocr_carea' id='block_1_118' title="bbox 2190 5776 3752 5858">
    <p class='ocr_par' dir='ltr' id='par_1_118' title="bbox 2202 5782 3752 5858">
     <span class='ocr_line' id='line_1_118' title="bbox 2202 5782 3752 5858; baseline 0 -23"><span class='ocrx_word' id='word_1_845' title='bbox 2202 5785 2398 5854; x_wconf 75' lang='grc' dir='ltr'>τούτῳ,</span> <span class='ocrx_word' id='word_1_846' title='bbox 2432 5803 2451 5835; x_wconf 74' lang='grc' dir='ltr'><strong>ι</strong></span> <span class='ocrx_word' id='word_1_847' title='bbox 2494 5784 2719 5854; x_wconf 82' lang='grc' dir='ltr'>φάσκων</span> <span class='ocrx_word' id='word_1_848' title='bbox 2750 5782 2847 5853; x_wconf 82' lang='grc' dir='ltr'><strong>(τῷ</strong></span> <span class='ocrx_word' id='word_1_849' title='bbox 2880 5782 3155 5854; x_wconf 82' lang='grc' dir='ltr'>πνεύματι</span> <span class='ocrx_word' id='word_1_850' title='bbox 3176 5783 3432 5855; x_wconf 62' lang='grc' dir='ltr'>δηλαδῇ),</span> <span class='ocrx_word' id='word_1_851' title='bbox 3470 5806 3488 5838; x_wconf 83' lang='grc' dir='ltr'><strong>ι</strong></span> <span class='ocrx_word' id='word_1_852' title='bbox 3522 5789 3619 5858; x_wconf 73' lang='grc' dir='ltr'><strong>τὴν</strong></span> <span class='ocrx_word' id='word_1_853' title='bbox 3647 5784 3752 5838; x_wconf 78' lang='grc' dir='ltr'><strong>κτί-</strong></span> 
     </span>
    </p>
   </div>
  </div>
