4070 6222
529 378 653 438 μετ
821 372 899 442 ιλ.
940 386 999 427 ω.
1042 371 1204 436 6859,
1227 388 1334 425 mn.
1373 371 1431 441 ιι

1709 373 2125 434 NlCEl’llORl
2167 369 2547 431 GREGOIL'E

3630 350 3768 413 1538

2838 358 2975 431 [nun
3018 372 3059 408 ι.
3103 368 3396 408 casncuz.
3432 349 3489 433 5]

522 492 667 561 quod
694 503 1037 560 assumptum
1065 492 1119 545 in
1158 492 1332 545 caelos
1360 504 1560 558 corpus
1595 489 1721 545 inde
1752 489 2051 545 descendat
2079 528 2093 548 .

2218 482 2257 548 ηξ
2318 482 2552 551 οὐρανοῦ
2600 479 2951 547 κατέρχεται,
2999 472 3113 526 ἀλλ’
3168 470 3252 523 ὅτι
3309 467 3476 529 αὐτὸς
3503 464 3564 561 -6
3605 464 3768 561 ἄρτος

524 583 620 637 sed
650 581 779 650 quia
804 581 922 652 ipse
952 584 1111 653 panis
1137 591 1193 637 et
1229 582 1415 636 vinum
1467 583 1522 636 in
1554 596 1755 651 corpus
1786 594 1841 637 et
1873 580 2094 648 sangui-

528 689 653 727 nem
680 673 885 729 Christi
914 685 1338 730 convertuntur.
1371 676 1426 728 Si
1469 684 1651 730 autem
1683 687 1919 744 quaeras,
1954 689 2094 744 quo-

528 764 690 819 modo
722 765 837 819 haec
864 767 1016 832 liam,
1042 767 1177 820 satis
1209 766 1307 819 tibi
1339 766 1410 819 sit
1445 767 1669 830 audire,
1698 782 1799 837 per
1840 778 2092 822 sanctum

530 854 794 921 Spiritum
832 857 945 909 hac
974 856 1111 909 ﬁeri.
1156 875 1177 908 ι

600 945 716 999 XII.
766 947 1009 1014 Auditis,
1043 947 1323 1016 quomodo
1354 963 1607 1018 magnum
1646 947 1904 1003 Ecclesiae
1928 948 2095 1003 lumi-

534 1052 666 1091 nare
718 1054 826 1091 non
884 1041 1264 1107 Operationem
1317 1039 1625 1093 substantia
1680 1056 1905 1095 vacuam
1970 1050 2026 1095 et
2066 1057 2097 1095 a

531 1128 718 1181 divina
763 1129 1070 1183 substantia
1106 1128 1461 1195 distinctam,
1505 1131 1598 1185 sed
1634 1134 1806 1199 ipsam
1855 1132 2098 1186 divinam

534 1218 707 1272 sancti
738 1216 975 1285 Spiritus
1006 1221 1390 1285 substantiam,
1425 1237 1605 1290 neque
1649 1222 1911 1277 salutaris
1952 1222 2101 1277 illius

533 1308 781 1376 corporis
812 1306 1064 1378 ﬁguram,
1101 1310 1196 1364 sed
1237 1310 1410 1378 ipsum
1450 1311 1586 1364 illud
1632 1327 1836 1380 corpus
1885 1327 1985 1366 nec
2030 1312 2100 1366 ab

536 1399 631 1451 illo
682 1397 831 1451 aliud
887 1414 1056 1459 esse.
1108 1416 1303 1472 panem
1366 1402 1798 1457 eucharistieum
1867 1413 2099 1458 asserat.

536 1488 729 1549 Porro.
757 1491 905 1558 quod
954 1493 1128 1561 majus
1164 1502 1269 1559 est,
1320 1508 1429 1547 non
1470 1495 1799 1564 simpliciter
1833 1510 2012 1563 neque
2046 1496 2101 1549 in

539 1588 856 1633 transcursu
906 1584 1093 1650 paucis
1143 1583 1259 1638 hate
1288 1584 1471 1638 verbis
1504 1585 1775 1654 protulit:
1826 1587 1923 1640 sed
1974 1585 2105 1639 soli-

539 1670 668 1722 dum
736 1679 900 1739 atque
944 1673 1217 1741 integrum
1278 1675 1405 1728 libri
1447 1676 1630 1744 quarti
1692 1686 1856 1741 caput
1904 1690 2104 1741 magno

538 1761 724 1815 studio
758 1762 898 1816 hanc
941 1762 995 1816 in
1048 1780 1161 1816 rem
1207 1765 1535 1829 elaboravit,
1568 1776 1625 1821 et
1665 1766 1824 1822 valde
1862 1768 2105 1838 prolixas

541 1852 1059 1922 demonstrationes,
1094 1866 1207 1909 tum
1234 1872 1297 1909 ex
1330 1858 1660 1911 naturalium
1706 1874 1893 1913 rerum
1932 1875 2103 1929 penu,

544 1958 658 1999 tum
699 1948 873 2000 sacris
916 1961 947 2000 e
982 1945 1285 2016 Scripturis
1344 1951 1708 2019 deprompsit.
1754 1950 1910 2006 Tunc
1956 1952 2104 2006 enim

543 2036 780 2091 Ecclesia
808 2037 956 2106 gravi
988 2037 1130 2091 bello
1165 2041 1313 2092 velut
1344 2041 1552 2093 marina
1591 2052 1914 2111 tempestate
1938 2046 2108 2115 jacta-

544 2124 729 2185 batur,
778 2133 835 2177 et
891 2125 1048 2179 valde
1090 2127 1489 2182 intumescehat
1533 2131 1753 2185 illorum
1796 2135 1967 2189 moles
2010 2133 2108 2188 llu-

545 2222 762 2277 ctuum,
791 2230 932 2284 quos
962 2215 1445 2273 vehementissime
1461 2222 2111 2279 concitabantlconoma-

545 2302 657 2365 rhi,
692 2313 804 2357 tum
826 2305 905 2361 de
948 2306 1258 2375 praedictis.
1288 2319 1402 2362 tum
1433 2310 1501 2365 de
1532 2311 1847 2367 Thaborico
1880 2314 2112 2380 lumine,

546 2393 943 2467 disceptantes.
976 2396 1115 2450 llinc
1155 2401 1361 2454 erroris
1389 2401 1795 2468 occasionibus,
1828 2418 1966 2467 quas
2009 2404 2112 2459 im-

550 2485 637 2553 pie
669 2485 1071 2551 eonﬂnxerant,
1100 2490 1355 2558 captatis,
1391 2491 1666 2546 haereseos
1690 2493 2116 2550 iconomachicat

550 2577 841 2630 tumultum
874 2578 1217 2641 excitabant,
1251 2592 1308 2634 et
1369 2582 1573 2636 domini
1614 2583 1743 2639 Jesu
1780 2585 2113 2644 incarnatio-

548 2682 675 2720 nem
711 2668 1212 2733 calumniabantur,
1263 2682 1321 2727 ut
1366 2687 1537 2741 supra
1592 2678 1950 2745 exposuimus
1976 2720 1991 2745 ,
2025 2677 2115 2734 ubi

550 2771 654 2811 nec
701 2772 804 2811 nos
855 2759 1031 2827 piguit
1081 2762 1435 2830 prolixiorem
1471 2766 1571 2821 hac
1600 2767 1669 2821 dc
1701 2783 1758 2821 re
1805 2783 2116 2825 sermonem

554 2846 857 2903 instituere.
892 2849 1049 2905 Tunc
1078 2840 1226 2908 certe
1263 2855 1614 2924 magistratus
1659 2858 1873 2928 1138
1903 2875 2119 2924 omnes,

553 2946 610 2994 ct
658 2950 884 2998 caeteras
934 2942 1148 3014 imperii
1200 2945 1518 3016 dignitates.
1572 2948 1760 3018 hujus,
1802 2968 1922 3019 qua:
1972 2954 2122 3007 velut

554 3031 780 3086 morbus
811 3043 1043 3089 cunctos
1094 3036 1381 3106 infecerat,
1414 3039 1686 3096 haereseos
1736 3044 1974 3099 ministri
2008 3044 2124 3100 dis-

2194 581 2289 631 καί
2321 578 2348 628 ὁ
2392 571 2535 635 οἶνος
2573 571 2959 641 μεταποιεῖται
2991 566 3072 627 είς
3127 562 3289 630 σῶμα
3324 560 3422 612 καὶ
3467 551 3607 623 αἷμα
3629 556 3767 625 Χρι-

2196 669 2345 723 στοῦ.
2383 669 2443 720 Εἰ
2465 667 2519 720 δὲ
2552 666 2642 717 τὸν
2664 662 2863 731 τρόπον
2889 658 3169 727 ἐπιζητεῖς
3195 653 3313 717 πῶς
3346 651 3585 720 γίνεται,
3614 647 3773 716 ἀρκεῖ

2198 779 2279 814 σοι
2326 759 2557 813 ἀκοῦσαι
2609 757 2693 809 ὃτι
2721 754 2811 807 διὰ
2870 751 3189 821 Πνεύρατος
3229 748 3413 817 ἁγίου.
3443 763 3463 796 ι

2268 941 2370 996 ιη’.
2414 940 2689 1004 Ἀκούετε,
2722 938 2838 1001 πῶς
2864 937 2963 990 οὐκ
2993 933 3281 1003 ἐνέργειαν
3314 928 3568 983 ἁνοῦσιόν
3598 943 3657 979 τε
3684 925 3781 977 καὶ

2198 1036 2453 1105 διάφορόν
2482 1051 2617 1102 φησι
2639 1034 2736 1098 τῆς
2768 1030 2919 1093 Θείας
2941 1028 3128 1089 οὐσίας
3152 1027 3179 1078 6
3213 1025 3387 1092 μέγας
3412 1023 3510 1091 τῆς
3551 1020 3782 1085 Ἐκκληο

2200 1126 2324 1188 σίας
2355 1125 2603 1193 φωστὴρ,
2651 1122 2767 1175 ἀλλ’
2815 1121 2988 1189 αὐτὴν
3026 1136 3090 1186 γε
3130 1120 3231 1186 τὴν
3265 1115 3421 1168 θείαν
3466 1113 3655 1167 οὐσίαν
3686 1110 3781 1161 τοῦ

2180 1216 2522 1286 ηῐίνεύματος
2550 1233 2563 1246 ⁸
2592 1215 2713 1268 οὐδὲ
2742 1214 2910 1266 τύπον
2943 1211 3231 1279 γινόμενον
3279 1205 3531 1274 σώματος
3563 1203 3781 1257 ἐκείνου

2201 1308 2298 1361 τοῦ
2326 1307 2601 1378 σωτηρίου
2645 1309 2736 1359 τὸν
2766 1307 2953 1375 ἄρτον,
3012 1303 3129 1355 ἀλλ’
3181 1300 3313 1355 αὖτό
3347 1317 3411 1368 γε
3442 1299 3642 1357 έκεῖνο,
3692 1298 3788 1351 καὶ

2202 1400 2301 1452 οὐκ
2328 1399 2456 1452 ἄλλο
2501 1399 2736 1451 ἐκείνου.
2766 1398 2877 1450 Καὶ
2910 1396 2974 1447 τό
3006 1411 3065 1462 γε
3107 1395 3313 1462 μεῖζον,
3342 1392 3420 1453 ὡς
3462 1390 3563 1458 οὐχ
3596 1386 3786 1448 ἁπλῶς

2202 1492 2417 1546 οὗτωσὶ-
2437 1489 2717 1561 παρῆλθεν
2748 1490 2916 1540 εἰπὼν
2950 1488 3008 1540 ὲν
3047 1486 3257 1557 βραχεῖ,
3297 1482 3417 1537 ἀλλ’
3459 1481 3583 1535 ὅλον
3611 1480 3787 1533 ποιεῖ-

2202 1599 2292 1634 ται
2320 1581 2500 1648 λόγον,
2534 1581 2628 1634 καὶ
2656 1581 2776 1632 λίαν
2806 1575 3294 1647 πεφροντισμένον,
3325 1575 3423 1628 καὶ
3454 1572 3553 1625 σύν
3582 1588 3648 1639 γε
3682 1585 3790 1639 μα-

2205 1678 2366 1745 κραῖς
2414 1672 2672 1736 ἐπιεικῶς
2720 1671 3030 1738 ἀποδείξεσι
3064 1668 3324 1740 φυσικαῖς
3349 1681 3412 1718 τε
3460 1666 3557 1717 καὶ
3584 1678 3795 1733 γραφι-

2208 1768 2354 1828 καίς.
2413 1762 2591 1833 Πολλὴ
2624 1764 2735 1832 γάρ
2784 1778 2868 1825 τις
2918 1760 3027 1813 τότ’
3081 1755 3151 1828 ἦν
3188 1758 3222 1824 ἡ
3274 1754 3520 1808 θάλασσα
3550 1751 3665 1803 τῶν
3692 1748 3796 1818 τῆς

2219 1855 2546 1924 Ἑκκλησίας
2571 1852 2850 1924 πολέμων,
2888 1851 2982 1903 καὶ
3024 1852 3053 1903 6
3102 1847 3212 1901 τῶν
3248 1846 3511 1915 κυμάτων
3564 1842 3798 1894 ἐκείνων

2208 1947 2370 2015 ὄγκος
2402 1946 2610 2015 σφόδρα
2642 1960 2706 2012 γε
2750 1942 2876 2014 ᾤδει
2907 1941 3042 2010 πρὸς
3096 1937 3204 1992 τῶν
3232 1935 3621 2003 Είκονομάχων
3648 1930 3799 1982 πάνυ

2213 2038 2459 2109 σφοδρῶς
2489 2034 3010 2108 ἀναῤῥιπιζόμενος,
3048 2030 3176 2101 περί
3207 2046 3273 2098 γε
3310 2027 3376 2096 δὴ
3419 2024 3531 2078 τῶν
3556 2019 3799 2093 εἰρημέ-

2209 2150 2338 2196 νων,
2380 2132 2475 2184 καὶ
2506 2130 2643 2199 πρός
2672 2144 2737 2197 γε
2767 2126 2863 2185 τοῦ
2907 2129 2965 2178 έν
2995 2122 3263 2194 Θαϐωρίῳ
3297 2118 3477 2190 φωτός
3501 2132 3519 2149 ·
3549 2113 3638 2186 [Ρ.
3670 2109 3800 2183 7η]

2212 2225 2273 2289 ἐξ
2307 2217 2383 2277 ὧν
2409 2224 2662 2294 ἀφορμὰς
2696 2221 2795 2290 οὐχ
2829 2220 2983 2281 ὁσίας
3009 2216 3445 2274 ἀναπλάττοντες
3485 2212 3577 2263 τόν
3604 2225 3669 2260 τε
3702 2207 3802 2274 τῆς

2213 2317 2600 2386 είκονομαχίας
2650 2311 2909 2383 ἠρέθιζον
2958 2308 3197 2380 θόρυϐον
3247 2306 3342 2358 καὶ
3375 2304 3475 2373 τὴν
3529 2301 3805 2368 ενσαρκον

2212 2408 2308 2462 τοῦ
2350 2407 2559 2476 Κυρίου
2594 2403 2872 2459 διέϐαλλον
2910 2401 3213 2471 παρουσίαν
3238 2415 3253 2429 ⁸
3292 2398 3369 2459 ὡς
3398 2396 3659 2462 ἀνωτέρω
3689 2388 3801 2459 (54)

2216 2516 2322 2552 που
2358 2495 2681 2566 διελάϐομεν
2721 2494 2817 2547 καὶ
2845 2494 3025 2562 ἡμεῖς,
3058 2491 3158 2542 οὐκ
3189 2482 3647 2560 έρῤᾳθυμημένον
3678 2478 3801 2532 τινὰ

2221 2589 2561 2661 μηκύναντες
2610 2587 2772 2655 λόγον
2801 2602 2815 2616 ·
2850 2588 2939 2639 ὅτε
2984 2584 3051 2656 δὴ
3103 2582 3198 2636 καὶ
3228 2580 3406 2641 πάσας
3460 2576 3560 2646 μὲν
3596 2572 3800 2643 ἀρχὰς,

2217 2683 2398 2745 πάσας
2426 2682 2476 2736 δ’
2532 2679 2806 2744 ἐξουσίας,
2837 2678 2885 2731 οἱ
2918 2676 3017 2745 τῆς
3065 2673 3226 2728 νόσου
3279 2669 3482 2737 ταύτης
3517 2666 3801 2735 ὑπηρέται

2217 2773 2617 2843 διενενέμηντο,
2665 2770 2759 2823 καὶ
2818 2771 2968 2820 πᾶσα
3017 2765 3238 2819 πάντων
3288 2760 3493 2831 ἅμιλλα
3526 2758 3684 2826 ,πρὸς
3715 2757 3805 2806 τὸν

2218 2865 2409 2931 ὅμοιον
2434 2864 2533 2932 τῆς
2564 2861 2759 2923 κακίας
2784 2859 2988 2928 ταύτης
3013 2857 3272 2910 ἐτέτακτο
3298 2852 3521 2923 δρόμον,
3551 2849 3648 2901 καὶ
3687 2863 3805 2916 σχε-

2219 2956 2310 3012 δὸν
2341 2958 2369 3009 6
2419 2955 2528 3008 τῶν
2558 2949 2859 3022 τηνικαῦτα
2916 2950 3029 3021 βίος
3069 2945 3395 3017 ἀνθρώπων,
3448 2942 3536 2995 διὰ
3583 2939 3805 3008 τρυφὴν

2223 3050 2317 3103 καὶ
2348 3048 2627 3120 βλακείαν,
2678 3045 2760 3108 είς
2787 3045 2885 3116 τὴν
2914 3042 3022 3095 τῶν
3057 3037 3354 3111 βασιλικῶν
3403 3035 3805 3120 Θεσπισμάτων

557 3121 898 3192 tribuebant,
917 3136 972 3181 et
1003 3132 1254 3183 certatim
1288 3145 1481 3186 omnes
1507 3135 1738 3188 maxima
1765 3136 2116 3192 contentione

2223 3143 2404 3195 εκλινε
2437 3137 2754 3201 κολακείαν,
2796 3137 2889 3188 καὶ
2922 3134 3064 3185 πάνυ
3105 3129 3329 3201 βραχεῖς
3355 3141 3501 3186 τινες
3528 3120 3700 3194 ἦσαν,
3734 3114 3808 3175 ὧν

2582 3231 2587 3232 ,
2687 3229 2698 3232 -
2786 3227 2810 3232 _
2913 3227 2926 3232 -
2985 3226 3007 3232 _
3181 3222 3195 3232 .
3331 3222 3344 3232 .
3637 3218 3648 3232 .
3699 3214 3759 3232 ρ.

554 3213 623 3267 ad
656 3214 891 3271 similem
923 3218 1225 3274 currebant
1254 3220 1696 3291 improbitatem;
1728 3226 1860 3294 quin
1888 3237 1945 3282 et
1975 3228 2122 3284 illius

555 3306 734 3360 aetatis
758 3308 1029 3372 homines,
1063 3311 1136 3365 ob
1165 3312 1288 3366 vita:
1317 3313 1547 3369 delicias
1586 3324 1642 3371 et
1670 3316 1881 3385 luxum,
1910 3333 1979 3372 eo
2008 3318 2123 3373 fere

554 3395 897 3452 inclinabant
924 3401 1195 3464 animum,
1230 3412 1289 3457 ut
1315 3407 1701 3462 sanctionibus
1750 3411 2126 3478 imperatoriis

556 3486 940 3542 aduiarentur.
992 3492 1332 3562 Supererant
1376 3499 1722 3567 paucissimi,
1753 3516 1987 3567 quorum
2034 3517 2129 3569 ge-

557 3591 792 3632 nerosus
834 3595 898 3637 ac
945 3580 1174 3639 liberior
1212 3586 1451 3651 animus,
1507 3588 1755 3658 itemque
1806 3590 2129 3647 ardentissi-

558 3684 683 3723 mus
718 3671 774 3725 in
801 3674 967 3729 corde
999 3676 1161 3746 ignis.
1190 3691 1384 3734 contra
1424 3682 1713 3735 inimicum
1757 3684 1910 3736 illum
1947 3685 2126 3754 ignem

559 3759 782 3817 fortiter
831 3765 1231 3833 decertabant;
1282 3780 1339 3825 et
1391 3771 1495 3825 hoc
1558 3773 1613 3826 in
1676 3774 1818 3827 bello
1866 3776 2131 3843 sapientis

559 3850 792 3920 hujusce
833 3856 933 3907 viri
964 3860 1136 3911 sancti
1161 3858 1390 3914 Joannis
1424 3860 1746 3917 Damasceni
1779 3867 2131 3921 sermonibus

559 3957 664 4008 pro
696 3958 794 3997 sua
825 3946 1063 4016 quisque
1118 3949 1401 4019 facultate,
1448 3953 1539 4005 alii
1571 3954 1759 4020 verbo,
1808 3956 1899 4010 alii
1938 3972 2127 4034 opere,

560 4044 799 4106 utroque
856 4038 989 4102 alii,
1051 4042 1493 4111 opitulabantur.
1548 4048 1757 4101 Horum
1834 4066 1979 4104 unus
2026 4049 2133 4104 fuit

560 4124 889 4184 Theodorus
924 4130 1185 4201 Graptus.
1213 4136 1306 4205 qui
1356 4137 1584 4191 multam
1631 4149 1744 4193 tum
1793 4141 2019 4210 scriptis
2069 4141 2129 4197 iu

557 4221 913 4279 sermonibus
961 4224 1313 4293 sapientiam,
1362 4239 1476 4283 tum
1521 4230 1590 4283 ad
1628 4231 1988 4299 perferendas
2034 4235 2133 4289 ho-

558 4311 728 4367 stium
761 4314 981 4369 illorum
1025 4318 1210 4387 plagas
1244 4322 1492 4390 corporis
1530 4322 1854 4391 patientiam
1900 4325 2134 4381 demou-

557 4406 779 4459 stravit.
810 4406 968 4467 Unde
996 4408 1149 4464 tirtna
1175 4420 1232 4463 et
1262 4411 1609 4478 inconcussa,
1633 4430 1757 4484 quae
1779 4432 1808 4469 c
1831 4419 2134 4489 majoribus

2228 3233 2514 3302 ἐλεύθερον
2541 3231 2642 3300 τῆς
2671 3227 2851 3299 ψυχῆς
2906 3226 3118 3293 ὑπῆρχε
3146 3222 3207 3274 τὸ
3242 3222 3521 3289 φρόνημα,
3564 3218 3659 3267 καὶ
3698 3214 3808 3279 ἔξει

2225 3328 2285 3378 τδ
2314 3325 2413 3394 τῆς
2444 3323 2673 3391 καρδίας
2721 3318 2855 3388 πῦρ,
2893 3317 3013 3386 μεθ’
3045 3308 3107 3368 οὗ
3141 3313 3234 3365 καὶ
3267 3309 3405 3380 πρὸς
3436 3308 3497 3361 τὸ
3543 3306 3810 3375 πολέμιον

2228 3419 2403 3469 έκεῖνο
2435 3414 2696 3481 γενναίως
2721 3404 3217 3477 ἀντεστρατεύοντο
3266 3399 3399 3470 πῦρ,
3438 3399 3537 3451 καὶ
3566 3400 3681 3459 τοῖς
3717 3395 3801 3447 λό-

2227 3522 2343 3575 γοις
2390 3505 2485 3558 τοῦ
2539 3502 2705 3573 σοφοῦ
2762 3499 2908 3553 τοῦδ’
2955 3496 3149 3563 ἀνδρὸς
3210 3491 3549 3560 συνεμάχουν
3603 3490 3666 3540 ὲκ
3704 3487 3807 3539 τῶν

2231 3600 2481 3662 ινόντων,
2507 3598 2557 3648 οἱ
2600 3595 2700 3664 μὲν
2732 3593 2934 3659 λόγοις,
2963 3592 3013 3643 ol
3050 3589 3095 3640 δ’
3122 3588 3328 3656 ἔργοις,
3357 3586 3405 3635 οί
3437 3582 3491 3634 δι
3515 3580 3584 3634 δι’
3614 3579 3806 3632 ἐκατέο

2232 3708 2363 3761 ρων.
2398 3683 2499 3742 Ὧν
2528 3682 2608 3751 εἷς
2661 3687 2757 3741 καὶ
2787 3683 3061 3752 Θεόδωρος
3103 3675 3193 3750 ἦν,
3248 3679 3275 3731 6
3307 3675 3509 3743 πολλὴν
3565 3674 3666 3741 μὲν
3707 3671 3803 3742 τὴν

2230 3781 2295 3831 ἐκ
2328 3780 2503 3845 λόγων
2527 3778 2744 3845 σοφίαν,
2779 3770 2982 3841 πολλὴν
3010 3771 3068 3824 δὲ
3113 3768 3214 3836 τὴν
3243 3764 3339 3817 τοῦ
3373 3761 3625 3831 σώματος
3661 3775 3798 3827 acap-

2231 3870 2419 3940 τερίαν
2449 3869 2588 3939 πρὸς
2627 3870 2726 3930 τὰς
2765 3866 2876 3919 τῶν
2900 3862 3179 3930 πολεμίοιν
3221 3858 3449 3910 ἐκείνων
3478 3852 3697 3919 πληγὰς
3723 3853 3807 3904 έν·

2231 3962 2576 4029 δειξάμενος,
2613 3960 2710 4013 καὶ
2754 3957 2823 4010 δι’
2853 3953 3035 4009 αὐτῶν
3062 3953 3175 4013 τοῖς
3204 3947 3457 4011 πατρίοις
3498 3944 3561 3995 τὺ
3590 3942 3803 4013 βέϐαιον

2232 4052 2327 4105 καὶ
2371 4048 2669 4101 ἀσάλευτον
2716 4043 3085 4115 χαρισάμενος
3127 4037 3361 4104 δόγμασι
3415 4032 3475 4085 τδ
3504 4030 3802 4099 νεμόμενον

2232 4145 2440 4196 ἔπαυσε
2465 4138 2567 4207 τῆς
2599 4137 2803 4198 κακίας
2839 4133 3076 4201 ἐκείνης.
3108 4129 3218 4183 Καὶ
3258 4128 3355 4197 μὲν
3383 4124 3449 4194 δὴ
3472 4121 3686 4176 πολλῶν
3710 4121 3798 4173 δν-

2233 4252 2366 4300 των,
2383 4233 2419 4286 δι
2436 4234 2501 4302 τῇ
2521 4229 2614 4282 τοῦ
2632 4227 2769 4280 Θεοῦ
2802 4222 3104 4293 Ἐκκλησία
3116 4217 3496 4273 καταλελοίπει
3517 4214 3798 4280 συγγράμ-

2237 4342 2405 4395 ματα,
2439 4322 2623 4391 πλήρη
2657 4319 2851 4389 σοφίας
2892 4313 3324 4384 ἐπιστημονικῆς
3358 4311 3456 4362 καὶ
3496 4309 3614 4376 ἅμα
3643 4305 3800 4395 δὶεὐ-

2237 4392 2454 4477 σεϐείας
2515 4411 2728 4481 σεμνῶς
2780 4405 3286 4479 πανηγυριζούσης,
3341 4405 3370 4454 6
3426 4400 3603 4470 μέγας
3652 4392 3797 4459 οὗτος

555 4500 896 4568 accepimus,
927 4490 1179 4572 dogmata
1203 4505 1464 4570 servavit,
1482 4515 1537 4561 et
1567 4520 1901 4576 grassantem
1928 4511 2116 4578 ubiqut

2235 4507 2580 4569 διδάσκαλος,
2613 4505 2733 4557 ἔνια
2760 4502 2859 4573 μὲν
2886 4500 2978 4554 καὶ
3010 4500 3141 4569 ἡμῖν
3175 4499 3255 4559 είς
3282 4498 3383 4564 τὴν
3408 4493 3667 4584 ἀνωτέρω
3691 4491 3797 4584 (35)

562 4591 830 4647 malitiam
874 4596 1241 4664 compescuit.
1297 4596 1468 4652 Porro
1510 4614 1741 4668 magnus
1802 4602 1889 4655 hic
1939 4603 2116 4657 doctoi

2234 4617 2340 4653 που
2379 4599 2573 4667 χρείαν
2629 4594 2894 4665 μεγίστην
2943 4591 3256 4659 παρέσχετο
3307 4582 3659 4654 συμμαχίαν
3710 4582 3797 4633 καὶ

559 4681 785 4750 scripsit
820 4684 1007 4753 plures
1040 4694 1096 4740 et
1129 4686 1224 4740 Dei
1260 4688 1518 4743 Ecclesia:
1559 4691 1782 4759 reliquit
1807 4693 2005 4757 libros,
2036 4696 2132 4764 qui

560 4772 788 4831 uberem
836 4778 1166 4845 sapientiam
1223 4795 1348 4837 cum
1398 4781 1632 4837 scientia
1687 4786 2035 4856 conjunctam
2078 4799 2134 4843 et

560 4865 822 4931 pietatem
863 4880 1099 4939 augusto
1147 4872 1446 4939 splendore
1482 4873 1677 4929 festam
1710 4878 1997 4931 continent
2024 4896 2039 4942 ;
2065 4895 2132 4933 ex

559 4956 762 5019 quibus
796 4959 1046 5013 nonnulli
1075 4962 1299 5032 quidem
1331 4965 1630 5020 maximum
1666 4976 1725 5020 et
1758 4970 2131 5024 necessarium

560 5050 627 5102 ad
660 5053 1004 5119 superiorem
1040 5058 1483 5111 controversiam
1536 5059 1921 5128 adjumentum
1973 5061 2133 5116 nobis

562 5141 904 5198 attulerunt:
952 5154 1189 5202 attamen
1233 5148 1525 5215 perlibenti
1578 5150 1784 5213 animo,
1844 5166 1945 5204 nec
2012 5153 2132 5206 sine

2232 4690 2329 4742 νῦν
2354 4688 2401 4742 δ’
2454 4684 2614 4748 αὖθις
2646 4684 2786 4738 κατὰ
2818 4681 3045 4751 γνώμην
3097 4678 3164 4732 ἂν
3199 4676 3285 4745 εἴη
3336 4676 3431 4728 καὶ
3473 4673 3538 4726 οὐ
3570 4670 3714 4739 μάλα
3742 4668 3799 4736 γέ

2230 4800 2314 4835 τοι
2358 4780 2525 4851 ἀηδὲς
2569 4779 2714 4846 ἐμοὶ,
2750 4775 2861 4830 τῶν
2913 4772 3125 4826 ἑκείνου
3162 4770 3379 4840 βίϐλων,
3418 4766 3495 4829 ὡς
3544 4766 3605 4828 ἐξ
3657 4762 3795 4832 ἱερᾶς

2230 4890 2375 4934 τινος
2414 4870 2751 4939 ὁπλοθήκης,
2781 4867 2840 4919 τὸ
2873 4865 3093 4934 καίριον
3132 4863 3225 4913 καὶ
3257 4861 3326 4929 τῇ
3372 4856 3624 4927 παρούσῃ
3650 4852 3796 4923 χρείᾳ

2238 4966 2401 5018 πάλιν
2424 4961 2773 5032 ἀνειληφέναι
2805 4959 2977 5026 ξίφος.
3007 4952 3299 5025 ΠροτίΘησι
3328 4950 3439 5020 γὰρ
3464 4951 3582 5002 ἐκεῖ
3612 4950 3678 5001 τὰ
3698 4948 3795 4999 τῶν

2242 5056 2524 5126 προέδρων
2558 5057 2657 5123 τῆς
2697 5046 3083 5119 εἰκονομαχίας
3123 5042 3393 5112 ἐναγώνια
3425 5043 3649 5112 ῥήματα
3679 5037 3797 5108 1:94-

2239 5168 2295 5203 τε
2306 5166 2414 5218 ρον,
2446 5148 2640 5217 ἔχοντα
2675 5144 2849 5207 οὕτως

559 5235 796 5301 quadam
841 5238 1143 5307 voluptate,
1176 5254 1366 5294 rursus
1397 5256 1462 5293 ex
1501 5240 1675 5311 ipsius
1732 5243 1913 5307 libris,
1981 5258 2083 5298 ceu
2120 5258 2278 5297 sacro
2317 5256 2383 5296 ex
2449 5234 2901 5297 armamentario,
2965 5245 3116 5284 nunc
3160 5235 3523 5297 opportunam
3573 5223 3639 5276 ad
3675 5232 3800 5291 pra:-

562 5329 735 5383 sentis
766 5330 1161 5397 disputationis
1203 5333 1590 5387 necessitatem
1618 5332 1857 5403 gladium
1883 5337 2134 5390 educam.
2179 5336 2258 5388 lbi
2320 5337 2524 5403 quippe
2588 5326 2771 5385 statim
2820 5324 3078 5396 proponit
3109 5324 3300 5387 verba,
3328 5335 3453 5390 quin
3497 5318 3649 5371 velut
3674 5314 3799 5370 clas.

567 5421 741 5474 sicum
797 5428 1050 5479 canentia
1092 5425 1448 5494 proferebant
1502 5426 1987 5483 Iconomacltorum
2034 5433 2307 5485 haereseos
2339 5426 2633 5480 antistites.
2665 5423 2807 5477 Sunt
2837 5430 3019 5473 autem
3066 5416 3381 5487 lmjusmodi
3416 5432 3430 5467 :

639 5512 779 5568 Xlll.
829 5534 848 5565 ι
890 5516 1166 5583 Christus,
1220 5518 1437 5591 1139
1482 5520 1773 5589 inquiunt,
1822 5537 1945 5577 cum
1979 5537 2135 5579 suam

2316 5520 2418 5574 Ir"
2450 5538 2467 5569 ‘
2512 5513 2811 5586 Προῖνοίθξι
2854 5530 2872 5562 ³
2910 5514 3096 5581 φησὶν.
3141 5529 3159 5561 ε
3194 5510 3221 5561 ὀ
3251 5508 3484 5578 Χριστὸς
3520 5505 3611 5559 τὸν
3652 5500 3795 5557 Θάνα-

1919 5656 2241 5720 Variorum
2274 5663 2467 5720 notae.

652 5781 756 5854 Qui)
784 5780 903 5835 Lib.
948 5798 1057 5848 xix,
1095 5801 1213 5854 cap.
1243 5788 1276 5841 5
1306 5798 1361 5842 et
1394 5790 1443 5841 si.
1474 5787 1808 5841 Cu-renosx.

2316 5782 2426 5851 (355)
2459 5780 2589 5836 Vide
2629 5778 2722 5834 lib.
2749 5791 2859 5841 xm,
2894 5789 3014 5842 cap.
3047 5773 3081 5827 ’5
3111 5782 3165 5826 et
3193 5772 3243 5827 ιι.
3274 5771 3612 5827 Caereuosx.
