4122 6180
184 5958 467 6136 μοθθ

1567 572 1727 617 ANNO
1770 571 1975 617 DOMlNl
2022 572 2286 616 MLXXXV.

742 763 944 975 S.
1107 761 2581 977 GREG—ORIUS
2729 767 3125 975 VII

1522 1090 1914 1155 PONTIFEX
1962 1090 2333 1154 ROMANUS

1170 1402 2682 1613 PROLEGOMENA.

1736 1682 2123 1697 _

588 1802 1188 1896 ELOGIUM
1272 1806 1446 1895 EX
1530 1738 2592 1898 MARTYROLOGIO
2682 1805 3262 1895 ROMANO.

474 1986 720 2045 Salerni
762 1985 1058 2064 depositio
1101 1987 1259 2049 beati
1301 1984 1576 2064 Gregorii
1614 1991 1884 2083 septimi,
1930 1988 2215 2081 Ecctesia
2264 1990 2557 2050 libertatis
2596 1993 3036 2068 propugnatort'
3076 2007 3148 2050 ac
3186 1988 3382 2066 defen-

1680 2087 1834 2129 εοηε
1871 2086 2173 2131 acerrima.

954 2381 1461 2472 LEGENDA
1738 2376 2348 2470 BBEVIARIO
2417 2376 2906 2471 ROMANO.

338 2630 570 2684 anrlo
598 2644 689 2684 1v.
718 2629 1015 2701 Gregorius
1051 2633 1193 2701 Papa
1219 2629 1503 2701 septimus,
1527 2638 1682 2685 antea
1704 2629 1887 2686 Hilde-
1914 2631 1968 2693 Α
1996 2629 2186 2685 lendas
2230 2630 2392 2697 Maii,
2434 2647 2577 2687 anno
2620 2629 2821 2687 Christi
2858 2630 3148 2687 millesimo
3192 2632 3588 2704 septuagesimo

268 2720 533 2785 brandus,
565 2724 764 2780 Suana
795 2724 851 2778 in
880 2724 1136 2780 Hetruria
1169 2733 1351 2789 natus,
1384 2724 1653 2788 doctrina,
1677 2725 1879 2780 sancti-

275 2820 380 2867 tate
402 2855 417 2879 ,
462 2816 736 2886 omnique
770 2816 1039 2872 virtutum
1070 2833 1269 2890 genere
1302 2817 1626 2887 cumprimis
1652 2816 1878 2880 nobilis,

284 2906 503 2963 miriﬁce
557 2909 872 2964 universam
902 2913 1003 2965 Dei
1050 2910 1341 2965 illustravit
1374 2910 1691 2965 Ecclesiam.
1742 2911 1881 2964 Cum

286 3002 530 3069 parvulus
559 3002 628 3057 ad
656 3001 793 3057 fabri
824 3002 965 3072 ligna
996 3003 1264 3059 edolantis
1296 3004 1496 3074 pedes,
1522 3004 1639 3075 jam
1672 3003 1882 3058 littera-

278 3109 401 3148 rum
449 3095 660 3151 inscius
711 3096 954 3163 luderet,
993 3113 1055 3152 ex
1102 3097 1316 3169 rejectis
1359 3106 1544 3152 tamen
1589 3096 1901 3168 segmentis

273 3187 363 3241 illa
406 3188 655 3244 Davidici
687 3192 954 3245 elementa
1002 3192 1239 3257 oraculi,
1272 3190 1662 3246 Dominabitur
1689 3207 1717 3245 a
1750 3190 1883 3245 mari

274 3297 447 3351 usque
490 3282 562 3339 ad
606 3299 787 3348 mare,
836 3300 967 3339 casu
1006 3282 1279 3340 formasse
1329 3295 1610 3349 narratur,
1650 3300 1883 3340 manum

276 3378 432 3446 pueri
455 3375 717 3433 ductante
747 3379 983 3433 Numine
1012 3395 1027 3433 :
1057 3394 1164 3449 quo
1194 3378 1598 3451 signiﬁcaretur
1622 3379 1739 3452 ejus
1769 3378 1885 3434 fore

274 3471 671 3541 amplissimam
690 3473 746 3527 in
769 3473 977 3529 mundo
997 3475 1400 3529 auctoritatem.
1426 3478 1663 3529 Romam
1685 3474 1884 3530 deinde

276 3563 581 3635 profectus,
607 3567 710 3620 sub
740 3568 1080 3637 protectione
1100 3567 1276 3622 sancti
1312 3568 1457 3622 Petri
1488 3568 1748 3623 educatus
1778 3576 1881 3623 est.

275 3658 500 3713 Iuvenis
540 3660 797 3717 Ecclesia
841 3660 1155 3716 libertatem
1194 3677 1224 3716 a
1269 3662 1415 3716 laicis
1444 3677 1797 3732 oppressam,
1823 3678 1885 3717 ac

277 3749 599 3821 depravatos
628 3755 1138 3810 Ecclesiasticorum
1167 3771 1352 3811 mores
1383 3756 1757 3812 vehementius
1781 3756 1879 3812 d0-

274 3845 415 3912 lens,
448 3847 502 3901 in
534 3849 873 3903 Cluniacensi
903 3857 1263 3916 monasterio,
1298 3851 1390 3907 ubi
1416 3852 1516 3906 sub
1542 3852 1729 3923 regula
1754 3867 1880 3906 san-

279 3942 350 3997 cti
382 3942 655 3998 Benedicti
679 3945 996 4000 austerioris
1026 3946 1151 4002 vita
1176 3947 1525 4003 observantia
1550 3962 1615 4002 eo
1636 3951 1884 4017 tempore

286 4033 525 4088 maxime
564 4036 814 4107 vigebat,
847 4038 1102 4093 monachi
1134 4039 1391 4098 habitum
1435 4040 1696 4107 induens,
1729 4047 1880 4095 tanto

282 4126 496 4198 pietatis
538 4128 736 4184 ardore
786 4129 988 4186 divina
1034 4132 1309 4203 majestati
1340 4132 1714 4201 deserviebat,
1761 4141 1881 4188 uta

281 4220 484 4275 sanctis
531 4221 777 4291 ejusdem
821 4225 1056 4279 canobii
1101 4225 1343 4295 patribus
1372 4226 1530 4280 Prior
1556 4226 1626 4280 sit
1651 4226 1877 4280 electus.

280 4312 387 4367 Sed
407 4354 423 4378 ,
455 4313 634 4369 divina
680 4316 1014 4386 providentia
1047 4319 1256 4389 majora
1285 4319 1351 4374 de
1381 4335 1447 4374 eo
1473 4319 1790 4391 disponente
1826 4318 1881 4372 in

282 4405 513 4462 salutem
560 4408 957 4479 plurimorum,
990 4411 1247 4467 Cluniaco
1294 4412 1526 4468 eductus
1558 4413 1883 4469 Hildebran—

282 4497 421 4567 dus,
452 4502 638 4557 Abbas
683 4504 922 4575 primum
966 4507 1283 4561 monasterii
1328 4506 1502 4561 sancti
1549 4508 1702 4562 Pauli
1732 4515 1883 4561 extra

280 4609 467 4649 muros
496 4597 666 4653 Urbis
690 4598 913 4664 electus,
937 4616 1000 4655 ac
1031 4601 1389 4671 postmodum
1415 4604 1682 4658 Romana
1708 4602 1883 4657 Eccle-

276 4688 372 4743 sia
427 4690 730 4747 Cardinalis
784 4702 1028 4763 creatus,
1090 4694 1192 4751 sub
1248 4696 1483 4751 summis
1538 4696 1887 4752 Pontiﬁcibus

281 4782 465 4837 Leone
492 4786 675 4854 Nono,
708 4786 925 4842 Victore
962 4787 1234 4852 Secundo,
1266 4789 1545 4860 Stephano
1578 4792 1758 4845 Nono.
1790 4791 1888 4845 Ni-

277 4876 439 4931 colao
483 4878 776 4946 Secundo,
818 4888 871 4935 et
917 4882 1228 4938 Alexandro
1277 4881 1563 4949 Secundo,
1609 4886 1888 4956 pracipuis

275 4973 602 5028 muneribus
632 4983 684 5029 et
722 4976 1091 5047 legationibus
1138 4978 1463 5050 perfunctus
1493 4988 1607 5046 est,
1655 4982 1887 5036 sanctis-

273 5064 403 5119 simi
436 5075 491 5120 et
516 5068 787 5137 purissimi
814 5071 1028 5126 consilii
1061 5073 1138 5127 vir
1169 5088 1199 5128 a
1233 5073 1390 5129 beato
1421 5076 1583 5129 Petro
1612 5076 1887 5131 Damiano

280 5168 645 5230 nuncupatus.
692 5164 743 5216 Α
787 5165 1006 5220 Victore
1038 5168 1182 5237 Papa
1221 5168 1471 5223 Secundo
1516 5170 1724 5239 legatus
1754 5186 1781 5223 a
1815 5171 1889 5223 la-

1913 3910 1961 3971 Β

1989 2725 2168 2784 tertio,
2199 2726 2461 2781 Summus
2499 2723 2750 2781 Pontifex
2775 2726 3007 2789 electus,
3034 2725 3175 2780 sicut
3201 2725 3280 2781 sol
3306 2724 3509 2780 effulsit
3534 2726 3590 2782 in

1988 2818 2156 2873 domo
2186 2819 2284 2873 Dei
2314 2839 2326 2872 :
2360 2834 2490 2873 nam
2520 2827 2713 2887 potens
2739 2834 2905 2888 opere
2929 2826 2982 2872 et
3009 2833 3285 2880 sermone,
3312 2819 3586 2874 Ecclesia-

1988 2913 2141 2967 stica
2166 2911 2466 2982 disciplina
2495 2913 2830 2980 reparanda,
2855 2910 2984 2965 ﬁdei
3012 2911 3395 2983 propaganda,
3428 2912 3589 2967 liber-

1991 3006 2088 3061 tati
2140 3006 2393 3061 Ecclesia
2423 3004 2798 3071 restituenda,
2824 3003 3192 3074 exstirpandis
3232 3006 3507 3061 erroribus
3535 3014 3592 3061 et

1990 3099 2310 3169 corruptelis
2338 3106 2492 3153 tanto
2518 3098 2697 3153 studio
2722 3097 2991 3163 incubuit,
3016 3106 3079 3153 ut
3101 3113 3165 3153 ex
3193 3099 3589 3170 Apostolorum

1990 3202 2150 3249 atate
2180 3193 2365 3248 nullus
2391 3193 2716 3247 Pontiﬁcum
2751 3191 2920 3247 fuisse
2955 3191 3200 3248 tradatur
3227 3192 3319 3263 qui
3350 3192 3590 3263 majores

1991 3303 2091 3360 pro
2114 3287 2351 3343 Ecclesia
2380 3286 2478 3341 Dei
2508 3285 2722 3341 labores
2756 3285 3142 3355 molestiasque
3169 3285 3467 3357 pertulerit,
3497 3294 3594 3342 aut
3638 3270 3647 3287 Χ

1990 3382 2083 3453 qui
2136 3397 2235 3451 pro
2284 3382 2403 3452 ejus
2455 3379 2704 3434 libertate
2749 3380 2929 3434 acrius
2975 3379 3318 3449 pugnaverit.
3366 3380 3595 3451 Aliquot

1991 3477 2298 3548 provincias
2318 3492 2347 3531 a
2374 3475 2684 3530 Simoniaca
2707 3475 2824 3529 labe
2849 3490 2915 3530 ex
2927 3474 3194 3545 purgavit.
3220 3476 3420 3531 Contra
3444 3476 3591 3530 Hen-

1996 3570 2086 3625 rici
2123 3568 2469 3638 imperatoris
2515 3566 2714 3638 impios
2759 3574 3017 3633 conatus,
3057 3565 3221 3623 fortis
3267 3583 3360 3639 per
3404 3567 3593 3623 omnia

1992 3664 2215 3731 athleta,
2257 3661 2561 3733 impavidus
2604 3660 2920 3732 permansit,
2952 3676 3119 3731 seque
3163 3676 3260 3731 pro
3292 3676 3452 3715 muro
3488 3660 3592 3717 do-

1990 3757 2105 3813 mui
2140 3757 2298 3811 Israel
2320 3771 2522 3826 ponere
2539 3770 2650 3809 non
2671 3754 2877 3819 timuit,
2899 3771 2962 3811 ac
2982 3753 3247 3810 eumdem
3267 3754 3591 3823 Henricum,

1992 3852 2045 3906 in
2065 3849 2399 3922 profundum
2423 3849 2693 3905 malorum
2722 3850 3058 3921 prolapsum,
3084 3848 3325 3905 ﬁdelium
3348 3864 3595 3906 commu-

1996 3945 2161 3999 nione
2189 3959 2467 4016 regnoque
2494 3943 2740 4015 privavit,
2772 3950 2939 4014 atque
2962 3942 3216 4000 subditos
3237 3943 3469 4015 populos
3486 3943 3595 4000 ﬁde
3686 3966 3687 3969 η

1999 4041 2043 4095 ei
2068 4037 2192 4093 data
2218 4039 2479 4093 liberavit.

2070 4136 2414 4191 LECTIO.VI.
2448 4135 2597 4187 Dum
2626 4132 2927 4186 Missarum
2970 4131 3238 4187 solemnia
3272 4140 3590 4205 perageret,

1998 4227 2111 4283 visa
2142 4235 2225 4282 est
2249 4226 2374 4281 viris
2406 4227 2506 4297 piis
2532 4225 2789 4281 columba
2835 4243 2864 4282 e
2897 4226 3036 4283 calo
3066 4224 3312 4298 delapsa,
3363 4226 3596 4283 humero

1998 4322 2114 4392 ejus
2142 4320 2334 4377 dextro
2365 4320 2625 4389 insidens,
2654 4321 2753 4375 alis
2782 4321 3021 4376 extensis
3041 4330 3205 4393 caput
3235 4320 3350 4392 ejus
3376 4321 3593 4377 velare:

1999 4432 2107 4488 quo
2148 4416 2511 4489 signiﬁcatum
2562 4424 2674 4482 est,
2722 4402 2949 4486 spiritus
2993 4416 3167 4471 sancti
3214 4415 3432 4483 afﬂatu,
3482 4431 3597 4471 non

1999 4511 2254 4568 humana
2284 4510 2583 4582 prudentia
2610 4509 2915 4565 rationibus
2944 4509 3121 4581 ipsum
3150 4508 3274 4564 duci
3309 4509 3364 4562 in
3403 4508 3598 4563 Eccle-

1998 4606 2089 4661 sia
2114 4607 2393 4677 regimine.
2423 4606 2565 4662 Cum
2593 4605 2664 4660 ab
2690 4604 2857 4675 iniqui
2890 4603 3107 4658 Henrici
3139 4602 3381 4658 exercitu
3414 4604 3598 4659 Roma

1999 4700 2147 4771 gravi
2179 4700 2466 4755 obsidione
2509 4708 2867 4769 premeretur,
2910 4698 3198 4753 excitatum
3231 4696 3301 4752 ab
3347 4697 3599 4753 hostibus

2000 4791 2309 4848 incendium
2340 4792 2493 4864 signo
2522 4793 2701 4847 crucis
2729 4791 3006 4847 exstinxit.
3038 4795 3122 4848 De
3146 4791 3263 4863 ejus
3290 4805 3456 4845 manu
3476 4799 3596 4845 tan-

1999 4887 2127 4943 dem
2164 4904 2193 4943 a
2234 4887 2477 4942 Boberto
2518 4885 2826 4942 Guiscardo
2875 4886 3013 4939 duce
3063 4882 3444 4941 Northmanuo
3476 4899 3599 4940 ere-

2002 4990 2146 5053 ptus,
2179 4981 2467 5036 Cassinum
2500 4994 2557 5033 se
2586 4977 2839 5044 contulit,
2869 4986 3034 5049 atque
3060 4976 3182 5032 inde
3210 4978 3493 5033 Salernum
3530 4974 3601 5031 ad

2002 5071 2684 5129 dedicandam-Ecclesiam
2710 5070 2880 5126 sancti
2908 5068 3148 5126 Matthai
3187 5067 3441 5141 Apostoli
3472 5084 3601 5124 con-

1996 5167 2191 5222 tendit.
2244 5168 2382 5222 Cum
2439 5165 2732 5237 aliquando
2786 5165 2841 5219 in
2904 5179 2966 5220 ea
3017 5163 3232 5219 civitate
3286 5177 3600 5219 sermonem

286 5260 397 5307 tere
424 5254 479 5307 in
520 5254 755 5310 Galliam
787 5258 1017 5325 missus,
1068 5261 1321 5332 Lugduni
1352 5263 1672 5334 episcopum
1703 5264 1886 5318 Simo-
1922 5299 1966 5361 C
1999 5260 2276 5315 habuisset
2302 5260 2369 5315 ad
2419 5260 2705 5332 populum,
2728 5258 3009 5315 arumnis
3044 5257 3327 5315 confectus
3364 5259 3416 5314 in
3449 5274 3598 5314 mor-

289 5348 439 5403 Diaca
483 5352 601 5408 labe
636 5352 908 5411 infectum
956 5356 1025 5413 ad
1065 5358 1149 5413 sui
1192 5360 1435 5417 criminis
1482 5360 1886 5418 confessionem
1926 5348 1966 5361 ν
1995 5356 2128 5411 bum
2158 5355 2371 5420 incidit,
2395 5370 2502 5427 quo
2533 5370 2591 5410 se
2618 5354 2968 5411 interiturum
3002 5354 3283 5426 prascivit.
3317 5356 3602 5410 Postrema

282 5442 539 5501 miraculo
567 5447 775 5519 adegit,
796 5452 1188 5523 Berengarium
1224 5454 1278 5508 in
1298 5455 1548 5511 Concilio
1582 5456 1887 5512 Turonensi

277 5537 353 5595 ad
396 5538 646 5597 iteratam
692 5544 915 5602 haresis
962 5547 1369 5621 abjurationem
1416 5552 1683 5623 compulit
1725 5571 1737 5607 :
1782 5554 1889 5609 Ca-

273 5632 425 5689 dolai
454 5652 675 5707 quoque
705 5639 942 5695 schisma
974 5658 1067 5696 sua
1098 5644 1301 5699 virtute
1332 5647 1683 5715 compressit.

350 5731 584 5787 LBC’IIO
608 5744 666 5785 v.
699 5735 921 5789 Mortuo
946 5736 1258 5792 Alexandro
1288 5738 1543 5796 Secundo
1562 5782 1576 5808 ,
1610 5741 1809 5798 invitus
1834 5750 1889 5798 et

270 5836 525 5878 mrens
570 5824 816 5880 unanimi
862 5828 1104 5883 omnium
1155 5845 1456 5898 consensu,
1501 5829 1720 5889 decimo
1766 5837 1882 5889 Ka-

567 5914 795 5968 ΡΑτιιοι..
840 5915 1100 5973 CXLVIII.

1996 5450 2284 5506 morientis
2316 5448 2570 5522 Gregorii
2600 5449 2767 5505 verba
2798 5447 2951 5505 fuere
2981 5464 2995 5501 :
3025 5449 3203 5505 Dilexi
3225 5448 3520 5520 justitiam,
3549 5456 3606 5504 et

1999 5546 2144 5604 odivi
2170 5546 2533 5620 iniquitatem,
2558 5555 2846 5618 propterea
2871 5546 3080 5602 morior
3098 5546 3153 5601 in
3182 5545 3390 5603 exsilio.
3426 5549 3601 5601 Innu-

1998 5643 2277 5699 merabilia
2309 5652 2432 5699 sunt
2463 5657 2584 5713 qua
2608 5642 2689 5697 vel
2717 5640 2933 5697 fortiter
2961 5642 3238 5704 sustinuit,
3272 5642 3378 5707 vel,
3408 5636 3603 5695 multis

1995 5738 2198 5795 coactis
2226 5737 2279 5794 in
2308 5737 2442 5793 urbe
2468 5735 2721 5807 Synodis,
2750 5736 3025 5808 sapienter
3052 5734 3344 5790 constituit
3372 5733 3450 5787 vir
3480 5746 3604 5787 vere

1994 5841 2239 5903 sanctus,
2294 5830 2589 5889 criminum
2634 5829 2852 5899 vindex,
2901 5837 2957 5885 et
3002 5825 3298 5883 acerrimus
3344 5824 3604 5891 Ecclesia

3208 5916 3226 5966 l
