  <div class='ocr_page' id='page_1' title='image "/cluster/home/n/w/nwhite01/storage/ocr_20150623/148/hvd.32044054760061/011.png"; bbox 0 0 4122 6180; ppageno 0'>
   <div class='ocr_carea' id='block_1_1' title="bbox 500 258 3797 370">
    <p class='ocr_par' dir='ltr' id='par_1_1' title="bbox 500 258 3797 370">
     <span class='ocr_line' id='line_1_1' title="bbox 500 258 3797 370; baseline -0.001 -20"><span class='ocrx_word' id='word_1_1' title='bbox 500 298 557 350; x_wconf 76' lang='lat' dir='ltr'><strong>n</strong></span> <span class='ocrx_word' id='word_1_2' title='bbox 966 258 969 261; x_wconf 53' lang='grc'><em>’</em></span> <span class='ocrx_word' id='word_1_3' title='bbox 1723 294 1778 346; x_wconf 90' lang='lat' dir='ltr'><strong>s.</strong></span> <span class='ocrx_word' id='word_1_4' title='bbox 1820 294 2202 348; x_wconf 82' lang='lat' dir='ltr'><strong>GREGORIUS</strong></span> <span class='ocrx_word' id='word_1_5' title='bbox 2244 294 2328 347; x_wconf 72' lang='grc' dir='ltr'><strong>νη</strong></span> <span class='ocrx_word' id='word_1_6' title='bbox 2371 295 2566 346; x_wconf 83' lang='lat' dir='ltr'><strong>PAPA.</strong></span> <span class='ocrx_word' id='word_1_7' title='bbox 2634 278 2639 281; x_wconf 83' lang='grc'><em>’</em></span> <span class='ocrx_word' id='word_1_8' title='bbox 3060 349 3072 370; x_wconf 41' lang='lat' dir='ltr'><strong><em>I</em></strong></span> <span class='ocrx_word' id='word_1_9' title='bbox 3736 296 3797 346; x_wconf 69' lang='lat'><strong>12</strong></span> 
     </span>
    </p>
   </div>
   <div class='ocr_carea' id='block_1_2' title="bbox 495 416 3797 492">
    <p class='ocr_par' dir='ltr' id='par_1_2' title="bbox 495 416 3797 492">
     <span class='ocr_line' id='line_1_2' title="bbox 495 416 3797 492; baseline -0 -18"><span class='ocrx_word' id='word_1_10' title='bbox 495 417 771 476; x_wconf 87' lang='lat' dir='ltr'><strong>defensor.</strong></span> <span class='ocrx_word' id='word_1_11' title='bbox 813 418 1031 474; x_wconf 85' lang='lat' dir='ltr'><strong>Exactis</strong></span> <span class='ocrx_word' id='word_1_12' title='bbox 1072 418 1256 489; x_wconf 83' lang='lat' dir='ltr'><strong>itaque</strong></span> <span class='ocrx_word' id='word_1_13' title='bbox 1303 418 1360 472; x_wconf 87' lang='lat' dir='ltr'><strong>in</strong></span> <span class='ocrx_word' id='word_1_14' title='bbox 1388 416 1716 472; x_wconf 82' lang='lat' dir='ltr'><strong>Pontiﬁcatu</strong></span> <span class='ocrx_word' id='word_1_15' title='bbox 1762 418 1918 472; x_wconf 85' lang='lat' dir='ltr'><strong>anuis</strong></span> <span class='ocrx_word' id='word_1_16' title='bbox 1952 416 2092 472; x_wconf 91' lang='lat' dir='ltr'><strong>duo-</strong></span> <span class='ocrx_word' id='word_1_17' title='bbox 2118 430 2171 492; x_wconf 78' lang='grc' dir='ltr'><strong>Α</strong></span> <span class='ocrx_word' id='word_1_18' title='bbox 2200 423 2314 472; x_wconf 90' lang='lat' dir='ltr'><strong>tem</strong></span> <span class='ocrx_word' id='word_1_19' title='bbox 2361 416 2639 473; x_wconf 84' lang='lat' dir='ltr'><strong>miraculis</strong></span> <span class='ocrx_word' id='word_1_20' title='bbox 2684 417 2898 484; x_wconf 87' lang='lat' dir='ltr'><strong>clarus,</strong></span> <span class='ocrx_word' id='word_1_21' title='bbox 2950 416 3181 489; x_wconf 86' lang='lat' dir='ltr'><strong>ejusque</strong></span> <span class='ocrx_word' id='word_1_22' title='bbox 3229 431 3451 472; x_wconf 86' lang='lat' dir='ltr'><strong>sacrum</strong></span> <span class='ocrx_word' id='word_1_23' title='bbox 3498 432 3701 490; x_wconf 88' lang='lat' dir='ltr'><strong>corpus</strong></span> <span class='ocrx_word' id='word_1_24' title='bbox 3742 419 3797 473; x_wconf 92' lang='lat' dir='ltr'><strong>in</strong></span> 
     </span>
    </p>
   </div>
   <div class='ocr_carea' id='block_1_3' title="bbox 496 510 2093 585">
    <p class='ocr_par' dir='ltr' id='par_1_3' title="bbox 496 510 2093 585">
     <span class='ocr_line' id='line_1_3' title="bbox 496 510 2093 585; baseline -0.001 -18"><span class='ocrx_word' id='word_1_25' title='bbox 496 512 692 575; x_wconf 86' lang='lat' dir='ltr'><strong>decim,</strong></span> <span class='ocrx_word' id='word_1_26' title='bbox 739 512 991 585; x_wconf 81' lang='lat' dir='ltr'><strong>migravit</strong></span> <span class='ocrx_word' id='word_1_27' title='bbox 1030 512 1082 566; x_wconf 93' lang='lat' dir='ltr'><strong>in</strong></span> <span class='ocrx_word' id='word_1_28' title='bbox 1128 511 1331 567; x_wconf 88' lang='lat' dir='ltr'><strong>coelum</strong></span> <span class='ocrx_word' id='word_1_29' title='bbox 1374 526 1516 565; x_wconf 90' lang='lat' dir='ltr'><strong>anno</strong></span> <span class='ocrx_word' id='word_1_30' title='bbox 1563 510 1751 564; x_wconf 89' lang='lat' dir='ltr'><strong>salutis</strong></span> <span class='ocrx_word' id='word_1_31' title='bbox 1802 510 2093 565; x_wconf 89' lang='lat' dir='ltr'><strong>millesimo</strong></span> 
     </span>
    </p>
   </div>
   <div class='ocr_carea' id='block_1_4' title="bbox 496 605 2096 677">
    <p class='ocr_par' dir='ltr' id='par_1_4' title="bbox 496 605 2096 677">
     <span class='ocr_line' id='line_1_4' title="bbox 496 605 2096 677; baseline -0.001 -16"><span class='ocrx_word' id='word_1_32' title='bbox 496 606 837 677; x_wconf 87' lang='lat' dir='ltr'><strong>octogesimo</strong></span> <span class='ocrx_word' id='word_1_33' title='bbox 871 606 1093 677; x_wconf 89' lang='lat' dir='ltr'><strong>quinto,</strong></span> <span class='ocrx_word' id='word_1_34' title='bbox 1144 605 1392 676; x_wconf 84' lang='lat' dir='ltr'><strong>pluribus</strong></span> <span class='ocrx_word' id='word_1_35' title='bbox 1445 605 1500 659; x_wconf 93' lang='lat' dir='ltr'><strong>in</strong></span> <span class='ocrx_word' id='word_1_36' title='bbox 1547 605 1651 659; x_wconf 86' lang='lat' dir='ltr'><strong>vita</strong></span> <span class='ocrx_word' id='word_1_37' title='bbox 1680 613 1734 660; x_wconf 93' lang='lat' dir='ltr'><strong>et</strong></span> <span class='ocrx_word' id='word_1_38' title='bbox 1781 612 1904 676; x_wconf 88' lang='lat' dir='ltr'><strong>post</strong></span> <span class='ocrx_word' id='word_1_39' title='bbox 1951 620 2096 660; x_wconf 87' lang='lat' dir='ltr'><strong>mor-</strong></span> 
     </span>
    </p>
   </div>
   <div class='ocr_carea' id='block_1_5' title="bbox 2202 509 3800 569">
    <p class='ocr_par' dir='ltr' id='par_1_5' title="bbox 2202 509 3800 569">
     <span class='ocr_line' id='line_1_5' title="bbox 2202 509 3800 569; baseline 0.002 -3"><span class='ocrx_word' id='word_1_40' title='bbox 2202 509 2511 567; x_wconf 89' lang='lat' dir='ltr'><strong>Cathedrali</strong></span> <span class='ocrx_word' id='word_1_41' title='bbox 2560 511 2793 567; x_wconf 84' lang='lat' dir='ltr'><strong>Basilica</strong></span> <span class='ocrx_word' id='word_1_42' title='bbox 2833 511 3169 567; x_wconf 88' lang='lat' dir='ltr'><strong>Salernitana</strong></span> <span class='ocrx_word' id='word_1_43' title='bbox 3206 518 3292 566; x_wconf 90' lang='lat' dir='ltr'><strong>est</strong></span> <span class='ocrx_word' id='word_1_44' title='bbox 3329 510 3621 567; x_wconf 75' lang='lat' dir='ltr'><strong>honorifice</strong></span> <span class='ocrx_word' id='word_1_45' title='bbox 3669 528 3800 569; x_wconf 86' lang='lat' dir='ltr'><strong>con-</strong></span> 
     </span>
    </p>
   </div>
   <div class='ocr_carea' id='block_1_6' title="bbox 2201 606 2396 661">
    <p class='ocr_par' dir='ltr' id='par_1_6' title="bbox 2201 606 2396 661">
     <span class='ocr_line' id='line_1_6' title="bbox 2201 606 2396 661; baseline -0.01 0"><span class='ocrx_word' id='word_1_46' title='bbox 2201 606 2396 661; x_wconf 91' lang='lat' dir='ltr'><strong>ditum.</strong></span> 
     </span>
    </p>
   </div>
   <div class='ocr_carea' id='block_1_7' title="bbox 1144 910 3168 1027">
    <p class='ocr_par' dir='ltr' id='par_1_7' title="bbox 1144 910 3168 1027">
     <span class='ocr_line' id='line_1_7' title="bbox 1144 910 3168 1027; baseline -0 -5"><span class='ocrx_word' id='word_1_47' title='bbox 1144 910 3168 1027; x_wconf 61' lang='grc' dir='ltr'><strong>ΞΗΜΠΩἸῚ4ΕΒΞΚΗΜΚΠΙἾἹῙ</strong></span> 
     </span>
    </p>
   </div>
   <div class='ocr_carea' id='block_1_8' title="bbox 1928 1118 2387 1233">
    <p class='ocr_par' dir='ltr' id='par_1_8' title="bbox 1928 1118 2387 1233">
     <span class='ocr_line' id='line_1_8' title="bbox 1928 1118 2387 1233; baseline 0.004 -4"><span class='ocrx_word' id='word_1_48' title='bbox 1928 1118 2387 1233; x_wconf 87' lang='lat' dir='ltr'><strong>ACTA.</strong></span> 
     </span>
    </p>
   </div>
   <div class='ocr_carea' id='block_1_9' title="bbox 1301 1286 3011 1405">
    <p class='ocr_par' dir='ltr' id='par_1_9' title="bbox 1301 1286 3011 1405">
     <span class='ocr_line' id='line_1_9' title="bbox 1301 1286 3011 1405; baseline 0.001 -19"><span class='ocrx_word' id='word_1_49' title='bbox 1301 1326 1519 1405; x_wconf 86' lang='lat' dir='ltr'><strong>(Apud</strong></span> <span class='ocrx_word' id='word_1_50' title='bbox 1562 1286 1862 1399; x_wconf 84' lang='lat' dir='ltr'><strong>BOLLAND,</strong></span> <span class='ocrx_word' id='word_1_51' title='bbox 1900 1328 2048 1385; x_wconf 75' lang='lat' dir='ltr'><strong>Maii</strong></span> <span class='ocrx_word' id='word_1_52' title='bbox 2077 1331 2229 1386; x_wconf 87' lang='lat' dir='ltr'><strong>tom.</strong></span> <span class='ocrx_word' id='word_1_53' title='bbox 2267 1328 2343 1398; x_wconf 86' lang='lat' dir='ltr'><strong>V,</strong></span> <span class='ocrx_word' id='word_1_54' title='bbox 2382 1326 2484 1387; x_wconf 88' lang='lat' dir='ltr'><strong>die</strong></span> <span class='ocrx_word' id='word_1_55' title='bbox 2522 1330 2623 1402; x_wconf 69' lang='lat'><strong>‘25,</strong></span> <span class='ocrx_word' id='word_1_56' title='bbox 2666 1346 2801 1405; x_wconf 87' lang='lat' dir='ltr'><strong>pag.</strong></span> <span class='ocrx_word' id='word_1_57' title='bbox 2845 1326 3011 1403; x_wconf 75' lang='lat'><strong>568.)</strong></span> 
     </span>
    </p>
   </div>
   <div class='ocr_carea' id='block_1_10' title="bbox 1953 1482 2357 1493">
    <p class='ocr_par' dir='ltr' id='par_1_10' title="bbox 1953 1482 2357 1493">
     <span class='ocr_line' id='line_1_10' title="bbox 1953 1482 2357 1493; baseline -0.002 -1"><span class='ocrx_word' id='word_1_58' title='bbox 1953 1482 2357 1493; x_wconf 82' lang='lat'><strong>———————</strong></span> 
     </span>
    </p>
   </div>
   <div class='ocr_carea' id='block_1_11' title="bbox 1260 1601 3051 1695">
    <p class='ocr_par' dir='ltr' id='par_1_11' title="bbox 1260 1601 3051 1695">
     <span class='ocr_line' id='line_1_11' title="bbox 1260 1601 3051 1695; baseline -0.004 0"><span class='ocrx_word' id='word_1_59' title='bbox 1260 1602 2299 1695; x_wconf 83' lang='lat' dir='ltr'><strong>COMMENTARIUS</strong></span> <span class='ocrx_word' id='word_1_60' title='bbox 2386 1601 3051 1692; x_wconf 68' lang='lat' dir='ltr'><strong>PBIEVIUS.</strong></span> 
     </span>
    </p>
   </div>
   <div class='ocr_carea' id='block_1_12' title="bbox 501 1774 3800 1849">
    <p class='ocr_par' dir='ltr' id='par_1_12' title="bbox 501 1774 3800 1849">
     <span class='ocr_line' id='line_1_12' title="bbox 501 1774 3800 1849; baseline -0.001 -16"><span class='ocrx_word' id='word_1_61' title='bbox 501 1783 532 1845; x_wconf 66' lang='grc' dir='ltr'><strong>ς)</strong></span> <span class='ocrx_word' id='word_1_62' title='bbox 562 1781 604 1833; x_wconf 91' lang='grc'><strong>1.</strong></span> <span class='ocrx_word' id='word_1_63' title='bbox 637 1780 968 1835; x_wconf 79' lang='lat' dir='ltr'><strong>Laudato-res</strong></span> <span class='ocrx_word' id='word_1_64' title='bbox 995 1784 1045 1831; x_wconf 84' lang='lat' dir='ltr'><strong>et</strong></span> <span class='ocrx_word' id='word_1_65' title='bbox 1080 1780 1383 1847; x_wconf 71' lang='lat' dir='ltr'><strong>defensores</strong></span> <span class='ocrx_word' id='word_1_66' title='bbox 1409 1780 1677 1845; x_wconf 75' lang='lat' dir='ltr'><strong>defuncti,</strong></span> <span class='ocrx_word' id='word_1_67' title='bbox 1715 1782 1845 1833; x_wconf 75' lang='lat' dir='ltr'><strong>Vita</strong></span> <span class='ocrx_word' id='word_1_68' title='bbox 1874 1796 1907 1832; x_wconf 74' lang='grc' dir='ltr'><strong>(ι</strong></span> <span class='ocrx_word' id='word_1_69' title='bbox 1936 1779 2103 1835; x_wconf 84' lang='lat' dir='ltr'><strong>Paulo</strong></span> <span class='ocrx_word' id='word_1_70' title='bbox 2137 1786 2183 1847; x_wconf 86' lang='grc' dir='ltr'>Β</span> <span class='ocrx_word' id='word_1_71' title='bbox 2213 1779 2314 1835; x_wconf 86' lang='lat' dir='ltr'><strong>bus</strong></span> <span class='ocrx_word' id='word_1_72' title='bbox 2346 1776 2910 1849; x_wconf 82' lang='lat' dir='ltr'><strong>Magdeburgeusibus</strong></span> <span class='ocrx_word' id='word_1_73' title='bbox 2946 1784 3000 1830; x_wconf 90' lang='lat' dir='ltr'><strong>et</strong></span> <span class='ocrx_word' id='word_1_74' title='bbox 3026 1775 3312 1833; x_wconf 88' lang='lat' dir='ltr'><strong>Chronicis</strong></span> <span class='ocrx_word' id='word_1_75' title='bbox 3334 1774 3763 1846; x_wconf 89' lang='lat' dir='ltr'><strong>Turingensibus</strong></span> <span class='ocrx_word' id='word_1_76' title='bbox 3787 1793 3800 1830; x_wconf 92' lang='lat'><strong>:</strong></span> 
     </span>
    </p>
   </div>
   <div class='ocr_carea' id='block_1_13' title="bbox 573 1852 1989 1921">
    <p class='ocr_par' dir='ltr' id='par_1_13' title="bbox 573 1852 1989 1921">
     <span class='ocr_line' id='line_1_13' title="bbox 573 1852 1989 1921; baseline -0.001 -15"><span class='ocrx_word' id='word_1_77' title='bbox 573 1852 943 1906; x_wconf 72' lang='lat' dir='ltr'><strong>Bernriedenst&#39;</strong></span> <span class='ocrx_word' id='word_1_78' title='bbox 958 1852 1181 1920; x_wconf 72' lang='lat' dir='ltr'><strong>scripta,</strong></span> <span class='ocrx_word' id='word_1_79' title='bbox 1204 1852 1341 1906; x_wconf 84' lang='lat' dir='ltr'><strong>Acta</strong></span> <span class='ocrx_word' id='word_1_80' title='bbox 1360 1852 1701 1921; x_wconf 76' lang='lat' dir='ltr'><strong>pontiﬁcalia</strong></span> <span class='ocrx_word' id='word_1_81' title='bbox 1727 1853 1989 1921; x_wconf 74' lang='lat' dir='ltr'><strong>triplicia.</strong></span> 
     </span>
    </p>
   </div>
   <div class='ocr_carea' id='block_1_14' title="bbox 571 1966 2099 2039">
    <p class='ocr_par' dir='ltr' id='par_1_14' title="bbox 571 1966 2099 2039">
     <span class='ocr_line' id='line_1_14' title="bbox 571 1966 2099 2039; baseline 0.001 -18"><span class='ocrx_word' id='word_1_82' title='bbox 571 1966 959 2021; x_wconf 89' lang='lat' dir='ltr'><strong>Sanctissimus</strong></span> <span class='ocrx_word' id='word_1_83' title='bbox 1006 1975 1060 2021; x_wconf 87' lang='lat' dir='ltr'><strong>et</strong></span> <span class='ocrx_word' id='word_1_84' title='bbox 1106 1966 1557 2039; x_wconf 62' lang='lat' dir='ltr'><strong>generosissimus</strong></span> <span class='ocrx_word' id='word_1_85' title='bbox 1601 1966 1852 2023; x_wconf 85' lang='lat' dir='ltr'><strong>Pontifex</strong></span> <span class='ocrx_word' id='word_1_86' title='bbox 1894 1971 2099 2023; x_wconf 84' lang='lat' dir='ltr'><strong>Roma-</strong></span> 
     </span>
    </p>
   </div>
   <div class='ocr_carea' id='block_1_15' title="bbox 501 2061 2099 2132">
    <p class='ocr_par' dir='ltr' id='par_1_15' title="bbox 501 2061 2099 2132">
     <span class='ocr_line' id='line_1_15' title="bbox 501 2061 2099 2132; baseline 0.001 -17"><span class='ocrx_word' id='word_1_87' title='bbox 501 2076 608 2115; x_wconf 91' lang='lat' dir='ltr'><strong>nus</strong></span> <span class='ocrx_word' id='word_1_88' title='bbox 633 2061 933 2132; x_wconf 84' lang='lat' dir='ltr'><strong>Gregorius</strong></span> <span class='ocrx_word' id='word_1_89' title='bbox 962 2061 1249 2131; x_wconf 89' lang='lat' dir='ltr'><strong>septimus,</strong></span> <span class='ocrx_word' id='word_1_90' title='bbox 1277 2068 1439 2116; x_wconf 86' lang='lat' dir='ltr'><strong>antea</strong></span> <span class='ocrx_word' id='word_1_91' title='bbox 1468 2061 1645 2117; x_wconf 91' lang='lat' dir='ltr'><strong>dictus</strong></span> <span class='ocrx_word' id='word_1_92' title='bbox 1674 2062 2099 2131; x_wconf 85' lang='lat' dir='ltr'><strong>Hildebrandus,</strong></span> 
     </span>
    </p>
   </div>
   <div class='ocr_carea' id='block_1_16' title="bbox 502 2152 2102 2225">
    <p class='ocr_par' dir='ltr' id='par_1_16' title="bbox 502 2152 2102 2225">
     <span class='ocr_line' id='line_1_16' title="bbox 502 2152 2102 2225; baseline 0.003 -18"><span class='ocrx_word' id='word_1_93' title='bbox 502 2152 793 2209; x_wconf 87' lang='lat' dir='ltr'><strong>defunctus</strong></span> <span class='ocrx_word' id='word_1_94' title='bbox 822 2161 890 2209; x_wconf 97' lang='lat'><strong>25</strong></span> <span class='ocrx_word' id='word_1_95' title='bbox 920 2155 1047 2209; x_wconf 87' lang='lat' dir='ltr'><strong>Maii</strong></span> <span class='ocrx_word' id='word_1_96' title='bbox 1078 2170 1201 2209; x_wconf 90' lang='lat' dir='ltr'><strong>ann.</strong></span> <span class='ocrx_word' id='word_1_97' title='bbox 1243 2160 1402 2210; x_wconf 87' lang='lat'><strong>1085.</strong></span> <span class='ocrx_word' id='word_1_98' title='bbox 1451 2156 1668 2225; x_wconf 80' lang='lat' dir='ltr'><strong>praefuit</strong></span> <span class='ocrx_word' id='word_1_99' title='bbox 1697 2157 1962 2212; x_wconf 64' lang='lat' dir='ltr'><strong>universae</strong></span> <span class='ocrx_word' id='word_1_100' title='bbox 1992 2160 2102 2212; x_wconf 89' lang='lat' dir='ltr'><strong>Ec-</strong></span> 
     </span>
    </p>
   </div>
   <div class='ocr_carea' id='block_1_17' title="bbox 502 2248 2100 2322">
    <p class='ocr_par' dir='ltr' id='par_1_17' title="bbox 502 2248 2100 2322">
     <span class='ocr_line' id='line_1_17' title="bbox 502 2248 2100 2322; baseline 0.002 -19"><span class='ocrx_word' id='word_1_101' title='bbox 502 2248 683 2321; x_wconf 57' lang='lat' dir='ltr'><strong>clesia!</strong></span> <span class='ocrx_word' id='word_1_102' title='bbox 712 2265 889 2303; x_wconf 88' lang='lat' dir='ltr'><strong>annos</strong></span> <span class='ocrx_word' id='word_1_103' title='bbox 912 2248 1224 2315; x_wconf 83' lang='lat' dir='ltr'><strong>duodecim,</strong></span> <span class='ocrx_word' id='word_1_104' title='bbox 1256 2265 1502 2305; x_wconf 86' lang='lat' dir='ltr'><strong>mensem</strong></span> <span class='ocrx_word' id='word_1_105' title='bbox 1527 2266 1721 2315; x_wconf 91' lang='lat' dir='ltr'><strong>unum,</strong></span> <span class='ocrx_word' id='word_1_106' title='bbox 1744 2260 1799 2306; x_wconf 93' lang='lat' dir='ltr'><strong>et</strong></span> <span class='ocrx_word' id='word_1_107' title='bbox 1823 2252 1939 2307; x_wconf 93' lang='lat' dir='ltr'><strong>dies</strong></span> <span class='ocrx_word' id='word_1_108' title='bbox 1967 2266 2100 2322; x_wconf 92' lang='lat' dir='ltr'><strong>qua-</strong></span> 
     </span>
    </p>
   </div>
   <div class='ocr_carea' id='block_1_18' title="bbox 501 2343 2101 2415">
    <p class='ocr_par' dir='ltr' id='par_1_18' title="bbox 501 2343 2101 2415">
     <span class='ocr_line' id='line_1_18' title="bbox 501 2343 2101 2415; baseline 0.001 -18"><span class='ocrx_word' id='word_1_109' title='bbox 501 2350 662 2406; x_wconf 84' lang='lat' dir='ltr'><strong>tuor;</strong></span> <span class='ocrx_word' id='word_1_110' title='bbox 695 2343 903 2398; x_wconf 89' lang='lat' dir='ltr'><strong>scilicet</strong></span> <span class='ocrx_word' id='word_1_111' title='bbox 932 2343 1266 2399; x_wconf 90' lang='lat' dir='ltr'><strong>inchoandos</strong></span> <span class='ocrx_word' id='word_1_112' title='bbox 1286 2359 1316 2398; x_wconf 89' lang='lat' dir='ltr'><strong>a</strong></span> <span class='ocrx_word' id='word_1_113' title='bbox 1336 2344 1421 2399; x_wconf 92' lang='lat' dir='ltr'><strong>die</strong></span> <span class='ocrx_word' id='word_1_114' title='bbox 1448 2350 1537 2399; x_wconf 91' lang='lat'><strong>22.</strong></span> <span class='ocrx_word' id='word_1_115' title='bbox 1566 2345 1768 2415; x_wconf 89' lang='lat' dir='ltr'><strong>Aprilis</strong></span> <span class='ocrx_word' id='word_1_116' title='bbox 1792 2345 1916 2399; x_wconf 87' lang='lat' dir='ltr'><strong>anni</strong></span> <span class='ocrx_word' id='word_1_117' title='bbox 1943 2352 2101 2400; x_wconf 89' lang='lat'><strong>1073.</strong></span> 
     </span>
    </p>
   </div>
   <div class='ocr_carea' id='block_1_19' title="bbox 502 2437 2103 2509">
    <p class='ocr_par' dir='ltr' id='par_1_19' title="bbox 502 2437 2103 2509">
     <span class='ocr_line' id='line_1_19' title="bbox 502 2437 2103 2509; baseline 0.002 -18"><span class='ocrx_word' id='word_1_118' title='bbox 502 2437 579 2492; x_wconf 87' lang='lat' dir='ltr'><strong>uti</strong></span> <span class='ocrx_word' id='word_1_119' title='bbox 608 2437 893 2493; x_wconf 84' lang='lat' dir='ltr'><strong>evidenter</strong></span> <span class='ocrx_word' id='word_1_120' title='bbox 929 2437 1098 2509; x_wconf 89' lang='lat' dir='ltr'><strong>liquet</strong></span> <span class='ocrx_word' id='word_1_121' title='bbox 1126 2454 1187 2493; x_wconf 85' lang='lat' dir='ltr'><strong>ex</strong></span> <span class='ocrx_word' id='word_1_122' title='bbox 1232 2439 1453 2493; x_wconf 89' lang='lat' dir='ltr'><strong>decreto</strong></span> <span class='ocrx_word' id='word_1_123' title='bbox 1482 2438 1761 2494; x_wconf 89' lang='lat' dir='ltr'><strong>electionis</strong></span> <span class='ocrx_word' id='word_1_124' title='bbox 1793 2439 1930 2493; x_wconf 90' lang='lat' dir='ltr'><strong>infra</strong></span> <span class='ocrx_word' id='word_1_125' title='bbox 1979 2455 2103 2509; x_wconf 86' lang='lat' dir='ltr'><strong>pro-</strong></span> 
     </span>
    </p>
   </div>
   <div class='ocr_carea' id='block_1_20' title="bbox 503 2531 2106 2603">
    <p class='ocr_par' dir='ltr' id='par_1_20' title="bbox 503 2531 2106 2603">
     <span class='ocr_line' id='line_1_20' title="bbox 503 2531 2106 2603; baseline 0.001 -16"><span class='ocrx_word' id='word_1_126' title='bbox 503 2531 779 2603; x_wconf 88' lang='lat' dir='ltr'><strong>ponendo.</strong></span> <span class='ocrx_word' id='word_1_127' title='bbox 828 2535 1159 2587; x_wconf 89' lang='lat' dir='ltr'><strong>Erraverunt</strong></span> <span class='ocrx_word' id='word_1_128' title='bbox 1184 2532 1356 2599; x_wconf 90' lang='lat' dir='ltr'><strong>enim,</strong></span> <span class='ocrx_word' id='word_1_129' title='bbox 1387 2532 1478 2603; x_wconf 89' lang='lat' dir='ltr'><strong>qui</strong></span> <span class='ocrx_word' id='word_1_130' title='bbox 1525 2532 1704 2588; x_wconf 90' lang='lat' dir='ltr'><strong>solum</strong></span> <span class='ocrx_word' id='word_1_131' title='bbox 1735 2540 1804 2588; x_wconf 87' lang='lat'><strong>25</strong></span> <span class='ocrx_word' id='word_1_132' title='bbox 1850 2534 1938 2588; x_wconf 88' lang='lat' dir='ltr'><strong>die</strong></span> <span class='ocrx_word' id='word_1_133' title='bbox 1978 2534 2106 2589; x_wconf 91' lang='lat' dir='ltr'><strong>dicti</strong></span> 
     </span>
    </p>
   </div>
   <div class='ocr_carea' id='block_1_21' title="bbox 504 2627 2105 2697">
    <p class='ocr_par' dir='ltr' id='par_1_21' title="bbox 504 2627 2105 2697">
     <span class='ocr_line' id='line_1_21' title="bbox 504 2627 2105 2697; baseline 0.001 -15"><span class='ocrx_word' id='word_1_134' title='bbox 504 2627 709 2682; x_wconf 88' lang='lat' dir='ltr'><strong>mensis</strong></span> <span class='ocrx_word' id='word_1_135' title='bbox 749 2628 981 2682; x_wconf 89' lang='lat' dir='ltr'><strong>electum</strong></span> <span class='ocrx_word' id='word_1_136' title='bbox 1033 2628 1241 2693; x_wconf 90' lang='lat' dir='ltr'><strong>volunt,</strong></span> <span class='ocrx_word' id='word_1_137' title='bbox 1284 2635 1503 2697; x_wconf 91' lang='lat' dir='ltr'><strong>sumpta</strong></span> <span class='ocrx_word' id='word_1_138' title='bbox 1552 2627 1768 2683; x_wconf 86' lang='lat' dir='ltr'><strong>errandi</strong></span> <span class='ocrx_word' id='word_1_139' title='bbox 1817 2629 2105 2684; x_wconf 90' lang='lat' dir='ltr'><strong>occasione</strong></span> 
     </span>
    </p>
   </div>
   <div class='ocr_carea' id='block_1_22' title="bbox 501 2719 2104 2790">
    <p class='ocr_par' dir='ltr' id='par_1_22' title="bbox 501 2719 2104 2790">
     <span class='ocr_line' id='line_1_22' title="bbox 501 2719 2104 2790; baseline 0.001 -15"><span class='ocrx_word' id='word_1_140' title='bbox 501 2736 530 2775; x_wconf 88' lang='lat' dir='ltr'><strong>a</strong></span> <span class='ocrx_word' id='word_1_141' title='bbox 562 2719 853 2789; x_wconf 81' lang='lat' dir='ltr'><strong>Catalogis,</strong></span> <span class='ocrx_word' id='word_1_142' title='bbox 894 2720 946 2775; x_wconf 92' lang='lat' dir='ltr'><strong>in</strong></span> <span class='ocrx_word' id='word_1_143' title='bbox 977 2720 1174 2790; x_wconf 89' lang='lat' dir='ltr'><strong>quibus</strong></span> <span class='ocrx_word' id='word_1_144' title='bbox 1216 2719 1540 2789; x_wconf 86' lang='lat' dir='ltr'><strong>decessoris,</strong></span> <span class='ocrx_word' id='word_1_145' title='bbox 1571 2720 1754 2776; x_wconf 87' lang='lat' dir='ltr'><strong>triduo</strong></span> <span class='ocrx_word' id='word_1_146' title='bbox 1787 2731 1911 2776; x_wconf 90' lang='lat' dir='ltr'><strong>ante</strong></span> <span class='ocrx_word' id='word_1_147' title='bbox 1943 2722 2104 2777; x_wconf 88' lang='lat' dir='ltr'><strong>istam</strong></span> 
     </span>
    </p>
   </div>
   <div class='ocr_carea' id='block_1_23' title="bbox 502 2813 2103 2886">
    <p class='ocr_par' dir='ltr' id='par_1_23' title="bbox 502 2813 2103 2886">
     <span class='ocr_line' id='line_1_23' title="bbox 502 2813 2103 2886; baseline 0.001 -17"><span class='ocrx_word' id='word_1_148' title='bbox 502 2814 825 2869; x_wconf 85' lang='lat' dir='ltr'><strong>electionem</strong></span> <span class='ocrx_word' id='word_1_149' title='bbox 869 2813 1135 2882; x_wconf 91' lang='lat' dir='ltr'><strong>defuncti,</strong></span> <span class='ocrx_word' id='word_1_150' title='bbox 1183 2814 1366 2869; x_wconf 91' lang='lat' dir='ltr'><strong>obitus</strong></span> <span class='ocrx_word' id='word_1_151' title='bbox 1410 2830 1537 2872; x_wconf 89' lang='lat' dir='ltr'><strong>cum</strong></span> <span class='ocrx_word' id='word_1_152' title='bbox 1585 2815 1929 2886; x_wconf 85' lang='lat' dir='ltr'><strong>depositione</strong></span> <span class='ocrx_word' id='word_1_153' title='bbox 1972 2832 2103 2870; x_wconf 90' lang='lat' dir='ltr'><strong>con-</strong></span> 
     </span>
    </p>
   </div>
   <div class='ocr_carea' id='block_1_24' title="bbox 502 2908 2155 2981">
    <p class='ocr_par' dir='ltr' id='par_1_24' title="bbox 502 2908 2155 2981">
     <span class='ocr_line' id='line_1_24' title="bbox 502 2908 2155 2981; baseline 0.002 -18"><span class='ocrx_word' id='word_1_154' title='bbox 502 2908 768 2964; x_wconf 90' lang='lat' dir='ltr'><strong>funditur.</strong></span> <span class='ocrx_word' id='word_1_155' title='bbox 802 2911 904 2964; x_wconf 83' lang='lat' dir='ltr'><strong>Hic</strong></span> <span class='ocrx_word' id='word_1_156' title='bbox 952 2910 1215 2980; x_wconf 90' lang='lat' dir='ltr'><strong>plurimas</strong></span> <span class='ocrx_word' id='word_1_157' title='bbox 1253 2911 1307 2965; x_wconf 91' lang='lat' dir='ltr'><strong>in</strong></span> <span class='ocrx_word' id='word_1_158' title='bbox 1336 2911 1446 2965; x_wconf 87' lang='lat' dir='ltr'><strong>vita</strong></span> <span class='ocrx_word' id='word_1_159' title='bbox 1492 2926 1687 2980; x_wconf 89' lang='lat' dir='ltr'><strong>passus</strong></span> <span class='ocrx_word' id='word_1_160' title='bbox 1726 2920 1810 2965; x_wconf 92' lang='lat' dir='ltr'><strong>est</strong></span> <span class='ocrx_word' id='word_1_161' title='bbox 1850 2927 2104 2981; x_wconf 89' lang='lat' dir='ltr'><strong>persecu-</strong></span> <span class='ocrx_word' id='word_1_162' title='bbox 2147 2939 2155 2949; x_wconf 75' lang='grc' dir='ltr'><strong><em>ο</em></strong></span> 
     </span>
    </p>
   </div>
   <div class='ocr_carea' id='block_1_25' title="bbox 500 3003 2105 3073">
    <p class='ocr_par' dir='ltr' id='par_1_25' title="bbox 500 3003 2105 3073">
     <span class='ocr_line' id='line_1_25' title="bbox 500 3003 2105 3073; baseline 0.001 -16"><span class='ocrx_word' id='word_1_163' title='bbox 500 3003 698 3069; x_wconf 89' lang='lat' dir='ltr'><strong>tiones,</strong></span> <span class='ocrx_word' id='word_1_164' title='bbox 724 3011 779 3058; x_wconf 91' lang='lat' dir='ltr'><strong>et</strong></span> <span class='ocrx_word' id='word_1_165' title='bbox 822 3003 1001 3058; x_wconf 89' lang='lat' dir='ltr'><strong>adhuc</strong></span> <span class='ocrx_word' id='word_1_166' title='bbox 1043 3011 1167 3073; x_wconf 92' lang='lat' dir='ltr'><strong>post</strong></span> <span class='ocrx_word' id='word_1_167' title='bbox 1212 3012 1451 3057; x_wconf 89' lang='lat' dir='ltr'><strong>mortem</strong></span> <span class='ocrx_word' id='word_1_168' title='bbox 1483 3003 1805 3059; x_wconf 88' lang='lat' dir='ltr'><strong>calumnias.</strong></span> <span class='ocrx_word' id='word_1_169' title='bbox 1837 3005 1940 3059; x_wconf 91' lang='lat' dir='ltr'><strong>Sed</strong></span> <span class='ocrx_word' id='word_1_170' title='bbox 1991 3021 2105 3059; x_wconf 88' lang='lat' dir='ltr'><strong>non</strong></span> 
     </span>
    </p>
   </div>
   <div class='ocr_carea' id='block_1_26' title="bbox 501 3094 2103 3167">
    <p class='ocr_par' dir='ltr' id='par_1_26' title="bbox 501 3094 2103 3167">
     <span class='ocr_line' id='line_1_26' title="bbox 501 3094 2103 3167; baseline -0.001 -15"><span class='ocrx_word' id='word_1_171' title='bbox 501 3094 792 3152; x_wconf 87' lang='lat' dir='ltr'><strong>defuerunt</strong></span> <span class='ocrx_word' id='word_1_172' title='bbox 821 3096 940 3167; x_wconf 90' lang='lat' dir='ltr'><strong>ejus</strong></span> <span class='ocrx_word' id='word_1_173' title='bbox 972 3095 1323 3163; x_wconf 58' lang='lat' dir='ltr'><strong>innocentia,</strong></span> <span class='ocrx_word' id='word_1_174' title='bbox 1363 3104 1417 3150; x_wconf 94' lang='lat' dir='ltr'><strong>et</strong></span> <span class='ocrx_word' id='word_1_175' title='bbox 1448 3112 1543 3165; x_wconf 92' lang='lat' dir='ltr'><strong>pro</strong></span> <span class='ocrx_word' id='word_1_176' title='bbox 1576 3097 1815 3151; x_wconf 87' lang='lat' dir='ltr'><strong>Ecclesia</strong></span> <span class='ocrx_word' id='word_1_177' title='bbox 1848 3097 1946 3151; x_wconf 91' lang='lat' dir='ltr'><strong>Dei</strong></span> <span class='ocrx_word' id='word_1_178' title='bbox 1977 3113 2103 3167; x_wconf 90' lang='lat' dir='ltr'><strong>pro-</strong></span> 
     </span>
    </p>
   </div>
   <div class='ocr_carea' id='block_1_27' title="bbox 501 3188 2112 3261">
    <p class='ocr_par' dir='ltr' id='par_1_27' title="bbox 501 3188 2112 3261">
     <span class='ocr_line' id='line_1_27' title="bbox 501 3188 2112 3261; baseline 0 -16"><span class='ocrx_word' id='word_1_179' title='bbox 501 3189 790 3261; x_wconf 88' lang='lat' dir='ltr'><strong>pugnanda</strong></span> <span class='ocrx_word' id='word_1_180' title='bbox 819 3188 1159 3245; x_wconf 88' lang='lat' dir='ltr'><strong>fortitudinis</strong></span> <span class='ocrx_word' id='word_1_181' title='bbox 1196 3206 1259 3245; x_wconf 90' lang='lat' dir='ltr'><strong>ac</strong></span> <span class='ocrx_word' id='word_1_182' title='bbox 1300 3190 1530 3260; x_wconf 58' lang='lat' dir='ltr'><strong>iustitiae</strong></span> <span class='ocrx_word' id='word_1_183' title='bbox 1561 3190 1811 3245; x_wconf 88' lang='lat' dir='ltr'><strong>acerrimi</strong></span> <span class='ocrx_word' id='word_1_184' title='bbox 1856 3190 2112 3245; x_wconf 86' lang='lat' dir='ltr'><strong>defenso-</strong></span> 
     </span>
    </p>
   </div>
   <div class='ocr_carea' id='block_1_28' title="bbox 502 3283 2110 3353">
    <p class='ocr_par' dir='ltr' id='par_1_28' title="bbox 502 3283 2110 3353">
     <span class='ocr_line' id='line_1_28' title="bbox 502 3283 2110 3353; baseline -0.001 -14"><span class='ocrx_word' id='word_1_185' title='bbox 502 3299 625 3339; x_wconf 90' lang='lat' dir='ltr'><strong>res:</strong></span> <span class='ocrx_word' id='word_1_186' title='bbox 680 3284 824 3338; x_wconf 91' lang='lat' dir='ltr'><strong>inter</strong></span> <span class='ocrx_word' id='word_1_187' title='bbox 869 3298 1008 3353; x_wconf 90' lang='lat' dir='ltr'><strong>quos</strong></span> <span class='ocrx_word' id='word_1_188' title='bbox 1052 3283 1264 3339; x_wconf 90' lang='lat' dir='ltr'><strong>censeri</strong></span> <span class='ocrx_word' id='word_1_189' title='bbox 1314 3292 1546 3353; x_wconf 91' lang='lat' dir='ltr'><strong>possunt</strong></span> <span class='ocrx_word' id='word_1_190' title='bbox 1579 3284 1879 3339; x_wconf 91' lang='lat' dir='ltr'><strong>Cardinalis</strong></span> <span class='ocrx_word' id='word_1_191' title='bbox 1926 3287 2110 3340; x_wconf 62' lang='lat' dir='ltr'><strong>Caesar</strong></span> 
     </span>
    </p>
   </div>
   <div class='ocr_carea' id='block_1_29' title="bbox 504 3377 2111 3448">
    <p class='ocr_par' dir='ltr' id='par_1_29' title="bbox 504 3377 2111 3448">
     <span class='ocr_line' id='line_1_29' title="bbox 504 3377 2111 3448; baseline 0.001 -16"><span class='ocrx_word' id='word_1_192' title='bbox 504 3378 782 3433; x_wconf 89' lang='lat' dir='ltr'><strong>Baronius</strong></span> <span class='ocrx_word' id='word_1_193' title='bbox 808 3385 863 3432; x_wconf 89' lang='lat' dir='ltr'><strong>et</strong></span> <span class='ocrx_word' id='word_1_194' title='bbox 903 3377 1139 3433; x_wconf 88' lang='lat' dir='ltr'><strong>Jacobus</strong></span> <span class='ocrx_word' id='word_1_195' title='bbox 1169 3379 1461 3434; x_wconf 86' lang='lat' dir='ltr'><strong>Gretserus</strong></span> <span class='ocrx_word' id='word_1_196' title='bbox 1489 3398 1501 3433; x_wconf 88' lang='lat'><strong>:</strong></span> <span class='ocrx_word' id='word_1_197' title='bbox 1534 3379 1621 3434; x_wconf 94' lang='lat' dir='ltr'><strong>ille</strong></span> <span class='ocrx_word' id='word_1_198' title='bbox 1657 3379 1877 3448; x_wconf 90' lang='lat' dir='ltr'><strong>quidem</strong></span> <span class='ocrx_word' id='word_1_199' title='bbox 1907 3380 1960 3433; x_wconf 91' lang='lat' dir='ltr'><strong>in</strong></span> <span class='ocrx_word' id='word_1_200' title='bbox 1999 3383 2111 3434; x_wconf 85' lang='lat' dir='ltr'><strong>An-</strong></span> 
     </span>
    </p>
   </div>
   <div class='ocr_carea' id='block_1_30' title="bbox 501 3470 2108 3547">
    <p class='ocr_par' dir='ltr' id='par_1_30' title="bbox 501 3470 2108 3547">
     <span class='ocr_line' id='line_1_30' title="bbox 501 3470 2108 3547; baseline 0.002 -21"><span class='ocrx_word' id='word_1_201' title='bbox 501 3471 711 3527; x_wconf 89' lang='lat' dir='ltr'><strong>nalibus</strong></span> <span class='ocrx_word' id='word_1_202' title='bbox 739 3472 852 3527; x_wconf 90' lang='lat' dir='ltr'><strong>suis</strong></span> <span class='ocrx_word' id='word_1_203' title='bbox 883 3470 1301 3539; x_wconf 87' lang='lat' dir='ltr'><strong>Ecclesiasticis,</strong></span> <span class='ocrx_word' id='word_1_204' title='bbox 1335 3474 1390 3527; x_wconf 91' lang='lat' dir='ltr'><strong>in</strong></span> <span class='ocrx_word' id='word_1_205' title='bbox 1418 3472 1620 3544; x_wconf 89' lang='lat' dir='ltr'><strong>quibus</strong></span> <span class='ocrx_word' id='word_1_206' title='bbox 1650 3490 1737 3528; x_wconf 89' lang='lat' dir='ltr'><strong>res</strong></span> <span class='ocrx_word' id='word_1_207' title='bbox 1769 3477 1887 3546; x_wconf 90' lang='lat' dir='ltr'><strong>ejus</strong></span> <span class='ocrx_word' id='word_1_208' title='bbox 1929 3482 2108 3547; x_wconf 80' lang='lat' dir='ltr'><strong>gestas</strong></span> 
     </span>
    </p>
   </div>
   <div class='ocr_carea' id='block_1_31' title="bbox 503 3564 2109 3638">
    <p class='ocr_par' dir='ltr' id='par_1_31' title="bbox 503 3564 2109 3638">
     <span class='ocr_line' id='line_1_31' title="bbox 503 3564 2109 3638; baseline 0 -16"><span class='ocrx_word' id='word_1_209' title='bbox 503 3582 599 3638; x_wconf 90' lang='lat' dir='ltr'><strong>per</strong></span> <span class='ocrx_word' id='word_1_210' title='bbox 626 3566 866 3637; x_wconf 86' lang='lat' dir='ltr'><strong>singulos</strong></span> <span class='ocrx_word' id='word_1_211' title='bbox 894 3583 1066 3623; x_wconf 88' lang='lat' dir='ltr'><strong>annos</strong></span> <span class='ocrx_word' id='word_1_212' title='bbox 1094 3564 1317 3622; x_wconf 88' lang='lat' dir='ltr'><strong>deducit</strong></span> <span class='ocrx_word' id='word_1_213' title='bbox 1362 3582 1427 3621; x_wconf 89' lang='lat' dir='ltr'><strong>ex</strong></span> <span class='ocrx_word' id='word_1_214' title='bbox 1473 3566 1829 3638; x_wconf 88' lang='lat' dir='ltr'><strong>scriptoribus</strong></span> <span class='ocrx_word' id='word_1_215' title='bbox 1868 3569 2109 3623; x_wconf 85' lang='lat' dir='ltr'><strong>maxime</strong></span> 
     </span>
    </p>
   </div>
   <div class='ocr_carea' id='block_1_32' title="bbox 501 3658 2108 3733">
    <p class='ocr_par' dir='ltr' id='par_1_32' title="bbox 501 3658 2108 3733">
     <span class='ocr_line' id='line_1_32' title="bbox 501 3658 2108 3733; baseline 0.002 -20"><span class='ocrx_word' id='word_1_216' title='bbox 501 3660 715 3726; x_wconf 77' lang='lat' dir='ltr'><strong>coaevis,</strong></span> <span class='ocrx_word' id='word_1_217' title='bbox 748 3669 803 3715; x_wconf 92' lang='lat' dir='ltr'><strong>et</strong></span> <span class='ocrx_word' id='word_1_218' title='bbox 838 3659 1093 3715; x_wconf 90' lang='lat' dir='ltr'><strong>Conciliis</strong></span> <span class='ocrx_word' id='word_1_219' title='bbox 1130 3658 1232 3714; x_wconf 90' lang='lat' dir='ltr'><strong>sub</strong></span> <span class='ocrx_word' id='word_1_220' title='bbox 1275 3675 1341 3714; x_wconf 90' lang='lat' dir='ltr'><strong>eo</strong></span> <span class='ocrx_word' id='word_1_221' title='bbox 1386 3658 1603 3727; x_wconf 89' lang='lat' dir='ltr'><strong>habitis,</strong></span> <span class='ocrx_word' id='word_1_222' title='bbox 1646 3668 1807 3731; x_wconf 91' lang='lat' dir='ltr'><strong>atque</strong></span> <span class='ocrx_word' id='word_1_223' title='bbox 1856 3662 2108 3733; x_wconf 83' lang='lat' dir='ltr'><strong>Registro</strong></span> 
     </span>
    </p>
   </div>
   <div class='ocr_carea' id='block_1_33' title="bbox 502 3750 2109 3825">
    <p class='ocr_par' dir='ltr' id='par_1_33' title="bbox 502 3750 2109 3825">
     <span class='ocr_line' id='line_1_33' title="bbox 502 3750 2109 3825; baseline 0.002 -17"><span class='ocrx_word' id='word_1_224' title='bbox 502 3753 855 3825; x_wconf 90' lang='lat' dir='ltr'><strong>epistolarum</strong></span> <span class='ocrx_word' id='word_1_225' title='bbox 893 3752 1009 3823; x_wconf 89' lang='lat' dir='ltr'><strong>ejus</strong></span> <span class='ocrx_word' id='word_1_226' title='bbox 1056 3752 1109 3807; x_wconf 93' lang='lat' dir='ltr'><strong>in</strong></span> <span class='ocrx_word' id='word_1_227' title='bbox 1135 3750 1393 3808; x_wconf 89' lang='lat' dir='ltr'><strong>undecim</strong></span> <span class='ocrx_word' id='word_1_228' title='bbox 1430 3752 1599 3808; x_wconf 90' lang='lat' dir='ltr'><strong>libros</strong></span> <span class='ocrx_word' id='word_1_229' title='bbox 1625 3752 1881 3810; x_wconf 89' lang='lat' dir='ltr'><strong>distincto</strong></span> <span class='ocrx_word' id='word_1_230' title='bbox 1911 3774 1923 3809; x_wconf 88' lang='lat'><strong>:</strong></span> <span class='ocrx_word' id='word_1_231' title='bbox 1971 3756 2109 3812; x_wconf 88' lang='lat' dir='ltr'><strong>Gre-</strong></span> 
     </span>
    </p>
   </div>
   <div class='ocr_carea' id='block_1_34' title="bbox 501 3846 2108 3907">
    <p class='ocr_par' dir='ltr' id='par_1_34' title="bbox 501 3846 2108 3907">
     <span class='ocr_line' id='line_1_34' title="bbox 501 3846 2108 3907; baseline 0.004 -6"><span class='ocrx_word' id='word_1_232' title='bbox 501 3854 680 3901; x_wconf 89' lang='lat' dir='ltr'><strong>tserus</strong></span> <span class='ocrx_word' id='word_1_233' title='bbox 708 3861 839 3901; x_wconf 89' lang='lat' dir='ltr'><strong>vero</strong></span> <span class='ocrx_word' id='word_1_234' title='bbox 884 3848 1060 3900; x_wconf 92' lang='lat' dir='ltr'><strong>Tomo</strong></span> <span class='ocrx_word' id='word_1_235' title='bbox 1098 3852 1152 3900; x_wconf 90' lang='lat'><strong>2.</strong></span> <span class='ocrx_word' id='word_1_236' title='bbox 1208 3846 1555 3902; x_wconf 89' lang='lat' dir='ltr'><strong>Defensionis</strong></span> <span class='ocrx_word' id='word_1_237' title='bbox 1598 3848 2108 3907; x_wconf 88' lang='lat' dir='ltr'><strong>Controversiarum</strong></span> 
     </span>
    </p>
   </div>
   <div class='ocr_carea' id='block_1_35' title="bbox 506 3939 2104 4013">
    <p class='ocr_par' dir='ltr' id='par_1_35' title="bbox 506 3939 2104 4013">
     <span class='ocr_line' id='line_1_35' title="bbox 506 3939 2104 4013; baseline 0.002 -17"><span class='ocrx_word' id='word_1_238' title='bbox 506 3939 808 3997; x_wconf 90' lang='lat' dir='ltr'><strong>Cardinalis</strong></span> <span class='ocrx_word' id='word_1_239' title='bbox 849 3939 1180 4005; x_wconf 84' lang='lat' dir='ltr'><strong>Bellarmini,</strong></span> <span class='ocrx_word' id='word_1_240' title='bbox 1231 3957 1585 4013; x_wconf 87' lang='lat' dir='ltr'><strong>propugnans</strong></span> <span class='ocrx_word' id='word_1_241' title='bbox 1613 3958 1741 3997; x_wconf 90' lang='lat' dir='ltr'><strong>eum</strong></span> <span class='ocrx_word' id='word_1_242' title='bbox 1779 3952 1967 3999; x_wconf 92' lang='lat' dir='ltr'><strong>contra</strong></span> <span class='ocrx_word' id='word_1_243' title='bbox 2018 3962 2104 4000; x_wconf 83' lang='lat' dir='ltr'><strong>va-</strong></span> 
     </span>
    </p>
   </div>
   <div class='ocr_carea' id='block_1_36' title="bbox 503 4033 2105 4106">
    <p class='ocr_par' dir='ltr' id='par_1_36' title="bbox 503 4033 2105 4106">
     <span class='ocr_line' id='line_1_36' title="bbox 503 4033 2105 4106; baseline 0.002 -17"><span class='ocrx_word' id='word_1_244' title='bbox 503 4034 614 4089; x_wconf 89' lang='lat' dir='ltr'><strong>rios</strong></span> <span class='ocrx_word' id='word_1_245' title='bbox 644 4033 808 4104; x_wconf 87' lang='lat' dir='ltr'><strong>hujus</strong></span> <span class='ocrx_word' id='word_1_246' title='bbox 856 4034 1122 4104; x_wconf 83' lang='lat' dir='ltr'><strong>temporis</strong></span> <span class='ocrx_word' id='word_1_247' title='bbox 1164 4035 1445 4098; x_wconf 87' lang='lat' dir='ltr'><strong>sectarios,</strong></span> <span class='ocrx_word' id='word_1_248' title='bbox 1490 4035 1836 4106; x_wconf 90' lang='lat' dir='ltr'><strong>potissimum</strong></span> <span class='ocrx_word' id='word_1_249' title='bbox 1882 4037 2022 4093; x_wconf 89' lang='lat' dir='ltr'><strong>libro</strong></span> <span class='ocrx_word' id='word_1_250' title='bbox 2052 4046 2105 4094; x_wconf 80' lang='grc'>4.</span> 
     </span>
    </p>
   </div>
   <div class='ocr_carea' id='block_1_37' title="bbox 500 4126 2107 4204">
    <p class='ocr_par' dir='ltr' id='par_1_37' title="bbox 500 4126 2107 4204">
     <span class='ocr_line' id='line_1_37' title="bbox 500 4126 2107 4204; baseline 0.004 -23"><span class='ocrx_word' id='word_1_251' title='bbox 500 4142 547 4181; x_wconf 90' lang='lat' dir='ltr'><strong>c.</strong></span> <span class='ocrx_word' id='word_1_252' title='bbox 590 4133 674 4181; x_wconf 91' lang='lat'><strong>13.</strong></span> <span class='ocrx_word' id='word_1_253' title='bbox 707 4143 769 4181; x_wconf 92' lang='lat' dir='ltr'><strong>ac</strong></span> <span class='ocrx_word' id='word_1_254' title='bbox 796 4126 921 4183; x_wconf 91' lang='lat' dir='ltr'><strong>dein</strong></span> <span class='ocrx_word' id='word_1_255' title='bbox 948 4126 1143 4182; x_wconf 90' lang='lat' dir='ltr'><strong>illustri</strong></span> <span class='ocrx_word' id='word_1_256' title='bbox 1175 4128 1462 4200; x_wconf 83' lang='lat' dir='ltr'><strong>Apologia,</strong></span> <span class='ocrx_word' id='word_1_257' title='bbox 1500 4129 1556 4184; x_wconf 90' lang='lat' dir='ltr'><strong>in</strong></span> <span class='ocrx_word' id='word_1_258' title='bbox 1586 4145 1689 4199; x_wconf 90' lang='lat' dir='ltr'><strong>qua</strong></span> <span class='ocrx_word' id='word_1_259' title='bbox 1721 4131 2107 4204; x_wconf 85' lang='lat' dir='ltr'><strong>quinquaginta</strong></span> 
     </span>
    </p>
   </div>
   <div class='ocr_carea' id='block_1_38' title="bbox 505 4220 2105 4299">
    <p class='ocr_par' dir='ltr' id='par_1_38' title="bbox 505 4220 2105 4299">
     <span class='ocr_line' id='line_1_38' title="bbox 505 4220 2105 4299; baseline 0.004 -25"><span class='ocrx_word' id='word_1_260' title='bbox 505 4227 673 4275; x_wconf 90' lang='lat' dir='ltr'><strong>testes</strong></span> <span class='ocrx_word' id='word_1_261' title='bbox 708 4220 955 4287; x_wconf 89' lang='lat' dir='ltr'><strong>adducit,</strong></span> <span class='ocrx_word' id='word_1_262' title='bbox 985 4220 1076 4292; x_wconf 93' lang='lat' dir='ltr'><strong>qui</strong></span> <span class='ocrx_word' id='word_1_263' title='bbox 1118 4221 1232 4276; x_wconf 91' lang='lat' dir='ltr'><strong>suis</strong></span> <span class='ocrx_word' id='word_1_264' title='bbox 1259 4222 1476 4294; x_wconf 89' lang='lat' dir='ltr'><strong>scriptis</strong></span> <span class='ocrx_word' id='word_1_265' title='bbox 1518 4240 1606 4279; x_wconf 90' lang='lat' dir='ltr'><strong>res</strong></span> <span class='ocrx_word' id='word_1_266' title='bbox 1644 4233 1818 4295; x_wconf 87' lang='lat' dir='ltr'><strong>gestas</strong></span> <span class='ocrx_word' id='word_1_267' title='bbox 1848 4226 2013 4299; x_wconf 86' lang='lat' dir='ltr'><strong>hujus</strong></span> <span class='ocrx_word' id='word_1_268' title='bbox 2050 4230 2105 4283; x_wconf 96' lang='grc'><strong>8.</strong></span> 
     </span>
    </p>
   </div>
   <div class='ocr_carea' id='block_1_39' title="bbox 505 4314 2105 4386">
    <p class='ocr_par' dir='ltr' id='par_1_39' title="bbox 505 4314 2105 4386">
     <span class='ocr_line' id='line_1_39' title="bbox 505 4314 2105 4386; baseline 0.004 -16"><span class='ocrx_word' id='word_1_269' title='bbox 505 4314 757 4384; x_wconf 82' lang='lat' dir='ltr'><strong>Gregorii</strong></span> <span class='ocrx_word' id='word_1_270' title='bbox 812 4324 1150 4386; x_wconf 90' lang='lat' dir='ltr'><strong>proponunt,</strong></span> <span class='ocrx_word' id='word_1_271' title='bbox 1200 4323 1255 4371; x_wconf 93' lang='lat' dir='ltr'><strong>et</strong></span> <span class='ocrx_word' id='word_1_272' title='bbox 1298 4325 1489 4372; x_wconf 89' lang='lat' dir='ltr'><strong>contra</strong></span> <span class='ocrx_word' id='word_1_273' title='bbox 1537 4318 1877 4375; x_wconf 87' lang='lat' dir='ltr'><strong>adversarios</strong></span> <span class='ocrx_word' id='word_1_274' title='bbox 1916 4319 2105 4376; x_wconf 86' lang='lat' dir='ltr'><strong>defen-</strong></span> 
     </span>
    </p>
   </div>
   <div class='ocr_carea' id='block_1_40' title="bbox 504 4407 661 4463">
    <p class='ocr_par' dir='ltr' id='par_1_40' title="bbox 504 4407 661 4463">
     <span class='ocr_line' id='line_1_40' title="bbox 504 4407 661 4463; baseline -0.006 0"><span class='ocrx_word' id='word_1_275' title='bbox 504 4407 661 4463; x_wconf 58' lang='lat' dir='ltr'><strong>dunt</strong></span> 
     </span>
    </p>
   </div>
   <div class='ocr_carea' id='block_1_41' title="bbox 577 4502 2186 4595">
    <p class='ocr_par' dir='ltr' id='par_1_41' title="bbox 577 4502 2186 4595">
     <span class='ocr_line' id='line_1_41' title="bbox 577 4502 2186 4595; baseline 0.004 -38"><span class='ocrx_word' id='word_1_276' title='bbox 577 4509 631 4557; x_wconf 91' lang='lat'><strong>2.</strong></span> <span class='ocrx_word' id='word_1_277' title='bbox 666 4503 887 4595; x_wconf 89' lang='lat' dir='ltr'><strong>Horum</strong></span> <span class='ocrx_word' id='word_1_278' title='bbox 910 4502 1120 4574; x_wconf 90' lang='lat' dir='ltr'><strong>primus</strong></span> <span class='ocrx_word' id='word_1_279' title='bbox 1150 4512 1233 4559; x_wconf 91' lang='lat' dir='ltr'><strong>est</strong></span> <span class='ocrx_word' id='word_1_280' title='bbox 1256 4505 1314 4559; x_wconf 93' lang='grc'><strong>8.</strong></span> <span class='ocrx_word' id='word_1_281' title='bbox 1344 4505 1647 4561; x_wconf 83' lang='lat' dir='ltr'><strong>Anselmus</strong></span> <span class='ocrx_word' id='word_1_282' title='bbox 1676 4506 1979 4579; x_wconf 89' lang='lat' dir='ltr'><strong>Episcopus</strong></span> <span class='ocrx_word' id='word_1_283' title='bbox 2008 4510 2109 4563; x_wconf 91' lang='lat' dir='ltr'><strong>Lu.</strong></span> <span class='ocrx_word' id='word_1_284' title='bbox 2139 4534 2186 4595; x_wconf 73' lang='grc' dir='ltr'><strong>ι)</strong></span> 
     </span>
    </p>
   </div>
   <div class='ocr_carea' id='block_1_42' title="bbox 505 4594 2109 4668">
    <p class='ocr_par' dir='ltr' id='par_1_42' title="bbox 505 4594 2109 4668">
     <span class='ocr_line' id='line_1_42' title="bbox 505 4594 2109 4668; baseline 0.004 -19"><span class='ocrx_word' id='word_1_285' title='bbox 505 4594 704 4661; x_wconf 88' lang='lat' dir='ltr'><strong>censis,</strong></span> <span class='ocrx_word' id='word_1_286' title='bbox 738 4594 991 4666; x_wconf 84' lang='lat' dir='ltr'><strong>proximo</strong></span> <span class='ocrx_word' id='word_1_287' title='bbox 1041 4605 1162 4668; x_wconf 92' lang='lat' dir='ltr'><strong>post</strong></span> <span class='ocrx_word' id='word_1_288' title='bbox 1189 4596 1401 4652; x_wconf 90' lang='lat' dir='ltr'><strong>obitum</strong></span> <span class='ocrx_word' id='word_1_289' title='bbox 1451 4600 1623 4654; x_wconf 90' lang='lat' dir='ltr'><strong>sancti</strong></span> <span class='ocrx_word' id='word_1_290' title='bbox 1660 4600 1940 4655; x_wconf 84' lang='lat' dir='ltr'><strong>Pontiﬁcis</strong></span> <span class='ocrx_word' id='word_1_291' title='bbox 1968 4616 2109 4655; x_wconf 91' lang='lat' dir='ltr'><strong>anno</strong></span> 
     </span>
    </p>
   </div>
   <div class='ocr_carea' id='block_1_43' title="bbox 506 4686 2105 4766">
    <p class='ocr_par' dir='ltr' id='par_1_43' title="bbox 506 4686 2105 4766">
     <span class='ocr_line' id='line_1_43' title="bbox 506 4686 2105 4766; baseline 0.006 -25"><span class='ocrx_word' id='word_1_292' title='bbox 506 4689 616 4744; x_wconf 87' lang='lat' dir='ltr'><strong>vita</strong></span> <span class='ocrx_word' id='word_1_293' title='bbox 641 4686 892 4758; x_wconf 84' lang='lat' dir='ltr'><strong>functus;</strong></span> <span class='ocrx_word' id='word_1_294' title='bbox 924 4691 1014 4762; x_wconf 93' lang='lat' dir='ltr'><strong>qui</strong></span> <span class='ocrx_word' id='word_1_295' title='bbox 1045 4702 1235 4748; x_wconf 88' lang='lat' dir='ltr'><strong>contra</strong></span> <span class='ocrx_word' id='word_1_296' title='bbox 1266 4693 1597 4748; x_wconf 87' lang='lat' dir='ltr'><strong>Guibertum</strong></span> <span class='ocrx_word' id='word_1_297' title='bbox 1623 4695 1973 4766; x_wconf 85' lang='lat' dir='ltr'><strong>Antipapam,</strong></span> <span class='ocrx_word' id='word_1_298' title='bbox 2008 4712 2105 4766; x_wconf 88' lang='lat' dir='ltr'><strong>pro</strong></span> 
     </span>
    </p>
   </div>
   <div class='ocr_carea' id='block_1_44' title="bbox 507 4781 2102 4856">
    <p class='ocr_par' dir='ltr' id='par_1_44' title="bbox 507 4781 2102 4856">
     <span class='ocr_line' id='line_1_44' title="bbox 507 4781 2102 4856; baseline 0.004 -19"><span class='ocrx_word' id='word_1_299' title='bbox 507 4781 825 4839; x_wconf 85' lang='lat' dir='ltr'><strong>defensione</strong></span> <span class='ocrx_word' id='word_1_300' title='bbox 856 4785 1104 4856; x_wconf 87' lang='lat' dir='ltr'><strong>Gregorii</strong></span> <span class='ocrx_word' id='word_1_301' title='bbox 1154 4785 1383 4853; x_wconf 78' lang='lat' dir='ltr'><strong>legitimi</strong></span> <span class='ocrx_word' id='word_1_302' title='bbox 1430 4787 1710 4845; x_wconf 87' lang='lat' dir='ltr'><strong>Pontiﬁcis</strong></span> <span class='ocrx_word' id='word_1_303' title='bbox 1738 4789 2002 4854; x_wconf 86' lang='lat' dir='ltr'><strong>Romani,</strong></span> <span class='ocrx_word' id='word_1_304' title='bbox 2042 4790 2102 4843; x_wconf 87' lang='lat' dir='ltr'><strong>li-</strong></span> 
     </span>
    </p>
   </div>
   <div class='ocr_carea' id='block_1_45' title="bbox 506 4875 2104 4949">
    <p class='ocr_par' dir='ltr' id='par_1_45' title="bbox 506 4875 2104 4949">
     <span class='ocr_line' id='line_1_45' title="bbox 506 4875 2104 4949; baseline 0.004 -18"><span class='ocrx_word' id='word_1_305' title='bbox 506 4875 673 4931; x_wconf 89' lang='lat' dir='ltr'><strong>brum</strong></span> <span class='ocrx_word' id='word_1_306' title='bbox 709 4877 945 4949; x_wconf 89' lang='lat' dir='ltr'><strong>scripsit.</strong></span> <span class='ocrx_word' id='word_1_307' title='bbox 976 4878 1259 4935; x_wconf 89' lang='lat' dir='ltr'><strong>Secundus</strong></span> <span class='ocrx_word' id='word_1_308' title='bbox 1291 4880 1451 4935; x_wconf 91' lang='lat' dir='ltr'><strong>testis</strong></span> <span class='ocrx_word' id='word_1_309' title='bbox 1481 4890 1565 4936; x_wconf 88' lang='lat' dir='ltr'><strong>est</strong></span> <span class='ocrx_word' id='word_1_310' title='bbox 1595 4892 1785 4938; x_wconf 86' lang='lat' dir='ltr'><strong>auctor</strong></span> <span class='ocrx_word' id='word_1_311' title='bbox 1808 4883 1948 4938; x_wconf 68' lang='lat' dir='ltr'><strong>Vita:</strong></span> <span class='ocrx_word' id='word_1_312' title='bbox 1978 4883 2104 4937; x_wconf 86' lang='lat' dir='ltr'><strong>dicti</strong></span> 
     </span>
    </p>
   </div>
   <div class='ocr_carea' id='block_1_46' title="bbox 505 4970 2098 5045">
    <p class='ocr_par' dir='ltr' id='par_1_46' title="bbox 505 4970 2098 5045">
     <span class='ocr_line' id='line_1_46' title="bbox 505 4970 2098 5045; baseline 0.003 -19"><span class='ocrx_word' id='word_1_313' title='bbox 505 4970 560 5026; x_wconf 95' lang='grc'><strong>8.</strong></span> <span class='ocrx_word' id='word_1_314' title='bbox 597 4970 865 5037; x_wconf 86' lang='lat' dir='ltr'><strong>Anselmi,</strong></span> <span class='ocrx_word' id='word_1_315' title='bbox 895 4970 1231 5028; x_wconf 89' lang='lat' dir='ltr'><strong>domesticus</strong></span> <span class='ocrx_word' id='word_1_316' title='bbox 1274 4973 1565 5045; x_wconf 89' lang='lat' dir='ltr'><strong>Presbyter</strong></span> <span class='ocrx_word' id='word_1_317' title='bbox 1603 4976 2045 5030; x_wconf 81' lang='lat' dir='ltr'><strong>Pcenitentiarius</strong></span> <span class='ocrx_word' id='word_1_318' title='bbox 2088 4997 2098 5031; x_wconf 92' lang='lat'>:</span> 
     </span>
    </p>
   </div>
   <div class='ocr_carea' id='block_1_47' title="bbox 506 5064 2105 5138">
    <p class='ocr_par' dir='ltr' id='par_1_47' title="bbox 506 5064 2105 5138">
     <span class='ocr_line' id='line_1_47' title="bbox 506 5064 2105 5138; baseline 0.006 -21"><span class='ocrx_word' id='word_1_319' title='bbox 506 5078 674 5134; x_wconf 89' lang='lat' dir='ltr'><strong>quam</strong></span> <span class='ocrx_word' id='word_1_320' title='bbox 717 5064 902 5119; x_wconf 89' lang='lat' dir='ltr'><strong>Vitam</strong></span> <span class='ocrx_word' id='word_1_321' title='bbox 933 5080 1032 5121; x_wconf 93' lang='lat' dir='ltr'><strong>nos</strong></span> <span class='ocrx_word' id='word_1_322' title='bbox 1071 5066 1138 5121; x_wconf 90' lang='lat' dir='ltr'><strong>ad</strong></span> <span class='ocrx_word' id='word_1_323' title='bbox 1182 5065 1334 5121; x_wconf 90' lang='lat' dir='ltr'><strong>diem</strong></span> <span class='ocrx_word' id='word_1_324' title='bbox 1378 5070 1496 5138; x_wconf 86' lang='lat' dir='ltr'><strong>ejus</strong></span> <span class='ocrx_word' id='word_1_325' title='bbox 1524 5070 1760 5125; x_wconf 86' lang='lat' dir='ltr'><strong>natalem</strong></span> <span class='ocrx_word' id='word_1_326' title='bbox 1798 5077 1879 5126; x_wconf 93' lang='lat'><strong>18.</strong></span> <span class='ocrx_word' id='word_1_327' title='bbox 1926 5072 2105 5127; x_wconf 81' lang='lat' dir='ltr'><strong>Martii</strong></span> 
     </span>
    </p>
   </div>
   <div class='ocr_carea' id='block_1_48' title="bbox 506 5157 2100 5235">
    <p class='ocr_par' dir='ltr' id='par_1_48' title="bbox 506 5157 2100 5235">
     <span class='ocr_line' id='line_1_48' title="bbox 506 5157 2100 5235; baseline 0.004 -23"><span class='ocrx_word' id='word_1_328' title='bbox 506 5157 910 5215; x_wconf 82' lang='lat' dir='ltr'><strong>illustravimus.</strong></span> <span class='ocrx_word' id='word_1_329' title='bbox 938 5160 1253 5217; x_wconf 90' lang='lat' dir='ltr'><strong>Succedunt</strong></span> <span class='ocrx_word' id='word_1_330' title='bbox 1292 5166 1428 5217; x_wconf 83' lang='lat' dir='ltr'><strong>Acta</strong></span> <span class='ocrx_word' id='word_1_331' title='bbox 1463 5163 1729 5218; x_wconf 86' lang='lat' dir='ltr'><strong>Vaticana</strong></span> <span class='ocrx_word' id='word_1_332' title='bbox 1756 5163 1900 5235; x_wconf 87' lang='lat' dir='ltr'><strong>apud</strong></span> <span class='ocrx_word' id='word_1_333' title='bbox 1935 5167 2100 5219; x_wconf 83' lang='lat' dir='ltr'><strong>Baro-</strong></span> 
     </span>
    </p>
   </div>
   <div class='ocr_carea' id='block_1_49' title="bbox 505 5253 2103 5327">
    <p class='ocr_par' dir='ltr' id='par_1_49' title="bbox 505 5253 2103 5327">
     <span class='ocr_line' id='line_1_49' title="bbox 505 5253 2103 5327; baseline 0.003 -19"><span class='ocrx_word' id='word_1_334' title='bbox 505 5254 661 5309; x_wconf 89' lang='lat' dir='ltr'><strong>nium</strong></span> <span class='ocrx_word' id='word_1_335' title='bbox 703 5253 773 5309; x_wconf 90' lang='lat' dir='ltr'><strong>ad</strong></span> <span class='ocrx_word' id='word_1_336' title='bbox 816 5270 1020 5310; x_wconf 91' lang='lat' dir='ltr'><strong>annum</strong></span> <span class='ocrx_word' id='word_1_337' title='bbox 1070 5261 1227 5319; x_wconf 84' lang='lat'><strong>1073,</strong></span> <span class='ocrx_word' id='word_1_338' title='bbox 1276 5264 1329 5311; x_wconf 91' lang='lat' dir='ltr'><strong>et</strong></span> <span class='ocrx_word' id='word_1_339' title='bbox 1378 5260 1513 5311; x_wconf 88' lang='lat' dir='ltr'><strong>Acta</strong></span> <span class='ocrx_word' id='word_1_340' title='bbox 1553 5258 1763 5326; x_wconf 89' lang='lat' dir='ltr'><strong>publica</strong></span> <span class='ocrx_word' id='word_1_341' title='bbox 1804 5259 2103 5327; x_wconf 88' lang='lat' dir='ltr'><strong>electionis,</strong></span> 
     </span>
    </p>
   </div>
   <div class='ocr_carea' id='block_1_50' title="bbox 506 5349 2103 5425">
    <p class='ocr_par' dir='ltr' id='par_1_50' title="bbox 506 5349 2103 5425">
     <span class='ocr_line' id='line_1_50' title="bbox 506 5349 2103 5425; baseline -0.001 -17"><span class='ocrx_word' id='word_1_342' title='bbox 506 5365 629 5421; x_wconf 69' lang='lat' dir='ltr'><strong>quae</strong></span> <span class='ocrx_word' id='word_1_343' title='bbox 658 5349 800 5406; x_wconf 85' lang='lat' dir='ltr'><strong>infra</strong></span> <span class='ocrx_word' id='word_1_344' title='bbox 856 5350 1229 5420; x_wconf 85' lang='lat' dir='ltr'><strong>proferuntur.</strong></span> <span class='ocrx_word' id='word_1_345' title='bbox 1264 5351 1401 5406; x_wconf 89' lang='lat' dir='ltr'><strong>Dein</strong></span> <span class='ocrx_word' id='word_1_346' title='bbox 1430 5350 1732 5423; x_wconf 87' lang='lat' dir='ltr'><strong>allegantur</strong></span> <span class='ocrx_word' id='word_1_347' title='bbox 1759 5352 1969 5425; x_wconf 88' lang='lat' dir='ltr'><strong>antiqui</strong></span> <span class='ocrx_word' id='word_1_348' title='bbox 2002 5354 2103 5418; x_wconf 84' lang='lat' dir='ltr'><strong>Hi-</strong></span> 
     </span>
    </p>
   </div>
   <div class='ocr_carea' id='block_1_51' title="bbox 502 5442 2103 5516">
    <p class='ocr_par' dir='ltr' id='par_1_51' title="bbox 502 5442 2103 5516">
     <span class='ocr_line' id='line_1_51' title="bbox 502 5442 2103 5516; baseline 0.002 -20"><span class='ocrx_word' id='word_1_349' title='bbox 502 5442 685 5497; x_wconf 89' lang='lat' dir='ltr'><strong>storici</strong></span> <span class='ocrx_word' id='word_1_350' title='bbox 738 5458 839 5499; x_wconf 92' lang='lat' dir='ltr'><strong>seu</strong></span> <span class='ocrx_word' id='word_1_351' title='bbox 881 5443 1234 5516; x_wconf 86' lang='lat' dir='ltr'><strong>Chronologi,</strong></span> <span class='ocrx_word' id='word_1_352' title='bbox 1276 5443 1419 5498; x_wconf 91' lang='lat' dir='ltr'><strong>inter</strong></span> <span class='ocrx_word' id='word_1_353' title='bbox 1465 5459 1604 5514; x_wconf 91' lang='lat' dir='ltr'><strong>quos</strong></span> <span class='ocrx_word' id='word_1_354' title='bbox 1652 5453 1736 5500; x_wconf 89' lang='lat' dir='ltr'><strong>est</strong></span> <span class='ocrx_word' id='word_1_355' title='bbox 1781 5445 2103 5501; x_wconf 90' lang='lat' dir='ltr'><strong>Lambertus</strong></span> 
     </span>
    </p>
   </div>
   <div class='ocr_carea' id='block_1_52' title="bbox 504 5533 2103 5609">
    <p class='ocr_par' dir='ltr' id='par_1_52' title="bbox 504 5533 2103 5609">
     <span class='ocr_line' id='line_1_52' title="bbox 504 5533 2103 5609; baseline 0.003 -20"><span class='ocrx_word' id='word_1_356' title='bbox 504 5533 1057 5606; x_wconf 86' lang='lat' dir='ltr'><strong>Schafnaburgensis,</strong></span> <span class='ocrx_word' id='word_1_357' title='bbox 1110 5539 1190 5591; x_wconf 91' lang='lat' dir='ltr'><strong>De</strong></span> <span class='ocrx_word' id='word_1_358' title='bbox 1239 5536 1404 5591; x_wconf 89' lang='lat' dir='ltr'><strong>rebus</strong></span> <span class='ocrx_word' id='word_1_359' title='bbox 1446 5536 1617 5609; x_wconf 87' lang='lat' dir='ltr'><strong>gestis</strong></span> <span class='ocrx_word' id='word_1_360' title='bbox 1663 5537 2103 5604; x_wconf 90' lang='lat' dir='ltr'><strong>Germanorum,</strong></span> 
     </span>
    </p>
   </div>
   <div class='ocr_carea' id='block_1_53' title="bbox 502 5630 2104 5690">
    <p class='ocr_par' dir='ltr' id='par_1_53' title="bbox 502 5630 2104 5690">
     <span class='ocr_line' id='line_1_53' title="bbox 502 5630 2104 5690; baseline 0.002 -4"><span class='ocrx_word' id='word_1_361' title='bbox 502 5631 597 5686; x_wconf 87' lang='lat' dir='ltr'><strong>sed</strong></span> <span class='ocrx_word' id='word_1_362' title='bbox 627 5633 805 5688; x_wconf 89' lang='lat' dir='ltr'><strong>solum</strong></span> <span class='ocrx_word' id='word_1_363' title='bbox 834 5630 1076 5686; x_wconf 89' lang='lat' dir='ltr'><strong>deductis</strong></span> <span class='ocrx_word' id='word_1_364' title='bbox 1117 5632 1183 5689; x_wconf 88' lang='lat' dir='ltr'><strong>ad</strong></span> <span class='ocrx_word' id='word_1_365' title='bbox 1220 5648 1426 5687; x_wconf 89' lang='lat' dir='ltr'><strong>annum</strong></span> <span class='ocrx_word' id='word_1_366' title='bbox 1466 5638 1621 5689; x_wconf 88' lang='grc'>1077.</span> <span class='ocrx_word' id='word_1_367' title='bbox 1652 5644 1707 5689; x_wconf 88' lang='lat' dir='ltr'><strong>et</strong></span> <span class='ocrx_word' id='word_1_368' title='bbox 1756 5634 2104 5690; x_wconf 86' lang='lat' dir='ltr'><strong>Pontificatus</strong></span> 
     </span>
    </p>
   </div>
   <div class='ocr_carea' id='block_1_54' title="bbox 503 5725 2101 5799">
    <p class='ocr_par' dir='ltr' id='par_1_54' title="bbox 503 5725 2101 5799">
     <span class='ocr_line' id='line_1_54' title="bbox 503 5725 2101 5799; baseline 0.004 -21"><span class='ocrx_word' id='word_1_369' title='bbox 503 5726 560 5778; x_wconf 91' lang='lat' dir='ltr'><strong>S.</strong></span> <span class='ocrx_word' id='word_1_370' title='bbox 602 5725 849 5798; x_wconf 87' lang='lat' dir='ltr'><strong>Gregorii</strong></span> <span class='ocrx_word' id='word_1_371' title='bbox 877 5733 1130 5795; x_wconf 87' lang='lat' dir='ltr'><strong>quartum</strong></span> <span class='ocrx_word' id='word_1_372' title='bbox 1156 5742 1169 5781; x_wconf 90' lang='lat'><strong>:</strong></span> <span class='ocrx_word' id='word_1_373' title='bbox 1202 5735 1321 5782; x_wconf 90' lang='lat' dir='ltr'><strong>tum</strong></span> <span class='ocrx_word' id='word_1_374' title='bbox 1349 5727 1549 5783; x_wconf 89' lang='lat' dir='ltr'><strong>Paulus</strong></span> <span class='ocrx_word' id='word_1_375' title='bbox 1577 5728 1815 5799; x_wconf 89' lang='lat' dir='ltr'><strong>Langius</strong></span> <span class='ocrx_word' id='word_1_376' title='bbox 1845 5729 1897 5783; x_wconf 90' lang='lat' dir='ltr'><strong>in</strong></span> <span class='ocrx_word' id='word_1_377' title='bbox 1926 5730 2101 5785; x_wconf 88' lang='lat' dir='ltr'><strong>Chro-</strong></span> 
     </span>
    </p>
   </div>
   <div class='ocr_carea' id='block_1_55' title="bbox 504 5816 2102 5885">
    <p class='ocr_par' dir='ltr' id='par_1_55' title="bbox 504 5816 2102 5885">
     <span class='ocr_line' id='line_1_55' title="bbox 504 5816 2102 5885; baseline 0.004 -14"><span class='ocrx_word' id='word_1_378' title='bbox 504 5816 629 5871; x_wconf 91' lang='lat' dir='ltr'><strong>nico</strong></span> <span class='ocrx_word' id='word_1_379' title='bbox 655 5816 932 5885; x_wconf 82' lang='lat' dir='ltr'><strong>Citizensi,</strong></span> <span class='ocrx_word' id='word_1_380' title='bbox 960 5833 1091 5874; x_wconf 89' lang='lat' dir='ltr'><strong>cum</strong></span> <span class='ocrx_word' id='word_1_381' title='bbox 1119 5816 1372 5876; x_wconf 89' lang='lat' dir='ltr'><strong>adductis</strong></span> <span class='ocrx_word' id='word_1_382' title='bbox 1414 5818 1741 5877; x_wconf 86' lang='lat' dir='ltr'><strong>testimoniis</strong></span> <span class='ocrx_word' id='word_1_383' title='bbox 1766 5836 1829 5875; x_wconf 88' lang='lat' dir='ltr'><strong>ex</strong></span> <span class='ocrx_word' id='word_1_384' title='bbox 1876 5821 2102 5879; x_wconf 90' lang='lat' dir='ltr'><strong>Annali-</strong></span> 
     </span>
    </p>
   </div>
   <div class='ocr_carea' id='block_1_56' title="bbox 2213 1872 3811 1943">
    <p class='ocr_par' dir='ltr' id='par_1_56' title="bbox 2213 1872 3811 1943">
     <span class='ocr_line' id='line_1_56' title="bbox 2213 1872 3811 1943; baseline -0.003 -13"><span class='ocrx_word' id='word_1_385' title='bbox 2213 1874 2492 1930; x_wconf 89' lang='lat' dir='ltr'><strong>Marianus</strong></span> <span class='ocrx_word' id='word_1_386' title='bbox 2523 1873 2686 1926; x_wconf 91' lang='lat' dir='ltr'><strong>etiam</strong></span> <span class='ocrx_word' id='word_1_387' title='bbox 2728 1876 2948 1936; x_wconf 88' lang='lat' dir='ltr'><strong>Scotus,</strong></span> <span class='ocrx_word' id='word_1_388' title='bbox 2975 1873 3201 1943; x_wconf 88' lang='lat' dir='ltr'><strong>ejusque</strong></span> <span class='ocrx_word' id='word_1_389' title='bbox 3232 1872 3584 1927; x_wconf 89' lang='lat' dir='ltr'><strong>Continuator</strong></span> <span class='ocrx_word' id='word_1_390' title='bbox 3623 1872 3811 1927; x_wconf 93' lang='lat' dir='ltr'><strong>Dode-</strong></span> 
     </span>
    </p>
   </div>
   <div class='ocr_carea' id='block_1_57' title="bbox 2210 1965 3811 2038">
    <p class='ocr_par' dir='ltr' id='par_1_57' title="bbox 2210 1965 3811 2038">
     <span class='ocr_line' id='line_1_57' title="bbox 2210 1965 3811 2038; baseline -0.001 -14"><span class='ocrx_word' id='word_1_391' title='bbox 2210 1970 2437 2031; x_wconf 79' lang='lat' dir='ltr'><strong>cliinus,</strong></span> <span class='ocrx_word' id='word_1_392' title='bbox 2479 1976 2533 2023; x_wconf 88' lang='lat' dir='ltr'><strong>et</strong></span> <span class='ocrx_word' id='word_1_393' title='bbox 2570 1966 2637 2021; x_wconf 93' lang='lat' dir='ltr'><strong>ab</strong></span> <span class='ocrx_word' id='word_1_394' title='bbox 2678 1966 2780 2022; x_wconf 91' lang='lat' dir='ltr'><strong>hoc</strong></span> <span class='ocrx_word' id='word_1_395' title='bbox 2826 1965 3125 2038; x_wconf 89' lang='lat' dir='ltr'><strong>productus</strong></span> <span class='ocrx_word' id='word_1_396' title='bbox 3163 1966 3470 2035; x_wconf 85' lang='lat' dir='ltr'><strong>Stephanus</strong></span> <span class='ocrx_word' id='word_1_397' title='bbox 3512 1966 3811 2036; x_wconf 79' lang='lat' dir='ltr'><strong>Episcopus</strong></span> 
     </span>
    </p>
   </div>
   <div class='ocr_carea' id='block_1_58' title="bbox 2212 2057 3809 2131">
    <p class='ocr_par' dir='ltr' id='par_1_58' title="bbox 2212 2057 3809 2131">
     <span class='ocr_line' id='line_1_58' title="bbox 2212 2057 3809 2131; baseline -0.001 -15"><span class='ocrx_word' id='word_1_398' title='bbox 2212 2060 2706 2127; x_wconf 84' lang='lat' dir='ltr'><strong>Halberstatensis,</strong></span> <span class='ocrx_word' id='word_1_399' title='bbox 2765 2059 2854 2131; x_wconf 93' lang='lat' dir='ltr'><strong>qui</strong></span> <span class='ocrx_word' id='word_1_400' title='bbox 2914 2075 3133 2114; x_wconf 90' lang='lat' dir='ltr'><strong>causam</strong></span> <span class='ocrx_word' id='word_1_401' title='bbox 3198 2058 3449 2129; x_wconf 86' lang='lat' dir='ltr'><strong>Gregorii</strong></span> <span class='ocrx_word' id='word_1_402' title='bbox 3514 2057 3809 2115; x_wconf 86' lang='lat' dir='ltr'><strong>fortissime</strong></span> 
     </span>
    </p>
   </div>
   <div class='ocr_carea' id='block_1_59' title="bbox 2212 2153 3808 2225">
    <p class='ocr_par' dir='ltr' id='par_1_59' title="bbox 2212 2153 3808 2225">
     <span class='ocr_line' id='line_1_59' title="bbox 2212 2153 3808 2225; baseline -0.001 -14"><span class='ocrx_word' id='word_1_403' title='bbox 2212 2166 2401 2211; x_wconf 87' lang='lat' dir='ltr'><strong>contra</strong></span> <span class='ocrx_word' id='word_1_404' title='bbox 2450 2154 2773 2209; x_wconf 87' lang='lat' dir='ltr'><strong>Heinricum</strong></span> <span class='ocrx_word' id='word_1_405' title='bbox 2819 2156 3031 2225; x_wconf 86' lang='lat' dir='ltr'><strong>Regem</strong></span> <span class='ocrx_word' id='word_1_406' title='bbox 3072 2154 3220 2224; x_wconf 89' lang='lat' dir='ltr'><strong>egit:</strong></span> <span class='ocrx_word' id='word_1_407' title='bbox 3266 2153 3464 2209; x_wconf 90' lang='lat' dir='ltr'><strong>deinde</strong></span> <span class='ocrx_word' id='word_1_408' title='bbox 3504 2155 3560 2209; x_wconf 92' lang='lat' dir='ltr'><strong>S.</strong></span> <span class='ocrx_word' id='word_1_409' title='bbox 3612 2154 3808 2209; x_wconf 88' lang='lat' dir='ltr'><strong>Ansel-</strong></span> 
     </span>
    </p>
   </div>
   <div class='ocr_carea' id='block_1_60' title="bbox 2213 2248 3811 2321">
    <p class='ocr_par' dir='ltr' id='par_1_60' title="bbox 2213 2248 3811 2321">
     <span class='ocr_line' id='line_1_60' title="bbox 2213 2248 3811 2321; baseline -0.002 -15"><span class='ocrx_word' id='word_1_410' title='bbox 2213 2268 2335 2306; x_wconf 90' lang='lat' dir='ltr'><strong>mus</strong></span> <span class='ocrx_word' id='word_1_411' title='bbox 2380 2249 2844 2321; x_wconf 85' lang='lat' dir='ltr'><strong>Archiepiscopus</strong></span> <span class='ocrx_word' id='word_1_412' title='bbox 2888 2248 3316 2316; x_wconf 89' lang='lat' dir='ltr'><strong>Cantuariensis,</strong></span> <span class='ocrx_word' id='word_1_413' title='bbox 3346 2248 3505 2320; x_wconf 89' lang='lat' dir='ltr'><strong>cujus</strong></span> <span class='ocrx_word' id='word_1_414' title='bbox 3551 2251 3682 2303; x_wconf 83' lang='lat' dir='ltr'><strong>Acta</strong></span> <span class='ocrx_word' id='word_1_415' title='bbox 3722 2249 3811 2304; x_wconf 89' lang='lat' dir='ltr'><strong>de-</strong></span> 
     </span>
    </p>
   </div>
   <div class='ocr_carea' id='block_1_61' title="bbox 2211 2342 3810 2414">
    <p class='ocr_par' dir='ltr' id='par_1_61' title="bbox 2211 2342 3810 2414">
     <span class='ocr_line' id='line_1_61' title="bbox 2211 2342 3810 2414; baseline -0.002 -14"><span class='ocrx_word' id='word_1_416' title='bbox 2211 2345 2393 2400; x_wconf 88' lang='lat' dir='ltr'><strong>dimus</strong></span> <span class='ocrx_word' id='word_1_417' title='bbox 2466 2349 2555 2397; x_wconf 91' lang='lat'><strong>21.</strong></span> <span class='ocrx_word' id='word_1_418' title='bbox 2606 2343 2808 2414; x_wconf 83' lang='lat' dir='ltr'><strong>Aprilis</strong></span> <span class='ocrx_word' id='word_1_419' title='bbox 2851 2361 2864 2396; x_wconf 89' lang='lat'><strong>:</strong></span> <span class='ocrx_word' id='word_1_420' title='bbox 2916 2342 3207 2397; x_wconf 90' lang='lat' dir='ltr'><strong>Bertoldus</strong></span> <span class='ocrx_word' id='word_1_421' title='bbox 3273 2343 3709 2398; x_wconf 88' lang='lat' dir='ltr'><strong>Constantiensis</strong></span> <span class='ocrx_word' id='word_1_422' title='bbox 3759 2352 3810 2397; x_wconf 92' lang='lat' dir='ltr'><strong>et</strong></span> 
     </span>
    </p>
   </div>
   <div class='ocr_carea' id='block_1_62' title="bbox 2215 2437 3808 2508">
    <p class='ocr_par' dir='ltr' id='par_1_62' title="bbox 2215 2437 3808 2508">
     <span class='ocr_line' id='line_1_62' title="bbox 2215 2437 3808 2508; baseline -0.004 -15"><span class='ocrx_word' id='word_1_423' title='bbox 2215 2439 2416 2493; x_wconf 90' lang='lat' dir='ltr'><strong>Paulus</strong></span> <span class='ocrx_word' id='word_1_424' title='bbox 2474 2437 2920 2503; x_wconf 85' lang='lat' dir='ltr'><strong>Bernriedensis,</strong></span> <span class='ocrx_word' id='word_1_425' title='bbox 2987 2438 3054 2492; x_wconf 92' lang='lat' dir='ltr'><strong>de</strong></span> <span class='ocrx_word' id='word_1_426' title='bbox 3100 2437 3302 2507; x_wconf 91' lang='lat' dir='ltr'><strong>quibus</strong></span> <span class='ocrx_word' id='word_1_427' title='bbox 3355 2452 3485 2491; x_wconf 89' lang='lat' dir='ltr'><strong>mox</strong></span> <span class='ocrx_word' id='word_1_428' title='bbox 3543 2437 3752 2508; x_wconf 86' lang='lat' dir='ltr'><strong>agimus</strong></span> <span class='ocrx_word' id='word_1_429' title='bbox 3795 2452 3808 2487; x_wconf 89' lang='lat'>:</span> 
     </span>
    </p>
   </div>
   <div class='ocr_carea' id='block_1_63' title="bbox 2214 2530 3814 2602">
    <p class='ocr_par' dir='ltr' id='par_1_63' title="bbox 2214 2530 3814 2602">
     <span class='ocr_line' id='line_1_63' title="bbox 2214 2530 3814 2602; baseline -0.003 -13"><span class='ocrx_word' id='word_1_430' title='bbox 2214 2534 2490 2589; x_wconf 90' lang='lat' dir='ltr'><strong>Domnizo</strong></span> <span class='ocrx_word' id='word_1_431' title='bbox 2536 2533 2843 2602; x_wconf 86' lang='lat' dir='ltr'><strong>Presbyter,</strong></span> <span class='ocrx_word' id='word_1_432' title='bbox 2877 2532 2929 2586; x_wconf 90' lang='lat' dir='ltr'><strong>in</strong></span> <span class='ocrx_word' id='word_1_433' title='bbox 2984 2532 3106 2586; x_wconf 91' lang='lat' dir='ltr'><strong>Vita</strong></span> <span class='ocrx_word' id='word_1_434' title='bbox 3163 2531 3469 2587; x_wconf 69' lang='lat' dir='ltr'><strong>Comitissa:</strong></span> <span class='ocrx_word' id='word_1_435' title='bbox 3516 2530 3814 2597; x_wconf 89' lang='lat' dir='ltr'><strong>Mathildis,</strong></span> 
     </span>
    </p>
   </div>
   <div class='ocr_carea' id='block_1_64' title="bbox 2215 2625 3815 2697">
    <p class='ocr_par' dir='ltr' id='par_1_64' title="bbox 2215 2625 3815 2697">
     <span class='ocr_line' id='line_1_64' title="bbox 2215 2625 3815 2697; baseline -0.004 -14"><span class='ocrx_word' id='word_1_436' title='bbox 2215 2628 2371 2683; x_wconf 88' lang='lat' dir='ltr'><strong>libris</strong></span> <span class='ocrx_word' id='word_1_437' title='bbox 2399 2627 2614 2682; x_wconf 92' lang='lat' dir='ltr'><strong>duobus</strong></span> <span class='ocrx_word' id='word_1_438' title='bbox 2636 2627 2875 2682; x_wconf 90' lang='lat' dir='ltr'><strong>carmine</strong></span> <span class='ocrx_word' id='word_1_439' title='bbox 2904 2625 3248 2697; x_wconf 86' lang='lat' dir='ltr'><strong>conscripta;</strong></span> <span class='ocrx_word' id='word_1_440' title='bbox 3282 2628 3395 2681; x_wconf 90' lang='lat' dir='ltr'><strong>Leo</strong></span> <span class='ocrx_word' id='word_1_441' title='bbox 3440 2625 3734 2691; x_wconf 73' lang='lat' dir='ltr'><strong>Ostiensis,</strong></span> <span class='ocrx_word' id='word_1_442' title='bbox 3762 2626 3815 2678; x_wconf 91' lang='lat' dir='ltr'><strong>in</strong></span> 
     </span>
    </p>
   </div>
   <div class='ocr_carea' id='block_1_65' title="bbox 2216 2717 3809 2785">
    <p class='ocr_par' dir='ltr' id='par_1_65' title="bbox 2216 2717 3809 2785">
     <span class='ocr_line' id='line_1_65' title="bbox 2216 2717 3809 2785; baseline -0.003 -8"><span class='ocrx_word' id='word_1_443' title='bbox 2216 2719 2494 2777; x_wconf 87' lang='lat' dir='ltr'><strong>Chronico</strong></span> <span class='ocrx_word' id='word_1_444' title='bbox 2568 2718 2872 2783; x_wconf 89' lang='lat' dir='ltr'><strong>Casinensi,</strong></span> <span class='ocrx_word' id='word_1_445' title='bbox 2934 2717 3001 2772; x_wconf 91' lang='lat' dir='ltr'><strong>ad</strong></span> <span class='ocrx_word' id='word_1_446' title='bbox 3069 2734 3277 2773; x_wconf 86' lang='lat' dir='ltr'><strong>annum</strong></span> <span class='ocrx_word' id='word_1_447' title='bbox 3326 2723 3479 2773; x_wconf 87' lang='lat'><strong>1086.</strong></span> <span class='ocrx_word' id='word_1_448' title='bbox 3546 2717 3809 2785; x_wconf 87' lang='lat' dir='ltr'><strong>deducto;</strong></span> 
     </span>
    </p>
   </div>
   <div class='ocr_carea' id='block_1_66' title="bbox 2214 2810 3815 2879">
    <p class='ocr_par' dir='ltr' id='par_1_66' title="bbox 2214 2810 3815 2879">
     <span class='ocr_line' id='line_1_66' title="bbox 2214 2810 3815 2879; baseline 0 -12"><span class='ocrx_word' id='word_1_449' title='bbox 2214 2816 2401 2867; x_wconf 90' lang='lat' dir='ltr'><strong>Bruno</strong></span> <span class='ocrx_word' id='word_1_450' title='bbox 2455 2813 2508 2867; x_wconf 91' lang='lat' dir='ltr'><strong>in</strong></span> <span class='ocrx_word' id='word_1_451' title='bbox 2556 2812 2799 2867; x_wconf 86' lang='lat' dir='ltr'><strong>Historia</strong></span> <span class='ocrx_word' id='word_1_452' title='bbox 2846 2811 2972 2867; x_wconf 91' lang='lat' dir='ltr'><strong>belli</strong></span> <span class='ocrx_word' id='word_1_453' title='bbox 3018 2812 3302 2879; x_wconf 86' lang='lat' dir='ltr'><strong>Saxonici;</strong></span> <span class='ocrx_word' id='word_1_454' title='bbox 3351 2815 3405 2867; x_wconf 90' lang='lat' dir='ltr'><strong>S.</strong></span> <span class='ocrx_word' id='word_1_455' title='bbox 3459 2810 3815 2868; x_wconf 88' lang='lat' dir='ltr'><strong>Gebehardus</strong></span> 
     </span>
    </p>
   </div>
   <div class='ocr_carea' id='block_1_67' title="bbox 2218 2906 3816 2978">
    <p class='ocr_par' dir='ltr' id='par_1_67' title="bbox 2218 2906 3816 2978">
     <span class='ocr_line' id='line_1_67' title="bbox 2218 2906 3816 2978; baseline -0.001 -15"><span class='ocrx_word' id='word_1_456' title='bbox 2218 2907 2681 2978; x_wconf 78' lang='lat' dir='ltr'><strong>Archiepiscopus</strong></span> <span class='ocrx_word' id='word_1_457' title='bbox 2728 2906 3179 2977; x_wconf 87' lang='lat' dir='ltr'><strong>Salisburgensis,</strong></span> <span class='ocrx_word' id='word_1_458' title='bbox 3240 2916 3293 2961; x_wconf 88' lang='lat' dir='ltr'><strong>et</strong></span> <span class='ocrx_word' id='word_1_459' title='bbox 3342 2909 3397 2963; x_wconf 92' lang='lat' dir='ltr'><strong>S.</strong></span> <span class='ocrx_word' id='word_1_460' title='bbox 3456 2906 3816 2963; x_wconf 89' lang='lat' dir='ltr'><strong>Gebehardus</strong></span> 
     </span>
    </p>
   </div>
   <div class='ocr_carea' id='block_1_68' title="bbox 2220 3000 3817 3072">
    <p class='ocr_par' dir='ltr' id='par_1_68' title="bbox 2220 3000 3817 3072">
     <span class='ocr_line' id='line_1_68' title="bbox 2220 3000 3817 3072; baseline 0.001 -17"><span class='ocrx_word' id='word_1_461' title='bbox 2220 3001 2520 3072; x_wconf 89' lang='lat' dir='ltr'><strong>Episcopus</strong></span> <span class='ocrx_word' id='word_1_462' title='bbox 2564 3000 3014 3067; x_wconf 86' lang='lat' dir='ltr'><strong>Constantiensis,</strong></span> <span class='ocrx_word' id='word_1_463' title='bbox 3046 3006 3100 3054; x_wconf 82' lang='lat' dir='ltr'><strong>et</strong></span> <span class='ocrx_word' id='word_1_464' title='bbox 3130 3000 3223 3070; x_wconf 91' lang='lat' dir='ltr'><strong>qui</strong></span> <span class='ocrx_word' id='word_1_465' title='bbox 3254 3016 3447 3055; x_wconf 88' lang='lat' dir='ltr'><strong>eorum</strong></span> <span class='ocrx_word' id='word_1_466' title='bbox 3488 3001 3641 3056; x_wconf 89' lang='lat' dir='ltr'><strong>Vitas</strong></span> <span class='ocrx_word' id='word_1_467' title='bbox 3686 3001 3817 3057; x_wconf 88' lang='lat' dir='ltr'><strong>scri-</strong></span> 
     </span>
    </p>
   </div>
   <div class='ocr_carea' id='block_1_69' title="bbox 2218 3094 3809 3167">
    <p class='ocr_par' dir='ltr' id='par_1_69' title="bbox 2218 3094 3809 3167">
     <span class='ocr_line' id='line_1_69' title="bbox 2218 3094 3809 3167; baseline 0.001 -17"><span class='ocrx_word' id='word_1_468' title='bbox 2218 3106 2461 3167; x_wconf 90' lang='lat' dir='ltr'><strong>pserunt,</strong></span> <span class='ocrx_word' id='word_1_469' title='bbox 2483 3110 2621 3167; x_wconf 89' lang='lat' dir='ltr'><strong>quas</strong></span> <span class='ocrx_word' id='word_1_470' title='bbox 2648 3110 2750 3150; x_wconf 92' lang='lat' dir='ltr'><strong>suo</strong></span> <span class='ocrx_word' id='word_1_471' title='bbox 2780 3103 3027 3166; x_wconf 91' lang='lat' dir='ltr'><strong>tempore</strong></span> <span class='ocrx_word' id='word_1_472' title='bbox 3054 3094 3309 3149; x_wconf 81' lang='lat' dir='ltr'><strong>dabimus</strong></span> <span class='ocrx_word' id='word_1_473' title='bbox 3344 3099 3428 3149; x_wconf 89' lang='lat'><strong>16.</strong></span> <span class='ocrx_word' id='word_1_474' title='bbox 3457 3095 3607 3149; x_wconf 90' lang='lat' dir='ltr'><strong>Junii</strong></span> <span class='ocrx_word' id='word_1_475' title='bbox 3637 3104 3692 3150; x_wconf 93' lang='lat' dir='ltr'><strong>et</strong></span> <span class='ocrx_word' id='word_1_476' title='bbox 3723 3100 3809 3151; x_wconf 91' lang='lat'><strong>27.</strong></span> 
     </span>
    </p>
   </div>
   <div class='ocr_carea' id='block_1_70' title="bbox 2150 3169 3816 3260">
    <p class='ocr_par' dir='ltr' id='par_1_70' title="bbox 2150 3169 3816 3260">
     <span class='ocr_line' id='line_1_70' title="bbox 2150 3169 3816 3260; baseline 0.001 -17"><span class='ocrx_word' id='word_1_477' title='bbox 2150 3169 2194 3229; x_wconf 63' lang='grc' dir='ltr'><strong>(ἶ</strong></span> <span class='ocrx_word' id='word_1_478' title='bbox 2224 3189 2485 3259; x_wconf 80' lang='lat' dir='ltr'><strong>Augusti;</strong></span> <span class='ocrx_word' id='word_1_479' title='bbox 2532 3188 2809 3260; x_wconf 90' lang='lat' dir='ltr'><strong>denique,</strong></span> <span class='ocrx_word' id='word_1_480' title='bbox 2862 3189 2976 3243; x_wconf 88' lang='lat' dir='ltr'><strong>aliis</strong></span> <span class='ocrx_word' id='word_1_481' title='bbox 3032 3186 3277 3254; x_wconf 86' lang='lat' dir='ltr'><strong>omissis,</strong></span> <span class='ocrx_word' id='word_1_482' title='bbox 3338 3186 3639 3243; x_wconf 90' lang='lat' dir='ltr'><strong>Bernaldus</strong></span> <span class='ocrx_word' id='word_1_483' title='bbox 3686 3191 3816 3244; x_wconf 88' lang='lat' dir='ltr'><strong>Pre-</strong></span> 
     </span>
    </p>
   </div>
   <div class='ocr_carea' id='block_1_71' title="bbox 2218 3281 3815 3356">
    <p class='ocr_par' dir='ltr' id='par_1_71' title="bbox 2218 3281 3815 3356">
     <span class='ocr_line' id='line_1_71' title="bbox 2218 3281 3815 3356; baseline -0.001 -17"><span class='ocrx_word' id='word_1_484' title='bbox 2218 3284 2404 3356; x_wconf 87' lang='lat' dir='ltr'><strong>sbyter</strong></span> <span class='ocrx_word' id='word_1_485' title='bbox 2444 3284 2901 3350; x_wconf 81' lang='lat' dir='ltr'><strong>Constantiensis,</strong></span> <span class='ocrx_word' id='word_1_486' title='bbox 2947 3283 3099 3353; x_wconf 90' lang='lat' dir='ltr'><strong>cujus</strong></span> <span class='ocrx_word' id='word_1_487' title='bbox 3146 3281 3403 3353; x_wconf 88' lang='lat' dir='ltr'><strong>opuscula</strong></span> <span class='ocrx_word' id='word_1_488' title='bbox 3447 3298 3523 3338; x_wconf 84' lang='lat' dir='ltr'><strong>ex</strong></span> <span class='ocrx_word' id='word_1_489' title='bbox 3568 3284 3674 3338; x_wconf 90' lang='lat' dir='ltr'><strong>Ms.</strong></span> <span class='ocrx_word' id='word_1_490' title='bbox 3706 3285 3815 3338; x_wconf 79' lang='lat' dir='ltr'><strong>Ra-</strong></span> 
     </span>
    </p>
   </div>
   <div class='ocr_carea' id='block_1_72' title="bbox 2219 3374 3814 3448">
    <p class='ocr_par' dir='ltr' id='par_1_72' title="bbox 2219 3374 3814 3448">
     <span class='ocr_line' id='line_1_72' title="bbox 2219 3374 3814 3448; baseline 0.001 -17"><span class='ocrx_word' id='word_1_491' title='bbox 2219 3377 2519 3433; x_wconf 91' lang='lat' dir='ltr'><strong>tisbonensi</strong></span> <span class='ocrx_word' id='word_1_492' title='bbox 2545 3377 2687 3432; x_wconf 91' lang='lat' dir='ltr'><strong>edita</strong></span> <span class='ocrx_word' id='word_1_493' title='bbox 2713 3386 2842 3433; x_wconf 92' lang='lat' dir='ltr'><strong>sunt</strong></span> <span class='ocrx_word' id='word_1_494' title='bbox 2874 3392 2904 3431; x_wconf 91' lang='lat' dir='ltr'><strong>a</strong></span> <span class='ocrx_word' id='word_1_495' title='bbox 2933 3376 3076 3432; x_wconf 92' lang='lat' dir='ltr'><strong>dicto</strong></span> <span class='ocrx_word' id='word_1_496' title='bbox 3105 3377 3387 3442; x_wconf 85' lang='lat' dir='ltr'><strong>Gretsero,</strong></span> <span class='ocrx_word' id='word_1_497' title='bbox 3431 3384 3485 3431; x_wconf 89' lang='lat' dir='ltr'><strong>et</strong></span> <span class='ocrx_word' id='word_1_498' title='bbox 3526 3374 3641 3433; x_wconf 88' lang='lat' dir='ltr'><strong>fere</strong></span> <span class='ocrx_word' id='word_1_499' title='bbox 3688 3392 3814 3448; x_wconf 90' lang='lat' dir='ltr'><strong>spe-</strong></span> 
     </span>
    </p>
   </div>
   <div class='ocr_carea' id='block_1_73' title="bbox 2218 3470 3812 3543">
    <p class='ocr_par' dir='ltr' id='par_1_73' title="bbox 2218 3470 3812 3543">
     <span class='ocr_line' id='line_1_73' title="bbox 2218 3470 3812 3543; baseline -0.001 -16"><span class='ocrx_word' id='word_1_500' title='bbox 2218 3480 2369 3527; x_wconf 89' lang='lat' dir='ltr'><strong>ctant</strong></span> <span class='ocrx_word' id='word_1_501' title='bbox 2388 3472 2456 3525; x_wconf 89' lang='lat' dir='ltr'><strong>ad</strong></span> <span class='ocrx_word' id='word_1_502' title='bbox 2481 3470 2853 3526; x_wconf 89' lang='lat' dir='ltr'><strong>defensionem</strong></span> <span class='ocrx_word' id='word_1_503' title='bbox 2874 3486 3060 3526; x_wconf 91' lang='lat' dir='ltr'><strong>rerum</strong></span> <span class='ocrx_word' id='word_1_504' title='bbox 3088 3486 3115 3524; x_wconf 92' lang='lat' dir='ltr'><strong>a</strong></span> <span class='ocrx_word' id='word_1_505' title='bbox 3132 3471 3187 3526; x_wconf 94' lang='lat' dir='ltr'><strong>S.</strong></span> <span class='ocrx_word' id='word_1_506' title='bbox 3212 3470 3480 3537; x_wconf 75' lang='lat' dir='ltr'><strong>Gregorio</strong></span> <span class='ocrx_word' id='word_1_507' title='bbox 3501 3479 3776 3543; x_wconf 82' lang='lat' dir='ltr'><strong>gestarum</strong></span> <span class='ocrx_word' id='word_1_508' title='bbox 3797 3488 3812 3537; x_wconf 88' lang='lat'><strong>;</strong></span> 
     </span>
    </p>
   </div>
   <div class='ocr_carea' id='block_1_74' title="bbox 2220 3564 3812 3637">
    <p class='ocr_par' dir='ltr' id='par_1_74' title="bbox 2220 3564 3812 3637">
     <span class='ocr_line' id='line_1_74' title="bbox 2220 3564 3812 3637; baseline 0 -18"><span class='ocrx_word' id='word_1_509' title='bbox 2220 3574 2273 3619; x_wconf 91' lang='lat' dir='ltr'><strong>et</strong></span> <span class='ocrx_word' id='word_1_510' title='bbox 2301 3565 2535 3620; x_wconf 85' lang='lat' dir='ltr'><strong>maxime</strong></span> <span class='ocrx_word' id='word_1_511' title='bbox 2562 3565 2951 3637; x_wconf 88' lang='lat' dir='ltr'><strong>Apologeticus</strong></span> <span class='ocrx_word' id='word_1_512' title='bbox 2980 3573 3036 3619; x_wconf 92' lang='lat' dir='ltr'><strong>et</strong></span> <span class='ocrx_word' id='word_1_513' title='bbox 3063 3564 3315 3635; x_wconf 74' lang='lat' dir='ltr'><strong>Epistola:</strong></span> <span class='ocrx_word' id='word_1_514' title='bbox 3344 3565 3460 3636; x_wconf 88' lang='lat' dir='ltr'><strong>ejus</strong></span> <span class='ocrx_word' id='word_1_515' title='bbox 3487 3580 3583 3634; x_wconf 92' lang='lat' dir='ltr'><strong>pro</strong></span> <span class='ocrx_word' id='word_1_516' title='bbox 3616 3568 3812 3619; x_wconf 85' lang='lat' dir='ltr'><strong>Decre-</strong></span> 
     </span>
    </p>
   </div>
   <div class='ocr_carea' id='block_1_75' title="bbox 2218 3658 3809 3731">
    <p class='ocr_par' dir='ltr' id='par_1_75' title="bbox 2218 3658 3809 3731">
     <span class='ocr_line' id='line_1_75' title="bbox 2218 3658 3809 3731; baseline 0 -18"><span class='ocrx_word' id='word_1_517' title='bbox 2218 3658 2285 3713; x_wconf 89' lang='lat' dir='ltr'><strong>tis</strong></span> <span class='ocrx_word' id='word_1_518' title='bbox 2315 3663 2369 3715; x_wconf 93' lang='lat' dir='ltr'><strong>S.</strong></span> <span class='ocrx_word' id='word_1_519' title='bbox 2421 3660 2690 3731; x_wconf 92' lang='lat' dir='ltr'><strong>Gregorii,</strong></span> <span class='ocrx_word' id='word_1_520' title='bbox 2735 3675 2873 3731; x_wconf 88' lang='lat' dir='ltr'><strong>quas</strong></span> <span class='ocrx_word' id='word_1_521' title='bbox 2900 3659 3061 3713; x_wconf 73' lang='lat' dir='ltr'><strong>etiam</strong></span> <span class='ocrx_word' id='word_1_522' title='bbox 3105 3659 3316 3714; x_wconf 87' lang='lat' dir='ltr'><strong>erudite</strong></span> <span class='ocrx_word' id='word_1_523' title='bbox 3360 3660 3611 3729; x_wconf 88' lang='lat' dir='ltr'><strong>exposuit</strong></span> <span class='ocrx_word' id='word_1_524' title='bbox 3655 3658 3809 3714; x_wconf 89' lang='lat' dir='ltr'><strong>Chri-</strong></span> 
     </span>
    </p>
   </div>
   <div class='ocr_carea' id='block_1_76' title="bbox 2218 3752 3813 3827">
    <p class='ocr_par' dir='ltr' id='par_1_76' title="bbox 2218 3752 3813 3827">
     <span class='ocr_line' id='line_1_76' title="bbox 2218 3752 3813 3827; baseline 0.001 -19"><span class='ocrx_word' id='word_1_525' title='bbox 2218 3752 2425 3809; x_wconf 91' lang='lat' dir='ltr'><strong>stianus</strong></span> <span class='ocrx_word' id='word_1_526' title='bbox 2453 3756 2641 3823; x_wconf 88' lang='lat' dir='ltr'><strong>Lupus</strong></span> <span class='ocrx_word' id='word_1_527' title='bbox 2669 3753 2807 3809; x_wconf 89' lang='lat' dir='ltr'><strong>inter</strong></span> <span class='ocrx_word' id='word_1_528' title='bbox 2850 3754 3200 3827; x_wconf 85' lang='lat' dir='ltr'><strong>Synodorum</strong></span> <span class='ocrx_word' id='word_1_529' title='bbox 3225 3754 3559 3827; x_wconf 90' lang='lat' dir='ltr'><strong>generalium</strong></span> <span class='ocrx_word' id='word_1_530' title='bbox 3595 3769 3659 3809; x_wconf 91' lang='lat' dir='ltr'><strong>ac</strong></span> <span class='ocrx_word' id='word_1_531' title='bbox 3691 3768 3813 3823; x_wconf 86' lang='lat' dir='ltr'><strong>pro-</strong></span> 
     </span>
    </p>
   </div>
   <div class='ocr_carea' id='block_1_77' title="bbox 2216 3847 3809 3918">
    <p class='ocr_par' dir='ltr' id='par_1_77' title="bbox 2216 3847 3809 3918">
     <span class='ocr_line' id='line_1_77' title="bbox 2216 3847 3809 3918; baseline 0.001 -18"><span class='ocrx_word' id='word_1_532' title='bbox 2216 3847 2531 3904; x_wconf 87' lang='lat' dir='ltr'><strong>vincialium</strong></span> <span class='ocrx_word' id='word_1_533' title='bbox 2567 3851 2798 3904; x_wconf 87' lang='lat' dir='ltr'><strong>Decreta</strong></span> <span class='ocrx_word' id='word_1_534' title='bbox 2846 3858 2901 3903; x_wconf 89' lang='lat' dir='ltr'><strong>et</strong></span> <span class='ocrx_word' id='word_1_535' title='bbox 2937 3850 3209 3913; x_wconf 90' lang='lat' dir='ltr'><strong>Canones,</strong></span> <span class='ocrx_word' id='word_1_536' title='bbox 3259 3848 3474 3918; x_wconf 87' lang='lat' dir='ltr'><strong>integro</strong></span> <span class='ocrx_word' id='word_1_537' title='bbox 3530 3848 3666 3902; x_wconf 92' lang='lat' dir='ltr'><strong>libro</strong></span> <span class='ocrx_word' id='word_1_538' title='bbox 3714 3863 3809 3902; x_wconf 90' lang='lat' dir='ltr'><strong>seu</strong></span> 
     </span>
    </p>
   </div>
   <div class='ocr_carea' id='block_1_78' title="bbox 2219 3940 3814 4014">
    <p class='ocr_par' dir='ltr' id='par_1_78' title="bbox 2219 3940 3814 4014">
     <span class='ocr_line' id='line_1_78' title="bbox 2219 3940 3814 4014; baseline -0.001 -19"><span class='ocrx_word' id='word_1_539' title='bbox 2219 3950 2368 4012; x_wconf 89' lang='lat' dir='ltr'><strong>parte</strong></span> <span class='ocrx_word' id='word_1_540' title='bbox 2414 3942 2624 4013; x_wconf 90' lang='lat' dir='ltr'><strong>quinta.</strong></span> <span class='ocrx_word' id='word_1_541' title='bbox 2671 3942 2963 4014; x_wconf 87' lang='lat' dir='ltr'><strong>Subjunxit</strong></span> <span class='ocrx_word' id='word_1_542' title='bbox 3002 3941 3107 3997; x_wconf 91' lang='lat' dir='ltr'><strong>illis</strong></span> <span class='ocrx_word' id='word_1_543' title='bbox 3156 3941 3409 3997; x_wconf 91' lang='lat' dir='ltr'><strong>omnibus</strong></span> <span class='ocrx_word' id='word_1_544' title='bbox 3452 3940 3814 4013; x_wconf 63' lang='lat' dir='ltr'><strong>prmlaudatus</strong></span> 
     </span>
    </p>
   </div>
   <div class='ocr_carea' id='block_1_79' title="bbox 2217 4036 3815 4107">
    <p class='ocr_par' dir='ltr' id='par_1_79' title="bbox 2217 4036 3815 4107">
     <span class='ocr_line' id='line_1_79' title="bbox 2217 4036 3815 4107; baseline -0.001 -16"><span class='ocrx_word' id='word_1_545' title='bbox 2217 4036 2511 4091; x_wconf 84' lang='lat' dir='ltr'><strong>Gretserus</strong></span> <span class='ocrx_word' id='word_1_546' title='bbox 2555 4036 2805 4107; x_wconf 89' lang='lat' dir='ltr'><strong>Gregorii</strong></span> <span class='ocrx_word' id='word_1_547' title='bbox 2846 4037 2965 4091; x_wconf 87' lang='lat' dir='ltr'><strong>Vll.</strong></span> <span class='ocrx_word' id='word_1_548' title='bbox 3006 4036 3211 4103; x_wconf 80' lang='lat' dir='ltr'><strong>Vitam,</strong></span> <span class='ocrx_word' id='word_1_549' title='bbox 3258 4036 3581 4090; x_wconf 88' lang='lat' dir='ltr'><strong>electionem</strong></span> <span class='ocrx_word' id='word_1_550' title='bbox 3628 4043 3683 4090; x_wconf 91' lang='lat' dir='ltr'><strong>et</strong></span> <span class='ocrx_word' id='word_1_551' title='bbox 3727 4050 3815 4090; x_wconf 93' lang='lat' dir='ltr'><strong>res</strong></span> 
     </span>
    </p>
   </div>
   <div class='ocr_carea' id='block_1_80' title="bbox 2217 4128 3812 4201">
    <p class='ocr_par' dir='ltr' id='par_1_80' title="bbox 2217 4128 3812 4201">
     <span class='ocr_line' id='line_1_80' title="bbox 2217 4128 3812 4201; baseline 0.001 -18"><span class='ocrx_word' id='word_1_552' title='bbox 2217 4138 2415 4201; x_wconf 81' lang='lat' dir='ltr'><strong>gestas,</strong></span> <span class='ocrx_word' id='word_1_553' title='bbox 2441 4146 2507 4184; x_wconf 88' lang='lat' dir='ltr'><strong>ex</strong></span> <span class='ocrx_word' id='word_1_554' title='bbox 2545 4130 2680 4185; x_wconf 90' lang='lat' dir='ltr'><strong>libro</strong></span> <span class='ocrx_word' id='word_1_555' title='bbox 2718 4138 2911 4201; x_wconf 90' lang='lat' dir='ltr'><strong>quarto</strong></span> <span class='ocrx_word' id='word_1_556' title='bbox 2955 4130 3223 4200; x_wconf 89' lang='lat' dir='ltr'><strong>Onuphrii</strong></span> <span class='ocrx_word' id='word_1_557' title='bbox 3272 4128 3515 4184; x_wconf 88' lang='lat' dir='ltr'><strong>Panvinii</strong></span> <span class='ocrx_word' id='word_1_558' title='bbox 3556 4133 3638 4183; x_wconf 91' lang='lat' dir='ltr'><strong>De</strong></span> <span class='ocrx_word' id='word_1_559' title='bbox 3671 4131 3812 4185; x_wconf 91' lang='lat' dir='ltr'><strong>varia</strong></span> 
     </span>
    </p>
   </div>
   <div class='ocr_carea' id='block_1_81' title="bbox 2217 4220 3815 4289">
    <p class='ocr_par' dir='ltr' id='par_1_81' title="bbox 2217 4220 3815 4289">
     <span class='ocr_line' id='line_1_81' title="bbox 2217 4220 3815 4289; baseline -0.003 -11"><span class='ocrx_word' id='word_1_560' title='bbox 2217 4224 2490 4279; x_wconf 88' lang='lat' dir='ltr'><strong>creatione</strong></span> <span class='ocrx_word' id='word_1_561' title='bbox 2520 4224 2732 4279; x_wconf 92' lang='lat' dir='ltr'><strong>Summi</strong></span> <span class='ocrx_word' id='word_1_562' title='bbox 2764 4224 3063 4289; x_wconf 80' lang='lat' dir='ltr'><strong>Pontificis,</strong></span> <span class='ocrx_word' id='word_1_563' title='bbox 3098 4231 3152 4277; x_wconf 90' lang='lat' dir='ltr'><strong>et</strong></span> <span class='ocrx_word' id='word_1_564' title='bbox 3180 4238 3243 4277; x_wconf 88' lang='lat' dir='ltr'><strong>ex</strong></span> <span class='ocrx_word' id='word_1_565' title='bbox 3273 4220 3611 4275; x_wconf 87' lang='lat' dir='ltr'><strong>Bibliotheca</strong></span> <span class='ocrx_word' id='word_1_566' title='bbox 3640 4223 3815 4276; x_wconf 86' lang='lat' dir='ltr'><strong>Bava-</strong></span> 
     </span>
    </p>
   </div>
   <div class='ocr_carea' id='block_1_82' title="bbox 2216 4313 3812 4386">
    <p class='ocr_par' dir='ltr' id='par_1_82' title="bbox 2216 4313 3812 4386">
     <span class='ocr_line' id='line_1_82' title="bbox 2216 4313 3812 4386; baseline -0.001 -15"><span class='ocrx_word' id='word_1_567' title='bbox 2216 4318 2345 4372; x_wconf 89' lang='lat' dir='ltr'><strong>rica.</strong></span> <span class='ocrx_word' id='word_1_568' title='bbox 2391 4319 2546 4371; x_wconf 59' lang='lat' dir='ltr'><strong>[stac</strong></span> <span class='ocrx_word' id='word_1_569' title='bbox 2582 4316 2770 4370; x_wconf 89' lang='lat' dir='ltr'><strong>omnia</strong></span> <span class='ocrx_word' id='word_1_570' title='bbox 2813 4316 2953 4385; x_wconf 92' lang='lat' dir='ltr'><strong>apud</strong></span> <span class='ocrx_word' id='word_1_571' title='bbox 2990 4314 3141 4369; x_wconf 93' lang='lat' dir='ltr'><strong>illum</strong></span> <span class='ocrx_word' id='word_1_572' title='bbox 3182 4313 3347 4368; x_wconf 89' lang='lat' dir='ltr'><strong>videri</strong></span> <span class='ocrx_word' id='word_1_573' title='bbox 3387 4322 3638 4386; x_wconf 90' lang='lat' dir='ltr'><strong>possunt,</strong></span> <span class='ocrx_word' id='word_1_574' title='bbox 3670 4314 3812 4369; x_wconf 90' lang='lat' dir='ltr'><strong>edita</strong></span> 
     </span>
    </p>
   </div>
   <div class='ocr_carea' id='block_1_83' title="bbox 2218 4406 3819 4482">
    <p class='ocr_par' dir='ltr' id='par_1_83' title="bbox 2218 4406 3819 4482">
     <span class='ocr_line' id='line_1_83' title="bbox 2218 4406 3819 4482; baseline -0.001 -17"><span class='ocrx_word' id='word_1_575' title='bbox 2218 4408 2533 4482; x_wconf 89' lang='lat' dir='ltr'><strong>Ingolstadii</strong></span> <span class='ocrx_word' id='word_1_576' title='bbox 2562 4425 2706 4464; x_wconf 91' lang='lat' dir='ltr'><strong>anno</strong></span> <span class='ocrx_word' id='word_1_577' title='bbox 2748 4415 2909 4466; x_wconf 89' lang='lat'><strong>1609.</strong></span> <span class='ocrx_word' id='word_1_578' title='bbox 2944 4408 3034 4464; x_wconf 93' lang='lat' dir='ltr'><strong>ubi</strong></span> <span class='ocrx_word' id='word_1_579' title='bbox 3058 4408 3101 4464; x_wconf 93' lang='lat' dir='ltr'><strong>is</strong></span> <span class='ocrx_word' id='word_1_580' title='bbox 3124 4424 3270 4463; x_wconf 91' lang='lat' dir='ltr'><strong>anno</strong></span> <span class='ocrx_word' id='word_1_581' title='bbox 3298 4406 3547 4480; x_wconf 88' lang='lat' dir='ltr'><strong>sequenti</strong></span> <span class='ocrx_word' id='word_1_582' title='bbox 3579 4409 3819 4479; x_wconf 89' lang='lat' dir='ltr'><strong>vulgavit</strong></span> 
     </span>
    </p>
   </div>
   <div class='ocr_carea' id='block_1_84' title="bbox 2218 4490 3817 4575">
    <p class='ocr_par' dir='ltr' id='par_1_84' title="bbox 2218 4490 3817 4575">
     <span class='ocr_line' id='line_1_84' title="bbox 2218 4490 3817 4575; baseline -0.001 -16"><span class='ocrx_word' id='word_1_583' title='bbox 2218 4490 2539 4575; x_wconf 80' lang='lat' dir='ltr'><strong>Apologiam</strong></span> <span class='ocrx_word' id='word_1_584' title='bbox 2581 4519 2677 4575; x_wconf 88' lang='lat' dir='ltr'><strong>pro</strong></span> <span class='ocrx_word' id='word_1_585' title='bbox 2725 4504 3007 4561; x_wconf 87' lang='lat' dir='ltr'><strong>Cardinale</strong></span> <span class='ocrx_word' id='word_1_586' title='bbox 3058 4502 3311 4569; x_wconf 90' lang='lat' dir='ltr'><strong>Baronio,</strong></span> <span class='ocrx_word' id='word_1_587' title='bbox 3358 4503 3411 4556; x_wconf 92' lang='lat' dir='ltr'><strong>in</strong></span> <span class='ocrx_word' id='word_1_588' title='bbox 3454 4517 3560 4573; x_wconf 89' lang='lat' dir='ltr'><strong>qua</strong></span> <span class='ocrx_word' id='word_1_589' title='bbox 3608 4501 3817 4573; x_wconf 91' lang='lat' dir='ltr'><strong>aliquot</strong></span> 
     </span>
    </p>
   </div>
   <div class='ocr_carea' id='block_1_85' title="bbox 2217 4595 3814 4669">
    <p class='ocr_par' dir='ltr' id='par_1_85' title="bbox 2217 4595 3814 4669">
     <span class='ocr_line' id='line_1_85' title="bbox 2217 4595 3814 4669; baseline -0.002 -17"><span class='ocrx_word' id='word_1_590' title='bbox 2217 4598 2395 4669; x_wconf 89' lang='lat' dir='ltr'><strong>capita</strong></span> <span class='ocrx_word' id='word_1_591' title='bbox 2425 4605 2667 4668; x_wconf 89' lang='lat' dir='ltr'><strong>spectant</strong></span> <span class='ocrx_word' id='word_1_592' title='bbox 2706 4596 3138 4654; x_wconf 85' lang='lat' dir='ltr'><strong>controversiam</strong></span> <span class='ocrx_word' id='word_1_593' title='bbox 3185 4598 3237 4651; x_wconf 90' lang='lat' dir='ltr'><strong>in</strong></span> <span class='ocrx_word' id='word_1_594' title='bbox 3261 4611 3418 4651; x_wconf 89' lang='lat' dir='ltr'><strong>causa</strong></span> <span class='ocrx_word' id='word_1_595' title='bbox 3461 4597 3519 4651; x_wconf 92' lang='grc'><strong>8.</strong></span> <span class='ocrx_word' id='word_1_596' title='bbox 3562 4595 3814 4668; x_wconf 92' lang='lat' dir='ltr'><strong>Gregorii</strong></span> 
     </span>
    </p>
   </div>
   <div class='ocr_carea' id='block_1_86' title="bbox 2218 4688 3815 4761">
    <p class='ocr_par' dir='ltr' id='par_1_86' title="bbox 2218 4688 3815 4761">
     <span class='ocr_line' id='line_1_86' title="bbox 2218 4688 3815 4761; baseline -0.002 -15"><span class='ocrx_word' id='word_1_597' title='bbox 2218 4700 2458 4758; x_wconf 85' lang='lat' dir='ltr'><strong>motam;</strong></span> <span class='ocrx_word' id='word_1_598' title='bbox 2493 4692 2571 4747; x_wconf 90' lang='lat' dir='ltr'><strong>uti</strong></span> <span class='ocrx_word' id='word_1_599' title='bbox 2616 4691 2865 4747; x_wconf 90' lang='lat' dir='ltr'><strong>curiosus</strong></span> <span class='ocrx_word' id='word_1_600' title='bbox 2894 4691 3064 4747; x_wconf 91' lang='lat' dir='ltr'><strong>lector</strong></span> <span class='ocrx_word' id='word_1_601' title='bbox 3093 4690 3293 4746; x_wconf 90' lang='lat' dir='ltr'><strong>ibidem</strong></span> <span class='ocrx_word' id='word_1_602' title='bbox 3322 4688 3573 4761; x_wconf 89' lang='lat' dir='ltr'><strong>reperiet.</strong></span> <span class='ocrx_word' id='word_1_603' title='bbox 3607 4689 3815 4760; x_wconf 90' lang='lat' dir='ltr'><strong>Dignus</strong></span> 
     </span>
    </p>
   </div>
   <div class='ocr_carea' id='block_1_87' title="bbox 2218 4783 3819 4858">
    <p class='ocr_par' dir='ltr' id='par_1_87' title="bbox 2218 4783 3819 4858">
     <span class='ocr_line' id='line_1_87' title="bbox 2218 4783 3819 4858; baseline 0.001 -18"><span class='ocrx_word' id='word_1_604' title='bbox 2218 4786 2379 4840; x_wconf 91' lang='lat' dir='ltr'><strong>etiam</strong></span> <span class='ocrx_word' id='word_1_605' title='bbox 2410 4795 2495 4841; x_wconf 89' lang='lat' dir='ltr'><strong>est</strong></span> <span class='ocrx_word' id='word_1_606' title='bbox 2524 4788 2616 4858; x_wconf 89' lang='lat' dir='ltr'><strong>qui</strong></span> <span class='ocrx_word' id='word_1_607' title='bbox 2648 4787 2859 4858; x_wconf 90' lang='lat' dir='ltr'><strong>legatur</strong></span> <span class='ocrx_word' id='word_1_608' title='bbox 2890 4786 3209 4841; x_wconf 82' lang='lat' dir='ltr'><strong>Franciscus</strong></span> <span class='ocrx_word' id='word_1_609' title='bbox 3241 4784 3566 4856; x_wconf 82' lang='lat' dir='ltr'><strong>d‘Enghicn,</strong></span> <span class='ocrx_word' id='word_1_610' title='bbox 3598 4783 3819 4841; x_wconf 85' lang='lat' dir='ltr'><strong>Ordinis</strong></span> 
     </span>
    </p>
   </div>
   <div class='ocr_carea' id='block_1_88' title="bbox 2217 4879 3814 4954">
    <p class='ocr_par' dir='ltr' id='par_1_88' title="bbox 2217 4879 3814 4954">
     <span class='ocr_line' id='line_1_88' title="bbox 2217 4879 3814 4954; baseline -0.001 -19"><span class='ocrx_word' id='word_1_611' title='bbox 2217 4879 2650 4937; x_wconf 79' lang='lat' dir='ltr'><strong>Praedicatorum</strong></span> <span class='ocrx_word' id='word_1_612' title='bbox 2688 4883 2742 4937; x_wconf 93' lang='lat' dir='ltr'><strong>S.</strong></span> <span class='ocrx_word' id='word_1_613' title='bbox 2786 4881 3099 4954; x_wconf 64' lang='lat' dir='ltr'><strong>Theologia:</strong></span> <span class='ocrx_word' id='word_1_614' title='bbox 3145 4880 3501 4947; x_wconf 86' lang='lat' dir='ltr'><strong>Licentiatus,</strong></span> <span class='ocrx_word' id='word_1_615' title='bbox 3528 4879 3674 4935; x_wconf 88' lang='lat' dir='ltr'><strong>edito</strong></span> <span class='ocrx_word' id='word_1_616' title='bbox 3712 4895 3814 4934; x_wconf 88' lang='lat' dir='ltr'><strong>no-</strong></span> 
     </span>
    </p>
   </div>
   <div class='ocr_carea' id='block_1_89' title="bbox 2218 4971 3816 5042">
    <p class='ocr_par' dir='ltr' id='par_1_89' title="bbox 2218 4971 3816 5042">
     <span class='ocr_line' id='line_1_89' title="bbox 2218 4971 3816 5042; baseline -0.001 -14"><span class='ocrx_word' id='word_1_617' title='bbox 2218 4974 2436 5029; x_wconf 90' lang='lat' dir='ltr'><strong>vissime</strong></span> <span class='ocrx_word' id='word_1_618' title='bbox 2463 4974 2601 5030; x_wconf 91' lang='lat' dir='ltr'><strong>libro</strong></span> <span class='ocrx_word' id='word_1_619' title='bbox 2630 4975 2716 5029; x_wconf 92' lang='lat' dir='ltr'><strong>cui</strong></span> <span class='ocrx_word' id='word_1_620' title='bbox 2761 4974 2984 5030; x_wconf 90' lang='lat' dir='ltr'><strong>titulum</strong></span> <span class='ocrx_word' id='word_1_621' title='bbox 3034 4973 3193 5042; x_wconf 90' lang='lat' dir='ltr'><strong>fecit,</strong></span> <span class='ocrx_word' id='word_1_622' title='bbox 3242 4997 3264 5020; x_wconf 86' lang='lat'>«</span> <span class='ocrx_word' id='word_1_623' title='bbox 3311 4974 3628 5030; x_wconf 85' lang='lat' dir='ltr'><strong>Auctoritas</strong></span> <span class='ocrx_word' id='word_1_624' title='bbox 3665 4971 3816 5027; x_wconf 87' lang='lat' dir='ltr'><strong>Sedis</strong></span> 
     </span>
    </p>
   </div>
   <div class='ocr_carea' id='block_1_90' title="bbox 2214 5067 3815 5141">
    <p class='ocr_par' dir='ltr' id='par_1_90' title="bbox 2214 5067 3815 5141">
     <span class='ocr_line' id='line_1_90' title="bbox 2214 5067 3815 5141; baseline -0.003 -17"><span class='ocrx_word' id='word_1_625' title='bbox 2214 5069 2543 5140; x_wconf 74' lang='lat' dir='ltr'><strong>Apostolicze</strong></span> <span class='ocrx_word' id='word_1_626' title='bbox 2574 5085 2669 5141; x_wconf 90' lang='lat' dir='ltr'><strong>pro</strong></span> <span class='ocrx_word' id='word_1_627' title='bbox 2698 5070 2965 5141; x_wconf 89' lang='lat' dir='ltr'><strong>Gregorio</strong></span> <span class='ocrx_word' id='word_1_628' title='bbox 2996 5073 3139 5141; x_wconf 91' lang='lat' dir='ltr'><strong>Papa</strong></span> <span class='ocrx_word' id='word_1_629' title='bbox 3171 5070 3285 5125; x_wconf 87' lang='lat' dir='ltr'><strong>Vll.</strong></span> <span class='ocrx_word' id='word_1_630' title='bbox 3321 5068 3587 5124; x_wconf 89' lang='lat' dir='ltr'><strong>vindicata</strong></span> <span class='ocrx_word' id='word_1_631' title='bbox 3625 5067 3815 5121; x_wconf 90' lang='lat' dir='ltr'><strong>adver-</strong></span> 
     </span>
    </p>
   </div>
   <div class='ocr_carea' id='block_1_91' title="bbox 2213 5162 3812 5236">
    <p class='ocr_par' dir='ltr' id='par_1_91' title="bbox 2213 5162 3812 5236">
     <span class='ocr_line' id='line_1_91' title="bbox 2213 5162 3812 5236; baseline -0.002 -19"><span class='ocrx_word' id='word_1_632' title='bbox 2213 5178 2305 5217; x_wconf 86' lang='lat' dir='ltr'><strong>sus</strong></span> <span class='ocrx_word' id='word_1_633' title='bbox 2330 5163 2573 5218; x_wconf 86' lang='lat' dir='ltr'><strong>Natalem</strong></span> <span class='ocrx_word' id='word_1_634' title='bbox 2602 5164 2979 5219; x_wconf 86' lang='lat' dir='ltr'><strong>Alexandrum</strong></span> <span class='ocrx_word' id='word_1_635' title='bbox 3005 5162 3248 5236; x_wconf 89' lang='lat' dir='ltr'><strong>ejusdem</strong></span> <span class='ocrx_word' id='word_1_636' title='bbox 3274 5162 3493 5218; x_wconf 90' lang='lat' dir='ltr'><strong>Ordinis</strong></span> <span class='ocrx_word' id='word_1_637' title='bbox 3518 5163 3812 5214; x_wconf 90' lang='lat' dir='ltr'><strong>Doctorem</strong></span> 
     </span>
    </p>
   </div>
   <div class='ocr_carea' id='block_1_92' title="bbox 2211 5254 3811 5330">
    <p class='ocr_par' dir='ltr' id='par_1_92' title="bbox 2211 5254 3811 5330">
     <span class='ocr_line' id='line_1_92' title="bbox 2211 5254 3811 5330; baseline -0.001 -19"><span class='ocrx_word' id='word_1_638' title='bbox 2211 5257 2577 5330; x_wconf 88' lang='lat' dir='ltr'><strong>Theologum,</strong></span> <span class='ocrx_word' id='word_1_639' title='bbox 2612 5280 2637 5305; x_wconf 75' lang='grc' dir='ltr'><strong>ι</strong></span> <span class='ocrx_word' id='word_1_640' title='bbox 2682 5258 2827 5313; x_wconf 90' lang='lat' dir='ltr'><strong>inter</strong></span> <span class='ocrx_word' id='word_1_641' title='bbox 2872 5258 3069 5313; x_wconf 89' lang='lat' dir='ltr'><strong>selecta</strong></span> <span class='ocrx_word' id='word_1_642' title='bbox 3119 5257 3377 5313; x_wconf 59' lang='lat' dir='ltr'><strong>Historia</strong></span> <span class='ocrx_word' id='word_1_643' title='bbox 3420 5254 3811 5317; x_wconf 73' lang='lat' dir='ltr'><strong>Ecclesiastica:</strong></span> 
     </span>
    </p>
   </div>
   <div class='ocr_carea' id='block_1_93' title="bbox 2213 5347 3816 5424">
    <p class='ocr_par' dir='ltr' id='par_1_93' title="bbox 2213 5347 3816 5424">
     <span class='ocr_line' id='line_1_93' title="bbox 2213 5347 3816 5424; baseline -0.002 -17"><span class='ocrx_word' id='word_1_644' title='bbox 2213 5351 2423 5423; x_wconf 86' lang='lat' dir='ltr'><strong>Capita,</strong></span> <span class='ocrx_word' id='word_1_645' title='bbox 2456 5352 2624 5407; x_wconf 91' lang='lat' dir='ltr'><strong>seculi</strong></span> <span class='ocrx_word' id='word_1_646' title='bbox 2680 5368 2727 5408; x_wconf 85' lang='lat' dir='ltr'><strong>II</strong></span> <span class='ocrx_word' id='word_1_647' title='bbox 2762 5362 2913 5423; x_wconf 89' lang='lat' dir='ltr'><strong>parte</strong></span> <span class='ocrx_word' id='word_1_648' title='bbox 2946 5360 2999 5418; x_wconf 89' lang='lat'><strong>3,</strong></span> <span class='ocrx_word' id='word_1_649' title='bbox 3050 5367 3224 5424; x_wconf 90' lang='lat' dir='ltr'><strong>usque</strong></span> <span class='ocrx_word' id='word_1_650' title='bbox 3270 5350 3405 5406; x_wconf 88' lang='lat' dir='ltr'><strong>adeo</strong></span> <span class='ocrx_word' id='word_1_651' title='bbox 3452 5363 3565 5404; x_wconf 62' lang='lat' dir='ltr'><strong>sum</strong></span> <span class='ocrx_word' id='word_1_652' title='bbox 3598 5347 3816 5420; x_wconf 89' lang='lat' dir='ltr'><strong>profes-</strong></span> 
     </span>
    </p>
   </div>
   <div class='ocr_carea' id='block_1_94' title="bbox 2213 5443 3813 5519">
    <p class='ocr_par' dir='ltr' id='par_1_94' title="bbox 2213 5443 3813 5519">
     <span class='ocr_line' id='line_1_94' title="bbox 2213 5443 3813 5519; baseline -0.001 -18"><span class='ocrx_word' id='word_1_653' title='bbox 2213 5446 2379 5501; x_wconf 91' lang='lat' dir='ltr'><strong>sionis</strong></span> <span class='ocrx_word' id='word_1_654' title='bbox 2407 5446 2665 5514; x_wconf 88' lang='lat' dir='ltr'><strong>oblitum,</strong></span> <span class='ocrx_word' id='word_1_655' title='bbox 2700 5447 2791 5501; x_wconf 92' lang='lat' dir='ltr'><strong>ubi</strong></span> <span class='ocrx_word' id='word_1_656' title='bbox 2823 5446 2890 5502; x_wconf 92' lang='lat' dir='ltr'><strong>de</strong></span> <span class='ocrx_word' id='word_1_657' title='bbox 2918 5447 3188 5517; x_wconf 87' lang='lat' dir='ltr'><strong>Gregorio</strong></span> <span class='ocrx_word' id='word_1_658' title='bbox 3219 5444 3353 5519; x_wconf 88' lang='lat' dir='ltr'><strong>agit,</strong></span> <span class='ocrx_word' id='word_1_659' title='bbox 3398 5451 3461 5499; x_wconf 91' lang='lat' dir='ltr'><strong>ut</strong></span> <span class='ocrx_word' id='word_1_660' title='bbox 3488 5443 3567 5498; x_wconf 86' lang='lat' dir='ltr'><strong>vel</strong></span> <span class='ocrx_word' id='word_1_661' title='bbox 3605 5459 3668 5499; x_wconf 90' lang='lat' dir='ltr'><strong>ea</strong></span> <span class='ocrx_word' id='word_1_662' title='bbox 3697 5444 3813 5500; x_wconf 88' lang='lat' dir='ltr'><strong>sola</strong></span> 
     </span>
    </p>
   </div>
   <div class='ocr_carea' id='block_1_95' title="bbox 2212 5536 3812 5612">
    <p class='ocr_par' dir='ltr' id='par_1_95' title="bbox 2212 5536 3812 5612">
     <span class='ocr_line' id='line_1_95' title="bbox 2212 5536 3812 5612; baseline -0.003 -17"><span class='ocrx_word' id='word_1_663' title='bbox 2212 5556 2379 5596; x_wconf 86' lang='lat' dir='ltr'><strong>causa</strong></span> <span class='ocrx_word' id='word_1_664' title='bbox 2408 5540 2642 5612; x_wconf 91' lang='lat' dir='ltr'><strong>potuerit</strong></span> <span class='ocrx_word' id='word_1_665' title='bbox 2681 5540 3079 5596; x_wconf 90' lang='lat' dir='ltr'><strong>commeruisse</strong></span> <span class='ocrx_word' id='word_1_666' title='bbox 3106 5538 3509 5612; x_wconf 86' lang='lat' dir='ltr'><strong>gravissimam,</strong></span> <span class='ocrx_word' id='word_1_667' title='bbox 3550 5555 3655 5611; x_wconf 90' lang='lat' dir='ltr'><strong>qua</strong></span> <span class='ocrx_word' id='word_1_668' title='bbox 3688 5536 3812 5593; x_wconf 89' lang='lat' dir='ltr'><strong>libri</strong></span> 
     </span>
    </p>
   </div>
   <div class='ocr_carea' id='block_1_96' title="bbox 2212 5631 3810 5706">
    <p class='ocr_par' dir='ltr' id='par_1_96' title="bbox 2212 5631 3810 5706">
     <span class='ocr_line' id='line_1_96' title="bbox 2212 5631 3810 5706; baseline -0.002 -18"><span class='ocrx_word' id='word_1_669' title='bbox 2212 5633 2328 5706; x_wconf 91' lang='lat' dir='ltr'><strong>ejus</strong></span> <span class='ocrx_word' id='word_1_670' title='bbox 2358 5649 2550 5689; x_wconf 89' lang='lat' dir='ltr'><strong>omnes</strong></span> <span class='ocrx_word' id='word_1_671' title='bbox 2580 5632 2853 5691; x_wconf 91' lang='lat' dir='ltr'><strong>fulminati</strong></span> <span class='ocrx_word' id='word_1_672' title='bbox 2878 5643 3032 5701; x_wconf 91' lang='lat' dir='ltr'><strong>sunt,</strong></span> <span class='ocrx_word' id='word_1_673' title='bbox 3070 5649 3362 5689; x_wconf 88' lang='lat' dir='ltr'><strong>censuram</strong></span> <span class='ocrx_word' id='word_1_674' title='bbox 3396 5631 3810 5689; x_wconf 88' lang='lat' dir='ltr'><strong>lnnocentiiPa-</strong></span> 
     </span>
    </p>
   </div>
   <div class='ocr_carea' id='block_1_97' title="bbox 2213 5730 2435 5801">
    <p class='ocr_par' dir='ltr' id='par_1_97' title="bbox 2213 5730 2435 5801">
     <span class='ocr_line' id='line_1_97' title="bbox 2213 5730 2435 5801; baseline 0 -17"><span class='ocrx_word' id='word_1_675' title='bbox 2213 5744 2295 5801; x_wconf 69' lang='lat' dir='ltr'><strong>paa</strong></span> <span class='ocrx_word' id='word_1_676' title='bbox 2332 5730 2435 5785; x_wconf 84' lang='grc' dir='ltr'><strong>ΧΙ.</strong></span> 
     </span>
    </p>
   </div>
   <div class='ocr_carea' id='block_1_98' title="bbox 2286 5818 3807 5893">
    <p class='ocr_par' dir='ltr' id='par_1_98' title="bbox 2286 5818 3807 5893">
     <span class='ocr_line' id='line_1_98' title="bbox 2286 5818 3807 5893; baseline -0.003 -15"><span class='ocrx_word' id='word_1_677' title='bbox 2286 5829 2337 5878; x_wconf 87' lang='lat'><strong>3.</strong></span> <span class='ocrx_word' id='word_1_678' title='bbox 2382 5826 2521 5891; x_wconf 82' lang='lat' dir='ltr'><strong>Nos,</strong></span> <span class='ocrx_word' id='word_1_679' title='bbox 2566 5824 2821 5881; x_wconf 90' lang='lat' dir='ltr'><strong>omnibus</strong></span> <span class='ocrx_word' id='word_1_680' title='bbox 2863 5822 2984 5880; x_wconf 88' lang='lat' dir='ltr'><strong>aliis</strong></span> <span class='ocrx_word' id='word_1_681' title='bbox 3011 5823 3252 5893; x_wconf 88' lang='lat' dir='ltr'><strong>omissis,</strong></span> <span class='ocrx_word' id='word_1_682' title='bbox 3285 5822 3484 5881; x_wconf 87' lang='lat' dir='ltr'><strong>damus</strong></span> <span class='ocrx_word' id='word_1_683' title='bbox 3514 5820 3601 5877; x_wconf 86' lang='lat' dir='ltr'><strong>hic</strong></span> <span class='ocrx_word' id='word_1_684' title='bbox 3628 5818 3807 5892; x_wconf 86' lang='lat' dir='ltr'><strong>primo</strong></span> 
     </span>
    </p>
   </div>
  </div>
