4138 6190
274 275 327 324 l3
1228 270 1753 325 PROLEGOMENA.
1794 300 1861 310 ——
1900 275 2079 327 ACTA
2118 274 2175 329 S.
2219 273 2570 327 GREGORII.
3488 277 3551 330 14

270 397 377 450 loco
408 393 580 449 Vitam
624 396 680 449 S.
721 394 967 466 Gregorii
1008 408 1038 448 a
1087 391 1253 450 Paulo
1294 394 1678 453 Bernriedensi
1709 396 1850 452 scri-
1879 407 1932 469 Α
1960 397 2222 469 temporis
2242 406 2394 469 gesta
2420 397 2726 462 annotavit,
2761 396 3154 469 subjunxitque
3180 414 3278 469 pro
3325 400 3553 469 Appen-

272 500 430 562 ptam.
460 491 655 545 Fuerat
689 487 777 544 hic
818 489 1015 544 Paulus
1045 489 1356 545 Canonicus
1395 490 1648 547 Ecclesiae
1685 493 1844 547 Rati-

270 584 555 656 Sponensis,
584 581 703 651 sed,
728 583 797 638 ab
835 582 1073 638 Henrico
1110 586 1205 639 IV.
1239 583 1295 638 in
1327 584 1555 639 exilium
1586 594 1760 653 actus,
1789 586 1846 641 in

273 678 506 735 coenobio
546 677 806 734 Bernried
837 693 1025 734 recens
1066 678 1293 734 fundato
1336 679 1585 735 habitum
1627 679 1849 736 Ordinis

272 774 654 831 Canonicorum
703 771 1063 843 Regularium
1123 772 1397 843 suscepit;
1441 773 1586 828 circa
1635 790 1847 829 annum

282 875 426 923 1120.
460 868 524 923 ab
576 866 833 923 Udalrico
862 865 1136 938 Episcopo
1165 867 1507 924 Passaviensi
1550 870 1665 940 (qui
1710 868 1849 923 rexit

287 964 462 1020 dictam
488 962 785 1019 Ecelesiam
801 960 867 1017 ab
888 976 1033 1017 anno
1062 968 1190 1017 1091
1206 1003 1218 1016 .
1246 977 1415 1034 usque
1438 963 1506 1018 ad
1526 979 1656 1017 ann.
1691 969 1706 1017 1
1730 968 1845 1030 I24)

288 1056 539 1127 Presbyter
560 1063 927 1122 consecratus,
968 1063 1023 1110 et
1052 1054 1252 1126 elapsis
1291 1056 1361 1111 ab
1402 1055 1565 1128 hujus
1595 1056 1847 1128 EpiscOpi

290 1142 419 1207 obitu
446 1160 647 1223 septem
682 1151 861 1215 annis,
899 1150 1131 1206 absolvit
1158 1151 1301 1206 hanc
1328 1151 1538 1215 Vitam,
1564 1152 1707 1206 circa
1748 1167 1848 1206 au-

283 1264 399 1303 num
430 1253 581 1302 1131.
614 1248 925 1315 Gretserus,
957 1246 1053 1317 qui
1083 1246 1336 1302 eamdem
1359 1262 1465 1301 una
1490 1262 1616 1302 cum
1641 1247 1848 1317 Apolo-

276 1341 351 1413 gia
380 1357 474 1412 pro
510 1340 788 1397 Cardinale
819 1341 1052 1395 Baronio
1078 1339 1248 1396 edidit
1267 1382 1283 1409 ,
1312 1340 1607 1397 arbitratur
1638 1364 1663 1389 α
1708 1342 1847 1396 Pau-

275 1436 404 1504 lum,
433 1451 558 1491 cum
586 1438 780 1492 Roma
810 1445 975 1507 esset,
1007 1434 1330 1491 familiarem
1364 1433 1530 1490 fuisse
1555 1435 1781 1490 Callisto
1804 1438 1849 1490 ll

274 1532 445 1601 Papa,
474 1553 499 1577 ι
530 1529 620 1601 qui
640 1528 781 1585 sedit
807 1545 837 1584 a
866 1528 955 1584 die
982 1536 1036 1583 4.
1070 1527 1345 1584 Februarii
1368 1544 1460 1584 an.
1490 1535 1645 1585 1119.
1679 1544 1850 1599 usque

271 1624 337 1680 ad
369 1630 449 1679 12.
482 1624 788 1680 Decembris
813 1625 943 1681 anui
983 1630 1147 1690 1124,
1188 1632 1242 1679 et
1271 1623 1616 1679 conﬁrmavit
1649 1619 1845 1680 funda-

276 1716 480 1771 tionem
506 1716 728 1773 ccenobii
747 1716 1157 1773 Bernriedensis
1184 1732 1272 1771 an.
1313 1722 1473 1783 1122,
1501 1718 1721 1788 quando
1752 1734 1850 1790 po-

1952 493 2072 549 dice
2101 494 2171 549 ad
2201 493 2518 549 Cbronicon
2538 493 2847 549 Hermanni
2873 494 3152 549 Contracti
3181 509 3352 565 usque
3382 494 3451 549 ad
3466 511 3557 549 an-

1953 604 2088 643 num
2141 593 2298 643 1100.
2349 587 2563 643 Eodem
2604 597 2877 661 tempore,
2915 604 3016 643 nec
3060 588 3247 645 minus
3298 597 3465 655 certa,
3507 589 3553 645 si

1954 690 2007 736 et
2032 681 2246 736 certiori
2291 680 2530 748 scientia,
2583 681 2786 752 scripta
2817 689 2948 736 sunt
2992 685 3131 737 Acta
3173 697 3297 754 quae
3334 681 3556 737 Gentius

1955 775 2301 832 Camerarius
2330 775 2525 843 (idem,
2550 782 2609 830 ut
2633 782 2789 845 putat
2802 775 3140 839 Ciacconius,
3161 776 3254 847 qui
3274 792 3369 831 an.
3398 780 3555 830 1216.

1957 882 2171 929 creatus
2208 872 2495 939 Pontifex,
2527 872 2765 943 sumpsit
2804 887 3010 927 nomen
3044 872 3280 927 Honorii
3325 875 3441 937 Ill.)
3469 887 3556 927 re-

1954 966 2080 1023 tulit
2111 966 2163 1021 in
2194 966 2455 1023 Codicem
2487 982 2751 1021 censuum
2786 968 3057 1021 Romanae
3088 965 3367 1031 Ecclesia,
3412 980 3559 1035 pras-

1956 1062 2143 1135 grandi
2192 1062 2473 1118 volumine
2529 1070 2867 1117 asservatum
2919 1061 2975 1116 in
3041 1069 3249 1115 secreto
3300 1060 3555 1115 Archivio

1956 1157 2252 1223 Vaticano;
2287 1157 2443 1228 cujus
2472 1156 2691 1228 c0piam
2724 1156 2911 1211 favore
2939 1159 3010 1210 D.
3061 1155 3316 1227 Saraigae,
3360 1154 3555 1210 Archi-

1957 1251 2105 1307 vium
2136 1252 2267 1307 illud
2294 1251 2671 1317 custodientis,
2714 1251 2855 1305 nacti
2888 1253 3080 1305 Patres
3122 1248 3294 1304 nostri
3322 1251 3558 1303 Joannes

1957 1345 2279 1401 Frauciscus
2308 1345 2557 1400 Vannius
2584 1353 2641 1399 et
2667 1344 2954 1400 Conradus
2975 1343 3304 1415 Jauningus,
3333 1358 3463 1397 cum
3492 1356 3558 1397 eo

1957 1440 2308 1495 contulerunt
2332 1440 2465 1511 ipsa,
2492 1440 2606 1511 jam
2632 1448 2791 1495 antea
2817 1455 2881 1494 ex
2907 1438 3260 1494 Bibliothecae
3287 1436 3560 1492 Vaticana;

1957 1532 2158 1589 Codice
2190 1533 2481 1603 descripta.
2511 1532 2767 1589 Codicem
2801 1533 3002 1601 istum,
3041 1546 3185 1603 saepe
3214 1530 3494 1586 laudatum
3529 1546 3559 1584 a

1958 1627 2214 1693 Baronio,
2245 1635 2298 1682 et
2324 1626 2658 1681 Pontiﬁcum
2696 1635 2845 1698 gesta
2875 1642 2906 1681 a
2930 1629 3111 1681 Leone
3134 1628 3239 1681 IX.
3271 1624 3560 1695 auspican-

1961 1733 2097 1788 tem,
2126 1745 2151 1771 «
2180 1722 2452 1779 ordinavit
2484 1730 2537 1779 et
2566 1722 2729 1779 scribi
2759 1721 2882 1777 fecit
2908 1721 3069 1793 (sicut
3101 1720 3327 1790 praefert
3355 1717 3559 1787 titulus)

274 1810 377 1864 tnit
406 1810 501 1865 hac
526 1810 590 1867 de
617 1826 775 1868 causa
806 1811 1009 1867 Paulus
1040 1815 1283 1867 Romam
1315 1810 1593 1882 profectus
1641 1809 1803 1868 fuisse
1835 1833 1848 1869 :
1885 1793 1932 1855 Β
1966 1834 2030 1873 ex
2075 1816 2319 1874 diversis
2364 1817 2608 1888 registris
2658 1825 2713 1871 et
2757 1815 2908 1871 libris
2948 1817 3190 1871 Camerae
3227 1813 3562 1883 Apostolicae

273 1903 359 1974 qui
394 1902 529 1958 infra
556 1920 608 1958 n.
643 1910 727 1959 11.
758 1904 981 1960 adducit
1014 1924 1035 1953 α
1071 1904 1354 1959 Callistum
1400 1906 1602 1976 Papam
1633 1921 1854 1961 narrare

271 2007 587 2053 consuetum
622 1997 766 2070 quod
811 1997 1112 2070 Episcopus
1152 1997 1449 2052 simoniace
1502 1997 1711 2054 electus
1742 2015 1854 2054 non

272 2092 501 2147 valuerit
533 2093 757 2148 recitare
787 2092 991 2161 'Gloria
1038 2092 1211 2148 Patris
1254 2101 1310 2147 et
1350 2093 1475 2148 Filii
1529 2101 1585 2148 et
1625 2094 1853 2164 Spiritus

264 2188 453 2242 sancti.
490 2211 515 2236 ν
549 2191 628 2243 Ita
655 2186 866 2253 deinde,
896 2204 951 2242 n.
989 2192 1076 2255 16,
1103 2186 1183 2242 ait
1217 2208 1243 2236 α
1273 2190 1565 2257 Joannem,
1594 2190 1853 2244 Camera-

266 2282 405 2337 rium
436 2282 565 2338 olim
591 2282 881 2339 Alexandri
908 2285 960 2339 II
992 2282 1291 2349 Pontiﬁcis,
1322 2299 1550 2340 narrare
1575 2284 1799 2339 solitum
1826 2307 1849 2332 υ

266 2375 407 2449 quod
443 2376 693 2449 precibus
736 2379 791 2432 S.
836 2375 1124 2433 Alexandri
1168 2375 1339 2432 febris
1385 2376 1586 2433 ardens
1631 2377 1855 2449 depulsa

270 2472 369 2526 sit:
402 2480 563 2542 atque
588 2472 657 2526 ita
691 2471 817 2527 hinc
850 2472 977 2527 inde
1006 2471 1199 2527 inserit
1225 2472 1368 2528 varia
1398 2473 1679 2541 miracula,
1706 2482 1854 2530 tem-

269 2580 390 2636 pore
416 2565 543 2620 vita
570 2572 770 2636 patrata
808 2565 940 2621 :sed
965 2582 1019 2620 n.
1066 2570 1190 2620 104.
1230 2586 1256 2615 «
1280 2580 1402 2636 quae
1433 2565 1500 2621 ad
1543 2567 1854 2637 sepulcrum

273 2658 381 2729 ejus
405 2658 613 2715 caelitus
641 2656 797 2727 facta,
838 2659 920 2714 vel
948 2674 1073 2730 quae
1097 2657 1212 2714 ﬁeri
1254 2658 1447 2715 dicunt
1488 2660 1855 2732 religiosiores

274 2750 461 2821 quique
483 2751 735 2819 Romani,
761 2750 864 2806 illis
892 2751 985 2822 qui
1015 2750 1305 2807 viciniores
1333 2752 1858 2824 suntfpercens’enda

278 2850 518 2899 reservat.
552 2868 579 2892 ν
609 2845 719 2901 Sub
746 2845 911 2901 ﬁnem
936 2853 1120 2901 tamen
1141 2862 1198 2901 n.
1227 2852 1347 2901 114.
1375 2846 1532 2902 addit
1563 2870 1589 2895 σι
1616 2848 1855 2918 superla-

286 2946 386 2991 tam
412 2939 785 2994 narrationem
814 2939 1049 2994 duorum
1079 2940 1498 3009 miraculorum,
1526 2939 1732 2995 Salerni
1755 2955 1856 2996 cae-

281 3030 396 3087 litus
420 3040 771 3103 patratorum.
810 3056 833 3082 -
865 3036 948 3090 Ex
987 3034 1184 3106 quibus
1216 3034 1531 3107 colligimus
1574 3050 1855 3091 summam

1961 1914 2051 1967 Fr.
2084 1912 2343 1967 Nicolaus
2367 1909 2672 1968 Cardinalis
2703 1909 3042 1981 Arragoniae,
3078 1933 3103 1957 ››
3137 1908 3385 1979 adeoque
3419 1906 3560 1961 intra

1962 2022 2171 2061 annum
2223 2011 2381 2073 1352,
2416 2022 2525 2077 quo
2562 2014 2797 2070 creatus,
2847 2012 2902 2060 et
2943 2008 3114 2069 1362,
3163 2017 3271 2073 quo
3314 2009 3562 2056 mortuus

1963 2110 2089 2158 est:
2134 2102 2259 2157 Fuit
2286 2106 2330 2157 is
2378 2100 2595 2157 Ordinis
2639 2099 3068 2157 Praedicatorum
3114 2097 3319 2167 insigne
3371 2095 3559 2162 decus,

1962 2197 2065 2251 sub
2090 2197 2312 2252 nomine
2346 2195 2561 2252 Nicolai
2588 2195 2821 2251 Rosselli
2846 2201 3011 2249 notus
3046 2191 3302 2248 Ciaconio
3335 2189 3562 2262 ejusque

1964 2290 2473 2361 interpolatoribus;
2506 2289 2685 2346 dictus
2712 2297 2902 2344 autem
2922 2287 2988 2344 de
3017 2286 3294 2357 Aragonia
3320 2284 3559 2352 aPatria,

1963 2393 2017 2439 et
2039 2385 2161 2455 quia
2184 2384 2535 2440 Provincialis
2560 2383 2851 2455 Aragoniae
2873 2382 3108 2437 existens
3128 2380 3379 2452 Begique
3400 2382 3563 2433 Petro

1963 2478 2282 2555 carissimus
2308 2486 2593 2550 promotus
2626 2477 2695 2532 ad
2731 2480 3037 2548 Purpuram
3064 2484 3164 2531 est.
3195 2474 3380 2530 Tertia
3406 2473 3563 2529 deni-

1965 2586 2069 2641 que
2100 2574 2259 2638 Acta,
2293 2572 2349 2626 in
2378 2572 2565 2627 multis
2593 2571 2757 2627 etiam
2788 2571 3051 2641 ampliora
3081 2570 3562 2640 distinctioraque,

1962 2680 2064 2719 nec
2092 2665 2269 2721 multo
2294 2666 2596 2721 recentiora
2630 2675 2725 2720 aut
2753 2664 2892 2720 forte
2930 2666 3093 2720 etiam
3136 2664 3444 2736 antiquiora
3476 2678 3567 2717 se-

1962 2759 2155 2813 cundis
2178 2800 2193 2824 ,
2219 2759 2595 2815 transcribere
2642 2759 2815 2829 placet
2845 2777 2910 2814 ex
2938 2767 3131 2815 nostro
3160 2760 3268 2813 Ms.
3311 2758 3379 2813 de
3426 2756 3569 2811 Vitis

1965 2853 2320 2919 Pontiﬁcum,
2350 2868 2524 2924 usque
2560 2852 2633 2908 ad
2674 2855 2971 2908 Martinum
3010 2856 3076 2909 V.
3118 2852 3368 2908 deductis
3398 2869 3411 2905 :
3442 2851 3567 2906 licet

1966 2962 2064 3016 pro
2120 2946 2315 3018 majori
2390 2955 2542 3018 parte
2608 2955 2828 3017 accepta
2879 2947 2992 3000 sint
3040 2963 3105 3002 ex
3154 2944 3383 3015 registro
3438 2943 3564 3013 Epi-

1964 3043 2272 3111 stolarum,
2334 3043 2652 3099 continente
2700 3042 3002 3098 Summaria
3054 3042 3400 3113 singularum
3452 3039 3569 3095 fere

281 3125 347 3178 ab
371 3130 600 3181 Auctore
626 3126 924 3183 adhibitam
954 3127 1324 3200 diligentiam,
1355 3138 1419 3185 ut
1451 3137 1702 3184 accurate
1730 3145 1852 3184 om-
1887 3178 1931 3241 Ο
1965 3155 2100 3211 quas
2157 3137 2455 3210 Gregorius
2518 3141 2717 3194 Romae
2776 3136 3072 3193 celebravit
3137 3134 3490 3209 Synodorum
3552 3150 3566 3186 ε

285 3218 623 3241 ..ε-...-),..-ι
700 3220 833 3241 ---Α
2153 3234 2182 3241 --
2414 3230 2426 3241 .
2589 3231 2600 3241 .
2791 3230 2803 3241 .
2864 3229 2879 3241 .
3041 3238 3050 3241 _
3164 3230 3195 3241 ._
3266 3230 3307 3241 τ.
3455 3229 3465 3239 .

282 3218 366 3273 nia
390 3218 625 3275 traderet
649 3241 663 3275 ;
693 3220 838 3292 quod
867 3222 1245 3294 unusquisque
1272 3224 1439 3278 etiam
1480 3222 1680 3293 poterit
1706 3223 1855 3279 colli-

284 3328 422 3383 gere,
451 3313 495 3369 si
523 3330 639 3386 quae
666 3315 915 3372 addimus
951 3319 1226 3373 Aunotata
1257 3317 1617 3389 perspexerit,
1657 3326 1858 3373 contu-

282 3406 499 3479 leritque
520 3424 642 3464 cum
658 3410 875 3480 reliquis
908 3411 1266 3479 Auctoribus,
1296 3412 1427 3468 item
1448 3412 1693 3484 epistolis
1718 3414 1858 3469 Gre-

281 3498 410 3570 gorii
443 3508 495 3555 et
525 3501 747 3572 Synodis
776 3511 903 3559 tunc
935 3488 1152 3560 habitis.
1203 3504 1422 3560 Etenim
1464 3505 1627 3576 plane
1661 3521 1860 3562 conve-

283 3592 434 3647 niunt
455 3593 659 3661 omnia;
689 3596 923 3653 maxime
950 3597 1043 3653 ubi
1065 3595 1135 3653 de
1155 3598 1481 3654 Simoniacis
1503 3608 1559 3656 et
1581 3598 1862 3656 Nicolaitis

283 3701 374 3740 seu
401 3687 615 3744 Clericis
641 3687 951 3746 fornicariis
980 3692 1252 3763 agendum
1276 3692 1402 3748 fuit.
1430 3695 1494 3748 B.
1534 3696 1731 3750 Petrus
1754 3698 1866 3749 Da-

288 3779 485 3837 mianus
507 3783 699 3854 passim
736 3785 899 3841 etiam
925 3786 1048 3842 illos
1085 3787 1382 3844 Nicolaitas
1419 3788 1680 3860 appellat,
1720 3805 1860 3860 quo-

284 3888 406 3928 rum
432 3872 563 3931 facta
595 3893 653 3933 se
680 3876 861 3934 odisse
895 3879 968 3934 ait
994 3880 1241 3936 Christus
1270 3881 1325 3936 in
1358 3883 1414 3937 S.
1448 3881 1685 3937 Joannis
1718 3887 1863 3953 Apo-

286 3967 483 4039 calypsi
505 3985 549 4025 c.
572 3976 633 4037 2;
662 3981 718 4028 et
745 3971 815 4028 de
843 3973 1043 4045 quibus
1074 3975 1299 4047 epistola
1329 3978 1387 4032 S.
1410 3976 1600 4048 lguatii
1621 3977 1691 4033 ad
1710 3977 1865 4034 Trul-

290 4061 476 4131 lenses,
517 4064 607 4121 sed
645 4082 675 4121 a
720 4068 949 4139 posteris
994 4068 1346 4141 interpolata,
1391 4071 1509 4128 haec
1556 4072 1808 4143 leguntur
1847 4092 1864 4126 :

297 4174 323 4205 α
359 4158 534 4228 Fugite
579 4160 1051 4219 immundissimos
1087 4163 1203 4221 falsi
1247 4166 1495 4221 nominis
1544 4164 1864 4234 Nicolaitas,

294 4259 554 4309 amatores
581 4254 839 4326 libidinis,
867 4257 1044 4313 malos
1076 4258 1516 4316 calumniatore.
1552 4283 1578 4308 ν

362 4352 414 4400 4.
443 4348 684 4405 Ceterum
718 4350 773 4405 in
808 4350 953 4408 hisce
998 4352 1151 4408 Actis
1187 4352 1345 4410 deest
1382 4353 1660 4421 Praefatio,
1702 4369 1868 4426 quam

295 4438 511 4497 adfuisse
538 4442 768 4501 innuunt
794 4445 972 4519 prima
1002 4447 1186 4504 verba.
1216 4448 1430 4504 Omissa
1452 4449 1614 4505 etiam
1642 4465 1673 4504 a
1702 4448 1872 4506 Paulo

1968 3247 2093 3303 qua:
2149 3230 2462 3286 Summaria
2517 3231 2731 3302 primus
2790 3229 2915 3285 inde
2969 3230 3203 3286 extraxit
3266 3229 3566 3296 Baronius,

1968 3325 2157 3381 Binius
2218 3333 2405 3382 autem
2459 3341 2489 3380 a
2536 3324 2778 3380 Baronio
2826 3324 3069 3395 accepit,
3153 3334 3206 3379 et
3266 3323 3455 3379 retulit
3509 3323 3570 3376 in

1970 3436 2167 3492 corpus
2198 3419 2589 3475 Conciliorum.
2643 3418 2762 3472 Erit
2816 3417 3065 3472 fortassis
3113 3426 3238 3488 post
3291 3417 3412 3474 hac
3467 3417 3571 3472 ali-

1969 3513 2128 3584 quis,
2192 3512 2280 3583 qui
2338 3527 2403 3567 ex
2457 3510 2587 3581 ipsis
2651 3509 2891 3580 epistolis
2941 3508 3110 3580 hujus
3164 3509 3220 3564 S.
3295 3509 3571 3580 Gregorii,

1970 3607 2116 3663 sicut
2155 3606 2211 3661 in
2254 3605 2512 3677 Registro
2558 3602 2829 3659 habentur
2870 3603 3051 3673 plures
3104 3618 3274 3674 quam
3309 3610 3573 3659 trecentae

1971 3698 2391 3772 quinquaginta,
2417 3697 2690 3753 minutius
2722 3705 3081 3767 prosequatur
3108 3704 3164 3751 et
3202 3696 3423 3768 colligat
3462 3698 3572 3752 sin-

1972 3794 2097 3866 gula
2126 3794 2288 3866 hujus
2326 3792 2501 3849 sancti
2541 3790 2825 3847 Pontiﬁcis
2866 3799 3055 3861 gesta;
3102 3789 3575 3861 quemadmodum

1973 3890 2106 3947 olim
2136 3905 2202 3946 ex
2250 3887 2509 3961 Epistolis
2551 3889 2606 3943 S.
2651 3886 2905 3958 Gregorii
2950 3886 3132 3958 Magni
3171 3885 3300 3942 fecit
3331 3889 3575 3942 Joannes

1976 3983 2270 4049 Diaconus,
2303 3980 2372 4037 ad
2405 3986 2493 4036 12.
2533 3978 2715 4035 Martii
2747 3979 2816 4034 ab
2845 3978 3192 4035 Henschenio
3232 3986 3425 4034 nostro
3450 3979 3573 4033 illu-

1973 4081 2180 4130 stratus
2214 4092 2227 4128 :
2258 4089 2355 4129 seu
2381 4074 2565 4144 potius
2583 4071 2815 4144 qualiter
2829 4071 3098 4127 habemus
3122 4074 3178 4128 S.
3199 4071 3404 4128 Leonis
3421 4088 3577 4143 mque

1978 4168 2160 4241 Magni
2190 4170 2347 4235 Acta,
2368 4166 2620 4222 similiter
2640 4182 2705 4221 ex
2734 4166 2993 4236 Epistolis
3020 4164 3135 4236 ejus
3162 4166 3386 4221 collecta
3422 4165 3572 4238 dige-

1977 4269 2169 4333 staque
2192 4261 2260 4316 ab
2288 4259 2665 4317 eruditissimo
2706 4258 2821 4315 viro
2851 4258 3140 4315 Paschasio
3164 4258 3374 4330 Quenel
3403 4277 3416 4311 :
3448 4274 3576 4313 nam

1976 4356 2140 4413 nobis
2183 4355 2253 4411 ad
2282 4353 2555 4427 ejusmodi
2606 4353 2851 4410 laborem
2879 4354 3053 4410 otium
3100 4352 3271 4409 modo
3312 4369 3426 4408 non
3472 4362 3574 4408 est.

1982 4449 2130 4505 Fecit
2169 4447 2377 4520 aliquid
2424 4446 2477 4502 in
2517 4462 2584 4502 eo
2631 4462 2825 4518 genere
2871 4446 3083 4501 Natalis
3124 4444 3447 4508 Alexander,
3487 4461 3579 4501 se-

296 4542 417 4588 sunt
444 4551 561 4606 qum
598 4538 652 4593 in
692 4541 999 4614 Berengarii
1044 4540 1399 4599 damnatione
1427 4560 1459 4599 a
1504 4545 1561 4600 S.
1604 4544 1870 4615 Gregorio
1898 4548 1949 4612 D
1977 4543 2086 4599 culi
2118 4549 2201 4598 11.
2231 4550 2382 4614 parte
2412 4548 2463 4608 1,
2490 4541 2689 4597 melius
2716 4540 2835 4596 istic
2860 4555 3026 4610 quam
3056 4539 3181 4595 alibi
3212 4539 3280 4595 de
3308 4539 3579 4611 Gregorio

297 4638 499 4698 peracta
528 4630 773 4702 fuerunt;
812 4643 867 4691 et
897 4634 1248 4707 paucioribus
1285 4637 1629 4708 explicantur
1656 4653 1778 4709 quae
1814 4637 1871 4692 in

296 4720 558 4780 obsidione
586 4728 853 4798 Romana,
881 4728 951 4784 ab
970 4730 1210 4786 Henrico
1241 4730 1442 4802 sazpius
1470 4738 1770 4803 resumpta,
1794 4746 1868 4786 re-

302 4818 406 4874 latu
436 4830 489 4876 et
536 4823 669 4880 scitu
697 4825 863 4897 digna
906 4827 1246 4884 acciderunt.
1293 4828 1531 4897 Adrhzec
1562 4828 1870 4896 historiam,

303 4926 405 4967 non
433 4915 725 4973 Chronicon
754 4927 936 4977 texere
955 4921 1253 4978 intendens
1281 4926 1509 4993 Auctor,
1533 4939 1646 4979 non
1665 4922 1874 4979 curavit

304 5014 598 5079 temporum
638 5011 888 5071 ordinem
929 5017 1249 5087 scrupulose
1286 5032 1531 5085 servare;
1571 5033 1670 5073 nec
1705 5017 1872 5073 etiam

304 5100 424 5171 quid
458 5118 668 5176 quoque
696 5108 1057 5165 Pontiﬁcatus
1084 5109 1168 5165 sui
1192 5126 1340 5169 anno
1368 5111 1424 5167 iu
1465 5111 1747 5169 celebratis
1773 5115 1873 5184 Sy-

308 5194 456 5252 nodis
482 5202 645 5271 egerit
681 5202 969 5274 explicare.
1002 5204 1321 5275 Congruum
1351 5207 1531 5278 italque
1564 5207 1696 5263 duxi
1741 5210 1876 5264 Acta

312 5290 618 5349 Pontiﬁcalia
636 5295 865 5367 triplicia
891 5297 1228 5369 subjungere
1260 5316 1275 5354 :
1305 5315 1543 5371 quorum
1569 5300 1743 5372 prima
1771 5302 1877 5357 col-

312 5381 518 5453 ligemus
550 5404 611 5445 ex
655 5390 952 5448 Bertholdo
996 5392 1419 5460 Constantiensi,
1465 5394 1556 5465 qui
1571 5434 1590 5462 ,
1634 5402 1694 5450 ut
1734 5394 1878 5450 infra

309 5474 526 5537 habetur
544 5498 597 5539 n.
626 5492 709 5552 18,
729 5486 794 5542 ab
818 5488 1025 5542 Ottone
1048 5486 1317 5559 Episcopo
1336 5488 1573 5545 Ostiensi
1596 5496 1652 5545 et
1670 5490 1881 5560 Legato

310 5570 452 5627 Sedis
476 5578 824 5647 Apostolicee,
855 5597 918 5636 ac
959 5581 1314 5652 postmodum
1356 5584 1588 5639 Summo
1620 5582 1884 5640 Pontiﬁce

312 5672 361 5719 et
386 5668 600 5727 Urbano
629 5674 698 5728 II.
726 5674 893 5740 dicto,
913 5675 1205 5748 Presbyter
1226 5686 1443 5734 creatus
1465 5686 1550 5735 est
1577 5692 1723 5733 anno
1748 5682 1886 5736 1084

316 5757 364 5813 in
392 5758 519 5818 festo
538 5766 593 5821 S.
616 5766 837 5826 Thomm
862 5768 1135 5841 Apostoli,
1165 5769 1219 5826 id
1239 5780 1322 5827 est
1345 5775 1583 5844 quinque
1603 5772 1886 5828 mensibus

319 5862 435 5911 ante
471 5858 680 5917 obitum
726 5864 779 5919 S.
831 5862 1111 5935 Gregorii;
1162 5863 1257 5936 qui
1304 5873 1360 5922 et
1406 5866 1517 5938 ipse
1554 5865 1769 5937 singula
1804 5868 1886 5924 sui

1978 4635 2208 4691 meritus
2240 4651 2252 4687 :
2286 4634 2421 4691 fecit
2447 4643 2503 4690 et
2535 4634 2833 4690 Teutonica
2860 4633 3065 4705 lingua,
3096 4633 3151 4687 in
3177 4648 3275 4688 suo
3304 4636 3578 4688 Romano-

1979 4743 2103 4786 mm
2135 4728 2466 4785 Pontiﬁcum
2496 4727 2825 4799 Triumpho,
2857 4735 3043 4782 noster
3069 4728 3358 4783 Cornelius
3376 4728 3579 4783 Hazar-

1979 4824 2107 4891 tius,
2144 4829 2437 4894 perpetuus
2457 4821 2513 4876 in
2542 4820 2726 4893 Belgio
2752 4820 3119 4876 hereticorum
3160 4819 3406 4886 malleus,
3437 4836 3581 4891 quo-

1981 4934 2106 4974 rum
2149 4917 2291 4973 circa
2346 4917 2495 4973 hunc
2532 4922 2855 4986 ceterosque
2910 4913 3203 4970 Pontiﬁces
3244 4923 3582 4971 monstrosas

1979 5010 2279 5068 calumnias
2304 5010 2539 5067 dilucida
2558 5008 2935 5065 confutatione
2962 5007 3256 5080 redarguit.

2056 5113 2109 5162 5.
2165 5104 2517 5177 Paragrapho
2568 5103 2697 5159 huic
2761 5102 3279 5173 de-Scriptoribus,
3331 5102 3584 5174 Gregorii

1987 5208 2123 5261 Acta
2166 5203 2574 5276 colligentibus,
2623 5200 3044 5258 defendentibus
3067 5243 3082 5269 ,
3121 5199 3488 5266 laudantibus,
3518 5200 3583 5255 ﬁ-

1985 5314 2119 5356 nem
2164 5297 2328 5354 faciat
2368 5297 2591 5370 iusignis
2629 5297 2872 5368 Epistola
2912 5296 3195 5352 Wilhclmi
3235 5295 3487 5363 Abbatis,
3529 5296 3583 5349 in

1989 5391 2326 5449 monasterio
2368 5392 2425 5447 S.
2452 5389 2731 5461 Arnulphi
2760 5391 2921 5446 Metis
2951 5396 3076 5462 post
3115 5390 3431 5455 Warinum,
3473 5388 3586 5460 jam

1990 5487 2211 5559 quidem
2239 5487 2296 5541 in
2327 5486 2506 5558 primo
2539 5485 2929 5541 Analectorum
2956 5484 3267 5541 Mabilionis
3289 5487 3466 5541 Tomo
3496 5499 3590 5554 pu-

1990 5580 2113 5636 blici
2137 5580 2281 5652 juris
2313 5579 2481 5647 facta,
2532 5578 2695 5653 digna
2742 5587 2931 5635 tamen
2969 5594 3095 5649 qua:
3140 5577 3228 5634 hic
3265 5578 3585 5642 recudatur;

1994 5682 2184 5747 utpote
2244 5673 2588 5730 manifestius
2629 5674 2905 5746 explicans
2962 5682 3197 5745 quantas
3236 5688 3361 5744 spes
3405 5670 3474 5726 de
3522 5683 3589 5723 eo

1995 5770 2351 5842 conceperint
2374 5770 2501 5825 boui
2543 5785 2738 5826 omnes
2762 5770 2944 5827 audito
2973 5768 3252 5823 electionis
3285 5765 3409 5820 talis
3448 5777 3591 5819 nua-

1995 5863 2093 5920 tio.
2125 5865 2224 5921 Illa
2269 5864 2348 5921 sic
2384 5862 2549 5920 habet
2578 5883 2591 5921 :
2622 5887 2649 5913 α
2681 5862 2921 5920 Domino
2961 5858 3253 5920 venerabili
3293 5864 3350 5912 et
3379 5856 3594 5914 univer-
