4122 6180
532 293 594 345 15
1753 288 1811 342 S.
1853 288 2110 342 GREGOF

2219 288 2237 342 Β
2276 290 2362 343 VII
2405 291 2600 346 PAPA.
3046 288 3067 289 ί
3762 300 3826 352 16

527 415 626 471 sali
666 418 829 487 Papa
877 418 947 473 G.
983 419 1073 472 W.
1110 423 1374 486 peccator,
1423 412 1639 470 devota
1668 413 1934 468 orationis
1979 411 2118 469 affe-
2146 414 2199 477 Α
2228 422 2287 468 ut
2317 423 2400 471 tot
2428 423 2673 471 monstra
2698 425 2752 471 et
2776 416 2966 473 bestia
2990 417 3203 489 possint
3232 417 3314 473 vel
3330 418 3568 492 jugulari
3596 422 3677 476 vel
3705 421 3831 477 sub-

530 518 703 577 ctum,
735 520 790 567 et
808 510 1037 567 humilis
1056 508 1333 565 servitutis
1358 506 1639 563 effectum.
1672 508 1825 563 Licet
1862 505 2123 577 sapientia

529 604 650 669 Dei,
681 603 934 660 universa
963 618 1085 675 qua
1114 617 1212 672 per
1236 602 1406 673 ipsam
1431 601 1573 658 facta
1594 611 1742 670 sunt,
1767 602 2123 673 dispositione

529 701 781 766 mirabili,
812 710 866 756 et
893 699 1091 756 ordine
1126 698 1557 771 imperturbabili
1588 700 1931 765 moderetur;
1978 713 2125 752 nun-

528 812 690 865 quam
730 804 917 851 tamen
962 794 1312 850 commodius
1360 795 1596 849 consulit
1643 795 1805 849 rebus
1848 792 2120 859 humanis,

527 906 692 961 quam
738 904 866 943 cum
916 888 1122 959 eligens
1156 888 1335 944 virum
1373 893 1480 956 [an
1521 893 1711 956 unum]
1759 887 1826 943 de
1857 887 2033 958 plebe,
2066 887 2119 940 in

526 982 709 1053 populi
758 997 888 1037 eum
916 982 1001 1038 sui
1043 992 1210 1054 caput
1254 984 1555 1050 constituit,
1584 984 1639 1036 in
1665 982 1822 1053 cujus
1859 981 2122 1036 nimirum

525 1078 635 1132 vita
687 1086 742 1133 et
783 1077 1054 1143 moribus,
1105 1094 1217 1148 quo
1264 1075 1548 1132 nitendum
1578 1076 1667 1143 sit,
1710 1076 1863 1146 plebs
1902 1073 2123 1130 inferior

523 1173 700 1228 valeat
727 1173 949 1228 intueri.
982 1172 1141 1242 Quod
1167 1172 1391 1243 quidem
1423 1171 1749 1227 beneﬁcium
1780 1170 1982 1225 nostris
2007 1173 2122 1225 Do-

524 1266 739 1321 minum
769 1267 1100 1322 concessisse
1139 1266 1500 1336 temporibus,
1549 1264 1793 1337 quisquis
1820 1280 1933 1319 non
1980 1264 2120 1318 invi-

524 1359 639 1427 det,
663 1360 833 1427 videt;
866 1360 1001 1417 dum
1032 1370 1111 1427 te,
1154 1360 1273 1432 jam
1305 1360 1436 1416 olim
1468 1360 1769 1430 disciplinis
1800 1358 2122 1414 ecclesiasti-

519 1456 598 1511 cis
627 1456 900 1512 erudituin
918 1499 933 1525 ,
966 1456 1111 1511 illius
1138 1472 1289 1511 nunc
1316 1454 1604 1510 Cathedra
1638 1452 1766 1509 fecit
1794 1470 1912 1509 esse
1938 1470 2119 1509 sesso-

520 1566 672 1618 rem,
715 1566 747 1605 a
789 1566 895 1622 qua
936 1566 1030 1621 per
1076 1549 1270 1605 orbem
1300 1556 1573 1604 terrarum
1622 1548 1809 1603 omnia
1847 1548 2116 1603 virtutum

522 1644 725 1699 lumina
756 1642 1173 1711 diffunduntur;
1211 1654 1265 1698 et
1308 1643 1375 1699 ad
1405 1658 1593 1715 quam,
1626 1642 1773 1697 velut
1816 1640 1873 1694 in
1912 1641 2118 1695 circulo

521 1738 698 1811 linea,
724 1738 797 1795 ad
827 1738 960 1794 illud
990 1738 1252 1807 medium,
1298 1736 1447 1807 quod
1485 1737 1751 1792 Centrum
1780 1734 2116 1792 Geometrici

2231 507 2424 580 iugari.
2454 512 2665 568 Nullius
2696 528 2826 584 ergo
2852 519 3004 568 metu
3025 553 3040 580 ,
3073 512 3273 569 nullius
3307 513 3470 568 minis
3499 515 3567 570 ab
3597 515 3703 572 hoc
3722 517 3831 588 spi-

2233 603 2409 659 rituali
2452 606 2713 661 conﬂictu
2742 615 3047 678 sanctoque
3077 608 3369 663 certamine
3417 608 3734 678 retarderis,
3777 620 3828 666 et

2231 699 2506 755 Gedeonis
2549 701 2693 756 illius
2733 702 2787 755 in
2825 718 3037 758 morem
3062 701 3133 757 ad
3174 704 3419 774 pralium
3454 720 3823 776 processurus,

2231 792 2532 865 laguncula
2562 810 2628 850 ne
2657 795 2852 850 timeas
2891 794 3231 851 fractionem.
3266 801 3406 854 Ecce
3438 806 3493 853 te
3532 798 3588 853 in
3614 798 3829 854 sublimi

2232 897 2287 942 et
2317 888 2373 942 in
2403 890 2622 958 speculo
2654 890 2895 960 positum
2938 891 3082 945 oculi
3115 892 3363 947 omnium
3408 893 3699 964 vultusque
3732 909 3825 949 su-

2229 981 2498 1051 spiciunt;
2530 982 2726 1054 singuli
2756 999 2959 1054 magna
2990 982 3058 1039 de
3085 992 3139 1039 te
3166 985 3356 1041 audire
3380 984 3723 1055 desiderant;
3767 1003 3830 1043 ex

2231 1077 2521 1149 praeteritis
2543 1077 2859 1149 colligentes
2887 1077 3021 1148 quid
3044 1094 3193 1134 nunc
3225 1080 3277 1135 in
3308 1080 3503 1152 majori
3527 1080 3713 1138 ofﬁcio
3754 1084 3831 1138 sis

2228 1176 2484 1237 acturus,
2524 1169 2617 1240 qui
2662 1169 2938 1241 quondam
2973 1170 3180 1241 positus
3226 1172 3282 1226 in
3326 1172 3521 1229 minori
3562 1190 3675 1229 non
3709 1175 3826 1230 sine

2230 1263 2404 1333 gloria
2452 1263 2713 1319 militasti.
2758 1267 2833 1318 At
2876 1264 3091 1336 ineptus
3120 1281 3243 1337 ego,
3288 1267 3381 1338 qui
3428 1276 3483 1323 te
3526 1267 3825 1326 admonere

2229 1372 2561 1427 prasumam
2580 1399 2595 1425 ,
2620 1366 3045 1430 currentemque
3073 1360 3221 1415 nitar
3261 1361 3544 1432 impellere
3571 1382 3583 1417 :
3610 1378 3735 1418 cum
3764 1372 3827 1420 tu

2230 1447 2440 1505 fervore
2482 1451 2717 1506 mirabili
2756 1452 2964 1524 majora
3006 1453 3251 1509 moliaris
3293 1470 3460 1524 quam
3500 1464 3685 1512 nostra
3728 1474 3821 1513 su-

2226 1544 2770 1616 spiceturinﬁrmitas
2790 1568 2803 1611 ;
2825 1554 2898 1612 et,
2926 1546 3174 1617 aquilino
3193 1562 3346 1603 more
3371 1549 3559 1604 omnia
3576 1548 3827 1608 inferiora

2227 1637 2635 1704 transvolitans,
2682 1636 2739 1691 in
2781 1636 2950 1708 ipsius
2975 1637 3104 1694 solis
3151 1638 3405 1695 ardorem
3443 1647 3570 1697 tuos
3606 1641 3828 1714 inﬁgere

2227 1727 2440 1783 coneris
2468 1728 2712 1783 obtutus.
2747 1750 2773 1778 ››

517 1842 753 1901 vocant,
781 1834 1031 1889 universa
1068 1839 1430 1904 convergunt.
1459 1833 1666 1887 Tantus
1694 1838 1908 1896 autem,
1933 1838 1991 1884 ut
2020 1845 2119 1884 no-
2156 1818 2202 1879 Β
2232 1839 2263 1903 §
2302 1839 2371 1891 ll.
2420 1842 2495 1893 De
2541 1840 2913 1895 Translatione
2970 1844 3240 1911 corporis,
3287 1848 3338 1898 et
3384 1846 3532 1898 cultu
3583 1848 3645 1901 B.
3698 1847 3826 1903 Grc—

516 1924 600 1981 bis
629 1926 865 1980 relatum
894 1933 996 1993 est,
1028 1925 1204 1980 totius
1245 1924 1429 1995 populi
1469 1923 1524 1978 in
1550 1932 1642 1978 tua
1684 1924 1946 1977 electione
1983 1938 2122 1977 con-

516 2019 736 2089 spiravit
768 2034 1021 2074 assensus
1044 2060 1059 2087 ,
1091 2026 1155 2073 ut
1176 2018 1359 2073 nullus
1390 2017 1618 2073 omnino
1649 2033 1712 2071 ex
1751 2026 1900 2072 tanta
1933 2016 2119 2072 multi-

517 2112 707 2168 tudine
731 2112 876 2167 visus
897 2110 1061 2167 fuerit
1086 2111 1389 2167 dissentire.
1422 2115 1487 2166 Et
1515 2111 1686 2178 unde,
1719 2126 1903 2182 quaso
1924 2153 1939 2179 ,
1968 2120 2121 2167 tanta

519 2205 890 2274 unanimitas,
938 2214 1087 2261 tanta
1131 2206 1309 2278 potuit
1360 2222 1479 2261 esse
1527 2205 1858 2261 concordia?
1906 2206 2008 2261 nisi
2055 2222 2119 2261 ex

516 2301 750 2372 Spiritus
820 2301 963 2357 illius
1026 2300 1326 2368 instinctu,
1395 2300 1552 2371 cujus
1606 2300 1735 2356 olim
1786 2301 2117 2372 aspiratione

514 2394 666 2466 plebs
694 2396 962 2467 primitiva
992 2395 1337 2451 credentium
1370 2411 1539 2451 unum
1566 2412 1662 2451 cor
1703 2404 1759 2451 et
1788 2412 1957 2453 unam
2000 2396 2117 2450 ani-

513 2502 661 2544 mam
696 2489 948 2546 habuisse
971 2489 1314 2546 describitur.

585 2588 640 2638 6.
687 2606 712 2629 ‹ι
754 2583 970 2639 Gratias
1012 2599 1141 2655 ergo
1187 2587 1305 2639 Deo
1331 2625 1345 2650 ,
1376 2583 1878 2655 pracellentissime
1921 2587 2112 2652 Pater,

514 2679 716 2748 gratias
747 2681 899 2743 Deo,
935 2679 1025 2750 qui
1052 2679 1131 2733 sic
1164 2686 1272 2735 tua
1300 2677 1435 2733 favit
1457 2677 1745 2744 electioni,
1776 2686 1839 2733 ut
1876 2692 1989 2732 non
2019 2693 2115 2748 pa-

514 2780 654 2827 teret
694 2773 934 2828 Ecclesia
989 2771 1291 2828 schismati.
1349 2771 1605 2843 Quisquis
1634 2771 1748 2842 jam
1798 2770 1963 2841 igitur
2018 2778 2114 2826 tuo

512 2866 833 2923 Sacerdotio
880 2867 1246 2930 adversatur,
1294 2865 1587 2937 cujuslibet
1634 2880 1754 2920 esse
1802 2865 1985 2920 meriti
2031 2865 2111 2919 vel

511 2960 756 3017 scientia
798 2960 1064 3027 videatur,
1106 2958 1175 3014 ad
1224 2958 1356 3013 illud
1398 2958 1624 3013 cceleste
1661 2957 1952 3014 adiﬁcium
1999 2974 2113 3013 non

510 3053 733 3124 aspirat,
765 3054 911 3124 quia,
963 3069 1057 3123 per
1096 3052 1335 3108 tumoris
1367 3052 1560 3106 vitium
1588 3060 1752 3121 atque
1799 3051 2107 3119 discordia,

511 3147 759 3202 omnium
788 3163 919 3217 pace
948 3147 1327 3201 membrorum
1367 3161 1426 3201 se
1463 3145 1656 3216 privat.
1696 3145 1856 3212 Quod
1888 3145 2110 3215 quidem
2144 3186 2190 3249 Ο

508 3240 784 3295 neminem
815 3256 1078 3295 ausurum
1120 3256 1239 3295 esse
1266 3239 1617 3306 conﬁdimus,
1649 3238 1747 3294 nisi
1794 3240 1907 3310 qui,
1938 3254 2115 3310 respe-

509 3316 600 3389 ctu
630 3334 845 3389 misera
885 3334 1255 3402 conscientia,
1312 3332 1526 3405 pondus
1570 3342 1679 3389 tua
1706 3332 1811 3388 sibi
1852 3332 2111 3388 formidat

509 3428 799 3484 imminere
830 3429 1143 3484 sententia.
1185 3428 1349 3485 Unde
1378 3437 1435 3484 et
1479 3428 1567 3483 ille
1598 3426 1853 3483 diabolus
1887 3428 2106 3484 Vercel-

511 3524 674 3580 lensis
714 3541 843 3580 cum
873 3526 987 3581 suis
1015 3524 1379 3595 complicibus
1423 3525 1670 3579 elaborat
1698 3532 1761 3579 ut
1797 3533 1856 3578 tu
1888 3523 1941 3578 in
1969 3523 2110 3580 Sede

420 3614 421 3617 “
508 3635 621 3673 non
653 3618 853 3674 debeas
889 3618 1224 3682 conﬁrmari,
1252 3626 1505 3672 metuens
1532 3617 1697 3672 miser
1734 3633 1806 3671 ne
1854 3616 1950 3672 illo
1991 3617 2109 3672 zelo

507 3721 625 3777 tuo,
648 3728 755 3781 quo
787 3712 841 3765 in
868 3711 1056 3768 hostes
1090 3710 1343 3767 Ecclesia
1377 3710 1728 3766 exardescere
1763 3711 1926 3778 soles,
1962 3726 2109 3765 nunc

507 3803 622 3874 ejus
670 3803 895 3876 ﬂagitia,
950 3804 1069 3876 ejus
1112 3804 1418 3872 dedecora,
1466 3802 1588 3875 ejus
1625 3803 1865 3859 debeant
1910 3803 2106 3874 probra

504 3895 776 3951 damnari.
809 3900 1017 3952 Verum
1044 3897 1300 3953 omnibus
1330 3896 1491 3952 bonis
1520 3912 1585 3951 eo
1611 3894 1728 3968 ipso
1759 3896 1879 3968 plus
1905 3897 2105 3967 places,

505 4004 613 4059 quo
638 3988 895 4060 pessimis
921 3988 1172 4059 displices
1210 4006 1221 4043 :
1256 3988 1379 4060 quia
1410 4004 1520 4044 non
1552 3989 1665 4043 leve
1700 3990 1780 4042 vel
1813 3988 2105 4043 minimum

505 4081 888 4137 testimonium
917 4091 999 4136 est
1039 4081 1349 4153 probitatis,
1382 4082 1718 4153 displicuisse
1756 4082 1879 4136 ﬁliis
1908 4082 2107 4154 iniqui-

505 4174 647 4229 tatis.
687 4195 708 4226 ι
752 4176 886 4231 Hac
914 4175 1227 4230 Willelmus
1257 4174 1465 4241 Abbas,
1512 4173 1769 4246 graphice
1812 4174 2108 4246 depingens

503 4268 912 4324 Vercellensem
934 4269 1286 4340 Gregorium,
1307 4284 1372 4323 eo
1396 4268 1621 4323 nomine
1639 4266 1944 4339 indignum,
1968 4271 2108 4322 Hen-

502 4362 601 4417 rici
625 4364 979 4433 Imperatoris
1000 4378 1055 4417 in
1088 4362 1242 4417 Italia
1267 4362 1697 4428 Cancellarium;
1728 4361 1817 4431 qui
1842 4361 1959 4432 jam
1981 4362 2109 4418 inde

502 4456 571 4511 ab
602 4472 747 4511 anno
795 4462 914 4513 I41.
944 4472 1039 4527 per
1083 4456 1374 4511 Nicolaum
1418 4454 1749 4510 Pontiﬁcem
1793 4453 1976 4511 fuerat
2017 4472 2107 4511 ex-

2869 1915 3017 1980 gorz'i
3067 1915 3181 1968 VH.

2305 2019 2352 2067 7.
2382 2015 2599 2070 Marcus
2610 2016 2888 2072 Antonius
2902 2017 3178 2072 Marsilius
3195 2018 3482 2087 Columna,
3506 2036 3653 2076 anno
3670 2027 3825 2078 1574.

2226 2109 2599 2165 Salernitanus
2647 2109 3109 2183 ArchiepiscOpus
3158 2111 3442 2181 salutatus,
3490 2123 3683 2185 prater
3726 2116 3824 2171 alia

2227 2203 2566 2275 EpiscOpalis
2599 2204 2979 2260 sollicitudinis
3038 2221 3202 2276 opera
3251 2206 3451 2278 quibus
3512 2210 3825 2266 Pralatura

2225 2313 2340 2352 sua
2367 2313 2545 2353 annos
2573 2298 2989 2370 quatuordecim
3017 2299 3255 2356 reddidit
3294 2302 3526 2372 posteris
3557 2319 3824 2359 memora-

2228 2389 2381 2458 biles,
2410 2392 2606 2447 librum
2633 2393 2959 2463 conscripsit
2985 2392 3054 2448 de
3084 2394 3191 2449 vita
3224 2404 3280 2450 et
3306 2395 3470 2466 gestis
3493 2411 3555 2452 ac
3591 2398 3825 2453 transla-

2227 2484 2374 2541 tione
2402 2488 2463 2541 B.
2502 2486 3020 2558 MatthaiApostoli
3052 2496 3105 2542 et
3150 2489 3545 2561 Evangelista;
3591 2490 3826 2547 necdum

2223 2577 2447 2648 quidem
2472 2579 2630 2634 nobis
2658 2580 2856 2647 visum,
2892 2581 3178 2652 cognitum
3207 2591 3389 2638 tamen
3413 2600 3477 2639 ex
3503 2582 3827 2656 descriptio-

2221 2688 2289 2728 ne
2353 2673 2759 2746 elegantissima
2824 2676 3263 2746 Metropolitana
3311 2676 3478 2748 ipsius
3538 2679 3819 2746 ecclesia,

2224 2782 2389 2838 quam
2420 2766 2547 2821 inde
2574 2766 2917 2840 deprompsit
2943 2770 3328 2826 Ferdinandus
3356 2771 3642 2842 Ughellus,
3680 2787 3820 2843 pra-

2224 2862 2501 2932 mittitque
2543 2864 2805 2933 Catalogo
2851 2863 3322 2919 Salernitanorum
3366 2864 3821 2936 Archiepiscopo-

2224 2969 2369 3019 rum,
2400 2962 2537 3009 tom.
2573 2960 2626 3008 7.
2662 2955 2831 3010 Italia
2856 2971 3043 3011 sacra.
3081 2957 3183 3011 Hic
3222 2973 3351 3012 cum
3394 2957 3672 3013 tribunam
3714 2958 3825 3013 sive

2221 3045 2467 3102 absidem
2502 3048 2687 3118 templi
2732 3039 3124 3119 descripsisset,
3170 3050 3243 3104 ita
3270 3050 3518 3120 loquitur
3561 3070 3574 3106 :
3605 3075 3628 3098 σι
3656 3052 3759 3119 Qui
3791 3068 3820 3107 a

2221 3138 2429 3195 dextris
2480 3140 2764 3197 conﬁcitur
2818 3144 3050 3215 angulus
3096 3143 3155 3197 in
3187 3143 3299 3197 imo
3346 3144 3535 3213 templi
3596 3144 3822 3200 illustris

2223 3235 2379 3304 plane
2406 3234 2580 3291 factus
2608 3243 2711 3302 est,
2738 3236 2809 3293 ob
2840 3238 3158 3308 praclaram
3186 3236 3447 3306 capellam
3480 3238 3819 3294 vermiculati

2220 3329 2422 3399 operis,
2450 3346 2625 3400 quam
2653 3332 2895 3386 Joannes
2920 3330 2988 3386 de
3014 3328 3245 3386 Procida
3284 3330 3661 3387 Salernitanus
3700 3348 3816 3387 ere-

2218 3421 2302 3475 xit
2351 3430 2517 3493 atque
2568 3421 2807 3491 dotavit;
2855 3432 2976 3479 tum
3036 3423 3107 3478 ob
3170 3422 3405 3494 plurium
3458 3424 3820 3503 Pralatorum

2218 3516 2691 3586 splendidissimas
2712 3534 2896 3588 urnas,
2916 3527 3033 3573 tum
3057 3533 3184 3573 vero
3204 3519 3471 3589 praecipue
3491 3518 3562 3575 ob
3582 3534 3819 3574 marmo-

2219 3627 2377 3667 reum
2416 3613 2718 3681 tumulum,
2748 3612 2803 3668 in
2843 3629 2952 3685 quo
2980 3613 3260 3669 Robertus
3300 3612 3637 3670 Guiscardus
3684 3614 3820 3669 Gre-

2218 3705 2353 3776 gorii
2385 3708 2505 3762 VII.
2535 3708 2738 3762 summi
2765 3708 3066 3779 optimique
3105 3707 3383 3763 Pontiﬁcis
3421 3724 3619 3780 corpus
3648 3708 3817 3764 collo-

2218 3800 2382 3869 cavit,
2411 3817 2573 3873 quem
2600 3811 2660 3857 ut
2684 3801 2909 3857 Henrici
2942 3803 3033 3855 lV.
3067 3804 3557 3874 Romanorumque
3583 3801 3819 3872 perﬁdia

2218 3894 2598 3963 subtraheret,
2639 3895 2792 3967 quasi
2845 3894 3139 3967 perfugum
3190 3895 3427 3967 hospitio
3476 3904 3756 3965 receperat
3801 3914 3815 3950 ;

2218 3988 2372 4059 cujus
2401 4006 2501 4045 nos
2526 3990 2627 4060 ipsi
2665 3989 2946 4061 reliquias,
2982 3989 3131 4045 nulla
3170 4005 3233 4045 ex
3266 3998 3417 4060 parte
3464 3987 3821 4044 labefactatas

2218 4081 2631 4155 Pontiﬁciisque
2671 4082 3007 4138 indumentis
3048 4092 3305 4149 ornatas,
3353 4080 3459 4136 hoc
3502 4096 3675 4147 anno,
3725 4080 3817 4151 qui

2218 4183 2304 4229 est
2357 4191 2389 4231 a
2439 4177 2803 4232 tumulatione
2861 4175 2974 4231 fere
3033 4174 3536 4247 quingentesimus,
3581 4174 3817 4245 propriis

2219 4268 2392 4323 oculis
2432 4269 2804 4340 inspeximus,
2837 4268 3172 4339 propriisque
3216 4266 3474 4322 manibus
3503 4276 3813 4323 contrecta-

2221 4361 2433 4432 vimus;
2465 4366 2756 4436 locumque
2784 4363 2988 4435 ipsum,
3015 4370 3286 4418 vetustate
3317 4376 3457 4433 pene
3486 4362 3815 4433 collapsum,

2218 4461 2594 4525 restituimus;
2624 4468 2680 4515 et
2706 4459 2761 4514 in
2790 4458 3122 4515 sanctissimi
3148 4474 3210 4513 ac
3238 4458 3491 4530 generosi
3534 4456 3817 4513 Pontiﬁcis

499 4552 961 4618 communicatus,
993 4566 1099 4606 una
1128 4565 1256 4607 cum
1286 4549 1682 4605 Mediolanensi
1703 4590 1717 4616 ,
1745 4550 2063 4607 Taurinensi
2085 4593 2099 4619 ,
2131 4552 2179 4613 D
2212 4549 2498 4619 honorem,
2533 4568 2669 4623 pene
2693 4552 3125 4619 delitescentem,
3148 4550 3466 4622 hujusmodi
3497 4565 3815 4605 monumen-

500 4643 840 4711 Novariensi,
888 4644 1173 4713 Brixiensi,
1221 4652 1273 4699 et
1298 4643 1571 4699 Laudensi
1619 4643 1897 4715 EpiscOpis
1930 4662 1942 4699 :
1976 4646 2101 4717 quia

498 4735 716 4793 duobus
739 4746 867 4793 ante
896 4738 1053 4793 annis
1075 4746 1409 4793 conventum
1451 4737 1755 4793 habuerant
1784 4740 2093 4808 Fontaneti,

497 4829 553 4884 in
582 4846 689 4901 quo
715 4831 996 4886 communi
1040 4832 1306 4887 sententia
1346 4840 1654 4887 statuerant
1695 4832 1844 4903 quod
1880 4833 2100 4889 Clericis

499 4939 696 4980 uxores
724 4925 921 4980 habere
948 4925 1164 4993 liceret;
1196 4926 1288 4996 qui
1312 4936 1518 4986 tamen.
1541 4927 1700 4998 jussu
1732 4926 1955 4981 Henrici
1985 4929 2096 4981 lm-

496 5017 794 5089 peratoris,
842 5019 1089 5089 Gregorii
1131 5018 1463 5073 electionem
1492 5018 1833 5089 approbavit,
1882 5020 2095 5073 calamo

493 5110 675 5180 potius
702 5126 868 5181 quam
913 5112 1122 5176 animo,
1154 5111 1233 5167 uti
1279 5111 1363 5166 vel
1391 5127 1461 5165 ex
1492 5109 1593 5166 hac
1635 5110 1876 5181 Epistola
1907 5111 2094 5182 liquet,

494 5219 664 5275 quam
692 5204 1010 5261 Willelmus
1056 5205 1135 5261 sic
1176 5205 1546 5276 prosequitur.
1590 5228 1614 5252 α
1648 5206 1805 5260 Nunc
1841 5220 1970 5277 ergo
2012 5220 2095 5260 ac-

491 5295 713 5368 cingere
742 5297 917 5369 gladio
941 5306 1039 5353 tuo
1068 5313 1236 5369 super
1261 5296 1441 5353 femur
1468 5305 1650 5365 tuum,
1681 5297 2091 5369 potentissime;

489 5393 605 5462 illo,
626 5393 872 5465 inquam,
908 5394 1109 5466 gladio,
1134 5410 1301 5465 quem
1330 5410 1442 5450 non
1468 5394 1876 5467 prohibendum
1905 5411 2023 5451 esse
2060 5411 2093 5452 a

487 5488 749 5559 sanguine
797 5489 1073 5560 Propheta
1120 5490 1443 5559 proclamat,
1477 5506 1754 5561 quemque
1793 5489 2093 5546 devoratu-

486 5595 612 5637 rum
655 5596 851 5638 carnes
894 5582 1163 5638 Dominus
1207 5582 1501 5639 salubriter
1552 5584 1861 5655 pollicetur.
1922 5583 2091 5639 Vides

485 5683 634 5731 certe
662 5675 717 5731 in
756 5675 1049 5732 Israelitica
1078 5685 1258 5732 castra
1292 5677 1621 5734 Amalecitas
1657 5686 1713 5732 et
1744 5674 2088 5747 Madianitas,

484 5777 822 5841 caterasque
850 5779 1028 5841 pestes
1053 5772 1253 5843 pariter
1273 5772 1635 5841 conspirasse.
1672 5773 1867 5843 Magna
1891 5770 2090 5827 sollici-

482 5862 695 5932 tudine,
723 5861 917 5936 grandi
943 5864 1193 5935 consilio,
1221 5863 1595 5934 continuoque
1614 5861 1798 5920 studio
1828 5880 1965 5935 opus
1983 5872 2086 5934 est,

2209 4652 2330 4699 tum
2359 4647 2663 4715 ereximus,
2695 4668 2720 4695 υ
2755 4648 2934 4717 (quale
2959 4644 3161 4700 scilicet
3202 4644 3255 4698 in
3290 4658 3601 4698 marmorea
3630 4642 3813 4698 tabula

2209 4738 2508 4795 etiamnum
2539 4748 2834 4812 spectatur,
2866 4747 2923 4794 et
2949 4754 2981 4794 a
3009 4738 3289 4794 Ludovico
3317 4738 3489 4793 Jacob
3521 4737 3574 4792 in
3606 4736 3813 4793 Biblio-

2209 4831 2360 4888 theca
2390 4834 2670 4890 Pontiﬁcia
2699 4834 2866 4890 etiam
2888 4833 3166 4905 recitatur)
3200 4856 3224 4881 «ι
3250 4834 3521 4906 Gregorio
3547 4834 3649 4887 VII
3677 4836 3813 4887 Soa—

2206 4924 2379 4987 nensi,
2398 4929 2561 4982 Pont.
2587 4930 2717 5000 Opt.
2739 4931 2914 4993 Max.,
2934 4924 3595 4982 ecclesiasticalibertatis
3612 4923 3808 4980 vindici

2205 5021 2491 5090 acerrimo,
2508 5021 2760 5075 assertori
2780 5019 3227 5075 constantissimo
3250 5020 3393 5089 :qui,
3412 5018 3543 5074 dum
3566 5018 3809 5073 Romani

2206 5114 2486 5170 Pontiﬁcis
2532 5115 2912 5170 auctoritatem
2960 5114 3223 5170 adversus
3251 5111 3475 5166 Henrici
3525 5108 3809 5181 perﬁdiam

2203 5218 2424 5264 strenue
2453 5216 2659 5274 tuetur,
2703 5207 2909 5263 Salerni
2937 5215 3128 5263 sancte
3155 5204 3418 5261 decubuit
3458 5209 3527 5259 Α.
3567 5206 3637 5268 D,
3684 5216 3810 5275 cro,

2203 5320 2347 5360 cxx.
2375 5319 2427 5359 v.
2455 5318 2567 5359 vu.
2589 5302 2887 5358 KalJunii.
2924 5304 2999 5357 M.
3028 5309 3161 5357 Ant.
3190 5298 3462 5357 Columna
3492 5296 3768 5353 Marsilius
3790 5338 3809 5368 ,

2197 5396 2583 5465 Bononiensis,
2659 5394 3120 5468 Archiepiscopus
3201 5390 3612 5458 Salernitanus,
3672 5406 3800 5447 cum

2200 5490 2343 5545 illius
2379 5505 2601 5561 corpus,
2638 5498 2765 5561 post
2798 5489 3126 5562 quingentos
3154 5484 3367 5542 circiter
3393 5500 3569 5540 annos
3593 5526 3609 5553 ,
3639 5483 3808 5540 sacris

2200 5584 2464 5640 amictum
2494 5592 2548 5639 et
2572 5583 2688 5639 fere
2717 5584 3016 5655 integrum,
3047 5579 3371 5653 reperisset;
3394 5596 3465 5636 ne
3498 5579 3634 5635 tanti
3664 5581 3803 5634 Pon-

2199 5677 2362 5733 tiﬁcis
2408 5676 2727 5749 sepulcrum
2770 5676 3034 5731 memoria
3074 5673 3282 5730 diutius
3321 5681 3552 5739 careret,
3600 5673 3804 5743 Grego-

2199 5771 2282 5826 rio
2329 5773 2484 5827 ΧΙΙΙ.
2537 5771 2863 5827 Bononiensi
2904 5756 3169 5837 sedente',
3221 5771 3300 5825 Μ.
3342 5771 3401 5825 Ρ.
3449 5765 3622 5839 pridie
3666 5763 3799 5821 Kal.

2200 5865 2471 5935 Quintiles
2497 5869 2571 5921 A.
2600 5868 2671 5921 D.
2704 5879 2934 5935 013.913.
2964 5871 3055 5920 77.
3087 5872 3153 5937 ri;
