4122 6180
335 244 399 296 1⁸7
1326 204 1861 299 PROLEGOMENA.
1903 274 1976 286 —
2010 246 2187 301 ACTA
2228 247 2285 301 s.
2330 248 2673 305 GREGORII.
2752 204 2767 215 Ἥ
3586 260 3650 312 is

403 376 456 424 8.
486 368 773 425 Robertus
806 367 1175 437 Guiscardus,
1207 373 1563 427 Normannici
1602 374 1657 427 in
1688 374 1941 430 Calabria
1973 380 2023 441 Α
2052 375 2193 430 verit
2248 376 2408 431 titulo
2467 378 2814 435 Cardinalitio
2834 420 2849 447 ,
2902 382 3341 467 concesseritque
3388 385 3650 439 mantello

328 473 493 533 atque
517 463 703 519 Sicilia
729 465 994 531 Ducatus,
1026 471 1212 534 postea
1232 465 1429 537 Regni,
1452 465 1727 532 conditor,
1750 467 1944 523 eodem

325 573 432 629 quo
462 558 777 630 Gregorius
802 565 902 611 aut
933 554 1126 612 saltem
1170 558 1343 613 altero
1385 568 1509 630 post
1537 575 1706 628 anno,
1758 576 1943 617 mense

325 652 477 708 Julio
521 652 691 720 obiit;
739 652 902 724 eique
947 652 1095 708 ﬁlius
1133 654 1403 725 Bogerius
1443 656 1733 723 successit,
1771 671 1943 727 usque

329 746 405 802 ad
435 752 567 802 1101
600 756 903 818 superstes.
940 749 1009 802 Et
1039 747 1130 803 hic
1178 747 1318 803 forte
1362 750 1558 804 melius
1601 749 1943 806 adscribere-

328 848 426 895 tur
454 843 749 897 marmorei
765 841 1004 913 sepulcri
1018 843 1220 897 erectio
1245 862 1257 897 :
1282 859 1411 899 nam
1436 843 1734 901 Ordericus
1748 845 1941 902 Vitalis

330 937 502 992 muli
552 943 636 993 12.
691 939 927 1009 scriptor
964 939 1220 994 Historiae
1262 940 1414 994 Eccl.
1462 940 1558 995 lib.
1600 948 1651 995 8.
1701 941 1940 997 indicare

324 1030 566 1095 videtur,
593 1032 705 1087 alio
753 1032 872 1087 loco
901 1032 1055 1104 prius
1092 1030 1377 1088 conditum
1422 1020 1682 1089 Sanctum
1721 1034 1888 1090 fuisse
1923 1056 1934 1088 :

322 1126 402 1181 sic
428 1125 587 1181 enim
617 1126 868 1198 loquitur
893 1146 907 1181 :
944 1151 969 1175 «ι
1006 1125 1263 1182 Defuncti
1295 1129 1457 1198 Papae
1486 1144 1685 1198 corpus
1716 1128 1770 1183 in
1797 1130 1938 1184 Con-

324 1217 571 1274 fessione
630 1222 697 1275 B.
740 1219 1102 1275 Batholomaei
1150 1220 1399 1290 Apostoli
1449 1221 1784 1275 tumulatum
1831 1229 1933 1290 est,

324 1310 410 1365 ubi
442 1311 665 1366 meritis
692 1312 813 1383 ejus
841 1311 966 1367 ﬁdei
999 1312 1333 1383 petentium,
1365 1312 1754 1367 miraculorum
1783 1314 1934 1383 copia

319 1404 586 1461 divinitus
611 1416 849 1461 ostensa.
880 1408 1025 1461 Nam
1066 1407 1259 1477 leprosi
1300 1407 1367 1463 de
1397 1423 1535 1479 aqua
1566 1408 1708 1462 unde
1736 1424 1933 1479 corpus

317 1498 443 1568 ejus
470 1498 732 1554 ablutum
764 1499 966 1567 fuerat,
998 1499 1304 1571 petierunt;
1338 1517 1443 1571 qua
1470 1510 1765 1556 consecuta
1792 1501 1931 1557 ﬁde-

317 1590 565 1647 literloti
591 1601 742 1659 sunt,
772 1602 826 1649 et
849 1595 1155 1665 opitulante
1178 1596 1290 1650 Deo
1320 1595 1566 1666 protinus
1588 1596 1834 1651 mundati
1858 1616 1869 1652 :
1906 1620 1929 1645 υ

320 1683 493 1753 idque
524 1683 773 1740 fortassis
816 1686 872 1741 in
905 1687 1255 1742 translatione
1291 1688 1535 1759 corporis
1563 1704 1627 1743 ex
1671 1689 1791 1744 loco
1820 1689 1933 1760 pri-

2056 468 2223 523 rubro
2253 484 2316 523 ac
2360 471 2517 525 mitra
2558 475 2903 529 Damascena
2935 477 3041 543 uti,
3071 474 3347 547 privilegio
3394 492 3490 548 per
3529 479 3649 533 Lu-

2053 561 2200 617 cium
2224 564 2327 617 llI.
2376 572 2560 633 postea
2606 567 2953 623 conﬁrmato.
3007 572 3262 624 Manebat
3305 570 3523 625 interim
3565 586 3650 626 sa-

2053 670 2210 710 crum
2241 671 2471 728 corpus,
2506 658 2586 712 vel
2629 658 2683 712 in
2731 660 2846 729 ipso
2886 662 2974 715 ubi
3020 662 3154 718 illud
3192 663 3650 735 Archiepiscopus

2052 749 2330 804 Marsilius
2382 750 2660 806 invenerat
2712 763 3102 821 monumento,
3146 757 3231 810 vel
3283 756 3410 811 inde
3457 773 3645 812 exem-

2048 850 2207 913 ptum
2252 844 2568 899 servabatur
2611 845 2663 899 in
2712 847 2981 915 sacrario,
3020 864 3302 920 quousque
3357 852 3648 906 Romanus

2051 935 2297 991 Pontifex
2325 938 2610 994 annuisset
2633 939 2736 994 sub
2765 940 2921 994 altari
2951 942 3135 995 condi.
3165 942 3226 997 Id
3251 958 3379 998 vero
3400 943 3646 1013 primum

2047 1045 2189 1084 anno
2233 1036 2391 1086 1595.
2420 1047 2539 1086 esse
2578 1031 2780 1088 factum
2823 1035 3019 1088 asserit
3047 1041 3239 1088 auctor
3282 1037 3645 1091 recentissimi

2048 1124 2372 1191 marmoris,
2415 1125 2562 1196 quod
2600 1142 2745 1182 anno
2797 1132 2957 1182 1685.
3005 1127 3106 1182 sub
3142 1143 3312 1182 manu
3353 1129 3647 1200 sculptoris

2044 1216 2383 1286 versabatur,
2414 1217 2581 1274 ﬁnem
2629 1219 2754 1274 huic
2792 1220 3135 1293 Paragrapho
3173 1220 3468 1275 facturum.
3516 1224 3649 1276 Erat

2044 1317 2180 1364 tunc
2203 1313 2489 1366 Romanus
2532 1311 2775 1368 Pontifex
2806 1314 3060 1369 Clemens
3087 1316 3240 1379 VIII,
3267 1314 3422 1385 cujus
3452 1314 3649 1369 rescri-

2046 1411 2199 1475 ptum
2247 1403 2475 1475 aliquod
2512 1405 2745 1476 proferri
2789 1415 3063 1478 optarem;
3104 1416 3222 1462 erat
3255 1408 3423 1462 etiam
3461 1407 3646 1463 Saler-

2040 1498 2259 1553 nitanus
2284 1498 2748 1570 Archiepiscopus
2793 1501 3000 1556 Marius
3037 1500 3409 1572 Bologninus;
3445 1500 3572 1571 qui,
3602 1500 3645 1555 si

2043 1590 2359 1659 praedictam
2387 1593 2820 1647 Translationem
2851 1592 3010 1661 fecit,
3058 1594 3239 1665 potuit
3282 1594 3449 1648 etiam
3477 1608 3507 1647 a
3553 1608 3643 1648 re-

2044 1685 2194 1756 liquo
2249 1686 2492 1756 Corpore
2534 1702 2815 1757 separasse
2859 1702 3077 1742 sacrum
3124 1690 3334 1759 Caput,
3378 1695 3643 1758 argenteo

321 1793 436 1833 mae
458 1779 757 1849 sepulturae
787 1780 838 1836 in
868 1781 987 1850 ipsa
1012 1780 1390 1849 Confessione,
1415 1781 1488 1837 ad
1525 1782 1705 1838 locum
1737 1783 1793 1838 in
1823 1799 1931 1855 quo
1963 1750 2011 1811 Β
2043 1778 2202 1848 capiti
2252 1778 2649 1834 includendum
2671 1818 2686 1845 ,
2738 1778 3097 1851 pretiosaque
3136 1796 3202 1835 ex
3248 1795 3359 1836 aere
3393 1781 3644 1835 inaurato

321 1872 581 1927 ducentis
605 1870 718 1928 fere
750 1881 872 1943 post
901 1881 1143 1929 mortem
1178 1875 1427 1947 Gregorii
1457 1877 1615 1931 anuis
1652 1878 1929 1934 tumulum

316 1966 438 2036 ejus
479 1967 688 2037 reperit
726 1969 966 2022 Joannes
1006 1968 1255 2024 Prochita
1279 2012 1293 2036 ,
1343 1970 1800 2027 celebratissimus
1846 1973 1933 2029 ille

320 2063 695 2132 Vesperarum
754 2061 1061 2117 Sicularum
1129 2072 1339 2119 auctor.
1398 2063 1502 2118 Hic
1559 2080 1689 2119 vero
1750 2068 1932 2123 nescio

314 2170 485 2226 quam
534 2155 702 2210 aliam
745 2156 985 2226 patuerit
1029 2155 1233 2213 habere
1285 2173 1507 2213 causam
1557 2158 1674 2229 ejus
1718 2162 1931 2228 sacelli,

316 2249 434 2319 ipso
475 2249 717 2320 sepulcri
743 2249 896 2316 loco,
940 2258 1055 2305 tam
1092 2252 1382 2323 magniﬁce
1424 2252 1738 2321 extruendi,
1769 2270 1931 2325 quam

317 2343 656 2413 peculiarem
686 2342 953 2399 affectum
991 2360 1120 2414 erga
1150 2344 1224 2399 ibi
1254 2347 1533 2416 sepultum
1580 2346 1933 2417 Pontiﬁcem,

316 2436 574 2491 innixum
612 2437 821 2509 vulgari
866 2436 933 2493 de
961 2438 1213 2509 ejusdem
1241 2440 1531 2495 sanctitate
1560 2446 1612 2495 et
1658 2441 1935 2497 miraculis

316 2530 605 2601 Opinioni,
663 2532 914 2602 quamvis
974 2532 1155 2604 ipsum
1227 2534 1494 2590 sacellum
1558 2537 1616 2590 S.
1682 2534 1935 2591 Michaeli

313 2625 670 2696 Arcbangelo
688 2665 703 2690 ,
730 2641 840 2680 non
865 2634 1053 2681 autem
1082 2626 1350 2698 Gregorio
1392 2626 1562 2683 fuerit
1595 2628 1928 2685 dedicatum.

313 2721 425 2774 Nec
450 2718 597 2774 nihil
641 2718 713 2774 ad
739 2718 1087 2789 probandum
1122 2720 1368 2792 ejusdem
1399 2721 1689 2792 antiquum
1722 2722 1932 2778 cultum

315 2812 471 2878 facit,
502 2812 663 2885 quod
705 2814 1029 2869 Anastasius
1071 2816 1214 2886 Papa
1250 2817 1355 2881 IV,
1388 2816 1549 2871 annis
1578 2814 1727 2871 haud
1756 2817 1933 2872 multo

318 2908 566 2979 pluribus
607 2923 784 2979 quam
822 2908 1106 2979 sexaginta
1152 2917 1277 2980 post
1318 2909 1677 2981 Gregorium,
1710 2910 1932 2980 picturis

313 3018 589 3058 exornans
629 3002 876 3058 absidem
928 3012 983 3057 et
1022 3002 1192 3059 altare
1245 3003 1480 3059 Oratorii
1513 3004 1568 3059 S.
1618 3003 1830 3059 Nicolai
1880 3005 1935 3059 in

2038 1871 2381 1943 gemmisque
2408 1881 2463 1927 et
2485 1872 2750 1943 lapidibus
2772 1881 2978 1928 ornatae
2994 1882 3190 1929 statua:
3216 1872 3607 1944 imponendum
3629 1890 3642 1926 :

2043 1964 2204 2035 idque
2253 1965 2339 2020 die
2383 1972 2435 2021 4.
2469 1965 2628 2035 Maii,
2662 1981 2771 2037 quo
2813 1966 2901 2022 die
2938 1967 3379 2021 Translationem
3409 1980 3642 2038 praeme-

2041 2067 2330 2125 moratam,
2356 2074 2536 2114 annua
2565 2060 2883 2115 celebritate
2903 2060 3215 2126 colendam,
3244 2059 3441 2115 exinde
3469 2074 3644 2114 susce-

2042 2151 2120 2222 pit
2158 2152 2493 2207 Salernitana
2542 2153 2817 2221 Ecclesia,
2866 2153 3021 2208 solita
3068 2152 3186 2224 ipso
3231 2151 3324 2207 die
3369 2159 3423 2207 4.
3468 2152 3638 2220 Maii;

2042 2253 2203 2316 atque
2243 2245 2409 2301 etiam
2452 2246 2542 2301 die
2584 2251 2673 2301 25.
2703 2244 2916 2301 deferre
2956 2262 3020 2301 ex
3054 2247 3292 2301 sacrario
3322 2244 3643 2317 praedictum

2042 2339 2221 2409 Caput
2257 2338 2329 2393 ad
2380 2338 2523 2394 istud
2570 2339 2771 2407 altare,
2817 2355 2942 2394 cum
2998 2355 3200 2411 pompa
3256 2339 3643 2410 processionali

2041 2447 2354 2503 magnoque
2383 2433 2732 2488 luminarium
2759 2440 3025 2503 apparatu
3052 2441 3107 2488 et
3135 2432 3320 2504 populi
3351 2448 3641 2488 concursu.

2043 2528 2183 2579 Sunt
2222 2533 2408 2581 tamen
2453 2527 2545 2597 qui
2590 2526 2980 2582 Translationis
3026 2526 3184 2581 istius
3230 2534 3512 2581 auctorem
3557 2525 3639 2581 fa-

2041 2619 2193 2673 ciunt
2228 2619 2411 2690 ipsum
2447 2620 2931 2690 Archiepiscopum
2972 2620 3274 2674 Marsilium
3324 2637 3337 2674 :
3385 2618 3471 2674 hic
3513 2634 3641 2675 vero

2039 2711 2236 2766 dicitur
2284 2713 2481 2767 obiisse
2537 2728 2682 2768 anno
2744 2718 2906 2780 1582;
2956 2712 3204 2784 adeoque
3264 2712 3635 2784 Martyrologii

2040 2804 2361 2876 Gregoriani
2391 2805 2692 2861 editionem
2739 2816 3214 2876 praememoratam
3245 2804 3359 2877 ipsa
3387 2806 3643 2861 Transla-

2040 2899 2116 2951 tio
2161 2898 2532 2968 praecessisset
2574 2897 2791 2952 duobus
2833 2898 2992 2953 annis
3024 2918 3035 2952 :
3067 2898 3161 2953 sed
3198 2906 3254 2952 et
3290 2898 3451 2953 istam
3492 2912 3639 2968 prae-

2042 2998 2316 3046 cesserant
2343 2990 2607 3045 editiones
2639 2990 3008 3062 Martyrologii
3036 2990 3182 3061 dua,
3210 3004 3443 3060 quarum
3463 3004 3639 3045 annos

314 3098 497 3163 Urbe,
530 3105 704 3168 ρι-οηι
729 3097 914 3167 ipsum
943 3112 1095 3153 maca
1139 3096 1323 3153 mbula
1372 3112 1691 3168 expressum
1720 3098 1844 3155 dedi
1877 3099 1933 3155 in
1968 3066 2012 3127 (ἶ
2043 3084 2201 3138 nobis
2242 3082 2483 3138 indicare
2522 3098 2635 3137 non
2683 3083 2890 3138 curavit
2937 3084 3232 3150 Batonius;
3265 3092 3496 3153 utraque
3535 3097 3637 3138 au-

310 3187 632 3260 Appendice
664 3188 732 3243 ad
760 3189 997 3259 primam
1025 3196 1235 3259 partem
1270 3188 1787 3245 Chronicohistorici
1821 3191 1940 3265 Co-_

307 3294 472 3342 natus
501 3286 575 3342 de
606 3286 881 3341 Romanis
911 3285 1301 3352 Pontiﬁcibus,
1342 3287 1572 3359 Gregor.
1612 3290 1738 3354 VII,
1772 3303 1932 3359 aeque

312 3396 374 3437 ac
395 3382 639 3435 Sanctos
667 3380 806 3435 alios
829 3379 1114 3451 ipsamque
1142 3380 1464 3451 Deiparam,
1495 3380 1713 3451 depiugi
1740 3379 1934 3437 fecerit

308 3492 437 3531 cum
467 3474 640 3529 titulo
669 3474 850 3530 Sancti
880 3481 936 3529 et
963 3473 1283 3529 diademate
1312 3475 1521 3530 circum
1551 3483 1717 3545 caput
1742 3475 1929 3531 ducto.

310 3568 415 3625 Sed
439 3568 547 3623 ista
584 3566 826 3622 Marsilio
854 3568 935 3622 vel
968 3568 1218 3637 ignorata
1258 3569 1473 3639 penitus
1504 3568 1582 3622 vel
1612 3567 1775 3623 dubia
1805 3585 1931 3624 cum

308 3670 517 3727 essent,
551 3660 849 3731 prudenter
875 3661 1038 3716 titulo
1069 3661 1375 3717 istiusmodi
1406 3661 1708 3728 abstinuit,
1741 3670 1797 3716 et
1824 3666 1933 3717 Ro-

312 3770 495 3811 mana:
537 3754 700 3810 Sedis
738 3754 1029 3810 arbitrium
1076 3754 1181 3810 sibi
1230 3754 1464 3810 credidit
1503 3756 1925 3826 expectandum.

320 3850 502 3921 Hujus
525 3858 712 3903 autem
736 3849 1029 3913 sententia,
1062 3865 1131 3904 an
1161 3858 1217 3904 et
1245 3849 1529 3919 quomodo
1559 3851 1607 3905 ei
1640 3850 1807 3907 fuerit
1832 3851 1931 3907 de-

314 3945 552 4006 clarata,
582 3943 771 4013 ignoro
804 3961 818 3994 :
852 3958 1025 3997 unum
1055 3941 1238 4007 video,
1269 3942 1416 4013 quod
1443 3942 1702 4014 praefatus
1729 3945 1934 4017 Grego,

315 4040 439 4094 rius
464 4038 635 4103 XIII,
684 4038 869 4109 elapso
890 4038 1007 4108 jam
1044 4038 1307 4093 sexennio
1337 4054 1366 4092 a
1398 4047 1705 4093 memorata
1747 4038 1929 4093 inven.

311 4132 489 4198 tione,
518 4138 850 4203 mortuoque
883 4131 1156 4197 Marsilio,
1185 4146 1314 4186 cum
1345 4153 1369 4178 ‹‹
1399 4130 1689 4185 emendato
1718 4130 1929 4186 Kalen-

313 4225 493 4292 dario,
520 4227 841 4280 Romanum
869 4241 1085 4297 quoque
1117 4225 1571 4296 Martyrologium
1599 4224 1802 4296 corrigi
1833 4241 1929 4295 per

312 4318 465 4373 viros
505 4316 754 4373 eruditos
798 4326 1020 4374 curaret
1047 4334 1191 4373 anno
1226 4323 1393 4383 I584,
1427 4326 1845 4387 correctumque
1874 4327 1930 4373 et

314 4411 508 4466 multis
536 4410 677 4466 locis
710 4418 934 4465 auctum
966 4409 1228 4481 imprimi,
1264 4433 1290 4457 ιο
1323 4409 1482 4480 quale
1512 4424 1675 4479 penes
1701 4425 1805 4464 nos
1828 4408 1925 4464 ha-

2043 3184 2155 3231 tem
2186 3177 2268 3233 vel
2297 3178 2555 3232 alterutra
2575 3192 2764 3232 earum
2790 3176 2971 3247 potuit
2998 3177 3246 3247 Gregorii
3271 3178 3392 3231 Vll.
3410 3176 3638 3231 nomine

2040 3280 2199 3325 aucta
2242 3270 2435 3338 fuisse,
2475 3270 2793 3341 priusquam
2836 3270 3279 3325 Translationem
3322 3270 3546 3337 faceret,
3590 3271 3636 3325 si

2043 3379 2165 3418 eam
2188 3363 2332 3418 forte
2359 3363 2502 3430 fecit,
2536 3363 2825 3418 Marsilius.

2117 3463 2203 3513 10.
2258 3457 2357 3511 His
2400 3456 2567 3511 veluti
2613 3455 2869 3527 gradibus
2922 3455 3178 3526 paulatim
3230 3466 3522 3526 provectus
3567 3460 3631 3513 Β.

2042 3550 2291 3622 Gregorii
2321 3552 2436 3605 VII.
2463 3550 2662 3617 cultus,
2692 3548 2932 3619 denique
2958 3548 3027 3604 ad
3052 3548 3422 3603 celebritatem
3451 3549 3633 3605 Ofﬁcii

2043 3644 2316 3715 Duplicis,
2349 3644 2563 3714 proprie
2602 3642 2670 3697 de
2709 3642 2829 3713 ipso
2866 3642 3094 3712 agendi,
3125 3650 3338 3697 erectus
3380 3651 3494 3711 est,
3528 3642 3633 3698 sub

2042 3741 2254 3793 Joanne
2296 3736 2645 3792 Bellarminio
2686 3736 2968 3808 Bolognini
3009 3750 3344 3791 successore.
3388 3736 3476 3791 Ab
3526 3735 3633 3792 hoc

2040 3830 2309 3902 siquidem
2338 3831 2693 3903 impetratum
2718 3838 2771 3885 et
2797 3829 2867 3884 ad
2892 3830 3143 3885 notitiam
3173 3844 3444 3900 usumque
3464 3830 3634 3885 totius

2042 3925 2183 3981 Cleri
2226 3924 2550 3981 Salernitaui
2585 3924 2827 3995 imprimi
2849 3924 3067 3995 jussum
3110 3931 3192 3987 est
3234 3923 3438 3988 Breve,
3483 3938 3631 3979 anno

2046 4021 2202 4085 1610,
2230 4018 2386 4089 cujus
2423 4017 2759 4086 exemplum,
2788 4031 2914 4071 cum
2958 4016 3079 4071 aliis
3118 4015 3396 4072 nonnullis
3424 4015 3629 4072 instru-

2040 4114 2310 4173 ctionibus
2336 4112 2443 4167 huc
2466 4110 2855 4182 spectantibus,
2884 4116 2945 4164 ut
2966 4124 3133 4164 manu
3163 4116 3218 4164 et
3241 4107 3348 4164 ﬁde
3366 4109 3629 4166 Notariali

2036 4213 2383 4279 acciperem;
2417 4204 2551 4260 fecit
2572 4206 2635 4258 B.
2670 4207 2741 4257 D.
2772 4203 3030 4258 Nicolaus
3063 4203 3356 4270 Lavianus,
3389 4203 3632 4259 Salerni-

2034 4303 2148 4359 tani
2192 4299 2418 4371 Collegii
2458 4297 2633 4354 nostri
2674 4300 2879 4351 Hector
2915 4311 3060 4351 anno
3106 4300 3265 4351 1685.
3294 4298 3477 4366 Ipsum
3521 4298 3627 4352 tale

2035 4405 2166 4453 est:

313 4503 516 4559 bemus
570 4505 877 4575 exemplar;
930 4504 1108 4560 eidem
1154 4512 1277 4575 post
1319 4505 1374 4559 S.
1429 4502 1774 4559 Bonifacium
1830 4506 1921 4559 IV.
1956 4508 2006 4570 D
2035 4493 2271 4546 PAULUS
2298 4503 2445 4558 ΡαΡα
2474 4488 2701 4556 quintus
2726 4484 2800 4539 ad
2822 4488 3137 4554 Perpetuam
3163 4485 3246 4539 νθί
3270 4486 3578 4539 memoriam
3603 4504 3622 4536 -'

311 4599 627 4673 permiserit
668 4599 834 4653 inseri
883 4599 1046 4654 etiam
1096 4598 1426 4669 Gregorium
1472 4601 1596 4653 Vll.
1642 4614 1769 4654 cum
1820 4598 1925 4655 hoc

310 4694 521 4763 elogio.
564 4715 587 4737 ει
621 4692 829 4748 Salerni
863 4691 1135 4764 depositio
1163 4693 1227 4745 B.
1275 4692 1522 4763 Gregorii
1567 4694 1727 4762 Papae
1756 4692 1927 4762 septi-

306 4786 413 4852 mi,
447 4784 568 4857 qui,
597 4784 908 4841 Alexandro
948 4785 1191 4840 secundo
1220 4784 1520 4839 succedens
1538 4826 1552 4850 ,
1580 4785 1923 4839 Ecclesiasti-

305 4895 437 4935 eam
468 4878 785 4933 libertatem
828 4893 858 4932 a
897 4878 1145 4949 superbia
1176 4878 1497 4949 Principum
1536 4894 1637 4933 suo
1677 4886 1923 4950 tempore

307 4970 652 5041 vindicavit,
695 4979 748 5026 et
795 4970 1029 5026 viriliter
1077 4964 1356 5027 Pontiﬁcia
1424 4972 1753 5026 auctoritate
1822 4972 1920 5027 de-

310 5065 511 5121 fendit.
552 5087 580 5111 ι
616 5067 724 5119 Pro
764 5064 989 5136 quibus,
1018 5064 1074 5119 in
1107 5064 1354 5135 ejusdem
1394 5064 1764 5137 Martyrologii
1804 5064 1918 5120 edi-

313 5158 463 5212 tione
502 5172 650 5211 nova
674 5199 689 5224 ,
730 5158 961 5214 Casaris
1002 5156 1165 5213 Card.
1202 5156 1418 5212 Baronii
1469 5157 1922 5213 Annotationibus

316 5266 446 5305 mox
487 5258 681 5318 aucta,
714 5250 866 5306 Sixto
910 5254 954 5304 V
984 5251 1249 5322 probante
1291 5249 1554 5321 scriptum
1583 5250 1725 5305 fuit:
1762 5275 1787 5298 «
1821 5253 1919 5306 Sa-

314 5342 453 5397 lerni
493 5342 765 5414 depositio
797 5346 861 5399 B.
895 5342 1143 5416 Gregorii
1181 5346 1343 5415 Papa:
1370 5343 1619 5414 septimi,
1650 5345 1920 5401 Ecclesia-

312 5436 473 5490 sticc
511 5435 772 5492 libertatis
812 5437 1231 5509 propugnatoris
1276 5452 1343 5492 ac
1384 5435 1691 5491 defensoris
1718 5438 1920 5493 acerri—

315 5528 397 5583 mi
428 5546 443 5583 :
474 5552 499 5576 -
537 5528 843 5601 eademque
873 5530 1137 5586 hactenus
1163 5530 1540 5600 sioleguntur.

383 5625 442 5675 9.
468 5624 554 5677 Ex
598 5622 724 5678 hinc
748 5624 918 5695 coepit
946 5622 1147 5679 festum
1186 5626 1249 5678 B.
1284 5623 1535 5695 Gregorii
1560 5639 1589 5677 a
1629 5623 1921 5680 Canonicis

310 5715 681 5770 Salernitanis
719 5717 1011 5785 celebrari,
1050 5717 1224 5789 ipsius
1270 5717 1451 5772 Sancti
1480 5715 1760 5772 Pontiﬁcis
1801 5732 1921 5773 me-

312 5808 513 5864 moria:
545 5807 697 5865 haud
736 5792 1090 5868 midiocriter
1126 5810 1413 5882 obligatis,
1444 5810 1590 5881 quod
1634 5825 1731 5867 eos
1758 5826 1919 5866 orna-

2110 4607 2135 4631 α
2176 4581 2400 4637 Domini
2448 4578 2617 4634 nostri
2666 4581 2797 4633 Jesu
2844 4577 3079 4644 Christi,
3126 4578 3220 4648 qui
3269 4592 3457 4632 servos
3497 4594 3627 4634 suos

2033 4685 2258 4734 aeternae
2282 4674 2467 4747 gloria
2498 4672 2726 4743 priemio
2754 4671 2925 4727 donat
2952 4671 3011 4725 in
3048 4670 3224 4738 caelis,
3256 4671 3399 4726 vices
3424 4687 3625 4742 quam—

2035 4786 2205 4843 quam
2234 4766 2497 4823 immeriti
2523 4766 2575 4819 in
2605 4765 2765 4819 terris
2802 4772 3080 4837 gerentes;
3113 4780 3180 4819 ex
3210 4764 3435 4835 iujuncti
3466 4766 3626 4821 nobis

2033 4863 2203 4920 ofﬁcii
2228 4860 2415 4918 debito
2444 4859 2671 4914 omnino
2708 4867 2962 4913 tenemur
2992 4873 3282 4929 procurare
3311 4868 3369 4912 ut
3399 4874 3621 4914 eorum-

2033 4958 2163 5013 dem
2206 4970 2491 5012 servorum
2522 4952 2722 5009 Christi
2765 4946 2940 5008 honos
2979 4962 3034 5007 et
3060 4952 3340 5007 veneratio
3381 4953 3434 5007 in
3463 4955 3623 5009 terris

2032 5065 2250 5123 quoque
2290 5055 2710 5120 promoveatur;
2740 5046 2973 5117 ideoque
3008 5044 3251 5101 ﬁdelium
3298 5047 3469 5113 votis,
3501 5062 3624 5118 qua:

2032 5143 2358 5217 peculiarem
2406 5156 2531 5213 erga
2578 5141 2701 5195 illos
2755 5140 2965 5194 cultum
3018 5140 3339 5210 respiciunt,
3388 5140 3625 5197 libenter

2030 5237 2353 5304 annuimus,
2396 5244 2560 5306 prout
2588 5234 2641 5287 in
2685 5232 2928 5288 Domino
2957 5233 3321 5304 conspicimus
3357 5235 3621 5305 expedire.

2029 5332 2171 5387 Sane
2210 5329 2371 5385 nobis
2412 5343 2589 5399 nuper
2632 5325 2737 5383 fuit
2779 5326 3123 5397 expositum,
3157 5328 3380 5383 nomine
3418 5329 3623 5384 Fratris

2028 5424 2254 5480 Joannis
2298 5421 2713 5492 Archiepiscopi
2763 5419 3122 5486 Salernitani,
3173 5435 3236 5475 ac
3293 5421 3621 5477 dilectarum

2030 5519 2269 5573 ﬁliorum
2298 5515 2507 5571 Decani
2546 5523 2601 5569 et
2626 5513 2864 5584 Capituli
2904 5513 3168 5581 ecclesiae,
3200 5530 3416 5569 necnon
3455 5515 3621 5570 totius

2029 5612 2168 5667 Cleri
2196 5609 2445 5667 Civitatis
2482 5607 2870 5674 Salernitana,
2902 5607 3050 5678 quod
3086 5607 3185 5678 ipsi
3228 5624 3294 5663 ex
3333 5608 3617 5678 peculiari,

2030 5720 2195 5777 quam
2221 5706 2347 5775 erga
2373 5706 2602 5759 Beatum
2632 5700 2962 5773 Gregorium
2987 5702 3189 5769 Papam
3220 5702 3339 5765 VII,
3360 5699 3516 5769 cujus
3542 5700 3617 5752 in-

2030 5799 2257 5869 dignum
2280 5810 2655 5853 successorem
2684 5793 2863 5850 divina
2890 5791 3133 5862 dignatio
3155 5805 3257 5845 nos
3283 5805 3401 5846 esse
3428 5789 3619 5865 voluit,
