4122 6180
484 326 549 379 19
1715 316 1770 369 S.
1811 314 2192 373 GREGOBIUS
2230 314 2317 368 Vll
2358 315 2552 368 PAPA.
3712 319 3783 371 20

480 447 790 505 devotionis
833 454 1031 519 gerunt
1072 444 1371 511 affectum,
1400 440 1657 513 peculiari
1700 457 1923 514 quoque
1970 443 2076 497 ritu
2107 445 2161 508 Α
2184 440 2424 508 tertiam,
2449 438 2603 510 cujus
2626 439 2835 495 donum
2877 439 3262 511 Episcopatum
3299 441 3537 511 pecuniis
3567 456 3783 497 coeme-

485 543 573 599 die
624 541 803 597 Natali
850 541 1053 611 ipsius,
1097 546 1153 593 et
1200 536 1342 591 illius
1386 535 1750 591 Translationi
1794 552 1977 604 sacro,
2012 534 2081 590 de

486 636 681 692 eodem
708 637 877 690 Beato
917 632 1185 702 Gregorio
1213 637 1623 685 sacrosanctum
1656 631 1843 686 Missa
1881 639 1937 685 et
1976 629 2079 684 alia

487 730 666 785 divina
716 727 913 783 Ofﬁcia
942 725 1151 780 tenoris
1191 723 1572 795 subsequentis
1607 724 1832 779 recitare
1867 722 2083 779 deside-

488 832 634 878 rant.
670 846 694 869 υ
728 819 986 875 Ofﬁcium
1030 818 1227 889 duplex
1272 818 1610 874 recitandum
1649 833 1745 887 per
1770 817 2082 888 Capitulum

490 925 545 971 et
571 916 786 971 Clerum
818 912 1063 967 Civitatis
1091 912 1296 967 Salerni
1327 912 1620 983 quotannis
1643 910 1697 965 in
1727 911 1815 967 die
1845 910 2003 978 festo,
2029 917 2084 965 et

489 1009 543 1063 in
562 1008 646 1064 die
673 1005 1069 1061 Translationis
1094 1009 1159 1061 B.
1184 1006 1433 1076 Gregorii
1462 996 1623 1075 Papa'
1644 1007 1766 1059 VI].
1794 994 1995 1060 Omnia
2016 1003 2085 1059 de

488 1099 786 1158 Communi
838 1098 1181 1155 Conlessoris
1222 1098 1506 1153 Pontiﬁcis
1564 1107 1762 1169 prater
1815 1098 1903 1153 illa
1962 1112 2085 1169 qua

490 1203 779 1267 ponuntur
804 1193 1044 1265 pr0pria.
1081 1214 1107 1241 ιι
1139 1193 1389 1248 ORATIO.
1412 1195 1563 1247 Deus
1584 1192 1679 1263 qui
1706 1194 1936 1267 Beatum
1955 1193 2089 1247 Gre-

492 1260 712 1361 gorium
752 1260 1137 1342 confessorem
1169 1293 1323 1341 tuum
1365 1293 1528 1356 atque
1565 1260 1925 1353 Pontiﬁcem:
1948 1287 2083 1340 San-

493 1390 712 1437 ctorum
740 1388 965 1436 tuorum
992 1380 1162 1451 gloria
1192 1379 1529 1445 sublimasti;
1560 1379 1795 1434 concede
1822 1378 2089 1450 propitius

493 1483 589 1541 ut,
620 1474 711 1547 qui
750 1482 1101 1545 peccatorum
1140 1481 1459 1528 nostrorum
1493 1472 1731 1543 pondere
1758 1472 2087 1543 premimur,

494 1569 613 1641 ejus
636 1568 779 1639 apud
805 1576 859 1621 te
890 1566 1145 1638 precibus
1169 1565 1536 1622 sublevemur.
1563 1569 1669 1621 Per
1696 1565 2026 1633 Dominum,
2059 1588 2085 1612 ι»

496 1670 601 1717 etc.
644 1661 721 1716 Sit
762 1660 1229 1716 Commemoratio
1274 1661 1337 1715 8.
1379 1659 1593 1716 Urbani
1642 1661 1803 1730 Papa
1847 1667 1902 1714 et
1947 1662 2093 1713 Mar-

495 1755 631 1827 tyris
660 1756 714 1810 in
757 1754 951 1826 primis
980 1753 1250 1824 Vesperis,
1282 1761 1336 1809 et
1374 1753 1432 1807 in
1472 1750 1759 1807 Laudibus
1804 1750 1963 1818 (dum
1999 1767 2089 1807 oc-

2192 542 2303 600 rat,
2334 532 2577 605 proferre
2603 533 2753 588 nullo
2784 533 2954 589 modo
2984 534 3253 589 valuisset.
3284 537 3367 590 Tu
3399 542 3603 589 autem.

2268 635 2352 684 13.
2384 652 2407 674 ‹‹
2434 632 2660 684 LEC'rIo
2677 643 2761 682 vr.
2787 627 3034 697 Denique
3054 644 3081 681 a
3105 628 3330 683 Nicolao
3351 626 3594 684 secundo
3615 632 3789 686 Ponti-

2192 721 2292 777 ﬁce
2322 720 2761 776 Archidiaconus
2789 720 3109 788 Cardinalis,
3137 729 3193 776 et
3216 722 3283 777 ab
3314 721 3625 778 Alexandro
3656 722 3784 779 item

2192 816 2433 871 secundo
2463 813 2828 872 Cancellarius
2855 816 2910 869 S.
2958 818 3228 870 Romana
3253 815 3513 871 Ecclesia
3540 825 3785 881 creatus,

2194 909 2368 965 eidem
2402 910 2453 963 in
2495 923 2779 963 summum
2820 907 3202 962 Pontiﬁcatum
3249 909 3539 965 succedere
3565 913 3784 966 meruit.

2195 1002 2282 1060 Ad
2323 1003 2455 1058 tanti
2487 1017 2614 1057 vero
2656 1000 2879 1056 honoris
2925 1001 3138 1072 apicem
3162 1010 3497 1074 assumptus,
3528 1002 3645 1074 jam
3674 1003 3788 1059 for-

2195 1113 2285 1152 ma
2314 1096 2490 1168 gregis
2515 1093 2714 1161 factus,
2744 1093 2893 1165 quod
2919 1094 3093 1150 verbo
3115 1093 3322 1164 docuit,
3351 1096 3513 1152 etiam
3540 1099 3790 1169 exemplo

2196 1189 2618 1255 demonstravit;
2661 1203 2722 1242 ac
2763 1186 2919 1244 fortis
2958 1203 3053 1259 per
3092 1189 3271 1243 omnia
3313 1189 3543 1256 athleta,
3591 1206 3650 1246 se
3693 1207 3790 1262 pro

2196 1298 2356 1339 muro
2394 1282 2583 1338 domui
2629 1281 2791 1337 Israel
2834 1297 3035 1352 ponere
3079 1297 3193 1337 non
3238 1282 3441 1339 timuit.
3490 1285 3787 1339 Henricum

2196 1377 2506 1434 Germania
2532 1378 2741 1447 Regem
2764 1383 3044 1445 quartum,
3066 1375 3321 1431 Ecclesia
3342 1375 3623 1443 infestum,
3644 1378 3795 1433 Fide-

2198 1472 2331 1527 lium
2356 1470 2745 1525 communione
2774 1484 3052 1541 regnoque
3082 1469 3316 1540 privans,
3343 1470 3590 1527 subditos
3619 1486 3791 1543 popu-

2200 1567 2282 1621 los
2309 1564 2415 1619 ﬁde
2440 1564 2488 1619 ei
2530 1562 2655 1619 data
2682 1563 2945 1619 liberavit.
2975 1564 3117 1619 Cum
3144 1572 3329 1635 postea
3367 1564 3436 1618 ab
3486 1564 3655 1636 iniqui
3686 1568 3794 1621 Re-

2201 1659 2282 1731 gis
2321 1657 2558 1713 exercitu
2588 1659 2784 1712 Roma
2814 1656 2961 1728 gravi
2986 1656 3266 1713 obsidione
3294 1665 3660 1728 premeretur;
3697 1673 3794 1713 ex-

2200 1752 2424 1807 citatum
2450 1751 2520 1805 ab
2540 1749 2788 1806 hostibus
2816 1750 3127 1806 incendium
3147 1750 3298 1822 signo
3318 1751 3508 1807 Crucis
3533 1752 3793 1820 extinxit;

493 1820 683 1913 currit)
712 1820 776 1901 et
811 1848 868 1901 in
913 1820 1183 1903 Matutino
1222 1820 1324 1901 IX.
1362 1845 1566 1903 Lectio.
1607 1845 1864 1901 Similiter
1902 1845 1961 1900 in
2000 1860 2087 1901 se—
2123 1820 2171 1882 B
2199 1846 2313 1901 aliis
2340 1859 2593 1916 quoque,
2640 1852 2755 1899 tam
2800 1844 2949 1899 vivus
2990 1860 3155 1916 quam
3198 1820 3484 1913 mortuus,
3523 1844 3796 1902 miraculis

496 1941 686 1997 cundis
716 1940 970 2011 Vesperis
996 1942 1051 1995 S.
1087 1939 1386 1995 Eleutherii
1416 1941 1478 1994 P.
1510 1947 1566 1995 et
1591 1943 1665 1994 M.

569 2041 657 2089 11.
698 2033 784 2090 Ad
823 2033 1160 2089 Matutinum
1193 2033 1247 2088 in
1276 2034 1451 2104 primo
1488 2034 1776 2088 Nocturno
1803 2031 2093 2087 Lectiones

498 2128 567 2183 de
605 2128 764 2183 initio
793 2126 1047 2183 secunda
1081 2127 1338 2199 Epistola
1364 2129 1429 2181 B.
1456 2126 1600 2182 Petri
1624 2126 1898 2197 Apostoli,
1932 2133 2095 2197 prout

500 2217 663 2275 habet
701 2220 1044 2276 Breviarium
1091 2223 1411 2275 Romanum
1462 2219 1519 2274 in
1559 2219 1696 2275 feria
1747 2228 1899 2274 sexta
1952 2216 2093 2273 infra

500 2316 761 2369 Octavam
808 2312 1175 2370 Ascensionis.
1228 2317 1292 2368 In
1322 2313 1559 2369 secundo
1606 2315 1885 2368 Nocturno
1919 2336 1943 2360 ιι
1977 2315 2081 2367 Ln-

500 2422 642 2464 CTIO
672 2422 758 2463 Iv.
790 2407 1084 2479 Gregorius
1112 2410 1261 2478 Papa
1298 2409 1420 2474 Vll,
1450 2408 1640 2463 Soana
1668 2407 1722 2461 in
1751 2406 1966 2461 Etruria
1993 2420 2090 2459 na-

499 2510 589 2557 tus
610 2546 625 2570 ,
670 2501 911 2557 doctrina
933 2544 948 2569 ,
980 2502 1261 2557 sanctitate
1293 2500 1549 2571 omnique
1596 2500 1860 2555 virtutum
1902 2515 2095 2572 genere

501 2595 821 2667 cumprimis
861 2594 1089 2665 nobilis,
1132 2594 1354 2649 miriﬁce
1385 2594 1692 2649 universam
1736 2594 1837 2649 Dei
1865 2593 2091 2649 illustra-

501 2688 574 2742 vit
616 2688 943 2752 Ecclesiam;
993 2703 1304 2758 supremam
1364 2702 1492 2742 vero
1548 2684 1856 2743 Sacerdotis
1906 2686 1988 2741 sui
2043 2685 2097 2740 in

502 2782 659 2837 terris
706 2780 1023 2852 dignitatem
1075 2780 1477 2846 admirabiliter,
1524 2780 1613 2851 qui
1653 2788 1734 2836 est
1770 2779 2097 2835 admirabilis

503 2875 557 2930 in
591 2876 798 2931 Sanctis
823 2875 934 2930 suis
962 2874 1256 2939 Dominus,
1284 2882 1701 2946 pramonstrare
1725 2873 1971 2944 dignatus
1994 2880 2092 2928 est.

501 2971 640 3025 Nam
681 2984 806 3025 cum
836 2968 1124 3040 parvulus,
1157 2968 1223 3023 ad
1256 2968 1389 3023 fabri
1438 2968 1575 3039 ligna
1604 2967 1873 3023 edolantis
1902 2966 2095 3037 pedes,

495 3064 614 3135 jam
659 3061 1196 3117 litterarumdnscius
1244 3060 1487 3128 luderet;
1536 3076 1598 3115 ex
1652 3061 1867 3131 rejectis
1913 3068 2097 3113 tamen

503 3156 796 3228 segmentis
827 3155 914 3209 illa
946 3153 1188 3208 Davidici
1224 3153 1489 3207 elementa
1520 3153 1735 3208 Oraculi
1771 3176 1794 3201 υ

504 3249 650 3304 bitur
677 3265 705 3302 a
735 3247 870 3301 mari
896 3262 1066 3317 usque
1092 3245 1158 3301 ad
1189 3261 1360 3311 mare,
1394 3268 1412 3294 ι)
1446 3245 1698 3300 divinitus
1726 3244 2095 3300 conformasse

504 3348 775 3396 narratur.
828 3343 883 3395 Is
933 3340 1001 3394 ab
1040 3340 1258 3394 ineunte
1301 3347 1459 3394 atate
1485 3341 1681 3394 Roma
1712 3337 1951 3393 honestis
1986 3339 2094 3393 ani-

506 3451 660 3490 mum
689 3433 979 3505 disciplinis
1004 3434 1287 3502 excolens,
1319 3428 1383 3487 in
1401 3432 1567 3488 domo
1596 3435 1649 3488 S.
1682 3433 1822 3487 Petri
1852 3440 1932 3487 est
1960 3447 2091 3487 enu-

506 3528 688 3595 tritus,
713 3527 803 3583 tali
834 3528 1101 3583 nutritore
1126 3527 1323 3598 dignus
1351 3526 1603 3581 alumnus
1635 3546 1646 3580 :
1682 3534 1742 3581 ut
1763 3526 1917 3596 cuius
1945 3526 2098 3581 altis-

503 3623 728 3690 simam,
783 3624 902 3676 Deo
968 3621 1260 3692 largiente,
1309 3620 1685 3674 auctoritatem
1755 3628 2101 3689 suscepturus

503 3714 790 3786 aliquando
820 3723 954 3782 erat,
984 3714 1149 3784 ipsius
1178 3713 1491 3784 Apostolico
1515 3712 1569 3766 in
1591 3712 1797 3783 gremio
1822 3712 2100 3779 educatus,

506 3807 835 3879 Apostolicis
866 3806 993 3873 illis,
1018 3821 1150 3877 quas
1172 3815 1357 3877 postea
1374 3806 1427 3860 in
1454 3805 1690 3877 gerendo
1716 3821 1933 3861 summo
1958 3807 2101 3861 Pon-

510 3900 719 3954 tiﬁcatu
749 3899 989 3955 exhibuit
1008 3942 1021 3960 ,
1068 3900 1353 3955 virtutibus
1382 3900 1589 3970 plenius
1634 3898 1984 3954 imbueretur.
2014 3902 2099 3955 Tu

505 4002 709 4059 autem,
738 3993 994 4060 Domine,
1022 4002 1126 4049 etc.

575 4093 660 4143 12.
698 4111 722 4134 (ι
754 4087 987 4143 LBCTIO
1030 4101 1090 4141 v.
1148 4085 1369 4141 Iuvenis
1402 4086 1652 4142 Ecclesia
1698 4086 1999 4142 libertatem
2022 4128 2035 4153 ,
2069 4103 2100 4141 a

501 4180 680 4235 Laicis
730 4195 1082 4252 oppressam,
1133 4194 1194 4234 ac
1242 4179 1561 4249 depravatos
1604 4180 2098 4235 Ecclesiasticorum

502 4289 684 4328 mores
713 4273 1085 4328 vehementius
1114 4272 1303 4328 dolens
1325 4315 1338 4338 ,
1371 4272 1425 4326 in
1453 4273 1790 4327 Cluniacensi
1822 4275 2098 4327 Monaste-

502 4365 609 4436 rio,
642 4367 731 4421 ubi
774 4366 877 4421 sub
924 4365 1131 4437 Regula
1185 4369 1242 4420 8.
1296 4366 1571 4421 Benedicti
1617 4366 1926 4422 austerioris
1977 4366 2099 4422 vita

503 4458 841 4515 observantia
890 4475 954 4513 eo
984 4467 1229 4530 tempore
1280 4459 1513 4513 maxime
1544 4459 1788 4529 vigebat,
1840 4458 2094 4514 Monachi

503 4552 748 4607 habitum
793 4551 1051 4619 induens,
1078 4560 1230 4608 tanto
1260 4552 1468 4623 pietatis
1494 4553 1688 4609 ardore
1730 4552 1936 4608 Divina
1975 4557 2091 4608 Μει-
2123 4537 2173 4598 Ῑ)
2206 4554 2549 4610 veneratione
2594 4553 2794 4620 latari,
2841 4561 2896 4608 et
2936 4551 3054 4623 ejus
3104 4559 3358 4623 perpetua
3408 4549 3798 4621 supplicatione
3890 4540 3901 4547 ’

492 4644 673 4716 jestati
720 4644 1087 4713 deserviebat,
1134 4653 1194 4700 ut
1238 4661 1267 4699 a
1313 4646 1510 4701 sanctis
1557 4646 1801 4717 ejusdem
1848 4646 2091 4702 Coenobii

498 4738 746 4794 Patribus
792 4739 945 4794 Prior
991 4738 1060 4794 sit
1106 4739 1325 4794 electus.
1376 4739 1509 4794 Inde
1563 4756 1694 4795 mox
1737 4755 1768 4794 a
1813 4741 1869 4795 S.
1907 4742 2090 4795 Leone

499 4833 643 4902 Papa
689 4847 870 4899 nono,
903 4832 1025 4903 quia
1072 4831 1286 4887 lucerna
1318 4833 1502 4888 lucens
1537 4841 1591 4887 et
1622 4832 1817 4887 ardens
1856 4833 1911 4887 in
1938 4834 2088 4888 clau-

498 4933 738 4980 strorum
768 4925 1029 4995 angustiis
1058 4925 1221 4981 latere
1246 4942 1355 4981 non
1384 4926 1646 4992 debebat,
1689 4926 1784 4981 sed
1823 4927 1877 4980 in
1908 4926 2091 4981 Eccle-

500 5017 594 5072 sia
637 5017 900 5073 altissimo
946 5018 1142 5074 vertice
1194 5019 1288 5074 Dei
1329 5018 1480 5090 jussu
1523 5018 1747 5075 locanda
1792 5027 1936 5086 erat,
1973 5021 2091 5073 Ro-

502 5126 650 5165 mam
680 5110 964 5179 adductus,
990 5120 1043 5168 et
1061 5122 1262 5168 sancta
1289 5116 1558 5169 Romana
1590 5112 1843 5168 Ecclesia
1866 5111 2090 5167 Subdia-

499 5219 669 5260 conus
714 5205 1021 5269 ordinatus,
1068 5206 1241 5261 eidem
1284 5208 1337 5261 S.
1385 5207 1554 5261 Leoni
1598 5222 1660 5261 ac
1691 5205 2092 5261 successoribus

498 5313 668 5369 usque
706 5298 841 5354 adeo
886 5316 1045 5355 carus
1076 5301 1195 5364 fuit,
1230 5309 1289 5355 ut
1315 5300 1443 5354 nihil
1490 5300 1606 5355 sine
1650 5300 1818 5371 ipsius
1865 5300 2091 5355 consilio

497 5400 762 5461 gererent.
796 5400 843 5448 Α
870 5394 1090 5448 Victore
1120 5396 1264 5463 Papa
1293 5392 1532 5447 secundo
1565 5393 1768 5463 legatus
1792 5409 1822 5447 a
1851 5393 2013 5448 latere
2040 5394 2093 5448 in

497 5485 724 5539 Galliam
758 5485 988 5554 missus,
1038 5486 1367 5557 Episcopum
1403 5486 1609 5557 publice
1640 5486 1941 5541 Simoniaca
1972 5487 2089 5542 labe

494 5577 784 5647 infectum,
816 5580 936 5650 quia
971 5580 1287 5635 humanitus
1321 5580 1566 5634 convinci
1594 5596 1704 5634 non
1740 5587 1969 5651 poterat,
2002 5580 2086 5635 di-

496 5671 689 5724 viuitus
730 5673 998 5737 convicit;
1031 5688 1157 5727 cum
1181 5673 1363 5742 jussus
1393 5673 1665 5739 Antistes,
1696 5673 1881 5729 Gloria
1926 5674 2089 5742 Patri,

494 5772 547 5817 et
576 5764 737 5830 Filio,
768 5774 823 5817 et
845 5764 1059 5834 Spiritui
1102 5774 1290 5821 sancto
1323 5767 1497 5837 palam
1532 5756 1914 5837 pronuntiare,
1946 5769 2088 5824 dua-

496 5855 598 5910 bus
648 5855 866 5925 quidem
930 5857 1139 5911 Divinis
1192 5860 1442 5914 Personis
1490 5859 1645 5915 facile
1692 5862 2076 5931 pronuntiatis,

2200 1940 2397 1995 clarus.
2449 1941 2530 1993 Ex
2585 1938 2976 2008 Apostolorum
3026 1946 3183 1993 atate
3231 1939 3417 1995 nullus
3467 1938 3793 1996 Pontiﬁcum

2203 2032 2367 2088 fuisse
2410 2031 2660 2097 traditur,
2693 2031 2785 2103 qui
2829 2031 3065 2102 majores
3092 2047 3190 2102 pro
3228 2032 3469 2087 Ecclesia
3498 2033 3600 2087 Dei
3647 2032 3793 2089 labo-

2203 2138 2289 2181 res
2333 2125 2717 2195 molestiasque
2746 2125 3063 2203 pertulerit;
3094 2133 3189 2180 aut
3217 2124 3307 2197 qui
3340 2141 3436 2195 pro
3470 2125 3587 2197 eius
3634 2126 3795 2181 liber-

2204 2227 2317 2275 tate
2357 2220 2534 2275 acrius
2575 2218 2908 2291 pugnaverit.
2940 2218 3365 2274 Innumerabilia
3395 2227 3525 2274 sunt
3563 2234 3686 2291 qua
3718 2218 3794 2275 vel

2204 2313 2417 2369 fortiter
2461 2313 2732 2381 sustinuit,
2769 2313 2847 2367 vel
2880 2312 3064 2367 multis
3112 2312 3316 2367 coactis
3357 2311 3412 2367 in
3440 2313 3590 2369 Urbe
3633 2316 3799 2384 Syno-

2205 2406 2287 2462 dis
2325 2407 2594 2477 sapienter
2619 2406 2919 2462 constituit.
2956 2409 3035 2460 De
3064 2421 3231 2461 manu
3259 2406 3482 2461 Henrici
3512 2405 3732 2461 tandem
3764 2422 3795 2461 a

2206 2501 2449 2557 Roberto
2469 2498 2778 2555 Guiscardo
2802 2503 2950 2555 Duce
2971 2498 3352 2555 Northmanno
3374 2506 3612 2570 ereptus,
3632 2499 3800 2555 Saler-

2205 2611 2339 2651 num
2392 2594 2635 2661 veniens,
2680 2591 2885 2647 ibidem
2914 2600 3105 2647 octavo
3150 2592 3424 2648 Kalendas
3463 2592 3642 2661 Junii,
3670 2609 3797 2649 cum

2208 2685 2517 2761 prafuisset
2532 2685 2788 2742 Ecclesia
2812 2701 2986 2741 annos
3000 2685 3312 2754 duodecim,
3331 2701 3576 2742 mensem
3603 2702 3795 2754 unum,

2209 2783 2325 2839 dies
2367 2791 2510 2848 tres,
2561 2781 2756 2836 creatis
2805 2780 3178 2850 compluribus
3222 2783 3416 2836 Roma
3457 2788 3620 2851 atque
3672 2779 3798 2835 alibi

2211 2875 2587 2933 Cardinalibus
2630 2882 2684 2928 et
2732 2874 3048 2945 Episcopis,
3099 2873 3184 2929 die
3230 2874 3524 2929 Dominico
3554 2873 3802 2945 migravit

2205 2970 2271 3025 ad
2300 2969 2639 3034 Dominum;
2673 2968 2899 3039 ejusque
2925 2982 3142 3022 sacrum
3174 2968 3383 3038 Corpus
3411 2967 3466 3021 in
3499 2966 3801 3023 Cathedrali

2205 3063 2436 3118 Basilica
2493 3061 2826 3117 Salernitana
2880 3069 2963 3115 est
3011 3060 3306 3116 honoriﬁce
3358 3060 3657 3115 conditum.
3718 3064 3799 3115 Tu

1838 3153 2097 3207 Domina-
2131 3189 2176 3252 Ο
2206 3165 2390 3211 autem
2411 3197 2425 3224 ,
2464 3178 2489 3203 ν
2522 3163 2628 3211 etc.
2664 3158 2730 3209 In
2771 3155 2933 3210 tertio
2962 3157 3239 3209 Nocturno
3266 3153 3556 3207 Lectiones
3583 3152 3652 3206 de
3682 3155 3800 3208 Ho-

2204 3249 2355 3304 milia
2384 3250 2444 3303 8.
2484 3248 2682 3303 Leonis
2710 3249 2872 3317 Papa
2901 3247 2957 3302 in
2989 3244 3363 3315 Evangelium,
3397 3269 3423 3292 «ι
3455 3244 3618 3299 Venit
3640 3247 3800 3300 Jesus

2203 3341 2257 3396 in
2308 3350 2485 3413 partes
2520 3343 2782 3397 Casarea
2833 3339 3099 3409 Philippi,
3152 3361 3175 3387 ιο
3209 3353 3343 3408 quas
3380 3336 3540 3393 habet
3584 3338 3800 3393 Brevia-

2202 3435 2349 3491 rium
2395 3437 2714 3490 Romanum
2764 3433 2851 3489 die
2901 3438 2991 3488 22.
3040 3431 3205 3489 Febr.
3254 3432 3307 3487 in
3343 3430 3485 3486 festo
3514 3431 3801 3487 Cathedra

2204 3528 2560 3584 Antiochena
2587 3529 2645 3584 8.
2677 3527 2845 3584 Petri.

2278 3628 2365 3677 14.
2396 3622 2560 3677 Missa
2583 3620 2802 3687 dicitur,
2833 3635 2955 3689 qua
2980 3619 3200 3690 ponitur
3234 3619 3287 3674 in
3314 3617 3516 3674 Missali
3547 3620 3800 3674 Romano

2204 3715 2289 3771 die
2343 3723 2400 3770 ιι
2434 3714 2671 3786 Aprilis,
2703 3714 2759 3768 in
2799 3712 2936 3768 festo
2968 3716 3151 3769 Sanct.
3197 3712 3405 3768 Leonis
3440 3713 3632 3783 Papa,
3667 3728 3802 3783 pra—

2205 3817 2287 3865 ter
2299 3809 2702 3865 Orationes.01t
2712 3822 3077 3863 ATIOPBIMA.
3097 3829 3121 3854 «ι
3138 3809 3287 3861 Deus
3298 3806 3388 3876 qui
3400 3805 3798 3875 B.Gregorium

2204 3912 2305 3959 etc.
2344 3927 2369 3951 ν
2402 3911 2463 3958 ut
2490 3917 2674 3972 supra.
2708 3923 2733 3948 α
2766 3901 3057 3955 Sscnsu.
3092 3902 3151 3953 Β.
3186 3899 3434 3972 Gregorii
3460 3897 3801 3954 Confessoris

2208 3997 2282 4050 tui
2311 4004 2477 4067 atque
2507 3994 2821 4060 Pontiﬁcis,
2853 4007 3200 4064 quasumus,
3231 3992 3486 4058 Domine,
3510 4007 3688 4047 annua
3712 4006 3801 4046 so-

2205 4090 2452 4144 lemnitas
2480 4103 2582 4143 nos
2628 4086 2764 4160 [tibi]
2808 4085 3000 4142 reddat
3027 4094 3310 4156 acceptos;
3343 4093 3403 4140 ut
3430 4100 3525 4154 per
3550 4084 3670 4140 hac
3700 4084 3801 4154 pia

2203 4182 2519 4253 placationis
2544 4180 2743 4245 ofﬁcia,
2767 4190 2821 4235 et
2841 4179 2994 4235 illum
3015 4179 3170 4234 beata
3196 4176 3480 4233 retributio
3504 4176 3800 4232 comitetur

2205 4283 2259 4329 et
2284 4275 2447 4329 nobis
2490 4274 2672 4345 gratia
2702 4283 2811 4328 tua
2847 4272 2991 4327 dona
3018 4271 3287 4326 conciliet.
3336 4271 3442 4325 Per
3472 4270 3797 4325 Dominum.

2204 4371 2504 4424 Pos'rcon.
2535 4369 2639 4432 Da,
2670 4382 3011 4437 quasumus,
3036 4365 3294 4431 Domine,
3323 4362 3569 4419 ﬁdelibus
3590 4363 3803 4434 populis

2204 4465 2266 4516 B.
2301 4460 2634 4517 Confessoris
2678 4461 2753 4514 tui
2785 4469 2945 4530 atque
2988 4457 3265 4514 Pontiﬁcis
3307 4457 3553 4528 Gregorii
3583 4470 3802 4526 semper

2206 4648 2426 4703 muniri.
2460 4651 2561 4703 Per
2584 4647 2883 4702 Dominum
2903 4687 2919 4713 ,
2943 4654 3046 4700 etc.

2280 4747 2363 4797 15.
2400 4766 2423 4790 α
2460 4743 2707 4811 Cumque
2731 4749 2847 4795 tam
2878 4741 3117 4795 Joannes
3146 4736 3603 4808 Archiepiscopus
3630 4752 3795 4808 quam

2204 4839 2459 4890 Decanus
2489 4845 2544 4889 et
2570 4834 2879 4904 Capitulum
2910 4848 2975 4887 ac
3018 4832 3207 4886 Clerus
3237 4829 3477 4901 pradicti
3500 4831 3659 4886 nobis
3699 4831 3798 4885 hu-

2203 4927 2402 4982 militer
2440 4927 2723 4998 supplicari
2775 4925 3000 4981 fecerint
3045 4933 3106 4979 ut
3144 4924 3213 4980 de
3258 4932 3565 4994 opportuna
3609 4922 3710 4978 sibi
3740 4923 3797 4977 in

2202 5021 2496 5091 pramissis
2542 5020 2754 5075 licentia
2787 5018 3070 5091 providere
3113 5017 3444 5089 benignitate
3486 5015 3795 5086 Apostolica

2203 5114 2586 5185 dignaremur;
2626 5115 2763 5179 Nos,
2805 5128 2996 5168 eorum
3044 5111 3313 5167 laudabile
3366 5108 3694 5165 desiderium
3739 5108 3793 5162 in

2201 5207 2446 5263 Domino
2473 5207 2764 5278 plurimum
2795 5204 3267 5271 commendantes,
3300 5211 3356 5259 et
3382 5217 3575 5257 eorum
3603 5200 3793 5272 singu-

2204 5303 2283 5356 los
2312 5315 2342 5354 a
2373 5300 2653 5371 quibusvis
2677 5298 3273 5355 excommunicationis
3294 5337 3307 5363 ,
3338 5293 3708 5364 suspensionis
3740 5303 3795 5350 et

2201 5393 2502 5460 interdicti,
2531 5394 2755 5466 aliisque
2798 5391 3172 5449 ecclesiasticis
3206 5387 3519 5456 sententiis,
3543 5389 3795 5444 censuris

2201 5496 2257 5544 et
2284 5487 2484 5558 poenis,
2511 5504 2541 5542 a
2564 5486 2691 5559 jure
2717 5486 2796 5542 vel
2835 5486 2906 5541 ab
2933 5486 3155 5542 homine
3181 5481 3368 5555 quavis
3394 5480 3682 5538 occasione
3710 5482 3794 5538 vel

2200 5597 2362 5637 causa
2409 5581 2558 5649 latis,
2608 5581 2652 5635 si
2688 5575 3344 5652 quibusquomodolibet
3388 5574 3637 5632 innodati
3681 5575 3792 5631 exi-

2198 5684 2386 5743 stunt;
2414 5676 2481 5731 ad
2511 5673 2773 5731 effectum
2797 5671 3148 5745 prasentium
3178 5669 3440 5726 duntaxat
3468 5684 3791 5740 consequen-

2196 5770 2368 5838 dum,
2411 5769 2609 5824 harum
2651 5768 2789 5824 serie
2832 5766 3204 5832 absolventes,
3253 5772 3308 5820 et
3342 5763 3626 5820 absolutos
3671 5760 3789 5817 fore

2196 5870 2507 5931 censentes,
2536 5860 2853 5932 huiusmodi
2884 5854 3379 5930 supplicationibus
3419 5855 3691 5923 inclinati,
3719 5854 3790 5911 de
