4138 6190
389 288 445 339 21
1384 274 1909 339 PROLEGOMENA.
1954 315 2022 326 —
2061 287 2238 342 ACTA
2266 288 2332 341 'S.
2372 285 2717 342 GREGORII.
3628 295 3701 349 22

390 407 781 464 venerabilium
826 408 1081 462 Fratrum
1120 415 1439 462 nostrorum
1483 409 1540 463 S.
1603 410 1675 463 R.
1735 410 1996 467 Ecclesiae
2021 416 2075 479 Α
2103 411 2191 482 pie
2246 419 2303 465 et
2337 410 2570 466 ﬁdeliter
2627 411 2856 482 exequi,
2894 411 3217 468 auctoritate
3262 429 3367 484 qua
3424 414 3702 487 fungimur

383 502 791 569 Cardinalium,
849 501 1017 556 sacris
1058 501 1276 557 Ritibus
1326 500 1747 572 praefectorum,
1796 504 1997 576 quibus

385 613 495 652 rem
525 594 957 652 examinandam
988 603 1045 649 et
1068 592 1287 650 mature
1313 596 1715 653 discutiendam
1764 598 1997 654 commi-

382 692 552 747 simus
582 689 839 755 consilio,
862 689 1072 745 eisdem
1110 698 1165 744 et
1190 706 1288 761 pro
1334 698 1591 762 tempore
1615 692 1994 759 existentibus,

390 784 817 855 Arcbiepiscopo
864 783 1240 849 Salernitano,
1285 800 1348 839 ac
1387 788 1611 840 Decano
1650 794 1705 842 et
1741 785 1994 857 Capitulo

354 916 357 921 ι
397 880 663 946 Ecclesiae,
685 886 743 934 et
765 878 941 934 Clero.
968 877 1209 933 Civitatis
1233 879 1606 943 Salernitana,
1641 888 1702 934 ut
1731 878 1993 935 Ofﬁcium

397 973 710 1047 praedictum
743 989 871 1028 cum
906 972 1069 1027 Missa
1099 972 1167 1027 de
1193 973 1468 1028 communi
1502 973 1663 1029 unius
1694 974 1989 1041 Pontiﬁcis,

393 1084 511 1123 cum
539 1066 928 1132 Orationibus,
976 1075 1030 1121 et
1070 1066 1415 1122 Lectionibus
1458 1067 1684 1122 secundi
1726 1072 1995 1129 Nocturni

387 1162 653 1233 propriis,
703 1160 868 1215 annis
914 1160 1160 1232 singulis,
1204 1169 1315 1215 tam
1347 1161 1593 1232 ejusdem
1628 1164 1692 1216 B.
1743 1163 1990 1235 Gregorii

379 1272 543 1326 quam
573 1256 699 1327 ejus
725 1254 1125 1309 Translationis
1165 1254 1358 1309 diebus
1385 1253 1562 1322 festis,
1603 1255 1704 1311 sub
1745 1256 1853 1310 ritu
1887 1257 1990 1311 du-

378 1350 500 1419 plici
528 1350 762 1404 recitare
807 1348 969 1403 libere
1017 1357 1073 1404 et
1102 1347 1245 1404 licite
1272 1350 1505 1417 valeant,
1540 1350 1849 1420 Apostolica
1898 1366 1991 1404 au-

370 1444 633 1499 ctoritate
656 1451 851 1497 tenore
882 1442 1256 1514 praesentium,
1284 1451 1601 1513 perpetuam
1635 1442 1903 1498 licentiam
1926 1452 1981 1498 et

374 1536 710 1592 facultatem
738 1536 1094 1592 concedimus
1122 1545 1178 1591 et
1204 1535 1553 1607 impertimur
1584 1554 1597 1590 :
1622 1553 1735 1592 non
1766 1536 1987 1592 obstan-

371 1630 532 1685 tibus
554 1630 1039 1685 constitutionibus
1085 1638 1140 1684 et
1183 1628 1621 1685 ordinationibus
1663 1630 1987 1701 Apostolicis

376 1740 490 1779 nec
516 1739 625 1778 non
673 1726 743 1778 D.
780 1723 1070 1791 Ecclesiaz,
1104 1723 1269 1779 etiam
1313 1724 1645 1795 juramenti,
1689 1724 1985 1779 conﬁrma-

376 1818 536 1872 tione
562 1816 893 1888 Apostolica,
919 1818 1003 1872 vel
1035 1817 1226 1888 quavis
1250 1816 1513 1873 ﬁrmitate
1542 1818 1647 1872 alia
1674 1818 1950 1874 rohoratis
1969 1862 1984 1886 ,

371 1911 623 1977 statutis,
661 1919 716 1965 et
770 1909 1290 1979 consuetudinibus,
1339 1911 1649 1983 ceterisque
1699 1912 1985 1967 contrariis

368 2005 837 2077 quibuscumque.
870 2008 1077 2060 Datum
1098 2009 1293 2060 Romae
1317 2008 1459 2076 apud
1488 2006 1544 2060 S.
1580 2010 1855 2073 Marcum,
1882 2006 1987 2061 sub

369 2099 607 2155 Annulo
652 2098 1095 2177 Piscatoris,,die
1138 2105 1205 2154 18
1234 2099 1386 2166 Julii,
1436 2104 1595 2155 1609.
1631 2099 1987 2155 Pontiﬁcatus

369 2193 558 2249 nostri
588 2207 733 2247 anno
761 2198 815 2246 5.
862 2215 887 2240 ν
920 2194 977 2248 S.
1014 2193 1359 2249 Cobellutz’us.

448 2293 534 2341 16.
580 2310 605 2334 ι
636 2289 881 2343 Joannes
906 2286 1194 2343 Beltranus
1221 2285 1291 2341 de
1327 2286 1604 2354 Guevara,
1636 2284 1986 2343 Miseratione

366 2381 577 2437 Divina
618 2388 674 2435 et
704 2381 1035 2450 Apostolicaa
1065 2378 1224 2435 Sedis
1252 2380 1420 2451 gratia
1466 2379 1844 2435 Salernitanus
1883 2385 1986 2436 Ar-

366 2474 795 2545 chiepiscopus,
840 2474 1046 2546 Regius
1098 2472 1485 2540 Consiliarius,
1536 2480 1592 2528 et
1636 2473 1688 2527 in
1735 2476 1987 2545 praesenti

372 2569 747 2639 Neapolitano
790 2583 961 2639 regno
1012 2582 1111 2639 per
1137 2582 1349 2622 sacram
1380 2566 1609 2639 Regiam
1650 2567 1987 2639 Majestatem

367 2661 663 2720 Generalis
691 2661 967 2729 Visitator,
1002 2662 1142 2715 inter
1181 2661 1315 2715 alios
1344 2661 1586 2716 caelestes
1627 2677 1689 2715 ac
1728 2678 1865 2732 pene
1906 2662 1987 2717 in-

371 2771 641 2810 numeros
689 2754 983 2809 thesauros
1021 2754 1221 2825 quibus
1274 2752 1468 2808 divinae
1516 2754 1845 2825 benignitati
1892 2758 1993 2811 Sa-

371 2850 707 2903 lernitanam
735 2848 1032 2903 Ecclesiam
1059 2846 1234 2902 ditare
1253 2855 1417 2918 atque
1452 2847 1722 2901 illustrare
1748 2848 1952 2918 placuit
1969 2890 1984 2915 ,

372 2943 526 2998 haud
569 2950 854 3013 postremo
893 2942 1013 2996 loco
1045 2939 1448 2996 numerandum
1480 2938 1730 3010 profecto
1772 2940 1988 2996 videtur

368 3037 546 3091 sancti
575 3035 831 3105 Gregorii
860 3036 961 3089 Vll
993 3049 1213 3089 sacrum
1236 3049 1299 3088 ac
1340 3033 1708 3089 venerandum
1738 3050 1966 3105 corpus;

2015 1784 2062 1846 B

2106 504 2438 560 mandamus
2487 514 2652 576 atque
2715 505 3061 577 praacipimus
3117 506 3329 563 dilectis
3372 510 3427 564 in
3479 510 3699 566 Christo

2106 598 2249 664 ﬁliis,
2279 599 2526 669 Capitulo
2555 609 2609 653 et
2632 599 2788 654 Clero
2817 600 3050 655 civitatis
3078 610 3281 657 nostrae
3328 603 3699 673 Salernitana,

2106 703 2169 748 ut
2209 693 2545 764 quotannis,
2579 692 2738 763 juxta
2780 695 3198 750 commemorati
3242 695 3559 767 diplomatis
3609 714 3697 753 se-

2102 788 2265 854 riem,
2292 795 2405 841 tam
2442 786 2497 841 in
2526 786 2793 842 Natalitiis
2817 789 2875 841 S.
2901 788 3146 859 Gregorii
3178 791 3337 860 Papae
3365 790 3696 849 celebrandis

2103 880 2196 937 die
2244 886 2313 935 25
2364 880 2569 936 mensis
2626 881 2753 937 Maii
2796 897 2961 951 quam
3012 881 3064 936 in
3128 881 3265 937 festo
3310 884 3700 940 Translationis

2103 976 2347 1047 ejusdem
2378 976 2704 1030 celebrando
2733 974 2819 1030 die
2864 982 2899 1029 4
2942 974 3146 1029 mensis
3185 977 3333 1045 Maii,
3377 977 3600 1034 Missam
3642 986 3700 1033 et

2105 1069 2366 1125 Ofﬁcium
2423 1069 2709 1141 pr0prinm
2758 1069 2859 1123 sub
2910 1066 3114 1139 duplici
3143 1070 3266 1135 ritu,
3315 1079 3504 1127 nostro
3538 1070 3697 1143 jussu

2102 1165 2247 1235 typis
2281 1178 2502 1232 excusa,
2551 1172 2674 1234 post
2703 1162 2806 1217 hac
2842 1161 2911 1217 ad
2943 1161 3114 1234 ipsius
3159 1164 3381 1235 gloriosi
3420 1164 3702 1220 Pontiﬁcis

2103 1257 2370 1312 honorem
2401 1265 2619 1311 cantare
2650 1256 2729 1311 vel
2756 1257 2985 1311 recitare
3010 1264 3323 1311 teneantur.
3364 1258 3419 1312 Si
3460 1259 3579 1329 quis
3605 1274 3696 1313 au-

2097 1359 2212 1405 tem
2246 1351 2372 1405 huic
2395 1360 2604 1405 nostras
2632 1365 2852 1419 semper
2884 1349 3128 1405 valiturae
3174 1350 3559 1406 constitutioni
3600 1367 3693 1422 pa-

2100 1460 2222 1499 rere.
2267 1444 2683 1515 contempserit,
2724 1445 2770 1498 is
2797 1442 3021 1515 quidem
3063 1443 3329 1515 gravioris
3373 1444 3546 1516 culpa
3574 1444 3693 1499 vin-

2099 1539 2221 1593 culo
2266 1539 2406 1608 apud
2457 1538 2802 1592 tremendum
2852 1537 2951 1591 Dei
2997 1538 3387 1607 omnipotentis
3438 1538 3694 1593 Tribunal

2097 1647 2216 1687 sese
2245 1631 2461 1686 noverit
2488 1631 2774 1701 illigatum,
2809 1634 3014 1685 Datum
3046 1631 3280 1699 Salerni,
3328 1638 3386 1686 11
3422 1631 3552 1686 Kal.
3592 1635 3696 1687 Se-

2096 1725 2381 1796 ptembris,
2417 1730 2575 1780 1610.
2614 1748 2639 1773 »
3012 1735 3019 1739 '

2172 1825 2251 1875 17.
2288 1819 2387 1874 His
2408 1835 2521 1873 non
2546 1826 2841 1873 contentus
2879 1816 3280 1884 Beltraminius,
3326 1818 3601 1889 egregiam
3628 1834 3697 1875 ex

2092 1928 2368 1968 marmore
2399 1922 2658 1980 statuam,
2688 1926 2811 1982 quae
2841 1912 3109 1982 hodieque
3136 1918 3304 1979 extat,
3340 1911 3696 1982 sculpendam

2094 2007 2324 2073 curavit,
2351 2007 2578 2077 ipsoque
2608 2007 2661 2060 in
2696 2006 2895 2061 sacello
2925 2003 3323 2073 collocandam,
3364 2020 3497 2060 usus
3542 2004 3698 2076 periti

2093 2101 2388 2172 sculptoris
2418 2115 2609 2167 manu,
2635 2100 2820 2155 nescio
2850 2115 2919 2155 an
2949 2099 3113 2154 etiam
3142 2114 3269 2154 vera
3306 2096 3485 2170 efﬁgie
3508 2098 3693 2155 viven-

2095 2194 2165 2250 tis
2193 2193 2463 2266 Gregorii,
2497 2194 2670 2265 qualis
2699 2193 2906 2249 Salerni
2934 2194 3113 2264 potuit
3144 2191 3312 2248 fuisse
3354 2201 3693 2248 conservata.

2092 2287 2239 2343 Talis
2280 2294 2427 2342 certe
2458 2286 2621 2358 digna
2662 2295 2807 2342 esset
2849 2302 3012 2357 quam
3054 2286 3146 2341 hic
3174 2286 3439 2341 vellemus
3477 2286 3573 2342 teri
3619 2286 3697 2341 in-

2092 2383 2265 2438 cisam
2289 2389 2702 2451 repraesentare,
2728 2380 2907 2450 potius
2934 2394 3100 2450 quam
3128 2378 3409 2434 inventum
3443 2382 3488 2435 Ι.
3531 2381 3592 2435 Β.
3627 2379 3695 2436 de

2092 2474 2422 2543 Cavalleriis,
2450 2474 2543 2544 qui
2586 2473 2915 2545 Gregorium
2958 2473 3344 2544 proximosque
3382 2472 3696 2530 decessores

2093 2585 2157 2625 ac
2175 2583 2518 2624 successores
2540 2567 2949 2638 repraesentavit
2974 2566 3143 2622 barba
3165 2582 3306 2634 rasa,
3334 2575 3522 2622 contra
3546 2576 3695 2623 tem-

2096 2663 2243 2733 poris
2285 2662 2430 2717 illius
2474 2677 2707 2726 morem,
2757 2675 2823 2715 ex
2863 2660 3221 2715 Anastasiana
3272 2662 3329 2715 S.
3384 2660 3596 2716 Nicolai
3638 2661 3694 2717 in

2094 2756 2248 2811 Urbe
2277 2755 2482 2822 tabula,
2506 2754 2660 2825 cujus
2684 2753 2813 2809 alibi
2838 2754 3096 2810 exhibita:
3125 2769 3286 2825 supra
3314 2754 3692 2821 meminimus,

2094 2848 2559 2919 cognoscendum.
2594 2847 2976 2915 Beltraminio,
3001 2848 3067 2901 ad
3095 2850 3392 2902 Pacensem
3414 2848 3466 2901 in
3494 2847 3693 2919 Hispa-

2092 2942 2182 2996 nia
2215 2940 2517 2996 Ecclesiam
2545 2941 2832 3003 translato,
2864 2940 3121 2995 successit
3148 2955 3294 2993 anno
3321 2945 3457 2995 1612
3486 2941 3695 2995 Lucius

2084 3033 2391 3090 Cardinalis
2432 3033 2830 3089 Sanseverinus
2876 3050 2887 3086 :
2937 3032 3026 3103 qui
3069 3031 3230 3088 tertio
3272 3033 3353 3086 sui
3401 3033 3694 3103 Archiepi-

369 3131 463 3200 qui
497 3140 623 3201 post
650 3138 736 3184 tot
764 3130 1009 3196 labores,
1034 3136 1119 3185 tot
1142 3142 1418 3183 aerumnas
1449 3136 1611 3199 atque
1646 3128 1977 3199 persecutio-
2015 3135 2058 3197 (ζ
2086 3135 2341 3199 sc0patus
2385 3142 2527 3182 anno
2548 3168 2564 3194 ,
2614 3141 2769 3181 suam
2826 3140 3045 3197 quoque
3087 3124 3409 3196 religionem
3449 3141 3576 3198 erga
3625 3127 3689 3180 B.

371 3239 490 3287 nes,
539 3239 640 3294 pro
681 3223 783 3277 Dei
823 3222 1059 3277 Ecclesia
1097 3220 1391 3276 fortissime
1435 3228 1489 3275 et
1530 3222 1980 3276 constantissime

370 3315 753 3370 invictissimo
781 3315 970 3369 animo
994 3316 1271 3382 toleratas,
1294 3314 1516 3368 tandem
1536 3313 1737 3379 (divina
1770 3313 1847 3368 sic
1869 3314 1979 3368 dis-

372 3417 614 3480 ponente
654 3407 1016 3473 Providentia)
1046 3408 1101 3462 in
1140 3408 1477 3463 Salernitana
1516 3407 1731 3463 civitate
1774 3406 1975 3463 obdor-

372 3503 539 3559 mivit
569 3502 627 3557 in
656 3503 933 3567 Domino;
964 3510 1026 3556 ut
1060 3517 1227 3572 quam
1259 3501 1315 3556 in
1346 3516 1575 3572 corpore
1600 3500 1834 3567 mortali,
1883 3516 1978 3555 sua

370 3595 667 3652 venerabili
696 3595 1011 3666 praesentia,
1053 3595 1120 3649 ad
1149 3604 1364 3666 tempus
1398 3594 1792 3657 lwtiﬁcaverat,
1819 3592 1982 3648 etiam

371 3691 607 3762 pretiosa
628 3697 828 3754 morte,
851 3688 919 3743 ad
939 3703 1152 3743 caenam
1175 3688 1494 3759 nuptiarum
1527 3687 1671 3759 Agni
1723 3696 1974 3753 vocatus”,

372 3783 434 3837 in
464 3791 789 3854 perpetuum
832 3782 1148 3837 illustraret.
1194 3784 1307 3836 Nos
1350 3789 1560 3849 autem,
1604 3780 1857 3850 quamvis
1895 3780 1975 3834 in-

371 3875 550 3948 digni,
583 3876 643 3930 in
668 3875 1024 3930 Salernitana:
1072 3875 1328 3930 Ecclesiae
1370 3873 1631 3945 regimine
1673 3873 1975 3939 constituti,

378 3985 538 4037 cum,
563 3969 677 4023 loca
702 3968 916 4023 Divinaa
938 3969 1208 4039 Majestati
1236 3968 1412 4023 dicata
1441 3967 1741 4034 visitantes,
1764 3967 1818 4021 in
1860 3967 1977 4038 ipsa.

378 4060 697 4118 Cathedrali
728 4071 918 4117 nostra
964 4061 1185 4116 Basilica
1215 4068 1645 4118 monumentum
1683 4061 1975 4115 memorati

371 4157 601 4229 gloriosi
634 4154 907 4211 Pontiﬁcis
933 4164 1184 4211 accurate
1211 4153 1672 4226 perapiceremus,
1704 4161 1765 4207 et
1785 4153 1974 4209 debito

372 4250 661 4305 Caelitibus
686 4249 892 4305 honore
934 4264 1000 4303 ac
1039 4248 1385 4303 veneratione
1411 4248 1563 4301 illum
1605 4262 1789 4303 carere
1829 4247 1974 4304 haud

372 4359 535 4415 aquo
568 4345 674 4415 pati
709 4343 892 4397 animo
921 4357 1234 4413 possemus;
1266 4357 1331 4396 ex
1364 4340 1670 4411 Apostolica
1710 4339 1847 4395 Sede
1888 4341 1971 4396 di-

375 4438 565 4509 ploma
596 4437 759 4492 nobis
798 4436 946 4491 haud
980 4436 1218 4506 segniter
1258 4434 1658 4505 impetrandum
1687 4450 1804 4490 esse
1844 4450 1973 4489 cen-

2090 3222 2422 3293 Gregorium
2448 3228 2700 3275 testatam
2729 3217 2879 3285 facit,
2910 3218 3224 3290 hujusmodi
3250 3218 3434 3285 titulo,
3476 3219 3577 3274 sub
3603 3236 3692 3275 an-

2088 3315 2311 3387 tiquiori
2336 3314 2569 3370 Marsilii
2596 3313 2801 3377 tabula,
2828 3312 2885 3366 in
2910 3312 3014 3367 alia
3046 3312 3297 3367 similiter
3321 3328 3636 3369 marmorea
3676 3332 3688 3369 :

2094 3432 2119 3457 α
2162 3412 2275 3478 Ego
2318 3407 2520 3462 Lucius
2563 3404 2979 3471 Sanseverinus,
3025 3405 3481 3477 Archiepiscopus
3511 3408 3689 3463 Saler-

2088 3502 2324 3567 nitanus,
2374 3500 2543 3554 altare
2594 3498 2699 3553 hoc
2730 3498 2785 3552 in
2823 3497 3092 3552 honorem
3117 3501 3181 3553 B.
3232 3497 3483 3569 Gregorii
3529 3504 3689 3569 Papae

2088 3597 2190 3651 VII
2232 3592 2571 3660 consecravi;
2607 3592 2834 3664 ejusque
2887 3606 3105 3646 sacrum
3148 3606 3349 3662 corpus
3395 3592 3453 3646 in
3500 3608 3567 3646 eo
3606 3594 3689 3646 in-

2089 3688 2262 3753 clusi;
2318 3685 2708 3759 prmsentibus,
2777 3700 2983 3741 annum
3050 3700 3258 3752 unum;
3316 3685 3688 3741 anniversaria

2088 3782 2341 3852 deinceps
2369 3779 2799 3836 consecrationis
2826 3779 2944 3848 die,
2975 3779 3158 3849 ipsum
3191 3779 3278 3849 pie
3311 3778 3686 3846 visitautibus,

2086 3875 2444 3947 quadraginta
2473 3874 2588 3929 dies
2616 3887 2758 3928 verae
2779 3872 3136 3943 Indulgentiae
3155 3872 3224 3927 de
3246 3873 3505 3929 Ecclesia
3532 3888 3688 3928 more

2086 3969 2351 4023 concessi.
2380 3971 2445 4022 Α.
2480 3970 2547 4021 D.
2584 3972 2741 4022 1614.
2774 3965 2865 4020 die
2890 3970 2925 4019 4
2959 3966 3163 4020 mensis
3190 3965 3342 4021 Maii.
3388 3989 3412 4014 ιι
3464 3969 3683 4022 Novum

2087 4062 2193 4117 hoc
2222 4063 2393 4116 altare
2420 4059 2605 4127 fuerit,
2639 4059 2787 4131 quod
2819 4058 3077 4114 iterandae
3100 4060 3500 4114 Translationis
3524 4072 3686 4116 occa-

2084 4154 2299 4211 sionem
2329 4154 2476 4210 dedit
2508 4174 2519 4209 :
2554 4168 2616 4209 ea
2660 4160 2842 4207 autem
2874 4151 3176 4222 prudenter
3209 4151 3311 4207 fuit
3339 4153 3395 4207 in
3421 4152 3688 4208 eumdem

2084 4248 2229 4303 diem
2279 4247 2484 4303 indicta
2522 4262 2631 4318 quo
2661 4244 2828 4317 prior,
2862 4260 2930 4300 ne
2956 4243 3094 4300 festa
3139 4244 3502 4315 multiplicare
3546 4260 3687 4316 opus

2087 4340 2249 4396 foret.
2287 4344 2490 4397 Eadem
2517 4340 2801 4394 occasione
2844 4338 3131 4393 crederent
3176 4338 3339 4393 fuisse
3383 4353 3413 4392 a
3451 4340 3687 4393 Soanen-

2083 4435 2235 4490 sibus
2278 4435 2629 4503 impetratum
2670 4432 3003 4501 Brachium;
3056 4433 3162 4488 nisi
3197 4432 3383 4487 missa
3425 4432 3567 4489 mihi
3597 4433 3685 4487 in-

374 4532 613 4597 suimus,
647 4539 709 4585 ut
730 4540 785 4585 et
812 4545 1086 4602 congruus
1114 4535 1308 4584 sancto
1348 4527 1595 4583 Pontiﬁci
1624 4527 1977 4583 exhiberetur
2004 4561 2053 4621 D
2083 4527 2409 4585 structiones
2446 4527 2690 4583 dicerent
2736 4526 3081 4582 Cardinalem
3129 4527 3478 4593 Soanensem,
3526 4526 3682 4581 Pauli

376 4625 557 4679 honos
596 4624 663 4679 ab
722 4623 1016 4692 omnibus,
1063 4631 1120 4678 et
1159 4622 1493 4678 Salernitana
1533 4621 1721 4677 civitas
1763 4637 1828 4676 ex
1874 4621 1977 4675 hoc

373 4719 432 4773 in
463 4718 579 4772 dies
601 4718 844 4789 singulos
871 4716 1045 4787 magis
1072 4716 1351 4789 magisque
1375 4716 1478 4771 Dei
1510 4724 1857 4786 promeretur
1875 4716 1977 4770 cle-

375 4810 667 4877 mentiam,
696 4820 808 4865 tam
842 4810 1084 4881 praeclari
1131 4809 1477 4865 Confessoris
1500 4818 1663 4880 atque
1700 4808 1978 4864 Pontiﬁcis

374 4908 612 4975 Deoque
650 4920 777 4959 cum
828 4904 1022 4975 primis
1062 4905 1268 4974 accepti
1310 4903 1495 4974 adjuta
1547 4901 1844 4973 suffragiis.
1898 4905 1977 4957 Ne

375 4997 530 5052 illam
568 4997 789 5068 quidem
830 5012 1056 5052 causam
1085 4996 1305 5051 silentio
1348 4996 1784 5067 praetereundam
1828 4996 1971 5051 arbi-

375 5100 614 5152 tramur,
667 5105 832 5161 quam
878 5090 1027 5144 nulla
1078 5105 1321 5161 unquam
1367 5088 1511 5160 apud
1561 5105 1657 5144 vos
1700 5098 1972 5157 vetustas,

374 5185 522 5239 nulla
552 5201 798 5256 unquam
828 5183 1007 5239 delere
1026 5183 1242 5238 debebit
1272 5183 1467 5237 oblivio
1494 5183 1696 5254 :quod,
1727 5198 1854 5238 cum
1880 5186 1974 5238 Sa-

376 5278 709 5333 lernitanum
747 5278 1057 5350 Capitulum
1079 5275 1571 5348 (quemadmodum
1610 5291 1637 5329 a
1672 5276 1978 5331 Praedeces-

378 5387 504 5425 scre
541 5380 732 5427 nostro
763 5371 855 5427 fel.
898 5386 1139 5426 memor.
1187 5370 1429 5426 Marsilio
1476 5368 1669 5425 litteris
1703 5369 1975 5439 proditum

380 5469 485 5527 est)
514 5466 578 5519 ab
606 5465 800 5520 eodem
847 5467 1009 5520 Beato
1039 5462 1298 5519 Pontifice
1346 5471 1974 5536 magnos_consecutum

375 5558 452 5613 sit
488 5558 764 5626 honores,
811 5559 1063 5613 alacriter
1100 5566 1266 5628 atque
1313 5557 1467 5612 omni
1511 5556 1697 5611 studio
1736 5556 1806 5611 ad
1838 5556 1977 5610 illius

376 5654 449 5707 ita
481 5652 623 5707 bene
650 5652 723 5706 de
748 5650 901 5707 vobis
924 5653 1106 5707 meriti
1133 5652 1340 5707 cultum
1380 5660 1543 5721 atque
1574 5650 1976 5705 venerationem

374 5746 597 5803 debetis
651 5744 982 5802 incumbere.
1036 5748 1157 5802 Hoc
1213 5744 1375 5815 igitur
1433 5754 1680 5816 tempore
1737 5744 1978 5799 volentes

375 5842 745 5913 impetratum
781 5838 892 5908 jam
918 5856 1095 5912 nuper
1138 5854 1170 5894 a
1200 5836 1343 5895 Sede
1390 5838 1699 5911 Apostolica
1737 5837 1979 5908 diploma

2089 4624 2130 4671 V
2175 4622 2447 4678 creatione
2490 4636 2646 4676 sacro
2695 4620 2931 4692 Collegio
2988 4620 3365 4690 adscriptum,
3415 4619 3503 4689 pio
3555 4626 3682 4689 erga

2086 4716 2371 4770 concivem
2402 4713 2721 4769 Pontiﬁcem
2750 4711 2954 4768 affectu
2978 4720 3193 4767 motum
3213 4751 3229 4778 ,
3259 4727 3386 4767 cum
3416 4711 3559 4767 Sede
3589 4725 3683 4766 va-

2087 4819 2243 4865 cante
2286 4809 2489 4865 Salerni
2519 4807 2814 4871 resideret,
2846 4807 2913 4861 ab
2954 4804 3154 4861 eodem
3202 4806 3372 4861 Paulo
3419 4807 3467 4859 V
3510 4805 3681 4876 impe-

2087 4912 2258 4958 trasse
2305 4900 2650 4956 Pontiﬁcium
2701 4903 2874 4954 Breve
2917 4899 2984 4954 ad
3040 4898 3351 4970 Capitulum
3395 4899 3687 4954 Salernita-

2087 5013 2221 5052 num
2240 5036 2253 5060 ,
2287 5011 2394 5066 quo
2416 4994 2679 5067 jubentur
2706 4993 3004 5061 Canonici,
3050 4992 3120 5047 ad
3149 4993 3406 5060 solatium
3450 4991 3682 5047 civitatis

2088 5090 2404 5159 Soanensis,
2433 5088 2709 5159 ipsiUSque
2737 5090 2798 5142 B.
2829 5086 3076 5159 Gregorii
3102 5086 3391 5153 honorem,
3409 5086 3681 5156 insignem

2088 5185 2327 5255 aliquam
2375 5183 2491 5253 ejus
2538 5181 2849 5253 Reliquiam
2892 5180 3098 5251 largiri.
3151 5182 3270 5235 Hoc
3316 5182 3526 5246 Breve,
3575 5194 3685 5234 una

2086 5293 2213 5331 cum
2253 5274 2721 5331 commendatitiis
2754 5274 2936 5346 Magni
2968 5274 3239 5330 ﬂetruriae
3270 5274 3439 5328 Ducis
3472 5272 3685 5342 litteris,

2087 5371 2312 5442 aliisque
2340 5369 2510 5441 ipsius
2537 5368 2836 5424 Cardinalis
2857 5408 2873 5433 ,
2907 5383 3001 5439 per
3024 5368 3163 5423 duos
3187 5366 3546 5423 Soanensium
3578 5366 3684 5421 Le-

2089 5473 2245 5536 gatos
2273 5465 2519 5518 oblatum
2551 5462 2804 5533 Capitulo
2825 5503 2838 5528 ,
2872 5461 3203 5533 persuasisse
3237 5462 3435 5516 dicitur
3461 5468 3523 5515 ut
3550 5459 3684 5514 dex-

2088 5567 2238 5612 trum
2273 5556 2557 5611 brachium
2587 5555 2652 5609 iis
2694 5555 3010 5621 donaretur,
3054 5555 3430 5625 scriptumque
3468 5568 3585 5609 esse
3615 5552 3685 5607 de

2090 5667 2149 5706 ea
2182 5668 2241 5706 re
2267 5651 2694 5705 instrumentum
2721 5649 3018 5715 Notariale,
3064 5657 3119 5703 et
3142 5648 3195 5703 in
3224 5645 3463 5703 archivio
3493 5644 3686 5700 Cathe-

2084 5744 2251 5800 dralis
2277 5753 2575 5801 servatum.
2610 5745 2745 5799 Haec
2764 5758 2891 5799 cum
2920 5751 3147 5798 vacante
3171 5738 3500 5795 Salernitana
3523 5738 3683 5807 Sede,

2086 5840 2259 5895 Paulo
2287 5847 2471 5893 autem
2504 5836 2696 5908 quinto
2745 5834 2989 5901 sedente,
3016 5834 3096 5889 sic
3141 5831 3446 5888 scribantur
3488 5828 3637 5888 facta
3671 5851 3685 5886 :
