4138 6190
450 340 451 349 ι
478 310 547 363 23
1438 326 1445 331 ι
1711 294 1767 349 S.
1811 293 2088 348 GREGOR

2195 325 2197 336 ν
2234 294 2323 348 VII
2362 295 2560 348 PAPA.
3711 296 3782 348 24

480 437 697 504 oportet
723 437 785 485 ut
808 428 952 484 facta
999 426 1116 481 sint
1139 423 1383 495 digresso
1427 420 1483 476 in
1511 420 1834 490 Hispaniam
1875 418 2087 474 Beltra-
2115 425 2167 486 Α
2196 427 2249 475 et
2276 419 2524 475 molestia
2558 418 3010 491 peregrinationis
3049 426 3105 473 et
3129 418 3387 473 instantia
3420 418 3783 487 eruditionis;

481 524 677 591 minio,
719 523 890 578 Lucio
919 525 1103 577 autem
1152 516 1387 573 necdum
1441 513 1700 580 suffecto,
1729 513 1782 568 id
1825 521 1907 567 cst
1933 528 2078 567 anno

488 624 643 675 1612.
669 616 775 672 Sed
830 615 951 687 quis
980 622 1100 669 tum
1129 610 1255 667 ferit
1280 610 1423 665 inter
1450 606 1784 670 Cardinales,
1816 605 1900 661 cui
1943 607 2079 661 Soa-

483 729 551 769 na
583 711 746 767 fuerit
770 708 964 781 patria,
1013 707 1224 761 discere
1250 719 1357 758 non
1386 701 1532 771 potui
1577 716 1643 754 ex
1682 715 1823 753 novo
1866 700 2083 755 Ciacco-

480 805 573 860 nio
593 802 828 869 Oldoiui,
853 801 1063 856 nullum
1090 793 1367 869 ejusmodi
1388 792 1745 855 nominantis,
1773 793 1917 847 inter
1940 808 2085 847 saxa.

482 899 625 969 ginta
670 911 809 968 quos
861 893 1059 950 Paulus
1108 889 1312 946 creavit
1349 905 1362 942 :
1409 900 1578 958 quare
1602 894 1852 956 Optarem
1901 886 2082 957 ipsum

485 992 918 1045 instrumentum
947 985 1152 1048 videre,
1178 997 1242 1036 ex
1266 995 1443 1052 eoque
1472 979 1623 1035 dubii
1657 978 1820 1051 hujus
1864 978 2087 1035 solutio-

484 1100 613 1139 nem
646 1091 849 1154 petere.

560 1182 641 1231 18.
676 1178 811 1244 Quae
842 1186 1004 1243 porro
1034 1166 1201 1241 ipsius
1232 1167 1421 1223 Sacelli
1443 1166 1561 1238 jam
1602 1165 1767 1222 toties
1799 1157 2089 1221 memorati

484 1270 704 1326 fortuna
730 1265 916 1330 fuerit,
943 1262 1148 1318 ibidem
1173 1270 1299 1333 post
1342 1260 1442 1315 hac
1468 1260 1662 1331 legitur
1696 1260 1749 1313 in
1792 1275 2088 1328 marmore,

486 1359 841 1432 sequentibus
870 1357 1075 1424 verbis,
1109 1371 1206 1427 per
1245 1357 1314 1408 D.
1347 1354 1645 1410 Fabritium
1676 1352 1893 1408 Pintum
1923 1353 2092 1409 dicta-

486 1456 555 1509 tis
590 1461 829 1508 exarato.
866 1474 891 1499 «ι
928 1450 1199 1505 Sacellum
1248 1447 1357 1502 hoc
1382 1447 1522 1501 Divo
1553 1446 1804 1501 Michaeli
1844 1446 2088 1501 Archan-

487 1548 629 1619 gelo,
670 1545 809 1600 Duci
845 1542 1231 1608 invictissimo,
1262 1556 1292 1595 a
1324 1549 1552 1595 strenuo
1587 1540 1755 1594 Milite
1780 1540 1993 1595 Joanne
2022 1540 2087 1595 de

486 1639 735 1703 Procida,
767 1636 1115 1693 Salernitano
1138 1634 1394 1700 Patricio,
1431 1649 1494 1687 ac
1517 1632 1703 1704 patriae
1743 1642 2085 1699 ornamento,

487 1734 622 1789 olim
652 1732 930 1797 dicatum;
959 1745 1106 1785 anno
1149 1733 1308 1782 1595.
1339 1742 1492 1782 sacra
1520 1726 1829 1782 Beatissimi
1874 1728 2089 1797 Grego-

485 1827 577 1894 rii,
604 1841 717 1881 non
759 1823 983 1895 Magni,
1029 1822 1127 1878 sed
1170 1821 1453 1876 Pontiﬁcis
1493 1820 1780 1891 plusquam
1824 1819 2085 1886 Maximi,

486 1920 751 1976 translata
791 1917 895 1972 sub
930 1932 1082 1972 aram
1126 1914 1332 1985 accepit
1369 1930 1526 1981 ossa;
1558 1922 1622 1969 ut
1667 1913 1724 1968 in
1766 1912 2089 1983 Archangeli

487 2014 656 2069 tutela
674 2013 884 2084 jaceret
906 2018 1182 2076 mortuus,
1214 2009 1309 2080 qui
1339 2009 1539 2062 Romae
1569 2006 1703 2061 dum
1732 2006 1941 2061 viveret
1968 2022 2091 2061 arce

487 2107 542 2161 S.
575 2104 813 2177 Angelia
841 2102 1194 2158 schismatico
1208 2104 1545 2171 lmperatore
1567 2101 1803 2155 Henrico
1822 2115 1880 2155 se
1908 2106 2088 2155 tutum

488 2198 761 2263 reddidit;
809 2205 865 2252 et
903 2194 1335 2267 PrOpugnatoris
1395 2193 1770 2249 ecclesiasticae
1832 2193 2091 2249 libertatis

486 2291 727 2361 reliquiae
784 2287 1134 2346 defensorem
1179 2286 1444 2342 haberent
1494 2286 1646 2341 illum
1702 2301 1797 2357 per
1849 2302 2012 2357 quem
2059 2302 2087 2340 a

486 2383 871 2440 rebellantibus
900 2385 1020 2438 Deo
1049 2380 1327 2452 spiritibus
1364 2380 1597 2435 liberum
1626 2395 1685 2434 se
1713 2379 1961 2451 agnoscit
1982 2394 2089 2435 ca-

492 2479 603 2533 lum
632 2478 835 2549 ipsum.
882 2475 1129 2533 Tandem
1166 2473 1606 2530 Eminentissimi
1637 2472 1943 2529 Cardinalis
1994 2475 2093 2528 Fa-

487 2571 629 2627 britii
669 2570 861 2625 Sabelli
904 2567 1308 2634 muniﬁcentia,
1346 2567 1690 2622 Salernitano
1725 2566 2087 2621 Reverendis-

489 2664 634 2721 simo
662 2663 918 2734 Capltulo
949 2662 1139 2718 Sacelli
1173 2662 1299 2734 jure
1345 2660 1575 2727 donato,
1608 2659 1819 2715 auctori
1869 2660 2091 2730 Vesperi

491 2757 652 2813 Siculi
698 2771 1040 2828 possessores
1084 2769 1393 2810 successere
1436 2753 1730 2820 Canonici;
1761 2753 1854 2823 qui
1903 2751 2089 2809 Cardi-

488 2850 692 2905 nalitiis
715 2859 769 2905 et
789 2849 1017 2904 nomine
1038 2857 1093 2904 et
1117 2847 1360 2920 insigniis
1396 2852 1464 2901 ab
1494 2846 1689 2901 eodem
1725 2846 1907 2901 ornati
1948 2848 2088 2900 Pon-

488 2944 668 3008 tiﬁce;
698 2943 948 3015 Gregorii
975 2941 1202 3012 Septimi
1226 2940 1423 3012 glorias
1448 2949 1710 3010 perpetuo
1736 2947 1957 3005 canent,
1981 2953 2089 2993 non

486 3036 776 3108 gloriosam
799 3038 865 3091 de
884 3035 1052 3091 Gallis
1080 3041 1416 3105 reportatam
1437 3046 1465 3085 a
1487 3033 1697 3086 Joanne
1726 3031 2028 3086 victoriam.
2060 3053 2086 3077 υ

489 3131 621 3184 Haec
668 3129 887 3195 Pintus;
934 3142 1089 3198 quae,
1132 3127 1210 3181 sic
1254 3125 1533 3179 intellecta
1581 3123 1771 3194 quasi,
1802 3137 1971 3192 usque
2019 3121 2089 3177 ad

488 3222 928 3277 Translationem
979 3219 1315 3289 praedictam,
1357 3215 1485 3270 alibi
1525 3231 1690 3286 quam
1733 3215 1850 3285 ipso
1898 3214 1951 3268 in
1994 3217 2088 3269 Sa-

488 3315 626 3369 cello
649 3312 880 3383 jacuerit
903 3310 1149 3383 Gregorii
1174 3324 1406 3380 corpus;
1431 3324 1542 3363 non
1571 3309 1704 3364 satis
1732 3324 1975 3363 consona
2005 3324 2090 3364 es-

456 3420 469 3427 ’
491 3416 615 3462 sent
655 3405 989 3478 prtelaudato
1033 3403 1451 3475 certissimoque
1480 3403 1700 3457 Marsilii
1730 3402 2084 3470 testimonio;

489 3499 715 3573 proinde
760 3498 1071 3571 accipienda
1115 3507 1241 3553 sunt
1283 3497 1419 3553 citra
1471 3495 1740 3567 ejusmodi
1791 3496 2090 3551 restrictio-

487 3609 636 3649 nem.
664 3594 836 3648 Miror
864 3608 1024 3664 porro
1048 3592 1255 3646 nullam
1285 3589 1373 3645 hic
1396 3588 1512 3644 ﬁeri
1541 3589 1878 3645 mentionem
1918 3604 2091 3659 nuper

487 3683 731 3743 defuncti
752 3684 1159 3755 ArchiepiscOpi
1182 3682 1433 3754 Gregorii
1458 3680 1689 3738 Carafl'aa
1707 3722 1722 3749 ,
1747 3682 1906 3752 cujus
1929 3690 2089 3751 atque

490 3776 836 3835 memorabili
892 3774 1267 3831 muniﬁcentia
1320 3773 1472 3830 idem
1510 3774 1816 3839 Sacellum,
1860 3782 1922 3829 ut
1950 3774 2087 3829 mihi

491 3871 765 3947 scribitur,
808 3884 949 3925 nova
986 3867 1239 3939 undique
1265 3868 1472 3939 pictura
1503 3882 1777 3939 aureaque
1804 3868 2090 3937 splendore

492 3972 823 4021 exornatum
848 3961 1155 4033 resplendet
1188 3981 1200 4016 :
1232 3960 1460 4032 picturis
1482 3969 1663 4015 autem
1689 3960 1790 4015 illis
1817 3960 2088 4030 praecipue

489 4065 917 4129 reprmsentatur
954 4054 1258 4110 honoriﬁca
1290 4052 1565 4110 Pontiﬁcis
1594 4054 1649 4109 in
1687 4055 1902 4109 Urbem
1927 4068 2090 4109 exce-

490 4152 629 4219 ptio,
649 4165 754 4205 una
783 4164 912 4206 cum
960 4149 1203 4204 Roberto
1232 4150 1385 4203 Duce
1409 4147 1583 4218 ipsam
1612 4148 1908 4202 subventus
1948 4150 2087 4214 (sic),

490 4245 629 4299 inter
672 4242 845 4299 ﬁdelis
894 4241 1080 4313 populi
1119 4241 1548 4297 acclamationes
1601 4239 1834 4309 festivas,
1890 4240 2089 4295 Christi

488 4336 772 4393 Vicarium
802 4336 1123 4408 suppliciter
1150 4333 1481 4390 venerantis.

488 4446 519 4511 ς
560 4444 657 4499 III.
706 4446 785 4500 De
834 4441 1155 4496 monacham
1190 4441 1247 4496 S.
1303 4442 1555 4509 Gregorii
1597 4441 1701 4495 VII
1720 4482 1731 4501 ,
1776 4445 1827 4494 et
1856 4444 2088 4509 tempore

737 4516 1023 4570 Prioratus
1066 4513 1430 4567 Cluniacensis
1467 4511 1533 4564 ab
1582 4526 1638 4565 eo
1677 4514 1833 4579 gesti.

566 4619 653 4672 19.
698 4616 837 4684 Qum
865 4615 933 4670 de
971 4614 1077 4669 hoc
1116 4622 1444 4685 argumento
1485 4614 1763 4667 continent
1804 4614 2088 4669 Lectiones

490 4724 651 4780 supra
678 4717 1003 4765 memorata:
1021 4748 1041 4777 ,
1074 4708 1190 4763 suis
1224 4704 1441 4761 mendis
1473 4721 1581 4760 non
1609 4715 1799 4761 carent
1831 4726 1843 4761 :
1876 4723 2003 4761 nam
2034 4718 2089 4762 et

493 4803 743 4858 habitum
770 4802 1009 4857 Cluniaci
1038 4808 1351 4871 susceptum
1382 4816 1412 4854 a
1442 4798 1706 4871 Gregorio
1734 4809 2009 4868 asserunt,
2041 4809 2095 4856 et

493 4895 743 4952 Priorem
784 4893 917 4950 inibi
959 4895 1197 4949 electum
1230 4893 1479 4949 videntur
1522 4892 1723 4958 dicere,
1772 4894 2093 4966 priusquam

495 4990 749 5044 Romano
777 4988 938 5044 Clero
962 4987 1389 5053 adscriberetur,
1425 5002 1664 5057 quorum
1689 4999 1950 5043 neutrum
1997 5003 2096 5057 pu-

494 5089 675 5138 tamus
721 5098 847 5137 cum
894 5082 1118 5136 veritate
1157 5080 1458 5135 subsistere
1496 5100 1509 5135 :
1564 5089 1891 5151 quapropter
1931 5080 2091 5151 digna

493 5173 707 5230 videtur
735 5190 894 5231 causa
939 5188 1064 5245 qum
1109 5168 1199 5228 hic
1226 5174 1530 5229 accuratius
1571 5174 1927 5228 examinetur.
1963 5176 2094 5229 Vitae

489 5279 685 5326 auctor
710 5267 931 5336 Paulus,
956 5265 1142 5323 Sancti
1163 5265 1327 5339 hujus
1356 5266 1635 5324 Pontiﬁcis
1663 5267 1964 5339 primordia
1995 5267 2097 5324 de-

491 5361 754 5430 scribens,
798 5378 954 5417 num.
986 5368 1039 5416 6.
1083 5362 1276 5417 asserit
1304 5361 1451 5433 quod
1484 5384 1509 5409 α
1554 5361 1609 5416 iu
1650 5363 1875 5432 pueritia
1920 5377 2092 5417 avun-

492 5456 615 5512 culo
643 5470 779 5524 suo,
813 5454 1009 5510 Abbati
1051 5454 1369 5511 monasterii
1398 5456 1455 5510 S.
1497 5455 1686 5510 Mériaa
1729 5455 1783 5509 in
1821 5455 2091 5511 Aventino

492 5557 703 5616 monte,
748 5548 817 5604 ad
837 5548 1253 5604 instructionem
1286 5548 1519 5604 liberalis
1556 5547 1797 5604 scientia:
1834 5556 1889 5603 et
1934 5564 2093 5604 com-

492 5642 821 5715 positionem
863 5642 1095 5697 moralis
1140 5640 1459 5712 disciplinm,
1509 5658 1538 5697 a
1576 5642 1893 5713 parentibus
1933 5658 2089 5697 com-

489 5734 854 5791 mendatus...
881 5734 1304 5792 adolescentiam
1330 5750 1459 5791 vero
1492 5736 1787 5807 ingressus,
1816 5733 2091 5807 profectus

489 5836 572 5885 est
604 5828 663 5887 in
688 5829 1001 5895 Franciam,
1048 5828 1361 5884 domiturus
1403 5828 1476 5885 ibi
1520 5829 1703 5884 carnis
1733 5828 2087 5900 petulantiam

2189 512 2318 568 inde
2352 521 2477 586 post
2522 514 2728 585 aliquot
2771 528 2944 567 annos
2982 514 3219 568 Romam
3248 512 3544 579 rediturus,
3572 528 3785 567 moram

2192 605 2321 661 fecit
2366 608 2705 678 aliquantum
2757 607 3022 677 temporis
3066 606 3123 660 in
3179 607 3302 661 aula
3352 605 3569 660 Henrici
3634 608 3782 663 III...

2191 702 2323 755 Post
2354 700 2470 756 haec
2497 704 2737 756 Romam
2762 716 3012 755 reversus
3039 721 3050 754 :
3080 716 3205 755 cum
3234 700 3415 756 studio
3440 698 3789 771 perfectionis

2191 793 2530 850 insisteret...
2573 793 2784 863 ingredi
2823 794 3017 848 statuit
3061 794 3121 849 in
3169 805 3349 866 partes
3390 794 3705 850 Germania:
3736 802 3789 849 et

2195 889 2409 954 Galliae;
2454 903 2692 959 cumque
2757 889 2993 943 venisset
3042 887 3111 943 ad
3170 886 3707 959 Aquas-pendentes,
3759 912 3784 936 υ

2195 983 2397 1054 triplici
2425 983 2631 1037 visione
2660 981 2963 1053 prohibitus
2987 981 3127 1037 ultra
3169 997 3410 1054 pergere,
3456 1004 3482 1029 α
3507 982 3694 1053 sicque
3736 982 3788 1036 in

2197 1078 2469 1131 Romanae
2514 1076 2771 1131 Ecclesia:
2812 1076 3070 1130 solatium
3120 1084 3493 1143 revocatus,...
3554 1076 3789 1130 Subdia-

2198 1186 2370 1224 conus
2395 1186 2425 1224 a
2467 1172 2653 1225 Leone
2685 1172 2829 1240 Papa
2862 1171 2964 1224 1X.
3010 1168 3324 1237 ordinatus,
3364 1169 3693 1224 monasterio
3729 1170 3783 1223 S.

2200 1263 2345 1319 Pauli
2376 1262 2755 1318 miserabiliter
2785 1263 3030 1318 desolato
3060 1264 3314 1334 praelatus
3350 1272 3450 1317 est.
3490 1287 3513 1311 ιι
3546 1264 3677 1317 Haec
3721 1264 3793 1317 le-

2200 1372 2349 1427 gens,
2384 1356 2649 1411 Abbatem
2674 1354 2884 1411 factum
2916 1355 3093 1423 vides;
3128 1358 3220 1411 sed
3260 1356 3545 1427 Regularis
3565 1395 3579 1421 ,
3608 1371 3675 1409 an
3698 1356 3792 1410 Se-

2201 1450 2396 1504 cularis
2422 1466 2515 1504 seu
2537 1448 3069 1516 Commendatarius,
3097 1449 3294 1504 merito
3324 1448 3625 1513 dubitabis,
3656 1448 3788 1504 dum

2202 1544 2257 1598 in
2300 1543 2613 1615 praegressis
2662 1542 2796 1597 nihil
2846 1542 3054 1597 invenis
3099 1541 3242 1597 unde
3288 1542 3554 1613 intelligas
3603 1544 3795 1596 Mona-

2196 1636 2361 1691 chum
2391 1652 2574 1691 revera
2610 1636 2799 1691 fuisse.
2832 1635 3167 1691 Monachum
3199 1644 3383 1690 tamen
3415 1650 3666 1706 expresse
3701 1651 3792 1690 vo-

2196 1738 2300 1796 cat,
2338 1730 2428 1800 qui
2454 1730 2591 1785 scire
2621 1730 2831 1799 Optime
2863 1729 3063 1801 potuit,
3095 1730 3227 1785 dum
3259 1730 3334 1783 ait
3364 1750 3375 1784 :
3409 1751 3434 1776 σι
3458 1731 3519 1782 In
3550 1728 3659 1783 illis
3686 1727 3793 1783 die-

2196 1823 2300 1878 bus
2329 1831 2447 1878 erat
2478 1846 2503 1871 ι
2531 1823 2624 1890 ibi,
2656 1823 2857 1878 scilicet
2887 1823 3210 1878 Wormatia:
3238 1831 3295 1877 et
3314 1838 3458 1877 anno
3486 1827 3643 1877 1047.
3670 1837 3795 1877 cum

2198 1918 2311 1970 Leo
2333 1914 2585 1971 Pontifex
2614 1932 2801 1971 coram
2829 1919 3162 1987 lmperatore
3188 1915 3591 1987 designaretur,
3624 1937 3647 1962 ι
3673 1916 3795 1969 Μο-

2197 2009 2406 2064 nachus
2447 2010 2668 2080 quidam
2710 2013 3026 2077 Romanus,
3087 2009 3293 2063 nobilis
3352 2008 3554 2064 indolis
3611 2006 3797 2063 adole-

2198 2128 2375 2173 scens,
2420 2103 2831 2162 Hildebrandus
2878 2103 3125 2169 nomine,
3163 2102 3294 2157 clari
3322 2101 3525 2173 ingenii
3570 2110 3797 2158 sancte-

2199 2221 2305 2275 que
2367 2199 2664 2273 religionis.
2714 2198 2875 2252 Hunc
2929 2195 3092 2267 igitur
3152 2195 3343 2250 beatus
3405 2194 3705 2269 EpiscOpus
3768 2216 3793 2241 ι

2198 2300 2383 2352 Bruno
2408 2291 2696 2357 Tullensis,
2728 2299 2912 2360 postea
2939 2291 3056 2344 Leo
3084 2288 3286 2354 dictus,
3321 2311 3346 2335 α
3385 2288 3595 2343 vocavit
3621 2287 3688 2342 ad
3716 2302 3793 2355 se,

2198 2390 2412 2460 rogavit
2439 2396 2500 2442 ut
2529 2386 2688 2441 simul
2720 2385 2961 2438 Romam
2990 2381 3215 2437 rediret.
3252 2406 3275 2429 -

2272 2490 2361 2537 20.
2392 2478 2697 2536 Monachus
2722 2492 2852 2548 ergo
2900 2475 3304 2531 Hildebrandus
3334 2474 3465 2541 fuit,
3496 2484 3551 2531 et
3578 2474 3796 2546 quidem

2196 2574 2501 2633 Monachus
2540 2576 2856 2635 Romanus;
2888 2570 3075 2639 utique
3106 2568 3352 2639 ejusdem
3396 2568 3710 2623 monasterii
3742 2568 3798 2624 in

2199 2686 2310 2741 quo
2342 2668 2516 2723 fuerat
2548 2680 2681 2736 puer
2713 2664 3011 2728 educatus;
3044 2678 3144 2717 nec
3180 2662 3282 2717 nisi
3314 2661 3620 2717 Monachus
3656 2670 3803 2716 tran-

2201 2763 2294 2817 siit
2341 2763 2395 2817 in
2426 2758 2708 2816 Franciam
2731 2798 2745 2822 ,
2779 2771 2881 2811 nec
2909 2756 3065 2811 aliter
3093 2764 3175 2809 est
3207 2754 3261 2809 in
3291 2754 3411 2809 aula
3444 2755 3663 2809 Henrici
3695 2758 3799 2810 Im-

2202 2855 2462 2929 peratoris
2506 2858 2857 2907 conversatus
2906 2869 2919 2903 :
2973 2848 3198 2920 proinde
3227 2850 3669 2903 monasticorum
3709 2850 3801 2905 Fa-

2197 2960 2408 3005 storum
2442 2954 2729 3009 Auctores,
2760 2943 3092 3014 Dorganius,
3122 2940 3451 3009 Menardus,
3481 2942 3795 3009 Bucelinus,

2196 3042 2394 3097 merito
2422 3040 2575 3094 illum
2626 3036 2961 3105 adscripsere
3006 3034 3141 3089 suis.
3190 3035 3431 3089 Maxime
3471 3050 3599 3089 cum
3629 3034 3801 3091 Ottho

2124 3148 2168 3209 ε
2198 3132 2561 3202 Frisingensis
2605 3130 2751 3185 dicat
2799 3143 2928 3183 eum
2960 3152 2985 3176 α
3036 3128 3281 3182 Cluniaci
3330 3126 3610 3182 Prioratus
3657 3127 3788 3182 obe-

2197 3226 2441 3281 dientam
2467 3222 2893 3287 administrasse,
2930 3244 2955 3269 »
2997 3220 3217 3291 quando
3259 3224 3367 3276 Leo
3413 3218 3661 3275 Pontifex
3701 3220 3797 3276 de-

2197 3317 2536 3387 signabatur.
2579 3315 2688 3372 Sed
2716 3315 2943 3370 dubium
2974 3322 3058 3370 est
3100 3313 3321 3384 quando
3349 3313 3402 3369 id
3441 3329 3627 3369 verum
3674 3328 3797 3368 esse

2196 3410 2434 3482 potuerit
2460 3409 2503 3464 si
2525 3425 2715 3464 verum
2744 3416 2847 3475 est,
2878 3406 3027 3478 quod
3048 3407 3223 3461 solum
3265 3423 3413 3461 anno
3448 3412 3583 3462 1046
3627 3416 3799 3463 trans-

2197 3520 2416 3575 gressus
2456 3509 2538 3558 est
2564 3504 2730 3573 Alpes
2760 3517 2888 3556 cum
2917 3500 3185 3571 Gregorio
3214 3502 3285 3555 VI
3311 3523 3324 3566 ;
3367 3509 3422 3556 et
3455 3500 3639 3556 adhuc
3687 3508 3802 3555 erat

2197 3597 2545 3664 adolescens,
2589 3595 2809 3667 quando
2850 3610 2977 3650 eum
3022 3593 3354 3649 Wormatia:
3398 3593 3637 3649 secundo
3681 3601 3803 3663 post

2198 3706 2344 3746 anno
2372 3689 2586 3745 invenit
2610 3691 2819 3744 Bruno.
2849 3688 3022 3757 Quid?
3049 3694 3138 3745 An
3170 3686 3456 3743 venerandi
3486 3686 3562 3741 illi
3593 3689 3799 3753 Patres,

2198 3784 2255 3838 in
2281 3792 2394 3838 tam
2412 3781 2601 3853 grandi
2632 3782 2845 3837 abbatis
2870 3783 2954 3836 sui
2981 3783 3036 3836 S.
3060 3780 3308 3837 Odilonis
3332 3788 3511 3843 aetate,
3538 3788 3799 3851 quantam

2196 3875 2389 3931 habuit
2412 3876 2650 3930 moriens
2671 3890 2819 3929 anno
2836 3880 2996 3929 1048.
3018 3882 3277 3939 exeunte,
3306 3872 3653 3944 peregrinum
3678 3872 3801 3927 ado-

2198 3969 2518 4035 lescentem,
2552 3968 2735 4039 paucis
2758 3968 2902 4039 apud
2931 3983 2990 4022 se
3020 3967 3305 4022 mensibus
3326 3975 3624 4033 versatum,
3652 3965 3799 4021 Prio-

2197 4077 2318 4117 rem
2350 4062 2449 4117 sibi
2480 4061 2887 4128 constituerint,
2932 4070 2987 4115 et
3018 4076 3144 4115 mox
3176 4060 3246 4115 ad
3290 4060 3469 4114 aulam
3500 4060 3799 4129 lmperatoo

2196 4156 2273 4211 ris
2294 4155 2587 4211 miserint?
2630 4154 2797 4225 Atqui
2825 4162 2882 4209 et
2908 4154 2964 4207 in
3002 4154 3124 4208 aula
3153 4154 3495 4224 aliquantum
3537 4150 3801 4221 temporis

2197 4257 2380 4304 actum
2425 4248 2617 4303 scribit
2663 4246 2865 4303 Paulus
2900 4246 3248 4318 praecitatus,
3283 4254 3340 4301 et
3386 4246 3592 4317 aliquot
3626 4259 3801 4299 annos

2198 4343 2251 4396 in
2288 4342 2508 4396 Francia
2537 4340 2851 4409 traductos,
2873 4341 3192 4412 priusquam
3228 4343 3465 4395 Romam
3507 4346 3798 4395 revertere-

2198 4442 2307 4489 tur.
2343 4434 2587 4489 Difﬁcilis
2628 4434 2852 4489 nodus:
2897 4434 2993 4489 sed
3038 4433 3130 4504 qui
3176 4434 3392 4488 videtur
3426 4431 3561 4487 solvi
3615 4444 3793 4501 posse,

2117 4506 2165 4567 Ῑ)
2197 4528 2354 4598 paulo
2369 4528 2549 4583 laxius
2565 4526 2879 4598 accipiendo
2896 4542 3099 4582 nomen
3118 4550 3139 4573 σι
3161 4525 3535 4581 Adolescentia
3555 4548 3579 4573 ιο
3602 4543 3618 4591 ;
3639 4522 3802 4579 etdu-

2198 4621 2391 4692 plicem
2426 4621 2784 4675 Hildebrandi
2814 4617 3209 4691 profectionem
3233 4628 3382 4674 trans
3411 4620 3581 4690 Alpes
3605 4616 3799 4672 distin-

2205 4714 2440 4783 guendo,
2490 4714 2627 4768 sicut
2663 4715 2803 4767 circa
2846 4729 3050 4767 annum
3086 4717 3239 4768 1020.
3278 4722 3464 4779 natus,
3495 4720 3683 4782 postea
3730 4724 3802 4765 ω·

2207 4806 2333 4861 tatis
2392 4812 2472 4860 16.
2520 4806 2717 4861 Christi
2771 4812 2927 4861 1036.
2976 4806 3197 4877 quando
3246 4808 3503 4860 Romana
3568 4802 3799 4859 Ecclesia

2206 4898 2522 4955 fmdissimis
2545 4900 2851 4970 agitabatur
2883 4900 3152 4969 procellis,
3181 4898 3282 4954 sub
3310 4897 3592 4970 tyrannide
3618 4897 3801 4967 potius

2204 5008 2370 5062 quam
2412 4994 2739 5047 Pontiﬁcatu
2771 4990 3047 5047 Benedicti
3092 4993 3198 5054 IX,
3230 4991 3549 5063 migraverit
3580 4989 3798 5044 Clunia-

2201 5099 2327 5141 cum
2372 5086 2548 5140 adhuc
2582 5086 2721 5151 tiro;
2768 5093 2821 5139 et
2867 5082 3114 5140 fortassis
3152 5101 3219 5141 ex
3265 5084 3493 5139 consilio
3540 5078 3793 5135 avunculi

2204 5180 2306 5244 sui,
2335 5196 2403 5233 ne
2429 5182 2697 5234 Romanae
2726 5178 2874 5233 urbis
2915 5177 3340 5249 corruptissimis
3381 5185 3513 5231 tunc
3552 5171 3797 5228 moribus

2195 5272 2317 5338 (ubi
2366 5273 2551 5327 omnis
2602 5288 2736 5343 pene
2775 5271 2967 5326 Clerus
3012 5280 3107 5325 aut
3153 5269 3494 5325 Simoniacus
3538 5272 3655 5321 erat
3702 5272 3797 5320 aut

2200 5365 2654 5423 concubinarius.
2705 5374 2798 5419 aut
2842 5364 3007 5419 etiam
3057 5364 3187 5419 vitio
3234 5371 3466 5431 utroque
3516 5358 3794 5430 sordebat)

2203 5458 2577 5528 inquinaretur
2612 5467 2744 5513 astas
2786 5466 3000 5525 tenera,
3045 5466 3099 5511 et
3128 5456 3361 5527 primum
3396 5452 3611 5509 accensi
3656 5452 3796 5524 igni-

2200 5552 2305 5606 culi
2352 5552 2559 5622 pietatis
2602 5559 2715 5606 tam
2781 5551 2909 5606 mali
2953 5548 3187 5621 exempli
3228 5544 3653 5603 suffocarentur.
3713 5546 3793 5601 Ibi

2201 5661 2329 5716 ergo
2380 5660 2478 5700 sex
2532 5659 2704 5700 annos
2749 5644 2830 5699 vel
2875 5652 3081 5715 septem
3128 5641 3295 5713 egerit
3340 5642 3445 5697 sub
3487 5641 3691 5713 optima
3736 5640 3790 5693 S.

2199 5737 2454 5793 Odilonis
2498 5737 2820 5810 disciplina,
2864 5735 3044 5793 donec
3079 5736 3197 5808 jam
3235 5735 3369 5791 satis
3424 5745 3586 5791 notus
3632 5740 3795 5801 atque

2199 5831 2457 5902 probatus
2484 5831 2775 5901 permissus
2812 5840 2897 5887 est
2921 5829 3102 5886 redire
3136 5832 3381 5885 Romam
3402 5869 3416 5895 ,
3446 5825 3515 5883 ad
3558 5820 3792 5894 discipli-
