4122 6180
359 264 435 315 25
1361 261 1885 317 PROLEGOMENA.
1926 291 1994 303 —
2034 224 2206 318 ACTA
2246 263 2303 333 s.
2344 262 2693 318 caseos".
3608 270 3675 320 26

362 400 501 439 nam
552 380 975 439 Cluniacensem
1010 382 1065 437 in
1095 383 1353 439 avunculi
1389 386 1791 441 monasterium
1818 386 1974 443 iudu-
2002 394 2056 456 Α
2085 387 2166 443 sic
2186 389 2350 443 etiam
2380 388 2514 443 verti
2546 387 2687 443 laudi
2730 385 2897 443 debet
2921 386 3093 458 quod,
3125 388 3315 444 videns
3354 405 3510 444 suam
3546 406 3677 461 pro-

360 478 644 542 eendam;
680 476 829 548 prius
848 485 1035 531 tamen
1065 477 1355 532 occasione
1384 479 1565 551 aliqua
1593 479 1803 535 dederit
1832 496 1890 535 se
1919 480 1977 535 in

360 574 560 628 aulam
587 570 968 641 Imperatoris,
998 585 1064 625 ac
1087 571 1307 625 tandem
1339 572 1580 628 Romam
1608 573 1816 629 venerit
1833 574 1977 629 circa

362 682 587 722 annum
614 664 794 719 atatis
811 670 901 718 24.
930 663 1133 719 Christi
1173 670 1327 719 I044.
1363 666 1466 720 Hic
1490 682 1617 722 vero
1646 683 1773 722 cum
1802 667 1977 739 pejori

369 760 573 815 omnia
600 760 651 813 in
680 766 824 813 statu
848 757 1146 829 reperisset
1170 774 1333 828 quam
1364 768 1550 827 antea,
1568 760 1785 817 duobus
1812 762 1975 817 simul

374 858 645 924 Papatum
674 850 1015 922 gerentibus,
1057 866 1122 906 eo
1150 852 1358 907 scilicet
1404 868 1570 924 quem
1600 854 1709 909 dixi
1734 854 1975 910 Benedi-

370 957 464 1002 cto
496 948 598 1000 IX.
630 954 688 999 et
714 960 908 1001 recens
932 953 1123 999 contra
1148 944 1294 1001 hunc
1317 962 1347 1001 a
1379 947 1647 1003 Romanis
1673 949 1846 1004 electo
1873 949 1973 1003 Sil-

362 1049 553 1095 vestro
604 1040 724 1106 III;
761 1040 960 1094 iterum
1004 1039 1320 1095 deseruerit
1371 1040 1761 1112 Babylonicam
1809 1042 1973 1098 istam

362 1132 785 1199 confusionem,
829 1132 886 1187 in
943 1133 1186 1188 Galliam
1214 1134 1321 1197 vel,_
1349 1134 1708 1190 Germaniam
1748 1151 1806 1191 se
1835 1153 1975 1192 rece-

365 1236 574 1298 pturus
602 1243 616 1278 :
640 1227 736 1282 sed
769 1226 833 1281 iis
862 1241 1001 1297 quas
1030 1224 1144 1281 dixi
1174 1226 1471 1283 visionibus
1500 1244 1567 1283 ex
1596 1228 1789 1285 itinere
1822 1246 1975 1285 revo-

361 1329 552 1386 catus,
577 1327 631 1374 et
659 1320 718 1374 in
746 1320 962 1374 Clerum
997 1322 1317 1376 Romanum
1345 1320 1753 1393 sitadscriptus
1773 1338 1802 1377 a
1832 1323 1973 1379 Gre-

359 1416 524 1486 gorio
555 1416 629 1468 Vl
669 1432 681 1468 :
709 1413 799 1484 qui
826 1414 928 1468 sub
956 1414 1104 1470 idem
1124 1423 1342 1487 tempus
1372 1415 1591 1488 utrique
1622 1416 1972 1489 Pseudopon-

360 1507 505 1562 tiﬁci
562 1515 903 1579 persuaserat
941 1508 1083 1563 male
1122 1509 1309 1564 invaso
1364 1508 1486 1564 loco
1531 1508 1748 1577 cedere,
1797 1526 1971 1582 eoque

361 1601 735 1657 commeritus
776 1599 955 1657 fuerat
1001 1610 1064 1656 ut
1107 1601 1223 1673 ipse
1277 1602 1333 1658 in
1363 1602 1625 1659 eumdem
1651 1604 1972 1660 eveheretur

365 1695 553 1751 libera
588 1695 865 1751 electione.

449 1796 541 1845 2t.
571 1791 730 1845 Certe
775 1788 1184 1846 Hildebrandus
1215 1791 1356 1862 ipse,
1393 1789 1570 1847 factus
1609 1800 1799 1864 postea
1829 1793 1971 1849 Gre-
2008 1768 2056 1831 Β

366 1884 570 1953 gorius
586 1885 713 1949 VII,
735 1883 791 1938 in
821 1884 1063 1940 Concilio
1082 1887 1334 1941 Romano
1357 1894 1714 1958 protestatur,
1742 1886 1927 1943 dicens
1958 1906 1970 1941 :

373 2000 396 2020 ι
446 1979 565 2031 Vos
606 1976 757 2031 scitis
787 1977 912 2047 quia
942 1993 1052 2032 non
1084 1977 1316 2033 libenter
1353 1978 1425 2035 ad
1456 1995 1675 2035 sacrum
1693 1979 1974 2036 Ordinem

363 2071 603 2135 accessi,
637 2078 691 2124 et
718 2069 917 2126 invitus
964 2071 1106 2126 ultra
1156 2081 1371 2127 montes
1413 2088 1543 2128 cum
1572 2074 1819 2129 Domino
1850 2089 1971 2129 meo

364 2164 519 2233 Papa
569 2162 839 2234 Gregorio
888 2164 997 2219 abii
1043 2182 1058 2220 :
1107 2187 1132 2211 ιο
1178 2164 1377 2236 quibus
1405 2166 1582 2221 verbis
1615 2167 1748 2221 satis
1786 2176 1973 2237 aperte

363 2255 648 2327 signiﬁcat
684 2272 765 2322 se,
796 2257 1122 2330 priusquam
1153 2257 1395 2313 secunda
1433 2274 1496 2313 ac
1528 2259 1734 2330 passim
1769 2260 1969 2316 notiori

363 2351 488 2405 rice
538 2352 723 2405 Roma
770 2350 965 2417 abiret,
1016 2359 1323 2407 extractum
1347 2367 1378 2407 e
1416 2354 1754 2409 monasterio
1786 2352 1971 2422 fuisse,

362 2444 436 2499 ad
466 2443 642 2515 ipsius
665 2444 917 2513 Gregorii
962 2446 1037 2500 VI
1090 2444 1440 2512 famulatum,
1483 2455 1538 2501 et
1566 2449 1836 2503 Romana
1866 2450 1974 2502 Ec-

362 2538 550 2593 clesia
592 2538 750 2592 Clero
793 2537 1081 2593 donatum.
1117 2538 1411 2607 Quomodo
1452 2549 1637 2594 autem
1684 2556 1808 2595 cum
1846 2541 1974 2612 ipso

364 2631 646 2701 Gregorio
674 2646 895 2686 rursum
921 2631 1089 2703 Alpes
1116 2632 1415 2701 transierit,
1436 2633 1618 2702 paucis
1643 2633 1731 2689 hic
1754 2634 1974 2690 videtur

361 2724 782 2795 explicandum.
825 2726 1027 2780 Fuerat
1046 2725 1349 2799 Gregorius
1376 2728 1445 2781 VI
1474 2726 1529 2781 in
1571 2736 1685 2782 tam
1718 2728 1975 2798 prasenti

361 2819 698 2873 necessitate
730 2817 1008 2889 Ecclesia,
1034 2818 1295 2891 justoque
1335 2828 1509 2887 metu,
1542 2836 1609 2875 ne
1644 2821 1976 2877 Benedictus

364 2920 581 2966 mutata
611 2912 898 2967 voluntate
923 2912 1231 2968 cessionem
1256 2919 1597 2981 retractaret,
1618 2929 1727 2968 non
1754 2914 1973 2985 praha-

366 3005 479 3059 bito
505 3020 787 3060 consensu
805 3008 972 3078 Regis
990 3005 1233 3073 Henrici,
1264 3006 1368 3061 hoc
1396 3006 1621 3063 nomine
1646 3008 1809 3078 Regis
1834 3009 1974 3064 Ger-

2085 482 2388 537 motionem
2424 481 2712 553 displicere
2750 481 2989 552 Principi
3015 481 3350 554 Synodoque
3384 484 3679 555 Ερὶεοορο-

2087 590 2233 641 rum,
2260 575 2389 629 licet
2413 573 2481 629 de
2511 589 2671 628 causa
2702 572 3037 639 informatis,
3067 558 3385 630 renuntiare
3406 576 3678 645 maluerit,

2087 683 2253 740 quam
2306 683 2336 723 a
2383 683 2439 722 se
2490 666 2843 722 constitutam
2893 682 3085 738 pacem
3139 667 3441 724 obtinendo
3485 669 3679 725 dissol—

2087 777 2233 816 vere.

2156 864 2247 911 22.
2277 856 2395 910 Hac
2437 862 2622 909 autem
2653 853 2705 908 in
2746 860 2859 908 tota
2895 868 2951 907 re
2995 854 3215 909 maximi
3241 852 3555 911 faciendum
3596 865 3679 913 est

2087 946 2464 1014 Hildebrandi,
2512 946 2631 1001 licet
2686 945 2865 1001 adhuc
2893 945 3136 1016 juvenis,
3189 946 3476 1017 judicium;
3526 949 3677 1021 quod

2084 1041 2264 1099 senior
2310 1048 2494 1111 postea
2524 1054 2760 1095 summa
2805 1039 3142 1094 auctoritatis
3182 1038 3445 1111 suffragio
3474 1042 3675 1096 contir-

2085 1135 2275 1201 mavit,
2306 1132 2665 1205 probavitque
2693 1140 2895 1203 quanta
2929 1132 3096 1188 etiam
3124 1132 3340 1203 juvenis
3372 1134 3676 1190 constantia

2085 1226 2263 1285 fuerit.
2292 1228 2381 1282 Sic
2427 1226 2577 1282 enim
2608 1226 2799 1281 scribit
2818 1226 2982 1281 Ottho
3013 1226 3376 1298 pralaudatus
3402 1246 3414 1281 :
3444 1250 3470 1276 ι
3518 1232 3678 1285 Hunc

2083 1323 2430 1387 Gratianum,
2471 1322 2636 1392 Alpes
2672 1319 3177 1386 transcendentem,
3218 1326 3468 1375 secutum
3513 1321 3678 1377 fuisse

2084 1417 2306 1472 tradunt
2336 1413 2792 1481 Hildebrandum,
2820 1413 2912 1485 qui
2941 1424 3126 1486 postea
3149 1429 3402 1470 summus
3434 1413 3679 1470 Pontifex

2080 1509 2281 1576 factus,
2312 1510 2382 1565 ob
2400 1509 2519 1580 ejus
2537 1524 2805 1575 amorem,
2829 1508 2953 1578 quia
2974 1508 3041 1564 de
3068 1509 3324 1580 Catalogo
3349 1507 3675 1564 Pontiﬁcum

2082 1612 2331 1660 semotus
2368 1602 2567 1671 fuerat,
2600 1618 2658 1658 se
2687 1601 3018 1672 Gregorium
3050 1601 3354 1673 septimum
3392 1602 3575 1657 vocari
3596 1617 3680 1657 vo-

2082 1698 2215 1766 luit;
2243 1706 2319 1767 et,
2344 1697 2485 1752 sicut
2514 1697 2566 1750 in
2598 1698 2815 1751 Lucano
2845 1694 3036 1765 habes,

2158 1814 2185 1841 α
2253 1791 2457 1847 Victrix
2507 1805 2671 1845 causa
2713 1789 2813 1844 diis
2856 1788 3076 1860 placuit,
3116 1787 3214 1843 sed
3249 1788 3383 1844 victa
3424 1790 3615 1845 Catoni
3664 1809 3676 1845 :

2080 1887 2151 1941 ita
2196 1894 2249 1941 et
2274 1884 2403 1940 huic
2445 1882 2838 1951 Hildebrando,
2869 1881 2960 1954 qui
2994 1897 3208 1953 semper
3230 1883 3284 1937 in
3315 1882 3677 1939 ecclesiastico

2081 1980 2260 2051 rigore
2287 1977 2772 2033 constantissimus
2798 1975 2920 2040 fuit,
2964 1991 3124 2030 causa
3166 1975 3289 2044 ista,
3319 1978 3374 2030 in
3411 1991 3516 2046 qua
3558 1992 3677 2033 sen-

2079 2074 2250 2130 tentia
2281 2072 2550 2143 Priucipis
2587 2078 2645 2126 et
2674 2070 3064 2141 episcoporum
3112 2069 3414 2140 pravaluit,
3460 2084 3679 2141 semper

2080 2166 2378 2238 displicuit.
2442 2189 2467 2214 n
2526 2168 2629 2220 Ms.
2682 2172 2934 2219 nostrum
2991 2163 3060 2217 de
3104 2162 3365 2218 Gratiano
3420 2162 3677 2234 pradicto

2079 2275 2269 2331 agens,
2318 2259 2445 2315 dicit
2492 2257 2637 2329 quod
2668 2265 2793 2329 post
2819 2256 3223 2313 abdicationem
3264 2256 3461 2312 ductus
3501 2256 3680 2312 extitit

2080 2353 2134 2409 in
2164 2354 2392 2425 Cisalpis
2423 2351 2690 2423 partibus;
2736 2351 2920 2422 utique
2970 2352 3039 2406 ab
3070 2350 3423 2421 imperatore,
3466 2365 3675 2405 novan-

2080 2447 2274 2503 darum
2325 2462 2513 2503 rerum
2548 2447 2897 2503 occasionem
2946 2445 3024 2501 sic
3055 2442 3335 2499 auferente
3374 2444 3443 2498 iis
3479 2444 3677 2515 quibus

2079 2540 2420 2612 intelligebat
2448 2556 2558 2596 non
2608 2539 2767 2611 plane
2792 2539 3011 2610 probari
3058 2538 3290 2593 factum.
3318 2536 3423 2592 Hic
3449 2537 3494 2592 si
3526 2553 3678 2592 men-

2078 2634 2212 2690 dum
2236 2635 2454 2689 nullum
2478 2635 2630 2699 latet,
2672 2632 2972 2688 dicendum
3003 2632 3103 2687 erit
3131 2631 3459 2687 Gratianum
3479 2639 3537 2687 et
3561 2632 3678 2686 Hilc

2078 2727 2421 2783 debrandum
2461 2726 2533 2782 ad
2571 2726 2792 2798 aliquod
2829 2726 3370 2797 Longobardicorum
3411 2733 3679 2781 monaste-

2082 2820 2290 2875 riorum
2331 2835 2389 2875 se
2419 2819 2708 2890 recepisse,
2766 2828 2897 2890 puta
2938 2824 2993 2875 S.
3045 2819 3339 2875 Salvatoris
3383 2818 3540 2889 juxta
3584 2822 3679 2875 Pa-

2085 2913 2255 2985 piam;
2310 2913 2510 2984 quippe
2537 2912 2687 2983 quod
2717 2921 2847 2967 ante
2883 2928 3053 2968 annos
3105 2912 3325 2967 circiter
3370 2912 3672 2983 sexaginta,

2084 3023 2149 3062 ex
2171 3006 2547 3063 Cluniacensis
2584 3005 2941 3061 institutionis
2986 3004 3166 3060 forma
3197 3020 3293 3075 per
3320 3005 3376 3059 S.
3408 3005 3674 3076 Majolum

367 3099 573 3155 mania
600 3100 794 3167 Tertii,
832 3100 1188 3171 Imperatoris
1216 3100 1473 3164 Secundi,
1504 3101 1790 3157 ordinatus
1824 3104 1969 3157 Pon-
2009 3124 2053 3186 ρ
2082 3099 2463 3169 reformatum,
2518 3099 2718 3170 ubique
2765 3098 3140 3154 celebrabatur
3194 3096 3340 3153 fama
3388 3098 3677 3153 severioris

362 3190 516 3246 tifex.
540 3193 797 3262 Cumque
830 3192 1133 3248 maximam
1154 3191 1527 3250 reformanda
1551 3194 1802 3251 Ecclesia
1817 3211 1972 3265 spem

363 3284 533 3339 bonis
585 3283 813 3353 faceret,
861 3286 1020 3340 malis
1077 3301 1204 3341 vero
1235 3297 1482 3352 metum;
1514 3287 1549 3342 ii
1579 3288 1671 3359 qui
1709 3288 1812 3343 sibi
1844 3305 1974 3344 con-

363 3378 466 3432 scii
516 3387 681 3432 erant
716 3379 1080 3435 Ecclesiarum
1109 3380 1409 3451 dignitates
1437 3380 1750 3437 Simonacie
1797 3381 1972 3454 possi-

363 3469 524 3536 dere,
552 3472 636 3537 vel
688 3469 971 3528 fornicarie
1005 3473 1312 3543 inquinare,
1343 3472 1502 3529 facile
1531 3474 1780 3529 animum
1821 3477 1969 3530 Hen-

360 3565 493 3628 rici,
524 3580 587 3619 sc
614 3566 954 3635 prateritum
978 3565 1240 3633 dolentis,
1264 3582 1330 3621 eo
1356 3566 1627 3623 flexerunt
1648 3577 1727 3635 ut,
1755 3568 1971 3639 quando

363 3661 635 3713 Romana
667 3659 909 3714 Ecclesia
946 3659 1063 3731 jam
1091 3659 1375 3716 dicebatur
1409 3669 1521 3716 tres
1564 3662 1727 3717 simul
1773 3662 1971 3718 habere

367 3752 702 3820 Pontifices,
752 3752 808 3806 in
859 3752 1071 3807 Italiam
1122 3753 1240 3825 ipse
1293 3768 1351 3809 se
1394 3754 1699 3824 conferret,
1756 3764 1971 3811 tantum

367 3846 700 3900 scandalum
733 3845 1067 3901 amoliturus
1096 3847 1152 3901 in
1204 3847 1449 3919 legitima
1489 3848 1712 3920 Synodo
1756 3854 1973 3919 Episco-

370 3953 605 4009 porum.
634 3941 755 4011 Non
785 3938 1063 4010 displicuit
1106 3955 1167 3995 ea
1196 3956 1284 3996 res
1316 3941 1592 4013 Gregorio
1622 3944 1695 3998 VI
1721 3941 1972 3998 nihildu-

375 4032 581 4086 bitanti
608 4033 741 4103 quin
778 4048 936 4089 suam
981 4049 1207 4090 causam
1246 4034 1403 4091 facile
1451 4036 1785 4106 probaturus
1831 4044 1974 4091 esset

368 4125 541 4196 Regi,
568 4126 1085 4198 conﬁrmandusque
1135 4128 1191 4183 in
1248 4131 1477 4199 Papatu.
1510 4129 1617 4185 Sed
1662 4130 1822 4199 longe
1860 4129 1973 4200 opi-

368 4219 543 4273 nione
573 4218 737 4276 falsus
765 4230 867 4276 est.
911 4221 1152 4289 Etenim,
1195 4231 1498 4278 convocata
1527 4222 1694 4279 Sutrii
1722 4222 1968 4295 Synodo,

367 4324 663 4370 accusatus
718 4323 801 4370 est
851 4316 968 4386 ipse
1023 4316 1314 4387 pecuniam
1370 4317 1583 4373 dedisse
1643 4318 1972 4383 Benedicto,

371 4406 625 4478 adeoque
652 4407 878 4477 incapax
905 4406 1073 4465 fuisse
1098 4410 1384 4467 obtinendi
1414 4412 1667 4483 Papatus.
1700 4412 1821 4467 Hoc
1851 4410 1974 4466 ino-

2080 3194 2403 3266 disciplina.
2464 3195 2525 3247 In
2588 3207 2653 3247 eo
2704 3200 2891 3247 tamen
2940 3190 3201 3247 diuturna
3258 3206 3411 3246 mora
3471 3191 3675 3248 eisdem

2080 3287 2251 3343 fuisse
2299 3302 2412 3342 non
2441 3286 2618 3358 potuit
2662 3306 2674 3342 :
2709 3287 2836 3356 quia
2882 3301 2994 3341 non
3049 3285 3253 3356 placuit
3279 3285 3574 3341 discedenti
3610 3301 3674 3341 ex

2082 3381 2236 3436 Italia
2265 3380 2600 3450 imperatori,
2626 3379 2706 3433 cis
2731 3379 2890 3449 Alpes
2919 3378 3149 3450 relinqui
3180 3379 3532 3435 Gratianum.

2153 3479 2240 3529 23.
2274 3472 2397 3540 Quo
2422 3480 2602 3526 autem
2633 3487 2764 3525 eum
2801 3471 3035 3525 deduxit
3068 3470 3513 3526 Hildebrandus?
3546 3494 3570 3519 ‹‹
3611 3474 3674 3526 In

2081 3567 2281 3631 Gallia,
2315 3590 2340 3614 υ
2388 3566 2563 3636 inquit
2590 3563 2661 3619 ad
2698 3580 2787 3619 an.
2825 3566 2965 3619 1049
2996 3563 3282 3631 Baronius,
3341 3586 3363 3611 α
3401 3563 3677 3645 profectus

2080 3676 2208 3716 cum
2246 3659 2515 3732 Gregorio
2558 3660 2631 3713 Vl
2689 3656 2833 3729 apud
2874 3657 3283 3723 Cluniacenses,
3335 3672 3502 3727 penes
3538 3672 3676 3728 quos

2081 3754 2289 3810 sciebat
2325 3752 2689 3809 monasticam
2724 3751 2904 3823 vigere
2932 3750 3359 3817 observantiam,
3390 3749 3675 3817 habitavit,

2080 3848 2391 3904 monachus
2438 3848 2584 3902 inter
2644 3845 2948 3901 monachos
2992 3844 3221 3916 degens.
3275 3867 3301 3892 ν
3352 3842 3511 3899 Addo
3550 3859 3674 3916 ego,

2085 3965 2110 3989 α
2138 3952 2194 3998 et
2219 3941 2432 4013 pridem
2459 3948 2622 3996 notus
2647 3939 2869 4010 hOSpes,
2886 3947 3049 4009 atque
3076 3938 3335 3993 omnibus
3352 3953 3450 4009 pro
3482 3936 3675 3992 merito

2082 4035 2296 4091 eximia
2320 4034 2528 4089 virtutis
2557 4033 2939 4105 sapientiaque
2958 4031 3311 4087 charissimus
3335 4050 3347 4085 :
3381 4053 3408 4079 ι
3435 4029 3521 4087 Ad
3542 4045 3678 4102 quas

2080 4129 2201 4200 ejus
2240 4128 2625 4199 prarogativas
2651 4142 2779 4183 cum
2817 4125 3103 4181 accederet
3140 4125 3313 4196 gratia
3354 4125 3677 4180 auctoritas-

2083 4238 2189 4294 que
2214 4222 2487 4294 Gregorii,
2523 4221 2649 4277 licet
2670 4222 2786 4292 jam
2823 4218 3080 4291 depositi,
3111 4218 3259 4290 apud
3294 4206 3678 4274 Cluniacensés

2084 4316 2390 4371 monachos
2421 4332 2518 4387 pro
2546 4316 2740 4369 merito
2779 4313 2993 4385 ingens;
3042 4313 3249 4368 mirum
3275 4327 3389 4367 non
3419 4310 3601 4374 fuerit,
3631 4311 3676 4366 si

2085 4424 2214 4464 eum
2258 4410 2314 4465 S.
2348 4409 2512 4464 Odilo
2553 4410 2798 4479 priorem
2828 4407 3198 4474 constituerit,
3237 4413 3675 4462 sustentaturum

377 4501 567 4571 pinato
631 4516 889 4557 successu
955 4507 1238 4574 perculsus
1298 4504 1596 4577 Gregorius
1615 4544 1631 4571 ,
1684 4506 1977 4575 vidensque
2006 4501 2056 4563 D
2087 4503 2269 4575 vigore
2293 4503 2681 4558 adolescentia
2710 4506 2835 4572 (qua
2865 4510 3045 4556 tamen
3076 4500 3193 4570 jam
3221 4499 3476 4572 attigerat
3498 4499 3679 4554 atatis

374 4596 680 4665 EpiscOpos
717 4596 783 4650 ad
814 4597 984 4667 Regis
1022 4606 1213 4653 votum
1248 4596 1302 4651 in
1330 4598 1412 4652 sui
1442 4596 1855 4654 damnationem
1879 4599 1977 4654 de-

370 4688 820 4759 positionemque
852 4705 1191 4761 propensos;
1225 4690 1371 4746 ultro
1397 4690 1618 4759 cedens,
1650 4707 1842 4747 eorum
1880 4706 1974 4746 ar-

368 4782 552 4836 bitrio
590 4797 646 4835 se
693 4783 977 4852 permisit;
1019 4783 1275 4854 quamvis
1310 4800 1376 4840 eo
1420 4786 1570 4855 quod
1616 4786 1974 4841 accusabatur

366 4874 546 4940 facto,
588 4890 699 4929 non
733 4876 1075 4931 commisisse
1112 4877 1449 4946 Simoniam,
1480 4878 1578 4935 sed
1617 4879 1795 4935 solum
1834 4878 1974 4950 inju-

359 4970 513 5023 riam
545 4969 806 5023 avertisse
834 4970 904 5024 ab
931 4970 1202 5038 Ecclesia;
1240 4986 1423 5041 neque
1447 4972 1650 5027 emisse
1679 4988 1711 5028 a
1742 4971 1974 5027 Benedi-

360 5073 461 5117 cto
518 5061 862 5132 dignitatem,
909 5061 1007 5118 sed
1061 5064 1317 5120 eamdem
1367 5079 1434 5119 ex
1486 5066 1685 5121 merito
1735 5081 1765 5120 a
1813 5067 1972 5121 Clero

362 5159 627 5211 Romano
674 5156 973 5211 obtinuisse
1016 5157 1303 5230 plusquam
1355 5159 1741 5215 verosimiliter
1808 5159 1966 5214 susti-

361 5260 538 5305 neant
570 5250 694 5316 alii;
728 5250 871 5306 unde
901 5255 957 5305 et
978 5266 1007 5305 a
1036 5252 1090 5306 S.
1127 5254 1291 5307 Petro
1315 5252 1590 5307 Damiano
1609 5253 1887 5320 laudatur,
1918 5260 1973 5307 et

365 5342 739 5399 Ecclesiastici
781 5352 955 5399 status
992 5344 1446 5401 reformationem
1486 5346 1554 5401 ab
1596 5362 1661 5402 eo
1711 5347 1969 5402 habuisse

369 5436 707 5507 principium
735 5448 1043 5507 agnoscunt
1069 5439 1341 5496 Rudolfus
1383 5439 1606 5507 Glaber,
1638 5440 1808 5497 Ottho
1840 5441 1965 5496 Fri-

360 5531 669 5600 singensis,
708 5532 923 5604 aliique.
978 5535 1105 5603 Quo
1160 5534 1357 5604 posito,
1404 5532 1551 5588 sicut
1599 5535 1798 5589 Joanni
1833 5536 1968 5592 Gra-

358 5624 517 5678 tiano
550 5625 645 5687 (ita
671 5626 815 5680 enim
844 5635 1006 5683 antea
1055 5628 1376 5693 vocabatur)
1415 5626 1616 5683 honori
1640 5626 1749 5683 fuit
1776 5629 1966 5684 Eccle—

355 5719 504 5771 siam
534 5717 831 5773 redemisse
871 5722 940 5775 ab
993 5737 1055 5776 ea
1114 5722 1202 5779 cui
1256 5721 1564 5792 mancipata
1614 5720 1809 5792 injuste
1852 5732 1969 5777 erat

347 5811 652 5878 servitute,
712 5818 770 5866 et
809 5814 1093 5895 sustulisqe
1151 5815 1393 5872 schisma
1433 5830 1544 5886 quo
1582 5814 1963 5887 affligebatur;

2085 4612 2295 4653 annum
2328 4602 2416 4662 27)
2456 4604 2798 4652 senectutem
2828 4610 2987 4650 suam
3019 4594 3228 4665 ipsique
3268 4591 3535 4664 Gregorio
3562 4607 3679 4648 ma-

2078 4692 2189 4764 jori
2235 4707 2360 4746 cum
2405 4698 2671 4763 potestate
2717 4689 3157 4744 ministraturum
3208 4686 3537 4744 necessaria.
3590 4688 3677 4741 ln-

2086 4785 2246 4840 terim
2292 4785 2518 4854 contigit
2564 4786 2759 4838 Roma
2809 4784 2970 4849 mori,
3002 4796 3114 4835 non
3153 4782 3335 4837 solum
3386 4780 3677 4838 suffectum

2084 4880 2350 4951 Gregorio
2407 4880 2749 4935 Clementem
2798 4875 2895 4931 sed
2935 4877 3096 4931 etiam
3144 4879 3470 4942 Damasum,
3511 4874 3679 4931 ambo

2083 4973 2199 5045 ejus
2227 4973 2470 5029 nominis
2499 4971 2789 5037 secundos,
2839 4970 3134 5042 omniaque
3173 4970 3391 5025 misceri
3439 4984 3470 5025 a
3502 4972 3676 5025 Bene~

2082 5066 2252 5134 dicto,
2312 5068 2513 5123 iterum
2544 5066 2597 5121 in
2624 5066 2829 5122 Sedem
2876 5066 3255 5137 Apostolicam
3296 5062 3513 5136 regredi
3556 5078 3678 5119 mo-

2084 5160 2246 5216 liente
2278 5180 2291 5216 :
2320 5176 2487 5227 quare
2518 5159 2763 5215 Romani
2793 5163 3065 5229 Optimum
3094 5174 3379 5225 censuere,
3412 5158 3679 5229 legatione

2084 5256 2271 5320 missa,
2302 5271 2495 5325 rogare
2544 5271 2748 5327 regem,
2788 5254 3099 5325 designaret
3130 5254 3242 5326 ipse
3279 5268 3442 5325 quem
3488 5253 3613 5324 eligi
3645 5267 3675 5306 a

2079 5364 2138 5404 se
2167 5349 2494 5404 Pontificem
2526 5350 2703 5403 vellet.
2738 5349 2906 5420 Hujus
2952 5357 3132 5405 autem
3170 5347 3247 5403 rei
3281 5347 3421 5402 fama
3462 5346 3677 5402 Clunia-

2080 5457 2208 5498 cum
2240 5443 2466 5514 perlata,
2504 5442 2760 5497 existimo
2793 5442 3228 5498 Hildebrandum
3256 5440 3557 5497 excurrisse
3607 5438 3673 5494 ad

2079 5551 2289 5607 regem,
2312 5536 2397 5590 cui
2415 5536 2529 5607 jam
2562 5535 2776 5607 pridem
2816 5551 2975 5591 carus
3002 5534 3206 5603 fuerat,
3234 5536 3279 5591 si
3305 5535 3448 5591 forte
3485 5534 3532 5589 ei
3565 5547 3677 5604 per-

2078 5628 2308 5685 suadere
2353 5638 2536 5699 posset
2586 5629 2874 5685 restituere
2922 5630 3289 5703 Gregorium,
3337 5642 3503 5699 quem
3559 5639 3673 5679 non

2077 5722 2340 5778 credebat
2363 5724 2494 5778 citra
2523 5722 2783 5794 injuriam
2816 5723 3054 5795 aliquam
3099 5724 3220 5777 loco
3260 5728 3496 5784 motum,
3542 5717 3668 5771 scie-

2075 5815 2280 5888 batque
2300 5818 2497 5873 eodem
2527 5832 2637 5889 quo
2663 5815 2930 5888 flagrabat
2957 5817 3069 5886 ipse
3092 5811 3459 5869 reformanda
3482 5812 3667 5869 Eccle-
