4122 6180
460 240 527 291 27
1686 232 1741 284 S.
1782 227 2163 283 GREGORIUS
2203 228 2289 281 Vll
2331 216 2525 282 PAPK.
3687 232 3764 285 28

459 360 555 416 sia;
605 360 725 415 zelo
770 369 1024 417 aestuare.
1073 359 1178 416 Sed
1229 358 1402 413 alium
1451 355 1576 411 huic
1620 355 1802 411 itineri
1851 352 2059 410 exitum
2090 358 2143 420 Α
2169 354 2484 409 Amalﬁtaui
2522 353 2939 425 archiepiscopi;
2988 371 3127 427 quos
3170 356 3362 412 ambos
3405 363 3520 412 tum
3555 359 3773 412 Rome

462 453 824 510 destinaverat
861 458 1040 520 Deus;
1068 452 1193 524 quia
1222 466 1319 521 per
1355 450 1523 505 talem
1542 448 1889 505 occasionem
1910 448 2058 519 venit

463 549 521 602 in
547 547 802 603 notitiam
831 547 956 602 novi
986 544 1284 610 Pontiﬁcis,
1310 552 1544 599 exeunte
1568 558 1714 598 anno
1746 549 1883 598 1047
1913 541 2054 597 desi-

462 641 641 714 gnati;
672 642 785 712 qui,
814 638 1092 694 hominem
1133 646 1326 694 nactus
1354 641 1625 693 Romanae
1656 636 1805 692 urbis
1839 635 1971 691 vitia
2003 646 2058 691 et

440 735 795 805 corruptelas
831 748 940 786 non
976 733 1242 787 scientem
1294 731 1480 787 minus
1534 746 1699 803 quam
1752 729 2053 797 odientem,

463 826 753 883 crediderit
789 840 917 880 eum
962 824 1068 880 sibi
1099 824 1328 880 consilio
1381 833 1437 880 et
1472 824 1672 880 auxilio
1704 823 2055 879 utilissimum

462 935 578 975 esse
609 934 786 989 posse,
816 918 860 972 si
891 933 1078 974 secum
1111 918 1292 973 venire
1325 918 1698 989 persuasisset.

535 1017 624 1067 24.
675 1011 844 1067 Ottho
880 1012 1246 1084 Frisingensis
1292 1012 1453 1084 paulo
1496 1011 1652 1067 aliter
1688 1027 1806 1066 rem
1848 1020 2055 1079 narrat,

462 1104 614 1178 quasi
657 1121 756 1176 per
792 1105 1000 1161 Gallias
1049 1106 1152 1161 iter
1196 1109 1431 1161 Romam
1471 1112 1662 1160 tenens
1689 1106 1906 1161 noviter
1928 1105 2060 1161 desi-

461 1209 664 1272 gnatus
698 1198 967 1267 Pontifex,
1002 1207 1057 1255 et
1077 1199 1339 1255 Cluniaco
1370 1198 1666 1265 transiens,
1691 1199 1765 1254 ibi
1793 1199 2061 1255 invenerit

464 1292 899 1363 Hildebrandum
941 1293 1179 1364 priorem
1225 1312 1239 1349 :
1294 1293 1557 1365 additque
1584 1292 1735 1365 quod
1773 1292 1862 1349 hic
1903 1293 2058 1348 illum

470 1410 493 1434 α
527 1386 732 1453 adiens,
762 1386 1111 1442 aemulatione
1144 1386 1247 1442 Dei
1280 1387 1497 1458 plenus,
1534 1395 1852 1442 constanter
1890 1386 1958 1443 de
1983 1387 2063 1441 in-

466 1489 646 1550 crepto
702 1480 1005 1551 redarguit;
1054 1480 1307 1537 illicitum
1347 1496 1467 1537 esse
1511 1481 1759 1552 inquiens
1804 1496 1900 1552 per
1946 1496 2060 1536 ma-

466 1589 605 1628 num
659 1573 850 1629 laicam
885 1575 1183 1630 Summum
1230 1574 1547 1630 Pontiﬁcem
1596 1573 1667 1630 ad
1718 1575 2061 1646 gubernatio-

467 1682 595 1722 nem
638 1668 897 1724 Ecclesiaa
935 1668 1201 1723 violenter
1250 1668 1475 1724 introire
1523 1686 1537 1725 :
1586 1684 1817 1737 verum,
1858 1667 1903 1723 si
1945 1667 2062 1724 suis

468 1760 687 1816 credere
722 1761 852 1816 velit
878 1760 1138 1830 consiliis,
1170 1770 1491 1834 utrumque,
1522 1771 1578 1818 et
1618 1762 1767 1835 quod
1798 1762 2064 1835 majestas

467 1853 768 1924 imperialis
795 1854 849 1909 in
882 1855 1000 1925 ipso
1027 1870 1141 1910 non
1169 1855 1542 1923 exacerbatur,
1564 1855 2062 1928 quodquelibertas

470 1947 726 2003 Ecclesia:
780 1949 833 2002 in
876 1948 1139 2004 electione
1167 1949 1427 2004 canonica
1453 1958 1774 2016 renovetur,
1805 1965 1862 2005 se
1901 1949 2060 2022 polli-

469 2048 623 2096 cetur
657 2040 1007 2097 effecturum.
1064 2042 1363 2098 lnclinatus
1404 2043 1515 2109 ille,
1554 2042 1622 2099 ad
1660 2043 1907 2099 monitus
1946 2043 2062 2114 ejus

470 2150 766 2206 purpuram
795 2134 1045 2207 deponit;
1074 2136 1451 2209 peregrinique
1473 2136 1727 2193 habitum
1755 2152 2060 2203 assumens,

469 2237 526 2283 et
548 2228 759 2285 ducens
793 2244 979 2285 secum
1010 2229 1474 2300 Hildebrandum,
1532 2230 1633 2286 iter
1661 2230 1856 2302 carpit.
1895 2231 2065 2303 Igitur

469 2321 537 2377 ad
564 2323 777 2379 Urbem
820 2338 990 2395 usque
1040 2324 1339 2390 venientes,
1375 2324 1599 2380 consilio
1642 2323 1994 2379 Hildebrandi
2031 2338 2063 2378 a

468 2416 617 2471 clero
663 2424 718 2472 et
756 2418 957 2488 populo
1003 2417 1061 2472 in
1107 2419 1395 2474 Summum
1427 2416 1747 2473 Pontiﬁcem
1788 2419 2000 2483 Bruno,
2033 2437 2061 2465 υ

472 2525 599 2565 mox
643 2511 757 2567 Leo
786 2511 983 2575 dictus,
1019 2533 1043 2558 σι
1076 2511 1293 2582 eligitur
1342 2532 1391 2565 ιο.
1429 2509 1575 2567 Nihil
1613 2510 1839 2582 quidem
1874 2509 1942 2566 de
1972 2524 2064 2565 as—

469 2613 687 2675 sumpta
718 2620 958 2677 purpura
998 2603 1165 2660 habet
1193 2604 1316 2659 Vita
1357 2602 1585 2671 Leonis;
1618 2612 1672 2659 et
1700 2603 1881 2675 quoad
1912 2602 2066 2658 habi-

468 2706 589 2753 tum
632 2698 919 2769 peregrini,
963 2712 1091 2752 eum
1144 2705 1463 2769 susceptum
1520 2697 1613 2766 ait,
1659 2706 1782 2767 post
1829 2698 2063 2753 natalem

458 2790 676 2865 domini
717 2791 859 2848 Tulli
914 2790 1277 2847 celebratum.
1323 2791 1510 2847 Nolim
1550 2798 1734 2847 tamen
1781 2799 2064 2864 pr0pterea

471 2885 693 2957 rejicere
714 2893 887 2941 totam
922 2886 1295 2941 narrationem
1330 2887 1570 2942 auctoris
1596 2894 1711 2941 tam
1741 2885 1966 2956 antiqui,
2013 2892 2067 2940 et

474 2995 583 3035 non
599 2979 781 3036 solum
812 2980 994 3035 seculo
1020 2989 1143 3050 post
1165 2994 1284 3034 rem
1316 2988 1529 3049 gestam
1555 2979 1875 3045 scribentis;
1904 2978 2067 3032 modo

474 3073 753 3144 permittat
771 3087 1029 3126 excusare
1053 3080 1105 3125 et
1129 3072 1402 3140 corrigere
1428 3072 1544 3125 leve
1571 3078 1815 3125 erratum
1842 3070 1898 3124 in
1922 3070 2064 3135 loco,

474 3174 527 3219 et
572 3163 723 3235 quod
759 3163 848 3217 ille
885 3163 1125 3218 Cluniaci
1157 3162 1364 3217 factum
1400 3163 1493 3227 ait,
1528 3170 1711 3217 actum
1743 3162 2066 3217 Wormatize

475 3256 718 3312 credere.
763 3255 1060 3311 Proﬁtetur
1094 3255 1149 3309 in
1178 3258 1431 3310 Romana
1460 3254 1669 3326 synodo
1711 3270 1872 3326 supra
1902 3255 2069 3310 citata

479 3374 504 3398 «ι
545 3348 847 3421 Gregorius
878 3351 1000 3405 VII.
1033 3372 1058 3397 ιι
1088 3348 1235 3421 quod
1266 3347 1357 3419 qui
1383 3372 1407 3396 α
1443 3348 1647 3404 invitus
1677 3348 1819 3404 ultra
1850 3358 2068 3403 montes

476 3461 601 3500 cum
631 3444 854 3500 domino
888 3460 988 3499 suo
1020 3459 1155 3515 papa
1184 3443 1452 3515 Gregorio
1503 3444 1574 3496 Vl
1607 3442 1763 3509 abiit,
1792 3441 1966 3512 magis
1993 3441 2069 3497 in-

474 3538 615 3594 vitus
649 3554 781 3619 cpm
822 3538 1049 3593 domino
1087 3554 1187 3593 suo
1216 3553 1350 3608 papa
1378 3538 1565 3592 Leone
1603 3536 1673 3590 ad
1703 3536 1998 3606 specialem
2035 3557 2061 3587 ››

478 3633 721 3688 Romani
744 3632 873 3686 cleri
907 3654 932 3678 α
960 3631 1247 3686 ecclesiam
1274 3629 1455 3685 rediit.
1487 3652 1511 3677 η
1540 3629 1717 3685 Credo
1740 3637 1925 3685 autem
1954 3645 2067 3684 non

475 3728 574 3782 alia
604 3724 919 3780 conditione
938 3723 1281 3779 consensisse
1300 3723 1354 3777 in
1376 3722 1637 3791 reditum,
1669 3738 1831 3793 quam
1857 3723 1905 3777 si
1929 3724 2062 3791 Leo,

476 3817 704 3874 consilio
730 3817 818 3871 isti
841 3832 941 3871 suo
964 3815 1292 3887 obsequens,
1312 3818 1552 3871 Romam
1584 3816 1829 3887 privatus
1853 3815 2065 3887 ingredi

474 3913 815 3973 decerneret,
839 3910 967 3965 cleri
999 3925 1331 3966 consensum
1371 3909 1604 3965 liberum
1631 3910 1685 3965 in
1732 3910 1813 3965 sui
1844 3910 2065 3965 electio-

474 4021 601 4060 nem
647 4004 1032 4075 requisiturus;
1086 4005 1338 4075 quamvis
1398 4003 1454 4059 id
1502 4003 1746 4059 fortassis
1792 4019 1904 4058 non
1953 4013 2069 4059 erat

478 4099 706 4154 omnino
734 4098 1124 4164 necessarium,
1171 4098 1215 4152 si
1256 4114 1350 4168 per
1373 4098 1833 4168 compromissum
1866 4100 2069 4153 Roma-

476 4171 674 4248 ηδτ-ιλιι)
714 4192 961 4263 ipsorum
1012 4190 1293 4247 arbitrium
1340 4192 1572 4263 eligendi
1629 4191 1911 4247 Pontiﬁcis
1970 4189 2069 4246 fuit

478 4286 791 4357 imperatori
843 4284 1110 4353 delatum,
1167 4285 1243 4340 uti
1302 4285 1616 4341 existimant
1662 4284 1833 4355 aliqui
1881 4293 2066 4339 contra

478 4388 721 4436 mentem
758 4378 1006 4434 Baronii.
1032 4381 1137 4433 Ms.
1176 4387 1431 4434 nostrum
1465 4379 1532 4433 de
1560 4377 1698 4433 Vitis
1724 4377 2066 4445 Pontiﬁcum,

2166 462 2285 503 esse
2315 447 2539 515 sciebat,
2565 457 2621 504 et
2643 464 2740 518 pro
2770 448 2998 520 egregiae
3017 450 3322 505 sanctitatis
3358 450 3551 505 merito
3579 447 3770 504 maxi-

2165 557 2253 596 ma
2284 540 2489 597 ibidem
2520 543 2727 613 pollere
2751 543 3074 597 auctoritate
3115 559 3178 599 ac
3212 544 3410 616 gratia.
3448 543 3767 614 Utrumque

2168 650 2233 691 ex
2273 637 2332 690 S.
2358 634 2610 691 Odilonis
2637 636 2760 691 Vita
2791 635 2997 692 scimus
3043 658 3055 693 :
3090 637 3181 708 qui
3207 653 3337 693 cum
3379 637 3464 692 hic
3487 636 3765 691 Silviniaci

2167 729 2223 784 in
2272 729 2449 786 Gallia
2489 730 2644 799 obiit,
2690 731 2879 786 ultima
2923 730 3013 786 die
3041 730 3169 786 anni
3217 736 3353 787 1048
3381 730 3487 785 sub
3523 739 3773 795 noctem,

2165 823 2404 879 necdum
2434 824 2643 895 integer
2673 839 2847 878 annus
2884 822 3170 881 efﬂuxerat
3191 824 3338 896 quod
3377 828 3560 879 Roma
3586 822 3776 878 redie-

2167 924 2281 985 rat;
2312 918 2645 973 Laurentius
2672 926 2854 973 autem
2885 923 2961 983 (ut
3008 920 3062 972 in
3092 919 3285 974 eadem
3337 918 3456 972 Vita
3507 917 3778 979 habetur)

2168 1010 2345 1066 eidem
2377 1010 2450 1067 ibi
2498 1012 2787 1084 aegrotanti
2835 1027 2931 1083 per
2971 1027 3195 1067 menses
3233 1013 3469 1084 quinque
3514 1011 3780 1065 maximo

2168 1105 2362 1161 solatio
2408 1103 2605 1172 fuerat,
2657 1105 2756 1174 vir,
2782 1106 2854 1173 ES.
2915 1108 3078 1161 Petro
3125 1106 3394 1160 Damiano
3416 1110 3574 1170 teste,
3610 1127 3636 1151 α
3673 1103 3777 1174 qui

2172 1207 2363 1269 potens
2399 1199 2455 1254 in
2512 1198 2701 1254 litteris
2741 1214 2806 1255 ac
2855 1198 3145 1271 bigiossus,
3195 1199 3387 1255 Graece
3431 1206 3662 1253 noverat
3714 1205 3780 1251 et

2169 1294 2391 1360 Latine;
2432 1301 2507 1361 et,
2554 1291 2701 1363 quod
2746 1293 2912 1364 longo
2953 1293 3295 1364 praestantius
3335 1301 3438 1359 est,
3478 1290 3776 1346 laudabilis

2169 1386 2293 1442 vita;
2335 1386 2580 1442 claritate
2627 1370 2895 1458 pollebat,
2938 1409 2963 1435 ιο
3009 1394 3269 1442 mortuus
3310 1385 3517 1451 ibidem
3563 1386 3776 1439 Romae

2170 1480 2418 1552 proxima
2449 1489 2574 1552 post
2599 1489 2841 1536 mortem
2882 1482 2939 1536 8.
2978 1480 3224 1536 Odilonis
3268 1478 3701 1551 Quadragesima
3756 1495 3773 1532 :

2170 1575 2228 1629 in
2270 1574 2425 1646 cujus
2466 1574 2637 1630 altera
2667 1582 2724 1629 et
2767 1574 3063 1645 antiquiori
3114 1574 3238 1628 Vita
3274 1590 3372 1644 per
3411 1570 3777 1635 Liziardum,

2170 1668 2317 1725 idem
2346 1668 2673 1724 Laurentius
2697 1668 2999 1739 appellatur
3027 1691 3052 1715 «ι
3083 1667 3166 1722 vir
3193 1682 3289 1739 per
3317 1666 3504 1722 omnia
3535 1665 3784 1722 sanctis-

2170 1763 2339 1819 simus
2387 1763 2441 1819 in
2484 1762 2782 1833 Scripturis
2823 1762 3111 1833 utriusque
3170 1762 3371 1834 linguae
3432 1758 3781 1816 facundissi-

2172 1872 2321 1922 mus,
2345 1855 2614 1928 istiusque
2634 1856 2814 1912 Patris
2843 1854 3328 1921 familiarissimus;
3355 1869 3593 1926 quorum
3616 1861 3782 1908 uter-

2171 1966 2277 2021 que
2324 1950 2539 2005 animus
2595 1949 3073 2021 conglutinabatur
3100 1948 3363 2004 individui
3416 1948 3622 2003 amoris
3650 1946 3777 2017 spi-

2170 2045 2298 2099 ritu.
2331 2066 2356 2093 ο
2389 2045 2443 2099 Si
2475 2044 2783 2115 interrogas
2808 2043 2902 2098 ubi
2933 2051 2988 2098 et
3016 2042 3233 2114 quando
3263 2042 3580 2113 magistrum
3618 2043 3779 2097 Lau-

2171 2137 2413 2194 rentium
2456 2136 2706 2192 habuerit
2746 2136 3174 2202 Hildebrandus;
3228 2150 3295 2191 ex
3345 2134 3777 2191 mendacissimo

2171 2231 2445 2286 Bennonis
2494 2246 2590 2286 ore
2635 2230 2783 2286 disce
2810 2231 3170 2286 certissimam
3198 2230 3500 2285 veritatem.
3534 2233 3783 2284 Accusat

2171 2324 2259 2380 hic
2297 2324 2628 2396 Gregorium
2673 2332 2893 2379 sextum
2934 2324 3082 2395 quod
3128 2348 3151 2371 αι
3180 2323 3537 2380 Laurentium
3568 2325 3779 2378 Roma:

2171 2429 2421 2489 agentem
2452 2418 2600 2473 domi
2635 2433 2851 2488 semper
2891 2417 3143 2485 retinuit,
3179 2417 3233 2471 in
3260 2431 3361 2473 suo
3388 2416 3775 2489 archipresby-

2171 2512 2311 2566 terio
2347 2512 2401 2565 S.
2430 2511 2678 2577 Joannis,
2716 2519 2839 2566 ante
2896 2519 3111 2581 portam
3147 2511 3432 2577 Latinam;
3473 2532 3497 2558 ι
3531 2526 3633 2565 nec
3666 2510 3775 2565 du-

2174 2604 2323 2659 bium
2350 2604 2481 2676 quin
2505 2604 2667 2659 etiam
2697 2604 2751 2658 in
2776 2604 3129 2659 Lateranensi
3160 2604 3504 2675 patriarchio,
3536 2619 3662 2658 cum
3682 2618 3770 2659 es-

2173 2708 2255 2754 set
2286 2697 2525 2754 Pontifex
2575 2697 3046 2769 domesticumque
3092 2697 3348 2753 clericum
3405 2698 3482 2753 vel
3530 2704 3761 2752 secreta-

2172 2792 2317 2847 rium
2347 2792 2573 2847 haberet
2618 2789 3073 2847 Hildebrandum.
3105 2794 3265 2847 Hunc
3310 2798 3491 2847 autem
3531 2790 3766 2846 nescire-

2176 2902 2300 2942 mus
2341 2885 2506 2941 fuisse
2532 2884 2807 2940 Laurentii
2850 2883 3193 2955 discipulum,
3224 2885 3323 2940 nisi
3366 2884 3509 2940 idem
3551 2887 3763 2952 Benno,

2175 2979 2416 3034 satanico
2464 2976 2650 3033 furore
2697 2986 2886 3032 contra
2934 2978 3088 3033 illum
3119 2987 3288 3042 actus,
3335 2993 3435 3032 nos
3463 2978 3515 3032 id
3548 2977 3764 3033 docuis-

2176 3080 2290 3137 set;
2339 3071 2472 3126 dum
2501 3071 2735 3126 Baronio
2784 3078 2923 3126 teste
2960 3075 3154 3142 (neque
3184 3070 3325 3124 enim
3360 3070 3538 3139 ipsum
3569 3070 3767 3140 dignor

2176 3164 2453 3235 inspicere)
2483 3164 2537 3218 in
2566 3164 2720 3219 illum
2762 3164 3049 3230 declamat,
3082 3171 3141 3217 ut
3172 3186 3197 3209 ιι
3230 3162 3489 3232 insignem
3516 3177 3758 3233 magum,

2176 3257 2446 3312 malorum
2471 3257 2717 3312 omnium
2755 3256 3026 3312 Benedicti
3067 3257 3152 3312 IX
3178 3254 3522 3325 complicem,
3564 3254 3759 3310 docto-

2176 3366 2295 3405 rem
2332 3359 2383 3405 et
2413 3350 2709 3422 principem
2741 3349 3154 3417 maleﬁciorum,
3185 3347 3277 3420 qui
3322 3356 3375 3403 et
3402 3348 3761 3417 aruSpicinam

2177 3444 2386 3516 publice
2428 3452 2725 3513 exerceret,
2784 3443 3124 3516 magiamque
3167 3451 3222 3497 et
3249 3442 3349 3498 alia
3378 3442 3432 3497 id
3460 3458 3631 3514 genus
3668 3458 3760 3497 ve-

2175 3539 2271 3593 tita
2306 3541 2505 3593 Romae
2533 3538 2709 3609 palam
2742 3536 2954 3592 cunctis
2981 3537 3187 3593 discere
3210 3536 3513 3591 volentibus
3546 3535 3761 3607 proﬁte-

2175 3628 2357 3697 batur;
2391 3648 2420 3687 a
2458 3647 2567 3703 quo
2619 3639 2672 3686 et
2709 3629 3111 3686 Hildebrandus
3162 3628 3278 3700 ejus
3314 3629 3609 3701 discipulus
3646 3645 3765 3684 eas-

2177 3724 2302 3780 dem
2340 3725 2574 3797 magicas
2614 3733 2775 3789 artes,
2810 3723 3018 3794 legibus
3062 3722 3258 3778 divinis
3289 3731 3343 3777 et
3373 3722 3626 3777 humanis
3661 3723 3763 3777 im-

2180 3819 2451 3889 probatas,
2481 3818 2745 3875 didicerit.
2777 3840 2801 3863 ι»
2835 3818 3050 3871 Horum
3090 3816 3252 3887 igitur
3280 3816 3516 3872 duorum
3545 3825 3600 3871 et
3628 3816 3759 3871 alio-

2178 3927 2301 3966 rum
2331 3911 2556 3967 forsitan
2583 3911 2907 3966 eximiorum
2936 3910 3201 3977 virorum,
3229 3911 3426 3966 Romae
3456 3919 3585 3965 tunc
3620 3910 3759 3981 pari-

2178 4013 2259 4060 ter
2301 4004 2783 4073 commorantium,
2814 4019 3037 4075 operam
3074 4003 3175 4058 sibi
3210 4004 3265 4057 in
3320 4003 3453 4057 tanti
3500 4004 3763 4059 momenti

2175 4099 2390 4170 negotio
2413 4098 2755 4170 procurando
2796 4098 3015 4152 minime
3042 4094 3353 4153 defuturum
3391 4110 3613 4166 sperans
3655 4095 3769 4150 Hil-

2175 4192 2502 4259 debrandus,
2543 4191 2717 4262 potuit
2760 4191 2906 4261 quod
2949 4190 3219 4261 pollicitus
3262 4198 3363 4255 est,
3402 4204 3529 4245 cum
3558 4188 3761 4245 ﬁducia

2175 4285 2361 4356 optimi
2408 4300 2709 4351 successus,
2759 4284 3027 4355 spondere
3073 4283 3261 4339 Leoni.
3303 4288 3387 4338 An
3414 4291 3595 4338 autem
3644 4286 3763 4339 Ro-

2178 4395 2323 4433 mam
2348 4378 2691 4434 advenientes
2716 4378 2788 4432 ibi
2819 4377 2998 4433 adhuc
3036 4379 3090 4433 S.
3127 4378 3417 4434 Odilonem
3450 4377 3763 4447 repererint,

476 4473 544 4528 de
567 4476 749 4528 Leone
778 4487 943 4542 agens
977 4490 988 4527 :
1030 4495 1056 4519 ει
1085 4472 1188 4526 Hic
1216 4488 1247 4527 a
1274 4475 1414 4538 Deo,
1446 4472 1642 4543 inquit,
1673 4472 1879 4527 electus
1923 4474 2065 4527 Pon-
2094 4473 2145 4535 ι)
2175 4472 2436 4528 incertum
2463 4472 2594 4527 mihi
2618 4480 2729 4539 est;
2773 4471 3129 4527 Laurentium
3161 4471 3317 4541 plane
3345 4470 3656 4526 debuerunt
3683 4470 3765 4525 in-

472 4565 627 4635 tifex,
653 4566 720 4621 ad
749 4566 942 4621 urbem
962 4564 1179 4621 devenit
1206 4569 1538 4629 Romanam,
1568 4580 1760 4621 secum
1793 4564 2072 4621 deducens

478 4659 928 4725 Hildebrandum,
953 4659 1045 4730 qui
1072 4674 1197 4714 cum
1227 4642 1362 4730 papa
1400 4659 1665 4729 Gregorio
1692 4658 1761 4714 ad
1798 4668 1975 4730 partes
2001 4659 2069 4713 il—

476 4754 554 4808 las
578 4752 777 4809 ierat...
805 4761 861 4808 et
886 4753 1132 4823 ejusdem
1159 4752 1515 4809 Hildebrandi
1548 4752 1775 4809 consilio
1809 4753 1989 4808 omnia
2012 4752 2068 4807 in

476 4847 667 4902 itinere
692 4856 745 4902 et
775 4848 831 4901 in
853 4846 953 4901 hac
981 4847 1202 4902 civitate
1230 4845 1383 4901 fecit.
1420 4870 1444 4894 ιι

546 4946 636 4997 25.
683 4940 791 4998 Sed
846 4947 1057 5013 quaerat
1106 4938 1196 4994 hic
1227 4939 1475 4995 fortassis
1502 4938 1695 5010 aliquis
1728 4955 1835 5010 qua
1870 4938 2069 4995 ﬁducia

480 5034 907 5097 Hildebrandus,
965 5033 1300 5105 sesquianno
1348 5032 1614 5088 duntaxat
1656 5033 1714 5087 iu
1756 5032 1906 5087 curia
1965 5036 2072 5088 Ro-

480 5142 638 5181 mana
675 5135 917 5182 versatus
947 5143 1073 5183 cum
1104 5126 1393 5197 Gregorio,
1432 5126 1661 5196 indeque
1679 5124 1800 5196 jam
1836 5126 2071 5181 alterum

477 5220 865 5292 sesquiannum
903 5220 1123 5288 absens,
1157 5222 1397 5292 potuerit
1424 5228 1540 5274 tam
1579 5219 1771 5274 efﬁcax
1808 5219 2072 5275 auxilium

482 5315 648 5370 Leoni
679 5314 921 5386 polliceri
947 5314 1014 5369 ad
1063 5314 1429 5370 obtinendum
1471 5313 1601 5369 cleri
1645 5329 1710 5368 ac
1742 5313 1926 5383 populi
1963 5315 2089 5368 Ito--

480 5409 625 5464 mani
649 5424 1006 5476 consensum,
1059 5406 1263 5463 nedum
1308 5408 1486 5478 reipsa
1511 5406 1789 5462 exhibere.
1824 5407 1880 5461 Si
1915 5406 2075 5462 liceat

478 5500 686 5573 aliquid
727 5501 989 5565 divinare,
1032 5500 1261 5556 dixerim
1314 5500 1366 5556 id
1418 5500 1715 5572 pollicitum
1751 5499 2075 5555 Hildebran-

476 5593 635 5663 dum,
672 5610 784 5650 non
827 5594 1018 5649 ﬁducia
1060 5594 1296 5666 propriae
1328 5593 1690 5659 auctoritatis,
1729 5609 1895 5664 quam
1937 5595 2075 5649 scire

480 5687 713 5744 debebat
740 5691 937 5743 Romae
965 5685 1083 5744 fore
1112 5687 1393 5759 exiguam;
1436 5686 1531 5741 sed
1561 5685 1772 5753 aliena),
1803 5689 1859 5742 S.
1890 5686 2076 5743 Odilo-

482 5782 565 5836 nis
616 5782 868 5838 videlicet
900 5780 982 5836 sui
1024 5780 1255 5847 abbatis,
1302 5790 1359 5836 et
1410 5778 1655 5850 magistri
1688 5780 1770 5835 sui
1800 5780 2074 5837 Laurentii

2180 4581 2385 4621 venisse
2393 4610 2405 4621 .

2250 4664 2338 4715 26.
2394 4661 2564 4715 Porro
2592 4659 2661 4715 ad
2702 4659 3102 4715 excusationem
3154 4658 3373 4714 Ottonis
3415 4659 3771 4730 Frisingensis

2182 4768 2461 4825 perperam
2502 4753 2757 4809 Cluniaco
2796 4751 3140 4807 attribuentis
3181 4751 3326 4821 quod
3364 4750 3568 4807 factum
3612 4755 3771 4807 Wor-

2182 4847 2363 4902 matiae
2396 4854 2529 4912 erat,
2562 4846 2668 4901 hoc
2694 4847 2862 4903 etiam
2900 4844 3048 4913 facit,
3110 4845 3256 4916 quod
3288 4845 3511 4900 minime
3539 4845 3770 4900 dubitari

2182 4941 2357 5011 possit
2400 4940 2532 5010 quin
2587 4955 2651 4994 ex
2694 4940 2910 5007 itinere,
2966 4954 3061 5010 per
3089 4938 3497 5011 Lotharingiam
3528 4940 3773 5008 Burgun-

2180 5032 2431 5103 diamque
2476 5032 2749 5099 instituto,
2808 5033 3124 5088 Cluniacum
3178 5031 3495 5087 deflexerint
3542 5032 3651 5084 Leo
3718 5036 3772 5082 et

2182 5124 2600 5182 Hildebrandus.
2646 5126 2895 5181 Secundo
2938 5125 3082 5181 enim
3131 5126 3287 5180 Arari
3328 5121 3770 5179 commodissima

2185 5220 2512 5292 Lugdunum
2540 5219 2624 5273 via
2653 5229 2735 5275 est
2766 5240 2778 5276 :
2809 5220 2864 5275 in
2890 5219 3044 5291 cujus
3075 5218 3254 5274 medio
3283 5215 3348 5271 ad
3379 5215 3657 5270 dexteram
3696 5215 3767 5269 ri-

2181 5329 2305 5385 pam
2329 5322 2410 5368 est
2432 5313 2823 5368 Cabillonensis
2860 5312 3066 5379 civitas,
3096 5321 3151 5367 et
3176 5309 3387 5366 duabus
3416 5307 3538 5362 inde
3564 5307 3631 5363 ad
3678 5325 3773 5364 oc-

2184 5407 2453 5463 cidentem
2509 5406 2675 5462 Ieucis
2721 5407 3073 5475 Cluniacum;
3123 5420 3232 5475 quo
3274 5404 3515 5457 Leonem
3556 5402 3776 5473 quidem

2184 5501 2406 5556 invitare
2436 5509 2648 5572 poterat
2693 5509 2814 5556 tum
2839 5498 3098 5555 sanctitas
3126 5495 3477 5553 celeberrima
3513 5496 3635 5562 loci,
3659 5506 3774 5551 tum

2183 5593 2430 5666 Gregorii
2473 5592 2828 5666 Expontiﬁcis
2857 5593 2928 5647 ibi
2972 5589 3279 5661 alloquendi
3330 5590 3714 5654 commoditas,
3746 5604 3773 5641 a

2184 5704 2292 5759 quo
2360 5698 2542 5760 posset
2603 5686 3074 5759 opportunissimis
3151 5684 3393 5739 consiliis
3436 5680 3773 5739 informari:

2183 5783 2363 5853 ipsum
2413 5796 2541 5837 vero
2592 5779 3023 5837 Hildebrandum
3061 5776 3262 5834 eodem
3293 5777 3508 5833 trahere
3554 5773 3783 5831 debebat
