4122 6180
328 272 400 323 29
1335 274 1859 332 PROLEGOMENA.
1902 309 1971 319 —-
2011 278 2187 335 ACTA
2225 278 2277 334 S.
2324 278 2666 333 GREGORII.
3581 291 3652 344 3o

332 396 635 450 necessitas
671 394 957 452 abdicandi
987 396 1286 465 Prioratus,
1318 408 1374 454 et
1407 408 1614 456 statum
1656 411 1936 458 monaste-
1965 411 2019 473 Α
2049 405 2129 460 sui
2166 404 2375 459 ordinis
2399 405 2692 476 scriptores
2730 408 3069 479 antiquiores
3100 425 3213 481 pra
3241 412 3415 467 oculis
3445 411 3653 471 habens

330 489 400 544 rii
432 489 837 556 constituendi,
876 489 1115 546 necdum
1164 507 1231 547 ex
1266 494 1422 549 Italia
1458 510 1680 550 reverso
1710 495 1943 552 Odilone

333 582 557 637 abbate.
597 586 819 653 Quanto
858 582 1064 640 deinde
1096 586 1296 641 Leonis
1327 587 1603 658 pontiﬁcis
1631 605 1776 644 anno
1819 591 1941 645 Hil-

338 676 655 732 debrandus
687 676 975 747 prafectus
997 679 1070 734 sit
1088 680 1426 737 monasterio
1445 683 1502 737 S.
1522 684 1675 738 Pauli
1702 684 1941 755 regendo

340 769 824 841 reformandoque,
882 772 1066 828 nullus
1105 775 1351 845 explicat.
1406 775 1684 831 Visionem
1726 777 1942 849 ipsimet

346 879 409 919 ea
437 864 502 919 de
532 881 589 919 re
613 863 812 920 factam
838 867 1045 921 Paulus
1075 867 1493 925 Bernriedensis
1518 870 1687 926 refert
1706 887 1858 927 num.
1883 879 1937 939 8,

341 958 574 1013 similem
605 959 770 1013 aliam
806 961 975 1014 Leoni
1014 960 1253 1015 oblatam
1299 962 1375 1017 sic
1404 964 1666 1020 describit
1698 968 1804 1021 Ms.
1834 982 1939 1021 no-

332 1060 514 1106 strum
544 1070 556 1105 :
597 1075 623 1100 ι
658 1054 869 1121 Postea,
906 1053 973 1108 ad
997 1054 1319 1125 regendum,
1346 1057 1629 1113 ecclesiam
1655 1061 1707 1114 S.
1734 1061 1883 1114 Pauli
1910 1084 1935 1109 υ

331 1147 447 1199 Leo
482 1170 507 1193 ε
531 1144 763 1202 tradidit
793 1168 819 1198 ι)
851 1146 1248 1215 Hildebrando,
1286 1173 1309 1197 «ι
1340 1166 1437 1219 pro
1467 1152 1704 1221 quadam
1734 1154 1937 1209 visione

334 1255 507 1309 quam
540 1238 780 1307 viderat;
808 1240 1064 1297 videlicet
1089 1242 1222 1313 quia
1246 1245 1308 1298 Β.
1330 1246 1555 1300 Petrum
1589 1246 1645 1300 in
1678 1247 1935 1317 pradicta

330 1333 547 1389 visione
574 1333 813 1389 hilarem
847 1333 1085 1403 videbat,
1118 1339 1181 1391 B.
1214 1337 1457 1393 Paulum
1486 1340 1693 1394 tristem
1734 1350 1788 1395 et
1814 1349 1936 1397 tur-

329 1426 624 1482 bulentum
653 1444 779 1499 erga
809 1443 868 1483 se.
891 1430 1276 1501 prospiciebat.
1314 1455 1337 1479 ι»

328 1538 363 1601 §
402 1536 499 1589 1V.
546 1535 816 1601 Quomodo
851 1537 1034 1612 ordini?
1075 1538 1518 1595 Vallumbrosano
1560 1558 1728 1612 nuper
1764 1548 1937 1600 ascri-

821 1612 954 1677 ptus
996 1610 1225 1664 Sanctus
1247 1612 1332 1664 hic
1358 1614 1451 1665 sit.

411 1716 504 1764 27.
542 1709 872 1776 Pramissaﬁ
896 1711 1107 1767 collatis
1144 1712 1392 1784 undique
1441 1722 1731 1771 auctorum
1782 1720 1935 1775 testi-

2048 498 2393 554 Locatellum
2437 498 2712 569 prafatus,
2769 501 2873 555 isto
2925 503 3005 557 vel
3048 505 3152 559 alio
3188 504 3282 560 ubi
3314 520 3403 561 res
3437 505 3654 562 ferebat

2050 592 2170 647 loco
2196 592 2454 647 dixerunt
2481 593 2717 663 uspiam,
2750 594 2956 649 ordinis
2978 596 3425 655 Vallumbrosani
3465 615 3652 655 mona-

2047 686 2217 741 chum
2250 685 2417 740 fuisse
2448 685 2913 743 Hildebrandum.
2939 691 3130 745 Solum
3153 707 3276 761 cap.
3312 698 3404 760 67,
3432 695 3649 749 invenio

2049 779 2310 835 eumdem
2353 779 2695 834 Locatellum
2749 797 2996 849 narrare,
3027 785 3312 856 quomodo
3355 786 3500 842 idem
3530 787 3649 843 Hil-

2046 872 2383 940 debrandus,
2422 873 2757 927 Florentiam
2790 875 3013 931 veniens
3056 893 3183 932 cum
3218 879 3482 949 pradicto
3509 896 3649 952 papa

2046 966 2377 1034 Alexandro,
2408 966 2476 1021 ad
2506 967 2946 1037 componendam
2977 970 3305 1026 discordiam
3346 973 3486 1028 inter
3521 989 3647 1029 mo-

2046 1059 2253 1115 nachos
2276 1068 2329 1114 et
2347 1060 2669 1130 episcopum
2696 1076 2843 1115 anno
2869 1062 3091 1116 circiter
3131 1070 3286 1130 I063,
3312 1065 3641 1122 tentandum
3669 1113 3671 1115 .

2045 1154 2148 1208 sibi
2177 1153 2524 1225 proposuerit
2551 1155 2605 1209 8.
2639 1154 2870 1209 Joannis
2900 1155 3179 1212 Gualberti
3211 1158 3550 1228 patientiam,
3574 1159 3641 1216 ad

2045 1246 2372 1318 capiendum
2401 1247 2840 1318 experimentum
2866 1248 3059 1304 solida
3086 1248 3357 1306 fucatave
3382 1252 3641 1308 sanctita-

2042 1340 2135 1407 tis,
2166 1340 2486 1412 compositis
2504 1339 2572 1396 ad
2601 1341 2813 1412 injuria
2838 1343 3076 1412 speciem
3100 1343 3277 1399 verbis
3305 1362 3318 1399 :
3346 1366 3370 1392 α
3399 1346 3642 1414 Quorum

2042 1442 2232 1490 tamen
2277 1435 2527 1490 omnium
2569 1435 2735 1500 (sicut
2773 1435 3004 1506 ipsemet
3050 1445 3236 1508 postea
3281 1437 3487 1504 retulit)
3530 1453 3644 1494 me-

2049 1529 2225 1583 moria
2270 1528 2319 1583 ei
2346 1527 2627 1597 exciderit,
2660 1544 2784 1584 mox
2810 1537 2972 1600 atque
3000 1529 3053 1584 in
3086 1530 3256 1585 sancti
3285 1540 3641 1603 conspectum

2046 1621 2217 1677 venit.
2250 1621 2427 1689 Quam
2448 1621 2585 1677 adeo
2609 1622 2733 1689 sibi,
2762 1623 2999 1693 alioquin
3025 1623 3329 1695 eloquenti,
3362 1625 3639 1681 insolitam

2047 1715 2544 1771 obmutescentiam
2568 1731 2668 1787 pro
2688 1716 2956 1772 miraculo
2976 1717 3249 1788 accipiens
3276 1718 3592 1785 cardinalis,
3614 1742 3639 1768 ι

328 1804 549 1869 moniis,
580 1804 761 1858 solum
795 1803 1000 1860 habere
1028 1806 1111 1860 vel
1142 1823 1241 1878 per
1268 1807 1646 1879 conjecturam
1687 1813 1837 1882 potui
1868 1813 1935 1870 de
1966 1784 2014 1846 B
2043 1809 2220 1880 inquit
2244 1784 2585 1877 Locatellus,.
2610 1832 2634 1856 α
2662 1825 2760 1880 pro
2784 1810 2980 1865 iudicio
3006 1784 3128 1866 eam
3156 1809 3346 1866 habuit
3369 1812 3487 1879 Dei,
3515 1784 3643 1867 sano

328 1897 587 1967 Gregorii
628 1900 727 1952 VII
767 1899 1141 1967 monachatu;
1184 1900 1384 1970 donec,
1429 1911 1557 1959 ante
1589 1920 1701 1960 non
1730 1907 1937 1963 multos

328 2006 532 2059 annos,
562 1990 771 2047 amicus
806 2001 995 2047 noster
1021 1993 1277 2049 Tiberius
1305 1996 1642 2065 Petraccius,
1684 2000 1766 2055 sui
1811 2002 1935 2056 Val-

327 2084 675 2140 lumbrosani
707 2085 913 2141 ordinis
952 2094 1085 2143 tunc
1117 2097 1442 2158 procurator
1471 2093 1761 2161 generalis,
1791 2111 1936 2151 nunc

326 2176 503 2233 abbas
526 2179 584 2233 S.
617 2178 901 2234 Michaelis
928 2180 1158 2249 Pistorii,
1189 2181 1430 2237 obtinuit
1467 2199 1498 2239 a
1536 2200 1687 2240 sacra
1726 2187 1933 2244 rituum

323 2272 765 2343 Congregatione
827 2276 1156 2339 Decretum,
1198 2276 1503 2347 'signatum
1568 2284 1630 2333 21
1688 2282 1932 2337 Januarii

330 2370 493 2420 1693.
548 2367 670 2434 Quo
700 2375 820 2421 tum
869 2367 1121 2423 nonnulli
1152 2368 1362 2425 ordinis
1390 2370 1547 2426 istius
1571 2373 1741 2428 sancti
1769 2375 1934 2446 jube-

322 2458 536 2514 bantur
563 2460 961 2533 Martyrologio
989 2464 1248 2518 Romano
1284 2464 1528 2530 inscribi,
1568 2475 1686 2522 tum
1716 2467 1785 2522 ad
1816 2469 1933 2524 elo-

322 2554 479 2624 gium
511 2554 767 2625 Gregorii
801 2556 975 2610 nostri
1010 2571 1175 2627 supra
1203 2558 1437 2613 relatum
1476 2575 1731 2631 expresse
1760 2562 1928 2631 addit,

322 2648 477 2719 quod
507 2645 619 2703 fuit
650 2671 675 2694 α
719 2646 929 2704 ordinis
973 2649 1371 2706 Vallumbrosa
1405 2676 1457 2707 υ.
1490 2656 1684 2709 Postea
1722 2661 1755 2709 4
1784 2657 1930 2710 Mar-

317 2741 378 2795 tii
428 2740 685 2812 ejusdem
737 2742 885 2808 anni,
930 2743 1167 2799 alterum
1207 2746 1483 2801 emanavit
1520 2746 1829 2813 decretum,
1859 2749 1927 2805 ad

320 2832 575 2905 ejusdem
607 2835 979 2906 procuratoris
1006 2836 1366 2905 instantiam;
1399 2855 1509 2910 quo
1552 2842 1926 2910 approbantur

321 2928 817 3001 concedunturque
842 2930 1099 2985 lectiones
1119 2932 1353 3002 propria
1378 2932 1448 2988 de
1471 2932 1677 2988 eisdem
1695 2934 1920 3000 sanctis,

322 3037 384 3077 ac
407 3024 747 3079 nominatim
774 3022 844 3078 de
870 3046 894 3070 α
928 3028 983 3079 8.
1012 3024 1278 3096 Gregorio
1302 3042 1440 3097 papa
1468 3029 1586 3095 VII,
1621 3048 1647 3076 »
1683 3027 1773 3082 ubi
1795 3027 1921 3084 dici-

322 3125 410 3171 tur
434 3116 611 3189 quod,
652 3142 675 3164 α
709 3133 837 3172 cum
866 3133 897 3172 a
929 3118 1130 3173 saculo
1178 3119 1388 3174 alienus
1431 3120 1528 3176 soli
1573 3124 1691 3176 Deo
1721 3122 1925 3176 servire

318 3220 568 3284 cuperet,
610 3211 981 3266 monasticam
1034 3211 1199 3266 vitam
1256 3210 1556 3283 professus,
1604 3215 1924 3271 canobium

318 3308 374 3364 S.
427 3304 714 3362 Benedicti
764 3305 819 3359 in
868 3304 1039 3376 patria
1084 3320 1184 3360 sua
1222 3307 1507 3375 exstruxit,
1541 3308 1641 3362 sub
1674 3308 1926 3363 instituta

317 3400 809 3466 Vallumbrosano,
862 3396 1008 3469 quod
1062 3398 1276 3469 pridem
1325 3400 1613 3470 amplexus
1654 3400 1854 3455 fuerat.
1901 3422 1924 3447 ι»

318 3493 584 3549 Historia
625 3491 1096 3549 Vallumbrosana
1131 3508 1327 3563 parens
1368 3500 1425 3548 et
1456 3494 1778 3549 eruderator
1806 3494 1926 3549 dili-

318 3587 682 3659 gentissimus
708 3585 1033 3640 Ambrosius
1070 3586 1406 3653 Locatellus,
1433 3594 1660 3642 centum
1701 3588 1767 3643 ab
1796 3588 1923 3643 hinc

319 3681 504 3746 annis,
551 3703 576 3727 α
610 3679 861 3751 Gregorii
890 3680 991 3733 VII
1026 3701 1052 3727 η
1084 3694 1228 3750 sape
1272 3680 1522 3735 meminit
1562 3696 1688 3735 cum
1743 3680 1920 3748 laude,

319 3783 585 3844 tanquam
635 3789 735 3828 suo
774 3771 949 3828 ordini
978 3773 1184 3843 optime
1226 3772 1445 3839 affecti;
1480 3789 1542 3829 ac
1582 3774 1922 3829 nominatim

320 3883 442 3937 cap.
475 3869 564 3932 63,
594 3867 787 3921 eadem
806 3865 988 3920 ltalice
1017 3864 1279 3934 referens,
1313 3866 1507 3937 quain
1536 3868 1660 3922 Vita
1692 3885 1819 3924 mox
1842 3869 1922 3923 al-

320 3959 556 4030 leganda
581 3960 972 4031 exprimuntur
992 3959 1180 4027 latine,
1206 3958 1275 4014 de
1299 3961 1464 4030 gestis
1489 3962 1544 4015 in
1573 3962 1785 4033 synodo
1812 3964 1924 4017 Ro-

326 4068 495 4107 mana
538 4053 638 4107 sub
670 4053 980 4111 Alexandro
1029 4054 1103 4119 Il,
1136 4052 1230 4107 ubi
1275 4053 1522 4124 plerique
1551 4055 1759 4124 pralati
1786 4055 1923 4125 ipse-

322 4163 434 4218 que
464 4147 630 4201 etiam
651 4148 707 4202 S.
740 4149 935 4202 Petrus
956 4146 1265 4202 Damianus
1286 4146 1624 4202 obsistebant
1650 4148 1929 4203 monachis

322 4256 354 4295 a
388 4241 445 4295 S.
479 4242 686 4295 Joanne
715 4240 897 4295 missis
935 4238 1006 4294 ad
1048 4243 1274 4295 Petrum
1302 4241 1627 4311 episc0pum
1658 4241 1925 4296 Florenti-

322 4350 461 4390 num
490 4334 749 4389 Simonia
775 4332 1146 4388 accusandum
1182 4351 1194 4386 :
1229 4336 1604 4404 exprimuntur
1624 4343 1811 4389 autem
1837 4334 1924 4389 his

321 4428 505 4482 verbis
536 4446 550 4481 :
588 4451 615 4475 ι
644 4430 859 4482 Interea
909 4427 1205 4483 insurrexit
1233 4426 1288 4481 in
1317 4427 1551 4482 concilio
1594 4426 1817 4498 quidam
1840 4427 1925 4481 vir

2042 1903 2289 1958 ctitatem
2336 1903 2439 1957 viri
2484 1904 2925 1974 comprobantis;
2969 1919 3210 1975 eumque
3255 1904 3512 1976 deinceps
3558 1906 3642 1961 di-

2040 1997 2171 2051 lexit
2198 2005 2259 2051 ut
2285 1994 2534 2060 fratrem,
2565 2004 2620 2051 et
2661 2012 2725 2051 ex
2756 1996 2891 2053 hora
2917 1998 3265 2053 annumerari
3306 1998 3487 2054 voluit
3512 1998 3640 2055 ﬁliis

2040 2098 2246 2146 nostra
2274 2090 2549 2162 religionis
2573 2090 3059 2147 Vallumbrosana.
3088 2114 3114 2139 »
3144 2094 3225 2147 Ut
3242 2106 3369 2146 vera
3386 2091 3504 2148 hac
3523 2106 3641 2148 esse

2041 2183 2412 2254 probarentur
2440 2183 2651 2255 omnia,
2689 2183 2983 2254 spiritualis
3016 2192 3203 2240 tamen
3228 2184 3510 2241 ﬁliationis
3536 2200 3638 2241 no-

2041 2292 2188 2345 men,
2236 2293 2348 2348 quo
2406 2277 2687 2333 nonnullis
2753 2277 3026 2350 religiosis
3092 2278 3378 2334 ordinibus
3437 2278 3636 2336 ascribi

2040 2385 2097 2425 se
2140 2369 2353 2425 faciunt
2381 2371 2750 2441 cujuscunque
2779 2371 3115 2427 conditionis
3158 2387 3222 2427 ac
3249 2387 3411 2427 sexus
3448 2371 3636 2428 ﬁdeles

2040 2463 2139 2534 pii,
2166 2463 2306 2519 adeo
2342 2464 2445 2519 late
2483 2480 2541 2519 se
2567 2464 2832 2531 extendit,
2855 2464 3021 2520 etiam
3050 2464 3122 2520 ad
3162 2465 3328 2521 laicus
3361 2474 3417 2521 et
3443 2465 3633 2537 conju-

2037 2566 2212 2629 gatos,
2250 2565 2309 2612 ut
2340 2573 2401 2611 ea
2438 2558 2554 2613 sola
2592 2557 2731 2613 ratio
2773 2574 2917 2629 agre
2963 2558 3221 2614 videatur
3271 2557 3528 2614 sufﬁcere
3566 2558 3636 2615 ad

2035 2650 2274 2720 aliquem
2294 2658 2545 2705 sanctum
2567 2651 2660 2705 uni
2692 2651 3006 2722 particulari
3038 2652 3220 2708 ordini
3251 2651 3633 2707 ascribendum

2037 2751 2099 2797 ut
2134 2743 2449 2814 pr0prium;
2481 2744 2561 2799 sic
2603 2746 2750 2799 enim
2786 2761 2893 2799 una
2934 2744 3239 2817 eademque
3287 2761 3518 2815 persona
3573 2746 3631 2800 in

2036 2836 2240 2891 multos
2270 2845 2455 2908 posset
2482 2836 2702 2893 ordines
2734 2837 2985 2905 distrahi,
3017 2846 3071 2893 et
3095 2840 3512 2894 contentionum
3551 2837 3634 2893 fa-

2037 2938 2277 2985 tuamm.
2305 2944 2494 2983 ansam
2531 2930 2798 3000 prahere,
2840 2933 3173 2986 certantibus
3219 2931 3483 3002 partibus,
3528 2932 3634 2986 utri

2037 3024 2167 3096 plus
2182 3023 2326 3095 juris
2365 3022 2422 3076 in
2452 3018 2633 3093 ipsam
2658 3028 2967 3093 competat;
3003 3016 3089 3078 At!
3118 3040 3342 3078 manum
3383 3025 3631 3095 exempla

2034 3125 2189 3184 sunt,
2232 3115 2331 3171 sed
2372 3115 2508 3171 nihil
2557 3116 2759 3171 attinet
2812 3132 2874 3171 ea
2916 3122 3065 3172 nunc
3102 3117 3420 3181 adducere;
3452 3118 3632 3172 solum

2036 3210 2169 3265 dico
2191 3209 2372 3281 quod;
2400 3209 2473 3265 »εἰ
2495 3210 2809 3265 Petraccins
2829 3209 2995 3265 .aIi-ud.
3033 3211 3245 3265 nullum
3282 3210 3476 3266 habuit
3509 3209 3631 3265 fun-

2033 3303 2361 3359 damentum
2379 3316 2492 3358 sua
2521 3301 3342 3375 pratentioniSIQnamiaictum
3370 3304 3636 3360 Locatelli

2035 3396 2434 3464 testimonium,
2494 3397 2773 3450 inﬁrmum
2831 3396 2965 3450 illud
3006 3398 3231 3451 omnino
3274 3394 3482 3452 habuit.
3527 3397 3649 3465 Sed~

2034 3491 2184 3562 prius
2208 3505 2371 3561 quam
2399 3488 2454 3543 id
2491 3488 2891 3551 demonstrem,
2923 3488 3225 3544 exhibenda
3264 3499 3347 3544 est
3376 3489 3630 3560 quaedam

2039 3584 2210 3655 ipsius
2249 3581 2610 3638 Hildebrandi
2636 3582 2753 3653 jam
2786 3596 2937 3653 papa
2966 3581 3203 3653 Epistola
3236 3590 3361 3654 post
3390 3590 3631 3638 mortem

2034 3678 2203 3732 sancti
2232 3675 2539 3731 fundatoris
2564 3676 2760 3747 scripta
2791 3674 2895 3730 hoc
2923 3684 3113 3730 tenore
3144 3692 3158 3729 :

2109 3776 2199 3826 29.
2237 3793 2263 3818 α
2300 3769 2602 3841 Gregorius
2630 3769 2942 3840 episcopus,
2972 3784 3160 3824 servus
3186 3783 3472 3824 servorum
3503 3768 3627 3835 Dei,

2035 3864 2265 3931 clericis,
2310 3862 2594 3918 monachis
2642 3879 2705 3917 ac
2742 3862 3009 3933 religiosis
3056 3863 3229 3930 Iaicis,
3280 3860 3626 3932 disciplinam

2037 3966 2241 4012 sancta
2278 3955 2674 4012 recordationis
2699 3956 2930 4011 Joannis
2958 3957 3241 4012 Gualberti
3264 3954 3478 4010 abbatis
3507 3955 3631 4011 imi-

2036 4052 2296 4118 tantibus,
2353 4051 2582 4105 salutem
2643 4058 2699 4105 et
2744 4050 3098 4121 apostolicam
3165 4049 3625 4105 benedictionem.

2036 4144 2188 4199 Licet
2206 4145 2526 4199 veneranda
2543 4144 2819 4199 memoria
2838 4143 3093 4199 eumdem
3112 4144 3390 4197 Joannem
3413 4145 3626 4198 Patrem

2038 4246 2277 4293 vestrum
2306 4237 2590 4308 corporeis
2614 4237 2790 4291 oculis
2810 4252 2921 4292 non
2943 4236 3262 4303 viderimus,
3289 4236 3417 4307 quia
3439 4243 3625 4291 tamen

2032 4331 2153 4386 ﬁdei
2177 4331 2292 4401 ejus
2343 4330 2550 4401 puritas
2570 4331 2625 4385 in
2652 4331 2863 4385 Tuscia
2894 4329 3136 4401 partibus
3182 4329 3505 4385 mirabiliter
3543 4344 3626 4384 re-

2029 4423 2324 4494 Splenduit,
2354 4425 2529 4478 multo
2578 4438 2705 4478 eum
2752 4439 2941 4478 amore
2969 4422 3281 4479 dileximus.
3304 4422 3470 4494 Cujus
3504 4438 3627 4477 san-

321 4522 573 4592 egregius
614 4528 668 4575 et
716 4519 1229 4586 excellentissimus,
1273 4520 1411 4575 alter
1457 4521 1612 4591 quasi
1655 4520 1916 4576 Gamaliel
1950 4525 1997 4585 D
2029 4526 2131 4573 cta
2157 4516 2580 4573 conversationis
2608 4518 2857 4588 quamvis
2889 4532 2983 4572 vos
3011 4516 3322 4571 imitatores
3357 4531 3474 4571 esse
3502 4524 3625 4571 stu-

323 4614 551 4669 nomine
591 4614 796 4669 scilicet
834 4612 1261 4679 Hildebraudus,
1313 4613 1615 4669 monachus
1657 4622 1712 4669 et
1751 4614 1925 4669 archi-

318 4707 586 4762 diaconus
613 4706 866 4762 Ecclesia
891 4710 1163 4761 Romana
1188 4713 1240 4760 et
1281 4706 1574 4761 cardinalis
1605 4726 1618 4762 :
1650 4708 1741 4776 qui
1772 4707 1922 4778 prius

320 4799 433 4855 fuit
456 4800 603 4869 prior
635 4799 952 4855 monasterii
988 4799 1370 4855 Cluniacensis
1407 4800 1613 4855 ordinis
1655 4801 1709 4855 S.
1754 4803 1919 4855 Bene-

319 4892 483 4959 dicti,
513 4902 567 4947 et
595 4894 686 4963 qui
719 4901 840 4965 post
868 4892 1153 4948 decessum
1185 4892 1479 4947 Alexandri
1526 4896 1579 4947 ll
1605 4894 1917 4963 Apostolica

319 4996 411 5041 est
432 4986 702 5057 dignitate
729 4986 1006 5057 praditus.
1044 4989 1108 5040 Et
1135 4986 1260 5058 quia
1300 4986 1505 5057 placuit
1546 4987 1651 5041 sibi
1680 4994 1739 5041 ut
1768 4986 1918 5041 ﬁeret

319 5079 586 5135 defensor
622 5095 801 5135 causa
840 5079 1060 5147 Christi,
1113 5079 1287 5134 factus
1325 5089 1405 5134 est
1454 5088 1639 5147 postea
1672 5080 1915 5134 Vicarius

318 5173 573 5245 ejusdem
606 5172 834 5239 Christi,
865 5172 970 5227 hoc
1004 5181 1086 5228 est
1114 5176 1278 5244 Papa,
1312 5181 1367 5227 et
1396 5182 1619 5227 vocatus
1663 5181 1745 5228 est
1777 5176 1917 5229 Gre-

317 5270 507 5339 gorius
538 5268 653 5321 Vll.
688 5266 816 5340 Qui,
852 5265 989 5321 dum
1013 5277 1155 5322 esset
1185 5266 1501 5331 cardinalis,
1529 5265 1667 5322 hanc
1697 5276 1920 5322 contro-

320 5363 550 5416 versiam
590 5359 893 5433 prudenter
932 5359 1181 5427 audiens,
1227 5371 1283 5415 et
1312 5361 1696 5415 auctoritatem
1748 5376 1913 5415 cano-

317 5471 455 5509 num
470 5456 739 5527 sapienter
760 5453 1123 5526 perpendens,
1144 5453 1550 5509 monachorum
1568 5454 1621 5507 in
1644 5454 1915 5509 universis

317 5548 537 5620 adjutor
550 5555 606 5605 et
632 5548 892 5605 defensor
915 5548 1179 5603 nobiliter
1202 5548 1448 5613 exstitit;
1494 5563 1633 5618 quos
1676 5563 1788 5602 non
1818 5563 1915 5619 pe-

311 5642 583 5698 detentim
626 5641 1036 5705 ratiocinando,
1081 5641 1177 5697 sed
1216 5651 1398 5712 aperte
1423 5648 1587 5713 atque
1619 5640 1915 5696 fortissime

306 5735 580 5803 defendit,
605 5745 801 5791 contra
823 5736 1075 5793 omnium
1106 5735 1441 5805 opinionem.
1480 5758 1505 5783 η

379 5836 474 5885 28.
510 5828 618 5885 Sed
642 5843 823 5899 neque
851 5829 938 5885 hic
968 5836 1185 5894 auctor,
1217 5842 1396 5898 neque
1434 5827 1618 5898 ipsum
1662 5826 1912 5897 aliosque

2031 4610 2219 4667 diosos
2237 4626 2349 4666 non
2382 4610 2745 4682 ambigimus;
2784 4618 2843 4665 ut
2872 4610 3024 4681 vigor
3056 4610 3403 4666 rectitudinis
3429 4619 3626 4666 vestra

2030 4705 2094 4759 ad
2118 4703 2522 4775 exstirpandam
2549 4703 2620 4758 de
2648 4719 2778 4775 agro
2800 4703 3090 4759 Dominico
3124 4704 3391 4758 zizaniam
3417 4703 3624 4759 sollici-

2030 4801 2138 4853 tius
2198 4797 2439 4868 invigilet
2475 4796 2852 4868 attentiusque
2902 4795 3115 4853 ferveat
3167 4806 3412 4869 paterna
3465 4796 3626 4852 vobis

2028 4891 2425 4946 exhortationis
2448 4890 2622 4959 verba
2663 4890 3057 4960 impendimus.
3105 4894 3218 4947 Vos
3256 4891 3462 4962 itaque,
3492 4890 3627 4947 dile-

2027 4984 2272 5051 ctissimi,
2292 4984 2349 5039 in
2369 4992 2640 5055 quantum
2667 4984 2997 5054 possibilitas
3027 4986 3323 5055 permittet,
3358 4985 3523 5039 vitam
3554 4984 3627 5040 il-

2028 5079 2133 5133 lius
2160 5086 2472 5149 sequentes,
2512 5086 2568 5132 et
2592 5093 2717 5132 vere
2760 5077 2900 5132 ﬁlios
2947 5076 3063 5148 ejus
3091 5087 3145 5133 et
3182 5078 3425 5134 haredes
3452 5077 3620 5132 simili

2027 5187 2122 5226 vos
2150 5172 2562 5227 conversatione
2579 5171 2894 5242 probantes,
2922 5172 3149 5228 viriliter
3169 5172 3308 5245 agite
3333 5181 3387 5227 et
3410 5171 3624 5227 confor-

2025 5265 2221 5320 tamini
2252 5267 2302 5319 in
2336 5265 2575 5320 Domino
2592 5274 2648 5319 et
2668 5265 2724 5319 in
2752 5266 2992 5336 potentia
3024 5265 3235 5321 virtutis
3266 5267 3405 5336 ejus.
3440 5270 3619 5320 Docu-

2024 5367 2212 5414 menta
2260 5367 2573 5414 sanctarum
2616 5358 3045 5431 Scripturarum,
3088 5359 3286 5431 quibus
3331 5359 3619 5415 haretico-

2023 5468 2148 5507 rum
2179 5460 2503 5523 argumenta
2540 5451 2902 5508 destruuntur
2928 5462 2982 5507 et
3010 5452 3148 5509 ﬁdes
3190 5461 3393 5509 sancta
3430 5446 3620 5508 Eccle-

2023 5545 2118 5600 sia
2147 5544 2461 5601 defenditur
2489 5555 2678 5602 contra
2720 5548 2967 5602 membra
2994 5546 3224 5614 diaboli,
3264 5562 3417 5602 mens
3444 5555 3617 5601 vestra

2020 5638 2264 5708 quotidie
2296 5638 2620 5709 meditetur,
2662 5649 2716 5694 et
2744 5656 2805 5695 ea
2833 5656 2939 5712 qua
2964 5640 3106 5695 solet
3135 5640 3383 5695 libertate
3413 5640 3463 5693 in
3503 5652 3615 5691 ma-

2021 5733 2199 5787 lorum
2230 5731 2553 5788 confusione
2580 5734 2841 5803 erigatur.
2884 5737 2997 5789 Eos
3025 5742 3209 5788 autem
3257 5733 3349 5804 qui
3380 5732 3432 5784 in
3464 5728 3618 5784 vobis

2022 5824 2330 5892 conﬁdunt,
2361 5835 2417 5880 et
2456 5828 2743 5882 consilium
2772 5805 3056 5897 rialigionis
3098 5832 3292 5880 vestra
3328 5822 3481 5894 sequi
3510 5821 3619 5876 dis-
