4122 6180
487 284 547 335 ai
1238 274 1251 277 ‘
1711 280 1768 333 s.
1810 273 2195 333 censemus
2234 273 2319 327 vn
2366 252 2562 326 PAPA.
3709 275 3815 339 32,

485 410 716 475 ponunt,
767 418 924 459 more
963 402 1209 476 praedicti
1252 402 1427 458 Patris
1479 401 1646 457 vestri
1689 402 1976 473 suscipite,
2036 408 2089 455 et
2116 405 2167 466 Α
2194 398 2396 453 Sancto
2438 393 2749 471 Fundatore
2802 392 3051 463 ﬂorebat,
3104 395 3162 449 in
3202 394 3563 466 expugnandis
3601 396 3776 453 Simo.

484 497 552 551 de
595 496 661 551 iis
705 511 827 568 quae
862 496 931 553 ad
978 498 1210 552 salutem
1257 510 1456 550 eorum
1512 495 1787 566 pertinere
1836 494 2088 550 videntur

483 589 688 645 sanctis
743 589 1209 645 exhortationibus
1268 586 1563 653 instrnite;
1620 597 1679 644 ut
1726 604 1843 644 non
1906 588 2085 643 solum

486 692 684 750 vestra,
734 682 830 738 sed
882 690 935 736 et
982 696 1078 735 vos
1107 681 1458 752 sequentium
1487 682 1857 753 circumpositi
1902 680 2085 753 populi

483 775 889 831 considerantes
929 782 1116 829 sancta
1159 790 1350 845 opera,
1396 774 1699 847 gloriﬁcent
1737 777 1954 830 Patrem
1988 791 2084 830 ve-

482 876 657 923 strum
687 868 778 938 qui
823 868 875 922 in
908 866 1061 922 cmlis
1103 876 1205 923 est.
1250 869 1362 923 Nos
1398 877 1587 924 autem
1624 869 1806 939 ipsum
1833 884 2082 924 amorem

483 968 647 1032 quem
684 960 827 1015 Patri
852 969 1034 1016 vestro
1064 965 1119 1015 et
1148 961 1303 1016 vobis
1325 961 1457 1016 olim
1490 963 1883 1033 impendimus,
1911 963 2085 1018 donec

481 1060 704 1107 nostros
744 1053 967 1123 spiritus
1012 1053 1216 1109 rexerit
1265 1064 1437 1121 artus,
1496 1056 1755 1111 exhibere
1806 1056 2083 1111 desidera-

482 1161 634 1211 mus;
664 1156 721 1201 et
743 1155 897 1202 tanto
922 1147 1148 1217 quidem
1178 1148 1435 1219 deinceps
1467 1148 1663 1221 majori
1693 1165 1790 1204 vos
1818 1150 2082 1205 cliaritate

478 1238 808 1307 fovebimus,
847 1249 1053 1310 quanto
1098 1256 1197 1296 vos
1242 1241 1297 1296 in
1343 1242 1545 1297 divinis
1596 1243 1825 1314 negotiis
1866 1243 2079 1299 ferven-

480 1333 650 1388 tiores
678 1349 797 1388 esse
851 1334 1240 1404 probabimus;
1290 1335 1488 1405 quibus
1529 1352 1646 1391 non
1690 1337 1873 1392 solum
1920 1334 2080 1408 spiri-

482 1425 647 1493 tuale,
687 1425 781 1481 sed
812 1436 867 1481 et
895 1426 1174 1493 saacnlare,
1205 1427 1250 1482 si
1299 1444 1525 1485 necesse
1562 1429 1748 1497 fuerit,
1785 1430 2074 1497 auxilium,

478 1522 598 1573 Deo
628 1518 940 1591 adjuvante,
983 1520 1427 1577 ministrabimus.
1470 1524 1583 1577 Vos
1611 1522 1777 1593 igitur
1819 1524 2077 1594 omnipo-

480 1618 693 1667 tentem
726 1613 1029 1668 Dominum
1060 1622 1279 1669 exorate
1306 1625 1363 1670 ut
1396 1616 1509 1686 ipse
1539 1617 1679 1671 vires
1705 1626 1760 1672 et
1791 1617 2080 1672 facultates

482 1705 643 1760 nobis
680 1704 902 1771 tribuat,
936 1715 1206 1777 quatenus
1235 1708 1473 1779 suscepti
1507 1710 1791 1781 regiminis
1820 1710 2079 1781 importa-

481 1797 588 1853 bile
621 1799 831 1869 pondus
855 1799 1127 1870 possimus
1145 1802 1401 1865 tolerare,
1430 1810 1485 1857 et
1516 1810 1764 1858 sanctam
1794 1804 2077 1859 ecclesiam

481 1891 533 1945 in
563 1898 770 1945 statum
795 1891 1037 1963 antiqua:
1066 1893 1347 1965 religionis
1378 1895 1660 1952 reducere.
1704 1898 1911 1953 Valete.
1948 1920 1971 1945 ο

549 1991 636 2040 30.
674 1985 829 2040 Obiit
862 1986 921 2041 S.
956 1988 1200 2042 Joannes
1224 1988 1508 2044 Gualberti
1538 1996 1603 2043 13
1628 1990 1776 2055 Julii,
1822 1992 1940 2063 ipso
1970 2008 2078 2063 quo

478 2078 718 2149 pontifex
758 2080 1060 2147 Gregorius
1086 2078 1265 2137 fuerat
1287 2098 1430 2137 anno
1466 2087 1622 2151 1072,
1659 2084 1854 2154 paucis
1882 2084 2080 2140 diebus

479 2180 608 2242 post
633 2172 996 2244 episcopalem
1023 2188 1121 2229 seu
1152 2173 1523 2245 pontiﬁcalem
1552 2176 1671 2248 ejus
1705 2179 2074 2233 consecratio-

472 2278 620 2331 nem,
648 2262 868 2332 factam,
896 2267 1033 2322 sicut
1073 2265 1211 2322 infra
1242 2269 1618 2337 ostendemus,
1657 2270 1744 2325 die
1789 2276 1856 2323 30
1883 2271 2032 2326 Junii
2056 2289 2072 2340 ;

475 2356 615 2413 adeo
647 2367 707 2414 ut
735 2359 851 2415 haec
893 2358 1059 2415 fuerit
1089 2376 1192 2415 una
1223 2376 1285 2415 ex
1318 2362 1504 2433 primis
1526 2364 1800 2435 Gregorii,
1819 2364 1935 2435 jam
1964 2364 2075 2435 epi-

473 2466 701 2521 sc0pum
749 2468 807 2508 se
855 2454 1160 2522 scribentis,
1212 2454 1479 2526 epistolis.
1522 2458 1679 2511 Hanc
1701 2464 1888 2512 autem
1915 2456 2075 2512 nobis

477 2545 748 2616 suggessit
793 2547 971 2602 sancti
1003 2548 1326 2603 Fundatoris
1356 2550 1503 2612 Vita,
1532 2565 1696 2621 quam
1728 2565 1795 2604 ex
1843 2565 1946 2604 ms.
1980 2566 2073 2604 ec-

478 2639 681 2709 grapho
712 2638 1023 2709 Ripolensis
1065 2656 1232 2712 prope
1262 2642 1595 2697 Florentiam
1624 2642 1897 2708 Abbatiaa,
1925 2642 2072 2714 apud

474 2731 858 2787 Reverendiss.
892 2733 1156 2789 Abbatem
1185 2735 1481 2790 Ascanium
1513 2735 1917 2791 Tamburinum
1944 2737 2068 2791 Flo-

474 2824 665 2880 rentia:
714 2818 1012 2893 asservato,
1058 2827 1326 2883 habemus
1363 2828 1629 2885 beneﬁcio
1676 2828 1949 2885 illustriss.
1998 2831 2070 2884 D.

474 2918 745 2975 Francisci
805 2919 994 2998 Redij.
1028 2921 1348 3002 .Vjtzpiljius
1367 2926 1581 2999 Auctor
1618 2923 1694 2993 ita
1719 2921 1801 2988 de,
1815 2924 2073 3002 seipsan

472 3013 702 3083 Prologo
729 3008 994 3092 loquitpzt'b.
1009 3014 1047 3088 εξ
1101 2998 1375 3087 οξίίοάδηεε
1397 3002 1728 3096 ᾈένᾴςίίειο

2200 490 2392 560 niacis,
2436 492 2498 544 B.
2539 487 2745 544 Arialdi
2785 488 3044 559 Martyris
3071 488 3213 559 apud
3240 488 3661 545 Mediolanenses
3685 489 3778 545 ad-

2187 584 2341 656 jutor
2372 582 2569 649 ﬁdelis,
2612 597 2758 637 anno
2797 587 2949 636 I060.
2987 582 3041 636 S.
3091 587 3253 647 Acto,
3295 581 3453 637 sicuti
3489 581 3605 653 jam
3638 581 3773 637 vidi-

2194 692 2319 732 mus
2362 677 2430 732 ad
2459 676 2577 748 ejus
2607 675 2856 730 Natalem
2903 680 2988 729 22.
3016 673 3179 745 hujus
3204 676 3413 730 mensis
3444 675 3592 743 Maii,
3632 690 3774 730 mor-
3816 732 3821 737 ,

2191 778 2319 826 tuus
2338 785 2483 825 anno
2513 774 2665 824 1155.
2699 777 2753 822 et
2780 770 2923 823 circa
2961 773 3119 823 1070.
3157 768 3397 839 primum
3428 777 3608 836 natus,
3638 769 3780 823 nulla

2190 865 2402 920 ratione
2423 862 2602 934 potuit
2631 861 2861 917 viventis
2884 862 3053 916 sancti
3091 860 3371 933 discipulis
3393 860 3743 916 adnumerari
3769 881 3783 929 ;

2190 957 2286 1013 sed
2312 972 2407 1012 sua
2442 956 2651 1027 accepit
2678 972 2741 1010 ex
2772 955 2898 1023 illis,
2932 970 2997 1009 ac
3034 954 3359 1010 nominatim
3390 971 3457 1009 ex
3492 957 3555 1009 B.
3602 955 3784 1010 Theu-

2190 1067 2330 1106 zone
2381 1066 2490 1105 uno
2519 1066 2579 1105 ex
2615 1049 2808 1120 primis
2844 1049 2937 1120 qui
2966 1064 3139 1120 usque
3172 1047 3240 1103 ad
3264 1064 3471 1103 annum
3505 1054 3662 1104 1095.
3706 1049 3785 1105 di-

2190 1145 2330 1199 citur
2359 1144 2523 1199 vitam
2557 1158 2903 1215 propagasse,
2946 1158 3009 1196 ac
3047 1141 3307 1197 nonnulla
3349 1141 3419 1196 de
3447 1142 3569 1197 Vita
3598 1143 3784 1198 Sancti

2190 1238 2359 1309 patris
2390 1237 2678 1291 mandasse
2699 1236 2913 1291 litteris.
2936 1235 3043 1290 Hic
3063 1251 3191 1289 vero
3208 1235 3451 1298 'l‘heuzo,
3479 1244 3640 1306 prout
3660 1235 3783 1307 ejus

2190 1331 2350 1387 verba
2390 1332 2691 1402 allegantur
2731 1345 2797 1383 ex
2846 1329 3013 1385 veteri
3053 1327 3401 1383 traductione
3449 1329 3627 1384 italica
3677 1344 3777 1384 an-

2187 1426 2242 1480 ni
2287 1430 2442 1480 1250.
2488 1423 2752 1479 existente
2782 1422 2834 1477 in
2873 1422 3114 1477 arehivio
3163 1422 3628 1488 Vallumbrosano,
3669 1438 3779 1477 non

2189 1517 2637 1586 Hildebrandum,
2659 1516 2753 1572 sed
2774 1516 3101 1587 Gregorium
3131 1514 3476 1571 Cardinalem
3504 1517 3778 1585 nominat,

2187 1612 2272 1667 cui
2322 1628 2409 1666 res
2450 1611 2694 1683 superius
2744 1619 2964 1664 narrata
3013 1609 3373 1665 usuvenerit:
3432 1624 3531 1678 pro
3579 1624 3691 1680 quo
3734 1608 3780 1663 si

2187 1705 2626 1761 Hildebrandum
2652 1705 2708 1759 S.
2740 1709 2872 1757 Atto
2901 1702 3208 1767 constituit,
3231 1710 3379 1757 ratus
3411 1718 3505 1773 per
3526 1700 3788 1773 anticipa-

2189 1800 2399 1855 tionem
2429 1798 2609 1853 vocari
2648 1797 2999 1867 Gregorium,
3038 1812 3101 1850 ex
3149 1794 3365 1867 propria
3395 1795 3450 1851 id
3497 1794 3627 1850 fecit
3653 1810 3785 1850 con-

2181 1893 2415 1965 jectura,
2445 1907 2617 1963 eaque
2657 1891 2880 1945 minime
2909 1888 3109 1955 solida;
3140 1904 3270 1944 cum
3304 1889 3601 1960 Gregorius
3633 1890 3785 1960 Papa

2189 1986 2509 2058 proﬁteatur
2532 1984 2680 2057 quod
2707 1992 2958 2039 sanctum
2996 2006 3017 2031 α
3048 1982 3329 2053 corporeis
3356 1982 3527 2037 oculis
3565 1998 3681 2037 non
3707 1983 3785 2038 vi-

2186 2079 2328 2136 derit
2363 2102 2386 2125 ιι
2420 2093 2704 2149 umquam.
2754 2077 3068 2148 Alplionsus
3097 2075 3317 2147 quidem
3349 2076 3697 2142 Ciacconius,
3729 2076 3785 2131 in

2186 2173 2323 2228 Vitis
2354 2170 2680 2227 Pontiﬁcum
2720 2180 2774 2225 et
2800 2170 3189 2237 Cardinalium,
3219 2170 3447 2241 ejusque
3480 2168 3789 2240 recognito-

2184 2282 2271 2321 res
2308 2264 2838 2337 ampliﬁcatoresque
2885 2264 3230 2328 Victorellus,
3277 2262 3564 2334 Ughellus,
3592 2262 3791 2318 Oldoi-

2184 2376 2309 2426 nus,
2344 2376 2441 2430 pro
2472 2374 2618 2413 anno
2657 2364 2811 2425 106.5,
2849 2357 2904 2411 in
2936 2373 3102 2428 quem
3143 2356 3424 2411 incidisset
3451 2372 3796 2424 congressus

2183 2452 2283 2507 iste
2312 2468 2435 2507 cum
2467 2454 2519 2507 8.
2551 2454 2786 2516 Joanne,
2818 2451 3028 2505 nullum
3055 2450 3211 2505 nobis
3240 2449 3500 2505 exhibent
3529 2449 3789 2505 Cardina-

2181 2547 2289 2601 lem
2304 2546 2636 2617 Gregorium
2650 2586 2662 2598 .
2685 2544 2791 2598 Sed
2810 2560 2936 2598 cum
2959 2550 3169 2599 certum
3184 2544 3255 2599 sit
3275 2546 3478 2599 multos
3501 2544 3571 2599 ab
3590 2544 3651 2599 iis
3669 2559 3787 2600 me-

2180 2637 2273 2693 dio
2318 2639 2423 2693 isto
2468 2652 2585 2693 aevo
2623 2636 3040 2708 praetermissos,
3077 2652 3317 2708 quorum
3364 2636 3618 2693 notitiam
3662 2652 3778 2693 non

2183 2732 2403 2787 fuerunt
2456 2731 2710 2798 assecuti,
2765 2729 2911 2801 quod
2971 2731 3050 2785 vel
3102 2731 3217 2785 sola
3268 2731 3779 2803 supplementorum

2181 2825 2479 2881 identidem
2525 2824 2913 2897 adjunctorum
2957 2825 3112 2896 copia
3156 2824 3386 2895 probat;
3442 2825 3577 2879 nihil
3621 2823 3779 2879 obest

2182 2935 2292 2990 quo
2324 2919 2504 2974 minus
2532 2918 2857 2988 cogitemus,
2886 2920 2987 2973 sub
3017 2917 3322 2974 Alexandro
3356 2921 3499 2989 Papa
3527 2920 3599 2972 II.
3635 2917 3779 2973 inter

2183 3012 2498 3067 Cardinales
2521 3028 2711 3068 revera
2730 3010 2892 3067 fuisse
2913 3012 3236 3082 Gregorium
3258 3012 3516 3081 aliquem,
3539 3013 3775 3067 necdum

474 3105 631 3159 Patre
669 3110 747 3160 D.
804 3099 1455 3161 Baithdl‘o‘inieo'lbbaié
1482 3094 1905 3162 m'oiias'téiii's'.
1938 3094 2074 3161 Bari
2112 3127 2155 3188 ρ
2184 3106 2400 3160 aliunde
2426 3112 2656 3160 notum:
2686 3104 2833 3176 quod
2861 3114 3082 3160 centum
3107 3112 3229 3175 post
3247 3104 3403 3157 annis
3428 3119 3541 3157 non
3560 3103 3773 3159 discer-

470 3195 756 3252 tholomaai
787 3198 1135 3287 (legitissato2
1166 3198 2085 3287 Or;dean=Valltimhno§aa§tzslioer=
2112 3254 2129 3269 ,

471 3288 609 3343 cesis
650 3267 971 3383 Ιδημριξξέες

450 3382 699 3451 Jiatione
724 3353 1197 3452 civis..l'anuensis,.
1223 3353 1525 3440 ethifmilis
1553 3358 1713 3441 Pridr
1732 3355 2065 3443 monasterii

468 3476 523 3529 S.
564 3475 812 3532 Matthaei
858 3478 1105 3535 dimcesis
1149 3479 1467 3545 Januensis,
1512 3478 1735 3534 Ordinis
1782 3481 1839 3535 8.
1890 3482 2064 3536 Bene-

469 3567 624 3625 dicti.
651 3613 663 3625 .
694 3611 704 3622 .
737 3612 748 3624 .
779 3572 1108 3627 novissimus
1134 3580 1189 3628 et
1231 3572 1480 3641 tantillus
1526 3572 1667 3627 inter
1702 3581 1889 3628 tantos
1918 3574 2066 3644 ejus-

470 3662 598 3718 dem
643 3666 707 3717 B.
742 3665 977 3720 Joannis
1014 3665 1329 3735 discipulos,
1360 3666 1449 3736 qui
1482 3666 1597 3736 ejus
1638 3674 1807 3737 gesta,
1842 3668 2067 3722 virtutes

470 3763 526 3809 et
579 3756 730 3827 signa
787 3756 1141 3827 descripsere,
1204 3757 1488 3828 aggrediar
1555 3759 1611 3813 in
1664 3760 1895 3815 nomine
1961 3764 2069 3816 Do-

468 3847 625 3915 mini,
660 3890 672 3902 .
704 3891 717 3903 .
751 3890 811 3903 ..
864 3849 1127 3904 fabricare
1194 3850 1416 3905 unicum
1490 3867 1629 3923 Opus
1700 3852 1770 3908 de
1855 3853 2067 3924 scriptis

464 3940 733 3996 dictorum
794 3941 1215 4013 discipulorum,
1262 3959 1326 3999 ac
1375 3944 1537 3999 etiam
1596 3945 1663 4001 de
1718 3946 1840 4001 aliis
1900 3947 2065 4018 gestis

464 4032 711 4104 ejusdem
742 4037 805 4089 B.
844 4037 1078 4092 Joannis
1104 4036 1304 4091 habitis
1324 4052 1388 4093 ex
1418 4038 1675 4093 archiviis
1706 4040 1926 4111 majoris
1949 4056 2064 4094 mo.

477 4128 702 4183 nasterii
774 4129 1245 4197 Vallisumbrosze,
1306 4130 1440 4186 mihi
1498 4131 1713 4187 traditis
1778 4133 2065 4189 Florentia;

466 4235 613 4276 anno
641 4222 862 4278 Domini
896 4229 1033 4279 1419
1074 4222 1144 4279 de
1188 4238 1378 4279 mense
1417 4226 1787 4296 Septembris;
1812 4242 1875 4282 ac
1905 4227 2067 4282 etiam

467 4329 532 4368 ex
563 4314 680 4369 aliis
720 4315 907 4386 gestis,
954 4316 1152 4371 habitis
1201 4332 1267 4371 ex
1317 4317 1529 4374 scriniis
1563 4318 1695 4375 dicti
1740 4320 2060 4375 monasterii

466 4408 521 4462 S.
553 4407 942 4465 Bartholomaai
989 4410 1057 4466 de
1099 4411 1352 4467 Fossato.
1383 4454 1395 4467 .
1428 4455 1441 4467 .
1475 4452 1487 4464 .
1516 4411 1625 4467 Sed
1664 4421 1726 4467 ut
1776 4412 2068 4469 dubitatio-

2146 3214 2321 3278 .pens
2344 3200 2399 3254 S.
2433 3201 2563 3254 Atto
2595 3200 2735 3254 male
2778 3198 3121 3269 supposuerit
3165 3194 3600 3251 Hildebrandum
3642 3196 3772 3251 Car-

2140 3351 2157 3367 .
2177 3292 2437 3369 .ainalem,
2470 3292 2674 3350 dictum
2705 3295 2759 3349 in
2787 3291 3104 3349 Pontiﬁcatu
3130 3289 3475 3361 Gregorium.

2249 3488 2339 3538 32.
2363 3483 2591 3538 Interim
2609 3480 2951 3537 manifestam
2968 3478 3458 3535 contradictionem
3477 3477 3772 3534 verborum

2178 3578 2398 3633 Attonis
2430 3585 2485 3631 et
2532 3576 2791 3631 Locatelli
2823 3590 2953 3630 cum
2994 3574 3282 3643 ipsiusmet
3309 3571 3559 3642 Gregorii
3598 3587 3769 3627 asser-

2175 3671 2323 3725 tione
2343 3686 2643 3737 agnoscens
2670 3669 2907 3723 Didacus
2939 3664 3009 3721 de
3038 3666 3300 3731 francliis,
3332 3664 3641 3736 Ripolensis
3661 3666 3771 3719 Ab-

2178 3763 2296 3829 bas,
2357 3764 2413 3817 in
2468 3762 2713 3817 Historia
2776 3764 2830 3816 S.
2890 3760 3120 3814 Joannis
3169 3759 3457 3815 Gualberti
3514 3759 3618 3813 sub
3670 3774 3767 3812 an-

2178 3873 2312 3919 num
2362 3858 2515 3912 1638.
2570 3856 2719 3911 libris
2772 3852 3059 3910 duodecim
3100 3854 3283 3907 ltalice
3339 3854 3595 3923 vulgata;
3643 3850 3769 3906 alibi

2176 3950 2415 4021 quidem,
2462 3950 2665 4004 notatis
2714 3947 2785 4003 ad
2834 3956 3136 4018 utrumque
3178 3946 3480 4017 marginem
3519 3954 3767 4000 accurate

2179 4043 2313 4097 locis
2343 4042 2625 4113 verbisque
2654 4044 2981 4106 Anctorum,
3017 4040 3183 4094 ﬁdem
3204 4054 3363 4093 suam
3387 4038 3682 4105 liberat;in
3709 4038 3767 4092 li-

2177 4136 2275 4191 bro
2304 4144 2487 4190 autem
2511 4134 2823 4202 undecimo,
2852 4132 3449 4204 tractansjpraecitatum
3470 4145 3763 4201 argumen-

2175 4237 2314 4293 tum,
2337 4237 2391 4282 et
2418 4228 2473 4283 in
2499 4229 2705 4283 extimo
2736 4228 2978 4299 margine
3006 4230 3372 4283 adnumerans
3400 4224 3581 4278 Italica
3600 4223 3765 4278 verba

2171 4320 2503 4384 Theuzonis,
2554 4321 2646 4376 ubi
2702 4320 2950 4393 Gregorii
3007 4318 3287 4386 meminit;
3336 4318 3391 4373 in
3428 4318 3623 4387 altero,
3667 4320 3763 4373 La-

2171 4415 2284 4469 tina
2319 4413 2483 4469 verba
2512 4414 2843 4469 Lectionum
2875 4414 3220 4485 prapriarum
3244 4427 3388 4468 anno
3421 4416 3576 4467 1624.
3606 4411 3767 4467 edita-

466 4500 551 4556 nis
597 4503 943 4559 occasionem
999 4503 1348 4572 subtraham,
1406 4520 1500 4575 per
1544 4505 1753 4577 singula
1798 4522 1922 4579 quae
1978 4507 2066 4562 de-
2096 4496 2146 4559 D
2180 4523 2301 4563 rum
2353 4507 2408 4562 in
2458 4508 2659 4579 quibus
2710 4506 3065 4563 Hildebrandi
3124 4522 3327 4562 nomen
3404 4507 3760 4578 exprimitur;

464 4594 670 4665 scribo,
714 4596 909 4667 quibus
947 4596 1080 4651 mihi
1120 4595 1237 4652 haec
1286 4599 1606 4654 auctoribus
1643 4601 1750 4654 sint
1788 4610 2067 4673 comperta

466 4687 715 4757 superius
755 4689 1093 4745 manifestavi
1143 4700 1199 4745 et
1248 4692 1446 4747 iterum
1495 4692 1808 4761 manifesto,
1840 4694 1964 4764 quia
1994 4710 2061 4749 ex

467 4780 679 4851 scriptis
709 4781 1101 4853 discipulorum
1124 4798 1382 4852 suorum,
1419 4801 1659 4856 quorum
1682 4786 1904 4841 nomina
1931 4796 2063 4842 sunt

464 4872 620 4929 haec:
666 4878 733 4930 D.
768 4878 930 4943 Acto,
974 4876 1065 4946 qui
1102 4875 1202 4931 fuit
1235 4878 1584 4934 Pistoriensis
1623 4880 1963 4950 Episcopus;
2008 4887 2064 4934 et

470 4968 539 5020 D.
596 4967 862 5036 Andreas,
909 4969 1000 5039 qui
1039 4968 1143 5024 fuit
1186 4971 1369 5025 Abbas
1408 4971 1726 5027 monasterii
1770 4976 1825 5027 S.
1860 4973 2063 5030 Fidelis

464 5061 802 5116 Strumensis
825 5061 1071 5132 ejusdem
1097 5063 1323 5119 Ordinis
1354 5064 1819 5121 Vallisumbrosaa.
1856 5089 1879 5113 »

540 5156 628 5208 31.
683 5154 912 5225 Egimus
950 5156 1018 5210 de
1060 5156 1123 5210 Β.
1172 5157 1388 5213 Andrea
1423 5157 1537 5230 jam
1567 5158 1855 5214 nominato
1878 5158 1966 5214 die
1990 5166 2061 5215 10

468 5247 671 5311 Martii,
697 5256 749 5302 et
766 5263 921 5303 num.
950 5253 1014 5303 13
1036 5248 1319 5305 doluimus
1342 5250 1668 5321 praeclarum
1694 5256 1812 5321 ejus
1832 5268 1969 5324 opus
1993 5253 2061 5310 de

465 5339 648 5395 Sancti
680 5341 912 5396 Joannis
931 5342 1039 5397 vita
1067 5341 1238 5397 modo
1267 5344 1519 5414 nuSpiam
1540 5345 1789 5415 reperiri.
1819 5344 1971 5402 Sicut
1988 5356 2063 5403 ta-

469 5448 595 5487 men
622 5434 677 5488 S.
717 5433 917 5489 Arialdi
957 5436 1211 5508 Martyris
1241 5436 1383 5503 Vita,
1410 5436 1479 5491 ab
1510 5436 1703 5493 eodem
1734 5440 2058 5511 conscripta,

466 5534 521 5582 et
548 5541 578 5580 a
608 5525 768 5581 nobis
796 5526 974 5582 danda
1001 5533 1069 5582 28
1097 5529 1268 5595 Junii,
1293 5529 1523 5585 feliciter
1548 5530 1652 5586 hoc
1674 5532 1857 5587 seculo
1886 5548 2061 5588 emer-

467 5618 607 5674 sitin
633 5619 831 5684 lucem,
852 5620 923 5674 ita
939 5636 1225 5691 speramus
1246 5622 1391 5677 illam
1419 5639 1642 5694 quoque
1665 5624 1913 5681 alicunde
1940 5642 2062 5697 pro-

460 5710 702 5768 dituram
734 5728 763 5767 e
792 5713 1055 5781 tenebris,
1098 5715 1249 5787 prius
1284 5732 1448 5787 quam
1486 5716 1589 5771 sub
1618 5732 1812 5772 manus
1841 5726 2059 5775 nostras

466 5805 643 5861 veniat
680 5806 873 5862 Julius.
914 5808 1019 5863 Iste
1048 5816 1235 5865 autem
1285 5809 1553 5876 Andreas,
1605 5809 1819 5866 vivente
1875 5810 2057 5869 adhuc

2178 4600 2383 4656 omittit
2419 4600 2605 4656 omnia
2655 4616 2717 4655 ex
2744 4601 2940 4671 quibus
2982 4600 3206 4671 intelligi
3233 4608 3422 4671 posset
3466 4602 3521 4656 in
3547 4616 3768 4673 conspe-

2172 4702 2323 4748 ctum
2354 4695 2535 4750 Sancti
2568 4710 2751 4749 revera
2782 4694 3189 4765 objurgatorem
3216 4694 3656 4765 praemeditatum
3683 4712 3768 4751 ve-

2173 4788 2333 4843 nisse.
2369 4788 2704 4859 lmaginatur
2726 4796 2911 4844 autem
2941 4787 3044 4841 sibi
3073 4793 3280 4842 Auctor
3310 4787 3431 4854 iste,
3458 4788 3607 4859 quod
3651 4805 3764 4845 car-

2172 4880 2335 4936 dinali
2360 4881 2726 4953 praeordinata
2756 4880 2917 4935 verba
2947 4880 3211 4935 recolenti
3243 4880 3494 4951 privatim
3521 4883 3661 4952 apud
3682 4898 3761 4951 se,

2171 4989 2362 5029 eorum
2392 4974 2652 5029 exciderit
2683 4974 2977 5041 memoria;
3012 4982 3198 5045 postea
3231 4989 3361 5028 vero
3398 4975 3653 5029 eumdem
3682 4990 3765 5045 pe-

2172 5066 2275 5122 tito
2338 5068 2576 5139 alloquio
2640 5066 2958 5123 frustratum
3023 5082 3161 5135 esse,
3218 5082 3282 5122 eo
3332 5066 3479 5137 quod
3535 5068 3763 5120 Sanctus

2172 5161 2378 5215 nemini
2416 5176 2473 5216 se
2516 5160 2964 5231 conSpiciendum
2996 5169 3128 5215 tunc
3167 5160 3429 5230 temporis
3471 5157 3761 5228 praeberet,

2171 5253 2267 5309 sed
2292 5254 2477 5310 omnia
2516 5269 2612 5326 per
2640 5254 3011 5309 internuntios
3046 5266 3104 5309 et
3127 5253 3337 5309 litteras
3364 5260 3566 5323 ageret.
3602 5250 3763 5319 Quod

2170 5362 2302 5402 sane
2333 5364 2431 5419 pro
2473 5363 2538 5402 eo
2592 5363 2776 5403 rerum
2824 5348 3075 5413 articulo,
3108 5362 3216 5419 quo
3246 5346 3359 5417 geri
3407 5344 3765 5415 personaliter

2171 5447 2283 5494 tam
2315 5439 2554 5495 diflicilia
2581 5441 2797 5513 negotia
2816 5439 3153 5509 debuissent,
3186 5436 3504 5493 incredibile
3526 5436 3765 5506 videtur,

2171 5534 2321 5588 nullo
2342 5532 2395 5589 id
2427 5542 2667 5589 veterum
2693 5543 2993 5589 asserente.
3028 5536 3171 5589 Tum
3198 5534 3410 5586 Auctor
3461 5530 3764 5603 interrupta

2168 5641 2289 5698 quae
2313 5627 2421 5681 dixi
2452 5630 2508 5683 S.
2536 5628 2757 5683 Attonis
2781 5628 2941 5682 verba
2975 5626 3172 5681 Latina
3201 5639 3506 5692 resumens,
3525 5624 3581 5680 in
3610 5639 3763 5679 mar-

2169 5720 2293 5792 gine
2310 5721 2518 5791 pagina
2533 5726 2661 5788 429,
2676 5721 2766 5776 illo
2779 5720 2970 5788 citato,
2985 5720 3101 5775 haec
3118 5716 3310 5787 habet:
3334 5740 3359 5767 α
3379 5717 3645 5789 Deinceps
3655 5725 3765 5771 tan-

2168 5820 2259 5867 tus
2284 5810 2422 5868 inter
2444 5822 2741 5886 utrumque
2770 5814 3019 5870 ﬁrmatus
3038 5821 3125 5869 est
3149 5826 3328 5881 amor,
3355 5820 3596 5885 quantus
3620 5810 3762 5865 inter
