  <div class='ocr_page' id='page_1' title='image "/cluster/home/n/w/nwhite01/storage/ocr_20150623/148/hvd.32044054760061/022.png"; bbox 0 0 4122 6180; ppageno 0'>
   <div class='ocr_carea' id='block_1_1' title="bbox 396 232 2707 313">
    <p class='ocr_par' dir='ltr' id='par_1_1' title="bbox 396 232 2707 313">
     <span class='ocr_line' id='line_1_1' title="bbox 396 232 2707 313; baseline 0.014 -32"><span class='ocrx_word' id='word_1_1' title='bbox 396 232 461 281; x_wconf 74' lang='lat'><strong>33</strong></span> <span class='ocrx_word' id='word_1_2' title='bbox 1378 240 1899 298; x_wconf 79' lang='lat' dir='ltr'><strong>PROLEGOMENA.</strong></span> <span class='ocrx_word' id='word_1_3' title='bbox 1946 274 2011 283; x_wconf 92' lang='lat'><strong>--</strong></span> <span class='ocrx_word' id='word_1_4' title='bbox 2052 248 2226 305; x_wconf 77' lang='lat' dir='ltr'><strong>ACTA</strong></span> <span class='ocrx_word' id='word_1_5' title='bbox 2267 253 2323 307; x_wconf 90' lang='lat' dir='ltr'><strong>S.</strong></span> <span class='ocrx_word' id='word_1_6' title='bbox 2365 255 2707 313; x_wconf 80' lang='lat' dir='ltr'><strong>GREGOBII.</strong></span> 
     </span>
    </p>
   </div>
   <div class='ocr_carea' id='block_1_2' title="bbox 3624 122 3649 149">
    <p class='ocr_par' dir='ltr' id='par_1_2' title="bbox 3624 122 3649 149">
     <span class='ocr_line' id='line_1_2' title="bbox 3624 122 3649 149; baseline 0 0"><span class='ocrx_word' id='word_1_7' title='bbox 3624 122 3649 149; x_wconf 92' lang='lat'><strong>/</strong></span> 
     </span>
    </p>
   </div>
   <div class='ocr_carea' id='block_1_3' title="bbox 3620 277 3709 349">
    <p class='ocr_par' dir='ltr' id='par_1_3' title="bbox 3620 277 3709 349">
     <span class='ocr_line' id='line_1_3' title="bbox 3620 277 3709 349; baseline 0 -18"><span class='ocrx_word' id='word_1_8' title='bbox 3620 277 3709 349; x_wconf 18' lang='lat' dir='ltr'><strong>3i,</strong></span> 
     </span>
    </p>
   </div>
   <div class='ocr_carea' id='block_1_4' title="bbox 388 359 3691 467">
    <p class='ocr_par' dir='ltr' id='par_1_4' title="bbox 388 359 3691 467">
     <span class='ocr_line' id='line_1_4' title="bbox 388 359 3691 467; baseline 0.013 -56"><span class='ocrx_word' id='word_1_9' title='bbox 388 359 925 467; x_wconf 50' lang='lat' dir='ltr'><strong>amicos‘carissimos</strong></span> <span class='ocrx_word' id='word_1_10' title='bbox 954 372 1009 419; x_wconf 92' lang='lat' dir='ltr'><strong>et</strong></span> <span class='ocrx_word' id='word_1_11' title='bbox 1032 364 1279 467; x_wconf 35' lang='lat' dir='ltr'><strong>uteri-nos</strong></span> <span class='ocrx_word' id='word_1_12' title='bbox 1303 367 1443 424; x_wconf 87' lang='lat' dir='ltr'><strong>solet</strong></span> <span class='ocrx_word' id='word_1_13' title='bbox 1464 386 1583 426; x_wconf 88' lang='lat' dir='ltr'><strong>esse</strong></span> <span class='ocrx_word' id='word_1_14' title='bbox 1612 387 1924 443; x_wconf 90' lang='lat' dir='ltr'><strong>germanos.</strong></span> <span class='ocrx_word' id='word_1_15' title='bbox 1953 398 1977 424; x_wconf 78' lang='grc' dir='ltr'><strong>ι</strong></span> <span class='ocrx_word' id='word_1_16' title='bbox 2010 376 2063 439; x_wconf 88' lang='grc' dir='ltr'>Α</span> <span class='ocrx_word' id='word_1_17' title='bbox 2091 375 2295 448; x_wconf 89' lang='lat' dir='ltr'><strong>absque</strong></span> <span class='ocrx_word' id='word_1_18' title='bbox 2345 380 2613 451; x_wconf 85' lang='lat' dir='ltr'><strong>ejusmodi</strong></span> <span class='ocrx_word' id='word_1_19' title='bbox 2666 384 2825 439; x_wconf 81' lang='lat' dir='ltr'><strong>titulo</strong></span> <span class='ocrx_word' id='word_1_20' title='bbox 2872 388 3141 457; x_wconf 83' lang='lat' dir='ltr'><strong>appellare</strong></span> <span class='ocrx_word' id='word_1_21' title='bbox 3193 392 3424 462; x_wconf 89' lang='lat' dir='ltr'><strong>malunt,</strong></span> <span class='ocrx_word' id='word_1_22' title='bbox 3469 406 3691 467; x_wconf 77' lang='lat' dir='ltr'><strong>propter</strong></span> 
     </span>
    </p>
   </div>
   <div class='ocr_carea' id='block_1_5' title="bbox 430 454 1983 539">
    <p class='ocr_par' dir='ltr' id='par_1_5' title="bbox 430 454 1983 539">
     <span class='ocr_line' id='line_1_5' title="bbox 430 454 1983 539; baseline 0.012 -32"><span class='ocrx_word' id='word_1_23' title='bbox 430 459 546 513; x_wconf 80' lang='lat'><strong>.33.</strong></span> <span class='ocrx_word' id='word_1_24' title='bbox 576 454 763 511; x_wconf 87' lang='lat' dir='ltr'><strong>Habes</strong></span> <span class='ocrx_word' id='word_1_25' title='bbox 786 454 997 513; x_wconf 92' lang='lat' dir='ltr'><strong>fontem</strong></span> <span class='ocrx_word' id='word_1_26' title='bbox 1027 458 1336 530; x_wconf 85' lang='lat' dir='ltr'><strong>ﬁliationis,</strong></span> <span class='ocrx_word' id='word_1_27' title='bbox 1365 462 1394 518; x_wconf 86' lang='lat' dir='ltr'><strong>a</strong></span> <span class='ocrx_word' id='word_1_28' title='bbox 1420 465 1707 523; x_wconf 90' lang='lat' dir='ltr'><strong>Locatello</strong></span> <span class='ocrx_word' id='word_1_29' title='bbox 1742 469 1983 539; x_wconf 89' lang='lat' dir='ltr'><strong>primum</strong></span> 
     </span>
    </p>
   </div>
   <div class='ocr_carea' id='block_1_6' title="bbox 382 548 1984 633">
    <p class='ocr_par' dir='ltr' id='par_1_6' title="bbox 382 548 1984 633">
     <span class='ocr_line' id='line_1_6' title="bbox 382 548 1984 633; baseline 0.011 -32"><span class='ocrx_word' id='word_1_30' title='bbox 382 548 705 620; x_wconf 74' lang='lat' dir='ltr'><strong>excogitata:</strong></span> <span class='ocrx_word' id='word_1_31' title='bbox 733 550 932 621; x_wconf 78' lang='lat' dir='ltr'><strong>gratis,</strong></span> <span class='ocrx_word' id='word_1_32' title='bbox 964 567 995 605; x_wconf 94' lang='lat' dir='ltr'><strong>a</strong></span> <span class='ocrx_word' id='word_1_33' title='bbox 1041 555 1315 611; x_wconf 87' lang='lat' dir='ltr'><strong>Petraccio</strong></span> <span class='ocrx_word' id='word_1_34' title='bbox 1374 559 1549 630; x_wconf 87' lang='lat' dir='ltr'><strong>magis</strong></span> <span class='ocrx_word' id='word_1_35' title='bbox 1595 560 1758 617; x_wconf 87' lang='lat' dir='ltr'><strong>etiam</strong></span> <span class='ocrx_word' id='word_1_36' title='bbox 1816 564 1984 633; x_wconf 80' lang='lat' dir='ltr'><strong>gratis</strong></span> 
     </span>
    </p>
   </div>
   <div class='ocr_carea' id='block_1_7' title="bbox 384 642 1980 726">
    <p class='ocr_par' dir='ltr' id='par_1_7' title="bbox 384 642 1980 726">
     <span class='ocr_line' id='line_1_7' title="bbox 384 642 1980 726; baseline 0.011 -31"><span class='ocrx_word' id='word_1_37' title='bbox 384 642 465 695; x_wconf 86' lang='lat' dir='ltr'><strong>sic</strong></span> <span class='ocrx_word' id='word_1_38' title='bbox 498 651 749 712; x_wconf 70' lang='lat' dir='ltr'><strong>acceptae,</strong></span> <span class='ocrx_word' id='word_1_39' title='bbox 796 653 848 699; x_wconf 88' lang='lat' dir='ltr'><strong>et</strong></span> <span class='ocrx_word' id='word_1_40' title='bbox 893 645 949 700; x_wconf 92' lang='lat' dir='ltr'><strong>in</strong></span> <span class='ocrx_word' id='word_1_41' title='bbox 979 647 1268 705; x_wconf 86' lang='lat' dir='ltr'><strong>Lectiones</strong></span> <span class='ocrx_word' id='word_1_42' title='bbox 1312 654 1692 726; x_wconf 88' lang='lat' dir='ltr'><strong>Martyrologii</strong></span> <span class='ocrx_word' id='word_1_43' title='bbox 1746 658 1980 713; x_wconf 91' lang='lat' dir='ltr'><strong>matuti-</strong></span> 
     </span>
    </p>
   </div>
   <div class='ocr_carea' id='block_1_8' title="bbox 388 735 1981 813">
    <p class='ocr_par' dir='ltr' id='par_1_8' title="bbox 388 735 1981 813">
     <span class='ocr_line' id='line_1_8' title="bbox 388 735 1981 813; baseline 0.011 -24"><span class='ocrx_word' id='word_1_44' title='bbox 388 736 547 808; x_wconf 87' lang='lat' dir='ltr'><strong>nique</strong></span> <span class='ocrx_word' id='word_1_45' title='bbox 571 735 735 793; x_wconf 80' lang='lat' dir='ltr'><strong>officii</strong></span> <span class='ocrx_word' id='word_1_46' title='bbox 779 738 1036 810; x_wconf 80' lang='lat' dir='ltr'><strong>inductze,</strong></span> <span class='ocrx_word' id='word_1_47' title='bbox 1070 743 1226 813; x_wconf 89' lang='lat' dir='ltr'><strong>quasi</strong></span> <span class='ocrx_word' id='word_1_48' title='bbox 1280 766 1301 790; x_wconf 84' lang='lat'><strong>-</strong></span> <span class='ocrx_word' id='word_1_49' title='bbox 1336 746 1856 805; x_wconf 89' lang='lat' dir='ltr'><strong>Vallumbrosauum</strong></span> <span class='ocrx_word' id='word_1_50' title='bbox 1899 751 1981 806; x_wconf 89' lang='lat' dir='ltr'><strong>in-</strong></span> 
     </span>
    </p>
   </div>
   <div class='ocr_carea' id='block_1_9' title="bbox 384 834 1975 908">
    <p class='ocr_par' dir='ltr' id='par_1_9' title="bbox 384 834 1975 908">
     <span class='ocr_line' id='line_1_9' title="bbox 384 834 1975 908; baseline 0.008 -20"><span class='ocrx_word' id='word_1_51' title='bbox 384 834 623 888; x_wconf 90' lang='lat' dir='ltr'><strong>stitutum</strong></span> <span class='ocrx_word' id='word_1_52' title='bbox 654 834 866 904; x_wconf 85' lang='lat' dir='ltr'><strong>pridem</strong></span> <span class='ocrx_word' id='word_1_53' title='bbox 883 837 1186 908; x_wconf 87' lang='lat' dir='ltr'><strong>amplexus,</strong></span> <span class='ocrx_word' id='word_1_54' title='bbox 1216 839 1521 896; x_wconf 78' lang='lat' dir='ltr'><strong>»tenuisset</strong></span> <span class='ocrx_word' id='word_1_55' title='bbox 1550 842 1975 901; x_wconf 84' lang='lat' dir='ltr'><strong>Hildebrandus.</strong></span> 
     </span>
    </p>
   </div>
   <div class='ocr_carea' id='block_1_10' title="bbox 379 929 1979 1000">
    <p class='ocr_par' dir='ltr' id='par_1_10' title="bbox 379 929 1979 1000">
     <span class='ocr_line' id='line_1_10' title="bbox 379 929 1979 1000; baseline 0.01 -22"><span class='ocrx_word' id='word_1_56' title='bbox 379 929 544 997; x_wconf 86' lang='lat' dir='ltr'><strong>Quam</strong></span> <span class='ocrx_word' id='word_1_57' title='bbox 558 938 744 983; x_wconf 86' lang='lat' dir='ltr'><strong>autem</strong></span> <span class='ocrx_word' id='word_1_58' title='bbox 760 951 785 975; x_wconf 78' lang='grc' dir='ltr'><strong>σι</strong></span> <span class='ocrx_word' id='word_1_59' title='bbox 802 929 1010 1000; x_wconf 81' lang='lat' dir='ltr'><strong>pridem</strong></span> <span class='ocrx_word' id='word_1_60' title='bbox 1026 935 1048 986; x_wconf 83' lang='lat'><strong><em>?</em></strong></span> <span class='ocrx_word' id='word_1_61' title='bbox 1062 955 1083 978; x_wconf 77' lang='grc' dir='ltr'><strong>ιο</strong></span> <span class='ocrx_word' id='word_1_62' title='bbox 1101 931 1244 987; x_wconf 85' lang='lat' dir='ltr'><strong>Audi</strong></span> <span class='ocrx_word' id='word_1_63' title='bbox 1265 932 1462 988; x_wconf 83' lang='lat' dir='ltr'><strong>iterum</strong></span> <span class='ocrx_word' id='word_1_64' title='bbox 1482 936 1794 993; x_wconf 87' lang='lat' dir='ltr'><strong>Lectiones:</strong></span> <span class='ocrx_word' id='word_1_65' title='bbox 1812 960 1837 985; x_wconf 75' lang='grc' dir='ltr'><strong>(ι</strong></span> <span class='ocrx_word' id='word_1_66' title='bbox 1863 941 1979 993; x_wconf 85' lang='grc' dir='ltr'><strong>Μο-</strong></span> 
     </span>
    </p>
   </div>
   <div class='ocr_carea' id='block_1_11' title="bbox 371 1021 1975 1095">
    <p class='ocr_par' dir='ltr' id='par_1_11' title="bbox 371 1021 1975 1095">
     <span class='ocr_line' id='line_1_11' title="bbox 371 1021 1975 1095; baseline 0.008 -21"><span class='ocrx_word' id='word_1_67' title='bbox 371 1021 643 1076; x_wconf 86' lang='lat' dir='ltr'><strong>nasticam</strong></span> <span class='ocrx_word' id='word_1_68' title='bbox 692 1022 861 1078; x_wconf 87' lang='lat' dir='ltr'><strong>vitam</strong></span> <span class='ocrx_word' id='word_1_69' title='bbox 909 1023 1207 1095; x_wconf 86' lang='lat' dir='ltr'><strong>professus,</strong></span> <span class='ocrx_word' id='word_1_70' title='bbox 1240 1027 1556 1083; x_wconf 73' lang='lat' dir='ltr'><strong>emnobium</strong></span> <span class='ocrx_word' id='word_1_71' title='bbox 1613 1032 1666 1085; x_wconf 94' lang='grc'>8.</span> <span class='ocrx_word' id='word_1_72' title='bbox 1701 1032 1975 1088; x_wconf 87' lang='lat' dir='ltr'><strong>Benedicti</strong></span> 
     </span>
    </p>
   </div>
   <div class='ocr_carea' id='block_1_12' title="bbox 369 1115 1974 1194">
    <p class='ocr_par' dir='ltr' id='par_1_12' title="bbox 369 1115 1974 1194">
     <span class='ocr_line' id='line_1_12' title="bbox 369 1115 1974 1194; baseline 0.009 -26"><span class='ocrx_word' id='word_1_73' title='bbox 369 1115 419 1168; x_wconf 92' lang='lat' dir='ltr'><strong>in</strong></span> <span class='ocrx_word' id='word_1_74' title='bbox 445 1115 626 1182; x_wconf 87' lang='lat' dir='ltr'><strong>patria</strong></span> <span class='ocrx_word' id='word_1_75' title='bbox 653 1132 750 1171; x_wconf 91' lang='lat' dir='ltr'><strong>sua</strong></span> <span class='ocrx_word' id='word_1_76' title='bbox 780 1118 1019 1174; x_wconf 85' lang='lat' dir='ltr'><strong>extruxit</strong></span> <span class='ocrx_word' id='word_1_77' title='bbox 1064 1120 1167 1174; x_wconf 88' lang='lat' dir='ltr'><strong>sub</strong></span> <span class='ocrx_word' id='word_1_78' title='bbox 1193 1120 1446 1176; x_wconf 87' lang='lat' dir='ltr'><strong>instituto</strong></span> <span class='ocrx_word' id='word_1_79' title='bbox 1493 1123 1974 1194; x_wconf 89' lang='lat' dir='ltr'><strong>Vallumbrosano,</strong></span> 
     </span>
    </p>
   </div>
   <div class='ocr_carea' id='block_1_13' title="bbox 364 1206 1972 1288">
    <p class='ocr_par' dir='ltr' id='par_1_13' title="bbox 364 1206 1972 1288">
     <span class='ocr_line' id='line_1_13' title="bbox 364 1206 1972 1288; baseline 0.009 -27"><span class='ocrx_word' id='word_1_80' title='bbox 364 1206 512 1275; x_wconf 85' lang='lat' dir='ltr'><strong>quod</strong></span> <span class='ocrx_word' id='word_1_81' title='bbox 558 1210 776 1281; x_wconf 86' lang='lat' dir='ltr'><strong>pridem</strong></span> <span class='ocrx_word' id='word_1_82' title='bbox 805 1213 1094 1282; x_wconf 86' lang='lat' dir='ltr'><strong>amplexus</strong></span> <span class='ocrx_word' id='word_1_83' title='bbox 1134 1211 1329 1281; x_wconf 85' lang='lat' dir='ltr'><strong>fuerat,</strong></span> <span class='ocrx_word' id='word_1_84' title='bbox 1370 1213 1569 1271; x_wconf 87' lang='lat' dir='ltr'><strong>deinde</strong></span> <span class='ocrx_word' id='word_1_85' title='bbox 1610 1217 1887 1288; x_wconf 89' lang='lat' dir='ltr'><strong>profectus</strong></span> <span class='ocrx_word' id='word_1_86' title='bbox 1917 1220 1972 1275; x_wconf 90' lang='lat' dir='ltr'><strong>in</strong></span> 
     </span>
    </p>
   </div>
   <div class='ocr_carea' id='block_1_14' title="bbox 362 1303 1963 1381">
    <p class='ocr_par' dir='ltr' id='par_1_14' title="bbox 362 1303 1963 1381">
     <span class='ocr_line' id='line_1_14' title="bbox 362 1303 1963 1381; baseline 0.006 -23"><span class='ocrx_word' id='word_1_87' title='bbox 362 1303 603 1358; x_wconf 83' lang='lat' dir='ltr'><strong>Galliam</strong></span> <span class='ocrx_word' id='word_1_88' title='bbox 689 1305 741 1358; x_wconf 93' lang='lat' dir='ltr'><strong>in</strong></span> <span class='ocrx_word' id='word_1_89' title='bbox 785 1306 1121 1361; x_wconf 89' lang='lat' dir='ltr'><strong>monasterio</strong></span> <span class='ocrx_word' id='word_1_90' title='bbox 1187 1307 1528 1365; x_wconf 91' lang='lat' dir='ltr'><strong>Cluniacensi</strong></span> <span class='ocrx_word' id='word_1_91' title='bbox 1574 1312 1887 1381; x_wconf 87' lang='lat' dir='ltr'><strong>permansit.</strong></span> <span class='ocrx_word' id='word_1_92' title='bbox 1942 1334 1963 1362; x_wconf 73' lang='grc' dir='ltr'>ι</span> 
     </span>
    </p>
   </div>
   <div class='ocr_carea' id='block_1_15' title="bbox 362 1398 1964 1476">
    <p class='ocr_par' dir='ltr' id='par_1_15' title="bbox 362 1398 1964 1476">
     <span class='ocr_line' id='line_1_15' title="bbox 362 1398 1964 1476; baseline 0.007 -26"><span class='ocrx_word' id='word_1_93' title='bbox 362 1398 566 1453; x_wconf 61' lang='lat' dir='ltr'><strong>Roma</strong></span> <span class='ocrx_word' id='word_1_94' title='bbox 622 1413 775 1470; x_wconf 89' lang='lat' dir='ltr'><strong>ergo,</strong></span> <span class='ocrx_word' id='word_1_95' title='bbox 812 1398 994 1455; x_wconf 88' lang='lat' dir='ltr'><strong>adhuc</strong></span> <span class='ocrx_word' id='word_1_96' title='bbox 1047 1409 1196 1455; x_wconf 93' lang='lat' dir='ltr'><strong>totus</strong></span> <span class='ocrx_word' id='word_1_97' title='bbox 1243 1401 1465 1473; x_wconf 83' lang='lat' dir='ltr'><strong>juvenis</strong></span> <span class='ocrx_word' id='word_1_98' title='bbox 1515 1420 1579 1458; x_wconf 94' lang='lat' dir='ltr'><strong>ac</strong></span> <span class='ocrx_word' id='word_1_99' title='bbox 1624 1421 1762 1476; x_wconf 89' lang='lat' dir='ltr'><strong>pene</strong></span> <span class='ocrx_word' id='word_1_100' title='bbox 1810 1422 1964 1476; x_wconf 91' lang='lat' dir='ltr'><strong>puer,</strong></span> 
     </span>
    </p>
   </div>
   <div class='ocr_carea' id='block_1_16' title="bbox 356 1491 1970 1567">
    <p class='ocr_par' dir='ltr' id='par_1_16' title="bbox 356 1491 1970 1567">
     <span class='ocr_line' id='line_1_16' title="bbox 356 1491 1970 1567; baseline 0.007 -24"><span class='ocrx_word' id='word_1_101' title='bbox 356 1491 887 1548; x_wconf 82' lang='lat' dir='ltr'><strong>Vallumbrosanum</strong></span> <span class='ocrx_word' id='word_1_102' title='bbox 910 1493 1225 1551; x_wconf 89' lang='lat' dir='ltr'><strong>institutum</strong></span> <span class='ocrx_word' id='word_1_103' title='bbox 1248 1498 1531 1567; x_wconf 84' lang='lat' dir='ltr'><strong>amplexus</strong></span> <span class='ocrx_word' id='word_1_104' title='bbox 1549 1507 1631 1554; x_wconf 86' lang='lat' dir='ltr'><strong>est</strong></span> <span class='ocrx_word' id='word_1_105' title='bbox 1645 1498 1970 1555; x_wconf 85' lang='lat' dir='ltr'><strong>Hildebran-</strong></span> 
     </span>
    </p>
   </div>
   <div class='ocr_carea' id='block_1_17' title="bbox 362 1583 1964 1664">
    <p class='ocr_par' dir='ltr' id='par_1_17' title="bbox 362 1583 1964 1664">
     <span class='ocr_line' id='line_1_17' title="bbox 362 1583 1964 1664; baseline 0.006 -25"><span class='ocrx_word' id='word_1_106' title='bbox 362 1583 499 1651; x_wconf 85' lang='lat' dir='ltr'><strong>dus,</strong></span> <span class='ocrx_word' id='word_1_107' title='bbox 532 1594 651 1641; x_wconf 83' lang='lat' dir='ltr'><strong>ante</strong></span> <span class='ocrx_word' id='word_1_108' title='bbox 704 1603 913 1642; x_wconf 90' lang='lat' dir='ltr'><strong>annum</strong></span> <span class='ocrx_word' id='word_1_109' title='bbox 963 1590 1122 1656; x_wconf 81' lang='lat'><strong>1046,</strong></span> <span class='ocrx_word' id='word_1_110' title='bbox 1156 1590 1201 1644; x_wconf 91' lang='lat' dir='ltr'><strong>si</strong></span> <span class='ocrx_word' id='word_1_111' title='bbox 1248 1592 1534 1662; x_wconf 90' lang='lat' dir='ltr'><strong>amplexus</strong></span> <span class='ocrx_word' id='word_1_112' title='bbox 1581 1602 1665 1648; x_wconf 87' lang='lat' dir='ltr'><strong>est</strong></span> <span class='ocrx_word' id='word_1_113' title='bbox 1694 1607 1964 1664; x_wconf 88' lang='lat' dir='ltr'><strong>unquam.</strong></span> 
     </span>
    </p>
   </div>
   <div class='ocr_carea' id='block_1_18' title="bbox 362 1681 1966 1753">
    <p class='ocr_par' dir='ltr' id='par_1_18' title="bbox 362 1681 1966 1753">
     <span class='ocr_line' id='line_1_18' title="bbox 362 1681 1966 1753; baseline 0.005 -18"><span class='ocrx_word' id='word_1_114' title='bbox 362 1681 536 1753; x_wconf 80' lang='lat' dir='ltr'><strong>Atqui</strong></span> <span class='ocrx_word' id='word_1_115' title='bbox 576 1681 791 1737; x_wconf 89' lang='lat' dir='ltr'><strong>nullum</strong></span> <span class='ocrx_word' id='word_1_116' title='bbox 816 1682 1263 1739; x_wconf 90' lang='lat' dir='ltr'><strong>Vallumbrosani</strong></span> <span class='ocrx_word' id='word_1_117' title='bbox 1290 1684 1521 1741; x_wconf 88' lang='lat' dir='ltr'><strong>instituti</strong></span> <span class='ocrx_word' id='word_1_118' title='bbox 1569 1688 1966 1743; x_wconf 84' lang='lat' dir='ltr'><strong>monasterium</strong></span> 
     </span>
    </p>
   </div>
   <div class='ocr_carea' id='block_1_19' title="bbox 355 1775 1968 1849">
    <p class='ocr_par' dir='ltr' id='par_1_19' title="bbox 355 1775 1968 1849">
     <span class='ocr_line' id='line_1_19' title="bbox 355 1775 1968 1849; baseline 0.005 -20"><span class='ocrx_word' id='word_1_119' title='bbox 355 1790 423 1829; x_wconf 87' lang='lat' dir='ltr'><strong>eo</strong></span> <span class='ocrx_word' id='word_1_120' title='bbox 451 1775 651 1830; x_wconf 86' lang='lat' dir='ltr'><strong>seculo</strong></span> <span class='ocrx_word' id='word_1_121' title='bbox 669 1778 847 1832; x_wconf 82' lang='lat' dir='ltr'><strong>Roma</strong></span> <span class='ocrx_word' id='word_1_122' title='bbox 878 1776 1070 1831; x_wconf 88' lang='lat' dir='ltr'><strong>habuit</strong></span> <span class='ocrx_word' id='word_1_123' title='bbox 1094 1797 1105 1832; x_wconf 91' lang='lat'>:</span> <span class='ocrx_word' id='word_1_124' title='bbox 1125 1777 1272 1849; x_wconf 92' lang='lat' dir='ltr'><strong>quod</strong></span> <span class='ocrx_word' id='word_1_125' title='bbox 1303 1787 1487 1835; x_wconf 85' lang='lat' dir='ltr'><strong>autem</strong></span> <span class='ocrx_word' id='word_1_126' title='bbox 1508 1796 1652 1836; x_wconf 91' lang='lat' dir='ltr'><strong>nunc</strong></span> <span class='ocrx_word' id='word_1_127' title='bbox 1679 1780 1843 1837; x_wconf 85' lang='lat' dir='ltr'><strong>habet</strong></span> <span class='ocrx_word' id='word_1_128' title='bbox 1865 1782 1968 1837; x_wconf 88' lang='lat' dir='ltr'><strong>sub</strong></span> 
     </span>
    </p>
   </div>
   <div class='ocr_carea' id='block_1_20' title="bbox 351 1868 1966 1942">
    <p class='ocr_par' dir='ltr' id='par_1_20' title="bbox 351 1868 1966 1942">
     <span class='ocr_line' id='line_1_20' title="bbox 351 1868 1966 1942; baseline 0.006 -20"><span class='ocrx_word' id='word_1_129' title='bbox 351 1868 517 1925; x_wconf 88' lang='lat' dir='ltr'><strong>titulo</strong></span> <span class='ocrx_word' id='word_1_130' title='bbox 545 1872 602 1926; x_wconf 92' lang='lat' dir='ltr'><strong>S.</strong></span> <span class='ocrx_word' id='word_1_131' title='bbox 621 1870 900 1936; x_wconf 82' lang='lat' dir='ltr'><strong>Praxedis,</strong></span> <span class='ocrx_word' id='word_1_132' title='bbox 923 1871 1160 1942; x_wconf 91' lang='lat' dir='ltr'><strong>primum</strong></span> <span class='ocrx_word' id='word_1_133' title='bbox 1182 1872 1705 1931; x_wconf 87' lang='lat' dir='ltr'><strong>Vallumbrosanum</strong></span> <span class='ocrx_word' id='word_1_134' title='bbox 1726 1890 1843 1931; x_wconf 85' lang='lat' dir='ltr'><strong>esse</strong></span> <span class='ocrx_word' id='word_1_135' title='bbox 1857 1891 1966 1932; x_wconf 71' lang='lat' dir='ltr'><strong>cm-</strong></span> 
     </span>
    </p>
   </div>
   <div class='ocr_carea' id='block_1_21' title="bbox 347 1964 1963 2041">
    <p class='ocr_par' dir='ltr' id='par_1_21' title="bbox 347 1964 1963 2041">
     <span class='ocr_line' id='line_1_21' title="bbox 347 1964 1963 2041; baseline 0.004 -23"><span class='ocrx_word' id='word_1_136' title='bbox 347 1964 423 2035; x_wconf 84' lang='lat' dir='ltr'><strong>pit</strong></span> <span class='ocrx_word' id='word_1_137' title='bbox 434 1965 588 2019; x_wconf 85' lang='lat' dir='ltr'><strong>circa</strong></span> <span class='ocrx_word' id='word_1_138' title='bbox 600 1981 807 2021; x_wconf 90' lang='lat' dir='ltr'><strong>annum</strong></span> <span class='ocrx_word' id='word_1_139' title='bbox 827 1966 1034 2029; x_wconf 81' lang='lat' dir='ltr'><strong>ll70,si</strong></span> <span class='ocrx_word' id='word_1_140' title='bbox 1050 1974 1197 2021; x_wconf 91' lang='lat' dir='ltr'><strong>recte</strong></span> <span class='ocrx_word' id='word_1_141' title='bbox 1214 1974 1435 2036; x_wconf 88' lang='lat' dir='ltr'><strong>tempus</strong></span> <span class='ocrx_word' id='word_1_142' title='bbox 1445 1967 1963 2041; x_wconf 89' lang='lat' dir='ltr'><strong>quadringintorum</strong></span> 
     </span>
    </p>
   </div>
   <div class='ocr_carea' id='block_1_22' title="bbox 345 2058 1961 2130">
    <p class='ocr_par' dir='ltr' id='par_1_22' title="bbox 345 2058 1961 2130">
     <span class='ocr_line' id='line_1_22' title="bbox 345 2058 1961 2130; baseline 0.003 -17"><span class='ocrx_word' id='word_1_143' title='bbox 345 2073 631 2113; x_wconf 84' lang='lat' dir='ltr'><strong>annorum</strong></span> <span class='ocrx_word' id='word_1_144' title='bbox 658 2058 1247 2130; x_wconf 84' lang='lat' dir='ltr'><strong>subduxitOnuphrius</strong></span> <span class='ocrx_word' id='word_1_145' title='bbox 1276 2061 1591 2129; x_wconf 87' lang='lat' dir='ltr'><strong>Panvinius,</strong></span> <span class='ocrx_word' id='word_1_146' title='bbox 1610 2062 1664 2117; x_wconf 90' lang='lat' dir='ltr'><strong>in</strong></span> <span class='ocrx_word' id='word_1_147' title='bbox 1694 2063 1873 2118; x_wconf 90' lang='lat' dir='ltr'><strong>libello</strong></span> <span class='ocrx_word' id='word_1_148' title='bbox 1891 2062 1961 2119; x_wconf 88' lang='lat' dir='ltr'><strong>de</strong></span> 
     </span>
    </p>
   </div>
   <div class='ocr_carea' id='block_1_23' title="bbox 346 2152 1956 2221">
    <p class='ocr_par' dir='ltr' id='par_1_23' title="bbox 346 2152 1956 2221">
     <span class='ocr_line' id='line_1_23' title="bbox 346 2152 1956 2221; baseline 0.003 -14"><span class='ocrx_word' id='word_1_149' title='bbox 346 2152 648 2221; x_wconf 61' lang='lat' dir='ltr'><strong>precipuis</strong></span> <span class='ocrx_word' id='word_1_150' title='bbox 710 2152 882 2209; x_wconf 90' lang='lat' dir='ltr'><strong>Urbis</strong></span> <span class='ocrx_word' id='word_1_151' title='bbox 918 2154 1165 2209; x_wconf 90' lang='lat' dir='ltr'><strong>ecclesiis</strong></span> <span class='ocrx_word' id='word_1_152' title='bbox 1207 2154 1354 2210; x_wconf 90' lang='lat' dir='ltr'><strong>edito</strong></span> <span class='ocrx_word' id='word_1_153' title='bbox 1405 2155 1507 2209; x_wconf 90' lang='lat' dir='ltr'><strong>sub</strong></span> <span class='ocrx_word' id='word_1_154' title='bbox 1560 2172 1767 2210; x_wconf 87' lang='lat' dir='ltr'><strong>annum</strong></span> <span class='ocrx_word' id='word_1_155' title='bbox 1802 2163 1956 2212; x_wconf 83' lang='grc'><strong>1570.</strong></span> 
     </span>
    </p>
   </div>
   <div class='ocr_carea' id='block_1_24' title="bbox 344 2246 1957 2320">
    <p class='ocr_par' dir='ltr' id='par_1_24' title="bbox 344 2246 1957 2320">
     <span class='ocr_line' id='line_1_24' title="bbox 344 2246 1957 2320; baseline 0.003 -20"><span class='ocrx_word' id='word_1_156' title='bbox 344 2247 428 2300; x_wconf 91' lang='lat' dir='ltr'><strong>De</strong></span> <span class='ocrx_word' id='word_1_157' title='bbox 467 2246 814 2301; x_wconf 88' lang='lat' dir='ltr'><strong>monasterio</strong></span> <span class='ocrx_word' id='word_1_158' title='bbox 844 2247 1108 2302; x_wconf 89' lang='lat' dir='ltr'><strong>Soanensi</strong></span> <span class='ocrx_word' id='word_1_159' title='bbox 1140 2248 1304 2318; x_wconf 89' lang='lat' dir='ltr'><strong>(quod</strong></span> <span class='ocrx_word' id='word_1_160' title='bbox 1335 2265 1363 2303; x_wconf 92' lang='lat' dir='ltr'><strong>a</strong></span> <span class='ocrx_word' id='word_1_161' title='bbox 1390 2258 1501 2303; x_wconf 91' lang='lat' dir='ltr'><strong>tam</strong></span> <span class='ocrx_word' id='word_1_162' title='bbox 1527 2249 1726 2320; x_wconf 84' lang='lat' dir='ltr'><strong>juvene</strong></span> <span class='ocrx_word' id='word_1_163' title='bbox 1755 2248 1957 2305; x_wconf 87' lang='lat' dir='ltr'><strong>funda-</strong></span> 
     </span>
    </p>
   </div>
   <div class='ocr_carea' id='block_1_25' title="bbox 337 2340 1953 2414">
    <p class='ocr_par' dir='ltr' id='par_1_25' title="bbox 337 2340 1953 2414">
     <span class='ocr_line' id='line_1_25' title="bbox 337 2340 1953 2414; baseline 0.002 -20"><span class='ocrx_word' id='word_1_164' title='bbox 337 2348 462 2395; x_wconf 90' lang='lat' dir='ltr'><strong>tum</strong></span> <span class='ocrx_word' id='word_1_165' title='bbox 502 2340 854 2396; x_wconf 87' lang='lat' dir='ltr'><strong>fuissenemo</strong></span> <span class='ocrx_word' id='word_1_166' title='bbox 884 2340 1183 2411; x_wconf 90' lang='lat' dir='ltr'><strong>prudenter</strong></span> <span class='ocrx_word' id='word_1_167' title='bbox 1200 2341 1511 2401; x_wconf 69' lang='lat' dir='ltr'><strong>crediderit)</strong></span> <span class='ocrx_word' id='word_1_168' title='bbox 1534 2359 1702 2413; x_wconf 83' lang='lat' dir='ltr'><strong>agens</strong></span> <span class='ocrx_word' id='word_1_169' title='bbox 1726 2344 1953 2414; x_wconf 83' lang='lat' dir='ltr'><strong>praelau-</strong></span> 
     </span>
    </p>
   </div>
   <div class='ocr_carea' id='block_1_26' title="bbox 340 2434 1954 2508">
    <p class='ocr_par' dir='ltr' id='par_1_26' title="bbox 340 2434 1954 2508">
     <span class='ocr_line' id='line_1_26' title="bbox 340 2434 1954 2508; baseline 0.002 -20"><span class='ocrx_word' id='word_1_170' title='bbox 340 2434 510 2489; x_wconf 88' lang='lat' dir='ltr'><strong>datus</strong></span> <span class='ocrx_word' id='word_1_171' title='bbox 549 2435 791 2490; x_wconf 89' lang='lat' dir='ltr'><strong>Didacus</strong></span> <span class='ocrx_word' id='word_1_172' title='bbox 818 2434 884 2490; x_wconf 87' lang='lat' dir='ltr'><strong>de</strong></span> <span class='ocrx_word' id='word_1_173' title='bbox 935 2435 1193 2491; x_wconf 88' lang='lat' dir='ltr'><strong>Franchis</strong></span> <span class='ocrx_word' id='word_1_174' title='bbox 1216 2435 1310 2490; x_wconf 90' lang='lat' dir='ltr'><strong>lib.</strong></span> <span class='ocrx_word' id='word_1_175' title='bbox 1342 2444 1391 2491; x_wconf 91' lang='lat'><strong>8.</strong></span> <span class='ocrx_word' id='word_1_176' title='bbox 1431 2452 1550 2508; x_wconf 90' lang='lat' dir='ltr'><strong>pag.</strong></span> <span class='ocrx_word' id='word_1_177' title='bbox 1592 2443 1713 2491; x_wconf 83' lang='lat'><strong>254.</strong></span> <span class='ocrx_word' id='word_1_178' title='bbox 1764 2438 1829 2491; x_wconf 89' lang='lat' dir='ltr'><strong>ad</strong></span> <span class='ocrx_word' id='word_1_179' title='bbox 1858 2452 1954 2492; x_wconf 87' lang='lat' dir='ltr'><strong>ex-</strong></span> 
     </span>
    </p>
   </div>
   <div class='ocr_carea' id='block_1_27' title="bbox 337 2528 1951 2602">
    <p class='ocr_par' dir='ltr' id='par_1_27' title="bbox 337 2528 1951 2602">
     <span class='ocr_line' id='line_1_27' title="bbox 337 2528 1951 2602; baseline 0.001 -19"><span class='ocrx_word' id='word_1_180' title='bbox 337 2535 583 2584; x_wconf 84' lang='lat' dir='ltr'><strong>tremam</strong></span> <span class='ocrx_word' id='word_1_181' title='bbox 616 2529 846 2583; x_wconf 87' lang='lat' dir='ltr'><strong>Joannis</strong></span> <span class='ocrx_word' id='word_1_182' title='bbox 897 2538 1116 2585; x_wconf 68' lang='lat' dir='ltr'><strong>aetatem</strong></span> <span class='ocrx_word' id='word_1_183' title='bbox 1165 2528 1333 2585; x_wconf 88' lang='lat' dir='ltr'><strong>refert</strong></span> <span class='ocrx_word' id='word_1_184' title='bbox 1376 2530 1795 2602; x_wconf 89' lang='lat' dir='ltr'><strong>acquisitionem</strong></span> <span class='ocrx_word' id='word_1_185' title='bbox 1848 2531 1951 2585; x_wconf 95' lang='lat' dir='ltr'><strong>loci</strong></span> 
     </span>
    </p>
   </div>
   <div class='ocr_carea' id='block_1_28' title="bbox 341 2622 1953 2694">
    <p class='ocr_par' dir='ltr' id='par_1_28' title="bbox 341 2622 1953 2694">
     <span class='ocr_line' id='line_1_28' title="bbox 341 2622 1953 2694; baseline 0.001 -17"><span class='ocrx_word' id='word_1_186' title='bbox 341 2622 657 2678; x_wconf 84' lang='lat' dir='ltr'><strong>suburbani</strong></span> <span class='ocrx_word' id='word_1_187' title='bbox 706 2623 775 2678; x_wconf 92' lang='lat' dir='ltr'><strong>de</strong></span> <span class='ocrx_word' id='word_1_188' title='bbox 820 2623 1058 2678; x_wconf 89' lang='lat' dir='ltr'><strong>Calvello</strong></span> <span class='ocrx_word' id='word_1_189' title='bbox 1104 2622 1252 2690; x_wconf 84' lang='lat' dir='ltr'><strong>dicti,</strong></span> <span class='ocrx_word' id='word_1_190' title='bbox 1296 2639 1461 2693; x_wconf 90' lang='lat' dir='ltr'><strong>quem</strong></span> <span class='ocrx_word' id='word_1_191' title='bbox 1506 2624 1747 2679; x_wconf 77' lang='lat' dir='ltr'><strong>eremitae</strong></span> <span class='ocrx_word' id='word_1_192' title='bbox 1796 2624 1953 2694; x_wconf 86' lang='lat' dir='ltr'><strong>pauci</strong></span> 
     </span>
    </p>
   </div>
   <div class='ocr_carea' id='block_1_29' title="bbox 336 2715 1951 2787">
    <p class='ocr_par' dir='ltr' id='par_1_29' title="bbox 336 2715 1951 2787">
     <span class='ocr_line' id='line_1_29' title="bbox 336 2715 1951 2787; baseline 0.001 -16"><span class='ocrx_word' id='word_1_193' title='bbox 336 2724 469 2772; x_wconf 85' lang='lat' dir='ltr'><strong>tunc</strong></span> <span class='ocrx_word' id='word_1_194' title='bbox 500 2716 858 2781; x_wconf 85' lang='lat' dir='ltr'><strong>habitabant;</strong></span> <span class='ocrx_word' id='word_1_195' title='bbox 892 2726 945 2771; x_wconf 93' lang='lat' dir='ltr'><strong>et</strong></span> <span class='ocrx_word' id='word_1_196' title='bbox 988 2716 1081 2771; x_wconf 86' lang='lat' dir='ltr'><strong>ubi</strong></span> <span class='ocrx_word' id='word_1_197' title='bbox 1112 2715 1380 2773; x_wconf 72' lang='lat' dir='ltr'><strong>aediﬁcata</strong></span> <span class='ocrx_word' id='word_1_198' title='bbox 1424 2716 1688 2787; x_wconf 87' lang='lat' dir='ltr'><strong>paulatim</strong></span> <span class='ocrx_word' id='word_1_199' title='bbox 1717 2716 1951 2772; x_wconf 85' lang='lat' dir='ltr'><strong>Abbatia</strong></span> 
     </span>
    </p>
   </div>
   <div class='ocr_carea' id='block_1_30' title="bbox 337 2810 1951 2881">
    <p class='ocr_par' dir='ltr' id='par_1_30' title="bbox 337 2810 1951 2881">
     <span class='ocr_line' id='line_1_30' title="bbox 337 2810 1951 2881; baseline 0 -15"><span class='ocrx_word' id='word_1_200' title='bbox 337 2810 635 2881; x_wconf 68' lang='lat' dir='ltr'><strong>praedicta,</strong></span> <span class='ocrx_word' id='word_1_201' title='bbox 668 2826 813 2865; x_wconf 89' lang='lat' dir='ltr'><strong>anno</strong></span> <span class='ocrx_word' id='word_1_202' title='bbox 851 2810 1085 2881; x_wconf 84' lang='lat' dir='ltr'><strong>denique</strong></span> <span class='ocrx_word' id='word_1_203' title='bbox 1120 2816 1273 2866; x_wconf 81' lang='lat'><strong>1496.</strong></span> <span class='ocrx_word' id='word_1_204' title='bbox 1308 2811 1445 2865; x_wconf 91' lang='lat' dir='ltr'><strong>intra</strong></span> <span class='ocrx_word' id='word_1_205' title='bbox 1477 2810 1750 2866; x_wconf 90' lang='lat' dir='ltr'><strong>civitatem</strong></span> <span class='ocrx_word' id='word_1_206' title='bbox 1778 2819 1951 2866; x_wconf 87' lang='lat' dir='ltr'><strong>trans-</strong></span> 
     </span>
    </p>
   </div>
   <div class='ocr_carea' id='block_1_31' title="bbox 337 2903 1952 2975">
    <p class='ocr_par' dir='ltr' id='par_1_31' title="bbox 337 2903 1952 2975">
     <span class='ocr_line' id='line_1_31' title="bbox 337 2903 1952 2975; baseline 0.001 -18"><span class='ocrx_word' id='word_1_207' title='bbox 337 2904 439 2959; x_wconf 87' lang='lat' dir='ltr'><strong>lata</strong></span> <span class='ocrx_word' id='word_1_208' title='bbox 461 2912 580 2971; x_wconf 84' lang='lat' dir='ltr'><strong>est,</strong></span> <span class='ocrx_word' id='word_1_209' title='bbox 604 2903 847 2959; x_wconf 90' lang='lat' dir='ltr'><strong>reductis</strong></span> <span class='ocrx_word' id='word_1_210' title='bbox 870 2904 1062 2959; x_wconf 91' lang='lat' dir='ltr'><strong>eodem</strong></span> <span class='ocrx_word' id='word_1_211' title='bbox 1091 2904 1369 2959; x_wconf 83' lang='lat' dir='ltr'><strong>Eremitis.</strong></span> <span class='ocrx_word' id='word_1_212' title='bbox 1397 2904 1537 2959; x_wconf 91' lang='lat' dir='ltr'><strong>Cum</strong></span> <span class='ocrx_word' id='word_1_213' title='bbox 1558 2913 1743 2959; x_wconf 92' lang='lat' dir='ltr'><strong>autem</strong></span> <span class='ocrx_word' id='word_1_214' title='bbox 1788 2903 1952 2975; x_wconf 87' lang='lat' dir='ltr'><strong>hujus</strong></span> 
     </span>
    </p>
   </div>
   <div class='ocr_carea' id='block_1_32' title="bbox 335 2996 1947 3068">
    <p class='ocr_par' dir='ltr' id='par_1_32' title="bbox 335 2996 1947 3068">
     <span class='ocr_line' id='line_1_32' title="bbox 335 2996 1947 3068; baseline 0 -16"><span class='ocrx_word' id='word_1_215' title='bbox 335 2997 432 3053; x_wconf 86' lang='lat' dir='ltr'><strong>loci</strong></span> <span class='ocrx_word' id='word_1_216' title='bbox 469 2997 742 3052; x_wconf 86' lang='lat' dir='ltr'><strong>meminit</strong></span> <span class='ocrx_word' id='word_1_217' title='bbox 762 2997 1021 3067; x_wconf 88' lang='lat' dir='ltr'><strong>Didacus,</strong></span> <span class='ocrx_word' id='word_1_218' title='bbox 1039 3014 1146 3053; x_wconf 91' lang='lat' dir='ltr'><strong>non</strong></span> <span class='ocrx_word' id='word_1_219' title='bbox 1170 2998 1501 3053; x_wconf 80' lang='lat' dir='ltr'><strong>obliviscitur</strong></span> <span class='ocrx_word' id='word_1_220' title='bbox 1521 3005 1783 3053; x_wconf 89' lang='lat' dir='ltr'><strong>annotare</strong></span> <span class='ocrx_word' id='word_1_221' title='bbox 1804 2996 1947 3068; x_wconf 90' lang='lat' dir='ltr'><strong>quod</strong></span> 
     </span>
    </p>
   </div>
   <div class='ocr_carea' id='block_1_33' title="bbox 2003 1738 2050 1799">
    <p class='ocr_par' dir='ltr' id='par_1_33' title="bbox 2003 1738 2050 1799">
     <span class='ocr_line' id='line_1_33' title="bbox 2003 1738 2050 1799; baseline 0 0"><span class='ocrx_word' id='word_1_222' title='bbox 2003 1738 2050 1799; x_wconf 87' lang='grc' dir='ltr'><strong>Β</strong></span> 
     </span>
    </p>
   </div>
   <div class='ocr_carea' id='block_1_34' title="bbox 2094 470 3687 558">
    <p class='ocr_par' dir='ltr' id='par_1_34' title="bbox 2094 470 3687 558">
     <span class='ocr_line' id='line_1_34' title="bbox 2094 470 3687 558; baseline 0.015 -35"><span class='ocrx_word' id='word_1_223' title='bbox 2094 470 2393 541; x_wconf 86' lang='lat' dir='ltr'><strong>periculum</strong></span> <span class='ocrx_word' id='word_1_224' title='bbox 2419 474 2689 547; x_wconf 70' lang='lat' dir='ltr'><strong>ambigua:</strong></span> <span class='ocrx_word' id='word_1_225' title='bbox 2719 477 3137 550; x_wconf 84' lang='lat' dir='ltr'><strong>signiﬁcationis</strong></span> <span class='ocrx_word' id='word_1_226' title='bbox 3172 483 3227 539; x_wconf 89' lang='lat' dir='ltr'><strong>in</strong></span> <span class='ocrx_word' id='word_1_227' title='bbox 3257 486 3439 558; x_wconf 86' lang='lat' dir='ltr'><strong>vulgo,</strong></span> <span class='ocrx_word' id='word_1_228' title='bbox 3469 489 3687 546; x_wconf 88' lang='lat' dir='ltr'><strong>titulum</strong></span> 
     </span>
    </p>
   </div>
   <div class='ocr_carea' id='block_1_35' title="bbox 2095 562 3687 650">
    <p class='ocr_par' dir='ltr' id='par_1_35' title="bbox 2095 562 3687 650">
     <span class='ocr_line' id='line_1_35' title="bbox 2095 562 3687 650; baseline 0.014 -34"><span class='ocrx_word' id='word_1_229' title='bbox 2095 562 2367 633; x_wconf 88' lang='lat' dir='ltr'><strong>ejusmodi</strong></span> <span class='ocrx_word' id='word_1_230' title='bbox 2448 578 2740 638; x_wconf 90' lang='lat' dir='ltr'><strong>accepturo</strong></span> <span class='ocrx_word' id='word_1_231' title='bbox 2809 573 3116 629; x_wconf 89' lang='lat' dir='ltr'><strong>secundum</strong></span> <span class='ocrx_word' id='word_1_232' title='bbox 3218 580 3395 650; x_wconf 89' lang='lat' dir='ltr'><strong>magis</strong></span> <span class='ocrx_word' id='word_1_233' title='bbox 3468 581 3687 639; x_wconf 83' lang='lat' dir='ltr'><strong>obviam</strong></span> 
     </span>
    </p>
   </div>
   <div class='ocr_carea' id='block_1_36' title="bbox 2091 658 3685 741">
    <p class='ocr_par' dir='ltr' id='par_1_36' title="bbox 2091 658 3685 741">
     <span class='ocr_line' id='line_1_36' title="bbox 2091 658 3685 741; baseline 0.014 -31"><span class='ocrx_word' id='word_1_234' title='bbox 2091 658 2533 731; x_wconf 88' lang='lat' dir='ltr'><strong>strictioremque</strong></span> <span class='ocrx_word' id='word_1_235' title='bbox 2578 663 2884 720; x_wconf 90' lang='lat' dir='ltr'><strong>notionem.</strong></span> <span class='ocrx_word' id='word_1_236' title='bbox 2944 668 3171 723; x_wconf 91' lang='lat' dir='ltr'><strong>Interim</strong></span> <span class='ocrx_word' id='word_1_237' title='bbox 3226 687 3323 741; x_wconf 89' lang='lat' dir='ltr'><strong>per</strong></span> <span class='ocrx_word' id='word_1_238' title='bbox 3374 673 3527 730; x_wconf 90' lang='lat' dir='ltr'><strong>illam</strong></span> <span class='ocrx_word' id='word_1_239' title='bbox 3570 675 3685 731; x_wconf 89' lang='lat' dir='ltr'><strong>sin-</strong></span> 
     </span>
    </p>
   </div>
   <div class='ocr_carea' id='block_1_37' title="bbox 2088 752 3686 839">
    <p class='ocr_par' dir='ltr' id='par_1_37' title="bbox 2088 752 3686 839">
     <span class='ocr_line' id='line_1_37' title="bbox 2088 752 3686 839; baseline 0.013 -35"><span class='ocrx_word' id='word_1_240' title='bbox 2088 766 2269 806; x_wconf 89' lang='lat' dir='ltr'><strong>ceram</strong></span> <span class='ocrx_word' id='word_1_241' title='bbox 2314 752 2501 808; x_wconf 89' lang='lat' dir='ltr'><strong>Didaci</strong></span> <span class='ocrx_word' id='word_1_242' title='bbox 2531 754 2960 826; x_wconf 87' lang='lat' dir='ltr'><strong>confessionem,</strong></span> <span class='ocrx_word' id='word_1_243' title='bbox 2992 775 3103 815; x_wconf 94' lang='lat' dir='ltr'><strong>non</strong></span> <span class='ocrx_word' id='word_1_244' title='bbox 3123 762 3305 818; x_wconf 89' lang='lat' dir='ltr'><strong>solum</strong></span> <span class='ocrx_word' id='word_1_245' title='bbox 3332 766 3686 839; x_wconf 85' lang='lat' dir='ltr'><strong>intelligimus</strong></span> 
     </span>
    </p>
   </div>
   <div class='ocr_carea' id='block_1_38' title="bbox 2087 848 3687 932">
    <p class='ocr_par' dir='ltr' id='par_1_38' title="bbox 2087 848 3687 932">
     <span class='ocr_line' id='line_1_38' title="bbox 2087 848 3687 932; baseline 0.014 -35"><span class='ocrx_word' id='word_1_246' title='bbox 2087 861 2195 915; x_wconf 93' lang='lat' dir='ltr'><strong>quo</strong></span> <span class='ocrx_word' id='word_1_247' title='bbox 2225 860 2385 901; x_wconf 91' lang='lat' dir='ltr'><strong>sensu</strong></span> <span class='ocrx_word' id='word_1_248' title='bbox 2426 848 2698 917; x_wconf 66' lang='lat' dir='ltr'><strong>praecitata</strong></span> <span class='ocrx_word' id='word_1_249' title='bbox 2746 850 2905 906; x_wconf 89' lang='lat' dir='ltr'><strong>verba</strong></span> <span class='ocrx_word' id='word_1_250' title='bbox 2962 855 3160 925; x_wconf 91' lang='lat' dir='ltr'><strong>apponi</strong></span> <span class='ocrx_word' id='word_1_251' title='bbox 3210 860 3603 932; x_wconf 86' lang='lat' dir='ltr'><strong>Martyrologio</strong></span> <span class='ocrx_word' id='word_1_252' title='bbox 3631 871 3687 919; x_wconf 87' lang='lat' dir='ltr'><strong>et</strong></span> 
     </span>
    </p>
   </div>
   <div class='ocr_carea' id='block_1_39' title="bbox 2086 937 3683 1019">
    <p class='ocr_par' dir='ltr' id='par_1_39' title="bbox 2086 937 3683 1019">
     <span class='ocr_line' id='line_1_39' title="bbox 2086 937 3683 1019; baseline 0.013 -28"><span class='ocrx_word' id='word_1_253' title='bbox 2086 937 2143 992; x_wconf 89' lang='lat' dir='ltr'><strong>in</strong></span> <span class='ocrx_word' id='word_1_254' title='bbox 2178 940 2532 997; x_wconf 89' lang='lat' dir='ltr'><strong>Lectionibus</strong></span> <span class='ocrx_word' id='word_1_255' title='bbox 2562 942 2781 998; x_wconf 89' lang='lat' dir='ltr'><strong>recitari</strong></span> <span class='ocrx_word' id='word_1_256' title='bbox 2808 946 3023 1015; x_wconf 90' lang='lat' dir='ltr'><strong>petierit</strong></span> <span class='ocrx_word' id='word_1_257' title='bbox 3065 948 3395 1019; x_wconf 87' lang='lat' dir='ltr'><strong>Petraccius,</strong></span> <span class='ocrx_word' id='word_1_258' title='bbox 3444 962 3502 1009; x_wconf 86' lang='lat' dir='ltr'><strong>et</strong></span> <span class='ocrx_word' id='word_1_259' title='bbox 3530 969 3683 1012; x_wconf 88' lang='lat' dir='ltr'><strong>sacra</strong></span> 
     </span>
    </p>
   </div>
   <div class='ocr_carea' id='block_1_40' title="bbox 2086 1032 3683 1108">
    <p class='ocr_par' dir='ltr' id='par_1_40' title="bbox 2086 1032 3683 1108">
     <span class='ocr_line' id='line_1_40' title="bbox 2086 1032 3683 1108; baseline 0.013 -23"><span class='ocrx_word' id='word_1_260' title='bbox 2086 1032 2317 1088; x_wconf 83' lang='lat' dir='ltr'><strong>Rituum</strong></span> <span class='ocrx_word' id='word_1_261' title='bbox 2342 1034 2705 1106; x_wconf 86' lang='lat' dir='ltr'><strong>Congregatio</strong></span> <span class='ocrx_word' id='word_1_262' title='bbox 2730 1037 3076 1108; x_wconf 88' lang='lat' dir='ltr'><strong>approbarit;</strong></span> <span class='ocrx_word' id='word_1_263' title='bbox 3128 1042 3221 1096; x_wconf 91' lang='lat' dir='ltr'><strong>sed</strong></span> <span class='ocrx_word' id='word_1_264' title='bbox 3254 1042 3517 1103; x_wconf 86' lang='lat' dir='ltr'><strong>habemus</strong></span> <span class='ocrx_word' id='word_1_265' title='bbox 3541 1048 3683 1105; x_wconf 89' lang='lat' dir='ltr'><strong>viam</strong></span> 
     </span>
    </p>
   </div>
   <div class='ocr_carea' id='block_1_41' title="bbox 2083 1126 3683 1203">
    <p class='ocr_par' dir='ltr' id='par_1_41' title="bbox 2083 1126 3683 1203">
     <span class='ocr_line' id='line_1_41' title="bbox 2083 1126 3683 1203; baseline 0.012 -24"><span class='ocrx_word' id='word_1_266' title='bbox 2083 1126 2397 1196; x_wconf 86' lang='lat' dir='ltr'><strong>expeditam</strong></span> <span class='ocrx_word' id='word_1_267' title='bbox 2438 1136 2494 1183; x_wconf 92' lang='lat' dir='ltr'><strong>et</strong></span> <span class='ocrx_word' id='word_1_268' title='bbox 2519 1130 2870 1186; x_wconf 89' lang='lat' dir='ltr'><strong>commodam</strong></span> <span class='ocrx_word' id='word_1_269' title='bbox 2892 1132 2961 1187; x_wconf 93' lang='lat' dir='ltr'><strong>ad</strong></span> <span class='ocrx_word' id='word_1_270' title='bbox 2993 1134 3343 1203; x_wconf 84' lang='lat' dir='ltr'><strong>explicandas</strong></span> <span class='ocrx_word' id='word_1_271' title='bbox 3366 1139 3683 1199; x_wconf 86' lang='lat' dir='ltr'><strong>innumeras</strong></span> 
     </span>
    </p>
   </div>
   <div class='ocr_carea' id='block_1_42' title="bbox 2080 1218 3681 1303">
    <p class='ocr_par' dir='ltr' id='par_1_42' title="bbox 2080 1218 3681 1303">
     <span class='ocr_line' id='line_1_42' title="bbox 2080 1218 3681 1303; baseline 0.011 -30"><span class='ocrx_word' id='word_1_272' title='bbox 2080 1218 2258 1287; x_wconf 88' lang='lat' dir='ltr'><strong>tricas,</strong></span> <span class='ocrx_word' id='word_1_273' title='bbox 2307 1221 2465 1276; x_wconf 89' lang='lat' dir='ltr'><strong>nobis</strong></span> <span class='ocrx_word' id='word_1_274' title='bbox 2494 1222 2739 1294; x_wconf 87' lang='lat' dir='ltr'><strong>objectas</strong></span> <span class='ocrx_word' id='word_1_275' title='bbox 2769 1226 2965 1295; x_wconf 72' lang='lat' dir='ltr'><strong>saepius</strong></span> <span class='ocrx_word' id='word_1_276' title='bbox 2998 1228 3307 1299; x_wconf 64' lang='lat' dir='ltr'><strong>saepiusque</strong></span> <span class='ocrx_word' id='word_1_277' title='bbox 3352 1231 3681 1303; x_wconf 83' lang='lat' dir='ltr'><strong>objiciendas</strong></span> 
     </span>
    </p>
   </div>
   <div class='ocr_carea' id='block_1_43' title="bbox 2079 1311 3677 1387">
    <p class='ocr_par' dir='ltr' id='par_1_43' title="bbox 2079 1311 3677 1387">
     <span class='ocr_line' id='line_1_43' title="bbox 2079 1311 3677 1387; baseline 0.011 -22"><span class='ocrx_word' id='word_1_278' title='bbox 2079 1311 2236 1367; x_wconf 88' lang='lat' dir='ltr'><strong>abiis</strong></span> <span class='ocrx_word' id='word_1_279' title='bbox 2274 1314 2366 1385; x_wconf 90' lang='lat' dir='ltr'><strong>qui</strong></span> <span class='ocrx_word' id='word_1_280' title='bbox 2393 1315 2579 1370; x_wconf 89' lang='lat' dir='ltr'><strong>dolent</strong></span> <span class='ocrx_word' id='word_1_281' title='bbox 2628 1316 2796 1387; x_wconf 90' lang='lat' dir='ltr'><strong>quod,</strong></span> <span class='ocrx_word' id='word_1_282' title='bbox 2834 1318 3162 1376; x_wconf 64' lang='lat' dir='ltr'><strong>inharentes</strong></span> <span class='ocrx_word' id='word_1_283' title='bbox 3187 1325 3554 1381; x_wconf 90' lang='lat' dir='ltr'><strong>communiori</strong></span> <span class='ocrx_word' id='word_1_284' title='bbox 3582 1343 3677 1382; x_wconf 79' lang='lat' dir='ltr'><strong>vo-</strong></span> 
     </span>
    </p>
   </div>
   <div class='ocr_carea' id='block_1_44' title="bbox 2077 1408 3679 1484">
    <p class='ocr_par' dir='ltr' id='par_1_44' title="bbox 2077 1408 3679 1484">
     <span class='ocr_line' id='line_1_44' title="bbox 2077 1408 3679 1484; baseline 0.009 -23"><span class='ocrx_word' id='word_1_285' title='bbox 2077 1422 2200 1462; x_wconf 92' lang='lat' dir='ltr'><strong>cum</strong></span> <span class='ocrx_word' id='word_1_286' title='bbox 2233 1408 2289 1462; x_wconf 92' lang='lat' dir='ltr'><strong>in</strong></span> <span class='ocrx_word' id='word_1_287' title='bbox 2338 1409 2500 1481; x_wconf 87' lang='lat' dir='ltr'><strong>vulgo</strong></span> <span class='ocrx_word' id='word_1_288' title='bbox 2550 1419 2931 1482; x_wconf 90' lang='lat' dir='ltr'><strong>usurpatarum</strong></span> <span class='ocrx_word' id='word_1_289' title='bbox 2968 1416 3293 1484; x_wconf 89' lang='lat' dir='ltr'><strong>acceptioni,</strong></span> <span class='ocrx_word' id='word_1_290' title='bbox 3348 1433 3440 1472; x_wconf 91' lang='lat' dir='ltr'><strong>eos</strong></span> <span class='ocrx_word' id='word_1_291' title='bbox 3483 1435 3679 1476; x_wconf 88' lang='lat' dir='ltr'><strong>omnes</strong></span> 
     </span>
    </p>
   </div>
   <div class='ocr_carea' id='block_1_45' title="bbox 2077 1500 3679 1584">
    <p class='ocr_par' dir='ltr' id='par_1_45' title="bbox 2077 1500 3679 1584">
     <span class='ocr_line' id='line_1_45' title="bbox 2077 1500 3679 1584; baseline 0.01 -30"><span class='ocrx_word' id='word_1_292' title='bbox 2077 1500 2305 1557; x_wconf 91' lang='lat' dir='ltr'><strong>Sanctos</strong></span> <span class='ocrx_word' id='word_1_293' title='bbox 2332 1518 2445 1557; x_wconf 93' lang='lat' dir='ltr'><strong>non</strong></span> <span class='ocrx_word' id='word_1_294' title='bbox 2472 1502 2821 1575; x_wconf 89' lang='lat' dir='ltr'><strong>proferamus</strong></span> <span class='ocrx_word' id='word_1_295' title='bbox 2849 1506 2950 1561; x_wconf 90' lang='lat' dir='ltr'><strong>sub</strong></span> <span class='ocrx_word' id='word_1_296' title='bbox 2976 1507 3140 1563; x_wconf 89' lang='lat' dir='ltr'><strong>titulo</strong></span> <span class='ocrx_word' id='word_1_297' title='bbox 3166 1510 3247 1563; x_wconf 90' lang='lat' dir='ltr'><strong>sui</strong></span> <span class='ocrx_word' id='word_1_298' title='bbox 3279 1510 3517 1580; x_wconf 87' lang='lat' dir='ltr'><strong>Ordinis,</strong></span> <span class='ocrx_word' id='word_1_299' title='bbox 3542 1529 3679 1584; x_wconf 85' lang='lat' dir='ltr'><strong>quos</strong></span> 
     </span>
    </p>
   </div>
   <div class='ocr_carea' id='block_1_46' title="bbox 2077 1594 3681 1677">
    <p class='ocr_par' dir='ltr' id='par_1_46' title="bbox 2077 1594 3681 1677">
     <span class='ocr_line' id='line_1_46' title="bbox 2077 1594 3681 1677; baseline 0.009 -29"><span class='ocrx_word' id='word_1_300' title='bbox 2077 1594 2153 1648; x_wconf 92' lang='lat' dir='ltr'><strong>illi</strong></span> <span class='ocrx_word' id='word_1_301' title='bbox 2185 1610 2534 1668; x_wconf 91' lang='lat' dir='ltr'><strong>quacumque</strong></span> <span class='ocrx_word' id='word_1_302' title='bbox 2556 1598 2768 1653; x_wconf 89' lang='lat' dir='ltr'><strong>ratione</strong></span> <span class='ocrx_word' id='word_1_303' title='bbox 2816 1598 3212 1657; x_wconf 88' lang='lat' dir='ltr'><strong>adscribendos</strong></span> <span class='ocrx_word' id='word_1_304' title='bbox 3236 1602 3479 1673; x_wconf 91' lang='lat' dir='ltr'><strong>ipsorum</strong></span> <span class='ocrx_word' id='word_1_305' title='bbox 3506 1607 3681 1677; x_wconf 83' lang='lat' dir='ltr'><strong>majo-</strong></span> 
     </span>
    </p>
   </div>
   <div class='ocr_carea' id='block_1_47' title="bbox 2076 1689 3672 1768">
    <p class='ocr_par' dir='ltr' id='par_1_47' title="bbox 2076 1689 3672 1768">
     <span class='ocr_line' id='line_1_47' title="bbox 2076 1689 3672 1768; baseline 0.008 -26"><span class='ocrx_word' id='word_1_306' title='bbox 2076 1702 2164 1743; x_wconf 89' lang='lat' dir='ltr'><strong>res</strong></span> <span class='ocrx_word' id='word_1_307' title='bbox 2191 1689 2634 1758; x_wconf 67' lang='lat' dir='ltr'><strong>aestimaverunt;</strong></span> <span class='ocrx_word' id='word_1_308' title='bbox 2691 1707 2936 1763; x_wconf 91' lang='lat' dir='ltr'><strong>quosque</strong></span> <span class='ocrx_word' id='word_1_309' title='bbox 2969 1693 3021 1747; x_wconf 93' lang='lat' dir='ltr'><strong>in</strong></span> <span class='ocrx_word' id='word_1_310' title='bbox 3059 1695 3290 1766; x_wconf 91' lang='lat' dir='ltr'><strong>propriis</strong></span> <span class='ocrx_word' id='word_1_311' title='bbox 3329 1696 3521 1768; x_wconf 88' lang='lat' dir='ltr'><strong>cuique</strong></span> <span class='ocrx_word' id='word_1_312' title='bbox 3566 1700 3672 1755; x_wconf 84' lang='lat' dir='ltr'><strong>0r-</strong></span> 
     </span>
    </p>
   </div>
   <div class='ocr_carea' id='block_1_48' title="bbox 2078 1781 3674 1862">
    <p class='ocr_par' dir='ltr' id='par_1_48' title="bbox 2078 1781 3674 1862">
     <span class='ocr_line' id='line_1_48' title="bbox 2078 1781 3674 1862; baseline 0.007 -25"><span class='ocrx_word' id='word_1_313' title='bbox 2078 1781 2192 1837; x_wconf 92' lang='lat' dir='ltr'><strong>dini</strong></span> <span class='ocrx_word' id='word_1_314' title='bbox 2249 1782 2459 1838; x_wconf 82' lang='lat' dir='ltr'><strong>Ofﬁciis</strong></span> <span class='ocrx_word' id='word_1_315' title='bbox 2522 1784 2769 1854; x_wconf 89' lang='lat' dir='ltr'><strong>privatim</strong></span> <span class='ocrx_word' id='word_1_316' title='bbox 2814 1786 2895 1840; x_wconf 92' lang='lat' dir='ltr'><strong>sic</strong></span> <span class='ocrx_word' id='word_1_317' title='bbox 2940 1785 3126 1853; x_wconf 89' lang='lat' dir='ltr'><strong>tribui,</strong></span> <span class='ocrx_word' id='word_1_318' title='bbox 3186 1788 3431 1859; x_wconf 87' lang='lat' dir='ltr'><strong>indulget</strong></span> <span class='ocrx_word' id='word_1_319' title='bbox 3490 1792 3674 1862; x_wconf 80' lang='lat' dir='ltr'><strong>potius</strong></span> 
     </span>
    </p>
   </div>
   <div class='ocr_carea' id='block_1_49' title="bbox 2072 1875 3673 1953">
    <p class='ocr_par' dir='ltr' id='par_1_49' title="bbox 2072 1875 3673 1953">
     <span class='ocr_line' id='line_1_49' title="bbox 2072 1875 3673 1953; baseline 0.006 -22"><span class='ocrx_word' id='word_1_320' title='bbox 2072 1890 2239 1946; x_wconf 90' lang='lat' dir='ltr'><strong>quam</strong></span> <span class='ocrx_word' id='word_1_321' title='bbox 2271 1875 2497 1931; x_wconf 86' lang='lat' dir='ltr'><strong>mandat</strong></span> <span class='ocrx_word' id='word_1_322' title='bbox 2522 1877 2775 1933; x_wconf 82' lang='lat' dir='ltr'><strong>Ecclesia.</strong></span> <span class='ocrx_word' id='word_1_323' title='bbox 2806 1878 2861 1933; x_wconf 87' lang='lat' dir='ltr'><strong>Si</strong></span> <span class='ocrx_word' id='word_1_324' title='bbox 2885 1878 3014 1951; x_wconf 93' lang='lat' dir='ltr'><strong>quid</strong></span> <span class='ocrx_word' id='word_1_325' title='bbox 3036 1888 3219 1936; x_wconf 85' lang='lat' dir='ltr'><strong>autem</strong></span> <span class='ocrx_word' id='word_1_326' title='bbox 3248 1896 3425 1953; x_wconf 87' lang='lat' dir='ltr'><strong>neque</strong></span> <span class='ocrx_word' id='word_1_327' title='bbox 3453 1884 3673 1941; x_wconf 82' lang='lat' dir='ltr'><strong>amicia-</strong></span> 
     </span>
    </p>
   </div>
   <div class='ocr_carea' id='block_1_50' title="bbox 2072 1969 3670 2043">
    <p class='ocr_par' dir='ltr' id='par_1_50' title="bbox 2072 1969 3670 2043">
     <span class='ocr_line' id='line_1_50' title="bbox 2072 1969 3670 2043; baseline 0.006 -19"><span class='ocrx_word' id='word_1_328' title='bbox 2072 1969 2245 2025; x_wconf 91' lang='lat' dir='ltr'><strong>simu</strong></span> <span class='ocrx_word' id='word_1_329' title='bbox 2274 1970 2434 2025; x_wconf 90' lang='lat' dir='ltr'><strong>nobis</strong></span> <span class='ocrx_word' id='word_1_330' title='bbox 2462 1971 2789 2039; x_wconf 89' lang='lat' dir='ltr'><strong>Petraccius,</strong></span> <span class='ocrx_word' id='word_1_331' title='bbox 2844 1988 3018 2043; x_wconf 90' lang='lat' dir='ltr'><strong>neque</strong></span> <span class='ocrx_word' id='word_1_332' title='bbox 3062 1973 3505 2031; x_wconf 88' lang='lat' dir='ltr'><strong>Vallumbrosani</strong></span> <span class='ocrx_word' id='word_1_333' title='bbox 3548 1979 3670 2034; x_wconf 81' lang='lat' dir='ltr'><strong>M6-</strong></span> 
     </span>
    </p>
   </div>
   <div class='ocr_carea' id='block_1_51' title="bbox 2068 2061 3672 2136">
    <p class='ocr_par' dir='ltr' id='par_1_51' title="bbox 2068 2061 3672 2136">
     <span class='ocr_line' id='line_1_51' title="bbox 2068 2061 3672 2136; baseline 0.007 -20"><span class='ocrx_word' id='word_1_334' title='bbox 2068 2061 2252 2132; x_wconf 90' lang='lat' dir='ltr'><strong>nachi,</strong></span> <span class='ocrx_word' id='word_1_335' title='bbox 2302 2079 2539 2133; x_wconf 92' lang='lat' dir='ltr'><strong>quorum</strong></span> <span class='ocrx_word' id='word_1_336' title='bbox 2609 2063 2849 2136; x_wconf 91' lang='lat' dir='ltr'><strong>hospitio</strong></span> <span class='ocrx_word' id='word_1_337' title='bbox 2901 2065 3108 2122; x_wconf 84' lang='lat' dir='ltr'><strong>liberali</strong></span> <span class='ocrx_word' id='word_1_338' title='bbox 3177 2083 3279 2123; x_wconf 89' lang='lat' dir='ltr'><strong>nos</strong></span> <span class='ocrx_word' id='word_1_339' title='bbox 3331 2067 3485 2124; x_wconf 90' lang='lat' dir='ltr'><strong>illum</strong></span> <span class='ocrx_word' id='word_1_340' title='bbox 3540 2086 3672 2127; x_wconf 87' lang='lat' dir='ltr'><strong>usos</strong></span> 
     </span>
    </p>
   </div>
   <div class='ocr_carea' id='block_1_52' title="bbox 2066 2155 3670 2233">
    <p class='ocr_par' dir='ltr' id='par_1_52' title="bbox 2066 2155 3670 2233">
     <span class='ocr_line' id='line_1_52' title="bbox 2066 2155 3670 2233; baseline 0.005 -22"><span class='ocrx_word' id='word_1_341' title='bbox 2066 2155 2439 2227; x_wconf 90' lang='lat' dir='ltr'><strong>charitateque</strong></span> <span class='ocrx_word' id='word_1_342' title='bbox 2483 2157 2717 2213; x_wconf 91' lang='lat' dir='ltr'><strong>mirabili</strong></span> <span class='ocrx_word' id='word_1_343' title='bbox 2748 2158 2966 2229; x_wconf 88' lang='lat' dir='ltr'><strong>adjutos</strong></span> <span class='ocrx_word' id='word_1_344' title='bbox 3014 2168 3290 2231; x_wconf 87' lang='lat' dir='ltr'><strong>gratanter</strong></span> <span class='ocrx_word' id='word_1_345' title='bbox 3332 2162 3670 2233; x_wconf 87' lang='lat' dir='ltr'><strong>monuimus,</strong></span> 
     </span>
    </p>
   </div>
   <div class='ocr_carea' id='block_1_53' title="bbox 2067 2250 3668 2324">
    <p class='ocr_par' dir='ltr' id='par_1_53' title="bbox 2067 2250 3668 2324">
     <span class='ocr_line' id='line_1_53' title="bbox 2067 2250 3668 2324; baseline 0.006 -21"><span class='ocrx_word' id='word_1_346' title='bbox 2067 2265 2178 2305; x_wconf 91' lang='lat' dir='ltr'><strong>non</strong></span> <span class='ocrx_word' id='word_1_347' title='bbox 2204 2250 2609 2307; x_wconf 90' lang='lat' dir='ltr'><strong>succensebunt</strong></span> <span class='ocrx_word' id='word_1_348' title='bbox 2638 2250 2775 2306; x_wconf 91' lang='lat' dir='ltr'><strong>mihi</strong></span> <span class='ocrx_word' id='word_1_349' title='bbox 2806 2252 2930 2324; x_wconf 91' lang='lat' dir='ltr'><strong>quia</strong></span> <span class='ocrx_word' id='word_1_350' title='bbox 2972 2269 3125 2308; x_wconf 92' lang='lat' dir='ltr'><strong>suam</strong></span> <span class='ocrx_word' id='word_1_351' title='bbox 3166 2263 3409 2309; x_wconf 89' lang='lat' dir='ltr'><strong>mentem</strong></span> <span class='ocrx_word' id='word_1_352' title='bbox 3442 2256 3529 2311; x_wconf 92' lang='lat' dir='ltr'><strong>hic</strong></span> <span class='ocrx_word' id='word_1_353' title='bbox 3569 2273 3668 2313; x_wconf 87' lang='lat' dir='ltr'><strong>ex-</strong></span> 
     </span>
    </p>
   </div>
   <div class='ocr_carea' id='block_1_54' title="bbox 2066 2343 3663 2419">
    <p class='ocr_par' dir='ltr' id='par_1_54' title="bbox 2066 2343 3663 2419">
     <span class='ocr_line' id='line_1_54' title="bbox 2066 2343 3663 2419; baseline 0.006 -23"><span class='ocrx_word' id='word_1_354' title='bbox 2066 2344 2222 2413; x_wconf 92' lang='lat' dir='ltr'><strong>plicui</strong></span> <span class='ocrx_word' id='word_1_355' title='bbox 2255 2343 2369 2399; x_wconf 88' lang='lat' dir='ltr'><strong>:sic</strong></span> <span class='ocrx_word' id='word_1_356' title='bbox 2387 2353 2517 2415; x_wconf 85' lang='lat' dir='ltr'><strong>Opto</strong></span> <span class='ocrx_word' id='word_1_357' title='bbox 2542 2353 2605 2401; x_wconf 89' lang='lat' dir='ltr'><strong>ut</strong></span> <span class='ocrx_word' id='word_1_358' title='bbox 2627 2345 2713 2399; x_wconf 93' lang='lat' dir='ltr'><strong>alii</strong></span> <span class='ocrx_word' id='word_1_359' title='bbox 2738 2345 3071 2418; x_wconf 89' lang='lat' dir='ltr'><strong>quicumque</strong></span> <span class='ocrx_word' id='word_1_360' title='bbox 3124 2347 3387 2419; x_wconf 84' lang='lat' dir='ltr'><strong>Religiosi</strong></span> <span class='ocrx_word' id='word_1_361' title='bbox 3434 2364 3538 2405; x_wconf 88' lang='lat' dir='ltr'><strong>nos</strong></span> <span class='ocrx_word' id='word_1_362' title='bbox 3570 2349 3663 2405; x_wconf 91' lang='lat' dir='ltr'><strong>ha-</strong></span> 
     </span>
    </p>
   </div>
   <div class='ocr_carea' id='block_1_55' title="bbox 2065 2436 3665 2510">
    <p class='ocr_par' dir='ltr' id='par_1_55' title="bbox 2065 2436 3665 2510">
     <span class='ocr_line' id='line_1_55' title="bbox 2065 2436 3665 2510; baseline 0.007 -21"><span class='ocrx_word' id='word_1_363' title='bbox 2065 2436 2225 2491; x_wconf 85' lang='lat' dir='ltr'><strong>beant</strong></span> <span class='ocrx_word' id='word_1_364' title='bbox 2251 2446 2560 2504; x_wconf 86' lang='lat' dir='ltr'><strong>excusatos,</strong></span> <span class='ocrx_word' id='word_1_365' title='bbox 2604 2440 2820 2510; x_wconf 91' lang='lat' dir='ltr'><strong>quoties</strong></span> <span class='ocrx_word' id='word_1_366' title='bbox 2863 2438 3069 2510; x_wconf 82' lang='lat' dir='ltr'><strong>absque</strong></span> <span class='ocrx_word' id='word_1_367' title='bbox 3095 2440 3178 2497; x_wconf 81' lang='lat' dir='ltr'><strong>aui</strong></span> <span class='ocrx_word' id='word_1_368' title='bbox 3218 2440 3446 2497; x_wconf 91' lang='lat' dir='ltr'><strong>Ordinis</strong></span> <span class='ocrx_word' id='word_1_369' title='bbox 3502 2443 3665 2500; x_wconf 92' lang='lat' dir='ltr'><strong>titulo</strong></span> 
     </span>
    </p>
   </div>
   <div class='ocr_carea' id='block_1_56' title="bbox 2060 2529 3664 2606">
    <p class='ocr_par' dir='ltr' id='par_1_56' title="bbox 2060 2529 3664 2606">
     <span class='ocr_line' id='line_1_56' title="bbox 2060 2529 3664 2606; baseline 0.005 -22"><span class='ocrx_word' id='word_1_370' title='bbox 2060 2530 2273 2601; x_wconf 88' lang='lat' dir='ltr'><strong>agimus</strong></span> <span class='ocrx_word' id='word_1_371' title='bbox 2300 2529 2367 2586; x_wconf 89' lang='lat' dir='ltr'><strong>de</strong></span> <span class='ocrx_word' id='word_1_372' title='bbox 2397 2531 2671 2602; x_wconf 89' lang='lat' dir='ltr'><strong>aliquibus</strong></span> <span class='ocrx_word' id='word_1_373' title='bbox 2715 2534 2946 2599; x_wconf 88' lang='lat' dir='ltr'><strong>Sanctis,</strong></span> <span class='ocrx_word' id='word_1_374' title='bbox 2977 2532 3045 2589; x_wconf 92' lang='lat' dir='ltr'><strong>de</strong></span> <span class='ocrx_word' id='word_1_375' title='bbox 3073 2534 3276 2605; x_wconf 88' lang='lat' dir='ltr'><strong>quibus</strong></span> <span class='ocrx_word' id='word_1_376' title='bbox 3322 2534 3444 2606; x_wconf 89' lang='lat' dir='ltr'><strong>ipsi,</strong></span> <span class='ocrx_word' id='word_1_377' title='bbox 3476 2537 3558 2591; x_wconf 84' lang='lat' dir='ltr'><strong>vel</strong></span> <span class='ocrx_word' id='word_1_378' title='bbox 3597 2552 3664 2592; x_wconf 91' lang='lat' dir='ltr'><strong>ex</strong></span> 
     </span>
    </p>
   </div>
   <div class='ocr_carea' id='block_1_57' title="bbox 2058 2622 3661 2699">
    <p class='ocr_par' dir='ltr' id='par_1_57' title="bbox 2058 2622 3661 2699">
     <span class='ocr_line' id='line_1_57' title="bbox 2058 2622 3661 2699; baseline 0.006 -22"><span class='ocrx_word' id='word_1_379' title='bbox 2058 2625 2278 2694; x_wconf 90' lang='lat' dir='ltr'><strong>antiquo</strong></span> <span class='ocrx_word' id='word_1_380' title='bbox 2306 2640 2427 2689; x_wconf 91' lang='lat' dir='ltr'><strong>usu,</strong></span> <span class='ocrx_word' id='word_1_381' title='bbox 2456 2622 2536 2680; x_wconf 87' lang='lat' dir='ltr'><strong>vel</strong></span> <span class='ocrx_word' id='word_1_382' title='bbox 2565 2642 2628 2681; x_wconf 85' lang='lat' dir='ltr'><strong>ex</strong></span> <span class='ocrx_word' id='word_1_383' title='bbox 2668 2627 2956 2681; x_wconf 90' lang='lat' dir='ltr'><strong>recentiori</strong></span> <span class='ocrx_word' id='word_1_384' title='bbox 2988 2627 3441 2699; x_wconf 78' lang='lat' dir='ltr'><strong>Congregationis</strong></span> <span class='ocrx_word' id='word_1_385' title='bbox 3490 2644 3661 2686; x_wconf 65' lang='lat' dir='ltr'><strong>sacrae</strong></span> 
     </span>
    </p>
   </div>
   <div class='ocr_carea' id='block_1_58' title="bbox 2058 2717 3659 2793">
    <p class='ocr_par' dir='ltr' id='par_1_58' title="bbox 2058 2717 3659 2793">
     <span class='ocr_line' id='line_1_58' title="bbox 2058 2717 3659 2793; baseline 0.005 -22"><span class='ocrx_word' id='word_1_386' title='bbox 2058 2717 2291 2785; x_wconf 91' lang='lat' dir='ltr'><strong>indulto,</strong></span> <span class='ocrx_word' id='word_1_387' title='bbox 2332 2718 2589 2774; x_wconf 84' lang='lat' dir='ltr'><strong>Ofﬁcium</strong></span> <span class='ocrx_word' id='word_1_388' title='bbox 2633 2719 2864 2775; x_wconf 90' lang='lat' dir='ltr'><strong>recitant</strong></span> <span class='ocrx_word' id='word_1_389' title='bbox 2892 2729 3152 2793; x_wconf 90' lang='lat' dir='ltr'><strong>tanquam</strong></span> <span class='ocrx_word' id='word_1_390' title='bbox 3180 2722 3249 2776; x_wconf 92' lang='lat' dir='ltr'><strong>de</strong></span> <span class='ocrx_word' id='word_1_391' title='bbox 3288 2737 3414 2789; x_wconf 87' lang='lat' dir='ltr'><strong>suo,</strong></span> <span class='ocrx_word' id='word_1_392' title='bbox 3440 2722 3659 2793; x_wconf 88' lang='lat' dir='ltr'><strong>quando</strong></span> 
     </span>
    </p>
   </div>
   <div class='ocr_carea' id='block_1_59' title="bbox 2061 2809 3657 2887">
    <p class='ocr_par' dir='ltr' id='par_1_59' title="bbox 2061 2809 3657 2887">
     <span class='ocr_line' id='line_1_59' title="bbox 2061 2809 3657 2887; baseline 0.004 -23"><span class='ocrx_word' id='word_1_393' title='bbox 2061 2809 2249 2865; x_wconf 89' lang='lat' dir='ltr'><strong>titulus</strong></span> <span class='ocrx_word' id='word_1_394' title='bbox 2301 2811 2403 2866; x_wconf 86' lang='lat' dir='ltr'><strong>iste</strong></span> <span class='ocrx_word' id='word_1_395' title='bbox 2432 2811 2591 2867; x_wconf 89' lang='lat' dir='ltr'><strong>nobis</strong></span> <span class='ocrx_word' id='word_1_396' title='bbox 2642 2813 2825 2867; x_wconf 91' lang='lat' dir='ltr'><strong>minus</strong></span> <span class='ocrx_word' id='word_1_397' title='bbox 2859 2821 3041 2868; x_wconf 90' lang='lat' dir='ltr'><strong>certus</strong></span> <span class='ocrx_word' id='word_1_398' title='bbox 3091 2814 3518 2887; x_wconf 87' lang='lat' dir='ltr'><strong>exploratusque</strong></span> <span class='ocrx_word' id='word_1_399' title='bbox 3555 2824 3657 2872; x_wconf 89' lang='lat' dir='ltr'><strong>est.</strong></span> 
     </span>
    </p>
   </div>
   <div class='ocr_carea' id='block_1_60' title="bbox 2057 2903 3657 2978">
    <p class='ocr_par' dir='ltr' id='par_1_60' title="bbox 2057 2903 3657 2978">
     <span class='ocr_line' id='line_1_60' title="bbox 2057 2903 3657 2978; baseline 0.005 -21"><span class='ocrx_word' id='word_1_400' title='bbox 2057 2903 2331 2972; x_wconf 87' lang='lat' dir='ltr'><strong>Quoniam</strong></span> <span class='ocrx_word' id='word_1_401' title='bbox 2358 2919 2486 2959; x_wconf 92' lang='lat' dir='ltr'><strong>vero</strong></span> <span class='ocrx_word' id='word_1_402' title='bbox 2516 2920 2623 2958; x_wconf 91' lang='lat' dir='ltr'><strong>non</strong></span> <span class='ocrx_word' id='word_1_403' title='bbox 2656 2914 2739 2959; x_wconf 92' lang='lat' dir='ltr'><strong>est</strong></span> <span class='ocrx_word' id='word_1_404' title='bbox 2764 2906 2833 2960; x_wconf 93' lang='lat' dir='ltr'><strong>ab</strong></span> <span class='ocrx_word' id='word_1_405' title='bbox 2861 2906 3121 2962; x_wconf 92' lang='lat' dir='ltr'><strong>omnibus</strong></span> <span class='ocrx_word' id='word_1_406' title='bbox 3151 2907 3414 2978; x_wconf 89' lang='lat' dir='ltr'><strong>speranda</strong></span> <span class='ocrx_word' id='word_1_407' title='bbox 3452 2924 3512 2964; x_wconf 89' lang='lat' dir='ltr'><strong>ea</strong></span> <span class='ocrx_word' id='word_1_408' title='bbox 3532 2924 3657 2965; x_wconf 86' lang='lat' dir='ltr'><strong>mo-</strong></span> 
     </span>
    </p>
   </div>
   <div class='ocr_carea' id='block_1_61' title="bbox 2058 2996 3658 3068">
    <p class='ocr_par' dir='ltr' id='par_1_61' title="bbox 2058 2996 3658 3068">
     <span class='ocr_line' id='line_1_61' title="bbox 2058 2996 3658 3068; baseline 0.003 -15"><span class='ocrx_word' id='word_1_409' title='bbox 2058 2996 2264 3053; x_wconf 90' lang='lat' dir='ltr'><strong>deratio</strong></span> <span class='ocrx_word' id='word_1_410' title='bbox 2321 3012 2426 3068; x_wconf 91' lang='lat' dir='ltr'><strong>qua</strong></span> <span class='ocrx_word' id='word_1_411' title='bbox 2479 2997 2966 3054; x_wconf 86' lang='lat' dir='ltr'><strong>Vallumbrosanos</strong></span> <span class='ocrx_word' id='word_1_412' title='bbox 3011 3001 3202 3055; x_wconf 89' lang='lat' dir='ltr'><strong>Patres</strong></span> <span class='ocrx_word' id='word_1_413' title='bbox 3252 3000 3371 3056; x_wconf 70' lang='lat' dir='ltr'><strong>haec</strong></span> <span class='ocrx_word' id='word_1_414' title='bbox 3418 3001 3658 3057; x_wconf 89' lang='lat' dir='ltr'><strong>lecturos</strong></span> 
     </span>
    </p>
   </div>
   <div class='ocr_carea' id='block_1_62' title="bbox 338 3090 3657 3161">
    <p class='ocr_par' dir='ltr' id='par_1_62' title="bbox 338 3090 3657 3161">
     <span class='ocr_line' id='line_1_62' title="bbox 338 3090 3657 3161; baseline 0.001 -14"><span class='ocrx_word' id='word_1_415' title='bbox 338 3114 361 3135; x_wconf 76' lang='grc' dir='ltr'>ι</span> <span class='ocrx_word' id='word_1_416' title='bbox 389 3094 588 3147; x_wconf 88' lang='lat' dir='ltr'><strong>Soana</strong></span> <span class='ocrx_word' id='word_1_417' title='bbox 611 3091 768 3145; x_wconf 66' lang='lat' dir='ltr'><strong>usit-</strong></span> <span class='ocrx_word' id='word_1_418' title='bbox 797 3092 967 3161; x_wconf 90' lang='lat' dir='ltr'><strong>patria</strong></span> <span class='ocrx_word' id='word_1_419' title='bbox 995 3090 1191 3146; x_wconf 86' lang='lat' dir='ltr'><strong>famosi</strong></span> <span class='ocrx_word' id='word_1_420' title='bbox 1224 3090 1480 3146; x_wconf 87' lang='lat' dir='ltr'><strong>monachi</strong></span> <span class='ocrx_word' id='word_1_421' title='bbox 1506 3091 1863 3147; x_wconf 86' lang='lat' dir='ltr'><strong>Hildebrandi</strong></span> <span class='ocrx_word' id='word_1_422' title='bbox 1887 3112 1897 3146; x_wconf 92' lang='lat'><strong>:</strong></span> <span class='ocrx_word' id='word_1_423' title='bbox 1920 3115 1944 3139; x_wconf 78' lang='grc' dir='ltr'><strong>υ</strong></span> <span class='ocrx_word' id='word_1_424' title='bbox 1984 3096 2027 3157; x_wconf 85' lang='lat' dir='ltr'><strong>C</strong></span> <span class='ocrx_word' id='word_1_425' title='bbox 2057 3090 2402 3157; x_wconf 84' lang='lat' dir='ltr'><strong>conﬁdimus,</strong></span> <span class='ocrx_word' id='word_1_426' title='bbox 2459 3091 2749 3147; x_wconf 88' lang='lat' dir='ltr'><strong>conveniet</strong></span> <span class='ocrx_word' id='word_1_427' title='bbox 2803 3100 2865 3147; x_wconf 92' lang='lat' dir='ltr'><strong>ut</strong></span> <span class='ocrx_word' id='word_1_428' title='bbox 2924 3092 3048 3149; x_wconf 89' lang='lat' dir='ltr'><strong>talis</strong></span> <span class='ocrx_word' id='word_1_429' title='bbox 3091 3093 3403 3149; x_wconf 88' lang='lat' dir='ltr'><strong>omissionis</strong></span> <span class='ocrx_word' id='word_1_430' title='bbox 3464 3110 3657 3155; x_wconf 83' lang='lat' dir='ltr'><strong>causas</strong></span> 
     </span>
    </p>
   </div>
   <div class='ocr_carea' id='block_1_63' title="bbox 330 3184 1945 3261">
    <p class='ocr_par' dir='ltr' id='par_1_63' title="bbox 330 3184 1945 3261">
     <span class='ocr_line' id='line_1_63' title="bbox 330 3184 1945 3261; baseline 0.001 -22"><span class='ocrx_word' id='word_1_431' title='bbox 330 3184 488 3240; x_wconf 87' lang='lat' dir='ltr'><strong>addit</strong></span> <span class='ocrx_word' id='word_1_432' title='bbox 506 3193 563 3238; x_wconf 90' lang='lat' dir='ltr'><strong>et</strong></span> <span class='ocrx_word' id='word_1_433' title='bbox 589 3184 939 3239; x_wconf 90' lang='lat' dir='ltr'><strong>traditionem</strong></span> <span class='ocrx_word' id='word_1_434' title='bbox 972 3184 1277 3240; x_wconf 89' lang='lat' dir='ltr'><strong>incolarum</strong></span> <span class='ocrx_word' id='word_1_435' title='bbox 1305 3189 1460 3261; x_wconf 58' lang='lat' dir='ltr'><strong>esset</strong></span> <span class='ocrx_word' id='word_1_436' title='bbox 1488 3201 1618 3241; x_wconf 89' lang='lat' dir='ltr'><strong>nam</strong></span> <span class='ocrx_word' id='word_1_437' title='bbox 1649 3186 1945 3256; x_wconf 90' lang='lat' dir='ltr'><strong>scripturas</strong></span> 
     </span>
    </p>
   </div>
   <div class='ocr_carea' id='block_1_64' title="bbox 328 3278 1942 3349">
    <p class='ocr_par' dir='ltr' id='par_1_64' title="bbox 328 3278 1942 3349">
     <span class='ocr_line' id='line_1_64' title="bbox 328 3278 1942 3349; baseline 0 -16"><span class='ocrx_word' id='word_1_438' title='bbox 328 3278 431 3333; x_wconf 85' lang='lat' dir='ltr'><strong>sub</strong></span> <span class='ocrx_word' id='word_1_439' title='bbox 482 3294 698 3333; x_wconf 89' lang='lat' dir='ltr'><strong>annum</strong></span> <span class='ocrx_word' id='word_1_440' title='bbox 734 3284 887 3334; x_wconf 82' lang='grc'><strong>1550.</strong></span> <span class='ocrx_word' id='word_1_441' title='bbox 935 3278 1187 3333; x_wconf 90' lang='lat' dir='ltr'><strong>incendio</strong></span> <span class='ocrx_word' id='word_1_442' title='bbox 1217 3278 1355 3334; x_wconf 92' lang='lat' dir='ltr'><strong>dicit</strong></span> <span class='ocrx_word' id='word_1_443' title='bbox 1380 3278 1629 3349; x_wconf 92' lang='lat' dir='ltr'><strong>periisse)</strong></span> <span class='ocrx_word' id='word_1_444' title='bbox 1661 3284 1808 3349; x_wconf 90' lang='lat' dir='ltr'><strong>quod</strong></span> <span class='ocrx_word' id='word_1_445' title='bbox 1846 3294 1942 3334; x_wconf 91' lang='lat' dir='ltr'><strong>sua</strong></span> 
     </span>
    </p>
   </div>
   <div class='ocr_carea' id='block_1_65' title="bbox 327 3371 1943 3444">
    <p class='ocr_par' dir='ltr' id='par_1_65' title="bbox 327 3371 1943 3444">
     <span class='ocr_line' id='line_1_65' title="bbox 327 3371 1943 3444; baseline -0.002 -16"><span class='ocrx_word' id='word_1_446' title='bbox 327 3371 634 3442; x_wconf 75' lang='lat' dir='ltr'><strong>praesentia</strong></span> <span class='ocrx_word' id='word_1_447' title='bbox 658 3372 839 3426; x_wconf 90' lang='lat' dir='ltr'><strong>locum</strong></span> <span class='ocrx_word' id='word_1_448' title='bbox 862 3372 1153 3443; x_wconf 90' lang='lat' dir='ltr'><strong>aliquando</strong></span> <span class='ocrx_word' id='word_1_449' title='bbox 1188 3372 1441 3444; x_wconf 90' lang='lat' dir='ltr'><strong>dignatus</strong></span> <span class='ocrx_word' id='word_1_450' title='bbox 1469 3371 1669 3442; x_wconf 91' lang='lat' dir='ltr'><strong>sitipse</strong></span> <span class='ocrx_word' id='word_1_451' title='bbox 1690 3374 1745 3427; x_wconf 95' lang='grc'>8.</span> <span class='ocrx_word' id='word_1_452' title='bbox 1771 3373 1943 3427; x_wconf 89' lang='lat' dir='ltr'><strong>Joan-</strong></span> 
     </span>
    </p>
   </div>
   <div class='ocr_carea' id='block_1_66' title="bbox 328 3463 1940 3522">
    <p class='ocr_par' dir='ltr' id='par_1_66' title="bbox 328 3463 1940 3522">
     <span class='ocr_line' id='line_1_66' title="bbox 328 3463 1940 3522; baseline 0 -3"><span class='ocrx_word' id='word_1_453' title='bbox 328 3482 427 3522; x_wconf 88' lang='lat' dir='ltr'><strong>nes</strong></span> <span class='ocrx_word' id='word_1_454' title='bbox 466 3483 483 3520; x_wconf 89' lang='lat'><strong>:</strong></span> <span class='ocrx_word' id='word_1_455' title='bbox 518 3473 572 3519; x_wconf 86' lang='lat' dir='ltr'><strong>et</strong></span> <span class='ocrx_word' id='word_1_456' title='bbox 599 3464 887 3521; x_wconf 86' lang='lat' dir='ltr'><strong>credemus</strong></span> <span class='ocrx_word' id='word_1_457' title='bbox 922 3465 990 3521; x_wconf 91' lang='lat' dir='ltr'><strong>de</strong></span> <span class='ocrx_word' id='word_1_458' title='bbox 1022 3464 1319 3521; x_wconf 89' lang='lat' dir='ltr'><strong>fundatore</strong></span> <span class='ocrx_word' id='word_1_459' title='bbox 1352 3463 1725 3521; x_wconf 83' lang='lat' dir='ltr'><strong>Hildebrando</strong></span> <span class='ocrx_word' id='word_1_460' title='bbox 1756 3465 1829 3519; x_wconf 93' lang='lat' dir='ltr'><strong>nil</strong></span> <span class='ocrx_word' id='word_1_461' title='bbox 1856 3464 1940 3520; x_wconf 89' lang='lat' dir='ltr'><strong>di-</strong></span> 
     </span>
    </p>
   </div>
   <div class='ocr_carea' id='block_1_67' title="bbox 326 3557 1942 3631">
    <p class='ocr_par' dir='ltr' id='par_1_67' title="bbox 326 3557 1942 3631">
     <span class='ocr_line' id='line_1_67' title="bbox 326 3557 1942 3631; baseline -0.001 -17"><span class='ocrx_word' id='word_1_462' title='bbox 326 3568 566 3615; x_wconf 85' lang='lat' dir='ltr'><strong>cturum</strong></span> <span class='ocrx_word' id='word_1_463' title='bbox 591 3557 778 3624; x_wconf 86' lang='lat' dir='ltr'><strong>fuisse,</strong></span> <span class='ocrx_word' id='word_1_464' title='bbox 803 3560 845 3615; x_wconf 90' lang='lat' dir='ltr'><strong>si</strong></span> <span class='ocrx_word' id='word_1_465' title='bbox 868 3558 948 3614; x_wconf 85' lang='lat' dir='ltr'><strong>vel</strong></span> <span class='ocrx_word' id='word_1_466' title='bbox 971 3561 1186 3615; x_wconf 88' lang='lat' dir='ltr'><strong>eminus</strong></span> <span class='ocrx_word' id='word_1_467' title='bbox 1213 3559 1489 3631; x_wconf 90' lang='lat' dir='ltr'><strong>quidpiam</strong></span> <span class='ocrx_word' id='word_1_468' title='bbox 1524 3558 1942 3615; x_wconf 81' lang='lat' dir='ltr'><strong>subolfecisset?</strong></span> 
     </span>
    </p>
   </div>
   <div class='ocr_carea' id='block_1_68' title="bbox 405 3652 1937 3725">
    <p class='ocr_par' dir='ltr' id='par_1_68' title="bbox 405 3652 1937 3725">
     <span class='ocr_line' id='line_1_68' title="bbox 405 3652 1937 3725; baseline -0.001 -16"><span class='ocrx_word' id='word_1_469' title='bbox 405 3656 503 3709; x_wconf 77' lang='lat'><strong>34.</strong></span> <span class='ocrx_word' id='word_1_470' title='bbox 549 3653 869 3711; x_wconf 88' lang='lat' dir='ltr'><strong>Universim</strong></span> <span class='ocrx_word' id='word_1_471' title='bbox 924 3670 1074 3719; x_wconf 88' lang='lat' dir='ltr'><strong>vero,</strong></span> <span class='ocrx_word' id='word_1_472' title='bbox 1150 3658 1297 3725; x_wconf 88' lang='lat' dir='ltr'><strong>quod</strong></span> <span class='ocrx_word' id='word_1_473' title='bbox 1362 3653 1427 3709; x_wconf 90' lang='lat' dir='ltr'><strong>ad</strong></span> <span class='ocrx_word' id='word_1_474' title='bbox 1467 3652 1791 3725; x_wconf 85' lang='lat' dir='ltr'><strong>Gregorium</strong></span> <span class='ocrx_word' id='word_1_475' title='bbox 1839 3654 1937 3707; x_wconf 87' lang='lat' dir='ltr'><strong>Pa-</strong></span> 
     </span>
    </p>
   </div>
   <div class='ocr_carea' id='block_1_69' title="bbox 333 3744 1934 3817">
    <p class='ocr_par' dir='ltr' id='par_1_69' title="bbox 333 3744 1934 3817">
     <span class='ocr_line' id='line_1_69' title="bbox 333 3744 1934 3817; baseline -0.001 -16"><span class='ocrx_word' id='word_1_476' title='bbox 333 3762 466 3817; x_wconf 89' lang='lat' dir='ltr'><strong>pam</strong></span> <span class='ocrx_word' id='word_1_477' title='bbox 523 3749 649 3802; x_wconf 75' lang='grc' dir='ltr'><strong>νη.</strong></span> <span class='ocrx_word' id='word_1_478' title='bbox 690 3747 1160 3802; x_wconf 88' lang='lat' dir='ltr'><strong>Vallumbrosanis</strong></span> <span class='ocrx_word' id='word_1_479' title='bbox 1208 3746 1417 3803; x_wconf 87' lang='lat' dir='ltr'><strong>Sanctis</strong></span> <span class='ocrx_word' id='word_1_480' title='bbox 1460 3744 1934 3800; x_wconf 81' lang='lat' dir='ltr'><strong>adnumerandam</strong></span> 
     </span>
    </p>
   </div>
   <div class='ocr_carea' id='block_1_70' title="bbox 330 3838 1937 3911">
    <p class='ocr_par' dir='ltr' id='par_1_70' title="bbox 330 3838 1937 3911">
     <span class='ocr_line' id='line_1_70' title="bbox 330 3838 1937 3911; baseline -0.002 -17"><span class='ocrx_word' id='word_1_481' title='bbox 330 3841 557 3904; x_wconf 84' lang='lat' dir='ltr'><strong>attinet,</strong></span> <span class='ocrx_word' id='word_1_482' title='bbox 579 3839 839 3907; x_wconf 58' lang='lat' dir='ltr'><strong>praefatus</strong></span> <span class='ocrx_word' id='word_1_483' title='bbox 868 3840 1105 3896; x_wconf 87' lang='lat' dir='ltr'><strong>Didacus</strong></span> <span class='ocrx_word' id='word_1_484' title='bbox 1128 3840 1219 3895; x_wconf 93' lang='lat' dir='ltr'><strong>lib.</strong></span> <span class='ocrx_word' id='word_1_485' title='bbox 1242 3846 1294 3895; x_wconf 87' lang='lat'><strong>9.</strong></span> <span class='ocrx_word' id='word_1_486' title='bbox 1318 3856 1438 3911; x_wconf 85' lang='lat' dir='ltr'><strong>pag.</strong></span> <span class='ocrx_word' id='word_1_487' title='bbox 1470 3843 1595 3894; x_wconf 79' lang='lat'><strong>293.</strong></span> <span class='ocrx_word' id='word_1_488' title='bbox 1623 3838 1781 3893; x_wconf 93' lang='lat' dir='ltr'><strong>aliam</strong></span> <span class='ocrx_word' id='word_1_489' title='bbox 1812 3853 1937 3893; x_wconf 90' lang='lat' dir='ltr'><strong>cau-</strong></span> 
     </span>
    </p>
   </div>
   <div class='ocr_carea' id='block_1_71' title="bbox 337 3931 1933 4006">
    <p class='ocr_par' dir='ltr' id='par_1_71' title="bbox 337 3931 1933 4006">
     <span class='ocr_line' id='line_1_71' title="bbox 337 3931 1933 4006; baseline -0.001 -19"><span class='ocrx_word' id='word_1_490' title='bbox 337 3948 466 3987; x_wconf 87' lang='lat' dir='ltr'><strong>sam</strong></span> <span class='ocrx_word' id='word_1_491' title='bbox 506 3950 613 3989; x_wconf 89' lang='lat' dir='ltr'><strong>non</strong></span> <span class='ocrx_word' id='word_1_492' title='bbox 641 3935 879 4006; x_wconf 89' lang='lat' dir='ltr'><strong>assignat</strong></span> <span class='ocrx_word' id='word_1_493' title='bbox 908 3949 1076 4004; x_wconf 91' lang='lat' dir='ltr'><strong>quam</strong></span> <span class='ocrx_word' id='word_1_494' title='bbox 1107 3956 1129 3981; x_wconf 85' lang='grc'><strong>‹‹</strong></span> <span class='ocrx_word' id='word_1_495' title='bbox 1180 3932 1423 4004; x_wconf 87' lang='lat' dir='ltr'><strong>obsequii</strong></span> <span class='ocrx_word' id='word_1_496' title='bbox 1475 3940 1529 3987; x_wconf 90' lang='lat' dir='ltr'><strong>et</strong></span> <span class='ocrx_word' id='word_1_497' title='bbox 1565 3931 1933 4004; x_wconf 90' lang='lat' dir='ltr'><strong>gratitudinis,</strong></span> 
     </span>
    </p>
   </div>
   <div class='ocr_carea' id='block_1_72' title="bbox 336 4024 1932 4099">
    <p class='ocr_par' dir='ltr' id='par_1_72' title="bbox 336 4024 1932 4099">
     <span class='ocr_line' id='line_1_72' title="bbox 336 4024 1932 4099; baseline -0.001 -19"><span class='ocrx_word' id='word_1_498' title='bbox 336 4028 470 4099; x_wconf 86' lang='lat' dir='ltr'><strong>quia</strong></span> <span class='ocrx_word' id='word_1_499' title='bbox 502 4029 556 4083; x_wconf 92' lang='lat' dir='ltr'><strong>S.</strong></span> <span class='ocrx_word' id='word_1_500' title='bbox 611 4030 883 4083; x_wconf 88' lang='lat' dir='ltr'><strong>Joannem</strong></span> <span class='ocrx_word' id='word_1_501' title='bbox 936 4026 1300 4083; x_wconf 90' lang='lat' dir='ltr'><strong>Gualbertum</strong></span> <span class='ocrx_word' id='word_1_502' title='bbox 1349 4026 1707 4091; x_wconf 88' lang='lat' dir='ltr'><strong>canonizavit,</strong></span> <span class='ocrx_word' id='word_1_503' title='bbox 1736 4034 1789 4079; x_wconf 93' lang='lat' dir='ltr'><strong>et</strong></span> <span class='ocrx_word' id='word_1_504' title='bbox 1821 4024 1932 4095; x_wconf 90' lang='lat' dir='ltr'><strong>pri-</strong></span> 
     </span>
    </p>
   </div>
   <div class='ocr_carea' id='block_1_73' title="bbox 331 4117 1935 4189">
    <p class='ocr_par' dir='ltr' id='par_1_73' title="bbox 331 4117 1935 4189">
     <span class='ocr_line' id='line_1_73' title="bbox 331 4117 1935 4189; baseline -0.002 -15"><span class='ocrx_word' id='word_1_505' title='bbox 331 4136 498 4174; x_wconf 88' lang='lat' dir='ltr'><strong>mum</strong></span> <span class='ocrx_word' id='word_1_506' title='bbox 533 4121 725 4177; x_wconf 91' lang='lat' dir='ltr'><strong>Ordini</strong></span> <span class='ocrx_word' id='word_1_507' title='bbox 766 4120 1110 4177; x_wconf 90' lang='lat' dir='ltr'><strong>Cardinalem</strong></span> <span class='ocrx_word' id='word_1_508' title='bbox 1139 4117 1293 4174; x_wconf 87' lang='lat' dir='ltr'><strong>dedit</strong></span> <span class='ocrx_word' id='word_1_509' title='bbox 1324 4121 1378 4174; x_wconf 94' lang='lat' dir='ltr'><strong>S.</strong></span> <span class='ocrx_word' id='word_1_510' title='bbox 1412 4121 1634 4173; x_wconf 89' lang='lat' dir='ltr'><strong>Petrum</strong></span> <span class='ocrx_word' id='word_1_511' title='bbox 1666 4121 1890 4189; x_wconf 85' lang='lat' dir='ltr'><strong>Igneum</strong></span> <span class='ocrx_word' id='word_1_512' title='bbox 1922 4135 1935 4171; x_wconf 92' lang='lat'><strong>:</strong></span> 
     </span>
    </p>
   </div>
   <div class='ocr_carea' id='block_1_74' title="bbox 331 4212 1934 4285">
    <p class='ocr_par' dir='ltr' id='par_1_74' title="bbox 331 4212 1934 4285">
     <span class='ocr_line' id='line_1_74' title="bbox 331 4212 1934 4285; baseline -0.002 -15"><span class='ocrx_word' id='word_1_513' title='bbox 331 4214 537 4270; x_wconf 88' lang='lat' dir='ltr'><strong>eodem</strong></span> <span class='ocrx_word' id='word_1_514' title='bbox 569 4214 727 4285; x_wconf 89' lang='lat' dir='ltr'><strong>plane</strong></span> <span class='ocrx_word' id='word_1_515' title='bbox 758 4214 931 4269; x_wconf 89' lang='lat' dir='ltr'><strong>modo</strong></span> <span class='ocrx_word' id='word_1_516' title='bbox 960 4230 1070 4285; x_wconf 90' lang='lat' dir='ltr'><strong>quo</strong></span> <span class='ocrx_word' id='word_1_517' title='bbox 1096 4213 1247 4270; x_wconf 91' lang='lat' dir='ltr'><strong>Ordo</strong></span> <span class='ocrx_word' id='word_1_518' title='bbox 1274 4212 1765 4267; x_wconf 83' lang='lat' dir='ltr'><strong>Vallumbrosanus</strong></span> <span class='ocrx_word' id='word_1_519' title='bbox 1808 4228 1934 4267; x_wconf 90' lang='lat' dir='ltr'><strong>con-</strong></span> 
     </span>
    </p>
   </div>
   <div class='ocr_carea' id='block_1_75' title="bbox 332 4304 1935 4376">
    <p class='ocr_par' dir='ltr' id='par_1_75' title="bbox 332 4304 1935 4376">
     <span class='ocr_line' id='line_1_75' title="bbox 332 4304 1935 4376; baseline -0.003 -12"><span class='ocrx_word' id='word_1_520' title='bbox 332 4316 524 4364; x_wconf 75' lang='lat' dir='ltr'><strong>servat</strong></span> <span class='ocrx_word' id='word_1_521' title='bbox 565 4307 891 4363; x_wconf 86' lang='lat' dir='ltr'><strong>honoratam</strong></span> <span class='ocrx_word' id='word_1_522' title='bbox 940 4307 1265 4363; x_wconf 90' lang='lat' dir='ltr'><strong>memoriam</strong></span> <span class='ocrx_word' id='word_1_523' title='bbox 1324 4306 1557 4361; x_wconf 89' lang='lat' dir='ltr'><strong>Victoris</strong></span> <span class='ocrx_word' id='word_1_524' title='bbox 1586 4307 1741 4376; x_wconf 69' lang='lat' dir='ltr'><strong>Papae</strong></span> <span class='ocrx_word' id='word_1_525' title='bbox 1769 4307 1842 4373; x_wconf 88' lang='lat' dir='ltr'><strong>ll,</strong></span> <span class='ocrx_word' id='word_1_526' title='bbox 1868 4304 1935 4359; x_wconf 89' lang='lat' dir='ltr'><strong>si-</strong></span> 
     </span>
    </p>
   </div>
   <div class='ocr_carea' id='block_1_76' title="bbox 332 4401 1936 4473">
    <p class='ocr_par' dir='ltr' id='par_1_76' title="bbox 332 4401 1936 4473">
     <span class='ocr_line' id='line_1_76' title="bbox 332 4401 1936 4473; baseline -0.002 -18"><span class='ocrx_word' id='word_1_527' title='bbox 332 4402 533 4457; x_wconf 88' lang='lat' dir='ltr'><strong>milem</strong></span> <span class='ocrx_word' id='word_1_528' title='bbox 566 4402 612 4456; x_wconf 90' lang='lat' dir='ltr'><strong>ei</strong></span> <span class='ocrx_word' id='word_1_529' title='bbox 636 4417 802 4473; x_wconf 91' lang='lat' dir='ltr'><strong>quam</strong></span> <span class='ocrx_word' id='word_1_530' title='bbox 848 4401 1045 4457; x_wconf 88' lang='lat' dir='ltr'><strong>retinet</strong></span> <span class='ocrx_word' id='word_1_531' title='bbox 1084 4403 1379 4455; x_wconf 91' lang='lat' dir='ltr'><strong>Beatorum</strong></span> <span class='ocrx_word' id='word_1_532' title='bbox 1400 4414 1658 4464; x_wconf 87' lang='lat' dir='ltr'><strong>suorum;</strong></span> <span class='ocrx_word' id='word_1_533' title='bbox 1696 4414 1806 4453; x_wconf 91' lang='lat' dir='ltr'><strong>non</strong></span> <span class='ocrx_word' id='word_1_534' title='bbox 1837 4414 1936 4469; x_wconf 89' lang='lat' dir='ltr'><strong>pro</strong></span> 
     </span>
    </p>
   </div>
   <div class='ocr_carea' id='block_1_77' title="bbox 2050 3183 3656 3259">
    <p class='ocr_par' dir='ltr' id='par_1_77' title="bbox 2050 3183 3656 3259">
     <span class='ocr_line' id='line_1_77' title="bbox 2050 3183 3656 3259; baseline 0.002 -19"><span class='ocrx_word' id='word_1_535' title='bbox 2050 3183 2288 3240; x_wconf 91' lang='lat' dir='ltr'><strong>subinde</strong></span> <span class='ocrx_word' id='word_1_536' title='bbox 2314 3184 2675 3254; x_wconf 89' lang='lat' dir='ltr'><strong>reticeamus,</strong></span> <span class='ocrx_word' id='word_1_537' title='bbox 2703 3201 2881 3257; x_wconf 89' lang='lat' dir='ltr'><strong>neque</strong></span> <span class='ocrx_word' id='word_1_538' title='bbox 2912 3185 2980 3241; x_wconf 87' lang='lat' dir='ltr'><strong>ad</strong></span> <span class='ocrx_word' id='word_1_539' title='bbox 3023 3202 3115 3243; x_wconf 91' lang='lat' dir='ltr'><strong>eas</strong></span> <span class='ocrx_word' id='word_1_540' title='bbox 3142 3187 3493 3259; x_wconf 88' lang='lat' dir='ltr'><strong>proferendas</strong></span> <span class='ocrx_word' id='word_1_541' title='bbox 3516 3188 3656 3244; x_wconf 88' lang='lat' dir='ltr'><strong>invi-</strong></span> 
     </span>
    </p>
   </div>
   <div class='ocr_carea' id='block_1_78' title="bbox 2048 3279 3653 3353">
    <p class='ocr_par' dir='ltr' id='par_1_78' title="bbox 2048 3279 3653 3353">
     <span class='ocr_line' id='line_1_78' title="bbox 2048 3279 3653 3353; baseline 0.002 -19"><span class='ocrx_word' id='word_1_542' title='bbox 2048 3288 2135 3334; x_wconf 91' lang='lat' dir='ltr'><strong>tos</strong></span> <span class='ocrx_word' id='word_1_543' title='bbox 2164 3279 2291 3334; x_wconf 89' lang='lat' dir='ltr'><strong>velit</strong></span> <span class='ocrx_word' id='word_1_544' title='bbox 2317 3295 2513 3351; x_wconf 89' lang='lat' dir='ltr'><strong>cogere</strong></span> <span class='ocrx_word' id='word_1_545' title='bbox 2532 3279 2824 3350; x_wconf 90' lang='lat' dir='ltr'><strong>quisquam</strong></span> <span class='ocrx_word' id='word_1_546' title='bbox 2853 3298 2863 3328; x_wconf 87' lang='lat'><strong>:</strong></span> <span class='ocrx_word' id='word_1_547' title='bbox 2891 3296 2982 3348; x_wconf 92' lang='lat' dir='ltr'><strong>ne,</strong></span> <span class='ocrx_word' id='word_1_548' title='bbox 3009 3290 3192 3350; x_wconf 89' lang='lat' dir='ltr'><strong>postea</strong></span> <span class='ocrx_word' id='word_1_549' title='bbox 3223 3296 3389 3352; x_wconf 88' lang='lat' dir='ltr'><strong>quam</strong></span> <span class='ocrx_word' id='word_1_550' title='bbox 3418 3297 3512 3338; x_wconf 87' lang='lat' dir='ltr'><strong>eas</strong></span> <span class='ocrx_word' id='word_1_551' title='bbox 3525 3298 3653 3353; x_wconf 89' lang='lat' dir='ltr'><strong>pro-</strong></span> 
     </span>
    </p>
   </div>
   <div class='ocr_carea' id='block_1_79' title="bbox 2050 3373 3655 3442">
    <p class='ocr_par' dir='ltr' id='par_1_79' title="bbox 2050 3373 3655 3442">
     <span class='ocr_line' id='line_1_79' title="bbox 2050 3373 3655 3442; baseline 0.004 -16"><span class='ocrx_word' id='word_1_552' title='bbox 2050 3373 2361 3439; x_wconf 89' lang='lat' dir='ltr'><strong>tulerimus,</strong></span> <span class='ocrx_word' id='word_1_553' title='bbox 2393 3389 2515 3427; x_wconf 94' lang='lat' dir='ltr'><strong>sero</strong></span> <span class='ocrx_word' id='word_1_554' title='bbox 2546 3374 2810 3442; x_wconf 61' lang='lat' dir='ltr'><strong>paeniteat</strong></span> <span class='ocrx_word' id='word_1_555' title='bbox 2844 3373 3279 3442; x_wconf 87' lang='lat' dir='ltr'><strong>importunitatis</strong></span> <span class='ocrx_word' id='word_1_556' title='bbox 3319 3376 3465 3441; x_wconf 77' lang='lat' dir='ltr'><strong>male</strong></span> <span class='ocrx_word' id='word_1_557' title='bbox 3522 3392 3655 3432; x_wconf 91' lang='lat' dir='ltr'><strong>con-</strong></span> 
     </span>
    </p>
   </div>
   <div class='ocr_carea' id='block_1_80' title="bbox 2049 3464 3644 3539">
    <p class='ocr_par' dir='ltr' id='par_1_80' title="bbox 2049 3464 3644 3539">
     <span class='ocr_line' id='line_1_80' title="bbox 2049 3464 3644 3539; baseline 0.003 -20"><span class='ocrx_word' id='word_1_558' title='bbox 2049 3464 2231 3533; x_wconf 78' lang='lat' dir='ltr'><strong>sultae,</strong></span> <span class='ocrx_word' id='word_1_559' title='bbox 2280 3465 2516 3535; x_wconf 90' lang='lat' dir='ltr'><strong>velitque</strong></span> <span class='ocrx_word' id='word_1_560' title='bbox 2578 3481 2703 3519; x_wconf 90' lang='lat' dir='ltr'><strong>eam</strong></span> <span class='ocrx_word' id='word_1_561' title='bbox 2750 3465 3116 3535; x_wconf 64' lang='lat' dir='ltr'><strong>qumstionem</strong></span> <span class='ocrx_word' id='word_1_562' title='bbox 3186 3483 3472 3539; x_wconf 90' lang='lat' dir='ltr'><strong>nunquam</strong></span> <span class='ocrx_word' id='word_1_563' title='bbox 3524 3485 3644 3524; x_wconf 86' lang='lat' dir='ltr'><strong>mo-</strong></span> 
     </span>
    </p>
   </div>
   <div class='ocr_carea' id='block_1_81' title="bbox 2048 3557 3647 3631">
    <p class='ocr_par' dir='ltr' id='par_1_81' title="bbox 2048 3557 3647 3631">
     <span class='ocr_line' id='line_1_81' title="bbox 2048 3557 3647 3631; baseline 0.003 -18"><span class='ocrx_word' id='word_1_564' title='bbox 2048 3566 2162 3613; x_wconf 89' lang='lat' dir='ltr'><strong>tam</strong></span> <span class='ocrx_word' id='word_1_565' title='bbox 2186 3567 2378 3613; x_wconf 91' lang='lat' dir='ltr'><strong>contra</strong></span> <span class='ocrx_word' id='word_1_566' title='bbox 2397 3573 2499 3613; x_wconf 91' lang='lat' dir='ltr'><strong>nos</strong></span> <span class='ocrx_word' id='word_1_567' title='bbox 2523 3557 2707 3613; x_wconf 89' lang='lat' dir='ltr'><strong>fuisse.</strong></span> <span class='ocrx_word' id='word_1_568' title='bbox 2731 3560 2921 3615; x_wconf 92' lang='lat' dir='ltr'><strong>Unum</strong></span> <span class='ocrx_word' id='word_1_569' title='bbox 2944 3557 3274 3624; x_wconf 90' lang='lat' dir='ltr'><strong>addiderim,</strong></span> <span class='ocrx_word' id='word_1_570' title='bbox 3299 3560 3470 3631; x_wconf 90' lang='lat' dir='ltr'><strong>quod,</strong></span> <span class='ocrx_word' id='word_1_571' title='bbox 3500 3561 3647 3617; x_wconf 91' lang='lat' dir='ltr'><strong>hisce</strong></span> 
     </span>
    </p>
   </div>
   <div class='ocr_carea' id='block_1_82' title="bbox 2041 3649 3651 3722">
    <p class='ocr_par' dir='ltr' id='par_1_82' title="bbox 2041 3649 3651 3722">
     <span class='ocr_line' id='line_1_82' title="bbox 2041 3649 3651 3722; baseline 0.002 -16"><span class='ocrx_word' id='word_1_572' title='bbox 2041 3651 2154 3722; x_wconf 89' lang='lat' dir='ltr'><strong>jam</strong></span> <span class='ocrx_word' id='word_1_573' title='bbox 2183 3649 2252 3706; x_wconf 89' lang='lat' dir='ltr'><strong>ad</strong></span> <span class='ocrx_word' id='word_1_574' title='bbox 2272 3652 2500 3721; x_wconf 74' lang='lat' dir='ltr'><strong>praelum</strong></span> <span class='ocrx_word' id='word_1_575' title='bbox 2526 3650 2828 3720; x_wconf 90' lang='lat' dir='ltr'><strong>postulatis,</strong></span> <span class='ocrx_word' id='word_1_576' title='bbox 2852 3652 3065 3707; x_wconf 90' lang='lat' dir='ltr'><strong>venerit</strong></span> <span class='ocrx_word' id='word_1_577' title='bbox 3093 3652 3320 3722; x_wconf 91' lang='lat' dir='ltr'><strong>epistola</strong></span> <span class='ocrx_word' id='word_1_578' title='bbox 3351 3655 3651 3709; x_wconf 88' lang='lat' dir='ltr'><strong>Dom.Pla-</strong></span> 
     </span>
    </p>
   </div>
   <div class='ocr_carea' id='block_1_83' title="bbox 2048 3745 3644 3818">
    <p class='ocr_par' dir='ltr' id='par_1_83' title="bbox 2048 3745 3644 3818">
     <span class='ocr_line' id='line_1_83' title="bbox 2048 3745 3644 3818; baseline 0.003 -19"><span class='ocrx_word' id='word_1_579' title='bbox 2048 3745 2150 3800; x_wconf 91' lang='lat' dir='ltr'><strong>cidi</strong></span> <span class='ocrx_word' id='word_1_580' title='bbox 2178 3745 2340 3800; x_wconf 91' lang='lat' dir='ltr'><strong>Poltri</strong></span> <span class='ocrx_word' id='word_1_581' title='bbox 2368 3745 2831 3813; x_wconf 89' lang='lat' dir='ltr'><strong>Vallumbrosani,</strong></span> <span class='ocrx_word' id='word_1_582' title='bbox 2862 3746 3046 3801; x_wconf 90' lang='lat' dir='ltr'><strong>nescio</strong></span> <span class='ocrx_word' id='word_1_583' title='bbox 3072 3745 3199 3817; x_wconf 89' lang='lat' dir='ltr'><strong>quid</strong></span> <span class='ocrx_word' id='word_1_584' title='bbox 3234 3761 3390 3803; x_wconf 53' lang='lat' dir='ltr'><strong>novae,</strong></span> <span class='ocrx_word' id='word_1_585' title='bbox 3447 3748 3644 3818; x_wconf 90' lang='lat' dir='ltr'><strong>proba-</strong></span> 
     </span>
    </p>
   </div>
   <div class='ocr_carea' id='block_1_84' title="bbox 2044 3838 3644 3911">
    <p class='ocr_par' dir='ltr' id='par_1_84' title="bbox 2044 3838 3644 3911">
     <span class='ocr_line' id='line_1_84' title="bbox 2044 3838 3644 3911; baseline 0.003 -18"><span class='ocrx_word' id='word_1_586' title='bbox 2044 3838 2206 3893; x_wconf 88' lang='lat' dir='ltr'><strong>tionis</strong></span> <span class='ocrx_word' id='word_1_587' title='bbox 2231 3838 2515 3908; x_wconf 82' lang='lat' dir='ltr'><strong>pollicens,</strong></span> <span class='ocrx_word' id='word_1_588' title='bbox 2542 3839 2689 3911; x_wconf 90' lang='lat' dir='ltr'><strong>quod</strong></span> <span class='ocrx_word' id='word_1_589' title='bbox 2720 3839 2951 3895; x_wconf 89' lang='lat' dir='ltr'><strong>libenter</strong></span> <span class='ocrx_word' id='word_1_590' title='bbox 2980 3841 3033 3894; x_wconf 91' lang='lat' dir='ltr'><strong>in</strong></span> <span class='ocrx_word' id='word_1_591' title='bbox 3058 3839 3369 3911; x_wconf 85' lang='lat' dir='ltr'><strong>Appendice</strong></span> <span class='ocrx_word' id='word_1_592' title='bbox 3387 3848 3511 3911; x_wconf 88' lang='lat' dir='ltr'><strong>post</strong></span> <span class='ocrx_word' id='word_1_593' title='bbox 3536 3844 3644 3897; x_wconf 82' lang='lat' dir='ltr'><strong>To-</strong></span> 
     </span>
    </p>
   </div>
   <div class='ocr_carea' id='block_1_85' title="bbox 2046 3931 3645 4004">
    <p class='ocr_par' dir='ltr' id='par_1_85' title="bbox 2046 3931 3645 4004">
     <span class='ocr_line' id='line_1_85' title="bbox 2046 3931 3645 4004; baseline 0.003 -18"><span class='ocrx_word' id='word_1_594' title='bbox 2046 3947 2199 3987; x_wconf 92' lang='lat' dir='ltr'><strong>mum</strong></span> <span class='ocrx_word' id='word_1_595' title='bbox 2226 3938 2256 3985; x_wconf 91' lang='lat'><strong>7</strong></span> <span class='ocrx_word' id='word_1_596' title='bbox 2287 3932 2464 3987; x_wconf 89' lang='lat' dir='ltr'><strong>danda</strong></span> <span class='ocrx_word' id='word_1_597' title='bbox 2494 3931 2825 4003; x_wconf 82' lang='lat' dir='ltr'><strong>expendam,</strong></span> <span class='ocrx_word' id='word_1_598' title='bbox 2855 3941 2911 3987; x_wconf 91' lang='lat' dir='ltr'><strong>et</strong></span> <span class='ocrx_word' id='word_1_599' title='bbox 2946 3941 3213 4004; x_wconf 85' lang='lat' dir='ltr'><strong>quatenus</strong></span> <span class='ocrx_word' id='word_1_600' title='bbox 3255 3942 3448 4004; x_wconf 89' lang='lat' dir='ltr'><strong>potero</strong></span> <span class='ocrx_word' id='word_1_601' title='bbox 3480 3935 3645 3990; x_wconf 90' lang='lat' dir='ltr'><strong>etiam</strong></span> 
     </span>
    </p>
   </div>
   <div class='ocr_carea' id='block_1_86' title="bbox 2044 4024 3643 4097">
    <p class='ocr_par' dir='ltr' id='par_1_86' title="bbox 2044 4024 3643 4097">
     <span class='ocr_line' id='line_1_86' title="bbox 2044 4024 3643 4097; baseline 0.003 -18"><span class='ocrx_word' id='word_1_602' title='bbox 2044 4040 2241 4097; x_wconf 90' lang='lat' dir='ltr'><strong>sequar</strong></span> <span class='ocrx_word' id='word_1_603' title='bbox 2290 4045 2302 4080; x_wconf 90' lang='lat'><strong>:</strong></span> <span class='ocrx_word' id='word_1_604' title='bbox 2366 4024 2597 4097; x_wconf 88' lang='lat' dir='ltr'><strong>proinde</strong></span> <span class='ocrx_word' id='word_1_605' title='bbox 2636 4026 2779 4081; x_wconf 88' lang='lat' dir='ltr'><strong>dicta</strong></span> <span class='ocrx_word' id='word_1_606' title='bbox 2830 4025 3099 4082; x_wconf 89' lang='lat' dir='ltr'><strong>hactenus</strong></span> <span class='ocrx_word' id='word_1_607' title='bbox 3147 4026 3486 4097; x_wconf 89' lang='lat' dir='ltr'><strong>accipiantur</strong></span> <span class='ocrx_word' id='word_1_608' title='bbox 3512 4029 3643 4083; x_wconf 87' lang='lat' dir='ltr'><strong>citra</strong></span> 
     </span>
    </p>
   </div>
   <div class='ocr_carea' id='block_1_87' title="bbox 2044 4117 3644 4190">
    <p class='ocr_par' dir='ltr' id='par_1_87' title="bbox 2044 4117 3644 4190">
     <span class='ocr_line' id='line_1_87' title="bbox 2044 4117 3644 4190; baseline 0.003 -18"><span class='ocrx_word' id='word_1_609' title='bbox 2044 4117 2414 4190; x_wconf 69' lang='lat' dir='ltr'><strong>praajudicium</strong></span> <span class='ocrx_word' id='word_1_610' title='bbox 2482 4118 2791 4185; x_wconf 81' lang='lat' dir='ltr'><strong>sententiae,</strong></span> <span class='ocrx_word' id='word_1_611' title='bbox 2863 4118 3159 4190; x_wconf 89' lang='lat' dir='ltr'><strong>aliquando</strong></span> <span class='ocrx_word' id='word_1_612' title='bbox 3233 4118 3373 4175; x_wconf 89' lang='lat' dir='ltr'><strong>forte</strong></span> <span class='ocrx_word' id='word_1_613' title='bbox 3448 4121 3644 4177; x_wconf 86' lang='lat' dir='ltr'><strong>melius</strong></span> 
     </span>
    </p>
   </div>
   <div class='ocr_carea' id='block_1_88' title="bbox 2042 4210 3429 4284">
    <p class='ocr_par' dir='ltr' id='par_1_88' title="bbox 2042 4210 3429 4284">
     <span class='ocr_line' id='line_1_88' title="bbox 2042 4210 3429 4284; baseline 0.001 -19"><span class='ocrx_word' id='word_1_614' title='bbox 2042 4228 2205 4283; x_wconf 88' lang='lat' dir='ltr'><strong>quam</strong></span> <span class='ocrx_word' id='word_1_615' title='bbox 2247 4227 2394 4268; x_wconf 90' lang='lat' dir='ltr'><strong>nunc</strong></span> <span class='ocrx_word' id='word_1_616' title='bbox 2418 4226 2593 4282; x_wconf 87' lang='lat' dir='ltr'><strong>usque</strong></span> <span class='ocrx_word' id='word_1_617' title='bbox 2618 4211 2687 4266; x_wconf 90' lang='lat' dir='ltr'><strong>sit</strong></span> <span class='ocrx_word' id='word_1_618' title='bbox 2716 4210 2942 4279; x_wconf 86' lang='lat' dir='ltr'><strong>factum,</strong></span> <span class='ocrx_word' id='word_1_619' title='bbox 2982 4212 3429 4284; x_wconf 63' lang='lat' dir='ltr'><strong>comprobanda.</strong></span> 
     </span>
    </p>
   </div>
   <div class='ocr_carea' id='block_1_89' title="bbox 2044 4319 3643 4389">
    <p class='ocr_par' dir='ltr' id='par_1_89' title="bbox 2044 4319 3643 4389">
     <span class='ocr_line' id='line_1_89' title="bbox 2044 4319 3643 4389; baseline 0.001 -16"><span class='ocrx_word' id='word_1_620' title='bbox 2044 4320 2075 4384; x_wconf 83' lang='lat'>§</span> <span class='ocrx_word' id='word_1_621' title='bbox 2122 4320 2187 4373; x_wconf 91' lang='lat' dir='ltr'><strong>V.</strong></span> <span class='ocrx_word' id='word_1_622' title='bbox 2240 4319 2476 4373; x_wconf 85' lang='lat' dir='ltr'><strong>Stemma</strong></span> <span class='ocrx_word' id='word_1_623' title='bbox 2522 4320 2708 4375; x_wconf 75' lang='lat' dir='ltr'><strong>Sancti</strong></span> <span class='ocrx_word' id='word_1_624' title='bbox 2759 4320 3186 4387; x_wconf 78' lang='lat' dir='ltr'><strong>genealogicum,</strong></span> <span class='ocrx_word' id='word_1_625' title='bbox 3228 4319 3449 4389; x_wconf 81' lang='lat' dir='ltr'><strong>ejusque</strong></span> <span class='ocrx_word' id='word_1_626' title='bbox 3497 4320 3643 4374; x_wconf 73' lang='lat' dir='ltr'><strong>ordi-</strong></span> 
     </span>
    </p>
   </div>
   <div class='ocr_carea' id='block_1_90' title="bbox 2571 4392 3117 4460">
    <p class='ocr_par' dir='ltr' id='par_1_90' title="bbox 2571 4392 3117 4460">
     <span class='ocr_line' id='line_1_90' title="bbox 2571 4392 3117 4460; baseline 0.005 -17"><span class='ocrx_word' id='word_1_627' title='bbox 2571 4392 2718 4444; x_wconf 75' lang='lat' dir='ltr'><strong>natio</strong></span> <span class='ocrx_word' id='word_1_628' title='bbox 2762 4392 3117 4460; x_wconf 78' lang='lat' dir='ltr'><strong>Episcopalis.</strong></span> 
     </span>
    </p>
   </div>
   <div class='ocr_carea' id='block_1_91' title="bbox 328 4482 3641 4566">
    <p class='ocr_par' dir='ltr' id='par_1_91' title="bbox 328 4482 3641 4566">
     <span class='ocr_line' id='line_1_91' title="bbox 328 4482 3641 4566; baseline 0 -15"><span class='ocrx_word' id='word_1_629' title='bbox 328 4496 488 4551; x_wconf 86' lang='lat' dir='ltr'><strong>cultu</strong></span> <span class='ocrx_word' id='word_1_630' title='bbox 546 4494 865 4561; x_wconf 86' lang='lat' dir='ltr'><strong>sanctitatis,</strong></span> <span class='ocrx_word' id='word_1_631' title='bbox 908 4494 1004 4550; x_wconf 90' lang='lat' dir='ltr'><strong>sed</strong></span> <span class='ocrx_word' id='word_1_632' title='bbox 1062 4510 1191 4566; x_wconf 62' lang='lat' dir='ltr'><strong>pro,</strong></span> <span class='ocrx_word' id='word_1_633' title='bbox 1222 4493 1486 4564; x_wconf 88' lang='lat' dir='ltr'><strong>obsequio</strong></span> <span class='ocrx_word' id='word_1_634' title='bbox 1554 4491 1929 4564; x_wconf 89' lang='lat' dir='ltr'><strong>gratitudinis;</strong></span> <span class='ocrx_word' id='word_1_635' title='bbox 1963 4482 2010 4542; x_wconf 88' lang='lat' dir='ltr'><strong>D</strong></span> <span class='ocrx_word' id='word_1_636' title='bbox 2113 4496 2201 4546; x_wconf 84' lang='lat'><strong>35.</strong></span> <span class='ocrx_word' id='word_1_637' title='bbox 2228 4491 2507 4562; x_wconf 89' lang='lat' dir='ltr'><strong>Superiori</strong></span> <span class='ocrx_word' id='word_1_638' title='bbox 2535 4492 2885 4564; x_wconf 87' lang='lat' dir='ltr'><strong>Paragrapho</strong></span> <span class='ocrx_word' id='word_1_639' title='bbox 2928 4508 3075 4565; x_wconf 62' lang='lat' dir='ltr'><strong>sape</strong></span> <span class='ocrx_word' id='word_1_640' title='bbox 3121 4492 3257 4548; x_wconf 91' lang='lat' dir='ltr'><strong>mihi</strong></span> <span class='ocrx_word' id='word_1_641' title='bbox 3298 4502 3641 4551; x_wconf 90' lang='lat' dir='ltr'><strong>memoratus</strong></span> 
     </span>
    </p>
   </div>
   <div class='ocr_carea' id='block_1_92' title="bbox 326 4584 1929 4661">
    <p class='ocr_par' dir='ltr' id='par_1_92' title="bbox 326 4584 1929 4661">
     <span class='ocr_line' id='line_1_92' title="bbox 326 4584 1929 4661; baseline -0.002 -18"><span class='ocrx_word' id='word_1_642' title='bbox 326 4597 622 4661; x_wconf 85' lang='lat' dir='ltr'><strong>propterea</strong></span> <span class='ocrx_word' id='word_1_643' title='bbox 648 4587 798 4660; x_wconf 91' lang='lat' dir='ltr'><strong>quod</strong></span> <span class='ocrx_word' id='word_1_644' title='bbox 843 4588 1052 4659; x_wconf 91' lang='lat' dir='ltr'><strong>primus</strong></span> <span class='ocrx_word' id='word_1_645' title='bbox 1081 4587 1167 4641; x_wconf 91' lang='lat' dir='ltr'><strong>ille</strong></span> <span class='ocrx_word' id='word_1_646' title='bbox 1196 4586 1360 4641; x_wconf 89' lang='lat' dir='ltr'><strong>fuerit</strong></span> <span class='ocrx_word' id='word_1_647' title='bbox 1388 4586 1479 4656; x_wconf 90' lang='lat' dir='ltr'><strong>qui</strong></span> <span class='ocrx_word' id='word_1_648' title='bbox 1506 4584 1720 4640; x_wconf 90' lang='lat' dir='ltr'><strong>noviter</strong></span> <span class='ocrx_word' id='word_1_649' title='bbox 1745 4592 1929 4640; x_wconf 87' lang='lat' dir='ltr'><strong>natam</strong></span> 
     </span>
    </p>
   </div>
   <div class='ocr_carea' id='block_1_93' title="bbox 325 4678 1925 4755">
    <p class='ocr_par' dir='ltr' id='par_1_93' title="bbox 325 4678 1925 4755">
     <span class='ocr_line' id='line_1_93' title="bbox 325 4678 1925 4755; baseline -0.003 -16"><span class='ocrx_word' id='word_1_650' title='bbox 325 4682 826 4755; x_wconf 84' lang='lat' dir='ltr'><strong>Congregationem</strong></span> <span class='ocrx_word' id='word_1_651' title='bbox 868 4681 1193 4753; x_wconf 80' lang='lat' dir='ltr'><strong>Apostolicis</strong></span> <span class='ocrx_word' id='word_1_652' title='bbox 1224 4680 1515 4751; x_wconf 87' lang='lat' dir='ltr'><strong>Privilegiis</strong></span> <span class='ocrx_word' id='word_1_653' title='bbox 1542 4678 1925 4734; x_wconf 88' lang='lat' dir='ltr'><strong>communivit.</strong></span> 
     </span>
    </p>
   </div>
   <div class='ocr_carea' id='block_1_94' title="bbox 322 4772 1927 4847">
    <p class='ocr_par' dir='ltr' id='par_1_94' title="bbox 322 4772 1927 4847">
     <span class='ocr_line' id='line_1_94' title="bbox 322 4772 1927 4847; baseline -0.004 -14"><span class='ocrx_word' id='word_1_654' title='bbox 322 4776 439 4833; x_wconf 87' lang='lat' dir='ltr'><strong>Sed</strong></span> <span class='ocrx_word' id='word_1_655' title='bbox 468 4775 606 4831; x_wconf 90' lang='lat' dir='ltr'><strong>hanc</strong></span> <span class='ocrx_word' id='word_1_656' title='bbox 642 4776 810 4847; x_wconf 91' lang='lat' dir='ltr'><strong>piam,</strong></span> <span class='ocrx_word' id='word_1_657' title='bbox 837 4774 1011 4846; x_wconf 89' lang='lat' dir='ltr'><strong>inquit</strong></span> <span class='ocrx_word' id='word_1_658' title='bbox 1039 4775 1148 4839; x_wconf 93' lang='lat' dir='ltr'><strong>ille,</strong></span> <span class='ocrx_word' id='word_1_659' title='bbox 1179 4783 1233 4829; x_wconf 90' lang='lat' dir='ltr'><strong>et</strong></span> <span class='ocrx_word' id='word_1_660' title='bbox 1252 4774 1538 4829; x_wconf 89' lang='lat' dir='ltr'><strong>honestam</strong></span> <span class='ocrx_word' id='word_1_661' title='bbox 1576 4772 1927 4829; x_wconf 88' lang='lat' dir='ltr'><strong>consuetudi-</strong></span> 
     </span>
    </p>
   </div>
   <div class='ocr_carea' id='block_1_95' title="bbox 319 4866 1932 4941">
    <p class='ocr_par' dir='ltr' id='par_1_95' title="bbox 319 4866 1932 4941">
     <span class='ocr_line' id='line_1_95' title="bbox 319 4866 1932 4941; baseline -0.003 -16"><span class='ocrx_word' id='word_1_662' title='bbox 319 4886 457 4925; x_wconf 88' lang='lat' dir='ltr'><strong>nem</strong></span> <span class='ocrx_word' id='word_1_663' title='bbox 506 4885 620 4924; x_wconf 88' lang='lat' dir='ltr'><strong>nou</strong></span> <span class='ocrx_word' id='word_1_664' title='bbox 643 4869 775 4925; x_wconf 90' lang='lat' dir='ltr'><strong>satis</strong></span> <span class='ocrx_word' id='word_1_665' title='bbox 801 4868 1076 4941; x_wconf 90' lang='lat' dir='ltr'><strong>cognitam</strong></span> <span class='ocrx_word' id='word_1_666' title='bbox 1137 4868 1401 4924; x_wconf 85' lang='lat' dir='ltr'><strong>habentes</strong></span> <span class='ocrx_word' id='word_1_667' title='bbox 1425 4875 1811 4921; x_wconf 84' lang='lat' dir='ltr'><strong>extraneorum</strong></span> <span class='ocrx_word' id='word_1_668' title='bbox 1836 4866 1932 4920; x_wconf 89' lang='lat' dir='ltr'><strong>ali-</strong></span> 
     </span>
    </p>
   </div>
   <div class='ocr_carea' id='block_1_96' title="bbox 318 4961 1928 5033">
    <p class='ocr_par' dir='ltr' id='par_1_96' title="bbox 318 4961 1928 5033">
     <span class='ocr_line' id='line_1_96' title="bbox 318 4961 1928 5033; baseline -0.002 -14"><span class='ocrx_word' id='word_1_669' title='bbox 318 4963 446 5033; x_wconf 90' lang='lat' dir='ltr'><strong>qui,</strong></span> <span class='ocrx_word' id='word_1_670' title='bbox 480 4962 613 5018; x_wconf 87' lang='lat' dir='ltr'><strong>vitio</strong></span> <span class='ocrx_word' id='word_1_671' title='bbox 647 4962 806 5018; x_wconf 91' lang='lat' dir='ltr'><strong>nobis</strong></span> <span class='ocrx_word' id='word_1_672' title='bbox 834 4962 1240 5018; x_wconf 90' lang='lat' dir='ltr'><strong>inconsiderate</strong></span> <span class='ocrx_word' id='word_1_673' title='bbox 1273 4968 1519 5025; x_wconf 82' lang='lat' dir='ltr'><strong>vertunt;</strong></span> <span class='ocrx_word' id='word_1_674' title='bbox 1568 4961 1928 5015; x_wconf 82' lang='lat' dir='ltr'><strong>attribuentes</strong></span> 
     </span>
    </p>
   </div>
   <div class='ocr_carea' id='block_1_97' title="bbox 319 5052 1925 5128">
    <p class='ocr_par' dir='ltr' id='par_1_97' title="bbox 319 5052 1925 5128">
     <span class='ocr_line' id='line_1_97' title="bbox 319 5052 1925 5128; baseline -0.002 -16"><span class='ocrx_word' id='word_1_675' title='bbox 319 5057 505 5128; x_wconf 87' lang='lat' dir='ltr'><strong>ipsam</strong></span> <span class='ocrx_word' id='word_1_676' title='bbox 533 5056 810 5112; x_wconf 90' lang='lat' dir='ltr'><strong>desiderio</strong></span> <span class='ocrx_word' id='word_1_677' title='bbox 848 5055 1150 5112; x_wconf 91' lang='lat' dir='ltr'><strong>immodico</strong></span> <span class='ocrx_word' id='word_1_678' title='bbox 1207 5052 1446 5125; x_wconf 86' lang='lat' dir='ltr'><strong>augendi</strong></span> <span class='ocrx_word' id='word_1_679' title='bbox 1474 5069 1768 5109; x_wconf 88' lang='lat' dir='ltr'><strong>numerum</strong></span> <span class='ocrx_word' id='word_1_680' title='bbox 1798 5054 1925 5108; x_wconf 91' lang='lat' dir='ltr'><strong>illu-</strong></span> 
     </span>
    </p>
   </div>
   <div class='ocr_carea' id='block_1_98' title="bbox 319 5146 1927 5222">
    <p class='ocr_par' dir='ltr' id='par_1_98' title="bbox 319 5146 1927 5222">
     <span class='ocr_line' id='line_1_98' title="bbox 319 5146 1927 5222; baseline -0.001 -17"><span class='ocrx_word' id='word_1_681' title='bbox 319 5150 523 5205; x_wconf 90' lang='lat' dir='ltr'><strong>strium</strong></span> <span class='ocrx_word' id='word_1_682' title='bbox 562 5150 707 5222; x_wconf 89' lang='lat' dir='ltr'><strong>apud</strong></span> <span class='ocrx_word' id='word_1_683' title='bbox 755 5165 858 5205; x_wconf 90' lang='lat' dir='ltr'><strong>nos</strong></span> <span class='ocrx_word' id='word_1_684' title='bbox 901 5164 1283 5222; x_wconf 88' lang='lat' dir='ltr'><strong>personarum.</strong></span> <span class='ocrx_word' id='word_1_685' title='bbox 1339 5171 1363 5197; x_wconf 75' lang='grc' dir='ltr'><strong>ι</strong></span> <span class='ocrx_word' id='word_1_686' title='bbox 1424 5150 1570 5202; x_wconf 89' lang='lat' dir='ltr'><strong>Bene</strong></span> <span class='ocrx_word' id='word_1_687' title='bbox 1613 5148 1683 5202; x_wconf 92' lang='lat' dir='ltr'><strong>sit</strong></span> <span class='ocrx_word' id='word_1_688' title='bbox 1712 5146 1927 5203; x_wconf 64' lang='lat' dir='ltr'><strong>animae</strong></span> 
     </span>
    </p>
   </div>
   <div class='ocr_carea' id='block_1_99' title="bbox 324 5239 1925 5315">
    <p class='ocr_par' dir='ltr' id='par_1_99' title="bbox 324 5239 1925 5315">
     <span class='ocr_line' id='line_1_99' title="bbox 324 5239 1925 5315; baseline -0.002 -16"><span class='ocrx_word' id='word_1_689' title='bbox 324 5244 638 5315; x_wconf 87' lang='lat' dir='ltr'><strong>Scriptoris,</strong></span> <span class='ocrx_word' id='word_1_690' title='bbox 667 5243 1037 5300; x_wconf 89' lang='lat' dir='ltr'><strong>candidissimi</strong></span> <span class='ocrx_word' id='word_1_691' title='bbox 1066 5242 1230 5297; x_wconf 91' lang='lat' dir='ltr'><strong>simul</strong></span> <span class='ocrx_word' id='word_1_692' title='bbox 1278 5249 1334 5297; x_wconf 91' lang='lat' dir='ltr'><strong>et</strong></span> <span class='ocrx_word' id='word_1_693' title='bbox 1375 5240 1777 5308; x_wconf 89' lang='lat' dir='ltr'><strong>discretissimi;</strong></span> <span class='ocrx_word' id='word_1_694' title='bbox 1830 5239 1925 5312; x_wconf 91' lang='lat' dir='ltr'><strong>qui</strong></span> 
     </span>
    </p>
   </div>
   <div class='ocr_carea' id='block_1_100' title="bbox 329 5334 1924 5412">
    <p class='ocr_par' dir='ltr' id='par_1_100' title="bbox 329 5334 1924 5412">
     <span class='ocr_line' id='line_1_100' title="bbox 329 5334 1924 5412; baseline -0.001 -21"><span class='ocrx_word' id='word_1_695' title='bbox 329 5337 460 5392; x_wconf 83' lang='lat' dir='ltr'><strong>citra</strong></span> <span class='ocrx_word' id='word_1_696' title='bbox 502 5337 880 5412; x_wconf 66' lang='lat' dir='ltr'><strong>praeiudicium</strong></span> <span class='ocrx_word' id='word_1_697' title='bbox 915 5336 1181 5405; x_wconf 75' lang='lat' dir='ltr'><strong>veritatis;</strong></span> <span class='ocrx_word' id='word_1_698' title='bbox 1218 5335 1379 5390; x_wconf 87' lang='lat' dir='ltr'><strong>scivit</strong></span> <span class='ocrx_word' id='word_1_699' title='bbox 1409 5344 1649 5390; x_wconf 91' lang='lat' dir='ltr'><strong>mentem</strong></span> <span class='ocrx_word' id='word_1_700' title='bbox 1680 5334 1924 5402; x_wconf 88' lang='lat' dir='ltr'><strong>Ordinis,</strong></span> 
     </span>
    </p>
   </div>
   <div class='ocr_carea' id='block_1_101' title="bbox 334 5426 1918 5503">
    <p class='ocr_par' dir='ltr' id='par_1_101' title="bbox 334 5426 1918 5503">
     <span class='ocr_line' id='line_1_101' title="bbox 334 5426 1918 5503; baseline -0.003 -17"><span class='ocrx_word' id='word_1_701' title='bbox 334 5430 659 5503; x_wconf 86' lang='lat' dir='ltr'><strong>Gregorium</strong></span> <span class='ocrx_word' id='word_1_702' title='bbox 692 5440 748 5489; x_wconf 90' lang='lat' dir='ltr'><strong>et</strong></span> <span class='ocrx_word' id='word_1_703' title='bbox 778 5431 1061 5486; x_wconf 86' lang='lat' dir='ltr'><strong>Victorem</strong></span> <span class='ocrx_word' id='word_1_704' title='bbox 1102 5429 1418 5502; x_wconf 86' lang='lat' dir='ltr'><strong>appellantis</strong></span> <span class='ocrx_word' id='word_1_705' title='bbox 1446 5444 1597 5496; x_wconf 90' lang='lat' dir='ltr'><strong>suos,</strong></span> <span class='ocrx_word' id='word_1_706' title='bbox 1639 5427 1719 5483; x_wconf 92' lang='lat' dir='ltr'><strong>sic</strong></span> <span class='ocrx_word' id='word_1_707' title='bbox 1747 5426 1918 5500; x_wconf 85' lang='lat' dir='ltr'><strong>expli-</strong></span> 
     </span>
    </p>
   </div>
   <div class='ocr_carea' id='block_1_102' title="bbox 325 5521 1922 5595">
    <p class='ocr_par' dir='ltr' id='par_1_102' title="bbox 325 5521 1922 5595">
     <span class='ocr_line' id='line_1_102' title="bbox 325 5521 1922 5595; baseline -0.002 -16"><span class='ocrx_word' id='word_1_708' title='bbox 325 5539 469 5594; x_wconf 81' lang='lat' dir='ltr'><strong>care,</strong></span> <span class='ocrx_word' id='word_1_709' title='bbox 486 5534 546 5581; x_wconf 88' lang='lat' dir='ltr'><strong>ut</strong></span> <span class='ocrx_word' id='word_1_710' title='bbox 569 5542 690 5583; x_wconf 90' lang='lat' dir='ltr'><strong>eam</strong></span> <span class='ocrx_word' id='word_1_711' title='bbox 710 5541 812 5581; x_wconf 90' lang='lat' dir='ltr'><strong>nec</strong></span> <span class='ocrx_word' id='word_1_712' title='bbox 830 5525 1063 5581; x_wconf 87' lang='lat' dir='ltr'><strong>ulterius</strong></span> <span class='ocrx_word' id='word_1_713' title='bbox 1083 5522 1300 5579; x_wconf 84' lang='lat' dir='ltr'><strong>extendi</strong></span> <span class='ocrx_word' id='word_1_714' title='bbox 1325 5538 1420 5595; x_wconf 91' lang='lat' dir='ltr'><strong>per</strong></span> <span class='ocrx_word' id='word_1_715' title='bbox 1444 5521 1803 5595; x_wconf 89' lang='lat' dir='ltr'><strong>ignorantiam</strong></span> <span class='ocrx_word' id='word_1_716' title='bbox 1831 5537 1922 5592; x_wconf 90' lang='lat' dir='ltr'><strong>pa-</strong></span> 
     </span>
    </p>
   </div>
   <div class='ocr_carea' id='block_1_103' title="bbox 322 5612 1919 5690">
    <p class='ocr_par' dir='ltr' id='par_1_103' title="bbox 322 5612 1919 5690">
     <span class='ocr_line' id='line_1_103' title="bbox 322 5612 1919 5690; baseline -0.001 -19"><span class='ocrx_word' id='word_1_717' title='bbox 322 5612 508 5685; x_wconf 79' lang='lat' dir='ltr'><strong>tiatur,</strong></span> <span class='ocrx_word' id='word_1_718' title='bbox 542 5635 640 5675; x_wconf 88' lang='lat' dir='ltr'><strong>nec</strong></span> <span class='ocrx_word' id='word_1_719' title='bbox 665 5618 781 5673; x_wconf 87' lang='lat' dir='ltr'><strong>aliis</strong></span> <span class='ocrx_word' id='word_1_720' title='bbox 802 5618 1196 5690; x_wconf 89' lang='lat' dir='ltr'><strong>obligationem</strong></span> <span class='ocrx_word' id='word_1_721' title='bbox 1222 5616 1450 5672; x_wconf 90' lang='lat' dir='ltr'><strong>inducat</strong></span> <span class='ocrx_word' id='word_1_722' title='bbox 1481 5615 1919 5670; x_wconf 86' lang='lat' dir='ltr'><strong>Vallumbrosanl</strong></span> 
     </span>
    </p>
   </div>
   <div class='ocr_carea' id='block_1_104' title="bbox 320 5708 1919 5783">
    <p class='ocr_par' dir='ltr' id='par_1_104' title="bbox 320 5708 1919 5783">
     <span class='ocr_line' id='line_1_104' title="bbox 320 5708 1919 5783; baseline -0.002 -17"><span class='ocrx_word' id='word_1_723' title='bbox 320 5712 548 5767; x_wconf 86' lang='lat' dir='ltr'><strong>Ordinis</strong></span> <span class='ocrx_word' id='word_1_724' title='bbox 576 5711 799 5767; x_wconf 86' lang='lat' dir='ltr'><strong>titulum</strong></span> <span class='ocrx_word' id='word_1_725' title='bbox 838 5709 1173 5767; x_wconf 85' lang='lat' dir='ltr'><strong>attribuendi</strong></span> <span class='ocrx_word' id='word_1_726' title='bbox 1204 5711 1265 5765; x_wconf 92' lang='lat' dir='ltr'><strong>iis</strong></span> <span class='ocrx_word' id='word_1_727' title='bbox 1286 5726 1443 5783; x_wconf 92' lang='lat' dir='ltr'><strong>quos,</strong></span> <span class='ocrx_word' id='word_1_728' title='bbox 1472 5708 1599 5782; x_wconf 88' lang='lat' dir='ltr'><strong>quia</strong></span> <span class='ocrx_word' id='word_1_729' title='bbox 1640 5716 1919 5765; x_wconf 66' lang='lat' dir='ltr'><strong>consuetae</strong></span> 
     </span>
    </p>
   </div>
   <div class='ocr_carea' id='block_1_105' title="bbox 316 5801 1913 5877">
    <p class='ocr_par' dir='ltr' id='par_1_105' title="bbox 316 5801 1913 5877">
     <span class='ocr_line' id='line_1_105' title="bbox 316 5801 1913 5877; baseline -0.004 -14"><span class='ocrx_word' id='word_1_730' title='bbox 316 5804 679 5863; x_wconf 76' lang='lat' dir='ltr'><strong>Professionis</strong></span> <span class='ocrx_word' id='word_1_731' title='bbox 701 5802 924 5862; x_wconf 87' lang='lat' dir='ltr'><strong>vinculo</strong></span> <span class='ocrx_word' id='word_1_732' title='bbox 942 5803 1041 5877; x_wconf 77' lang='lat' dir='ltr'><strong>ipsi</strong></span> <span class='ocrx_word' id='word_1_733' title='bbox 1070 5819 1185 5861; x_wconf 86' lang='lat' dir='ltr'><strong>non</strong></span> <span class='ocrx_word' id='word_1_734' title='bbox 1209 5802 1374 5862; x_wconf 83' lang='lat' dir='ltr'><strong>fuisse</strong></span> <span class='ocrx_word' id='word_1_735' title='bbox 1392 5802 1683 5862; x_wconf 86' lang='lat' dir='ltr'><strong>adstrictos</strong></span> <span class='ocrx_word' id='word_1_736' title='bbox 1707 5801 1913 5869; x_wconf 83' lang='lat' dir='ltr'><strong>sciunt,</strong></span> 
     </span>
    </p>
   </div>
   <div class='ocr_carea' id='block_1_106' title="bbox 2041 4568 3745 4667">
    <p class='ocr_par' dir='ltr' id='par_1_106' title="bbox 2041 4568 3745 4667">
     <span class='ocr_line' id='line_1_106' title="bbox 2041 4568 3745 4667; baseline 0.002 -28"><span class='ocrx_word' id='word_1_737' title='bbox 2041 4568 2420 4639; x_wconf 87' lang='lat' dir='ltr'><strong>Reverendiss.</strong></span> <span class='ocrx_word' id='word_1_738' title='bbox 2449 4585 2634 4641; x_wconf 83' lang='lat' dir='ltr'><strong>Abbas</strong></span> <span class='ocrx_word' id='word_1_739' title='bbox 2660 4586 2986 4651; x_wconf 91' lang='lat' dir='ltr'><strong>Petraccius,</strong></span> <span class='ocrx_word' id='word_1_740' title='bbox 3018 4585 3088 4641; x_wconf 88' lang='lat' dir='ltr'><strong>de</strong></span> <span class='ocrx_word' id='word_1_741' title='bbox 3111 4602 3213 4641; x_wconf 94' lang='lat' dir='ltr'><strong>suo</strong></span> <span class='ocrx_word' id='word_1_742' title='bbox 3239 4585 3448 4644; x_wconf 91' lang='lat' dir='ltr'><strong>Ordine</strong></span> <span class='ocrx_word' id='word_1_743' title='bbox 3476 4587 3635 4643; x_wconf 89' lang='lat' dir='ltr'><strong>simul</strong></span> <span class='ocrx_word' id='word_1_744' title='bbox 3738 4664 3745 4667; x_wconf 86' lang='lat'>_</span> 
     </span>
    </p>
   </div>
   <div class='ocr_carea' id='block_1_107' title="bbox 2037 4679 3637 4753">
    <p class='ocr_par' dir='ltr' id='par_1_107' title="bbox 2037 4679 3637 4753">
     <span class='ocr_line' id='line_1_107' title="bbox 2037 4679 3637 4753; baseline 0.003 -20"><span class='ocrx_word' id='word_1_745' title='bbox 2037 4694 2101 4734; x_wconf 88' lang='lat' dir='ltr'><strong>ac</strong></span> <span class='ocrx_word' id='word_1_746' title='bbox 2126 4681 2183 4734; x_wconf 90' lang='lat' dir='ltr'><strong>S.</strong></span> <span class='ocrx_word' id='word_1_747' title='bbox 2214 4679 2483 4749; x_wconf 87' lang='lat' dir='ltr'><strong>Gregorio</strong></span> <span class='ocrx_word' id='word_1_748' title='bbox 2507 4695 2617 4733; x_wconf 89' lang='lat' dir='ltr'><strong>non</strong></span> <span class='ocrx_word' id='word_1_749' title='bbox 2645 4680 2823 4734; x_wconf 92' lang='lat' dir='ltr'><strong>solum</strong></span> <span class='ocrx_word' id='word_1_750' title='bbox 2847 4679 3043 4735; x_wconf 88' lang='lat' dir='ltr'><strong>mereri</strong></span> <span class='ocrx_word' id='word_1_751' title='bbox 3070 4679 3211 4735; x_wconf 91' lang='lat' dir='ltr'><strong>bene</strong></span> <span class='ocrx_word' id='word_1_752' title='bbox 3234 4681 3463 4748; x_wconf 88' lang='lat' dir='ltr'><strong>studuit,</strong></span> <span class='ocrx_word' id='word_1_753' title='bbox 3490 4681 3637 4753; x_wconf 87' lang='lat' dir='ltr'><strong>quod</strong></span> 
     </span>
    </p>
   </div>
   <div class='ocr_carea' id='block_1_108' title="bbox 2033 4771 3636 4847">
    <p class='ocr_par' dir='ltr' id='par_1_108' title="bbox 2033 4771 3636 4847">
     <span class='ocr_line' id='line_1_108' title="bbox 2033 4771 3636 4847; baseline 0.005 -23"><span class='ocrx_word' id='word_1_754' title='bbox 2033 4771 2297 4842; x_wconf 88' lang='lat' dir='ltr'><strong>explicato</strong></span> <span class='ocrx_word' id='word_1_755' title='bbox 2320 4772 2438 4843; x_wconf 89' lang='lat' dir='ltr'><strong>jam</strong></span> <span class='ocrx_word' id='word_1_756' title='bbox 2463 4788 2623 4827; x_wconf 90' lang='lat' dir='ltr'><strong>sensu</strong></span> <span class='ocrx_word' id='word_1_757' title='bbox 2652 4772 2833 4843; x_wconf 90' lang='lat' dir='ltr'><strong>ipsum</strong></span> <span class='ocrx_word' id='word_1_758' title='bbox 2860 4773 2990 4828; x_wconf 92' lang='lat' dir='ltr'><strong>huic</strong></span> <span class='ocrx_word' id='word_1_759' title='bbox 3018 4772 3323 4829; x_wconf 88' lang='lat' dir='ltr'><strong>innexuerit</strong></span> <span class='ocrx_word' id='word_1_760' title='bbox 3359 4791 3456 4847; x_wconf 86' lang='lat' dir='ltr'><strong>per</strong></span> <span class='ocrx_word' id='word_1_761' title='bbox 3478 4774 3636 4831; x_wconf 87' lang='lat' dir='ltr'><strong>addi-</strong></span> 
     </span>
    </p>
   </div>
   <div class='ocr_carea' id='block_1_109' title="bbox 2034 4864 3633 4939">
    <p class='ocr_par' dir='ltr' id='par_1_109' title="bbox 2034 4864 3633 4939">
     <span class='ocr_line' id='line_1_109' title="bbox 2034 4864 3633 4939; baseline 0.004 -20"><span class='ocrx_word' id='word_1_762' title='bbox 2034 4865 2210 4920; x_wconf 89' lang='lat' dir='ltr'><strong>tiones</strong></span> <span class='ocrx_word' id='word_1_763' title='bbox 2236 4864 2402 4919; x_wconf 90' lang='lat' dir='ltr'><strong>factas</strong></span> <span class='ocrx_word' id='word_1_764' title='bbox 2428 4866 2494 4920; x_wconf 91' lang='lat' dir='ltr'><strong>ad</strong></span> <span class='ocrx_word' id='word_1_765' title='bbox 2522 4869 2790 4922; x_wconf 69' lang='lat' dir='ltr'><strong>Romanm</strong></span> <span class='ocrx_word' id='word_1_766' title='bbox 2821 4867 3079 4923; x_wconf 64' lang='lat' dir='ltr'><strong>Ecclesia:</strong></span> <span class='ocrx_word' id='word_1_767' title='bbox 3125 4868 3411 4939; x_wconf 88' lang='lat' dir='ltr'><strong>Martyrol.</strong></span> <span class='ocrx_word' id='word_1_768' title='bbox 3442 4876 3496 4923; x_wconf 89' lang='lat' dir='ltr'><strong>et</strong></span> <span class='ocrx_word' id='word_1_769' title='bbox 3520 4884 3633 4925; x_wconf 64' lang='lat' dir='ltr'><strong>suae</strong></span> 
     </span>
    </p>
   </div>
   <div class='ocr_carea' id='block_1_110' title="bbox 2034 4959 3634 5031">
    <p class='ocr_par' dir='ltr' id='par_1_110' title="bbox 2034 4959 3634 5031">
     <span class='ocr_line' id='line_1_110' title="bbox 2034 4959 3634 5031; baseline 0.002 -16"><span class='ocrx_word' id='word_1_770' title='bbox 2034 4959 2356 5031; x_wconf 89' lang='lat' dir='ltr'><strong>Congregat.</strong></span> <span class='ocrx_word' id='word_1_771' title='bbox 2382 4960 2625 5014; x_wconf 92' lang='lat' dir='ltr'><strong>Breviar.</strong></span> <span class='ocrx_word' id='word_1_772' title='bbox 2658 4959 2878 5016; x_wconf 85' lang='lat' dir='ltr'><strong>favente</strong></span> <span class='ocrx_word' id='word_1_773' title='bbox 2907 4959 3007 5015; x_wconf 92' lang='lat' dir='ltr'><strong>sibi</strong></span> <span class='ocrx_word' id='word_1_774' title='bbox 3038 4960 3095 5015; x_wconf 90' lang='lat' dir='ltr'><strong>in</strong></span> <span class='ocrx_word' id='word_1_775' title='bbox 3139 4960 3221 5016; x_wconf 89' lang='lat' dir='ltr'><strong>his</strong></span> <span class='ocrx_word' id='word_1_776' title='bbox 3251 4961 3535 5028; x_wconf 88' lang='lat' dir='ltr'><strong>omnibus,</strong></span> <span class='ocrx_word' id='word_1_777' title='bbox 3577 4970 3634 5018; x_wconf 86' lang='lat' dir='ltr'><strong>et</strong></span> 
     </span>
    </p>
   </div>
   <div class='ocr_carea' id='block_1_111' title="bbox 2032 5051 3628 5125">
    <p class='ocr_par' dir='ltr' id='par_1_111' title="bbox 2032 5051 3628 5125">
     <span class='ocr_line' id='line_1_111' title="bbox 2032 5051 3628 5125; baseline 0.002 -18"><span class='ocrx_word' id='word_1_778' title='bbox 2032 5051 2379 5108; x_wconf 82' lang='lat' dir='ltr'><strong>difficultates</strong></span> <span class='ocrx_word' id='word_1_779' title='bbox 2443 5068 2671 5125; x_wconf 89' lang='lat' dir='ltr'><strong>magnas</strong></span> <span class='ocrx_word' id='word_1_780' title='bbox 2740 5069 2998 5125; x_wconf 90' lang='lat' dir='ltr'><strong>superare</strong></span> <span class='ocrx_word' id='word_1_781' title='bbox 3070 5053 3298 5109; x_wconf 89' lang='lat' dir='ltr'><strong>faciente</strong></span> <span class='ocrx_word' id='word_1_782' title='bbox 3352 5054 3628 5110; x_wconf 89' lang='lat' dir='ltr'><strong>Cardinali</strong></span> 
     </span>
    </p>
   </div>
   <div class='ocr_carea' id='block_1_112' title="bbox 2035 5128 3631 5219">
    <p class='ocr_par' dir='ltr' id='par_1_112' title="bbox 2035 5128 3631 5219">
     <span class='ocr_line' id='line_1_112' title="bbox 2035 5128 3631 5219; baseline 0.003 -19"><span class='ocrx_word' id='word_1_783' title='bbox 2035 5148 2203 5213; x_wconf 88' lang='lat' dir='ltr'><strong>Bona,</strong></span> <span class='ocrx_word' id='word_1_784' title='bbox 2239 5146 2394 5217; x_wconf 91' lang='lat' dir='ltr'><strong>cujus</strong></span> <span class='ocrx_word' id='word_1_785' title='bbox 2426 5144 2635 5219; x_wconf 90' lang='lat' dir='ltr'><strong>judicio</strong></span> <span class='ocrx_word' id='word_1_786' title='bbox 2686 5162 2802 5201; x_wconf 86' lang='lat' dir='ltr'><strong>rem</strong></span> <span class='ocrx_word' id='word_1_787' title='bbox 2844 5128 3200 5203; x_wconf 61' lang='lat' dir='ltr'><strong>commiserat</strong></span> <span class='ocrx_word' id='word_1_788' title='bbox 3227 5163 3378 5203; x_wconf 90' lang='lat' dir='ltr'><strong>sacra</strong></span> <span class='ocrx_word' id='word_1_789' title='bbox 3400 5148 3631 5204; x_wconf 81' lang='lat' dir='ltr'><strong>Rituum</strong></span> 
     </span>
    </p>
   </div>
   <div class='ocr_carea' id='block_1_113' title="bbox 2030 5239 3633 5313">
    <p class='ocr_par' dir='ltr' id='par_1_113' title="bbox 2030 5239 3633 5313">
     <span class='ocr_line' id='line_1_113' title="bbox 2030 5239 3633 5313; baseline 0.002 -18"><span class='ocrx_word' id='word_1_790' title='bbox 2030 5240 2421 5311; x_wconf 85' lang='lat' dir='ltr'><strong>Congregatio;</strong></span> <span class='ocrx_word' id='word_1_791' title='bbox 2466 5239 2565 5296; x_wconf 90' lang='lat' dir='ltr'><strong>sed</strong></span> <span class='ocrx_word' id='word_1_792' title='bbox 2585 5256 2777 5295; x_wconf 89' lang='lat' dir='ltr'><strong>omnes</strong></span> <span class='ocrx_word' id='word_1_793' title='bbox 2800 5241 2961 5296; x_wconf 88' lang='lat' dir='ltr'><strong>etiam</strong></span> <span class='ocrx_word' id='word_1_794' title='bbox 3008 5241 3201 5313; x_wconf 89' lang='lat' dir='ltr'><strong>ingenii</strong></span> <span class='ocrx_word' id='word_1_795' title='bbox 3245 5250 3410 5313; x_wconf 87' lang='lat' dir='ltr'><strong>atque</strong></span> <span class='ocrx_word' id='word_1_796' title='bbox 3464 5242 3633 5298; x_wconf 91' lang='lat' dir='ltr'><strong>studii</strong></span> 
     </span>
    </p>
   </div>
   <div class='ocr_carea' id='block_1_114' title="bbox 2030 5333 3633 5401">
    <p class='ocr_par' dir='ltr' id='par_1_114' title="bbox 2030 5333 3633 5401">
     <span class='ocr_line' id='line_1_114' title="bbox 2030 5333 3633 5401; baseline 0.002 -13"><span class='ocrx_word' id='word_1_797' title='bbox 2030 5333 2116 5388; x_wconf 91' lang='lat' dir='ltr'><strong>sui</strong></span> <span class='ocrx_word' id='word_1_798' title='bbox 2147 5349 2345 5390; x_wconf 88' lang='lat' dir='ltr'><strong>nervos</strong></span> <span class='ocrx_word' id='word_1_799' title='bbox 2382 5333 2639 5401; x_wconf 89' lang='lat' dir='ltr'><strong>intendit,</strong></span> <span class='ocrx_word' id='word_1_800' title='bbox 2670 5343 2729 5389; x_wconf 93' lang='lat' dir='ltr'><strong>ut</strong></span> <span class='ocrx_word' id='word_1_801' title='bbox 2753 5342 3090 5401; x_wconf 89' lang='lat' dir='ltr'><strong>sanctorum,</strong></span> <span class='ocrx_word' id='word_1_802' title='bbox 3124 5334 3279 5391; x_wconf 91' lang='lat' dir='ltr'><strong>novis</strong></span> <span class='ocrx_word' id='word_1_803' title='bbox 3317 5334 3533 5392; x_wconf 83' lang='lat' dir='ltr'><strong>Ofﬁciis</strong></span> <span class='ocrx_word' id='word_1_804' title='bbox 3562 5335 3633 5391; x_wconf 91' lang='lat' dir='ltr'><strong>ad</strong></span> 
     </span>
    </p>
   </div>
   <div class='ocr_carea' id='block_1_115' title="bbox 2030 5427 3631 5501">
    <p class='ocr_par' dir='ltr' id='par_1_115' title="bbox 2030 5427 3631 5501">
     <span class='ocr_line' id='line_1_115' title="bbox 2030 5427 3631 5501; baseline 0.001 -20"><span class='ocrx_word' id='word_1_805' title='bbox 2030 5427 2195 5499; x_wconf 90' lang='lat' dir='ltr'><strong>ipsius</strong></span> <span class='ocrx_word' id='word_1_806' title='bbox 2216 5427 2535 5482; x_wconf 90' lang='lat' dir='ltr'><strong>instantiam</strong></span> <span class='ocrx_word' id='word_1_807' title='bbox 2566 5427 2921 5494; x_wconf 90' lang='lat' dir='ltr'><strong>donatorum,</strong></span> <span class='ocrx_word' id='word_1_808' title='bbox 2978 5444 3153 5501; x_wconf 89' lang='lat' dir='ltr'><strong>genus</strong></span> <span class='ocrx_word' id='word_1_809' title='bbox 3191 5444 3362 5500; x_wconf 90' lang='lat' dir='ltr'><strong>quam</strong></span> <span class='ocrx_word' id='word_1_810' title='bbox 3400 5428 3631 5485; x_wconf 87' lang='lat' dir='ltr'><strong>clarissi-</strong></span> 
     </span>
    </p>
   </div>
   <div class='ocr_carea' id='block_1_116' title="bbox 2029 5520 3629 5594">
    <p class='ocr_par' dir='ltr' id='par_1_116' title="bbox 2029 5520 3629 5594">
     <span class='ocr_line' id='line_1_116' title="bbox 2029 5520 3629 5594; baseline 0.001 -18"><span class='ocrx_word' id='word_1_811' title='bbox 2029 5536 2184 5576; x_wconf 92' lang='lat' dir='ltr'><strong>mum</strong></span> <span class='ocrx_word' id='word_1_812' title='bbox 2226 5520 2395 5578; x_wconf 85' lang='lat' dir='ltr'><strong>fuisse</strong></span> <span class='ocrx_word' id='word_1_813' title='bbox 2434 5521 2781 5589; x_wconf 88' lang='lat' dir='ltr'><strong>ostenderet;</strong></span> <span class='ocrx_word' id='word_1_814' title='bbox 2819 5523 3076 5594; x_wconf 90' lang='lat' dir='ltr'><strong>ipsosque</strong></span> <span class='ocrx_word' id='word_1_815' title='bbox 3104 5522 3245 5579; x_wconf 90' lang='lat' dir='ltr'><strong>inter</strong></span> <span class='ocrx_word' id='word_1_816' title='bbox 3278 5538 3337 5578; x_wconf 87' lang='lat' dir='ltr'><strong>se</strong></span> <span class='ocrx_word' id='word_1_817' title='bbox 3370 5538 3483 5580; x_wconf 91' lang='lat' dir='ltr'><strong>non</strong></span> <span class='ocrx_word' id='word_1_818' title='bbox 3515 5521 3629 5593; x_wconf 87' lang='lat' dir='ltr'><strong>spi-</strong></span> 
     </span>
    </p>
   </div>
   <div class='ocr_carea' id='block_1_117' title="bbox 2026 5614 3625 5687">
    <p class='ocr_par' dir='ltr' id='par_1_117' title="bbox 2026 5614 3625 5687">
     <span class='ocr_line' id='line_1_117' title="bbox 2026 5614 3625 5687; baseline 0 -18"><span class='ocrx_word' id='word_1_819' title='bbox 2026 5614 2206 5671; x_wconf 89' lang='lat' dir='ltr'><strong>rituali</strong></span> <span class='ocrx_word' id='word_1_820' title='bbox 2233 5614 2403 5687; x_wconf 89' lang='lat' dir='ltr'><strong>magis</strong></span> <span class='ocrx_word' id='word_1_821' title='bbox 2439 5614 2687 5687; x_wconf 87' lang='lat' dir='ltr'><strong>profectu</strong></span> <span class='ocrx_word' id='word_1_822' title='bbox 2717 5615 2939 5683; x_wconf 87' lang='lat' dir='ltr'><strong>similes,</strong></span> <span class='ocrx_word' id='word_1_823' title='bbox 2992 5631 3157 5687; x_wconf 90' lang='lat' dir='ltr'><strong>quam</strong></span> <span class='ocrx_word' id='word_1_824' title='bbox 3210 5617 3462 5687; x_wconf 86' lang='lat' dir='ltr'><strong>prosapia</strong></span> <span class='ocrx_word' id='word_1_825' title='bbox 3507 5628 3625 5669; x_wconf 85' lang='lat' dir='ltr'><strong>car-</strong></span> 
     </span>
    </p>
   </div>
   <div class='ocr_carea' id='block_1_118' title="bbox 2026 5705 3627 5781">
    <p class='ocr_par' dir='ltr' id='par_1_118' title="bbox 2026 5705 3627 5781">
     <span class='ocr_line' id='line_1_118' title="bbox 2026 5705 3627 5781; baseline -0.001 -18"><span class='ocrx_word' id='word_1_826' title='bbox 2026 5708 2134 5764; x_wconf 88' lang='lat' dir='ltr'><strong>nali</strong></span> <span class='ocrx_word' id='word_1_827' title='bbox 2195 5708 2545 5781; x_wconf 89' lang='lat' dir='ltr'><strong>conjunctos.</strong></span> <span class='ocrx_word' id='word_1_828' title='bbox 2618 5710 2901 5765; x_wconf 90' lang='lat' dir='ltr'><strong>Scrutatus</strong></span> <span class='ocrx_word' id='word_1_829' title='bbox 2942 5724 3072 5779; x_wconf 92' lang='lat' dir='ltr'><strong>ergo</strong></span> <span class='ocrx_word' id='word_1_830' title='bbox 3146 5707 3386 5763; x_wconf 86' lang='lat' dir='ltr'><strong>latebras</strong></span> <span class='ocrx_word' id='word_1_831' title='bbox 3443 5705 3627 5762; x_wconf 89' lang='lat' dir='ltr'><strong>archi-</strong></span> 
     </span>
    </p>
   </div>
   <div class='ocr_carea' id='block_1_119' title="bbox 2025 5798 3627 5871">
    <p class='ocr_par' dir='ltr' id='par_1_119' title="bbox 2025 5798 3627 5871">
     <span class='ocr_line' id='line_1_119' title="bbox 2025 5798 3627 5871; baseline -0.001 -14"><span class='ocrx_word' id='word_1_832' title='bbox 2025 5802 2265 5870; x_wconf 88' lang='lat' dir='ltr'><strong>viorum,</strong></span> <span class='ocrx_word' id='word_1_833' title='bbox 2299 5810 2543 5859; x_wconf 87' lang='lat' dir='ltr'><strong>stemma</strong></span> <span class='ocrx_word' id='word_1_834' title='bbox 2584 5801 2909 5859; x_wconf 79' lang='lat' dir='ltr'><strong>earumdem</strong></span> <span class='ocrx_word' id='word_1_835' title='bbox 2966 5798 3376 5871; x_wconf 89' lang='lat' dir='ltr'><strong>genealogicum</strong></span> <span class='ocrx_word' id='word_1_836' title='bbox 3427 5800 3627 5871; x_wconf 85' lang='lat' dir='ltr'><strong>texuit,</strong></span> 
     </span>
    </p>
   </div>
  </div>
