  <div class='ocr_page' id='page_1' title='image "/cluster/home/n/w/nwhite01/storage/ocr_20150623/148/hvd.32044054760061/023.png"; bbox 0 0 4122 6180; ppageno 0'>
   <div class='ocr_carea' id='block_1_1' title="bbox 408 188 3710 254">
    <p class='ocr_par' dir='ltr' id='par_1_1' title="bbox 408 188 3710 254">
     <span class='ocr_line' id='line_1_1' title="bbox 408 188 3710 254; baseline -0.005 0"><span class='ocrx_word' id='word_1_1' title='bbox 408 203 474 254; x_wconf 75' lang='grc'><strong>35</strong></span> <span class='ocrx_word' id='word_1_2' title='bbox 1638 191 1691 244; x_wconf 90' lang='lat' dir='ltr'><strong>S.</strong></span> <span class='ocrx_word' id='word_1_3' title='bbox 1736 192 2119 245; x_wconf 72' lang='lat' dir='ltr'><strong>GREGORIUS</strong></span> <span class='ocrx_word' id='word_1_4' title='bbox 2162 191 2246 243; x_wconf 68' lang='lat' dir='ltr'><strong>\&quot;ll</strong></span> <span class='ocrx_word' id='word_1_5' title='bbox 2287 190 2484 242; x_wconf 77' lang='lat' dir='ltr'><strong>PAPA.</strong></span> <span class='ocrx_word' id='word_1_6' title='bbox 3644 188 3710 240; x_wconf 82' lang='lat'><strong>36</strong></span> 
     </span>
    </p>
   </div>
   <div class='ocr_carea' id='block_1_2' title="bbox 407 310 3707 394">
    <p class='ocr_par' dir='ltr' id='par_1_2' title="bbox 407 310 3707 394">
     <span class='ocr_line' id='line_1_2' title="bbox 407 310 3707 394; baseline -0.003 -16"><span class='ocrx_word' id='word_1_7' title='bbox 407 320 557 394; x_wconf 90' lang='lat' dir='ltr'><strong>quod</strong></span> <span class='ocrx_word' id='word_1_8' title='bbox 582 328 643 377; x_wconf 92' lang='lat' dir='ltr'><strong>ut</strong></span> <span class='ocrx_word' id='word_1_9' title='bbox 672 318 803 377; x_wconf 85' lang='lat' dir='ltr'><strong>huic</strong></span> <span class='ocrx_word' id='word_1_10' title='bbox 830 320 953 376; x_wconf 90' lang='lat' dir='ltr'><strong>loco</strong></span> <span class='ocrx_word' id='word_1_11' title='bbox 976 320 1272 375; x_wconf 88' lang='lat' dir='ltr'><strong>insererem</strong></span> <span class='ocrx_word' id='word_1_12' title='bbox 1301 315 1518 371; x_wconf 81' lang='lat' dir='ltr'><strong>obnixis</strong></span> <span class='ocrx_word' id='word_1_13' title='bbox 1562 332 1592 370; x_wconf 91' lang='lat' dir='ltr'><strong>a</strong></span> <span class='ocrx_word' id='word_1_14' title='bbox 1640 331 1732 370; x_wconf 92' lang='lat' dir='ltr'><strong>me</strong></span> <span class='ocrx_word' id='word_1_15' title='bbox 1759 314 2009 386; x_wconf 86' lang='lat' dir='ltr'><strong>precibus</strong></span> <span class='ocrx_word' id='word_1_16' title='bbox 2037 318 2090 380; x_wconf 85' lang='grc' dir='ltr'><strong>Α</strong></span> <span class='ocrx_word' id='word_1_17' title='bbox 2119 330 2244 370; x_wconf 90' lang='lat' dir='ltr'><strong>men</strong></span> <span class='ocrx_word' id='word_1_18' title='bbox 2272 312 2328 368; x_wconf 90' lang='lat' dir='ltr'><strong>in</strong></span> <span class='ocrx_word' id='word_1_19' title='bbox 2351 312 2621 384; x_wconf 89' lang='lat' dir='ltr'><strong>baptismo</strong></span> <span class='ocrx_word' id='word_1_20' title='bbox 2670 310 2870 367; x_wconf 81' lang='lat' dir='ltr'><strong>intulit.</strong></span> <span class='ocrx_word' id='word_1_21' title='bbox 2901 310 3007 367; x_wconf 89' lang='lat' dir='ltr'><strong>Sed</strong></span> <span class='ocrx_word' id='word_1_22' title='bbox 3033 326 3237 366; x_wconf 82' lang='lat' dir='ltr'><strong>novum</strong></span> <span class='ocrx_word' id='word_1_23' title='bbox 3266 326 3375 366; x_wconf 91' lang='lat' dir='ltr'><strong>non</strong></span> <span class='ocrx_word' id='word_1_24' title='bbox 3403 319 3484 366; x_wconf 89' lang='lat' dir='ltr'><strong>est</strong></span> <span class='ocrx_word' id='word_1_25' title='bbox 3511 327 3578 367; x_wconf 85' lang='lat' dir='ltr'><strong>ea</strong></span> <span class='ocrx_word' id='word_1_26' title='bbox 3607 328 3707 367; x_wconf 84' lang='lat' dir='ltr'><strong>no-</strong></span> 
     </span>
    </p>
   </div>
   <div class='ocr_carea' id='block_1_3' title="bbox 408 407 1999 488">
    <p class='ocr_par' dir='ltr' id='par_1_3' title="bbox 408 407 1999 488">
     <span class='ocr_line' id='line_1_3' title="bbox 408 407 1999 488; baseline -0.006 -17"><span class='ocrx_word' id='word_1_27' title='bbox 408 416 635 488; x_wconf 88' lang='lat' dir='ltr'><strong>rogavit,</strong></span> <span class='ocrx_word' id='word_1_28' title='bbox 682 413 1018 470; x_wconf 69' lang='lat' dir='ltr'><strong>Florentium</strong></span> <span class='ocrx_word' id='word_1_29' title='bbox 1048 409 1346 467; x_wconf 84' lang='lat' dir='ltr'><strong>nobilitatis</strong></span> <span class='ocrx_word' id='word_1_30' title='bbox 1365 407 1575 481; x_wconf 90' lang='lat' dir='ltr'><strong>judicia</strong></span> <span class='ocrx_word' id='word_1_31' title='bbox 1603 410 1884 480; x_wconf 82' lang='lat' dir='ltr'><strong>explorare</strong></span> <span class='ocrx_word' id='word_1_32' title='bbox 1903 424 1999 463; x_wconf 87' lang='lat' dir='ltr'><strong>cu-</strong></span> 
     </span>
    </p>
   </div>
   <div class='ocr_carea' id='block_1_4' title="bbox 412 502 2003 581">
    <p class='ocr_par' dir='ltr' id='par_1_4' title="bbox 412 502 2003 581">
     <span class='ocr_line' id='line_1_4' title="bbox 412 502 2003 581; baseline -0.004 -16"><span class='ocrx_word' id='word_1_33' title='bbox 412 509 570 581; x_wconf 89' lang='lat' dir='ltr'><strong>piens</strong></span> <span class='ocrx_word' id='word_1_34' title='bbox 628 509 682 564; x_wconf 91' lang='lat' dir='ltr'><strong>in</strong></span> <span class='ocrx_word' id='word_1_35' title='bbox 724 516 915 564; x_wconf 89' lang='lat' dir='ltr'><strong>nostro</strong></span> <span class='ocrx_word' id='word_1_36' title='bbox 954 520 1148 577; x_wconf 86' lang='lat' dir='ltr'><strong>opere,</strong></span> <span class='ocrx_word' id='word_1_37' title='bbox 1216 502 1445 558; x_wconf 88' lang='lat' dir='ltr'><strong>interim</strong></span> <span class='ocrx_word' id='word_1_38' title='bbox 1496 502 1630 559; x_wconf 91' lang='lat' dir='ltr'><strong>dum</strong></span> <span class='ocrx_word' id='word_1_39' title='bbox 1670 520 1838 559; x_wconf 90' lang='lat' dir='ltr'><strong>suum</strong></span> <span class='ocrx_word' id='word_1_40' title='bbox 1897 504 2003 558; x_wconf 92' lang='lat' dir='ltr'><strong>luci</strong></span> 
     </span>
    </p>
   </div>
   <div class='ocr_carea' id='block_1_5' title="bbox 411 596 2005 674">
    <p class='ocr_par' dir='ltr' id='par_1_5' title="bbox 411 596 2005 674">
     <span class='ocr_line' id='line_1_5' title="bbox 411 596 2005 674; baseline -0.004 -16"><span class='ocrx_word' id='word_1_41' title='bbox 411 612 567 674; x_wconf 89' lang='lat' dir='ltr'><strong>parat</strong></span> <span class='ocrx_word' id='word_1_42' title='bbox 588 609 919 664; x_wconf 90' lang='lat' dir='ltr'><strong>tractatum,</strong></span> <span class='ocrx_word' id='word_1_43' title='bbox 958 599 1015 653; x_wconf 91' lang='lat' dir='ltr'><strong>in</strong></span> <span class='ocrx_word' id='word_1_44' title='bbox 1061 612 1171 667; x_wconf 92' lang='lat' dir='ltr'><strong>quo</strong></span> <span class='ocrx_word' id='word_1_45' title='bbox 1214 596 1497 668; x_wconf 91' lang='lat' dir='ltr'><strong>productis</strong></span> <span class='ocrx_word' id='word_1_46' title='bbox 1528 606 1775 653; x_wconf 83' lang='lat' dir='ltr'><strong>veterum</strong></span> <span class='ocrx_word' id='word_1_47' title='bbox 1801 597 2005 652; x_wconf 89' lang='lat' dir='ltr'><strong>instru-</strong></span> 
     </span>
    </p>
   </div>
   <div class='ocr_carea' id='block_1_6' title="bbox 412 690 2005 763">
    <p class='ocr_par' dir='ltr' id='par_1_6' title="bbox 412 690 2005 763">
     <span class='ocr_line' id='line_1_6' title="bbox 412 690 2005 763; baseline -0.004 -10"><span class='ocrx_word' id='word_1_48' title='bbox 412 705 730 753; x_wconf 83' lang='lat' dir='ltr'><strong>mentorum</strong></span> <span class='ocrx_word' id='word_1_49' title='bbox 776 692 978 748; x_wconf 89' lang='lat' dir='ltr'><strong>tabulis</strong></span> <span class='ocrx_word' id='word_1_50' title='bbox 1021 691 1418 763; x_wconf 85' lang='lat' dir='ltr'><strong>comprobetur</strong></span> <span class='ocrx_word' id='word_1_51' title='bbox 1484 691 1682 747; x_wconf 88' lang='lat' dir='ltr'><strong>veritas</strong></span> <span class='ocrx_word' id='word_1_52' title='bbox 1736 690 2005 762; x_wconf 89' lang='lat' dir='ltr'><strong>graduum</strong></span> 
     </span>
    </p>
   </div>
   <div class='ocr_carea' id='block_1_7' title="bbox 412 784 2008 862">
    <p class='ocr_par' dir='ltr' id='par_1_7' title="bbox 412 784 2008 862">
     <span class='ocr_line' id='line_1_7' title="bbox 412 784 2008 862; baseline -0.004 -17"><span class='ocrx_word' id='word_1_53' title='bbox 412 790 776 862; x_wconf 90' lang='lat' dir='ltr'><strong>singulorum,</strong></span> <span class='ocrx_word' id='word_1_54' title='bbox 809 785 989 857; x_wconf 86' lang='lat' dir='ltr'><strong>quoad</strong></span> <span class='ocrx_word' id='word_1_55' title='bbox 1031 784 1359 841; x_wconf 86' lang='lat' dir='ltr'><strong>affinitatum</strong></span> <span class='ocrx_word' id='word_1_56' title='bbox 1394 799 1565 841; x_wconf 86' lang='lat' dir='ltr'><strong>nexus</strong></span> <span class='ocrx_word' id='word_1_57' title='bbox 1595 794 1651 840; x_wconf 89' lang='lat' dir='ltr'><strong>et</strong></span> <span class='ocrx_word' id='word_1_58' title='bbox 1674 784 2008 856; x_wconf 61' lang='lat' dir='ltr'><strong>consangui-</strong></span> 
     </span>
    </p>
   </div>
   <div class='ocr_carea' id='block_1_8' title="bbox 412 878 2009 952">
    <p class='ocr_par' dir='ltr' id='par_1_8' title="bbox 412 878 2009 952">
     <span class='ocr_line' id='line_1_8' title="bbox 412 878 2009 952; baseline -0.002 -15"><span class='ocrx_word' id='word_1_59' title='bbox 412 882 592 937; x_wconf 85' lang='lat' dir='ltr'><strong>nitatis</strong></span> <span class='ocrx_word' id='word_1_60' title='bbox 626 895 965 952; x_wconf 88' lang='lat' dir='ltr'><strong>progressus.</strong></span> <span class='ocrx_word' id='word_1_61' title='bbox 997 880 1123 935; x_wconf 91' lang='lat' dir='ltr'><strong>Non</strong></span> <span class='ocrx_word' id='word_1_62' title='bbox 1167 888 1286 934; x_wconf 88' lang='lat' dir='ltr'><strong>erat</strong></span> <span class='ocrx_word' id='word_1_63' title='bbox 1335 878 1496 934; x_wconf 90' lang='lat' dir='ltr'><strong>nobis</strong></span> <span class='ocrx_word' id='word_1_64' title='bbox 1546 886 1661 933; x_wconf 89' lang='lat' dir='ltr'><strong>tam</strong></span> <span class='ocrx_word' id='word_1_65' title='bbox 1698 878 2009 950; x_wconf 88' lang='lat' dir='ltr'><strong>propinqua</strong></span> 
     </span>
    </p>
   </div>
   <div class='ocr_carea' id='block_1_9' title="bbox 411 971 2009 1047">
    <p class='ocr_par' dir='ltr' id='par_1_9' title="bbox 411 971 2009 1047">
     <span class='ocr_line' id='line_1_9' title="bbox 411 971 2009 1047; baseline -0.002 -17"><span class='ocrx_word' id='word_1_66' title='bbox 411 975 577 1047; x_wconf 70' lang='lat' dir='ltr'><strong>praelo</strong></span> <span class='ocrx_word' id='word_1_67' title='bbox 612 972 730 1029; x_wconf 90' lang='lat' dir='ltr'><strong>dies</strong></span> <span class='ocrx_word' id='word_1_68' title='bbox 787 982 854 1031; x_wconf 86' lang='lat'><strong>25</strong></span> <span class='ocrx_word' id='word_1_69' title='bbox 900 973 1053 1039; x_wconf 88' lang='lat' dir='ltr'><strong>Maii,</strong></span> <span class='ocrx_word' id='word_1_70' title='bbox 1092 988 1258 1044; x_wconf 91' lang='lat' dir='ltr'><strong>quam</strong></span> <span class='ocrx_word' id='word_1_71' title='bbox 1326 972 1427 1027; x_wconf 90' lang='lat' dir='ltr'><strong>sibi</strong></span> <span class='ocrx_word' id='word_1_72' title='bbox 1480 971 1849 1044; x_wconf 89' lang='lat' dir='ltr'><strong>persuadebat</strong></span> <span class='ocrx_word' id='word_1_73' title='bbox 1908 972 2009 1027; x_wconf 87' lang='lat' dir='ltr'><strong>ista</strong></span> 
     </span>
    </p>
   </div>
   <div class='ocr_carea' id='block_1_10' title="bbox 409 1065 2012 1134">
    <p class='ocr_par' dir='ltr' id='par_1_10' title="bbox 409 1065 2012 1134">
     <span class='ocr_line' id='line_1_10' title="bbox 409 1065 2012 1134; baseline -0.002 -10"><span class='ocrx_word' id='word_1_74' title='bbox 409 1068 651 1124; x_wconf 88' lang='lat' dir='ltr'><strong>scribens</strong></span> <span class='ocrx_word' id='word_1_75' title='bbox 681 1066 1012 1134; x_wconf 89' lang='lat' dir='ltr'><strong>Petraccius,</strong></span> <span class='ocrx_word' id='word_1_76' title='bbox 1041 1066 1267 1122; x_wconf 87' lang='lat' dir='ltr'><strong>vixdum</strong></span> <span class='ocrx_word' id='word_1_77' title='bbox 1313 1065 1568 1122; x_wconf 89' lang='lat' dir='ltr'><strong>inchoata</strong></span> <span class='ocrx_word' id='word_1_78' title='bbox 1590 1066 1747 1121; x_wconf 91' lang='lat' dir='ltr'><strong>annis</strong></span> <span class='ocrx_word' id='word_1_79' title='bbox 1774 1066 1841 1121; x_wconf 91' lang='lat' dir='ltr'><strong>ab</strong></span> <span class='ocrx_word' id='word_1_80' title='bbox 1886 1066 2012 1121; x_wconf 92' lang='lat' dir='ltr'><strong>hinc</strong></span> 
     </span>
    </p>
   </div>
   <div class='ocr_carea' id='block_1_11' title="bbox 416 1159 2012 1233">
    <p class='ocr_par' dir='ltr' id='par_1_11' title="bbox 416 1159 2012 1233">
     <span class='ocr_line' id='line_1_11' title="bbox 416 1159 2012 1233; baseline -0.001 -17"><span class='ocrx_word' id='word_1_81' title='bbox 416 1167 497 1217; x_wconf 82' lang='grc'><strong>10.</strong></span> <span class='ocrx_word' id='word_1_82' title='bbox 532 1160 892 1233; x_wconf 87' lang='lat' dir='ltr'><strong>impressione</strong></span> <span class='ocrx_word' id='word_1_83' title='bbox 929 1160 1090 1231; x_wconf 86' lang='lat' dir='ltr'><strong>primi</strong></span> <span class='ocrx_word' id='word_1_84' title='bbox 1118 1159 1315 1229; x_wconf 88' lang='lat' dir='ltr'><strong>Tomi;</strong></span> <span class='ocrx_word' id='word_1_85' title='bbox 1360 1159 1479 1227; x_wconf 89' lang='lat' dir='ltr'><strong>sed,</strong></span> <span class='ocrx_word' id='word_1_86' title='bbox 1536 1159 1852 1232; x_wconf 87' lang='lat' dir='ltr'><strong>priusquam</strong></span> <span class='ocrx_word' id='word_1_87' title='bbox 1904 1160 2012 1215; x_wconf 90' lang='lat' dir='ltr'><strong>huc</strong></span> 
     </span>
    </p>
   </div>
   <div class='ocr_carea' id='block_1_12' title="bbox 412 1251 2010 1324">
    <p class='ocr_par' dir='ltr' id='par_1_12' title="bbox 412 1251 2010 1324">
     <span class='ocr_line' id='line_1_12' title="bbox 412 1251 2010 1324; baseline -0.002 -14"><span class='ocrx_word' id='word_1_88' title='bbox 412 1255 686 1310; x_wconf 88' lang='lat' dir='ltr'><strong>veniretur</strong></span> <span class='ocrx_word' id='word_1_89' title='bbox 713 1252 932 1310; x_wconf 88' lang='lat' dir='ltr'><strong>abunde</strong></span> <span class='ocrx_word' id='word_1_90' title='bbox 960 1251 1067 1309; x_wconf 88' lang='lat' dir='ltr'><strong>fuit</strong></span> <span class='ocrx_word' id='word_1_91' title='bbox 1091 1252 1381 1324; x_wconf 86' lang='lat' dir='ltr'><strong>temporis,</strong></span> <span class='ocrx_word' id='word_1_92' title='bbox 1401 1263 1462 1308; x_wconf 89' lang='lat' dir='ltr'><strong>ut</strong></span> <span class='ocrx_word' id='word_1_93' title='bbox 1478 1253 1570 1309; x_wconf 87' lang='lat' dir='ltr'><strong>ille</strong></span> <span class='ocrx_word' id='word_1_94' title='bbox 1593 1269 1756 1309; x_wconf 87' lang='lat' dir='ltr'><strong>suum</strong></span> <span class='ocrx_word' id='word_1_95' title='bbox 1783 1253 2010 1324; x_wconf 79' lang='lat' dir='ltr'><strong>interim</strong></span> 
     </span>
    </p>
   </div>
   <div class='ocr_carea' id='block_1_13' title="bbox 412 1346 2015 1415">
    <p class='ocr_par' dir='ltr' id='par_1_13' title="bbox 412 1346 2015 1415">
     <span class='ocr_line' id='line_1_13' title="bbox 412 1346 2015 1415; baseline -0.001 -12"><span class='ocrx_word' id='word_1_96' title='bbox 412 1356 710 1404; x_wconf 89' lang='lat' dir='ltr'><strong>tractatum</strong></span> <span class='ocrx_word' id='word_1_97' title='bbox 738 1346 943 1403; x_wconf 85' lang='lat' dir='ltr'><strong>ederet.</strong></span> <span class='ocrx_word' id='word_1_98' title='bbox 991 1350 1113 1403; x_wconf 87' lang='lat' dir='ltr'><strong>Hoc</strong></span> <span class='ocrx_word' id='word_1_99' title='bbox 1147 1355 1334 1402; x_wconf 86' lang='lat' dir='ltr'><strong>autem</strong></span> <span class='ocrx_word' id='word_1_100' title='bbox 1385 1362 1512 1402; x_wconf 90' lang='lat' dir='ltr'><strong>cum</strong></span> <span class='ocrx_word' id='word_1_101' title='bbox 1556 1363 1672 1403; x_wconf 90' lang='lat' dir='ltr'><strong>non</strong></span> <span class='ocrx_word' id='word_1_102' title='bbox 1712 1346 1931 1415; x_wconf 83' lang='lat' dir='ltr'><strong>fecerit;</strong></span> <span class='ocrx_word' id='word_1_103' title='bbox 1962 1355 2015 1402; x_wconf 82' lang='lat' dir='ltr'><strong>et</strong></span> 
     </span>
    </p>
   </div>
   <div class='ocr_carea' id='block_1_14' title="bbox 413 1439 2017 1512">
    <p class='ocr_par' dir='ltr' id='par_1_14' title="bbox 413 1439 2017 1512">
     <span class='ocr_line' id='line_1_14' title="bbox 413 1439 2017 1512; baseline -0.001 -15"><span class='ocrx_word' id='word_1_104' title='bbox 413 1440 605 1497; x_wconf 88' lang='lat' dir='ltr'><strong>eruditi</strong></span> <span class='ocrx_word' id='word_1_105' title='bbox 635 1441 927 1497; x_wconf 65' lang='lat' dir='ltr'><strong>Florentiae</strong></span> <span class='ocrx_word' id='word_1_106' title='bbox 944 1440 1072 1509; x_wconf 87' lang='lat' dir='ltr'><strong>viri,</strong></span> <span class='ocrx_word' id='word_1_107' title='bbox 1099 1440 1428 1512; x_wconf 88' lang='lat' dir='ltr'><strong>quibuscum</strong></span> <span class='ocrx_word' id='word_1_108' title='bbox 1449 1440 1669 1496; x_wconf 87' lang='lat' dir='ltr'><strong>schema</strong></span> <span class='ocrx_word' id='word_1_109' title='bbox 1692 1439 2017 1512; x_wconf 67' lang='lat' dir='ltr'><strong>praedictum</strong></span> 
     </span>
    </p>
   </div>
   <div class='ocr_carea' id='block_1_15' title="bbox 411 1533 2017 1606">
    <p class='ocr_par' dir='ltr' id='par_1_15' title="bbox 411 1533 2017 1606">
     <span class='ocr_line' id='line_1_15' title="bbox 411 1533 2017 1606; baseline -0.001 -15"><span class='ocrx_word' id='word_1_110' title='bbox 411 1533 844 1601; x_wconf 90' lang='lat' dir='ltr'><strong>communicavi,</strong></span> <span class='ocrx_word' id='word_1_111' title='bbox 876 1533 1293 1606; x_wconf 87' lang='lat' dir='ltr'><strong>responderent,</strong></span> <span class='ocrx_word' id='word_1_112' title='bbox 1335 1535 1456 1606; x_wconf 88' lang='lat' dir='ltr'><strong>plus</strong></span> <span class='ocrx_word' id='word_1_113' title='bbox 1486 1550 1552 1590; x_wconf 91' lang='lat' dir='ltr'><strong>eo</strong></span> <span class='ocrx_word' id='word_1_114' title='bbox 1582 1533 1684 1589; x_wconf 87' lang='lat' dir='ltr'><strong>sibi</strong></span> <span class='ocrx_word' id='word_1_115' title='bbox 1712 1534 1878 1591; x_wconf 90' lang='lat' dir='ltr'><strong>videri</strong></span> <span class='ocrx_word' id='word_1_116' title='bbox 1909 1535 2017 1605; x_wconf 81' lang='lat' dir='ltr'><strong>pol-</strong></span> 
     </span>
    </p>
   </div>
   <div class='ocr_carea' id='block_1_16' title="bbox 413 1626 2008 1700">
    <p class='ocr_par' dir='ltr' id='par_1_16' title="bbox 413 1626 2008 1700">
     <span class='ocr_line' id='line_1_16' title="bbox 413 1626 2008 1700; baseline 0 -17"><span class='ocrx_word' id='word_1_117' title='bbox 413 1628 624 1683; x_wconf 90' lang='lat' dir='ltr'><strong>licitum</strong></span> <span class='ocrx_word' id='word_1_118' title='bbox 663 1632 961 1684; x_wconf 80' lang='lat' dir='ltr'><strong>Auctorem</strong></span> <span class='ocrx_word' id='word_1_119' title='bbox 1013 1643 1179 1699; x_wconf 90' lang='lat' dir='ltr'><strong>quam</strong></span> <span class='ocrx_word' id='word_1_120' title='bbox 1222 1627 1394 1683; x_wconf 89' lang='lat' dir='ltr'><strong>solide</strong></span> <span class='ocrx_word' id='word_1_121' title='bbox 1427 1626 1594 1698; x_wconf 75' lang='lat' dir='ltr'><strong>pessit</strong></span> <span class='ocrx_word' id='word_1_122' title='bbox 1622 1629 2008 1700; x_wconf 84' lang='lat' dir='ltr'><strong>comprobare;</strong></span> 
     </span>
    </p>
   </div>
   <div class='ocr_carea' id='block_1_17' title="bbox 414 1721 2015 1793">
    <p class='ocr_par' dir='ltr' id='par_1_17' title="bbox 414 1721 2015 1793">
     <span class='ocr_line' id='line_1_17' title="bbox 414 1721 2015 1793; baseline -0.001 -16"><span class='ocrx_word' id='word_1_123' title='bbox 414 1738 513 1777; x_wconf 89' lang='lat' dir='ltr'><strong>nec</strong></span> <span class='ocrx_word' id='word_1_124' title='bbox 536 1737 637 1793; x_wconf 85' lang='lat' dir='ltr'><strong>ego</strong></span> <span class='ocrx_word' id='word_1_125' title='bbox 665 1721 977 1776; x_wconf 88' lang='lat' dir='ltr'><strong>consultum</strong></span> <span class='ocrx_word' id='word_1_126' title='bbox 1008 1729 1161 1792; x_wconf 86' lang='lat' dir='ltr'><strong>puto,</strong></span> <span class='ocrx_word' id='word_1_127' title='bbox 1184 1721 1365 1776; x_wconf 91' lang='lat' dir='ltr'><strong>locum</strong></span> <span class='ocrx_word' id='word_1_128' title='bbox 1394 1721 1443 1776; x_wconf 89' lang='lat' dir='ltr'><strong>ei</strong></span> <span class='ocrx_word' id='word_1_129' title='bbox 1488 1721 1620 1777; x_wconf 89' lang='lat' dir='ltr'><strong>dare</strong></span> <span class='ocrx_word' id='word_1_130' title='bbox 1646 1722 1712 1776; x_wconf 88' lang='lat' dir='ltr'><strong>in</strong></span> <span class='ocrx_word' id='word_1_131' title='bbox 1740 1737 1901 1793; x_wconf 90' lang='lat' dir='ltr'><strong>opere</strong></span> <span class='ocrx_word' id='word_1_132' title='bbox 1926 1737 2015 1776; x_wconf 91' lang='lat' dir='ltr'><strong>no-</strong></span> 
     </span>
    </p>
   </div>
   <div class='ocr_carea' id='block_1_18' title="bbox 412 1813 2017 1887">
    <p class='ocr_par' dir='ltr' id='par_1_18' title="bbox 412 1813 2017 1887">
     <span class='ocr_line' id='line_1_18' title="bbox 412 1813 2017 1887; baseline 0 -17"><span class='ocrx_word' id='word_1_133' title='bbox 412 1824 549 1882; x_wconf 90' lang='lat' dir='ltr'><strong>stro,</strong></span> <span class='ocrx_word' id='word_1_134' title='bbox 579 1823 634 1870; x_wconf 91' lang='lat' dir='ltr'><strong>et</strong></span> <span class='ocrx_word' id='word_1_135' title='bbox 666 1822 920 1885; x_wconf 91' lang='lat' dir='ltr'><strong>sumptus</strong></span> <span class='ocrx_word' id='word_1_136' title='bbox 959 1813 1136 1870; x_wconf 90' lang='lat' dir='ltr'><strong>facere</strong></span> <span class='ocrx_word' id='word_1_137' title='bbox 1179 1815 1233 1869; x_wconf 90' lang='lat' dir='ltr'><strong>in</strong></span> <span class='ocrx_word' id='word_1_138' title='bbox 1285 1814 1603 1870; x_wconf 70' lang='lat' dir='ltr'><strong>caelaturam</strong></span> <span class='ocrx_word' id='word_1_139' title='bbox 1655 1815 2017 1887; x_wconf 67' lang='lat' dir='ltr'><strong>genealogicaa</strong></span> 
     </span>
    </p>
   </div>
   <div class='ocr_carea' id='block_1_19' title="bbox 415 1907 1763 1981">
    <p class='ocr_par' dir='ltr' id='par_1_19' title="bbox 415 1907 1763 1981">
     <span class='ocr_line' id='line_1_19' title="bbox 415 1907 1763 1981; baseline -0.002 -17"><span class='ocrx_word' id='word_1_140' title='bbox 415 1909 649 1975; x_wconf 80' lang='lat' dir='ltr'><strong>arboris,</strong></span> <span class='ocrx_word' id='word_1_141' title='bbox 674 1924 869 1981; x_wconf 89' lang='lat' dir='ltr'><strong>parum</strong></span> <span class='ocrx_word' id='word_1_142' title='bbox 896 1907 1067 1964; x_wconf 84' lang='lat' dir='ltr'><strong>ﬁrmis</strong></span> <span class='ocrx_word' id='word_1_143' title='bbox 1082 1907 1267 1964; x_wconf 87' lang='lat' dir='ltr'><strong>forsan</strong></span> <span class='ocrx_word' id='word_1_144' title='bbox 1294 1908 1570 1965; x_wconf 89' lang='lat' dir='ltr'><strong>radicibus</strong></span> <span class='ocrx_word' id='word_1_145' title='bbox 1604 1908 1763 1965; x_wconf 75' lang='lat' dir='ltr'><strong>nixze.</strong></span> 
     </span>
    </p>
   </div>
   <div class='ocr_carea' id='block_1_20' title="bbox 488 2001 2016 2073">
    <p class='ocr_par' dir='ltr' id='par_1_20' title="bbox 488 2001 2016 2073">
     <span class='ocr_line' id='line_1_20' title="bbox 488 2001 2016 2073; baseline 0 -16"><span class='ocrx_word' id='word_1_146' title='bbox 488 2009 576 2057; x_wconf 90' lang='lat'><strong>36.</strong></span> <span class='ocrx_word' id='word_1_147' title='bbox 606 2002 792 2058; x_wconf 87' lang='lat' dir='ltr'><strong>Liceat</strong></span> <span class='ocrx_word' id='word_1_148' title='bbox 816 2011 998 2057; x_wconf 88' lang='lat' dir='ltr'><strong>tamen</strong></span> <span class='ocrx_word' id='word_1_149' title='bbox 1037 2001 1203 2057; x_wconf 91' lang='lat' dir='ltr'><strong>verbo</strong></span> <span class='ocrx_word' id='word_1_150' title='bbox 1236 2001 1475 2058; x_wconf 90' lang='lat' dir='ltr'><strong>indicare</strong></span> <span class='ocrx_word' id='word_1_151' title='bbox 1524 2012 1809 2073; x_wconf 66' lang='lat' dir='ltr'><strong>prmtensae</strong></span> <span class='ocrx_word' id='word_1_152' title='bbox 1841 2019 1871 2057; x_wconf 91' lang='lat' dir='ltr'><strong>a</strong></span> <span class='ocrx_word' id='word_1_153' title='bbox 1915 2007 2016 2059; x_wconf 90' lang='lat' dir='ltr'><strong>Pe-</strong></span> 
     </span>
    </p>
   </div>
   <div class='ocr_carea' id='block_1_21' title="bbox 415 2096 2016 2169">
    <p class='ocr_par' dir='ltr' id='par_1_21' title="bbox 415 2096 2016 2169">
     <span class='ocr_line' id='line_1_21' title="bbox 415 2096 2016 2169; baseline 0 -18"><span class='ocrx_word' id='word_1_154' title='bbox 415 2096 616 2152; x_wconf 91' lang='lat' dir='ltr'><strong>traccio</strong></span> <span class='ocrx_word' id='word_1_155' title='bbox 653 2096 997 2169; x_wconf 66' lang='lat' dir='ltr'><strong>Genealogiaa</strong></span> <span class='ocrx_word' id='word_1_156' title='bbox 1049 2096 1267 2150; x_wconf 90' lang='lat' dir='ltr'><strong>seriem.</strong></span> <span class='ocrx_word' id='word_1_157' title='bbox 1329 2096 1623 2152; x_wconf 72' lang='lat' dir='ltr'><strong>Praesumit</strong></span> <span class='ocrx_word' id='word_1_158' title='bbox 1690 2096 1777 2151; x_wconf 88' lang='lat' dir='ltr'><strong>ille</strong></span> <span class='ocrx_word' id='word_1_159' title='bbox 1840 2096 2016 2151; x_wconf 84' lang='lat' dir='ltr'><strong>Aldo-</strong></span> 
     </span>
    </p>
   </div>
   <div class='ocr_carea' id='block_1_22' title="bbox 414 2189 2018 2265">
    <p class='ocr_par' dir='ltr' id='par_1_22' title="bbox 414 2189 2018 2265">
     <span class='ocr_line' id='line_1_22' title="bbox 414 2189 2018 2265; baseline 0.001 -20"><span class='ocrx_word' id='word_1_160' title='bbox 414 2190 776 2246; x_wconf 89' lang='lat' dir='ltr'><strong>brandescam</strong></span> <span class='ocrx_word' id='word_1_161' title='bbox 797 2198 1038 2261; x_wconf 77' lang='lat' dir='ltr'><strong>gentem,</strong></span> <span class='ocrx_word' id='word_1_162' title='bbox 1062 2189 1113 2243; x_wconf 93' lang='lat' dir='ltr'><strong>in</strong></span> <span class='ocrx_word' id='word_1_163' title='bbox 1144 2190 1410 2245; x_wconf 87' lang='lat' dir='ltr'><strong>Hetruria</strong></span> <span class='ocrx_word' id='word_1_164' title='bbox 1432 2189 1698 2256; x_wconf 90' lang='lat' dir='ltr'><strong>nobilem,</strong></span> <span class='ocrx_word' id='word_1_165' title='bbox 1726 2206 1850 2265; x_wconf 66' lang='lat' dir='ltr'><strong>quae</strong></span> <span class='ocrx_word' id='word_1_166' title='bbox 1871 2206 2018 2246; x_wconf 91' lang='lat' dir='ltr'><strong>nunc</strong></span> 
     </span>
    </p>
   </div>
   <div class='ocr_carea' id='block_1_23' title="bbox 414 2282 2019 2351">
    <p class='ocr_par' dir='ltr' id='par_1_23' title="bbox 414 2282 2019 2351">
     <span class='ocr_line' id='line_1_23' title="bbox 414 2282 2019 2351; baseline -0.001 -13"><span class='ocrx_word' id='word_1_167' title='bbox 414 2282 684 2339; x_wconf 91' lang='lat' dir='ltr'><strong>nominari</strong></span> <span class='ocrx_word' id='word_1_168' title='bbox 715 2282 893 2347; x_wconf 85' lang='lat' dir='ltr'><strong>desiit,</strong></span> <span class='ocrx_word' id='word_1_169' title='bbox 941 2282 1323 2339; x_wconf 84' lang='lat' dir='ltr'><strong>deﬁcientibus</strong></span> <span class='ocrx_word' id='word_1_170' title='bbox 1370 2284 1649 2351; x_wconf 91' lang='lat' dir='ltr'><strong>masculis,</strong></span> <span class='ocrx_word' id='word_1_171' title='bbox 1696 2283 2019 2339; x_wconf 90' lang='lat' dir='ltr'><strong>mulieribus</strong></span> 
     </span>
    </p>
   </div>
   <div class='ocr_carea' id='block_1_24' title="bbox 415 2374 2015 2434">
    <p class='ocr_par' dir='ltr' id='par_1_24' title="bbox 415 2374 2015 2434">
     <span class='ocr_line' id='line_1_24' title="bbox 415 2374 2015 2434; baseline -0.003 0"><span class='ocrx_word' id='word_1_172' title='bbox 415 2385 605 2434; x_wconf 86' lang='lat' dir='ltr'><strong>autem</strong></span> <span class='ocrx_word' id='word_1_173' title='bbox 633 2377 689 2431; x_wconf 92' lang='lat' dir='ltr'><strong>in</strong></span> <span class='ocrx_word' id='word_1_174' title='bbox 732 2376 995 2433; x_wconf 88' lang='lat' dir='ltr'><strong>Ursinam</strong></span> <span class='ocrx_word' id='word_1_175' title='bbox 1028 2385 1081 2431; x_wconf 91' lang='lat' dir='ltr'><strong>et</strong></span> <span class='ocrx_word' id='word_1_176' title='bbox 1128 2374 1402 2432; x_wconf 88' lang='lat' dir='ltr'><strong>Sforziam</strong></span> <span class='ocrx_word' id='word_1_177' title='bbox 1443 2377 1676 2433; x_wconf 83' lang='lat' dir='ltr'><strong>familias</strong></span> <span class='ocrx_word' id='word_1_178' title='bbox 1706 2376 2015 2433; x_wconf 87' lang='lat' dir='ltr'><strong>innubenti-</strong></span> 
     </span>
    </p>
   </div>
   <div class='ocr_carea' id='block_1_25' title="bbox 419 2470 2018 2542">
    <p class='ocr_par' dir='ltr' id='par_1_25' title="bbox 419 2470 2018 2542">
     <span class='ocr_line' id='line_1_25' title="bbox 419 2470 2018 2542; baseline -0.001 -16"><span class='ocrx_word' id='word_1_179' title='bbox 419 2471 556 2538; x_wconf 91' lang='lat' dir='ltr'><strong>bus,</strong></span> <span class='ocrx_word' id='word_1_180' title='bbox 591 2486 655 2525; x_wconf 85' lang='lat' dir='ltr'><strong>ex</strong></span> <span class='ocrx_word' id='word_1_181' title='bbox 702 2470 1047 2542; x_wconf 87' lang='lat' dir='ltr'><strong>Carolingico</strong></span> <span class='ocrx_word' id='word_1_182' title='bbox 1076 2471 1414 2526; x_wconf 88' lang='lat' dir='ltr'><strong>Francorum</strong></span> <span class='ocrx_word' id='word_1_183' title='bbox 1460 2472 1676 2541; x_wconf 82' lang='lat' dir='ltr'><strong>Regum</strong></span> <span class='ocrx_word' id='word_1_184' title='bbox 1724 2478 2018 2525; x_wconf 89' lang='lat' dir='ltr'><strong>stemmate</strong></span> 
     </span>
    </p>
   </div>
   <div class='ocr_carea' id='block_1_26' title="bbox 415 2562 2011 2635">
    <p class='ocr_par' dir='ltr' id='par_1_26' title="bbox 415 2562 2011 2635">
     <span class='ocr_line' id='line_1_26' title="bbox 415 2562 2011 2635; baseline 0 -17"><span class='ocrx_word' id='word_1_185' title='bbox 415 2563 667 2631; x_wconf 86' lang='lat' dir='ltr'><strong>fluxisse;</strong></span> <span class='ocrx_word' id='word_1_186' title='bbox 700 2563 759 2618; x_wconf 93' lang='lat' dir='ltr'><strong>in</strong></span> <span class='ocrx_word' id='word_1_187' title='bbox 794 2563 1095 2635; x_wconf 89' lang='lat' dir='ltr'><strong>eademque</strong></span> <span class='ocrx_word' id='word_1_188' title='bbox 1118 2566 1304 2619; x_wconf 92' lang='lat' dir='ltr'><strong>Domo</strong></span> <span class='ocrx_word' id='word_1_189' title='bbox 1326 2562 1580 2635; x_wconf 84' lang='lat' dir='ltr'><strong>frequens</strong></span> <span class='ocrx_word' id='word_1_190' title='bbox 1608 2579 1808 2619; x_wconf 89' lang='lat' dir='ltr'><strong>nomen</strong></span> <span class='ocrx_word' id='word_1_191' title='bbox 1828 2564 2011 2619; x_wconf 85' lang='lat' dir='ltr'><strong>Hilde-</strong></span> 
     </span>
    </p>
   </div>
   <div class='ocr_carea' id='block_1_27' title="bbox 416 2655 2018 2730">
    <p class='ocr_par' dir='ltr' id='par_1_27' title="bbox 416 2655 2018 2730">
     <span class='ocr_line' id='line_1_27' title="bbox 416 2655 2018 2730; baseline 0.001 -19"><span class='ocrx_word' id='word_1_192' title='bbox 416 2656 781 2723; x_wconf 91' lang='lat' dir='ltr'><strong>brandorum,</strong></span> <span class='ocrx_word' id='word_1_193' title='bbox 809 2655 1051 2727; x_wconf 89' lang='lat' dir='ltr'><strong>indeque</strong></span> <span class='ocrx_word' id='word_1_194' title='bbox 1096 2672 1162 2712; x_wconf 89' lang='lat' dir='ltr'><strong>eo</strong></span> <span class='ocrx_word' id='word_1_195' title='bbox 1188 2658 1373 2712; x_wconf 87' lang='lat' dir='ltr'><strong>seculo</strong></span> <span class='ocrx_word' id='word_1_196' title='bbox 1397 2673 1509 2729; x_wconf 91' lang='lat' dir='ltr'><strong>quo</strong></span> <span class='ocrx_word' id='word_1_197' title='bbox 1538 2669 1897 2730; x_wconf 87' lang='lat' dir='ltr'><strong>cognomenta</strong></span> <span class='ocrx_word' id='word_1_198' title='bbox 1931 2657 2018 2712; x_wconf 87' lang='lat' dir='ltr'><strong>ﬁr-</strong></span> 
     </span>
    </p>
   </div>
   <div class='ocr_carea' id='block_1_28' title="bbox 421 2750 2016 2822">
    <p class='ocr_par' dir='ltr' id='par_1_28' title="bbox 421 2750 2016 2822">
     <span class='ocr_line' id='line_1_28' title="bbox 421 2750 2016 2822; baseline 0.001 -17"><span class='ocrx_word' id='word_1_199' title='bbox 421 2750 556 2805; x_wconf 88' lang='lat' dir='ltr'><strong>mari</strong></span> <span class='ocrx_word' id='word_1_200' title='bbox 596 2750 648 2805; x_wconf 93' lang='lat' dir='ltr'><strong>in</strong></span> <span class='ocrx_word' id='word_1_201' title='bbox 673 2750 897 2806; x_wconf 87' lang='lat' dir='ltr'><strong>familiis</strong></span> <span class='ocrx_word' id='word_1_202' title='bbox 929 2750 1292 2806; x_wconf 89' lang='lat' dir='ltr'><strong>nobilioribus</strong></span> <span class='ocrx_word' id='word_1_203' title='bbox 1323 2761 1633 2822; x_wconf 69' lang='lat' dir='ltr'><strong>coeperunt,</strong></span> <span class='ocrx_word' id='word_1_204' title='bbox 1664 2775 1688 2799; x_wconf 70' lang='grc' dir='ltr'><strong><em>κ</em></strong></span> <span class='ocrx_word' id='word_1_205' title='bbox 1709 2751 2016 2807; x_wconf 82' lang='lat' dir='ltr'><strong>Aldobran-</strong></span> 
     </span>
    </p>
   </div>
   <div class='ocr_carea' id='block_1_29' title="bbox 418 2844 2016 2917">
    <p class='ocr_par' dir='ltr' id='par_1_29' title="bbox 418 2844 2016 2917">
     <span class='ocr_line' id='line_1_29' title="bbox 418 2844 2016 2917; baseline 0 -19"><span class='ocrx_word' id='word_1_206' title='bbox 418 2844 711 2900; x_wconf 89' lang='lat' dir='ltr'><strong>descorum</strong></span> <span class='ocrx_word' id='word_1_207' title='bbox 738 2868 762 2892; x_wconf 78' lang='grc' dir='ltr'><strong>υ</strong></span> <span class='ocrx_word' id='word_1_208' title='bbox 792 2860 1097 2917; x_wconf 89' lang='lat' dir='ltr'><strong>cognomen</strong></span> <span class='ocrx_word' id='word_1_209' title='bbox 1122 2853 1313 2901; x_wconf 85' lang='lat' dir='ltr'><strong>natum</strong></span> <span class='ocrx_word' id='word_1_210' title='bbox 1345 2861 1358 2899; x_wconf 91' lang='lat'><strong>:</strong></span> <span class='ocrx_word' id='word_1_211' title='bbox 1390 2860 1487 2916; x_wconf 91' lang='lat' dir='ltr'><strong>pro</strong></span> <span class='ocrx_word' id='word_1_212' title='bbox 1516 2861 1659 2901; x_wconf 92' lang='lat' dir='ltr'><strong>anno</strong></span> <span class='ocrx_word' id='word_1_213' title='bbox 1684 2854 1867 2901; x_wconf 88' lang='lat' dir='ltr'><strong>autem</strong></span> <span class='ocrx_word' id='word_1_214' title='bbox 1890 2852 2016 2902; x_wconf 74' lang='lat'><strong>948.</strong></span> 
     </span>
    </p>
   </div>
   <div class='ocr_carea' id='block_1_30' title="bbox 418 2937 2014 3008">
    <p class='ocr_par' dir='ltr' id='par_1_30' title="bbox 418 2937 2014 3008">
     <span class='ocr_line' id='line_1_30' title="bbox 418 2937 2014 3008; baseline 0.001 -17"><span class='ocrx_word' id='word_1_215' title='bbox 418 2937 982 3008; x_wconf 86' lang='lat' dir='ltr'><strong>producitauemdam</strong></span> <span class='ocrx_word' id='word_1_216' title='bbox 1008 2938 1470 3001; x_wconf 82' lang='lat' dir='ltr'><strong>Hildebrandum,</strong></span> <span class='ocrx_word' id='word_1_217' title='bbox 1486 2938 1800 2993; x_wconf 89' lang='lat' dir='ltr'><strong>Theuzonis</strong></span> <span class='ocrx_word' id='word_1_218' title='bbox 1821 2939 2014 3007; x_wconf 87' lang='lat' dir='ltr'><strong>filium,</strong></span> 
     </span>
    </p>
   </div>
   <div class='ocr_carea' id='block_1_31' title="bbox 2114 404 3710 479">
    <p class='ocr_par' dir='ltr' id='par_1_31' title="bbox 2114 404 3710 479">
     <span class='ocr_line' id='line_1_31' title="bbox 2114 404 3710 479; baseline -0.003 -16"><span class='ocrx_word' id='word_1_219' title='bbox 2114 408 2282 477; x_wconf 90' lang='lat' dir='ltr'><strong>mina,</strong></span> <span class='ocrx_word' id='word_1_220' title='bbox 2306 423 2429 479; x_wconf 69' lang='lat' dir='ltr'><strong>qum</strong></span> <span class='ocrx_word' id='word_1_221' title='bbox 2458 405 2799 477; x_wconf 88' lang='lat' dir='ltr'><strong>Principibus</strong></span> <span class='ocrx_word' id='word_1_222' title='bbox 2822 404 3105 460; x_wconf 87' lang='lat' dir='ltr'><strong>familiaria</strong></span> <span class='ocrx_word' id='word_1_223' title='bbox 3138 412 3283 471; x_wconf 90' lang='lat' dir='ltr'><strong>sunt,</strong></span> <span class='ocrx_word' id='word_1_224' title='bbox 3328 405 3465 460; x_wconf 88' lang='lat' dir='ltr'><strong>inter</strong></span> <span class='ocrx_word' id='word_1_225' title='bbox 3492 420 3710 461; x_wconf 89' lang='lat' dir='ltr'><strong>eorum-</strong></span> 
     </span>
    </p>
   </div>
   <div class='ocr_carea' id='block_1_32' title="bbox 2112 497 3705 572">
    <p class='ocr_par' dir='ltr' id='par_1_32' title="bbox 2112 497 3705 572">
     <span class='ocr_line' id='line_1_32' title="bbox 2112 497 3705 572; baseline -0.003 -14"><span class='ocrx_word' id='word_1_226' title='bbox 2112 503 2240 558; x_wconf 91' lang='lat' dir='ltr'><strong>dem</strong></span> <span class='ocrx_word' id='word_1_227' title='bbox 2268 501 2537 568; x_wconf 90' lang='lat' dir='ltr'><strong>subditos,</strong></span> <span class='ocrx_word' id='word_1_228' title='bbox 2570 501 2922 572; x_wconf 86' lang='lat' dir='ltr'><strong>quantumvis</strong></span> <span class='ocrx_word' id='word_1_229' title='bbox 2964 499 3252 572; x_wconf 89' lang='lat' dir='ltr'><strong>ignobiles,</strong></span> <span class='ocrx_word' id='word_1_230' title='bbox 3281 497 3609 570; x_wconf 88' lang='lat' dir='ltr'><strong>frequentari</strong></span> <span class='ocrx_word' id='word_1_231' title='bbox 3625 498 3705 553; x_wconf 84' lang='lat' dir='ltr'><strong>in-</strong></span> 
     </span>
    </p>
   </div>
   <div class='ocr_carea' id='block_1_33' title="bbox 2114 593 3479 662">
    <p class='ocr_par' dir='ltr' id='par_1_33' title="bbox 2114 593 3479 662">
     <span class='ocr_line' id='line_1_33' title="bbox 2114 593 3479 662; baseline -0.002 -11"><span class='ocrx_word' id='word_1_232' title='bbox 2114 596 2255 652; x_wconf 90' lang='lat' dir='ltr'><strong>tuitu</strong></span> <span class='ocrx_word' id='word_1_233' title='bbox 2274 610 2502 651; x_wconf 90' lang='lat' dir='ltr'><strong>suorum</strong></span> <span class='ocrx_word' id='word_1_234' title='bbox 2529 594 2919 662; x_wconf 91' lang='lat' dir='ltr'><strong>Dominorum,</strong></span> <span class='ocrx_word' id='word_1_235' title='bbox 2955 603 3051 649; x_wconf 90' lang='lat' dir='ltr'><strong>aut</strong></span> <span class='ocrx_word' id='word_1_236' title='bbox 3071 593 3172 647; x_wconf 91' lang='lat' dir='ltr'><strong>alia</strong></span> <span class='ocrx_word' id='word_1_237' title='bbox 3196 609 3263 648; x_wconf 84' lang='lat' dir='ltr'><strong>ex</strong></span> <span class='ocrx_word' id='word_1_238' title='bbox 3297 608 3479 648; x_wconf 89' lang='lat' dir='ltr'><strong>causa.</strong></span> 
     </span>
    </p>
   </div>
   <div class='ocr_carea' id='block_1_34' title="bbox 2188 687 3711 754">
    <p class='ocr_par' dir='ltr' id='par_1_34' title="bbox 2188 687 3711 754">
     <span class='ocr_line' id='line_1_34' title="bbox 2188 687 3711 754; baseline -0.001 -11"><span class='ocrx_word' id='word_1_239' title='bbox 2188 695 2276 745; x_wconf 88' lang='lat'><strong>37.</strong></span> <span class='ocrx_word' id='word_1_240' title='bbox 2302 687 2602 745; x_wconf 88' lang='lat' dir='ltr'><strong>Cardinalis</strong></span> <span class='ocrx_word' id='word_1_241' title='bbox 2643 688 2931 754; x_wconf 86' lang='lat' dir='ltr'><strong>Baronins,</strong></span> <span class='ocrx_word' id='word_1_242' title='bbox 2962 687 3030 743; x_wconf 91' lang='lat' dir='ltr'><strong>ad</strong></span> <span class='ocrx_word' id='word_1_243' title='bbox 3082 703 3292 743; x_wconf 90' lang='lat' dir='ltr'><strong>annum</strong></span> <span class='ocrx_word' id='word_1_244' title='bbox 3332 692 3487 743; x_wconf 84' lang='lat'><strong>1073.</strong></span> <span class='ocrx_word' id='word_1_245' title='bbox 3534 703 3590 741; x_wconf 84' lang='grc' dir='ltr'><strong>η.</strong></span> <span class='ocrx_word' id='word_1_246' title='bbox 3628 693 3711 742; x_wconf 79' lang='grc'><strong>15.</strong></span> 
     </span>
    </p>
   </div>
   <div class='ocr_carea' id='block_1_35' title="bbox 2117 782 3714 854">
    <p class='ocr_par' dir='ltr' id='par_1_35' title="bbox 2117 782 3714 854">
     <span class='ocr_line' id='line_1_35' title="bbox 2117 782 3714 854; baseline -0.003 -14"><span class='ocrx_word' id='word_1_247' title='bbox 2117 783 2184 840; x_wconf 91' lang='lat' dir='ltr'><strong>de</strong></span> <span class='ocrx_word' id='word_1_248' title='bbox 2219 782 2592 839; x_wconf 84' lang='lat' dir='ltr'><strong>Hildebrando</strong></span> <span class='ocrx_word' id='word_1_249' title='bbox 2618 782 2738 854; x_wconf 90' lang='lat' dir='ltr'><strong>jam</strong></span> <span class='ocrx_word' id='word_1_250' title='bbox 2780 782 2954 837; x_wconf 91' lang='lat' dir='ltr'><strong>electo</strong></span> <span class='ocrx_word' id='word_1_251' title='bbox 2994 782 3258 837; x_wconf 87' lang='lat' dir='ltr'><strong>Pontiﬁce</strong></span> <span class='ocrx_word' id='word_1_252' title='bbox 3305 790 3548 850; x_wconf 88' lang='lat' dir='ltr'><strong>acturus,</strong></span> <span class='ocrx_word' id='word_1_253' title='bbox 3591 796 3714 835; x_wconf 91' lang='lat' dir='ltr'><strong>cum</strong></span> 
     </span>
    </p>
   </div>
   <div class='ocr_carea' id='block_1_36' title="bbox 2117 874 3719 949">
    <p class='ocr_par' dir='ltr' id='par_1_36' title="bbox 2117 874 3719 949">
     <span class='ocr_line' id='line_1_36' title="bbox 2117 874 3719 949; baseline -0.002 -16"><span class='ocrx_word' id='word_1_254' title='bbox 2117 877 2339 933; x_wconf 83' lang='lat' dir='ltr'><strong>dixisset</strong></span> <span class='ocrx_word' id='word_1_255' title='bbox 2362 876 2510 949; x_wconf 90' lang='lat' dir='ltr'><strong>quod</strong></span> <span class='ocrx_word' id='word_1_256' title='bbox 2538 900 2564 925; x_wconf 84' lang='grc' dir='ltr'>ι</span> <span class='ocrx_word' id='word_1_257' title='bbox 2595 876 2685 931; x_wconf 90' lang='lat' dir='ltr'><strong>alii</strong></span> <span class='ocrx_word' id='word_1_258' title='bbox 2713 878 3066 940; x_wconf 90' lang='lat' dir='ltr'><strong>Soanensem,</strong></span> <span class='ocrx_word' id='word_1_259' title='bbox 3115 875 3201 930; x_wconf 91' lang='lat' dir='ltr'><strong>alii</strong></span> <span class='ocrx_word' id='word_1_260' title='bbox 3231 876 3527 931; x_wconf 89' lang='lat' dir='ltr'><strong>Senensem</strong></span> <span class='ocrx_word' id='word_1_261' title='bbox 3556 874 3719 930; x_wconf 89' lang='lat' dir='ltr'><strong>fuisse</strong></span> 
     </span>
    </p>
   </div>
   <div class='ocr_carea' id='block_1_37' title="bbox 2120 956 3718 1041">
    <p class='ocr_par' dir='ltr' id='par_1_37' title="bbox 2120 956 3718 1041">
     <span class='ocr_line' id='line_1_37' title="bbox 2120 956 3718 1041; baseline -0.004 -13"><span class='ocrx_word' id='word_1_262' title='bbox 2120 971 2341 1028; x_wconf 84' lang='lat' dir='ltr'><strong>tradunt</strong></span> <span class='ocrx_word' id='word_1_263' title='bbox 2376 994 2400 1019; x_wconf 73' lang='grc' dir='ltr'><strong>υ</strong></span> <span class='ocrx_word' id='word_1_264' title='bbox 2454 975 2711 1041; x_wconf 91' lang='lat' dir='ltr'><strong>(quorum</strong></span> <span class='ocrx_word' id='word_1_265' title='bbox 2748 970 3011 1025; x_wconf 88' lang='lat' dir='ltr'><strong>sententia</strong></span> <span class='ocrx_word' id='word_1_266' title='bbox 3050 956 3211 1023; x_wconf 79' lang='lat' dir='ltr'><strong>facile</strong></span> <span class='ocrx_word' id='word_1_267' title='bbox 3243 968 3553 1023; x_wconf 89' lang='lat' dir='ltr'><strong>conciliabit</strong></span> <span class='ocrx_word' id='word_1_268' title='bbox 3589 984 3718 1023; x_wconf 92' lang='lat' dir='ltr'><strong>cum</strong></span> 
     </span>
    </p>
   </div>
   <div class='ocr_carea' id='block_1_38' title="bbox 2120 1061 3718 1133">
    <p class='ocr_par' dir='ltr' id='par_1_38' title="bbox 2120 1061 3718 1133">
     <span class='ocr_line' id='line_1_38' title="bbox 2120 1061 3718 1133; baseline -0.003 -13"><span class='ocrx_word' id='word_1_269' title='bbox 2120 1074 2339 1121; x_wconf 88' lang='lat' dir='ltr'><strong>auctore</strong></span> <span class='ocrx_word' id='word_1_270' title='bbox 2378 1067 2667 1121; x_wconf 85' lang='lat' dir='ltr'><strong>Fastorum</strong></span> <span class='ocrx_word' id='word_1_271' title='bbox 2710 1064 3054 1128; x_wconf 89' lang='lat' dir='ltr'><strong>Senensium,</strong></span> <span class='ocrx_word' id='word_1_272' title='bbox 3102 1063 3192 1133; x_wconf 89' lang='lat' dir='ltr'><strong>qui</strong></span> <span class='ocrx_word' id='word_1_273' title='bbox 3232 1062 3450 1117; x_wconf 84' lang='lat' dir='ltr'><strong>Senensi</strong></span> <span class='ocrx_word' id='word_1_274' title='bbox 3512 1061 3718 1117; x_wconf 91' lang='lat' dir='ltr'><strong>ditione</strong></span> 
     </span>
    </p>
   </div>
   <div class='ocr_carea' id='block_1_39' title="bbox 2122 1155 3712 1229">
    <p class='ocr_par' dir='ltr' id='par_1_39' title="bbox 2122 1155 3712 1229">
     <span class='ocr_line' id='line_1_39' title="bbox 2122 1155 3712 1229; baseline -0.003 -15"><span class='ocrx_word' id='word_1_275' title='bbox 2122 1162 2359 1215; x_wconf 90' lang='lat' dir='ltr'><strong>Soanam</strong></span> <span class='ocrx_word' id='word_1_276' title='bbox 2382 1157 2649 1214; x_wconf 90' lang='lat' dir='ltr'><strong>contineri</strong></span> <span class='ocrx_word' id='word_1_277' title='bbox 2680 1157 2986 1229; x_wconf 87' lang='lat' dir='ltr'><strong>intelliget),</strong></span> <span class='ocrx_word' id='word_1_278' title='bbox 3028 1180 3053 1203; x_wconf 75' lang='grc' dir='ltr'>α</span> <span class='ocrx_word' id='word_1_279' title='bbox 3096 1155 3291 1211; x_wconf 89' lang='lat' dir='ltr'><strong>humili</strong></span> <span class='ocrx_word' id='word_1_280' title='bbox 3317 1156 3436 1211; x_wconf 91' lang='lat' dir='ltr'><strong>loco</strong></span> <span class='ocrx_word' id='word_1_281' title='bbox 3464 1164 3655 1211; x_wconf 89' lang='lat' dir='ltr'><strong>natum</strong></span> <span class='ocrx_word' id='word_1_282' title='bbox 3686 1178 3712 1203; x_wconf 71' lang='grc' dir='ltr'><strong>ιο</strong></span> 
     </span>
    </p>
   </div>
   <div class='ocr_carea' id='block_1_40' title="bbox 2122 1247 3712 1324">
    <p class='ocr_par' dir='ltr' id='par_1_40' title="bbox 2122 1247 3712 1324">
     <span class='ocr_line' id='line_1_40' title="bbox 2122 1247 3712 1324; baseline -0.001 -17"><span class='ocrx_word' id='word_1_283' title='bbox 2122 1253 2328 1319; x_wconf 89' lang='lat' dir='ltr'><strong>asserit,</strong></span> <span class='ocrx_word' id='word_1_284' title='bbox 2376 1260 2597 1324; x_wconf 82' lang='lat' dir='ltr'><strong>parente</strong></span> <span class='ocrx_word' id='word_1_285' title='bbox 2642 1250 2800 1307; x_wconf 88' lang='lat' dir='ltr'><strong>fabro</strong></span> <span class='ocrx_word' id='word_1_286' title='bbox 2855 1270 2867 1305; x_wconf 90' lang='lat'>:</span> <span class='ocrx_word' id='word_1_287' title='bbox 2919 1249 3065 1321; x_wconf 91' lang='lat' dir='ltr'><strong>quod</strong></span> <span class='ocrx_word' id='word_1_288' title='bbox 3125 1249 3465 1322; x_wconf 69' lang='lat' dir='ltr'><strong>ignominiaa,</strong></span> <span class='ocrx_word' id='word_1_289' title='bbox 3513 1247 3712 1321; x_wconf 85' lang='lat' dir='ltr'><strong>inquit,</strong></span> 
     </span>
    </p>
   </div>
   <div class='ocr_carea' id='block_1_41' title="bbox 2123 1343 3709 1416">
    <p class='ocr_par' dir='ltr' id='par_1_41' title="bbox 2123 1343 3709 1416">
     <span class='ocr_line' id='line_1_41' title="bbox 2123 1343 3709 1416; baseline -0.003 -15"><span class='ocrx_word' id='word_1_290' title='bbox 2123 1361 2287 1401; x_wconf 88' lang='lat' dir='ltr'><strong>causa</strong></span> <span class='ocrx_word' id='word_1_291' title='bbox 2340 1345 2677 1401; x_wconf 88' lang='lat' dir='ltr'><strong>adversarios</strong></span> <span class='ocrx_word' id='word_1_292' title='bbox 2727 1345 2775 1400; x_wconf 91' lang='lat' dir='ltr'><strong>ei</strong></span> <span class='ocrx_word' id='word_1_293' title='bbox 2827 1344 3089 1416; x_wconf 90' lang='lat' dir='ltr'><strong>objecisse</strong></span> <span class='ocrx_word' id='word_1_294' title='bbox 3142 1343 3537 1415; x_wconf 86' lang='lat' dir='ltr'><strong>comperimus;</strong></span> <span class='ocrx_word' id='word_1_295' title='bbox 3583 1359 3709 1398; x_wconf 92' lang='lat' dir='ltr'><strong>cum</strong></span> 
     </span>
    </p>
   </div>
   <div class='ocr_carea' id='block_1_42' title="bbox 2125 1436 3717 1510">
    <p class='ocr_par' dir='ltr' id='par_1_42' title="bbox 2125 1436 3717 1510">
     <span class='ocr_line' id='line_1_42' title="bbox 2125 1436 3717 1510; baseline -0.001 -16"><span class='ocrx_word' id='word_1_296' title='bbox 2125 1456 2185 1495; x_wconf 85' lang='lat' dir='ltr'><strong>ex</strong></span> <span class='ocrx_word' id='word_1_297' title='bbox 2215 1439 2320 1495; x_wconf 89' lang='lat' dir='ltr'><strong>hac</strong></span> <span class='ocrx_word' id='word_1_298' title='bbox 2340 1447 2489 1510; x_wconf 88' lang='lat' dir='ltr'><strong>parte</strong></span> <span class='ocrx_word' id='word_1_299' title='bbox 2516 1439 2692 1509; x_wconf 87' lang='lat' dir='ltr'><strong>magis</strong></span> <span class='ocrx_word' id='word_1_300' title='bbox 2712 1438 3021 1494; x_wconf 89' lang='lat' dir='ltr'><strong>laudandus</strong></span> <span class='ocrx_word' id='word_1_301' title='bbox 3039 1445 3197 1503; x_wconf 88' lang='lat' dir='ltr'><strong>esset,</strong></span> <span class='ocrx_word' id='word_1_302' title='bbox 3217 1437 3364 1508; x_wconf 91' lang='lat' dir='ltr'><strong>quod</strong></span> <span class='ocrx_word' id='word_1_303' title='bbox 3387 1436 3717 1492; x_wconf 88' lang='lat' dir='ltr'><strong>evidentiora</strong></span> 
     </span>
    </p>
   </div>
   <div class='ocr_carea' id='block_1_43' title="bbox 2126 1530 3717 1603">
    <p class='ocr_par' dir='ltr' id='par_1_43' title="bbox 2126 1530 3717 1603">
     <span class='ocr_line' id='line_1_43' title="bbox 2126 1530 3717 1603; baseline -0.003 -15"><span class='ocrx_word' id='word_1_304' title='bbox 2126 1534 2179 1588; x_wconf 91' lang='lat' dir='ltr'><strong>in</strong></span> <span class='ocrx_word' id='word_1_305' title='bbox 2209 1547 2275 1589; x_wconf 92' lang='lat' dir='ltr'><strong>eo</strong></span> <span class='ocrx_word' id='word_1_306' title='bbox 2301 1549 2367 1588; x_wconf 82' lang='lat' dir='ltr'><strong>ex</strong></span> <span class='ocrx_word' id='word_1_307' title='bbox 2393 1532 2479 1588; x_wconf 91' lang='lat' dir='ltr'><strong>his</strong></span> <span class='ocrx_word' id='word_1_308' title='bbox 2507 1533 2875 1589; x_wconf 89' lang='lat' dir='ltr'><strong>elucescerent</strong></span> <span class='ocrx_word' id='word_1_309' title='bbox 2899 1532 3008 1587; x_wconf 91' lang='lat' dir='ltr'><strong>veri</strong></span> <span class='ocrx_word' id='word_1_310' title='bbox 3052 1531 3413 1603; x_wconf 90' lang='lat' dir='ltr'><strong>Apostolatus</strong></span> <span class='ocrx_word' id='word_1_311' title='bbox 3441 1531 3625 1603; x_wconf 86' lang='lat' dir='ltr'><strong>signa;</strong></span> <span class='ocrx_word' id='word_1_312' title='bbox 3647 1530 3717 1585; x_wconf 86' lang='lat' dir='ltr'><strong>si-</strong></span> 
     </span>
    </p>
   </div>
   <div class='ocr_carea' id='block_1_44' title="bbox 2124 1625 3719 1699">
    <p class='ocr_par' dir='ltr' id='par_1_44' title="bbox 2124 1625 3719 1699">
     <span class='ocr_line' id='line_1_44' title="bbox 2124 1625 3719 1699; baseline -0.002 -17"><span class='ocrx_word' id='word_1_313' title='bbox 2124 1627 2343 1699; x_wconf 85' lang='lat' dir='ltr'><strong>quidem</strong></span> <span class='ocrx_word' id='word_1_314' title='bbox 2360 1628 2653 1699; x_wconf 85' lang='lat' dir='ltr'><strong>Apostolus</strong></span> <span class='ocrx_word' id='word_1_315' title='bbox 2665 1626 2811 1683; x_wconf 88' lang='lat' dir='ltr'><strong>dicat</strong></span> <span class='ocrx_word' id='word_1_316' title='bbox 2826 1646 2873 1682; x_wconf 71' lang='grc' dir='ltr'><strong>ια</strong></span> <span class='ocrx_word' id='word_1_317' title='bbox 2892 1625 3083 1682; x_wconf 87' lang='lat' dir='ltr'><strong>Videte</strong></span> <span class='ocrx_word' id='word_1_318' title='bbox 3099 1625 3245 1681; x_wconf 89' lang='lat' dir='ltr'><strong>enim</strong></span> <span class='ocrx_word' id='word_1_319' title='bbox 3264 1625 3605 1681; x_wconf 89' lang='lat' dir='ltr'><strong>vocationem</strong></span> <span class='ocrx_word' id='word_1_320' title='bbox 3626 1640 3719 1679; x_wconf 92' lang='lat' dir='ltr'><strong>ve-</strong></span> 
     </span>
    </p>
   </div>
   <div class='ocr_carea' id='block_1_45' title="bbox 2122 1719 3721 1791">
    <p class='ocr_par' dir='ltr' id='par_1_45' title="bbox 2122 1719 3721 1791">
     <span class='ocr_line' id='line_1_45' title="bbox 2122 1719 3721 1791; baseline -0.003 -15"><span class='ocrx_word' id='word_1_321' title='bbox 2122 1730 2316 1790; x_wconf 90' lang='lat' dir='ltr'><strong>stram,</strong></span> <span class='ocrx_word' id='word_1_322' title='bbox 2353 1723 2591 1789; x_wconf 89' lang='lat' dir='ltr'><strong>Fratres,</strong></span> <span class='ocrx_word' id='word_1_323' title='bbox 2638 1721 2895 1791; x_wconf 90' lang='lat' dir='ltr'><strong>quoniam</strong></span> <span class='ocrx_word' id='word_1_324' title='bbox 2947 1736 3060 1776; x_wconf 91' lang='lat' dir='ltr'><strong>non</strong></span> <span class='ocrx_word' id='word_1_325' title='bbox 3104 1719 3260 1775; x_wconf 92' lang='lat' dir='ltr'><strong>multi</strong></span> <span class='ocrx_word' id='word_1_326' title='bbox 3302 1727 3570 1791; x_wconf 81' lang='lat' dir='ltr'><strong>potentes,</strong></span> <span class='ocrx_word' id='word_1_327' title='bbox 3610 1734 3721 1773; x_wconf 90' lang='lat' dir='ltr'><strong>non</strong></span> 
     </span>
    </p>
   </div>
   <div class='ocr_carea' id='block_1_46' title="bbox 2128 1812 3719 1886">
    <p class='ocr_par' dir='ltr' id='par_1_46' title="bbox 2128 1812 3719 1886">
     <span class='ocr_line' id='line_1_46' title="bbox 2128 1812 3719 1886; baseline -0.001 -17"><span class='ocrx_word' id='word_1_328' title='bbox 2128 1814 2282 1871; x_wconf 91' lang='lat' dir='ltr'><strong>multi</strong></span> <span class='ocrx_word' id='word_1_329' title='bbox 2304 1814 2511 1870; x_wconf 87' lang='lat' dir='ltr'><strong>nobiles</strong></span> <span class='ocrx_word' id='word_1_330' title='bbox 2531 1833 2547 1883; x_wconf 85' lang='lat'><strong>;</strong></span> <span class='ocrx_word' id='word_1_331' title='bbox 2564 1815 2659 1870; x_wconf 89' lang='lat' dir='ltr'><strong>sed</strong></span> <span class='ocrx_word' id='word_1_332' title='bbox 2681 1830 2805 1886; x_wconf 68' lang='lat' dir='ltr'><strong>quae</strong></span> <span class='ocrx_word' id='word_1_333' title='bbox 2826 1814 2988 1869; x_wconf 91' lang='lat' dir='ltr'><strong>stulta</strong></span> <span class='ocrx_word' id='word_1_334' title='bbox 3012 1821 3138 1869; x_wconf 88' lang='lat' dir='ltr'><strong>sunt</strong></span> <span class='ocrx_word' id='word_1_335' title='bbox 3150 1812 3341 1869; x_wconf 91' lang='lat' dir='ltr'><strong>mundi</strong></span> <span class='ocrx_word' id='word_1_336' title='bbox 3373 1812 3534 1884; x_wconf 88' lang='lat' dir='ltr'><strong>elegit</strong></span> <span class='ocrx_word' id='word_1_337' title='bbox 3551 1815 3719 1879; x_wconf 83' lang='lat' dir='ltr'><strong>Deus,</strong></span> 
     </span>
    </p>
   </div>
   <div class='ocr_carea' id='block_1_47' title="bbox 2129 1906 3720 1980">
    <p class='ocr_par' dir='ltr' id='par_1_47' title="bbox 2129 1906 3720 1980">
     <span class='ocr_line' id='line_1_47' title="bbox 2129 1906 3720 1980; baseline -0.003 -16"><span class='ocrx_word' id='word_1_338' title='bbox 2129 1917 2187 1964; x_wconf 88' lang='lat' dir='ltr'><strong>ut</strong></span> <span class='ocrx_word' id='word_1_339' title='bbox 2209 1908 2513 1965; x_wconf 88' lang='lat' dir='ltr'><strong>confundat</strong></span> <span class='ocrx_word' id='word_1_340' title='bbox 2532 1908 2710 1976; x_wconf 89' lang='lat' dir='ltr'><strong>fortia,</strong></span> <span class='ocrx_word' id='word_1_341' title='bbox 2725 1907 3045 1980; x_wconf 90' lang='lat' dir='ltr'><strong>etignobilia</strong></span> <span class='ocrx_word' id='word_1_342' title='bbox 3060 1906 3250 1963; x_wconf 90' lang='lat' dir='ltr'><strong>mundi</strong></span> <span class='ocrx_word' id='word_1_343' title='bbox 3263 1915 3318 1962; x_wconf 91' lang='lat' dir='ltr'><strong>et</strong></span> <span class='ocrx_word' id='word_1_344' title='bbox 3338 1906 3720 1978; x_wconf 91' lang='lat' dir='ltr'><strong>contemptibi-</strong></span> 
     </span>
    </p>
   </div>
   <div class='ocr_carea' id='block_1_48' title="bbox 2125 1999 3722 2075">
    <p class='ocr_par' dir='ltr' id='par_1_48' title="bbox 2125 1999 3722 2075">
     <span class='ocr_line' id='line_1_48' title="bbox 2125 1999 3722 2075; baseline -0.001 -18"><span class='ocrx_word' id='word_1_345' title='bbox 2125 2003 2192 2057; x_wconf 92' lang='lat' dir='ltr'><strong>lia</strong></span> <span class='ocrx_word' id='word_1_346' title='bbox 2209 2002 2365 2075; x_wconf 90' lang='lat' dir='ltr'><strong>elegit</strong></span> <span class='ocrx_word' id='word_1_347' title='bbox 2389 2006 2540 2057; x_wconf 91' lang='lat' dir='ltr'><strong>Deus</strong></span> <span class='ocrx_word' id='word_1_348' title='bbox 2562 2009 2615 2057; x_wconf 90' lang='lat' dir='ltr'><strong>et</strong></span> <span class='ocrx_word' id='word_1_349' title='bbox 2629 2018 2690 2057; x_wconf 89' lang='lat' dir='ltr'><strong>ea</strong></span> <span class='ocrx_word' id='word_1_350' title='bbox 2707 2018 2829 2073; x_wconf 68' lang='lat' dir='ltr'><strong>quae</strong></span> <span class='ocrx_word' id='word_1_351' title='bbox 2852 2018 2965 2057; x_wconf 91' lang='lat' dir='ltr'><strong>non</strong></span> <span class='ocrx_word' id='word_1_352' title='bbox 2983 2009 3135 2069; x_wconf 91' lang='lat' dir='ltr'><strong>sunt,</strong></span> <span class='ocrx_word' id='word_1_353' title='bbox 3160 2010 3220 2056; x_wconf 93' lang='lat' dir='ltr'><strong>ut</strong></span> <span class='ocrx_word' id='word_1_354' title='bbox 3243 2016 3305 2055; x_wconf 91' lang='lat' dir='ltr'><strong>ea</strong></span> <span class='ocrx_word' id='word_1_355' title='bbox 3330 2015 3454 2071; x_wconf 75' lang='lat' dir='ltr'><strong>quae</strong></span> <span class='ocrx_word' id='word_1_356' title='bbox 3480 2009 3608 2056; x_wconf 92' lang='lat' dir='ltr'><strong>sunt</strong></span> <span class='ocrx_word' id='word_1_357' title='bbox 3632 1999 3722 2055; x_wconf 87' lang='lat' dir='ltr'><strong>de-</strong></span> 
     </span>
    </p>
   </div>
   <div class='ocr_carea' id='block_1_49' title="bbox 2126 2094 3723 2168">
    <p class='ocr_par' dir='ltr' id='par_1_49' title="bbox 2126 2094 3723 2168">
     <span class='ocr_line' id='line_1_49' title="bbox 2126 2094 3723 2168; baseline -0.001 -17"><span class='ocrx_word' id='word_1_358' title='bbox 2126 2105 2383 2160; x_wconf 88' lang='lat' dir='ltr'><strong>strueret,</strong></span> <span class='ocrx_word' id='word_1_359' title='bbox 2396 2104 2456 2151; x_wconf 91' lang='lat' dir='ltr'><strong>ut</strong></span> <span class='ocrx_word' id='word_1_360' title='bbox 2468 2112 2578 2151; x_wconf 90' lang='lat' dir='ltr'><strong>non</strong></span> <span class='ocrx_word' id='word_1_361' title='bbox 2598 2096 2865 2168; x_wconf 86' lang='lat' dir='ltr'><strong>glorietur</strong></span> <span class='ocrx_word' id='word_1_362' title='bbox 2876 2095 3055 2151; x_wconf 85' lang='lat' dir='ltr'><strong>omnis</strong></span> <span class='ocrx_word' id='word_1_363' title='bbox 3068 2111 3195 2151; x_wconf 90' lang='lat' dir='ltr'><strong>caro</strong></span> <span class='ocrx_word' id='word_1_364' title='bbox 3210 2094 3265 2149; x_wconf 92' lang='lat' dir='ltr'><strong>in</strong></span> <span class='ocrx_word' id='word_1_365' title='bbox 3300 2103 3596 2166; x_wconf 89' lang='lat' dir='ltr'><strong>conspectu</strong></span> <span class='ocrx_word' id='word_1_366' title='bbox 3608 2096 3723 2167; x_wconf 86' lang='lat' dir='ltr'><strong>ejus</strong></span> 
     </span>
    </p>
   </div>
   <div class='ocr_carea' id='block_1_50' title="bbox 2127 2188 3725 2261">
    <p class='ocr_par' dir='ltr' id='par_1_50' title="bbox 2127 2188 3725 2261">
     <span class='ocr_line' id='line_1_50' title="bbox 2127 2188 3725 2261; baseline -0.001 -16"><span class='ocrx_word' id='word_1_367' title='bbox 2127 2194 2175 2256; x_wconf 89' lang='grc' dir='ltr'><strong>(Ι</strong></span> <span class='ocrx_word' id='word_1_368' title='bbox 2193 2190 2308 2245; x_wconf 80' lang='lat' dir='ltr'><strong>Cor.</strong></span> <span class='ocrx_word' id='word_1_369' title='bbox 2334 2206 2513 2259; x_wconf 74' lang='lat' dir='ltr'><strong>xxvr,</strong></span> <span class='ocrx_word' id='word_1_370' title='bbox 2550 2197 2757 2259; x_wconf 75' lang='lat'><strong>27,28).</strong></span> <span class='ocrx_word' id='word_1_371' title='bbox 2793 2214 2818 2238; x_wconf 71' lang='grc' dir='ltr'><strong>ν</strong></span> <span class='ocrx_word' id='word_1_372' title='bbox 2848 2192 2980 2246; x_wconf 65' lang='lat' dir='ltr'><strong>Haec</strong></span> <span class='ocrx_word' id='word_1_373' title='bbox 3011 2188 3337 2261; x_wconf 84' lang='lat' dir='ltr'><strong>Apostolus;</strong></span> <span class='ocrx_word' id='word_1_374' title='bbox 3362 2204 3490 2243; x_wconf 91' lang='lat' dir='ltr'><strong>cum</strong></span> <span class='ocrx_word' id='word_1_375' title='bbox 3516 2188 3725 2260; x_wconf 91' lang='lat' dir='ltr'><strong>aliquot</strong></span> 
     </span>
    </p>
   </div>
   <div class='ocr_carea' id='block_1_51' title="bbox 2126 2281 3725 2355">
    <p class='ocr_par' dir='ltr' id='par_1_51' title="bbox 2126 2281 3725 2355">
     <span class='ocr_line' id='line_1_51' title="bbox 2126 2281 3725 2355; baseline -0.001 -16"><span class='ocrx_word' id='word_1_376' title='bbox 2126 2285 2362 2355; x_wconf 83' lang='lat' dir='ltr'><strong>superbe</strong></span> <span class='ocrx_word' id='word_1_377' title='bbox 2390 2284 2553 2339; x_wconf 90' lang='lat' dir='ltr'><strong>nimis</strong></span> <span class='ocrx_word' id='word_1_378' title='bbox 2576 2292 2797 2355; x_wconf 87' lang='lat' dir='ltr'><strong>respuat</strong></span> <span class='ocrx_word' id='word_1_379' title='bbox 2839 2282 3112 2339; x_wconf 92' lang='lat' dir='ltr'><strong>humanus</strong></span> <span class='ocrx_word' id='word_1_380' title='bbox 3142 2281 3316 2338; x_wconf 89' lang='lat' dir='ltr'><strong>fastus</strong></span> <span class='ocrx_word' id='word_1_381' title='bbox 3345 2282 3501 2337; x_wconf 90' lang='lat' dir='ltr'><strong>illum</strong></span> <span class='ocrx_word' id='word_1_382' title='bbox 3527 2282 3725 2338; x_wconf 91' lang='lat' dir='ltr'><strong>natalis</strong></span> 
     </span>
    </p>
   </div>
   <div class='ocr_carea' id='block_1_52' title="bbox 2126 2375 3721 2449">
    <p class='ocr_par' dir='ltr' id='par_1_52' title="bbox 2126 2375 3721 2449">
     <span class='ocr_line' id='line_1_52' title="bbox 2126 2375 3721 2449; baseline -0.003 -16"><span class='ocrx_word' id='word_1_383' title='bbox 2126 2378 2373 2444; x_wconf 87' lang='lat' dir='ltr'><strong>titulum,</strong></span> <span class='ocrx_word' id='word_1_384' title='bbox 2405 2394 2515 2449; x_wconf 92' lang='lat' dir='ltr'><strong>quo</strong></span> <span class='ocrx_word' id='word_1_385' title='bbox 2543 2380 2694 2432; x_wconf 91' lang='lat' dir='ltr'><strong>Deus</strong></span> <span class='ocrx_word' id='word_1_386' title='bbox 2742 2377 2943 2432; x_wconf 87' lang='lat' dir='ltr'><strong>Filium</strong></span> <span class='ocrx_word' id='word_1_387' title='bbox 2982 2392 3143 2432; x_wconf 92' lang='lat' dir='ltr'><strong>suum</strong></span> <span class='ocrx_word' id='word_1_388' title='bbox 3174 2391 3398 2431; x_wconf 90' lang='lat' dir='ltr'><strong>omnem</strong></span> <span class='ocrx_word' id='word_1_389' title='bbox 3439 2375 3721 2430; x_wconf 88' lang='lat' dir='ltr'><strong>hominem</strong></span> 
     </span>
    </p>
   </div>
   <div class='ocr_carea' id='block_1_53' title="bbox 2128 2468 3727 2541">
    <p class='ocr_par' dir='ltr' id='par_1_53' title="bbox 2128 2468 3727 2541">
     <span class='ocr_line' id='line_1_53' title="bbox 2128 2468 3727 2541; baseline -0.001 -15"><span class='ocrx_word' id='word_1_390' title='bbox 2128 2471 2330 2526; x_wconf 90' lang='lat' dir='ltr'><strong>factum</strong></span> <span class='ocrx_word' id='word_1_391' title='bbox 2365 2471 2530 2526; x_wconf 92' lang='lat' dir='ltr'><strong>voluit</strong></span> <span class='ocrx_word' id='word_1_392' title='bbox 2555 2469 2838 2541; x_wconf 86' lang='lat' dir='ltr'><strong>insignire,</strong></span> <span class='ocrx_word' id='word_1_393' title='bbox 2873 2478 2933 2524; x_wconf 92' lang='lat' dir='ltr'><strong>ut</strong></span> <span class='ocrx_word' id='word_1_394' title='bbox 2962 2469 3101 2525; x_wconf 89' lang='lat' dir='ltr'><strong>fabri</strong></span> <span class='ocrx_word' id='word_1_395' title='bbox 3126 2470 3273 2524; x_wconf 88' lang='lat' dir='ltr'><strong>filius</strong></span> <span class='ocrx_word' id='word_1_396' title='bbox 3299 2468 3588 2525; x_wconf 85' lang='lat' dir='ltr'><strong>diceretur.</strong></span> <span class='ocrx_word' id='word_1_397' title='bbox 3614 2468 3727 2525; x_wconf 84' lang='lat' dir='ltr'><strong>Ad-</strong></span> 
     </span>
    </p>
   </div>
   <div class='ocr_carea' id='block_1_54' title="bbox 2126 2562 3726 2635">
    <p class='ocr_par' dir='ltr' id='par_1_54' title="bbox 2126 2562 3726 2635">
     <span class='ocr_line' id='line_1_54' title="bbox 2126 2562 3726 2635; baseline -0.003 -15"><span class='ocrx_word' id='word_1_398' title='bbox 2126 2564 2270 2620; x_wconf 90' lang='lat' dir='ltr'><strong>dunt</strong></span> <span class='ocrx_word' id='word_1_399' title='bbox 2309 2580 2436 2619; x_wconf 91' lang='lat' dir='ltr'><strong>vero</strong></span> <span class='ocrx_word' id='word_1_400' title='bbox 2467 2564 2566 2619; x_wconf 90' lang='lat' dir='ltr'><strong>ista</strong></span> <span class='ocrx_word' id='word_1_401' title='bbox 2596 2564 2662 2619; x_wconf 89' lang='lat' dir='ltr'><strong>de</strong></span> <span class='ocrx_word' id='word_1_402' title='bbox 2693 2562 2829 2618; x_wconf 87' lang='lat' dir='ltr'><strong>fabri</strong></span> <span class='ocrx_word' id='word_1_403' title='bbox 2862 2563 2992 2630; x_wconf 85' lang='lat' dir='ltr'><strong>ﬁlio,</strong></span> <span class='ocrx_word' id='word_1_404' title='bbox 3016 2563 3182 2634; x_wconf 91' lang='lat' dir='ltr'><strong>quod,</strong></span> <span class='ocrx_word' id='word_1_405' title='bbox 3209 2579 3336 2619; x_wconf 88' lang='lat' dir='ltr'><strong>cum</strong></span> <span class='ocrx_word' id='word_1_406' title='bbox 3364 2579 3495 2635; x_wconf 89' lang='lat' dir='ltr'><strong>puer</strong></span> <span class='ocrx_word' id='word_1_407' title='bbox 3523 2563 3726 2619; x_wconf 88' lang='lat' dir='ltr'><strong>luderet</strong></span> 
     </span>
    </p>
   </div>
   <div class='ocr_carea' id='block_1_55' title="bbox 2128 2656 3723 2730">
    <p class='ocr_par' dir='ltr' id='par_1_55' title="bbox 2128 2656 3723 2730">
     <span class='ocr_line' id='line_1_55' title="bbox 2128 2656 3723 2730; baseline -0.001 -16"><span class='ocrx_word' id='word_1_408' title='bbox 2128 2658 2197 2714; x_wconf 90' lang='lat' dir='ltr'><strong>ad</strong></span> <span class='ocrx_word' id='word_1_409' title='bbox 2251 2658 2414 2730; x_wconf 88' lang='lat' dir='ltr'><strong>pedes</strong></span> <span class='ocrx_word' id='word_1_410' title='bbox 2461 2658 2645 2729; x_wconf 87' lang='lat' dir='ltr'><strong>patris,</strong></span> <span class='ocrx_word' id='word_1_411' title='bbox 2694 2657 2838 2728; x_wconf 91' lang='lat' dir='ltr'><strong>ligna</strong></span> <span class='ocrx_word' id='word_1_412' title='bbox 2867 2656 3133 2723; x_wconf 89' lang='lat' dir='ltr'><strong>dolantis;</strong></span> <span class='ocrx_word' id='word_1_413' title='bbox 3166 2673 3230 2713; x_wconf 87' lang='lat' dir='ltr'><strong>ex</strong></span> <span class='ocrx_word' id='word_1_414' title='bbox 3280 2657 3599 2730; x_wconf 89' lang='lat' dir='ltr'><strong>rejectaneis</strong></span> <span class='ocrx_word' id='word_1_415' title='bbox 3641 2672 3723 2712; x_wconf 91' lang='lat' dir='ltr'><strong>se-</strong></span> 
     </span>
    </p>
   </div>
   <div class='ocr_carea' id='block_1_56' title="bbox 2132 2748 3725 2824">
    <p class='ocr_par' dir='ltr' id='par_1_56' title="bbox 2132 2748 3725 2824">
     <span class='ocr_line' id='line_1_56' title="bbox 2132 2748 3725 2824; baseline -0.001 -17"><span class='ocrx_word' id='word_1_416' title='bbox 2132 2752 2384 2824; x_wconf 89' lang='lat' dir='ltr'><strong>gmentis,</strong></span> <span class='ocrx_word' id='word_1_417' title='bbox 2410 2767 2537 2807; x_wconf 92' lang='lat' dir='ltr'><strong>cum</strong></span> <span class='ocrx_word' id='word_1_418' title='bbox 2557 2751 2796 2806; x_wconf 89' lang='lat' dir='ltr'><strong>nesciret</strong></span> <span class='ocrx_word' id='word_1_419' title='bbox 2816 2751 3044 2817; x_wconf 80' lang='lat' dir='ltr'><strong>litteras,</strong></span> <span class='ocrx_word' id='word_1_420' title='bbox 3071 2766 3200 2806; x_wconf 91' lang='lat' dir='ltr'><strong>casu</strong></span> <span class='ocrx_word' id='word_1_421' title='bbox 3220 2751 3582 2807; x_wconf 90' lang='lat' dir='ltr'><strong>elementailla</strong></span> <span class='ocrx_word' id='word_1_422' title='bbox 3610 2748 3725 2805; x_wconf 89' lang='lat' dir='ltr'><strong>for-</strong></span> 
     </span>
    </p>
   </div>
   <div class='ocr_carea' id='block_1_57' title="bbox 2129 2844 3725 2917">
    <p class='ocr_par' dir='ltr' id='par_1_57' title="bbox 2129 2844 3725 2917">
     <span class='ocr_line' id='line_1_57' title="bbox 2129 2844 3725 2917; baseline -0.001 -17"><span class='ocrx_word' id='word_1_423' title='bbox 2129 2846 2290 2900; x_wconf 89' lang='lat' dir='ltr'><strong>marit</strong></span> <span class='ocrx_word' id='word_1_424' title='bbox 2318 2846 2517 2917; x_wconf 89' lang='lat' dir='ltr'><strong>quibus</strong></span> <span class='ocrx_word' id='word_1_425' title='bbox 2566 2845 2728 2900; x_wconf 91' lang='lat' dir='ltr'><strong>simul</strong></span> <span class='ocrx_word' id='word_1_426' title='bbox 2774 2844 3083 2915; x_wconf 88' lang='lat' dir='ltr'><strong>conjunctis</strong></span> <span class='ocrx_word' id='word_1_427' title='bbox 3114 2845 3249 2901; x_wconf 92' lang='lat' dir='ltr'><strong>illud</strong></span> <span class='ocrx_word' id='word_1_428' title='bbox 3276 2845 3599 2903; x_wconf 88' lang='lat' dir='ltr'><strong>Davidicum</strong></span> <span class='ocrx_word' id='word_1_429' title='bbox 3626 2860 3725 2900; x_wconf 90' lang='lat' dir='ltr'><strong>ex-</strong></span> 
     </span>
    </p>
   </div>
   <div class='ocr_carea' id='block_1_58' title="bbox 2128 2937 3726 3010">
    <p class='ocr_par' dir='ltr' id='par_1_58' title="bbox 2128 2937 3726 3010">
     <span class='ocr_line' id='line_1_58' title="bbox 2128 2937 3726 3010; baseline 0 -17"><span class='ocrx_word' id='word_1_430' title='bbox 2128 2940 2462 3010; x_wconf 89' lang='lat' dir='ltr'><strong>primeretur</strong></span> <span class='ocrx_word' id='word_1_431' title='bbox 2479 2938 2762 2993; x_wconf 86' lang='lat' dir='ltr'><strong>oraculum</strong></span> <span class='ocrx_word' id='word_1_432' title='bbox 2788 2957 2800 2991; x_wconf 89' lang='lat'><strong>:</strong></span> <span class='ocrx_word' id='word_1_433' title='bbox 2823 2939 3207 2993; x_wconf 89' lang='lat' dir='ltr'><strong>Dominabitur</strong></span> <span class='ocrx_word' id='word_1_434' title='bbox 3233 2954 3263 2993; x_wconf 92' lang='lat' dir='ltr'><strong>a</strong></span> <span class='ocrx_word' id='word_1_435' title='bbox 3289 2939 3429 2993; x_wconf 91' lang='lat' dir='ltr'><strong>mari</strong></span> <span class='ocrx_word' id='word_1_436' title='bbox 3456 2953 3629 3009; x_wconf 91' lang='lat' dir='ltr'><strong>usque</strong></span> <span class='ocrx_word' id='word_1_437' title='bbox 3656 2937 3726 2993; x_wconf 91' lang='lat' dir='ltr'><strong>ad</strong></span> 
     </span>
    </p>
   </div>
   <div class='ocr_carea' id='block_1_59' title="bbox 419 3029 3724 3115">
    <p class='ocr_par' dir='ltr' id='par_1_59' title="bbox 419 3029 3724 3115">
     <span class='ocr_line' id='line_1_59' title="bbox 419 3029 3724 3115; baseline 0 -30"><span class='ocrx_word' id='word_1_438' title='bbox 419 3031 512 3101; x_wconf 90' lang='lat' dir='ltr'><strong>qui</strong></span> <span class='ocrx_word' id='word_1_439' title='bbox 534 3033 734 3086; x_wconf 87' lang='lat' dir='ltr'><strong>Comes</strong></span> <span class='ocrx_word' id='word_1_440' title='bbox 771 3030 1073 3085; x_wconf 89' lang='lat' dir='ltr'><strong>Soanensis</strong></span> <span class='ocrx_word' id='word_1_441' title='bbox 1111 3029 1269 3084; x_wconf 91' lang='lat' dir='ltr'><strong>simul</strong></span> <span class='ocrx_word' id='word_1_442' title='bbox 1301 3038 1355 3085; x_wconf 88' lang='lat' dir='ltr'><strong>et</strong></span> <span class='ocrx_word' id='word_1_443' title='bbox 1381 3030 1597 3085; x_wconf 69' lang='lat' dir='ltr'><strong>Tusciae</strong></span> <span class='ocrx_word' id='word_1_444' title='bbox 1626 3031 1897 3097; x_wconf 85' lang='lat' dir='ltr'><strong>Marchio,</strong></span> <span class='ocrx_word' id='word_1_445' title='bbox 1925 3047 2023 3102; x_wconf 86' lang='lat' dir='ltr'><strong>ge-</strong></span> <span class='ocrx_word' id='word_1_446' title='bbox 2059 3052 2103 3115; x_wconf 69' lang='grc' dir='ltr'><strong>ρ</strong></span> <span class='ocrx_word' id='word_1_447' title='bbox 2134 3048 2287 3087; x_wconf 87' lang='lat' dir='ltr'><strong>mare</strong></span> <span class='ocrx_word' id='word_1_448' title='bbox 2340 3035 2448 3097; x_wconf 89' lang='lat' dir='ltr'><strong>(Ps.</strong></span> <span class='ocrx_word' id='word_1_449' title='bbox 2503 3046 2698 3099; x_wconf 76' lang='lat' dir='ltr'><strong>LXXII,</strong></span> <span class='ocrx_word' id='word_1_450' title='bbox 2730 3038 2812 3097; x_wconf 84' lang='lat'><strong>8);</strong></span> <span class='ocrx_word' id='word_1_451' title='bbox 2869 3047 2975 3101; x_wconf 90' lang='lat' dir='ltr'><strong>quo</strong></span> <span class='ocrx_word' id='word_1_452' title='bbox 3031 3031 3448 3102; x_wconf 86' lang='lat' dir='ltr'><strong>significaretur,</strong></span> <span class='ocrx_word' id='word_1_453' title='bbox 3499 3046 3724 3085; x_wconf 89' lang='lat' dir='ltr'><strong>manum</strong></span> 
     </span>
    </p>
   </div>
   <div class='ocr_carea' id='block_1_60' title="bbox 419 3122 2019 3189">
    <p class='ocr_par' dir='ltr' id='par_1_60' title="bbox 419 3122 2019 3189">
     <span class='ocr_line' id='line_1_60' title="bbox 419 3122 2019 3189; baseline 0 -12"><span class='ocrx_word' id='word_1_454' title='bbox 419 3122 604 3177; x_wconf 89' lang='lat' dir='ltr'><strong>nuerit</strong></span> <span class='ocrx_word' id='word_1_455' title='bbox 625 3123 839 3189; x_wconf 88' lang='lat' dir='ltr'><strong>Villam,</strong></span> <span class='ocrx_word' id='word_1_456' title='bbox 869 3131 1106 3177; x_wconf 87' lang='lat' dir='ltr'><strong>matrem</strong></span> <span class='ocrx_word' id='word_1_457' title='bbox 1127 3125 1184 3178; x_wconf 93' lang='lat' dir='ltr'><strong>S.</strong></span> <span class='ocrx_word' id='word_1_458' title='bbox 1207 3122 1435 3177; x_wconf 86' lang='lat' dir='ltr'><strong>Joannis</strong></span> <span class='ocrx_word' id='word_1_459' title='bbox 1465 3123 1746 3178; x_wconf 88' lang='lat' dir='ltr'><strong>Gualberti</strong></span> <span class='ocrx_word' id='word_1_460' title='bbox 1777 3123 2019 3178; x_wconf 88' lang='lat' dir='ltr'><strong>Vallum-</strong></span> 
     </span>
    </p>
   </div>
   <div class='ocr_carea' id='block_1_61' title="bbox 422 3214 2016 3284">
    <p class='ocr_par' dir='ltr' id='par_1_61' title="bbox 422 3214 2016 3284">
     <span class='ocr_line' id='line_1_61' title="bbox 422 3214 2016 3284; baseline -0.001 -14"><span class='ocrx_word' id='word_1_461' title='bbox 422 3215 786 3271; x_wconf 88' lang='lat' dir='ltr'><strong>brosanorum</strong></span> <span class='ocrx_word' id='word_1_462' title='bbox 828 3214 1188 3281; x_wconf 87' lang='lat' dir='ltr'><strong>Fundatoris;</strong></span> <span class='ocrx_word' id='word_1_463' title='bbox 1219 3224 1275 3270; x_wconf 89' lang='lat' dir='ltr'><strong>et</strong></span> <span class='ocrx_word' id='word_1_464' title='bbox 1299 3215 1657 3284; x_wconf 90' lang='lat' dir='ltr'><strong>Bonizonem,</strong></span> <span class='ocrx_word' id='word_1_465' title='bbox 1704 3232 1851 3271; x_wconf 90' lang='lat' dir='ltr'><strong>anno</strong></span> <span class='ocrx_word' id='word_1_466' title='bbox 1891 3221 2016 3271; x_wconf 87' lang='lat'><strong>979.</strong></span> 
     </span>
    </p>
   </div>
   <div class='ocr_carea' id='block_1_62' title="bbox 419 3307 2016 3381">
    <p class='ocr_par' dir='ltr' id='par_1_62' title="bbox 419 3307 2016 3381">
     <span class='ocr_line' id='line_1_62' title="bbox 419 3307 2016 3381; baseline 0.001 -16"><span class='ocrx_word' id='word_1_467' title='bbox 419 3308 691 3375; x_wconf 75' lang='lat' dir='ltr'><strong>Comitem</strong></span> <span class='ocrx_word' id='word_1_468' title='bbox 733 3307 1141 3363; x_wconf 90' lang='lat' dir='ltr'><strong>Pitaliciensem</strong></span> <span class='ocrx_word' id='word_1_469' title='bbox 1194 3324 1257 3363; x_wconf 91' lang='lat' dir='ltr'><strong>ac</strong></span> <span class='ocrx_word' id='word_1_470' title='bbox 1304 3312 1666 3377; x_wconf 87' lang='lat' dir='ltr'><strong>Soanensem,</strong></span> <span class='ocrx_word' id='word_1_471' title='bbox 1701 3319 1913 3381; x_wconf 90' lang='lat' dir='ltr'><strong>patrem</strong></span> <span class='ocrx_word' id='word_1_472' title='bbox 1961 3313 2016 3366; x_wconf 93' lang='lat' dir='ltr'><strong>S.</strong></span> 
     </span>
    </p>
   </div>
   <div class='ocr_carea' id='block_1_63' title="bbox 421 3401 2023 3474">
    <p class='ocr_par' dir='ltr' id='par_1_63' title="bbox 421 3401 2023 3474">
     <span class='ocr_line' id='line_1_63' title="bbox 421 3401 2023 3474; baseline 0.001 -16"><span class='ocrx_word' id='word_1_473' title='bbox 421 3402 673 3472; x_wconf 88' lang='lat' dir='ltr'><strong>Gregorii</strong></span> <span class='ocrx_word' id='word_1_474' title='bbox 699 3404 858 3474; x_wconf 65' lang='lat' dir='ltr'><strong>Papae</strong></span> <span class='ocrx_word' id='word_1_475' title='bbox 884 3402 1007 3469; x_wconf 91' lang='lat' dir='ltr'><strong>Vll,</strong></span> <span class='ocrx_word' id='word_1_476' title='bbox 1055 3401 1191 3459; x_wconf 90' lang='lat' dir='ltr'><strong>adeo</strong></span> <span class='ocrx_word' id='word_1_477' title='bbox 1217 3411 1279 3459; x_wconf 92' lang='lat' dir='ltr'><strong>ut</strong></span> <span class='ocrx_word' id='word_1_478' title='bbox 1305 3403 1623 3459; x_wconf 90' lang='lat' dir='ltr'><strong>consobrini</strong></span> <span class='ocrx_word' id='word_1_479' title='bbox 1650 3404 1790 3459; x_wconf 86' lang='lat' dir='ltr'><strong>inter</strong></span> <span class='ocrx_word' id='word_1_480' title='bbox 1822 3403 2023 3460; x_wconf 89' lang='lat' dir='ltr'><strong>fuerint</strong></span> 
     </span>
    </p>
   </div>
   <div class='ocr_carea' id='block_1_64' title="bbox 420 3495 2021 3568">
    <p class='ocr_par' dir='ltr' id='par_1_64' title="bbox 420 3495 2021 3568">
     <span class='ocr_line' id='line_1_64' title="bbox 420 3495 2021 3568; baseline 0.002 -18"><span class='ocrx_word' id='word_1_481' title='bbox 420 3495 592 3551; x_wconf 89' lang='lat' dir='ltr'><strong>sancti</strong></span> <span class='ocrx_word' id='word_1_482' title='bbox 624 3495 767 3551; x_wconf 90' lang='lat' dir='ltr'><strong>illius</strong></span> <span class='ocrx_word' id='word_1_483' title='bbox 791 3496 922 3563; x_wconf 93' lang='lat' dir='ltr'><strong>duo,</strong></span> <span class='ocrx_word' id='word_1_484' title='bbox 954 3496 1139 3551; x_wconf 82' lang='lat' dir='ltr'><strong>Abbas</strong></span> <span class='ocrx_word' id='word_1_485' title='bbox 1160 3505 1213 3552; x_wconf 90' lang='lat' dir='ltr'><strong>et</strong></span> <span class='ocrx_word' id='word_1_486' title='bbox 1234 3495 1503 3553; x_wconf 86' lang='lat' dir='ltr'><strong>Pontifex.</strong></span> <span class='ocrx_word' id='word_1_487' title='bbox 1532 3500 1613 3552; x_wconf 86' lang='lat' dir='ltr'><strong>Ex</strong></span> <span class='ocrx_word' id='word_1_488' title='bbox 1636 3497 1831 3553; x_wconf 89' lang='lat' dir='ltr'><strong>eodem</strong></span> <span class='ocrx_word' id='word_1_489' title='bbox 1859 3514 2021 3568; x_wconf 92' lang='lat' dir='ltr'><strong>porro</strong></span> 
     </span>
    </p>
   </div>
   <div class='ocr_carea' id='block_1_65' title="bbox 422 3588 2023 3656">
    <p class='ocr_par' dir='ltr' id='par_1_65' title="bbox 422 3588 2023 3656">
     <span class='ocr_line' id='line_1_65' title="bbox 422 3588 2023 3656; baseline 0.001 -12"><span class='ocrx_word' id='word_1_490' title='bbox 422 3588 701 3645; x_wconf 89' lang='lat' dir='ltr'><strong>Bonizone</strong></span> <span class='ocrx_word' id='word_1_491' title='bbox 726 3589 1038 3645; x_wconf 89' lang='lat' dir='ltr'><strong>Petraccius</strong></span> <span class='ocrx_word' id='word_1_492' title='bbox 1079 3588 1211 3644; x_wconf 91' lang='lat' dir='ltr'><strong>facit</strong></span> <span class='ocrx_word' id='word_1_493' title='bbox 1240 3589 1393 3645; x_wconf 90' lang='lat' dir='ltr'><strong>nasci</strong></span> <span class='ocrx_word' id='word_1_494' title='bbox 1435 3590 1804 3656; x_wconf 90' lang='lat' dir='ltr'><strong>Desiderium,</strong></span> <span class='ocrx_word' id='word_1_495' title='bbox 1837 3591 2023 3646; x_wconf 89' lang='lat' dir='ltr'><strong>Comi-</strong></span> 
     </span>
    </p>
   </div>
   <div class='ocr_carea' id='block_1_66' title="bbox 422 3682 2021 3755">
    <p class='ocr_par' dir='ltr' id='par_1_66' title="bbox 422 3682 2021 3755">
     <span class='ocr_line' id='line_1_66' title="bbox 422 3682 2021 3755; baseline 0.001 -17"><span class='ocrx_word' id='word_1_496' title='bbox 422 3692 536 3738; x_wconf 88' lang='lat' dir='ltr'><strong>tem</strong></span> <span class='ocrx_word' id='word_1_497' title='bbox 565 3685 922 3749; x_wconf 90' lang='lat' dir='ltr'><strong>Soanensem,</strong></span> <span class='ocrx_word' id='word_1_498' title='bbox 954 3697 983 3736; x_wconf 91' lang='lat' dir='ltr'><strong>a</strong></span> <span class='ocrx_word' id='word_1_499' title='bbox 1004 3698 1122 3752; x_wconf 91' lang='lat' dir='ltr'><strong>quo</strong></span> <span class='ocrx_word' id='word_1_500' title='bbox 1150 3682 1368 3753; x_wconf 90' lang='lat' dir='ltr'><strong>genitus</strong></span> <span class='ocrx_word' id='word_1_501' title='bbox 1414 3682 1489 3738; x_wconf 92' lang='lat' dir='ltr'><strong>sit</strong></span> <span class='ocrx_word' id='word_1_502' title='bbox 1516 3686 1708 3739; x_wconf 87' lang='lat' dir='ltr'><strong>Petrus</strong></span> <span class='ocrx_word' id='word_1_503' title='bbox 1740 3686 1935 3755; x_wconf 90' lang='lat' dir='ltr'><strong>Igneus</strong></span> <span class='ocrx_word' id='word_1_504' title='bbox 1955 3700 2021 3739; x_wconf 84' lang='lat' dir='ltr'><strong>ex</strong></span> 
     </span>
    </p>
   </div>
   <div class='ocr_carea' id='block_1_67' title="bbox 423 3774 2020 3841">
    <p class='ocr_par' dir='ltr' id='par_1_67' title="bbox 423 3774 2020 3841">
     <span class='ocr_line' id='line_1_67' title="bbox 423 3774 2020 3841; baseline 0 -9"><span class='ocrx_word' id='word_1_505' title='bbox 423 3775 633 3832; x_wconf 91' lang='lat' dir='ltr'><strong>Ordine</strong></span> <span class='ocrx_word' id='word_1_506' title='bbox 677 3774 1137 3831; x_wconf 90' lang='lat' dir='ltr'><strong>Vallumbrosano</strong></span> <span class='ocrx_word' id='word_1_507' title='bbox 1197 3775 1519 3841; x_wconf 90' lang='lat' dir='ltr'><strong>Cardinalis,</strong></span> <span class='ocrx_word' id='word_1_508' title='bbox 1572 3776 1867 3832; x_wconf 89' lang='lat' dir='ltr'><strong>defunctus</strong></span> <span class='ocrx_word' id='word_1_509' title='bbox 1922 3793 2020 3833; x_wconf 90' lang='lat' dir='ltr'><strong>an-</strong></span> 
     </span>
    </p>
   </div>
   <div class='ocr_carea' id='block_1_68' title="bbox 422 3867 2017 3940">
    <p class='ocr_par' dir='ltr' id='par_1_68' title="bbox 422 3867 2017 3940">
     <span class='ocr_line' id='line_1_68' title="bbox 422 3867 2017 3940; baseline 0.002 -17"><span class='ocrx_word' id='word_1_510' title='bbox 422 3885 499 3923; x_wconf 92' lang='lat' dir='ltr'><strong>no</strong></span> <span class='ocrx_word' id='word_1_511' title='bbox 537 3875 689 3924; x_wconf 79' lang='lat'><strong>1078.</strong></span> <span class='ocrx_word' id='word_1_512' title='bbox 722 3868 860 3925; x_wconf 90' lang='lat' dir='ltr'><strong>die8</strong></span> <span class='ocrx_word' id='word_1_513' title='bbox 891 3867 1208 3937; x_wconf 82' lang='lat' dir='ltr'><strong>Februarii;</strong></span> <span class='ocrx_word' id='word_1_514' title='bbox 1236 3877 1291 3924; x_wconf 91' lang='lat' dir='ltr'><strong>et</strong></span> <span class='ocrx_word' id='word_1_515' title='bbox 1338 3868 1719 3940; x_wconf 84' lang='lat' dir='ltr'><strong>Aldobranda,</strong></span> <span class='ocrx_word' id='word_1_516' title='bbox 1764 3879 1937 3926; x_wconf 86' lang='lat' dir='ltr'><strong>mater</strong></span> <span class='ocrx_word' id='word_1_517' title='bbox 1960 3872 2017 3927; x_wconf 93' lang='lat' dir='ltr'><strong>S.</strong></span> 
     </span>
    </p>
   </div>
   <div class='ocr_carea' id='block_1_69' title="bbox 427 3959 2023 4035">
    <p class='ocr_par' dir='ltr' id='par_1_69' title="bbox 427 3959 2023 4035">
     <span class='ocr_line' id='line_1_69' title="bbox 427 3959 2023 4035; baseline 0.001 -18"><span class='ocrx_word' id='word_1_518' title='bbox 427 3959 711 4030; x_wconf 86' lang='lat' dir='ltr'><strong>Bernardi,</strong></span> <span class='ocrx_word' id='word_1_519' title='bbox 749 3977 813 4017; x_wconf 82' lang='lat' dir='ltr'><strong>ex</strong></span> <span class='ocrx_word' id='word_1_520' title='bbox 847 3961 1044 4017; x_wconf 89' lang='lat' dir='ltr'><strong>eodem</strong></span> <span class='ocrx_word' id='word_1_521' title='bbox 1081 3960 1287 4018; x_wconf 88' lang='lat' dir='ltr'><strong>Ordine</strong></span> <span class='ocrx_word' id='word_1_522' title='bbox 1328 3962 1579 4035; x_wconf 91' lang='lat' dir='ltr'><strong>Episcopi</strong></span> <span class='ocrx_word' id='word_1_523' title='bbox 1618 3964 1929 4019; x_wconf 89' lang='lat' dir='ltr'><strong>Parmensis</strong></span> <span class='ocrx_word' id='word_1_524' title='bbox 1964 3972 2023 4021; x_wconf 91' lang='lat' dir='ltr'><strong>et</strong></span> 
     </span>
    </p>
   </div>
   <div class='ocr_carea' id='block_1_70' title="bbox 429 4054 2020 4122">
    <p class='ocr_par' dir='ltr' id='par_1_70' title="bbox 429 4054 2020 4122">
     <span class='ocr_line' id='line_1_70' title="bbox 429 4054 2020 4122; baseline 0 -10"><span class='ocrx_word' id='word_1_525' title='bbox 429 4055 750 4122; x_wconf 88' lang='lat' dir='ltr'><strong>Cardinalis,</strong></span> <span class='ocrx_word' id='word_1_526' title='bbox 792 4054 1042 4111; x_wconf 88' lang='lat' dir='ltr'><strong>defuncti</strong></span> <span class='ocrx_word' id='word_1_527' title='bbox 1079 4071 1224 4110; x_wconf 88' lang='lat' dir='ltr'><strong>anno</strong></span> <span class='ocrx_word' id='word_1_528' title='bbox 1261 4062 1417 4112; x_wconf 82' lang='lat'><strong>1133.</strong></span> <span class='ocrx_word' id='word_1_529' title='bbox 1454 4055 1542 4112; x_wconf 87' lang='lat' dir='ltr'><strong>die</strong></span> <span class='ocrx_word' id='word_1_530' title='bbox 1584 4062 1639 4112; x_wconf 88' lang='lat'><strong>4.</strong></span> <span class='ocrx_word' id='word_1_531' title='bbox 1679 4059 2020 4114; x_wconf 89' lang='lat' dir='ltr'><strong>Decembris.</strong></span> 
     </span>
    </p>
   </div>
   <div class='ocr_carea' id='block_1_71' title="bbox 430 4147 2020 4222">
    <p class='ocr_par' dir='ltr' id='par_1_71' title="bbox 430 4147 2020 4222">
     <span class='ocr_line' id='line_1_71' title="bbox 430 4147 2020 4222; baseline 0.003 -19"><span class='ocrx_word' id='word_1_532' title='bbox 430 4150 504 4204; x_wconf 92' lang='lat' dir='ltr'><strong>lta</strong></span> <span class='ocrx_word' id='word_1_533' title='bbox 545 4148 653 4204; x_wconf 94' lang='lat' dir='ltr'><strong>ille.</strong></span> <span class='ocrx_word' id='word_1_534' title='bbox 697 4148 821 4204; x_wconf 88' lang='lat' dir='ltr'><strong>Alia</strong></span> <span class='ocrx_word' id='word_1_535' title='bbox 866 4147 1061 4205; x_wconf 89' lang='lat' dir='ltr'><strong>deinde</strong></span> <span class='ocrx_word' id='word_1_536' title='bbox 1125 4148 1424 4206; x_wconf 72' lang='lat' dir='ltr'><strong>Schematis</strong></span> <span class='ocrx_word' id='word_1_537' title='bbox 1453 4150 1703 4222; x_wconf 87' lang='lat' dir='ltr'><strong>ejusdem</strong></span> <span class='ocrx_word' id='word_1_538' title='bbox 1748 4159 1919 4222; x_wconf 87' lang='lat' dir='ltr'><strong>parte,</strong></span> <span class='ocrx_word' id='word_1_539' title='bbox 1966 4154 2020 4207; x_wconf 92' lang='lat' dir='ltr'><strong>S.</strong></span> 
     </span>
    </p>
   </div>
   <div class='ocr_carea' id='block_1_72' title="bbox 428 4242 2023 4316">
    <p class='ocr_par' dir='ltr' id='par_1_72' title="bbox 428 4242 2023 4316">
     <span class='ocr_line' id='line_1_72' title="bbox 428 4242 2023 4316; baseline 0.001 -17"><span class='ocrx_word' id='word_1_540' title='bbox 428 4242 712 4299; x_wconf 91' lang='lat' dir='ltr'><strong>Gualberti</strong></span> <span class='ocrx_word' id='word_1_541' title='bbox 742 4250 1031 4314; x_wconf 89' lang='lat' dir='ltr'><strong>paternum</strong></span> <span class='ocrx_word' id='word_1_542' title='bbox 1070 4258 1238 4316; x_wconf 90' lang='lat' dir='ltr'><strong>genus</strong></span> <span class='ocrx_word' id='word_1_543' title='bbox 1262 4242 1417 4299; x_wconf 92' lang='lat' dir='ltr'><strong>ducit</strong></span> <span class='ocrx_word' id='word_1_544' title='bbox 1443 4259 1471 4298; x_wconf 91' lang='lat' dir='ltr'><strong>a</strong></span> <span class='ocrx_word' id='word_1_545' title='bbox 1522 4243 1765 4315; x_wconf 91' lang='lat' dir='ltr'><strong>quodam</strong></span> <span class='ocrx_word' id='word_1_546' title='bbox 1798 4244 2023 4301; x_wconf 89' lang='lat' dir='ltr'><strong>Schiava</strong></span> 
     </span>
    </p>
   </div>
   <div class='ocr_carea' id='block_1_73' title="bbox 426 4336 2024 4410">
    <p class='ocr_par' dir='ltr' id='par_1_73' title="bbox 426 4336 2024 4410">
     <span class='ocr_line' id='line_1_73' title="bbox 426 4336 2024 4410; baseline 0.001 -18"><span class='ocrx_word' id='word_1_547' title='bbox 426 4336 635 4392; x_wconf 90' lang='lat' dir='ltr'><strong>Comite</strong></span> <span class='ocrx_word' id='word_1_548' title='bbox 677 4336 1097 4402; x_wconf 70' lang='lat' dir='ltr'><strong>Vallis-Pesciae,</strong></span> <span class='ocrx_word' id='word_1_549' title='bbox 1140 4352 1207 4392; x_wconf 84' lang='lat' dir='ltr'><strong>ex</strong></span> <span class='ocrx_word' id='word_1_550' title='bbox 1239 4337 1733 4409; x_wconf 88' lang='lat' dir='ltr'><strong>Longobardorum</strong></span> <span class='ocrx_word' id='word_1_551' title='bbox 1779 4338 2024 4410; x_wconf 83' lang='lat' dir='ltr'><strong>Regibus</strong></span> 
     </span>
    </p>
   </div>
   <div class='ocr_carea' id='block_1_74' title="bbox 426 4429 2025 4499">
    <p class='ocr_par' dir='ltr' id='par_1_74' title="bbox 426 4429 2025 4499">
     <span class='ocr_line' id='line_1_74' title="bbox 426 4429 2025 4499; baseline 0.001 -14"><span class='ocrx_word' id='word_1_552' title='bbox 426 4437 579 4497; x_wconf 89' lang='lat' dir='ltr'><strong>orto;</strong></span> <span class='ocrx_word' id='word_1_553' title='bbox 613 4429 871 4486; x_wconf 87' lang='lat' dir='ltr'><strong>Bernardi</strong></span> <span class='ocrx_word' id='word_1_554' title='bbox 903 4446 1028 4485; x_wconf 85' lang='lat' dir='ltr'><strong>vero</strong></span> <span class='ocrx_word' id='word_1_555' title='bbox 1055 4430 1258 4498; x_wconf 90' lang='lat' dir='ltr'><strong>Sancti,</strong></span> <span class='ocrx_word' id='word_1_556' title='bbox 1288 4446 1354 4486; x_wconf 84' lang='lat' dir='ltr'><strong>ex</strong></span> <span class='ocrx_word' id='word_1_557' title='bbox 1398 4430 1657 4499; x_wconf 89' lang='lat' dir='ltr'><strong>Ubertis;</strong></span> <span class='ocrx_word' id='word_1_558' title='bbox 1689 4430 1901 4487; x_wconf 89' lang='lat' dir='ltr'><strong>familia</strong></span> <span class='ocrx_word' id='word_1_559' title='bbox 1941 4437 2025 4499; x_wconf 91' lang='lat' dir='ltr'><strong>(ut</strong></span> 
     </span>
    </p>
   </div>
   <div class='ocr_carea' id='block_1_75' title="bbox 431 4523 2025 4597">
    <p class='ocr_par' dir='ltr' id='par_1_75' title="bbox 431 4523 2025 4597">
     <span class='ocr_line' id='line_1_75' title="bbox 431 4523 2025 4597; baseline 0.002 -18"><span class='ocrx_word' id='word_1_560' title='bbox 431 4523 771 4579; x_wconf 85' lang='lat' dir='ltr'><strong>Ricordanus</strong></span> <span class='ocrx_word' id='word_1_561' title='bbox 821 4523 1025 4595; x_wconf 88' lang='lat' dir='ltr'><strong>aliique</strong></span> <span class='ocrx_word' id='word_1_562' title='bbox 1077 4524 1287 4590; x_wconf 90' lang='lat' dir='ltr'><strong>volunt)</strong></span> <span class='ocrx_word' id='word_1_563' title='bbox 1342 4524 1411 4580; x_wconf 92' lang='lat' dir='ltr'><strong>ab</strong></span> <span class='ocrx_word' id='word_1_564' title='bbox 1453 4524 1693 4597; x_wconf 90' lang='lat' dir='ltr'><strong>antiquis</strong></span> <span class='ocrx_word' id='word_1_565' title='bbox 1754 4526 2025 4582; x_wconf 86' lang='lat' dir='ltr'><strong>Romanis</strong></span> 
     </span>
    </p>
   </div>
   <div class='ocr_carea' id='block_1_76' title="bbox 431 4618 2021 4690">
    <p class='ocr_par' dir='ltr' id='par_1_76' title="bbox 431 4618 2021 4690">
     <span class='ocr_line' id='line_1_76' title="bbox 431 4618 2021 4690; baseline 0.003 -18"><span class='ocrx_word' id='word_1_566' title='bbox 431 4625 745 4690; x_wconf 83' lang='lat' dir='ltr'><strong>prOpagata,</strong></span> <span class='ocrx_word' id='word_1_567' title='bbox 793 4618 917 4674; x_wconf 88' lang='lat' dir='ltr'><strong>licet</strong></span> <span class='ocrx_word' id='word_1_568' title='bbox 953 4620 1227 4673; x_wconf 87' lang='lat' dir='ltr'><strong>recentius</strong></span> <span class='ocrx_word' id='word_1_569' title='bbox 1274 4633 1478 4673; x_wconf 90' lang='lat' dir='ltr'><strong>nomen</strong></span> <span class='ocrx_word' id='word_1_570' title='bbox 1534 4618 1622 4685; x_wconf 87' lang='lat' dir='ltr'><strong>sit,</strong></span> <span class='ocrx_word' id='word_1_571' title='bbox 1674 4628 1909 4676; x_wconf 88' lang='lat' dir='ltr'><strong>tractum</strong></span> <span class='ocrx_word' id='word_1_572' title='bbox 1952 4620 2021 4676; x_wconf 92' lang='lat' dir='ltr'><strong>ab</strong></span> 
     </span>
    </p>
   </div>
   <div class='ocr_carea' id='block_1_77' title="bbox 426 4710 2019 4785">
    <p class='ocr_par' dir='ltr' id='par_1_77' title="bbox 426 4710 2019 4785">
     <span class='ocr_line' id='line_1_77' title="bbox 426 4710 2019 4785; baseline 0.003 -20"><span class='ocrx_word' id='word_1_573' title='bbox 426 4710 640 4766; x_wconf 90' lang='lat' dir='ltr'><strong>Uberto</strong></span> <span class='ocrx_word' id='word_1_574' title='bbox 668 4710 851 4783; x_wconf 91' lang='lat' dir='ltr'><strong>aliquo</strong></span> <span class='ocrx_word' id='word_1_575' title='bbox 904 4713 1142 4766; x_wconf 88' lang='lat' dir='ltr'><strong>nominis</strong></span> <span class='ocrx_word' id='word_1_576' title='bbox 1184 4711 1305 4783; x_wconf 88' lang='lat' dir='ltr'><strong>ejus</strong></span> <span class='ocrx_word' id='word_1_577' title='bbox 1344 4711 1546 4784; x_wconf 90' lang='lat' dir='ltr'><strong>primo,</strong></span> <span class='ocrx_word' id='word_1_578' title='bbox 1582 4712 1674 4785; x_wconf 91' lang='lat' dir='ltr'><strong>qui</strong></span> <span class='ocrx_word' id='word_1_579' title='bbox 1716 4714 1902 4769; x_wconf 90' lang='lat' dir='ltr'><strong>seculo</strong></span> <span class='ocrx_word' id='word_1_580' title='bbox 1936 4720 2019 4770; x_wconf 84' lang='lat'><strong>10.</strong></span> 
     </span>
    </p>
   </div>
   <div class='ocr_carea' id='block_1_78' title="bbox 429 4803 2022 4875">
    <p class='ocr_par' dir='ltr' id='par_1_78' title="bbox 429 4803 2022 4875">
     <span class='ocr_line' id='line_1_78' title="bbox 429 4803 2022 4875; baseline 0.003 -17"><span class='ocrx_word' id='word_1_581' title='bbox 429 4803 637 4859; x_wconf 83' lang='lat' dir='ltr'><strong>vixerit.</strong></span> <span class='ocrx_word' id='word_1_582' title='bbox 680 4806 852 4861; x_wconf 91' lang='lat' dir='ltr'><strong>Penes</strong></span> <span class='ocrx_word' id='word_1_583' title='bbox 894 4814 1193 4861; x_wconf 90' lang='lat' dir='ltr'><strong>assertores</strong></span> <span class='ocrx_word' id='word_1_584' title='bbox 1229 4805 1472 4875; x_wconf 90' lang='lat' dir='ltr'><strong>probatio</strong></span> <span class='ocrx_word' id='word_1_585' title='bbox 1521 4806 1590 4862; x_wconf 90' lang='lat' dir='ltr'><strong>sit</strong></span> <span class='ocrx_word' id='word_1_586' title='bbox 1625 4807 1854 4863; x_wconf 90' lang='lat' dir='ltr'><strong>istarum</strong></span> <span class='ocrx_word' id='word_1_587' title='bbox 1908 4816 2022 4863; x_wconf 90' lang='lat' dir='ltr'><strong>tam</strong></span> 
     </span>
    </p>
   </div>
   <div class='ocr_carea' id='block_1_79' title="bbox 425 4897 2016 4969">
    <p class='ocr_par' dir='ltr' id='par_1_79' title="bbox 425 4897 2016 4969">
     <span class='ocr_line' id='line_1_79' title="bbox 425 4897 2016 4969; baseline 0.003 -16"><span class='ocrx_word' id='word_1_588' title='bbox 425 4898 781 4969; x_wconf 87' lang='lat' dir='ltr'><strong>antiquarum</strong></span> <span class='ocrx_word' id='word_1_589' title='bbox 813 4897 1088 4969; x_wconf 89' lang='lat' dir='ltr'><strong>originum</strong></span> <span class='ocrx_word' id='word_1_590' title='bbox 1125 4917 1137 4953; x_wconf 85' lang='lat'>:</span> <span class='ocrx_word' id='word_1_591' title='bbox 1190 4899 1498 4954; x_wconf 90' lang='lat' dir='ltr'><strong>Petraccius</strong></span> <span class='ocrx_word' id='word_1_592' title='bbox 1536 4899 1805 4956; x_wconf 90' lang='lat' dir='ltr'><strong>incumbit</strong></span> <span class='ocrx_word' id='word_1_593' title='bbox 1845 4901 2016 4956; x_wconf 94' lang='lat' dir='ltr'><strong>docu-</strong></span> 
     </span>
    </p>
   </div>
   <div class='ocr_carea' id='block_1_80' title="bbox 429 4990 2025 5063">
    <p class='ocr_par' dir='ltr' id='par_1_80' title="bbox 429 4990 2025 5063">
     <span class='ocr_line' id='line_1_80' title="bbox 429 4990 2025 5063; baseline 0.003 -17"><span class='ocrx_word' id='word_1_594' title='bbox 429 5000 610 5047; x_wconf 91' lang='lat' dir='ltr'><strong>menta</strong></span> <span class='ocrx_word' id='word_1_595' title='bbox 649 4990 923 5063; x_wconf 89' lang='lat' dir='ltr'><strong>proferre,</strong></span> <span class='ocrx_word' id='word_1_596' title='bbox 966 4992 1173 5062; x_wconf 91' lang='lat' dir='ltr'><strong>quibus</strong></span> <span class='ocrx_word' id='word_1_597' title='bbox 1218 4995 1553 5049; x_wconf 89' lang='lat' dir='ltr'><strong>Sanctorum</strong></span> <span class='ocrx_word' id='word_1_598' title='bbox 1590 4993 1818 5050; x_wconf 88' lang='lat' dir='ltr'><strong>Joannis</strong></span> <span class='ocrx_word' id='word_1_599' title='bbox 1857 4996 2025 5051; x_wconf 91' lang='lat' dir='ltr'><strong>Gual-</strong></span> 
     </span>
    </p>
   </div>
   <div class='ocr_carea' id='block_1_81' title="bbox 429 5072 2027 5157">
    <p class='ocr_par' dir='ltr' id='par_1_81' title="bbox 429 5072 2027 5157">
     <span class='ocr_line' id='line_1_81' title="bbox 429 5072 2027 5157; baseline 0.002 -17"><span class='ocrx_word' id='word_1_600' title='bbox 429 5085 565 5140; x_wconf 90' lang='lat' dir='ltr'><strong>berti</strong></span> <span class='ocrx_word' id='word_1_601' title='bbox 583 5093 638 5140; x_wconf 89' lang='lat' dir='ltr'><strong>et</strong></span> <span class='ocrx_word' id='word_1_602' title='bbox 660 5072 1062 5157; x_wconf 48' lang='lat' dir='ltr'><strong>Gregorii‘VII.</strong></span> <span class='ocrx_word' id='word_1_603' title='bbox 1087 5087 1359 5156; x_wconf 88' lang='lat' dir='ltr'><strong>processio</strong></span> <span class='ocrx_word' id='word_1_604' title='bbox 1384 5103 1413 5141; x_wconf 91' lang='lat' dir='ltr'><strong>a</strong></span> <span class='ocrx_word' id='word_1_605' title='bbox 1439 5088 1745 5143; x_wconf 88' lang='lat' dir='ltr'><strong>Comitibus</strong></span> <span class='ocrx_word' id='word_1_606' title='bbox 1779 5090 2027 5145; x_wconf 82' lang='lat' dir='ltr'><strong>Soanen-</strong></span> 
     </span>
    </p>
   </div>
   <div class='ocr_carea' id='block_1_82' title="bbox 426 5178 2026 5252">
    <p class='ocr_par' dir='ltr' id='par_1_82' title="bbox 426 5178 2026 5252">
     <span class='ocr_line' id='line_1_82' title="bbox 426 5178 2026 5252; baseline 0.003 -19"><span class='ocrx_word' id='word_1_607' title='bbox 426 5179 594 5240; x_wconf 86' lang='lat' dir='ltr'><strong>sibus,</strong></span> <span class='ocrx_word' id='word_1_608' title='bbox 621 5188 676 5234; x_wconf 89' lang='lat' dir='ltr'><strong>et</strong></span> <span class='ocrx_word' id='word_1_609' title='bbox 702 5178 954 5251; x_wconf 87' lang='lat' dir='ltr'><strong>cognatio</strong></span> <span class='ocrx_word' id='word_1_610' title='bbox 1000 5188 1115 5233; x_wconf 90' lang='lat' dir='ltr'><strong>tam</strong></span> <span class='ocrx_word' id='word_1_611' title='bbox 1155 5179 1481 5251; x_wconf 89' lang='lat' dir='ltr'><strong>propinqua,</strong></span> <span class='ocrx_word' id='word_1_612' title='bbox 1530 5182 1850 5252; x_wconf 87' lang='lat' dir='ltr'><strong>probentur.</strong></span> <span class='ocrx_word' id='word_1_613' title='bbox 1884 5185 2026 5238; x_wconf 84' lang='lat' dir='ltr'><strong>Nam</strong></span> 
     </span>
    </p>
   </div>
   <div class='ocr_carea' id='block_1_83' title="bbox 429 5271 2027 5348">
    <p class='ocr_par' dir='ltr' id='par_1_83' title="bbox 429 5271 2027 5348">
     <span class='ocr_line' id='line_1_83' title="bbox 429 5271 2027 5348; baseline 0.004 -22"><span class='ocrx_word' id='word_1_614' title='bbox 429 5271 690 5344; x_wconf 91' lang='lat' dir='ltr'><strong>quidquid</strong></span> <span class='ocrx_word' id='word_1_615' title='bbox 709 5272 778 5328; x_wconf 93' lang='lat' dir='ltr'><strong>sit</strong></span> <span class='ocrx_word' id='word_1_616' title='bbox 806 5273 875 5328; x_wconf 88' lang='lat' dir='ltr'><strong>de</strong></span> <span class='ocrx_word' id='word_1_617' title='bbox 907 5281 1097 5327; x_wconf 90' lang='lat' dir='ltr'><strong>sancto</strong></span> <span class='ocrx_word' id='word_1_618' title='bbox 1145 5271 1379 5339; x_wconf 85' lang='lat' dir='ltr'><strong>Abbate,</strong></span> <span class='ocrx_word' id='word_1_619' title='bbox 1406 5291 1572 5346; x_wconf 87' lang='lat' dir='ltr'><strong>quem</strong></span> <span class='ocrx_word' id='word_1_620' title='bbox 1612 5275 1779 5331; x_wconf 90' lang='lat' dir='ltr'><strong>nobili</strong></span> <span class='ocrx_word' id='word_1_621' title='bbox 1829 5292 2027 5348; x_wconf 85' lang='lat' dir='ltr'><strong>genere</strong></span> 
     </span>
    </p>
   </div>
   <div class='ocr_carea' id='block_1_84' title="bbox 428 5367 2028 5439">
    <p class='ocr_par' dir='ltr' id='par_1_84' title="bbox 428 5367 2028 5439">
     <span class='ocr_line' id='line_1_84' title="bbox 428 5367 2028 5439; baseline 0.005 -20"><span class='ocrx_word' id='word_1_622' title='bbox 428 5373 613 5421; x_wconf 88' lang='lat' dir='ltr'><strong>natum</strong></span> <span class='ocrx_word' id='word_1_623' title='bbox 639 5375 791 5422; x_wconf 83' lang='lat' dir='ltr'><strong>extra</strong></span> <span class='ocrx_word' id='word_1_624' title='bbox 833 5367 1268 5423; x_wconf 89' lang='lat' dir='ltr'><strong>controversiam</strong></span> <span class='ocrx_word' id='word_1_625' title='bbox 1297 5375 1380 5424; x_wconf 85' lang='lat' dir='ltr'><strong>est</strong></span> <span class='ocrx_word' id='word_1_626' title='bbox 1391 5387 1407 5439; x_wconf 89' lang='lat'><strong>;</strong></span> <span class='ocrx_word' id='word_1_627' title='bbox 1440 5369 1507 5424; x_wconf 90' lang='lat' dir='ltr'><strong>de</strong></span> <span class='ocrx_word' id='word_1_628' title='bbox 1543 5370 1805 5425; x_wconf 85' lang='lat' dir='ltr'><strong>Pontiﬁce</strong></span> <span class='ocrx_word' id='word_1_629' title='bbox 1836 5386 2028 5427; x_wconf 88' lang='lat' dir='ltr'><strong>vereor</strong></span> 
     </span>
    </p>
   </div>
   <div class='ocr_carea' id='block_1_85' title="bbox 427 5458 2028 5535">
    <p class='ocr_par' dir='ltr' id='par_1_85' title="bbox 427 5458 2028 5535">
     <span class='ocr_line' id='line_1_85' title="bbox 427 5458 2028 5535; baseline 0.003 -21"><span class='ocrx_word' id='word_1_630' title='bbox 427 5466 489 5514; x_wconf 91' lang='lat' dir='ltr'><strong>ut</strong></span> <span class='ocrx_word' id='word_1_631' title='bbox 527 5459 832 5517; x_wconf 87' lang='lat' dir='ltr'><strong>Petraccius</strong></span> <span class='ocrx_word' id='word_1_632' title='bbox 873 5459 1023 5516; x_wconf 90' lang='lat' dir='ltr'><strong>aliud</strong></span> <span class='ocrx_word' id='word_1_633' title='bbox 1064 5458 1487 5518; x_wconf 88' lang='lat' dir='ltr'><strong>fundamentum</strong></span> <span class='ocrx_word' id='word_1_634' title='bbox 1534 5462 1804 5531; x_wconf 87' lang='lat' dir='ltr'><strong>habuerit,</strong></span> <span class='ocrx_word' id='word_1_635' title='bbox 1847 5465 2028 5535; x_wconf 90' lang='lat' dir='ltr'><strong>ipsum</strong></span> 
     </span>
    </p>
   </div>
   <div class='ocr_carea' id='block_1_86' title="bbox 428 5552 2029 5629">
    <p class='ocr_par' dir='ltr' id='par_1_86' title="bbox 428 5552 2029 5629">
     <span class='ocr_line' id='line_1_86' title="bbox 428 5552 2029 5629; baseline 0.004 -22"><span class='ocrx_word' id='word_1_636' title='bbox 428 5552 496 5607; x_wconf 91' lang='lat' dir='ltr'><strong>ad</strong></span> <span class='ocrx_word' id='word_1_637' title='bbox 541 5552 1011 5611; x_wconf 78' lang='lat' dir='ltr'><strong>Aldobrandescos</strong></span> <span class='ocrx_word' id='word_1_638' title='bbox 1054 5554 1330 5623; x_wconf 88' lang='lat' dir='ltr'><strong>trahendi,</strong></span> <span class='ocrx_word' id='word_1_639' title='bbox 1377 5573 1541 5629; x_wconf 90' lang='lat' dir='ltr'><strong>quam</strong></span> <span class='ocrx_word' id='word_1_640' title='bbox 1592 5558 1717 5629; x_wconf 86' lang='lat' dir='ltr'><strong>quia</strong></span> <span class='ocrx_word' id='word_1_641' title='bbox 1763 5558 1816 5613; x_wconf 93' lang='lat' dir='ltr'><strong>hi</strong></span> <span class='ocrx_word' id='word_1_642' title='bbox 1860 5573 2029 5629; x_wconf 88' lang='lat' dir='ltr'><strong>genus</strong></span> 
     </span>
    </p>
   </div>
   <div class='ocr_carea' id='block_1_87' title="bbox 427 5646 2024 5721">
    <p class='ocr_par' dir='ltr' id='par_1_87' title="bbox 427 5646 2024 5721">
     <span class='ocr_line' id='line_1_87' title="bbox 427 5646 2024 5721; baseline 0.003 -19"><span class='ocrx_word' id='word_1_643' title='bbox 427 5662 590 5703; x_wconf 88' lang='lat' dir='ltr'><strong>suum</strong></span> <span class='ocrx_word' id='word_1_644' title='bbox 641 5646 886 5703; x_wconf 87' lang='lat' dir='ltr'><strong>referunt</strong></span> <span class='ocrx_word' id='word_1_645' title='bbox 935 5646 1007 5702; x_wconf 89' lang='lat' dir='ltr'><strong>ad</strong></span> <span class='ocrx_word' id='word_1_646' title='bbox 1063 5648 1471 5706; x_wconf 84' lang='lat' dir='ltr'><strong>Hildebrandos</strong></span> <span class='ocrx_word' id='word_1_647' title='bbox 1520 5652 1710 5707; x_wconf 72' lang='lat' dir='ltr'><strong>Soana:</strong></span> <span class='ocrx_word' id='word_1_648' title='bbox 1759 5652 2024 5721; x_wconf 90' lang='lat' dir='ltr'><strong>Comites,</strong></span> 
     </span>
    </p>
   </div>
   <div class='ocr_carea' id='block_1_88' title="bbox 426 5741 2027 5811">
    <p class='ocr_par' dir='ltr' id='par_1_88' title="bbox 426 5741 2027 5811">
     <span class='ocr_line' id='line_1_88' title="bbox 426 5741 2027 5811; baseline 0.004 -16"><span class='ocrx_word' id='word_1_649' title='bbox 426 5742 622 5798; x_wconf 67' lang='lat' dir='ltr'><strong>Soanm</strong></span> <span class='ocrx_word' id='word_1_650' title='bbox 646 5749 830 5799; x_wconf 84' lang='lat' dir='ltr'><strong>autem</strong></span> <span class='ocrx_word' id='word_1_651' title='bbox 858 5741 945 5798; x_wconf 91' lang='lat' dir='ltr'><strong>ille</strong></span> <span class='ocrx_word' id='word_1_652' title='bbox 971 5751 1136 5799; x_wconf 89' lang='lat' dir='ltr'><strong>natus</strong></span> <span class='ocrx_word' id='word_1_653' title='bbox 1160 5743 1385 5811; x_wconf 88' lang='lat' dir='ltr'><strong>dicitur,</strong></span> <span class='ocrx_word' id='word_1_654' title='bbox 1426 5753 1482 5800; x_wconf 89' lang='lat' dir='ltr'><strong>et</strong></span> <span class='ocrx_word' id='word_1_655' title='bbox 1526 5744 1885 5801; x_wconf 85' lang='lat' dir='ltr'><strong>Hildebrandi</strong></span> <span class='ocrx_word' id='word_1_656' title='bbox 1924 5761 2027 5801; x_wconf 93' lang='lat' dir='ltr'><strong>no-</strong></span> 
     </span>
    </p>
   </div>
   <div class='ocr_carea' id='block_1_89' title="bbox 2138 3122 3725 3203">
    <p class='ocr_par' dir='ltr' id='par_1_89' title="bbox 2138 3122 3725 3203">
     <span class='ocr_line' id='line_1_89' title="bbox 2138 3122 3725 3203; baseline -0.002 -23"><span class='ocrx_word' id='word_1_657' title='bbox 2138 3124 2286 3195; x_wconf 88' lang='lat' dir='ltr'><strong>pueri</strong></span> <span class='ocrx_word' id='word_1_658' title='bbox 2309 3124 2568 3181; x_wconf 91' lang='lat' dir='ltr'><strong>ductante</strong></span> <span class='ocrx_word' id='word_1_659' title='bbox 2620 3125 2876 3192; x_wconf 88' lang='lat' dir='ltr'><strong>Numine,</strong></span> <span class='ocrx_word' id='word_1_660' title='bbox 2932 3125 3046 3196; x_wconf 87' lang='lat' dir='ltr'><strong>ejus</strong></span> <span class='ocrx_word' id='word_1_661' title='bbox 3082 3122 3199 3179; x_wconf 86' lang='lat' dir='ltr'><strong>fore</strong></span> <span class='ocrx_word' id='word_1_662' title='bbox 3226 3122 3617 3203; x_wconf 86' lang='lat' dir='ltr'><strong>amplissimam</strong></span> <span class='ocrx_word' id='word_1_663' title='bbox 3670 3123 3725 3177; x_wconf 92' lang='lat' dir='ltr'><strong>in</strong></span> 
     </span>
    </p>
   </div>
   <div class='ocr_carea' id='block_1_90' title="bbox 2130 3215 3727 3285">
    <p class='ocr_par' dir='ltr' id='par_1_90' title="bbox 2130 3215 3727 3285">
     <span class='ocr_line' id='line_1_90' title="bbox 2130 3215 3727 3285; baseline -0.001 -13"><span class='ocrx_word' id='word_1_664' title='bbox 2130 3217 2340 3273; x_wconf 74' lang='lat' dir='ltr'><strong>mundo</strong></span> <span class='ocrx_word' id='word_1_665' title='bbox 2374 3219 2776 3274; x_wconf 90' lang='lat' dir='ltr'><strong>auctoritatem.</strong></span> <span class='ocrx_word' id='word_1_666' title='bbox 2830 3242 2854 3265; x_wconf 75' lang='grc' dir='ltr'><strong>ι»</strong></span> <span class='ocrx_word' id='word_1_667' title='bbox 2899 3219 2981 3272; x_wconf 88' lang='lat' dir='ltr'><strong>Ita</strong></span> <span class='ocrx_word' id='word_1_668' title='bbox 3023 3216 3312 3285; x_wconf 88' lang='lat' dir='ltr'><strong>Baronins,</strong></span> <span class='ocrx_word' id='word_1_669' title='bbox 3359 3215 3458 3272; x_wconf 87' lang='lat' dir='ltr'><strong>sed</strong></span> <span class='ocrx_word' id='word_1_670' title='bbox 3507 3215 3727 3273; x_wconf 89' lang='lat' dir='ltr'><strong>nullum</strong></span> 
     </span>
    </p>
   </div>
   <div class='ocr_carea' id='block_1_91' title="bbox 2131 3309 3728 3383">
    <p class='ocr_par' dir='ltr' id='par_1_91' title="bbox 2131 3309 3728 3383">
     <span class='ocr_line' id='line_1_91' title="bbox 2131 3309 3728 3383; baseline -0.001 -16"><span class='ocrx_word' id='word_1_671' title='bbox 2131 3312 2457 3367; x_wconf 91' lang='lat' dir='ltr'><strong>nominatim</strong></span> <span class='ocrx_word' id='word_1_672' title='bbox 2496 3316 2793 3368; x_wconf 89' lang='lat' dir='ltr'><strong>Auctorem</strong></span> <span class='ocrx_word' id='word_1_673' title='bbox 2823 3312 2903 3366; x_wconf 89' lang='lat' dir='ltr'><strong>vel</strong></span> <span class='ocrx_word' id='word_1_674' title='bbox 2930 3311 2983 3365; x_wconf 91' lang='lat' dir='ltr'><strong>in</strong></span> <span class='ocrx_word' id='word_1_675' title='bbox 3014 3310 3257 3383; x_wconf 85' lang='lat' dir='ltr'><strong>margine</strong></span> <span class='ocrx_word' id='word_1_676' title='bbox 3312 3309 3541 3365; x_wconf 89' lang='lat' dir='ltr'><strong>laudans</strong></span> <span class='ocrx_word' id='word_1_677' title='bbox 3577 3328 3590 3365; x_wconf 91' lang='lat'>:</span> <span class='ocrx_word' id='word_1_678' title='bbox 3632 3326 3728 3365; x_wconf 88' lang='lat' dir='ltr'><strong>ea-</strong></span> 
     </span>
    </p>
   </div>
   <div class='ocr_carea' id='block_1_92' title="bbox 2131 3403 3728 3477">
    <p class='ocr_par' dir='ltr' id='par_1_92' title="bbox 2131 3403 3728 3477">
     <span class='ocr_line' id='line_1_92' title="bbox 2131 3403 3728 3477; baseline -0.001 -16"><span class='ocrx_word' id='word_1_679' title='bbox 2131 3404 2259 3461; x_wconf 89' lang='lat' dir='ltr'><strong>dem</strong></span> <span class='ocrx_word' id='word_1_680' title='bbox 2285 3422 2411 3461; x_wconf 85' lang='lat' dir='ltr'><strong>vero</strong></span> <span class='ocrx_word' id='word_1_681' title='bbox 2431 3406 2485 3460; x_wconf 91' lang='lat' dir='ltr'><strong>in</strong></span> <span class='ocrx_word' id='word_1_682' title='bbox 2518 3406 2839 3462; x_wconf 90' lang='lat' dir='ltr'><strong>lectionibus</strong></span> <span class='ocrx_word' id='word_1_683' title='bbox 2869 3403 3050 3461; x_wconf 85' lang='lat' dir='ltr'><strong>Officii</strong></span> <span class='ocrx_word' id='word_1_684' title='bbox 3082 3403 3281 3477; x_wconf 91' lang='lat' dir='ltr'><strong>proprii</strong></span> <span class='ocrx_word' id='word_1_685' title='bbox 3311 3403 3389 3459; x_wconf 92' lang='lat' dir='ltr'><strong>sic</strong></span> <span class='ocrx_word' id='word_1_686' title='bbox 3412 3412 3728 3471; x_wconf 88' lang='lat' dir='ltr'><strong>narrantur,</strong></span> 
     </span>
    </p>
   </div>
   <div class='ocr_carea' id='block_1_93' title="bbox 2130 3496 3727 3573">
    <p class='ocr_par' dir='ltr' id='par_1_93' title="bbox 2130 3496 3727 3573">
     <span class='ocr_line' id='line_1_93' title="bbox 2130 3496 3727 3573; baseline 0 -20"><span class='ocrx_word' id='word_1_687' title='bbox 2130 3508 2193 3554; x_wconf 93' lang='lat' dir='ltr'><strong>ut</strong></span> <span class='ocrx_word' id='word_1_688' title='bbox 2224 3499 2433 3571; x_wconf 85' lang='lat' dir='ltr'><strong>generis</strong></span> <span class='ocrx_word' id='word_1_689' title='bbox 2456 3500 2574 3571; x_wconf 89' lang='lat' dir='ltr'><strong>ejus</strong></span> <span class='ocrx_word' id='word_1_690' title='bbox 2598 3499 2922 3573; x_wconf 88' lang='lat' dir='ltr'><strong>ignobilitati</strong></span> <span class='ocrx_word' id='word_1_691' title='bbox 2947 3515 3058 3554; x_wconf 92' lang='lat' dir='ltr'><strong>non</strong></span> <span class='ocrx_word' id='word_1_692' title='bbox 3100 3496 3498 3571; x_wconf 83' lang='lat' dir='ltr'><strong>suffragentur,</strong></span> <span class='ocrx_word' id='word_1_693' title='bbox 3542 3498 3727 3554; x_wconf 90' lang='lat' dir='ltr'><strong>dicun-</strong></span> 
     </span>
    </p>
   </div>
   <div class='ocr_carea' id='block_1_94' title="bbox 2132 3591 3727 3664">
    <p class='ocr_par' dir='ltr' id='par_1_94' title="bbox 2132 3591 3727 3664">
     <span class='ocr_line' id='line_1_94' title="bbox 2132 3591 3727 3664; baseline -0.001 -17"><span class='ocrx_word' id='word_1_694' title='bbox 2132 3602 2223 3648; x_wconf 89' lang='lat' dir='ltr'><strong>tur</strong></span> <span class='ocrx_word' id='word_1_695' title='bbox 2247 3594 2393 3649; x_wconf 92' lang='lat' dir='ltr'><strong>enim</strong></span> <span class='ocrx_word' id='word_1_696' title='bbox 2418 3594 2679 3662; x_wconf 90' lang='lat' dir='ltr'><strong>evenisse,</strong></span> <span class='ocrx_word' id='word_1_697' title='bbox 2715 3618 2738 3641; x_wconf 71' lang='grc' dir='ltr'><strong>α</strong></span> <span class='ocrx_word' id='word_1_698' title='bbox 2774 3608 2902 3649; x_wconf 90' lang='lat' dir='ltr'><strong>cum</strong></span> <span class='ocrx_word' id='word_1_699' title='bbox 2957 3592 3215 3664; x_wconf 89' lang='lat' dir='ltr'><strong>parvulus</strong></span> <span class='ocrx_word' id='word_1_700' title='bbox 3263 3591 3332 3649; x_wconf 90' lang='lat' dir='ltr'><strong>ad</strong></span> <span class='ocrx_word' id='word_1_701' title='bbox 3357 3591 3523 3663; x_wconf 87' lang='lat' dir='ltr'><strong>pedes</strong></span> <span class='ocrx_word' id='word_1_702' title='bbox 3572 3591 3727 3660; x_wconf 88' lang='lat' dir='ltr'><strong>fabri,</strong></span> 
     </span>
    </p>
   </div>
   <div class='ocr_carea' id='block_1_95' title="bbox 2131 3684 3724 3760">
    <p class='ocr_par' dir='ltr' id='par_1_95' title="bbox 2131 3684 3724 3760">
     <span class='ocr_line' id='line_1_95' title="bbox 2131 3684 3724 3760; baseline -0.001 -18"><span class='ocrx_word' id='word_1_703' title='bbox 2131 3687 2273 3760; x_wconf 88' lang='lat' dir='ltr'><strong>ligna</strong></span> <span class='ocrx_word' id='word_1_704' title='bbox 2328 3687 2614 3754; x_wconf 89' lang='lat' dir='ltr'><strong>edalentis,</strong></span> <span class='ocrx_word' id='word_1_705' title='bbox 2640 3688 2756 3758; x_wconf 89' lang='lat' dir='ltr'><strong>jam</strong></span> <span class='ocrx_word' id='word_1_706' title='bbox 2807 3686 3113 3742; x_wconf 90' lang='lat' dir='ltr'><strong>litterarum</strong></span> <span class='ocrx_word' id='word_1_707' title='bbox 3146 3684 3373 3753; x_wconf 91' lang='lat' dir='ltr'><strong>inscius,</strong></span> <span class='ocrx_word' id='word_1_708' title='bbox 3433 3685 3668 3754; x_wconf 91' lang='lat' dir='ltr'><strong>luderet,</strong></span> <span class='ocrx_word' id='word_1_709' title='bbox 3700 3708 3724 3733; x_wconf 71' lang='grc' dir='ltr'><strong>ι</strong></span> 
     </span>
    </p>
   </div>
   <div class='ocr_carea' id='block_1_96' title="bbox 2132 3777 3729 3852">
    <p class='ocr_par' dir='ltr' id='par_1_96' title="bbox 2132 3777 3729 3852">
     <span class='ocr_line' id='line_1_96' title="bbox 2132 3777 3729 3852; baseline -0.002 -17"><span class='ocrx_word' id='word_1_710' title='bbox 2132 3797 2247 3835; x_wconf 90' lang='lat' dir='ltr'><strong>non</strong></span> <span class='ocrx_word' id='word_1_711' title='bbox 2270 3804 2295 3829; x_wconf 72' lang='grc' dir='ltr'><strong>«ι</strong></span> <span class='ocrx_word' id='word_1_712' title='bbox 2325 3781 2392 3837; x_wconf 89' lang='lat' dir='ltr'><strong>ad</strong></span> <span class='ocrx_word' id='word_1_713' title='bbox 2423 3781 2588 3852; x_wconf 88' lang='lat' dir='ltr'><strong>pedes</strong></span> <span class='ocrx_word' id='word_1_714' title='bbox 2611 3779 2780 3851; x_wconf 89' lang='lat' dir='ltr'><strong>patris</strong></span> <span class='ocrx_word' id='word_1_715' title='bbox 2807 3777 2982 3846; x_wconf 89' lang='lat' dir='ltr'><strong>fabri;</strong></span> <span class='ocrx_word' id='word_1_716' title='bbox 3022 3801 3042 3825; x_wconf 77' lang='grc' dir='ltr'><strong>υ</strong></span> <span class='ocrx_word' id='word_1_717' title='bbox 3075 3778 3208 3850; x_wconf 90' lang='lat' dir='ltr'><strong>quin</strong></span> <span class='ocrx_word' id='word_1_718' title='bbox 3258 3779 3437 3851; x_wconf 91' lang='lat' dir='ltr'><strong>potius</strong></span> <span class='ocrx_word' id='word_1_719' title='bbox 3464 3778 3729 3834; x_wconf 90' lang='lat' dir='ltr'><strong>nobilitati</strong></span> 
     </span>
    </p>
   </div>
   <div class='ocr_carea' id='block_1_97' title="bbox 2133 3871 3727 3945">
    <p class='ocr_par' dir='ltr' id='par_1_97' title="bbox 2133 3871 3727 3945">
     <span class='ocr_line' id='line_1_97' title="bbox 2133 3871 3727 3945; baseline -0.001 -16"><span class='ocrx_word' id='word_1_720' title='bbox 2133 3873 2363 3929; x_wconf 89' lang='lat' dir='ltr'><strong>minime</strong></span> <span class='ocrx_word' id='word_1_721' title='bbox 2391 3874 2594 3945; x_wconf 85' lang='lat' dir='ltr'><strong>vulgari</strong></span> <span class='ocrx_word' id='word_1_722' title='bbox 2648 3872 2809 3939; x_wconf 90' lang='lat' dir='ltr'><strong>favet,</strong></span> <span class='ocrx_word' id='word_1_723' title='bbox 2865 3871 3034 3943; x_wconf 91' lang='lat' dir='ltr'><strong>quod,</strong></span> <span class='ocrx_word' id='word_1_724' title='bbox 3076 3872 3130 3926; x_wconf 92' lang='lat' dir='ltr'><strong>in</strong></span> <span class='ocrx_word' id='word_1_725' title='bbox 3165 3875 3299 3927; x_wconf 90' lang='lat' dir='ltr'><strong>Mss.</strong></span> <span class='ocrx_word' id='word_1_726' title='bbox 3340 3872 3546 3928; x_wconf 89' lang='lat' dir='ltr'><strong>nostris</strong></span> <span class='ocrx_word' id='word_1_727' title='bbox 3588 3871 3727 3927; x_wconf 90' lang='lat' dir='ltr'><strong>Vitis</strong></span> 
     </span>
    </p>
   </div>
   <div class='ocr_carea' id='block_1_98' title="bbox 2131 3963 3727 4039">
    <p class='ocr_par' dir='ltr' id='par_1_98' title="bbox 2131 3963 3727 4039">
     <span class='ocr_line' id='line_1_98' title="bbox 2131 3963 3727 4039; baseline -0.004 -15"><span class='ocrx_word' id='word_1_728' title='bbox 2131 3967 2481 4035; x_wconf 89' lang='lat' dir='ltr'><strong>Pontiﬁcum,</strong></span> <span class='ocrx_word' id='word_1_729' title='bbox 2506 3991 2532 4016; x_wconf 75' lang='grc' dir='ltr'><strong>α</strong></span> <span class='ocrx_word' id='word_1_730' title='bbox 2556 3970 2739 4039; x_wconf 85' lang='lat' dir='ltr'><strong>Nepos</strong></span> <span class='ocrx_word' id='word_1_731' title='bbox 2755 3965 3000 4038; x_wconf 83' lang='lat' dir='ltr'><strong>Gregorii</strong></span> <span class='ocrx_word' id='word_1_732' title='bbox 3030 3989 3055 4014; x_wconf 70' lang='grc' dir='ltr'><strong>ν</strong></span> <span class='ocrx_word' id='word_1_733' title='bbox 3078 3966 3359 4034; x_wconf 74' lang='lat' dir='ltr'><strong>Rusticus,</strong></span> <span class='ocrx_word' id='word_1_734' title='bbox 3382 3990 3405 4013; x_wconf 83' lang='lat'><strong><em>»</em></strong></span> <span class='ocrx_word' id='word_1_735' title='bbox 3430 3963 3727 4020; x_wconf 65' lang='lat' dir='ltr'><strong>Praefectus</strong></span> 
     </span>
    </p>
   </div>
   <div class='ocr_carea' id='block_1_99' title="bbox 2131 4056 3723 4132">
    <p class='ocr_par' dir='ltr' id='par_1_99' title="bbox 2131 4056 3723 4132">
     <span class='ocr_line' id='line_1_99' title="bbox 2131 4056 3723 4132; baseline -0.003 -17"><span class='ocrx_word' id='word_1_736' title='bbox 2131 4061 2351 4132; x_wconf 89' lang='lat' dir='ltr'><strong>Septem</strong></span> <span class='ocrx_word' id='word_1_737' title='bbox 2369 4061 2535 4123; x_wconf 89' lang='lat' dir='ltr'><strong>soliis,</strong></span> <span class='ocrx_word' id='word_1_738' title='bbox 2576 4084 2600 4109; x_wconf 78' lang='grc' dir='ltr'><strong>ιο</strong></span> <span class='ocrx_word' id='word_1_739' title='bbox 2634 4060 2701 4116; x_wconf 91' lang='lat' dir='ltr'><strong>ad</strong></span> <span class='ocrx_word' id='word_1_740' title='bbox 2725 4060 2894 4116; x_wconf 90' lang='lat' dir='ltr'><strong>instar</strong></span> <span class='ocrx_word' id='word_1_741' title='bbox 2920 4059 3052 4115; x_wconf 89' lang='lat' dir='ltr'><strong>artis</strong></span> <span class='ocrx_word' id='word_1_742' title='bbox 3076 4058 3301 4113; x_wconf 75' lang='lat' dir='ltr'><strong>munitae</strong></span> <span class='ocrx_word' id='word_1_743' title='bbox 3330 4056 3541 4123; x_wconf 91' lang='lat' dir='ltr'><strong>domui,</strong></span> <span class='ocrx_word' id='word_1_744' title='bbox 3571 4072 3723 4112; x_wconf 89' lang='lat' dir='ltr'><strong>eam-</strong></span> 
     </span>
    </p>
   </div>
   <div class='ocr_carea' id='block_1_100' title="bbox 2133 4150 3723 4211">
    <p class='ocr_par' dir='ltr' id='par_1_100' title="bbox 2133 4150 3723 4211">
     <span class='ocr_line' id='line_1_100' title="bbox 2133 4150 3723 4211; baseline -0.002 -2"><span class='ocrx_word' id='word_1_745' title='bbox 2133 4153 2264 4209; x_wconf 91' lang='lat' dir='ltr'><strong>dem</strong></span> <span class='ocrx_word' id='word_1_746' title='bbox 2293 4154 2535 4211; x_wconf 85' lang='lat' dir='ltr'><strong>tenuisse</strong></span> <span class='ocrx_word' id='word_1_747' title='bbox 2580 4154 2794 4211; x_wconf 88' lang='lat' dir='ltr'><strong>dicatur</strong></span> <span class='ocrx_word' id='word_1_748' title='bbox 2843 4161 3037 4209; x_wconf 89' lang='lat' dir='ltr'><strong>contra</strong></span> <span class='ocrx_word' id='word_1_749' title='bbox 3083 4150 3424 4207; x_wconf 88' lang='lat' dir='ltr'><strong>obsidentem</strong></span> <span class='ocrx_word' id='word_1_750' title='bbox 3453 4166 3576 4207; x_wconf 89' lang='lat' dir='ltr'><strong>eam</strong></span> <span class='ocrx_word' id='word_1_751' title='bbox 3606 4166 3723 4206; x_wconf 87' lang='lat' dir='ltr'><strong>ma-</strong></span> 
     </span>
    </p>
   </div>
   <div class='ocr_carea' id='block_1_101' title="bbox 2132 4245 3726 4320">
    <p class='ocr_par' dir='ltr' id='par_1_101' title="bbox 2132 4245 3726 4320">
     <span class='ocr_line' id='line_1_101' title="bbox 2132 4245 3726 4320; baseline -0.001 -19"><span class='ocrx_word' id='word_1_752' title='bbox 2132 4248 2413 4320; x_wconf 90' lang='lat' dir='ltr'><strong>chinisque</strong></span> <span class='ocrx_word' id='word_1_753' title='bbox 2433 4248 2707 4304; x_wconf 77' lang='lat' dir='ltr'><strong>adomotis</strong></span> <span class='ocrx_word' id='word_1_754' title='bbox 2735 4247 3072 4318; x_wconf 88' lang='lat' dir='ltr'><strong>quatientem</strong></span> <span class='ocrx_word' id='word_1_755' title='bbox 3099 4245 3399 4302; x_wconf 89' lang='lat' dir='ltr'><strong>Henricum</strong></span> <span class='ocrx_word' id='word_1_756' title='bbox 3426 4245 3726 4316; x_wconf 90' lang='lat' dir='ltr'><strong>imperato-</strong></span> 
     </span>
    </p>
   </div>
   <div class='ocr_carea' id='block_1_102' title="bbox 2132 4338 3726 4415">
    <p class='ocr_par' dir='ltr' id='par_1_102' title="bbox 2132 4338 3726 4415">
     <span class='ocr_line' id='line_1_102' title="bbox 2132 4338 3726 4415; baseline -0.001 -21"><span class='ocrx_word' id='word_1_757' title='bbox 2132 4356 2249 4395; x_wconf 91' lang='lat' dir='ltr'><strong>rem</strong></span> <span class='ocrx_word' id='word_1_758' title='bbox 2282 4360 2293 4396; x_wconf 91' lang='lat'><strong>:</strong></span> <span class='ocrx_word' id='word_1_759' title='bbox 2326 4342 2634 4415; x_wconf 91' lang='lat' dir='ltr'><strong>cujusmodi</strong></span> <span class='ocrx_word' id='word_1_760' title='bbox 2690 4340 2935 4396; x_wconf 84' lang='lat' dir='ltr'><strong>officium</strong></span> <span class='ocrx_word' id='word_1_761' title='bbox 2971 4356 3085 4396; x_wconf 92' lang='lat' dir='ltr'><strong>non</strong></span> <span class='ocrx_word' id='word_1_762' title='bbox 3129 4338 3339 4395; x_wconf 92' lang='lat' dir='ltr'><strong>videtur</strong></span> <span class='ocrx_word' id='word_1_763' title='bbox 3374 4338 3586 4411; x_wconf 88' lang='lat' dir='ltr'><strong>plebeio</strong></span> <span class='ocrx_word' id='word_1_764' title='bbox 3623 4338 3726 4393; x_wconf 92' lang='lat' dir='ltr'><strong>ho-</strong></span> 
     </span>
    </p>
   </div>
   <div class='ocr_carea' id='block_1_103' title="bbox 2132 4431 3731 4492">
    <p class='ocr_par' dir='ltr' id='par_1_103' title="bbox 2132 4431 3731 4492">
     <span class='ocr_line' id='line_1_103' title="bbox 2132 4431 3731 4492; baseline 0.001 -5"><span class='ocrx_word' id='word_1_765' title='bbox 2132 4433 2264 4489; x_wconf 92' lang='lat' dir='ltr'><strong>mini</strong></span> <span class='ocrx_word' id='word_1_766' title='bbox 2293 4434 2750 4492; x_wconf 87' lang='lat' dir='ltr'><strong>committendum</strong></span> <span class='ocrx_word' id='word_1_767' title='bbox 2777 4433 2961 4490; x_wconf 88' lang='lat' dir='ltr'><strong>fuisse.</strong></span> <span class='ocrx_word' id='word_1_768' title='bbox 2983 4436 3160 4490; x_wconf 90' lang='lat' dir='ltr'><strong>Taceo</strong></span> <span class='ocrx_word' id='word_1_769' title='bbox 3173 4432 3240 4489; x_wconf 89' lang='lat' dir='ltr'><strong>de</strong></span> <span class='ocrx_word' id='word_1_770' title='bbox 3266 4454 3291 4481; x_wconf 75' lang='grc' dir='ltr'><strong><em>α</em></strong></span> <span class='ocrx_word' id='word_1_771' title='bbox 3312 4431 3596 4489; x_wconf 83' lang='lat' dir='ltr'><strong>Avunculo</strong></span> <span class='ocrx_word' id='word_1_772' title='bbox 3619 4431 3731 4488; x_wconf 78' lang='lat' dir='ltr'><strong>Ab-</strong></span> 
     </span>
    </p>
   </div>
   <div class='ocr_carea' id='block_1_104' title="bbox 2133 4525 3729 4598">
    <p class='ocr_par' dir='ltr' id='par_1_104' title="bbox 2133 4525 3729 4598">
     <span class='ocr_line' id='line_1_104' title="bbox 2133 4525 3729 4598; baseline -0.001 -17"><span class='ocrx_word' id='word_1_773' title='bbox 2133 4528 2255 4583; x_wconf 82' lang='lat' dir='ltr'><strong>batc</strong></span> <span class='ocrx_word' id='word_1_774' title='bbox 2280 4530 2597 4586; x_wconf 88' lang='lat' dir='ltr'><strong>monasterii</strong></span> <span class='ocrx_word' id='word_1_775' title='bbox 2635 4530 2688 4586; x_wconf 92' lang='lat' dir='ltr'><strong>S.</strong></span> <span class='ocrx_word' id='word_1_776' title='bbox 2710 4528 2895 4584; x_wconf 73' lang='lat' dir='ltr'><strong>Mariae</strong></span> <span class='ocrx_word' id='word_1_777' title='bbox 2922 4527 2977 4583; x_wconf 91' lang='lat' dir='ltr'><strong>in</strong></span> <span class='ocrx_word' id='word_1_778' title='bbox 3004 4526 3295 4595; x_wconf 80' lang='lat' dir='ltr'><strong>Aventino,</strong></span> <span class='ocrx_word' id='word_1_779' title='bbox 3330 4549 3355 4575; x_wconf 67' lang='grc' dir='ltr'><strong>υ</strong></span> <span class='ocrx_word' id='word_1_780' title='bbox 3389 4526 3456 4583; x_wconf 91' lang='lat' dir='ltr'><strong>de</strong></span> <span class='ocrx_word' id='word_1_781' title='bbox 3480 4540 3589 4598; x_wconf 92' lang='lat' dir='ltr'><strong>quo</strong></span> <span class='ocrx_word' id='word_1_782' title='bbox 3606 4525 3729 4581; x_wconf 88' lang='lat' dir='ltr'><strong>Vita</strong></span> 
     </span>
    </p>
   </div>
   <div class='ocr_carea' id='block_1_105' title="bbox 2130 4620 3733 4694">
    <p class='ocr_par' dir='ltr' id='par_1_105' title="bbox 2130 4620 3733 4694">
     <span class='ocr_line' id='line_1_105' title="bbox 2130 4620 3733 4694; baseline -0.001 -18"><span class='ocrx_word' id='word_1_783' title='bbox 2130 4637 2189 4677; x_wconf 90' lang='lat' dir='ltr'><strong>n.</strong></span> <span class='ocrx_word' id='word_1_784' title='bbox 2222 4626 2288 4689; x_wconf 85' lang='lat'><strong>5;</strong></span> <span class='ocrx_word' id='word_1_785' title='bbox 2321 4623 2443 4679; x_wconf 91' lang='lat' dir='ltr'><strong>licet</strong></span> <span class='ocrx_word' id='word_1_786' title='bbox 2482 4624 2628 4680; x_wconf 91' lang='lat' dir='ltr'><strong>enim</strong></span> <span class='ocrx_word' id='word_1_787' title='bbox 2680 4623 2891 4694; x_wconf 90' lang='lat' dir='ltr'><strong>generis</strong></span> <span class='ocrx_word' id='word_1_788' title='bbox 2940 4620 3188 4677; x_wconf 88' lang='lat' dir='ltr'><strong>clarioris</strong></span> <span class='ocrx_word' id='word_1_789' title='bbox 3222 4620 3359 4676; x_wconf 88' lang='lat' dir='ltr'><strong>ratio</strong></span> <span class='ocrx_word' id='word_1_790' title='bbox 3387 4635 3499 4675; x_wconf 93' lang='lat' dir='ltr'><strong>non</strong></span> <span class='ocrx_word' id='word_1_791' title='bbox 3554 4633 3733 4691; x_wconf 71' lang='lat' dir='ltr'><strong>parvae</strong></span> 
     </span>
    </p>
   </div>
   <div class='ocr_carea' id='block_1_106' title="bbox 2130 4713 3730 4787">
    <p class='ocr_par' dir='ltr' id='par_1_106' title="bbox 2130 4713 3730 4787">
     <span class='ocr_line' id='line_1_106' title="bbox 2130 4713 3730 4787; baseline -0.002 -17"><span class='ocrx_word' id='word_1_792' title='bbox 2130 4714 2584 4773; x_wconf 90' lang='lat' dir='ltr'><strong>considerationis</strong></span> <span class='ocrx_word' id='word_1_793' title='bbox 2603 4732 2817 4787; x_wconf 89' lang='lat' dir='ltr'><strong>semper</strong></span> <span class='ocrx_word' id='word_1_794' title='bbox 2842 4713 3011 4770; x_wconf 87' lang='lat' dir='ltr'><strong>fuerit</strong></span> <span class='ocrx_word' id='word_1_795' title='bbox 3035 4714 3199 4769; x_wconf 90' lang='lat' dir='ltr'><strong>etiam</strong></span> <span class='ocrx_word' id='word_1_796' title='bbox 3230 4714 3285 4768; x_wconf 90' lang='lat' dir='ltr'><strong>in</strong></span> <span class='ocrx_word' id='word_1_797' title='bbox 3299 4713 3730 4768; x_wconf 89' lang='lat' dir='ltr'><strong>monasticarum</strong></span> 
     </span>
    </p>
   </div>
   <div class='ocr_carea' id='block_1_107' title="bbox 2131 4806 3724 4873">
    <p class='ocr_par' dir='ltr' id='par_1_107' title="bbox 2131 4806 3724 4873">
     <span class='ocr_line' id='line_1_107' title="bbox 2131 4806 3724 4873; baseline -0.003 -9"><span class='ocrx_word' id='word_1_798' title='bbox 2131 4808 2589 4867; x_wconf 68' lang='lat' dir='ltr'><strong>Praefecturarum</strong></span> <span class='ocrx_word' id='word_1_799' title='bbox 2630 4809 2939 4873; x_wconf 88' lang='lat' dir='ltr'><strong>collatione,</strong></span> <span class='ocrx_word' id='word_1_800' title='bbox 3017 4808 3202 4863; x_wconf 90' lang='lat' dir='ltr'><strong>minus</strong></span> <span class='ocrx_word' id='word_1_801' title='bbox 3253 4816 3442 4862; x_wconf 85' lang='lat' dir='ltr'><strong>tamen</strong></span> <span class='ocrx_word' id='word_1_802' title='bbox 3499 4806 3724 4861; x_wconf 88' lang='lat' dir='ltr'><strong>inusita-</strong></span> 
     </span>
    </p>
   </div>
   <div class='ocr_carea' id='block_1_108' title="bbox 2132 4900 3728 4975">
    <p class='ocr_par' dir='ltr' id='par_1_108' title="bbox 2132 4900 3728 4975">
     <span class='ocr_line' id='line_1_108' title="bbox 2132 4900 3728 4975; baseline -0.003 -19"><span class='ocrx_word' id='word_1_803' title='bbox 2132 4911 2252 4957; x_wconf 90' lang='lat' dir='ltr'><strong>tum</strong></span> <span class='ocrx_word' id='word_1_804' title='bbox 2279 4911 2362 4958; x_wconf 91' lang='lat' dir='ltr'><strong>est</strong></span> <span class='ocrx_word' id='word_1_805' title='bbox 2384 4903 2455 4959; x_wconf 92' lang='lat' dir='ltr'><strong>ad</strong></span> <span class='ocrx_word' id='word_1_806' title='bbox 2499 4920 2589 4959; x_wconf 91' lang='lat' dir='ltr'><strong>eas</strong></span> <span class='ocrx_word' id='word_1_807' title='bbox 2632 4902 2855 4975; x_wconf 87' lang='lat' dir='ltr'><strong>provehi</strong></span> <span class='ocrx_word' id='word_1_808' title='bbox 2913 4911 3078 4957; x_wconf 77' lang='lat' dir='ltr'><strong>etiam</strong></span> <span class='ocrx_word' id='word_1_809' title='bbox 3128 4900 3322 4956; x_wconf 86' lang='lat' dir='ltr'><strong>infimo</strong></span> <span class='ocrx_word' id='word_1_810' title='bbox 3378 4901 3499 4956; x_wconf 91' lang='lat' dir='ltr'><strong>loco</strong></span> <span class='ocrx_word' id='word_1_811' title='bbox 3547 4906 3728 4964; x_wconf 90' lang='lat' dir='ltr'><strong>natos,</strong></span> 
     </span>
    </p>
   </div>
   <div class='ocr_carea' id='block_1_109' title="bbox 2132 4989 3727 5068">
    <p class='ocr_par' dir='ltr' id='par_1_109' title="bbox 2132 4989 3727 5068">
     <span class='ocr_line' id='line_1_109' title="bbox 2132 4989 3727 5068; baseline -0.004 -18"><span class='ocrx_word' id='word_1_812' title='bbox 2132 5012 2299 5066; x_wconf 88' lang='lat' dir='ltr'><strong>quam</strong></span> <span class='ocrx_word' id='word_1_813' title='bbox 2325 4997 2491 5068; x_wconf 89' lang='lat' dir='ltr'><strong>stirps</strong></span> <span class='ocrx_word' id='word_1_814' title='bbox 2506 5014 2618 5053; x_wconf 92' lang='lat' dir='ltr'><strong>non</strong></span> <span class='ocrx_word' id='word_1_815' title='bbox 2665 4996 2872 5053; x_wconf 91' lang='lat' dir='ltr'><strong>dederit</strong></span> <span class='ocrx_word' id='word_1_816' title='bbox 2897 4995 3233 5061; x_wconf 90' lang='lat' dir='ltr'><strong>claritatem,</strong></span> <span class='ocrx_word' id='word_1_817' title='bbox 3266 4992 3534 5057; x_wconf 87' lang='lat' dir='ltr'><strong>moribus,</strong></span> <span class='ocrx_word' id='word_1_818' title='bbox 3562 4989 3727 5045; x_wconf 88' lang='lat' dir='ltr'><strong>meri-</strong></span> 
     </span>
    </p>
   </div>
   <div class='ocr_carea' id='block_1_110' title="bbox 2133 5090 3016 5156">
    <p class='ocr_par' dir='ltr' id='par_1_110' title="bbox 2133 5090 3016 5156">
     <span class='ocr_line' id='line_1_110' title="bbox 2133 5090 3016 5156; baseline 0 -11"><span class='ocrx_word' id='word_1_819' title='bbox 2133 5091 2225 5156; x_wconf 91' lang='lat' dir='ltr'><strong>tis,</strong></span> <span class='ocrx_word' id='word_1_820' title='bbox 2246 5100 2341 5146; x_wconf 90' lang='lat' dir='ltr'><strong>aut</strong></span> <span class='ocrx_word' id='word_1_821' title='bbox 2360 5092 2558 5146; x_wconf 89' lang='lat' dir='ltr'><strong>litteris</strong></span> <span class='ocrx_word' id='word_1_822' title='bbox 2586 5090 3016 5146; x_wconf 87' lang='lat' dir='ltr'><strong>conferentibus.</strong></span> 
     </span>
    </p>
   </div>
   <div class='ocr_carea' id='block_1_111' title="bbox 2207 5177 3731 5257">
    <p class='ocr_par' dir='ltr' id='par_1_111' title="bbox 2207 5177 3731 5257">
     <span class='ocr_line' id='line_1_111' title="bbox 2207 5177 3731 5257; baseline -0.003 -18"><span class='ocrx_word' id='word_1_823' title='bbox 2207 5191 2294 5240; x_wconf 85' lang='lat'><strong>38.</strong></span> <span class='ocrx_word' id='word_1_824' title='bbox 2324 5190 2375 5241; x_wconf 75' lang='grc' dir='ltr'><strong>Δ</strong></span> <span class='ocrx_word' id='word_1_825' title='bbox 2401 5184 2579 5257; x_wconf 89' lang='lat' dir='ltr'><strong>primo</strong></span> <span class='ocrx_word' id='word_1_826' title='bbox 2610 5184 2862 5255; x_wconf 88' lang='lat' dir='ltr'><strong>Gregorii</strong></span> <span class='ocrx_word' id='word_1_827' title='bbox 2908 5184 2961 5238; x_wconf 92' lang='lat' dir='ltr'><strong>in</strong></span> <span class='ocrx_word' id='word_1_828' title='bbox 2993 5182 3153 5239; x_wconf 91' lang='lat' dir='ltr'><strong>terris</strong></span> <span class='ocrx_word' id='word_1_829' title='bbox 3189 5178 3386 5245; x_wconf 84' lang='lat' dir='ltr'><strong>Natali,</strong></span> <span class='ocrx_word' id='word_1_830' title='bbox 3417 5186 3635 5233; x_wconf 87' lang='lat' dir='ltr'><strong>transeo</strong></span> <span class='ocrx_word' id='word_1_831' title='bbox 3662 5177 3731 5234; x_wconf 88' lang='lat' dir='ltr'><strong>ad</strong></span> 
     </span>
    </p>
   </div>
   <div class='ocr_carea' id='block_1_112' title="bbox 2134 5270 3730 5347">
    <p class='ocr_par' dir='ltr' id='par_1_112' title="bbox 2134 5270 3730 5347">
     <span class='ocr_line' id='line_1_112' title="bbox 2134 5270 3730 5347; baseline -0.006 -12"><span class='ocrx_word' id='word_1_832' title='bbox 2134 5279 2370 5335; x_wconf 88' lang='lat' dir='ltr'><strong>alterum</strong></span> <span class='ocrx_word' id='word_1_833' title='bbox 2397 5279 2729 5335; x_wconf 87' lang='lat' dir='ltr'><strong>sanctiorem</strong></span> <span class='ocrx_word' id='word_1_834' title='bbox 2779 5278 2833 5332; x_wconf 91' lang='lat' dir='ltr'><strong>in</strong></span> <span class='ocrx_word' id='word_1_835' title='bbox 2870 5276 3166 5343; x_wconf 87' lang='lat' dir='ltr'><strong>Cathedra,</strong></span> <span class='ocrx_word' id='word_1_836' title='bbox 3197 5289 3362 5347; x_wconf 89' lang='lat' dir='ltr'><strong>quem</strong></span> <span class='ocrx_word' id='word_1_837' title='bbox 3403 5286 3558 5326; x_wconf 90' lang='lat' dir='ltr'><strong>more</strong></span> <span class='ocrx_word' id='word_1_838' title='bbox 3582 5270 3730 5326; x_wconf 89' lang='lat' dir='ltr'><strong>insti-</strong></span> 
     </span>
    </p>
   </div>
   <div class='ocr_carea' id='block_1_113' title="bbox 2134 5364 3732 5444">
    <p class='ocr_par' dir='ltr' id='par_1_113' title="bbox 2134 5364 3732 5444">
     <span class='ocr_line' id='line_1_113' title="bbox 2134 5364 3732 5444; baseline -0.004 -17"><span class='ocrx_word' id='word_1_839' title='bbox 2134 5381 2368 5443; x_wconf 91' lang='lat' dir='ltr'><strong>tutoque</strong></span> <span class='ocrx_word' id='word_1_840' title='bbox 2399 5372 2663 5444; x_wconf 89' lang='lat' dir='ltr'><strong>majorem</strong></span> <span class='ocrx_word' id='word_1_841' title='bbox 2687 5386 2866 5426; x_wconf 90' lang='lat' dir='ltr'><strong>annue</strong></span> <span class='ocrx_word' id='word_1_842' title='bbox 2895 5386 3023 5426; x_wconf 89' lang='lat' dir='ltr'><strong>eum</strong></span> <span class='ocrx_word' id='word_1_843' title='bbox 3048 5368 3347 5425; x_wconf 89' lang='lat' dir='ltr'><strong>celebrasse</strong></span> <span class='ocrx_word' id='word_1_844' title='bbox 3369 5364 3732 5421; x_wconf 90' lang='lat' dir='ltr'><strong>dubitandum</strong></span> 
     </span>
    </p>
   </div>
   <div class='ocr_carea' id='block_1_114' title="bbox 2134 5457 3733 5536">
    <p class='ocr_par' dir='ltr' id='par_1_114' title="bbox 2134 5457 3733 5536">
     <span class='ocr_line' id='line_1_114' title="bbox 2134 5457 3733 5536; baseline -0.004 -16"><span class='ocrx_word' id='word_1_845' title='bbox 2134 5481 2247 5521; x_wconf 92' lang='lat' dir='ltr'><strong>non</strong></span> <span class='ocrx_word' id='word_1_846' title='bbox 2267 5473 2368 5520; x_wconf 90' lang='lat' dir='ltr'><strong>est.</strong></span> <span class='ocrx_word' id='word_1_847' title='bbox 2398 5465 2651 5521; x_wconf 90' lang='lat' dir='ltr'><strong>Dubitari</strong></span> <span class='ocrx_word' id='word_1_848' title='bbox 2671 5473 2853 5520; x_wconf 91' lang='lat' dir='ltr'><strong>tamen</strong></span> <span class='ocrx_word' id='word_1_849' title='bbox 2881 5472 3080 5536; x_wconf 87' lang='lat' dir='ltr'><strong>potest,</strong></span> <span class='ocrx_word' id='word_1_850' title='bbox 3110 5474 3219 5533; x_wconf 91' lang='lat' dir='ltr'><strong>quo</strong></span> <span class='ocrx_word' id='word_1_851' title='bbox 3236 5457 3324 5513; x_wconf 88' lang='lat' dir='ltr'><strong>die</strong></span> <span class='ocrx_word' id='word_1_852' title='bbox 3350 5473 3478 5513; x_wconf 91' lang='lat' dir='ltr'><strong>eum</strong></span> <span class='ocrx_word' id='word_1_853' title='bbox 3502 5457 3733 5514; x_wconf 88' lang='lat' dir='ltr'><strong>celebra-</strong></span> 
     </span>
    </p>
   </div>
   <div class='ocr_carea' id='block_1_115' title="bbox 2134 5551 3732 5632">
    <p class='ocr_par' dir='ltr' id='par_1_115' title="bbox 2134 5551 3732 5632">
     <span class='ocr_line' id='line_1_115' title="bbox 2134 5551 3732 5632; baseline -0.004 -20"><span class='ocrx_word' id='word_1_854' title='bbox 2134 5559 2298 5627; x_wconf 89' lang='lat' dir='ltr'><strong>verit,</strong></span> <span class='ocrx_word' id='word_1_855' title='bbox 2358 5574 2423 5616; x_wconf 90' lang='lat' dir='ltr'><strong>eo</strong></span> <span class='ocrx_word' id='word_1_856' title='bbox 2467 5561 2614 5632; x_wconf 88' lang='lat' dir='ltr'><strong>quod</strong></span> <span class='ocrx_word' id='word_1_857' title='bbox 2654 5558 2991 5615; x_wconf 89' lang='lat' dir='ltr'><strong>Lambertus</strong></span> <span class='ocrx_word' id='word_1_858' title='bbox 3034 5552 3556 5627; x_wconf 87' lang='lat' dir='ltr'><strong>Scbafnaburgensis</strong></span> <span class='ocrx_word' id='word_1_859' title='bbox 3591 5551 3732 5607; x_wconf 90' lang='lat' dir='ltr'><strong>illius</strong></span> 
     </span>
    </p>
   </div>
   <div class='ocr_carea' id='block_1_116' title="bbox 2138 5644 3729 5727">
    <p class='ocr_par' dir='ltr' id='par_1_116' title="bbox 2138 5644 3729 5727">
     <span class='ocr_line' id='line_1_116' title="bbox 2138 5644 3729 5727; baseline -0.006 -20"><span class='ocrx_word' id='word_1_860' title='bbox 2138 5652 2305 5724; x_wconf 90' lang='lat' dir='ltr'><strong>ipsius</strong></span> <span class='ocrx_word' id='word_1_861' title='bbox 2350 5655 2618 5727; x_wconf 89' lang='lat' dir='ltr'><strong>temporis</strong></span> <span class='ocrx_word' id='word_1_862' title='bbox 2657 5654 2910 5723; x_wconf 88' lang='lat' dir='ltr'><strong>scriptor,</strong></span> <span class='ocrx_word' id='word_1_863' title='bbox 2951 5649 3020 5705; x_wconf 91' lang='lat' dir='ltr'><strong>ad</strong></span> <span class='ocrx_word' id='word_1_864' title='bbox 3069 5662 3280 5702; x_wconf 90' lang='lat' dir='ltr'><strong>annum</strong></span> <span class='ocrx_word' id='word_1_865' title='bbox 3313 5653 3439 5714; x_wconf 88' lang='lat'><strong>193,</strong></span> <span class='ocrx_word' id='word_1_866' title='bbox 3486 5662 3594 5718; x_wconf 92' lang='lat' dir='ltr'><strong>quo</strong></span> <span class='ocrx_word' id='word_1_867' title='bbox 3622 5644 3729 5699; x_wconf 87' lang='lat' dir='ltr'><strong>ele-</strong></span> 
     </span>
    </p>
   </div>
   <div class='ocr_carea' id='block_1_117' title="bbox 2136 5736 3729 5816">
    <p class='ocr_par' dir='ltr' id='par_1_117' title="bbox 2136 5736 3729 5816">
     <span class='ocr_line' id='line_1_117' title="bbox 2136 5736 3729 5816; baseline -0.004 -17"><span class='ocrx_word' id='word_1_868' title='bbox 2136 5756 2254 5801; x_wconf 86' lang='lat' dir='ltr'><strong>ctus</strong></span> <span class='ocrx_word' id='word_1_869' title='bbox 2279 5746 2525 5801; x_wconf 81' lang='lat' dir='ltr'><strong>Pontifex</strong></span> <span class='ocrx_word' id='word_1_870' title='bbox 2552 5744 2851 5816; x_wconf 87' lang='lat' dir='ltr'><strong>Gregorius</strong></span> <span class='ocrx_word' id='word_1_871' title='bbox 2870 5750 2969 5811; x_wconf 89' lang='lat' dir='ltr'><strong>est,</strong></span> <span class='ocrx_word' id='word_1_872' title='bbox 3003 5740 3089 5797; x_wconf 90' lang='lat' dir='ltr'><strong>die</strong></span> <span class='ocrx_word' id='word_1_873' title='bbox 3128 5745 3209 5809; x_wconf 79' lang='lat' dir='ltr'><strong>(ut</strong></span> <span class='ocrx_word' id='word_1_874' title='bbox 3234 5755 3301 5796; x_wconf 83' lang='lat' dir='ltr'><strong>ex</strong></span> <span class='ocrx_word' id='word_1_875' title='bbox 3326 5739 3543 5797; x_wconf 87' lang='lat' dir='ltr'><strong>decreto</strong></span> <span class='ocrx_word' id='word_1_876' title='bbox 3570 5736 3729 5792; x_wconf 87' lang='lat' dir='ltr'><strong>habe-</strong></span> 
     </span>
    </p>
   </div>
  </div>
