4122 6180
268 291 323 341 37
1218 282 1741 338 PROLEGOMENA.
1784 311 1855 322 -
1892 282 2069 336 ACTA
2111 284 2166 336 S.
2209 284 2551 338 GREGORII.

3469 290 3537 342 38

268 418 361 478 tur)
405 417 467 466 ιο
486 408 752 465 Kalendas
784 406 943 474 Maii,
973 407 1105 464 dicit
1129 407 1283 481 quod
1312 408 1475 481 Regis
1504 422 1834 465 consensum
1860 410 1915 473 Α
1940 407 2082 463 circa
2115 408 2406 465 Pontiﬁces
2432 407 2871 481 chronologiam,
2901 409 2992 466 ubi
3012 418 3208 466 neutra
3238 411 3424 483 regula
3449 419 3537 467 te-

268 507 576 580 prastolans,
620 503 861 573 primum
896 502 1183 559 ordinatus
1211 501 1321 559 fuit
1356 526 1382 551 ‹ι
1412 518 1559 558 anno
1582 502 1832 574 sequenti

268 602 314 657 in
338 597 697 672 puriﬁcatione
724 596 781 652 S.
823 597 1046 665 Maria;
1086 619 1112 644 ιι
1145 612 1273 653 cum
1316 599 1454 652 Acta
1495 595 1834 652 Pontiﬁcalia

270 695 391 767 apud
408 692 646 748 Centium
671 690 1048 746 Camerarium
1063 699 1310 747 asserant
1324 689 1473 762 quod
1497 713 1523 740 α
1548 693 1688 758 Rex,
1707 706 1835 745 mox

280 798 333 843 ut
372 784 627 842 electionis
669 784 957 839 veritatem
1003 782 1294 856 cognovit,
1344 799 1636 840 assensum
1686 799 1831 855 pra-

286 881 393 940 liuit.
419 888 460 933 et
484 877 809 948 Gregorium
839 876 1242 933 Vercellensem
1275 877 1628 948 Episcopum,
1662 876 1834 932 Italia

273 972 395 1045 regni
417 970 831 1034 Cancellarium,
861 968 930 1025 ad
967 969 1164 1025 urbem
1193 972 1535 1038 transmisit,
1566 978 1837 1041 quatenus

270 1064 555 1121 auctoritate
583 1064 734 1137 regia
778 1062 1101 1118 electionem
1141 1063 1317 1134 ipsam
1351 1064 1739 1132 conrmaret,
1782 1070 1838 1118 et

275 1157 631 1215 eonsecrationi
662 1157 782 1229 ejus
808 1157 1069 1213 interesse
1101 1158 1349 1214 studeret
1377 1178 1388 1211 :
1423 1156 1574 1228 quod
1601 1156 1717 1213 sine
1753 1157 1834 1213 di-

271 1254 435 1307 latione
473 1251 681 1306 factum
709 1256 808 1306 est.
844 1253 989 1305 Nam
1016 1247 1156 1305 infra
1180 1259 1430 1307 octavam
1475 1253 1837 1306 Pentecostes

270 1348 306 1401 in
345 1345 727 1417 Presbyterum
772 1342 1182 1399 Hildebrandus
1221 1343 1502 1400 ordinatus
1539 1352 1654 1413 est,
1696 1351 1752 1398 et
1776 1344 1836 1399 in

264 1439 415 1493 Natali
444 1437 841 1509 Apostolorum
874 1436 931 1492 in
952 1440 1271 1492 Romanum
1300 1436 1618 1494 Pontificem
1647 1452 1837 1493 conse-

260 1539 434 1587 cratus.
467 1553 491 1580 ››
530 1534 849 1586 Pentecoste
880 1528 1022 1585 illius
1066 1530 1197 1585 anni
1220 1572 1235 1596 ,
1282 1530 1372 1602 qui
1403 1530 1613 1585 Pascha
1645 1529 1838 1585 habuit

263 1632 316 1680 3t
348 1624 536 1692 Martii,
562 1633 615 1680 et
645 1625 886 1680 litteram
931 1624 1333 1679 Dominicalem
1384 1628 1448 1692 F,
1499 1623 1835 1679 celebratum

266 1717 358 1773 fuit
402 1724 459 1775 l4
498 1717 626 1773 Maii
660 1738 672 1773 :
707 1717 915 1773 Natalis
956 1733 1084 1772 vero
1127 1716 1519 1788 Apostolorum
1550 1716 1751 1773 cecidit
1779 1716 1834 1771 in

260 1812 551 1867 Sabbatum.
575 1811 759 1867 Videri
781 1819 969 1866 autem
992 1820 1177 1882 posset
1204 1826 1269 1866 ex
1293 1810 1550 1883 peculiari
1570 1810 1836 1866 electione

258 1904 406 1977 ipsius
440 1905 609 1959 sancti
643 1904 925 1960 Pontiﬁcis
948 1913 1265 1974 assumptus
1296 1903 1340 1958 is
1370 1904 1509 1971 dies,
1538 1920 1664 1959 cum
1693 1904 1833 1959 alio-

259 1999 335 2069 qui
398 2000 593 2054 soleret
646 1997 699 2052 in
756 1998 1065 2053 Dominicis
1114 1999 1446 2054 Pontiﬁcum
1496 1997 1834 2053 consecratio

256 2089 393 2159 ﬁeri,
446 2092 568 2163 quia
626 2091 963 2146 meminerat
1015 2090 1162 2163 quod
1212 2092 1393 2163 ipsum
1439 2091 1834 2163 Apostolorum

255 2186 489 2256 Princeps
509 2188 709 2258 Petrus
744 2208 769 2232 «ι
801 2184 870 2239 ab
899 2183 1127 2240 infantia
1163 2184 1266 2240 sub
1294 2185 1397 2240 alis
1430 2184 1544 2240 suis
1572 2183 1834 2255 singulari

252 2279 463 2348 quadam
494 2279 693 2349 pietate
714 2277 965 2344 nutrivit,
998 2286 1051 2332 et
1076 2277 1131 2332 in
1160 2277 1370 2349 gremio
1389 2294 1505 2334 sua
1529 2276 1836 2333 clementia

253 2368 389 2438 fovit,
424 2396 448 2418 ι
493 2371 573 2427 uti
606 2379 770 2427 antea
810 2371 882 2427 ad
929 2372 1163 2445 Saxonia
1208 2371 1488 2442 Principes
1514 2371 1830 2442 scripserat.

254 2465 572 2520 Dominicam
612 2473 806 2519 tamen
834 2473 1177 2535 expectatam
1213 2480 1280 2519 ex
1316 2480 1469 2520 more
1509 2463 1695 2532 fuisse,
1727 2480 1836 2535 qua

257 2559 706 2614 Commemoratio
735 2558 983 2629 specialis
1008 2560 1065 2614 S.
1094 2558 1246 2614 Pauli
1284 2557 1500 2631 agenda
1528 2565 1666 2625 erat,
1702 2573 1834 2614 con-

258 2651 438 2707 tinuato
473 2651 903 2724 quodammodo
952 2649 1095 2708 festo
1152 2652 1353 2708 Natalis
1407 2651 1835 2724 Apostolorum,

258 2746 512 2814 persuadet
562 2746 816 2817 Epistola
847 2744 967 2818 ejus
1014 2752 1078 2801 l2
1112 2745 1169 2800 in
1196 2746 1473 2820 Registro,
1524 2762 1620 2817 per
1665 2761 1835 2818 quam

262 2859 280 2881 ε
309 2839 620 2911 Gregorius,
651 2839 712 2895 in
737 2838 1059 2894 Pontiﬁcem
1088 2843 1407 2895 Romanum
1436 2839 1668 2905 electus,
1699 2837 1836 2895 Gui-

263 2930 408 2987 lielmo
442 2932 715 3005 Papiensi
756 2932 1029 3003 Episcopo
1065 2933 1298 2988 salutem
1333 2933 1389 2987 in
1426 2932 1665 2987 Domino
1708 2933 1839 2987 Jesu

273 3023 445 3081 Christo
471 3050 499 3075 ι
534 3026 782 3097 scripsit,
814 3026 1057 3097 ipsomet
1091 3025 1180 3082 die
1216 3032 1248 3081 3
1282 3044 1295 3081 :
1332 3047 1357 3074 α
1382 3025 1660 3082 Kalendas
1685 3024 1836 3090 Julii,

1864 1767 1911 1828 Β

1940 510 2120 568 netur,
2152 502 2450 559 identidem
2478 502 2800 573 perturbant
2822 504 3227 576 implicantque.

2012 601 2103 651 40.
2152 595 2350 651 Dilata
2390 611 2561 666 usque
2597 612 2662 652 eo
2705 596 3079 654 Ordinationis
3126 613 3383 666 causam,
3426 613 3541 653 non

1941 688 2147 760 absque
2169 688 2349 761 aliqua
2371 689 2481 743 veri
2503 689 2877 753 similitudine,
2903 691 3122 747 videtur
3146 708 3540 764 pramemora-

1941 791 2032 839 tus
2070 781 2242 839 Ottho
2294 781 2822 855 Schafnaburgensis
2863 785 2994 841 satis
3035 784 3293 841 idoneam
3342 802 3538 858 propo-

1943 892 2093 941 nere,
2122 875 2257 931 dum
2275 874 2481 941 scribit,
2511 876 2664 947 quod
2692 877 2963 933 intellecta
2981 878 3230 950 Gregorii
3255 880 3539 947 electione,

1942 978 1999 1026 et
2030 993 2055 1018 «ι
2103 984 2215 1041 quo
2244 968 2413 1025 modo
2454 969 2572 1025 zelo
2622 969 2712 1024 Dei
2754 969 3189 1029 ferventissimus
3234 981 3371 1039 erat,
3406 972 3543 1044 Epi-

1939 1063 2089 1135 scopi
2120 1063 2425 1121 Galliarum
2451 1062 2700 1135 protinus
2720 1062 2907 1134 grandi
2933 1065 3190 1136 scrupulo
3236 1065 3540 1136 permoveri

1944 1164 2251 1227 caperunt,
2284 1172 2355 1211 ne
2399 1156 2482 1211 vir
2514 1156 2854 1212 vehementis
2897 1156 3100 1229 ingenii
3150 1168 3205 1213 et
3230 1159 3371 1214 acris
3411 1174 3541 1231 erga

1944 1252 2131 1305 Deum
2186 1248 2337 1315 ﬁdei,
2377 1248 2685 1305 districtius
2734 1265 2828 1305 eos
2884 1266 2983 1320 pro
3034 1250 3378 1323 negligentiis
3430 1251 3545 1308 suis

1944 1342 2286 1415 quandoque
2311 1342 2606 1398 discuteret
2635 1352 2833 1414 :atque
2862 1342 2985 1399 ideo
3013 1344 3402 1400 communibus
3430 1360 3546 1400 om-

1944 1451 2041 1492 nes
2068 1435 2307 1492 consiliis
2342 1439 2554 1508 Regem
2597 1435 2814 1503 adorti,
2846 1436 3084 1494 orabant
3110 1446 3174 1493 ut
3200 1437 3543 1506 electionem,

1946 1546 2071 1601 qua
2101 1531 2218 1602 ejus
2255 1529 2463 1601 injussu
2496 1529 2639 1586 facta
2684 1538 2846 1598 esset,
2880 1530 3092 1586 irritam
3122 1547 3240 1586 esse
3285 1531 3548 1588 decerne-

1946 1632 2061 1691 ret;
2116 1632 2422 1679 asserentes
2462 1624 2610 1695 quod
2656 1624 2757 1679 nisi
2803 1624 3069 1696 impetum
3117 1624 3356 1680 hominis
3399 1641 3543 1696 pra-

1948 1717 2131 1772 venire
2171 1725 2509 1783 maturaret,
2558 1718 2763 1773 malum
2795 1718 2902 1773 hoc
2940 1734 3048 1773 non
3075 1718 3130 1773 in
3168 1718 3335 1773 alium
3365 1719 3544 1791 magis

1945 1826 2111 1882 quam
2140 1811 2193 1864 in
2227 1812 2403 1881 ipsum
2434 1815 2641 1882 Regem
2669 1810 3106 1867 redundaturum
3135 1820 3293 1867 esset.
3321 1812 3541 1870 Statim-

1944 1919 2050 1975 que
2090 1905 2204 1959 Rex
2233 1920 2263 1959 a
2293 1903 2462 1980 latere
2504 1920 2607 1960 suo
2649 1904 3037 1960 Eberhardum
3066 1906 3341 1960 Comitem
3372 1905 3541 1974 misit,

1945 1996 2039 2069 qui
2077 2000 2363 2052 Romanos
2407 1999 2665 2053 Proceres
2702 1998 3055 2063 conveniens,
3089 2013 3311 2053 causam
3357 1998 3425 2054 ab
3471 1998 3548 2054 eis

1943 2089 2311 2146 sciscitaretur
2334 2082 2523 2162 quare,
2555 2099 2753 2161 prater
2776 2089 3229 2146 consuetudinem
3248 2091 3544 2162 majorum,

1946 2186 2097 2255 Rege
2120 2183 2454 2252 inconsulto,
2471 2187 2742 2240 Romana
2769 2184 3027 2240 Ecclesia
3050 2183 3373 2239 Pontiﬁcem
3399 2183 3546 2240 ordi-
3588 2202 3591 2203 ν

1945 2286 2201 2346 nassent;
2232 2276 2544 2349 ipsumque,
2576 2279 2620 2333 si
2663 2293 2776 2333 non
2808 2277 2999 2333 idonee
3024 2272 3411 2345 satisfecisset,
3445 2277 3552 2333 illi-

1945 2370 2053 2426 cite
2082 2379 2301 2442 accepta
2338 2370 2603 2442 dignitate
2632 2371 2885 2426 abdicare
2920 2386 2980 2426 se
3008 2371 3346 2443 praciperet.
3376 2374 3430 2426 ls
3459 2386 3547 2427 ve-

1944 2464 2102 2519 niens
2138 2466 2379 2520 Romam
2436 2463 2674 2536 benigne
2725 2480 2754 2518 a
2799 2463 3061 2535 pradicto
3104 2463 3216 2519 viro
3259 2472 3548 2535 susceptus

1944 2566 2029 2613 est
2072 2576 2087 2613 ε
2135 2573 2377 2629 cumque
2417 2557 2489 2612 illi
2538 2556 2791 2613 mandata
2833 2557 2998 2630 Regis
3044 2557 3405 2629 exposuisset,
3453 2573 3547 2613 re—

1945 2650 2170 2723 spondit
2200 2664 2280 2717 se,
2325 2652 2445 2705 Deo
2472 2659 2630 2719 teste,
2670 2650 2892 2705 honoris
2940 2650 3101 2722 hujus
3138 2650 3346 2722 apicem
3391 2666 3550 2706 num-

1948 2759 2112 2815 quam
2143 2760 2237 2817 per
2263 2743 2621 2799 ambitionem
2651 2744 2938 2799 affectasse
2970 2760 2987 2799 :
3024 2743 3123 2800 sed
3154 2744 3391 2800 electum
3432 2760 3489 2800 se
3517 2759 3547 2798 a

1943 2837 2237 2904 Romanis,
2277 2846 2331 2892 et
2371 2837 2639 2893 violenter
2666 2837 2767 2892 sibi
2807 2837 3120 2908 impositam
3165 2836 3331 2893 fuisse
3360 2839 3548 2893 Eccle-

1946 2929 2151 2985 siastici
2191 2929 2474 3003 regiminis
2508 2929 2892 2985 necessitatem
2936 2950 2949 2984 :
2991 2930 3113 3001 cogi
3160 2939 3350 2985 tamen
3392 2930 3549 2987 nullo

1948 3021 2119 3078 modo
2147 3022 2393 3094 potuisse
2425 3030 2486 3078 ut
2524 3021 2765 3078 ordinari
2806 3038 2864 3078 se
2892 3023 3258 3093 permitteret,
3287 3022 3463 3079 donec
3493 3023 3550 3077 in

264 3115 532 3175 lndictione
563 3117 886 3174 undecima.
914 3141 938 3167 ιι
968 3118 1132 3189 Quod
1152 3128 1336 3174 autem
1357 3135 1461 3174 nec
1482 3135 1590 3174 uno
1613 3118 1839 3190 quidem
1878 3122 1922 3186 Ο
1950 3115 2275 3172 electionem
2314 3131 2471 3171 suam
2504 3124 2621 3171 tam
2644 3119 2860 3188 Regem
2885 3132 3053 3189 quam
3085 3116 3363 3189 Principes
3400 3117 3547 3172 Teu-

260 3208 328 3264 die
351 3213 513 3268 serius
540 3211 697 3268 facta
721 3212 791 3267 sit
820 3212 1194 3281 Consecratio,
1218 3228 1385 3283 quam
1416 3219 1482 3268 3o
1515 3211 1690 3281 Junii,
1710 3228 1837 3284 pro-
1860 3226 1873 3231 '

258 3301 335 3358 bat
372 3322 607 3377 sequens
645 3305 897 3377 epistola,
940 3322 1047 3376 qua
1081 3327 1107 3354 ι
1151 3306 1280 3362 data
1317 3306 1560 3362 secundo
1601 3306 1836 3361 Kalend.

257 3396 386 3463 Julii,
414 3399 726 3455 Indictione
752 3421 778 3446 ω
798 3398 1053 3455 similiter
1076 3422 1101 3447 α
1126 3398 1442 3468 undecima,
1463 3399 1787 3472 Gregorius,
1815 3420 1839 3446 ν

251 3488 350 3559 jam
388 3508 495 3547 non
533 3492 781 3562 amplius
812 3514 837 3539 οι
887 3491 945 3547 in
982 3495 1303 3548 Romanum
1351 3490 1674 3549 Pontiﬁcem
1714 3492 1844 3548 Ele-

257 3590 378 3649 ctus,
412 3608 437 3633 π
466 3586 560 3641 sed
588 3587 829 3654 (mutato
855 3584 923 3641 de
947 3601 1106 3641 more
1129 3586 1293 3658 stylo)
1330 3609 1355 3634 α
1380 3586 1707 3658 Episcopus,
1732 3600 1845 3641 ser-

258 3691 341 3731 vus
367 3694 655 3735 servorum
688 3678 810 3745 Dei,
843 3679 1077 3735 Manassi
1120 3680 1383 3735 Remensi
1408 3678 1842 3750 Archiepiscopo

259 3770 468 3826 salutem
494 3781 553 3828 et
582 3771 962 3843 Apostolicam
989 3771 1427 3829 benedictionem
1457 3771 1775 3841 impertivit.
1814 3795 1839 3820 ι»

326 3868 405 3918 39.
433 3867 555 3921 Non
588 3864 790 3921 habuit
814 3864 905 3921 hic
944 3864 1190 3922 Pontifex
1219 3866 1277 3922 in
1319 3881 1420 3922 usu
1448 3865 1522 3934 id,
1550 3864 1697 3938 quod
1721 3865 1841 3921 Cle-

264 3966 485 4013 mentem
514 3963 727 4031 Papam
754 3961 857 4021 III,
887 3961 1132 4031 capisse,
1164 3969 1220 4016 et
1245 3960 1601 4017 Caelestinum
1639 3962 1843 4031 Papam

265 4048 497 4106 similiter
518 4055 620 4119 lIl,
640 4060 965 4109 constanter
986 4052 1235 4109 videmus
1255 4053 1596 4121 observasse,
1620 4061 1844 4108 centum

264 4142 512 4212 posthac
536 4146 724 4212 annis,
756 4153 817 4200 ut
853 4145 940 4201 sui
972 4146 1328 4202 Pontiﬁcatus
1355 4162 1527 4202 annos
1572 4145 1841 4203 adnume—

264 4244 397 4290 raret
442 4236 852 4293 subscribendis
907 4239 1176 4310 epistolis,
1215 4240 1406 4296 saltem
1455 4240 1510 4295 in
1557 4240 1846 4312 Registro;

263 4342 359 4382 nec
384 4315 616 4385 aliarum
647 4338 833 4385 extant
872 4333 1136 4402 exempla,
1178 4332 1384 4404 quibus
1412 4330 1642 4403 pleniori
1670 4330 1849 4388 forma

265 4420 656 4480 subscribentes
704 4426 761 4481 S.
796 4426 870 4480 R.
918 4427 976 4479 E.
1022 4425 1302 4481 Scriniarii
1351 4427 1465 4482 sive
1510 4426 1847 4494 Cancellarii,

271 4512 405 4569 illum
456 4525 511 4570 et
568 4516 710 4572 alios
757 4517 1018 4588 temporis
1069 4517 1411 4574 characteres
1468 4534 1768 4591 apposuere
1833 4536 1847 4574 :
1880 4507 1930 4568 D
1959 4520 2097 4573 Acta
2122 4518 2325 4573 habent
2345 4518 2493 4590 quod
2525 4518 2735 4574 «altera
2759 4517 2848 4573 die
2877 4540 2899 4567 ι
2921 4519 2989 4575 ab
3021 4518 3320 4588 Electione,
3354 4541 3380 4567 α
3410 4519 3556 4590 apud
3652 4546 3657 4549 η

266 4606 479 4675 proinde
521 4625 641 4666 non
687 4626 979 4681 possumus
1022 4627 1088 4667 ex
1132 4611 1201 4667 iis
1246 4611 1650 4681 demonstrare,
1701 4611 1848 4683 quod

267 4696 400 4754 idem
425 4702 731 4774 Gregorius
762 4719 1031 4759 annorum
1062 4720 1288 4760 suorum
1314 4705 1724 4761 Pontiﬁcalium
1752 4703 1852 4760 ini-

264 4788 392 4846 tium
436 4792 639 4850 ducere
685 4797 756 4850 sit
782 4795 975 4851 solitus
1011 4812 1040 4851 a
1076 4803 1143 4852 30
1171 4798 1336 4853 Junii.
1380 4798 1615 4854 Credere
1663 4806 1850 4853 tamen

264 4899 550 4953 possumus
577 4904 708 4943 eum
738 4888 793 4943 in
829 4887 935 4945 hoc
960 4905 1182 4961 quoque
1212 4898 1463 4946 secutum
1492 4906 1710 4947 morem
1747 4889 1851 4947 de-

265 4992 532 5036 cessorum
565 4997 835 5050 suorum;
863 4981 1112 5055 adeoque
1148 4984 1499 5041 Pontiﬁcatui
1538 4985 1677 5057 ejus,
1720 4992 1852 5040 tunc

264 5071 488 5139 primum
515 5075 776 5132 inchoato
818 5092 947 5131 cum
975 5076 1141 5148 capit
1169 5092 1286 5133 esse
1316 5078 1636 5150 Episcopus,
1668 5078 1851 5134 solum

263 5164 639 5224 adscribendos
661 5185 780 5224 esse
809 5185 982 5225 annos
1006 5175 1092 5239 11,
1124 5186 1343 5227 menses
1371 5178 1459 5241 10,
1486 5171 1601 5228 dies
1618 5177 1709 5228 26.
1731 5173 1852 5228 Hoc

265 5267 434 5315 autem
463 5261 633 5317 modo
658 5263 1082 5334 pracedentium
1100 5265 1346 5321 omnium
1375 5264 1708 5321 Pontiﬁcum
1728 5280 1850 5337 spa-

272 5348 331 5401 tia
358 5368 731 5421 numeramus,
779 5356 833 5411 in
861 5365 1045 5413 nostra
1087 5357 1159 5414 de
1191 5357 1521 5415 Pontiﬁcum
1564 5362 1851 5415 Romano-

272 5455 383 5496 rum
413 5446 775 5520 Chronologia
807 5458 1067 5519 tractatu,
1109 5451 1335 5508 tandem
1368 5468 1514 5508 nunc
1561 5452 1737 5520 edito;
1772 5451 1850 5508 si-

270 5534 478 5608 mulque
512 5540 867 5599 observamus
914 5544 1263 5601 Dominicam
1293 5545 1466 5612 diem,
1510 5554 1571 5601 ut
1616 5545 1852 5602 Ordina-

166 5688 173 5695 ο
267 5626 498 5688 tionibus
551 5631 807 5693 faciendis
844 5638 1145 5710 antiquitus
1182 5640 1557 5710 prascriptam
1591 5655 1605 5694 :
1653 5648 1707 5694 et
1749 5638 1850 5695 hac

263 5719 455 5794 duplici
512 5729 694 5797 regula
744 5729 1117 5801 expediendas
1153 5748 1436 5804 speramus
1484 5732 1717 5788 infinitas
1764 5733 1848 5788 hi-

266 5818 440 5873 storia
482 5820 860 5879 ecclesiastica
887 5824 1265 5893 difﬁcultates,
1314 5841 1439 5897 qua
1480 5827 1850 5882 Baronianam

1948 3209 2112 3266 tonici
2143 3209 2322 3282 Regni
2362 3208 2703 3265 consensisse
2746 3219 2892 3266 certa
2942 3208 3216 3282 legatione
3255 3225 3550 3283 cognosce-

1949 3311 2031 3358 ret
2060 3303 2195 3359 :hac
2209 3302 2420 3359 ratione
2434 3302 2713 3359 distulisse
2737 3302 2917 3358 adhuc
2940 3303 3356 3360 Ordinationem
3389 3319 3549 3360 suam

1950 3404 2007 3452 et
2032 3397 2151 3453 sine
2177 3395 2349 3452 dubio
2379 3396 2701 3465 dilaturum,
2728 3395 2907 3452 donec
2936 3396 3038 3451 sibi
3067 3398 3551 3467 voluntatemRe—

1950 3490 2032 3561 gis
2059 3498 2240 3546 certus
2282 3488 2407 3545 inde
2434 3489 2656 3544 veniens
2698 3489 2927 3544 nuntius
2955 3489 3256 3545 intimaret.
3293 3494 3418 3546 Hoc
3454 3491 3548 3547 ubi

1949 3583 2086 3657 Regi
2108 3582 2541 3653 estjnuntiatum,
2570 3582 2801 3638 libenter
2823 3583 3066 3655 suscepit
3082 3581 3550 3650 satisfactionem;

1952 3684 2030 3740 et,
2065 3676 2345 3733 latissimo
2373 3674 2660 3750 suffragio,
2702 3683 2764 3732 ut
2796 3675 3151 3732 ordinaretur
3175 3675 3485 3733 mandavit.
3522 3701 3546 3725 η

2020 3776 2110 3826 41.
2159 3769 2356 3827 Nescio
2402 3785 2569 3841 quam
2608 3770 2792 3843 procul
2837 3778 2935 3825 aut
2971 3786 3144 3843 prope
3188 3772 3366 3826 Roma
3417 3777 3550 3826 tunc

1953 3866 2073 3919 Rex
2112 3863 2369 3932 abfuerit,
2411 3862 2662 3935 adeoque
2693 3879 2798 3919 nec
2837 3862 3069 3919 deﬁnire
3104 3879 3331 3935 possum
3362 3873 3548 3920 utrum

1948 3957 2091 4013 intra
2109 3958 2299 4014 decem
2325 3958 2445 4014 illas
2465 3957 2855 4025 hebdomades,
2882 3973 3005 4028 qua
3033 3958 3177 4013 inter
3208 3958 3545 4014 Electionem

1955 4051 2479 4123 Ordinationemque
2526 4050 2825 4117 ﬂuxerunt,
2873 4051 3038 4107 toties
3081 4051 3362 4123 potuerint
3401 4067 3553 4108 com-

1955 4160 2142 4200 meare
2161 4144 2360 4214 nuntii,
2392 4145 2602 4217 quoties
2625 4160 2766 4216 opus
2791 4152 2876 4200 est
2901 4153 2964 4200 ut
2987 4144 3286 4217 Gregorius
3298 4154 3552 4217 expecta-

1956 4237 2093 4293 verit
2117 4236 2297 4295 donec
2336 4247 2459 4310 post
2486 4238 2726 4294 reditum
2771 4237 3015 4310 pradicti
3048 4238 3279 4294 Comitis
3306 4254 3479 4295 novos
3524 4254 3554 4294 a

1956 4333 2111 4403 Rege
2155 4331 2382 4387 nuntios
2409 4332 2702 4403 acciperet.
2737 4330 2845 4387 Sed
2874 4344 3054 4403 neque
3102 4331 3154 4388 id
3197 4348 3337 4404 opus
3381 4330 3553 4387 fuisse

1958 4424 2116 4480 video
2149 4444 2161 4479 :
2210 4424 2483 4497 siquidem
2533 4424 2865 4497 pralaudata
2893 4440 2959 4480 ex
3000 4425 3263 4481 Vaticano
3293 4425 3554 4482 Archivio

1956 4627 2014 4669 se
2044 4612 2225 4684 ipsum
2246 4611 2478 4668 sollicita
2518 4620 2704 4669 mente
2737 4602 3074 4683 pertractans
3102 4611 3172 4668 ad
3199 4627 3363 4683 quam
3392 4628 3556 4685 grave

1960 4705 2268 4780 periculum
2308 4704 2382 4761 sit
2422 4704 2712 4773 adductus,
2762 4714 2998 4761 astuare
3047 4705 3213 4776 capit
3265 4722 3332 4761 ex
3380 4705 3555 4762 nimio

1959 4799 2168 4856 dolore.
2201 4798 2309 4855 Sed
2338 4814 2467 4853 cum
2510 4798 2922 4855 excusationem
2952 4796 3019 4854 de
3062 4798 3427 4872 relinquendo
3458 4802 3558 4855 Pa-

1961 4901 2091 4965 patu
2120 4909 2231 4948 non
2269 4891 2593 4962 invenisset,
2633 4891 2863 4948 nuntios
2892 4892 2962 4949 ad
2998 4894 3204 4965 Regem
3248 4894 3556 4949 Henricum

1958 4985 2205 5043 celeriter
2229 4984 2549 5053 destinavit,
2581 5003 2672 5057 per
2698 5002 2838 5058 quos
2865 4994 2917 5041 et
2952 4985 3271 5049 electionem
3305 5002 3471 5060 super
3500 5003 3560 5043 se

1962 5079 2161 5136 factam
2204 5080 2438 5152 aperuit,
2477 5088 2533 5135 et
2558 5095 2626 5135 ne
2654 5095 2940 5137 assensum
2989 5080 3259 5153 praberet
3300 5082 3562 5138 attentius

1962 5173 2225 5243 exoravit,
2274 5173 2425 5246 quod
2466 5173 2510 5229 si
2553 5190 2661 5230 non
2705 5172 2944 5243 faceret,
2987 5182 3201 5230 certum
3258 5174 3361 5231 sibi
3416 5183 3563 5232 esset

1962 5267 2108 5340 quod
2136 5268 2409 5340 graviores
2450 5275 2507 5323 et
2536 5267 2856 5350 manifestos
2886 5268 3002 5339 ejus
3031 5284 3284 5324 excessus
3324 5269 3560 5325 nullate-

1961 5376 2067 5416 nus
2118 5360 2421 5432 impunitos
2468 5360 2747 5417 toleraret.
2790 5382 2817 5409 ι
2860 5364 3004 5417 Rem
3046 5378 3177 5433 ergo
3221 5360 3299 5419 sic
3352 5372 3561 5434 gestam

1962 5453 2236 5522 existimo,
2254 5463 2314 5510 ut
2334 5453 2585 5527 Gregorii
2607 5455 2830 5510 nuntios
2850 5456 3198 5526 pracurrerit
3212 5459 3295 5523 (ut
3318 5456 3399 5523 ﬁt)
3415 5456 3561 5512 fama

1959 5545 2276 5615 Electionis,
2308 5563 2536 5617 eamque
2572 5557 2774 5604 secuta
2811 5548 2893 5603 vel
2925 5564 3051 5604 mox
3079 5562 3351 5605 secutura
3396 5546 3560 5605 Ordi-

1960 5641 2217 5708 nationis,
2248 5657 2315 5697 eo
2343 5640 2489 5712 quod
2515 5643 2801 5695 Romanus
2833 5641 3067 5713 populus
3090 5642 3409 5697 dilationem
3441 5640 3560 5696 nul-

1960 5734 2069 5789 lam
2100 5733 2373 5801 videretur
2409 5734 2514 5805 pati
2559 5734 2691 5790 velle
2732 5734 2892 5801 (sicut
2917 5751 2982 5790 ex
3013 5749 3274 5804 reSponso
3304 5733 3558 5804 Gregorii

1958 5826 2029 5883 ad
2058 5827 2328 5884 Comitem
2362 5828 2492 5883 satis
2522 5826 2863 5900 intelligitur)
2893 5835 2949 5883 et
2968 5825 3245 5898 Episcopis
3267 5824 3563 5884 Gallicanis
