4138 6190
454 4848 469 4853 -
557 4821 876 4874 Bonizonem
933 4818 1205 4887 scribens,
1264 4818 1357 4891 qui

539 271 607 323 39
1182 334 1187 339 κ
1768 262 1821 317 s.
1865 260 2248 318 cessemus
2285 260 2371 313 vn
2414 259 2612 313 PAPA.
2846 289 2853 293 -
3775 260 3845 313 4ο

539 393 634 461 qui
669 400 790 447 tum
820 388 957 444 forte
980 406 1043 443 ex
1074 386 1391 457 Burgundia
1418 395 1471 442 ct
1502 386 1858 458 Lotliaringia
1889 386 1944 441 in
1974 385 2136 456 Regis
2162 389 2215 451 Α
2241 399 2332 438 ma
2360 390 2483 455 post
2508 381 2849 437 Electionem
2888 380 3255 451 hebdomade,
3296 384 3459 439 citius
3497 381 3635 438 forte
3665 397 3850 454 quam

541 485 704 541 Curia
762 483 1019 550 aderant,
1074 481 1239 553 regiae
1283 481 1626 537 auctoritatis
1675 480 1987 551 neglectum
2043 493 2140 548 pro

540 587 688 633 certo
715 576 1167 648 exaggerantibus
1194 575 1392 631 missus
1417 577 1612 630 Comes
1629 572 1730 635 sit;
1757 586 1865 642 quo
1890 570 2138 642 digresso

540 670 959 740 supervenerint
999 668 1171 725 nuntii
1204 684 1333 725 cum
1374 665 1641 738 epistolis,
1688 662 1807 718 falsi
1850 672 2141 735 arguentes

543 763 749 820 famam
780 762 1131 835 praedictam;
1178 762 1430 830 ideoque,
1461 774 1569 812 non
1597 765 1881 828 expectato
1911 756 2143 812 Comitis

542 857 742 926 reditu,
775 857 1002 913 missum
1032 855 1349 911 mandatum
1379 850 1449 907 ad
1477 849 1881 905 Vercellensem
1910 849 2132 920 Episco-

546 966 674 1022 pum
729 959 791 1006 ut
845 946 1190 1007 Ordinationi
1238 943 1541 999 Pontiticiae
1586 952 1807 998 curaret
1849 944 2135 1008 interesse,

541 1045 686 1117 quod
715 1045 803 1099 hic
827 1048 943 1099 sine
986 1055 1135 1095 mora
1168 1037 1387 1100 faciens,
1416 1035 1700 1092 advenerit
1726 1039 1962 1092 Romam
2005 1036 2144 1092 deci-

2245 477 2445 532 Comes
2473 475 2771 549 adRegem
2804 475 2981 546 potuit
3013 474 3258 531 rediisse.
3289 480 3471 548 Atque
3512 475 3617 532 hoc
3643 474 3848 541 modo,

2246 568 2461 625 etiamsi
2489 572 2605 624 Rex
2636 564 2829 623 fuisset
2871 567 2925 621 in
2956 567 3152 623 intima
3190 569 3504 636 Germania,
3547 574 3859 646 potuerunt

2246 678 2363 718 esse
2408 661 2548 717 facta
2598 661 2783 717 omnia
2829 675 2952 732 quae
2996 660 3271 729 utrimque
3317 670 3631 717 narrantur.
3682 660 3860 719 Unde

2247 764 2429 811 autem
2496 754 2827 810 Lambertus
2891 753 3037 809 diem
3096 752 3492 807 Puriﬁcationis
3546 755 3858 827 acceperit,

2245 848 2486 919 ignoro:
2534 863 2767 914 errasse,
2810 847 2973 902 certis
3025 844 3370 901 documentis
3414 847 3647 916 conviei,
3695 844 3865 920 quod

2249 943 2379 998 satis
2403 951 2505 998 est.

544 1221 3865 1248 Μ

1441 1422 1577 1533 S.
1672 1417 2581 1532 GREGOBII
2658 1415 2948 1528 VII
3036 1406 3043 1412 ’

2011 1660 2374 1778 VITA

1376 1901 1626 1958 Auctore
1658 1900 1858 1959 PAULO
1908 1898 2359 1971 Bernrierlensi,
2394 1899 2690 1958 Canonico
2718 1898 3015 1976 regulari.

1045 2251 1283 2307 CAPUT
1310 2252 1629 2307 PRIMUM.

552 2363 747 2418 Nomen
771 2359 1150 2425 Hildebrandi,
1178 2364 1228 2414 ei
1254 2360 1379 2414 huic
1399 2361 1692 2425 conformia
1711 2360 1852 2427 ignis
1878 2360 2145 2414 miracula

619 2434 760 2487 circa
780 2434 959 2502 ipsum
984 2437 1214 2486 ostensa.
1237 2431 1379 2485 Acta
1397 2447 1566 2501 usque
1592 2431 1665 2485 ad
1683 2447 1885 2485 annum
1912 2435 2068 2486 1052.

620 2534 793 2607 Igitur
819 2534 1116 2604 Gregorius
1136 2533 1425 2605 septimus,
1454 2550 1620 2604 super
1648 2550 1813 2604 quem
1833 2549 1959 2589 vere
1982 2532 2145 2604 primi

550 2625 801 2698 Gregorii
831 2627 1095 2697 requievit
1120 2626 1359 2698 spiritus,
1393 2626 1609 2682 natione
1634 2628 1895 2691 Teuscus,
1935 2635 2146 2697 patrem

549 2719 744 2776 habuit
790 2719 1015 2775 nomine
1067 2721 1338 2776 Bonicum
1389 2722 1483 2791 (1),
1530 2718 1749 2791 et‘ipse
1796 2718 2142 2776 Hiltebrandi

547 2812 769 2869 sortitus
793 2821 876 2868 est
897 2813 953 2868 in
984 2812 1258 2885 baptismo
1284 2813 1630 2879 vocabulum,
1661 2828 1775 2869 non
1802 2813 1917 2869 sine
1949 2811 2141 2883 grandi

550 2906 811 2979 praesagio
854 2905 1184 2963 futurorum.
1216 2906 1607 2962 Hiltebrandus
1632 2913 1702 2973 (2)
1724 2908 1900 2972 enim,
1936 2908 2141 2962 Teuto-

550 2999 689 3056 nicaa
720 3000 919 3072 linguae
956 3000 1244 3056 vernacula
1280 3000 1716 3070 nuncupatione,
1759 3000 2141 3055 Perustionem

549 3092 815 3164 significat
841 3092 1156 3163 cupiditatis
1182 3101 1434 3157 terrenae,
1464 3092 1685 3161 Qualem
1717 3092 1999 3147 Psalmista
2041 3091 2141 3146 sibi

549 3184 813 3241 divinitus
830 3184 1094 3256 impertiri
1123 3192 1394 3255 precatur,
1420 3183 1612 3239 dicens
1627 3184 1766 3239 Psal.
1788 3199 1906 3238 xxv
1933 3201 1945 3238 :
1972 3183 2143 3238 Proba

553 3293 663 3346 me,
703 3278 967 3345 Domine,
998 3285 1055 3332 et
1091 3286 1240 3332 tenta
1280 3292 1403 3345 me;
1449 3293 1548 3333 ure
1580 3292 1745 3333 renes
1775 3292 1930 3332 meos
1968 3286 2025 3331 et
2051 3292 2147 3331 cor

554 3386 809 3425 meum...
825 3373 968 3441 Apte
988 3385 1115 3425 vero
1128 3370 1181 3425 in
1200 3369 1474 3441 baptismo
1495 3371 1681 3427 datum
1700 3378 1783 3425 est
1796 3369 1900 3425 hoc
1918 3386 2143 3433 nomen,

550 3464 762 3520 dicente
789 3466 1000 3521 Joanne
1039 3465 1305 3536 Baptista,
1346 3464 1519 3521 Marci
1554 3481 1574 3521 ι
1612 3483 1625 3520 :
1660 3467 1775 3537 Ego
1804 3463 2028 3533 quidem
2057 3479 2152 3518 vos

552 3557 772 3629 baptizo
800 3557 857 3613 in
883 3574 1021 3629 aqua
1045 3557 1102 3612 in
1123 3558 1533 3628 paenitentiam;
1559 3558 1651 3630 qui
1680 3566 1864 3613 autem
1886 3562 2152 3612 venturus

553 3660 633 3707 est
663 3660 787 3723 post
818 3668 929 3719 me,
961 3649 1156 3706 fortior
1182 3659 1265 3706 est
1308 3667 1432 3718 me,
1478 3651 1636 3723 cujus
1664 3666 1774 3705 non
1805 3666 1928 3706 sum
1957 3650 2152 3722 dignus

553 3744 917 3799 calceamenta
981 3752 1198 3814 portare
1247 3761 1259 3797 :
1318 3744 1433 3814 ipse
1484 3744 1782 3815 baptizabit
1830 3744 1889 3799 in
1944 3744 2149 3814 Spiritu

554 3845 740 3892 sancto
764 3844 819 3890 et
847 3835 989 3907 igne.
1027 3839 1109 3891 De
1141 3836 1246 3892 hoc
1268 3836 1393 3908 igne
1436 3837 1551 3907 ipse
1579 3837 1823 3893 Salvator
1859 3837 1957 3903 ait,
1985 3840 2152 3893 Luca:

559 3938 660 3985 l2:
692 3932 877 4001 Ignem
908 3929 1034 3984 veni
1058 3930 1278 3985 mittere
1304 3930 1360 3985 in
1386 3939 1616 3996 terram,
1638 3939 1695 3986 et
1721 3931 1850 4003 quid
1873 3930 2018 3997 volo,
2044 3930 2150 3986 nisi

555 4032 616 4079 ut
642 4021 866 4078 ardeat?
894 4024 1167 4094 Quoniam
1192 4039 1325 4096 ergo
1357 4024 1435 4079 vir
1465 4024 1569 4080 iste
1599 4024 1769 4097 ignito
1799 4024 2017 4096 eloquio
2049 4027 2153 4079 Do-

554 4116 686 4172 mini
730 4116 1045 4189 repulsurus
1076 4126 1192 4172 erat
1233 4133 1264 4172 a
1292 4116 1461 4173 domo
1494 4118 1596 4173 Dei
1627 4118 1798 4189 ignita
1839 4118 2019 4189 jacula
2058 4118 2153 4171 ini-

555 4209 708 4277 mici,
753 4225 865 4266 non
920 4209 1219 4282 incongrue
1269 4210 1513 4282 praetulit
1563 4210 1883 4266 incendium
1925 4210 2154 4282 appella-

553 4303 728 4370 tione,
774 4302 924 4375 quod
967 4303 1312 4360 exhibiturus
1337 4314 1452 4360 erat
1482 4302 1882 4360 ferventissima
1911 4303 2155 4360 caritatis

556 4402 610 4451 et
632 4395 870 4451 veritatis
898 4397 1268 4453 attestatione.

629 4495 681 4544 2.
709 4489 993 4546 Habemus
1015 4489 1194 4547 adhuc
1223 4490 1495 4547 ﬁrmiores
1517 4491 1571 4547 in
1609 4507 1675 4548 eo
1702 4491 1883 4548 divini
1929 4490 2155 4548 fervoris

556 4584 1121 4654 prmmonstrationes,
1177 4598 1243 4640 ex
1286 4584 1484 4656 quibus
1523 4601 1649 4641 eum
1692 4584 1973 4658 quondam
2021 4585 2154 4640 Elia:

554 4775 573 4783 τ
628 4746 703 4819 (ι)
739 4748 841 4802 Ms.
884 4755 1139 4802 nostrum
1170 4763 1375 4804 nomen
1405 4749 1573 4873 patris
1620 4750 1823 4806 rectius
1866 4750 2151 4820 expressit,

557 4821 876 4873 Bonizonem
933 4818 1205 4873 scribens.
1264 4818 1357 4873 aui
1445 4821 1491 4873 ic
1551 4823 1743 4873 saltem
1792 4825 2023 4873 Bonizus
2072 4823 2151 4873 vel

1445 4821 1491 4876 ic
1551 4823 1743 4876 saltem
1792 4825 2023 4877 Bonizus
2072 4822 2158 4877 vel

555 4892 777 4945 Bonitas
801 4905 909 4944 non
940 4893 1186 4952 Bonicus,
1222 4892 1541 4947 scribendus
1571 4902 1708 4948 erat.

630 4961 705 5030 (2)
749 4964 854 5016 Pro
884 4962 1027 5016 varia
1060 4961 1297 5017 dialecto
1329 4964 1471 5016 varie
1509 4980 1714 5019 nomen
1742 4966 1845 5020 hoc
1872 4965 2149 5030 scribitur,

558 5032 902 5101 Hiltebrant,
952 5033 1323 5096 Hildebrand,
1374 5036 1725 5099 Heldebrant,
1770 5045 1823 5091 et
1870 5034 2155 5102 (suavioris

560 5105 1024 5177 pronuntiationis
1049 5112 1231 5171 causa)
1269 5107 1442 5160 etiam
1471 5108 1794 5162 Hellebrand
1819 5126 1837 5159 :
1865 5108 2010 5176 quod
2065 5122 2159 5177 po-

557 5184 851 5240 stremum,
900 5176 1029 5245 quia
1075 5178 1218 5232 varie
1270 5177 1438 5246 accipi
1494 5188 1690 5246 potest,
1741 5178 1975 5233 inimicis
2024 5180 2160 5236 Gre-

596 5246 693 5300 orii
720 5255 776 5301 et
800 5246 1081 5302 maledicis
1105 5248 1446 5317 occasionem
1473 5246 1648 5315 dedit,
1675 5257 1737 5303 ut
1766 5249 1901 5304 infra
1941 5266 2090 5305 num.
2124 5257 2155 5305 4

604 5316 781 5391 icitur.
832 5320 1159 5391 Infernalem
1202 5316 1445 5374 titionem
1490 5339 1507 5375 :
1550 5322 1799 5391 quamvis
1843 5323 2008 5387 Helle,
2048 5336 2158 5377 non

557 5388 737 5443 solum
795 5388 1130 5444 substantive
1172 5393 1472 5459 infernum,
1515 5388 1585 5446 ab
1638 5393 1823 5448 Hellen
1865 5393 1917 5446 in
1956 5394 2159 5449 declive

558 5474 802 5532 vergere,
843 5460 938 5515 sed
968 5460 1227 5532 adjective
1258 5462 1424 5517 etiam
1467 5464 1688 5520 Clarum
1714 5464 1999 5531 signiﬁcet.
2044 5467 2157 5521 No-

557 5538 672 5586 ster
716 5538 932 5609 auctor,
967 5536 1184 5609 _omissa
1232 5533 1427 5604 prioris
1484 5536 1651 5609 partis
1698 5536 2073 5609 etymologia,
2101 5537 2156 5592 in

559 5602 848 5658 sosteriori
896 5619 929 5657 α
959 5602 1247 5665 Βναηάετιζ
1278 5620 1450 5675 urere
1464 5602 1501 5673 ,'
1531 5606 1724 5662 ardere
1755 5602 2004 5675 sumpti,
2063 5608 2154 5664 hic

559 5675 737 5746 ptetit,
766 5677 1130 5730 Perustionem
1159 5674 1394 5731 reddens
1428 5696 1439 5730 :
1473 5687 1555 5732 est
1584 5688 1767 5733 autem
1810 5674 2025 5746 Brand,
2068 5695 2151 5734 ar-

560 5744 685 5812 dor,
716 5747 1026 5802 incendium
1048 5787 1062 5811 ,
1104 5748 1243 5801 titio.
1282 5748 1395 5803 Hilt
1425 5764 1551 5804 vero
1580 5750 1662 5805 vel
1691 5750 1853 5813 Held,
1885 5744 2151 5813 significat

560 5820 805 5886 Heroem;
831 5826 996 5891 atque
1031 5817 1169 5876 adeo
1191 5816 1595 5877 Hildebrandus
1615 5829 1699 5876 est
1721 5820 1902 5877 Ardor
1927 5816 2147 5878 lieroum

2182 4911 2231 4973 D

2175 2253 2222 2314 B
2256 2252 2544 2324 Prophetas
2598 2251 3054 2318 assimilavimus,
3097 2266 3223 2307 cum
3270 2249 3413 2304 forte
3457 2246 3729 2303 lsidorum
3784 2246 3864 2302 de

2254 2357 2377 2404 ortu
2407 2355 2459 2402 et
2487 2348 2636 2402 obitu
2675 2347 3070 2417 PrOphetarum
3112 2344 3434 2416 legeremus.
3487 2341 3570 2397 Ibi
3600 2341 3780 2408 enim,
3813 2339 3863 2397 si

2255 2441 2521 2497 memoria
2564 2457 2677 2496 non
2717 2440 2884 2507 fallit,
2927 2447 3090 2510 caput
3119 2438 3249 2494 Eliae
3292 2451 3489 2492 recens
3528 2436 3641 2490 nati
3683 2435 3858 2507 globo

2255 2535 2402 2607 ignis
2430 2533 2669 2589 traditur
2691 2534 3053 2595 illustratum;
3084 2531 3152 2588 ad
3182 2529 3629 2603 praasignandum
3662 2528 3858 2584 videli-

2254 2636 2340 2683 cet
2362 2627 2559 2683 divinaa
2581 2626 2949 2683 mmulationis
2974 2625 3248 2691 ardorem,
3267 2639 3376 2693 quo
3396 2622 3619 2678 tandem
3646 2621 3862 2677 inﬂam-

2256 2721 2493 2776 mandus
2545 2730 2663 2776 erat
2713 2728 2900 2776 contra
2956 2718 3427 2790 praevaricationes
3493 2716 3865 2787 pessimorum

2259 2817 2495 2886 Regum,
2537 2823 2701 2885 atque
2730 2812 3078 2869 seductiones
3106 2810 3731 2883 pseudoprophetarum.
3779 2810 3863 2865 Si-

2255 2907 2371 2963 mili
2402 2908 2566 2964 modo
2590 2924 2655 2963 ex
2683 2906 2930 2978 Gregorii
2955 2907 3065 2961 sive
3088 2903 3424 2960 Hiltebrandi
3453 2904 3657 2973 parvuli
3690 2903 3859 2958 vesti-

2258 3003 2360 3056 bus
2402 3000 2649 3057 scintillaa
2695 3000 2838 3072 ignis
2870 3000 3002 3055 visae
3037 3006 3163 3054 sunt
3189 2998 3493 3065 emicuisse,
3540 2997 3610 3052 ad
3641 3012 3859 3067 praeno—

2256 3094 2492 3150 tandum
2521 3094 2634 3149 sine
2661 3093 2830 3148 dubio
2859 3093 3029 3148 sancti
3060 3092 3160 3148 zeli
3207 3090 3475 3147 fervorem
3521 3104 3630 3158 quo
3661 3098 3711 3142 et
3738 3089 3855 3157 ipse

2255 3187 2537 3261 igniendus
2566 3195 2682 3243 erat
2710 3194 2902 3241 contra
2937 3185 3281 3258 gravissimas
3312 3183 3627 3237 insolentias
3657 3181 3855 3236 Henri-

2254 3282 2425 3338 ciana:
2455 3281 2708 3348 vesaniae,
2737 3287 2793 3335 et
2819 3287 3007 3335 contra
3039 3277 3408 3333 intolerabiles
3440 3274 3854 3331 effraenationes

2257 3372 2617 3430 Sacerdotalis
2645 3372 3072 3428 incontinentiae.
3101 3374 3259 3427 Hanc
3273 3379 3458 3425 autem
3486 3369 3853 3425 scintillarum

2259 3467 2522 3523 visionem
2552 3467 2752 3537 saepius
2781 3474 3094 3535 ostensam,
3128 3464 3383 3535 primitus
3431 3464 3485 3517 in
3522 3477 3589 3518 eo
3636 3462 3855 3518 Clunia-

2257 3562 2435 3617 censis
2460 3560 2777 3615 monasterii
2807 3562 2969 3615 Pater
2998 3561 3059 3615 S.
3096 3558 3332 3631 Majolus
3371 3562 3443 3623 (3)
3474 3555 3649 3612 fertur
3685 3556 3857 3611 adno-

2258 3663 2420 3722 tasse,
2467 3663 2629 3725 atque
2675 3652 2810 3709 illud
2854 3655 2915 3708 B.
2941 3651 3177 3707 ‘Joannis
3217 3651 3478 3721 Baptistae
3506 3649 3792 3720 adaptasse
3838 3667 3852 3704 :

2261 3752 2369 3804 Iste
2412 3763 2542 3818 puer
2571 3762 2804 3816 magnus
2839 3746 2940 3800 erit
2968 3760 3157 3800 coram
3200 3745 3464 3799 Domino.
3513 3742 3761 3813 Denique
3792 3750 3858 3799 ut

2259 3849 2482 3897 cunctas
2510 3840 2744 3894 visiones
2768 3838 2932 3909 ignis,
2963 3852 3101 3909 quas
3126 3837 3194 3893 de
3219 3853 3284 3893 eo
3314 3835 3709 3909 comperimus,
3735 3837 3858 3891 sine

2260 3934 2669 3990 intermissione
2711 3946 3244 3997 commemoremus,
3294 3930 3403 3985 visa
3451 3937 3533 3985 est
3576 3930 3741 3985 etiam
3787 3930 3858 3985 de

2261 4020 2427 4099 ipsius
2470 4027 2649 4099 capite
2691 4024 2930 4098 quodam
2968 4033 3217 4096 tempore
3272 4023 3495 4078 ﬂamma
3538 4022 3856 4093 procedere,

2261 4122 2326 4175 ad
2359 4120 2756 4192 expressiorem
2788 4117 3200 4173 similitudinem
3233 4116 3385 4184 Elite,
3412 4116 3457 4170 si
3487 4123 3712 4171 aetatum
3746 4115 3855 4171 ful—

2262 4214 2498 4269 ciremur
2537 4212 2942 4282 coeperatione.
2971 4213 3200 4273 Verum,
3229 4209 3367 4264 sicut
3394 4208 3529 4265 illud
3574 4208 3860 4280 propheti-

2262 4324 2341 4365 ca:
2383 4304 2767 4377 increpationis
2806 4303 3112 4376 prodigium
3142 4302 3371 4375 contigit
3409 4302 3462 4357 in
3494 4302 3739 4366 infantia,
3782 4303 3861 4360 ita

2263 4401 2408 4457 istud
2433 4399 2761 4471 Apostolicaz
2800 4396 3215 4453 examinationis
3243 4406 3521 4453 ostentum
3562 4396 3757 4453 accidit
3801 4398 3861 4452 in

2263 4502 2423 4550 aetate
2454 4490 2713 4563 perfecta.
3910 4490 3911 4493 ‘

2337 4593 2389 4643 3.
2432 4585 2553 4642 Fuit
2591 4593 2647 4640 et
2682 4585 2739 4640 in
2786 4583 2897 4641 hoc
2944 4583 3123 4657 aliqua
3161 4583 3458 4640 similitudo
3507 4584 3662 4652 Elite,
3705 4581 3860 4655 quod

2265 4768 2361 4808 seu
2388 4753 2630 4807 heroicus
2658 4771 2676 4804 :
2721 4752 2807 4807 vix
2840 4760 3025 4807 autem
3058 4751 3111 4805 in
3163 4768 3266 4805 usu
3307 4752 3530 4823 antiquo
3563 4751 3859 4821 distingui-

2266 4834 2356 4880 tur
2383 4841 2411 4878 a
2444 4824 2856 4891 Childeb-rando,
2888 4824 3031 4879 sicut
3053 4838 3157 4878 nec
3187 4824 3561 4880 Childebertus
3580 4826 3648 4878 ab
3673 4825 3853 4879 Hilde-

2263 4897 2406 4951 berto
2457 4914 2473 4946 :
2528 4904 2612 4949 est
2666 4905 2850 4949 tamen
2899 4894 3139 4949 notionis
3175 4893 3538 4966 iditferentia,
3590 4904 3861 4966 quatenus

2264 4968 2447 5026 Childe
2471 4966 2711 5039 antiquis
2741 4966 2960 5022 Francis
2989 4965 3432 5039 Saxonibusqne,
3482 4976 3537 5024 et
3564 4965 3727 5039 hodie
3756 4966 3859 5039 ad-

2265 5040 2373 5093 huc
2394 5036 2899 5111 Anglisfsignilicet
2916 5036 3422 5111 infantemLﬁIium,
3446 5050 3555 5094 etc.
3592 5038 3711 5093 Itali
3743 5036 3860 5111 fere

2264 5111 2379 5166 sine
2409 5109 2740 5179 aspiratione
2770 5111 3157 5165 Ildebrandum
3177 5109 3388 5170 dicunt.
3421 5111 3565 5180 quod
3594 5110 3862 5164 recentior

2268 5198 2399 5237 usus
2428 5182 2480 5236 in
2516 5182 2947 5253 _Aldobrandum
2968 5252 2971 5253 ν
2990 5180 3172 5253 vertit.
3204 5181 3377 5253 Porro
3407 5197 3551 5253 quae,
3578 5180 3861 5253 occasione

2267 5253 2405 5324 ignei
2439 5251 2651 5308 ardoris
2676 5254 2793 5323 ipso
2828 5252 3051 5324 nomine
3077 5252 3383 5321 sigiiilicati,
3427 5251 3554 5306 mox
3579 5251 3858 5324 dicuntur,

2266 5321 2334 5407 die
2370 5324 2511 5407 Elia,
2550 5340 2611 5407 e_x
2640 5321 2968 5407 apocryphis
2995 5332 3542 5407 su'mpta,_.poterunt
3567 5322 3634 5379 ad
3657 5322 3749 5393 jus
3777 5321 3859 5377 fe-

2266 5404 2412 5451 stum
2443 5400 2531 5450 20.
2565 5391 2694 5450 Julii
2724 5391 3026 5451 accuratius
3049 5391 3298 5462 [referri]:

2340 5471 2412 5533 (3)
2444 5467 2633 5533 Majoli
2656 5466 2837 5521 Vitam
2867 5466 3064 5521 damus
3097 5470 3181 5519 11.
3215 5465 3362 5531 Maii,
3394 5462 3489 5519 ubi
3516 5463 3860 5520 ostendimus

2340 5484 2412 5533 (ὅ)
2444 5484 2535 5521 Μα
2560 5484 2633 5522 οιι
2665 5484 2837 5521 Vitam
2867 5484 3064 5521 namus
3097 5484 3181 5519 ll.
3216 5484 3362 5531 N18",
3394 5484 3489 5519 UDI
3516 5484 3857 5520 οδιθυαιῐηυε

2265 5536 2473 5592 obiisse
2507 5484 2663 5592 illum
2706 5554 2849 5594 anno
2891 5542 2997 5592 994
3040 5554 3052 5590 :
3086 5537 3231 5606 atqui
3276 5550 3422 5591 anno
3458 5541 3619 5592 1048.
3666 5537 3857 5592 Hilde-

2266 5607 2505 5663 brandus
2533 5608 2715 5663 adhuc
2745 5617 2863 5664 erat
2891 5607 3209 5663 adolescens
3243 5625 3255 5661 :
3283 5606 3466 5678 itaque
3505 5606 3653 5678 quod
3689 5608 3774 5661 hic
3802 5606 3857 5661 S.

2264 5678 2471 5752 Majolo
2502 5679 2777 5752 tribuitur,
2808 5680 2912 5752 sub
2940 5680 3121 5752 aliquo
3157 5678 3275 5752 ejus
3316 5677 3584 5751 discipulo
3616 5679 3694 5735 vel
3734 5693 3859 5734 suc-

2263 5748 2480 5808 cessore
2506 5753 2565 5809 S.
2590 5751 2824 5809 Odilone
2855 5750 3063 5809 dictum
3089 5748 3273 5805 fuerit.
