4138 6190
194 244 260 297 41
1190 244 1715 301 PROLEGOMENA.
1758 273 1824 280 —
1863 243 2041 298 ACTA
2081 245 2133 299 s.
2178 244 2519 301 casconu.
3440 262 3509 316 42

196 380 558 445 contemptus
580 390 611 428 a
629 373 870 445 quodam
892 371 1297 426 calumniatore
1318 414 1332 437 ,
1354 370 1670 426 terribiliter
1691 369 1807 423 vin-
1838 370 1890 431 Α
1919 369 2314 437 celebraturus,
2358 371 2489 427 adiit
2540 371 2852 438 Abbatiam,
2897 374 3162 432 vocabulo
3220 382 3505 439 Nonantu-

196 467 420 522 dicatus
449 475 532 522 est
560 466 770 524 calesti
798 467 943 537 igne.
979 468 1117 520 Nam
1138 480 1269 521 cum
1300 472 1445 520 esset
1462 463 1805 519 Archidiaco-

196 578 311 616 nus
365 561 730 617 antecessoris
758 560 839 615 sui
875 558 1197 624 Alexandri;
1239 574 1440 630 pauper
1471 557 1693 627 quidam
1716 557 1823 611 in-'

201 655 549 711 tolerabilem
590 655 871 709 sustinens
920 652 1024 707 sibi
1074 652 1397 707 hereditatis
1427 652 1620 706 ablata
1658 651 1803 721 inju-

196 751 366 816 riam,
408 749 476 803 ab
506 748 846 819 iniquissimo
885 756 940 802 et
990 746 1303 802 metuenda
1344 744 1605 816 potentia
1655 744 1797 812 viro,

194 843 443 898 ﬂebilem
464 841 868 913 querimoniam
892 839 1091 896 detulit
1114 839 1363 895 Pontiﬁci
1394 843 1667 894 Romano.
1696 842 1802 893 Ve-

194 953 331 992 rum
380 937 472 991 hic
497 979 512 1003 ,
560 951 689 992 cum
730 944 1016 1007 pr0pterea
1048 934 1150 989 sibi
1194 949 1411 1004 quoque
1441 933 1707 987 damnum
1737 932 1803 987 ab

192 1032 391 1086 animo
437 1029 756 1085 irreverenti
784 1037 835 1083 et
869 1026 1130 1083 infrunito
1152 1026 1502 1082 subeundum
1535 1024 1802 1081 formida-

193 1134 306 1190 ret,
341 1134 394 1179 et
413 1124 559 1195 justa
604 1123 875 1178 sententia
913 1121 1348 1177 misericordiam
1379 1120 1663 1174 sublevare
1694 1128 1798 1174 tre—

194 1217 446 1289 pidaret;
480 1218 664 1289 justus
714 1213 1130 1282 Hiltebrandus,
1179 1214 1329 1286 quasi
1372 1215 1457 1268 leo
1502 1211 1802 1280 conﬁdens,

195 1328 332 1367 cum
382 1311 623 1381 primum
678 1310 1001 1365 Pontiﬁcem
1046 1308 1115 1364 ad
1144 1307 1482 1363 exerendum
1537 1306 1800 1361 ultionem

194 1405 442 1460 excimre
494 1413 548 1458 et
597 1404 912 1458 confortare
963 1410 1245 1467 tentasset,
1294 1401 1389 1457 sed
1448 1416 1574 1455 eum
1627 1417 1655 1455 a
1706 1418 1802 1471 pu-

191 1499 579 1553 sillanimitate
658 1496 887 1568 spiritus
949 1511 1299 1567 nequaquam
1382 1494 1609 1549 liberare
1668 1510 1805 1565 pra-

195 1592 497 1657 valuisset;
526 1590 629 1645 sibi
660 1590 837 1645 vicem
868 1590 1019 1645 illam
1050 1586 1434 1644 misericordia
1466 1595 1520 1642 et
1562 1588 1804 1643 veritatis

196 1684 487 1740 committi
531 1684 846 1755 postulavit.
870 1686 987 1753 Qua
1015 1684 1265 1753 protinus
1303 1691 1547 1752 accepta,
1580 1690 1805 1736 senten-

196 1778 347 1833 tiam
372 1777 731 1833 anathematis
751 1778 803 1832 in
833 1777 1150 1849 pradonem
1172 1775 1341 1831 dedit.
1376 1775 1555 1842 Atille,
1591 1775 1670 1829 vel
1693 1790 1805 1829 non

202 1872 441 1939 habens,
474 1873 555 1927 vel
585 1874 915 1927 erubescens
948 1870 1149 1925 habere
1186 1869 1357 1924 videri
1396 1870 1648 1923 timorem
1667 1868 1804 1923 tanti

203 1965 438 2036 judicii;
460 1980 587 2020 cum
616 1964 819 2021 exinde
851 1965 1013 2020 tertia
1034 1964 1121 2018 die
1138 1964 1302 2019 solito
1330 1968 1525 2029 (more)
1557 1964 1805 2017 exultan—

213 2061 286 2113 tis
315 2060 396 2115 vel
425 2059 732 2113 insultantis
752 2068 1062 2131 equestrem
1094 2057 1343 2112 militiam
1386 2058 1524 2111 inter
1569 2056 1805 2111 commi-

200 2154 400 2208 litones
442 2153 783 2217 ventilasset;
829 2153 1016 2207 subito
1046 2150 1291 2206 fulminis
1336 2151 1450 2205 ictu
1484 2166 1800 2220 percussus,

204 2247 377 2300 veluti
405 2247 573 2301 durus
598 2246 835 2312 Pharao,
888 2245 942 2299 in
984 2253 1179 2316 stagno
1224 2244 1361 2316 ignis
1407 2243 1649 2300 ardentis
1677 2243 1809 2299 sub-

201 2355 424 2395 mersus
448 2349 549 2395 ρει.

273 2437 569 2489 4.1nterea
596 2433 728 2489 vidit
756 2432 888 2489 illud
927 2432 1199 2487 famosum
1245 2431 1546 2495 somnium,
1586 2430 1807 2486 Pontiﬁ-

206 2529 329 2584 calis
355 2529 696 2585 excellentia
731 2537 786 2583 et
815 2526 1073 2583 efﬁcacia
1100 2526 1440 2592 vaticinium,
1472 2524 1621 2596 quod
1660 2524 1807 2578 scili-

202 2633 285 2677 cet
320 2639 388 2676 ex
442 2638 536 2678 ore
584 2623 703 2693 ejus
734 2622 878 2692 ignis
918 2621 1106 2687 exiret,
1157 2621 1248 2691 qui
1296 2629 1475 2676 totum
1527 2618 1805 2672 mundum

196 2717 399 2787 igniret
423 2736 440 2784 ς
467 2715 609 2771 haud
660 2714 894 2771 dubium
927 2717 1063 2786 quin
1095 2714 1183 2769 ille
1210 2714 1375 2786 ignis,
1409 2728 1570 2783 quem
1610 2711 1806 2777 Domi—

197 2826 303 2865 nus
338 2812 503 2864 Jesus
524 2808 774 2865 Christus
798 2808 954 2863 misit
981 2808 1034 2862 in
1078 2817 1309 2873 terram,
1349 2814 1404 2861 et
1443 2806 1614 2861 voluit
1651 2804 1805 2859 vehe-

198 2912 421 2959 menter
450 2901 698 2958 accendi.
752 2904 959 2957 Verum
1006 2918 1117 2956 non
1163 2902 1243 2955 sic
1292 2901 1444 2969 impii
1467 2898 1806 2968 interpretati

199 3007 356 3061 sunt,
385 3011 570 3067 neque
608 2995 683 3049 sic
712 2995 1073 3065 malignantes
1101 2993 1306 3064 experti
1331 3000 1477 3047 sunt.
1507 2994 1649 3047 Nam
1681 2990 1806 3063 quia

1837 1734 1884 1795 Β

1919 464 2028 518 lam
2059 468 2157 532 (4),
2190 473 2502 520 sanctorum
2536 467 2995 536 pradecessorum
3039 470 3155 541 ejus
3189 472 3426 530 Silvestri
3456 485 3511 532 et

1923 555 2142 612 Adriani
2171 560 2479 629 patrociniis
2512 560 2824 631 gloriosam.
2874 562 2950 617 lbi
3000 579 3197 635 nempe
3226 582 3512 625 sacrosan—

1920 651 2018 705 ctis
2059 651 2313 706 insistens
2362 652 2698 720 ministeriis,
2748 671 2875 710 cum
2919 656 3037 727 jam
3092 672 3511 719 consummaret

1917 744 2406 801 sanctiﬁcationem
2442 746 2789 816 Chrismatis,
2823 749 3008 805 subito
3038 753 3254 808 calitus
3278 738 3507 812 inﬂam-

1918 846 2105 893 mante
2140 839 2489 895 benedictum
2519 840 2786 911 liquorem
2813 844 2956 899 clara
2986 846 3161 915 specie
3192 848 3355 917 ignis,
3383 866 3511 905 con-

1915 931 2253 1001 gloriﬁcatus
2284 943 2364 989 est
2393 934 2635 1005 antiquis
2688 936 2942 992 Patribus
2964 940 3120 1011 signo
3171 940 3369 999 divina
3410 960 3505 1000 ac-

1914 1026 2199 1095 ceptionis.

1989 1126 2039 1173 5.
2073 1126 2143 1186 (5)
2175 1121 2278 1176 Sed
2293 1121 2409 1193 jam
2436 1138 2738 1194 congruum
2763 1123 2981 1181 videtur
3000 1127 3259 1185 miracula
3289 1129 3356 1186 de
3384 1130 3507 1203 igne

1916 1213 1969 1266 in
2001 1214 2228 1268 mirabili
2258 1217 2593 1271 extinctione
2620 1218 2757 1289 ignis
2785 1217 2963 1284 ﬁnire,
2994 1236 3117 1290 qua
3138 1222 3190 1276 in
3228 1223 3509 1282 Cbronicis

1917 1307 2301 1362 venerabilinin
2341 1312 2581 1364 virorum
2662 1311 2763 1365 hac
2791 1315 3073 1369 occasione
3118 1316 3315 1387 legitur
3369 1319 3506 1374 acci-

1915 1400 2077 1456 disse.
2129 1403 2265 1456 Cum
2313 1403 2603 1473 pradictus
2652 1406 2915 1461 Henricus
2957 1410 3226 1467 Romana
3279 1410 3512 1469 civitatis
3608 1424 3611 1425 '

1919 1495 2187 1550 manibus
2236 1496 2416 1550 hostili
2450 1514 2613 1551 manu
2651 1499 2959 1567 assedisset,
3012 1510 3066 1557 et
3088 1503 3158 1558 ob
3188 1503 3291 1559 hoc
3330 1506 3509 1577 ignem

1914 1588 2155 1658 quodam
2194 1590 2312 1644 loco
2343 1590 2642 1660 injecisset,
2677 1600 2754 1659 ut,
2802 1595 3004 1665 p0pulo
3050 1613 3081 1651 a
3117 1598 3355 1653 tutandis
3388 1615 3511 1670 pro-

1919 1683 2237 1752 pugnaculis
2263 1683 2333 1739 ad
2364 1685 2653 1739 avertenda
2684 1686 3081 1743 combustionis
3108 1693 3343 1762 pericula
3378 1708 3505 1749 con-

1919 1791 2094 1843 verso,
2148 1776 2264 1831 sine
2333 1778 2697 1847 prohibitione
2763 1780 3124 1851 irrumperet;
3199 1784 3511 1857 intelligens

1916 1868 2055 1923 hanc
2101 1870 2397 1924 versutiam
2431 1870 2763 1927 fortissimus
2798 1873 2853 1927 in
2906 1873 3013 1928 ﬁde
3058 1876 3260 1932 Christi
3304 1879 3513 1951 Grego-

1916 1962 2056 2029 rius,
2087 1964 2305 2035 signum
2342 1965 2531 2019 Crucis
2561 1966 2815 2036 appinxit,
2849 1976 2924 2035 et,
2959 1969 3324 2025 velutTiberis
3352 1971 3507 2027 inun-

1914 2054 2157 2111 dantiam
2210 2056 2539 2127 effunderet,
2594 2060 2909 2115 incendium
2956 2064 3205 2132 protinus
3260 2066 3509 2133 extinxit,

1916 2149 2241 2221 plebemque
2301 2151 2370 2207 ad
2446 2156 2854 2225 propugnacula
2926 2154 3265 2212 defensanda
3329 2159 3511 2215 redire

1917 2245 2193 2315 pracepit.

1986 2342 2042 2393 6.
2074 2339 2244 2393 Nobis
2265 2340 2430 2395 etiam
2458 2340 2636 2396 redire
2662 2342 2835 2413 placet
2853 2341 2926 2399 ad
2951 2344 3509 2402 commemorandam

1919 2432 2202 2501 pueritiam
2233 2432 2375 2504 ejus,
2421 2433 2475 2487 in
2510 2452 2617 2505 qua
2646 2437 2917 2491 avunculo
2947 2453 3047 2493 suo
3087 2438 3288 2493 Abbati
3318 2454 3508 2494 mona-

1916 2525 2064 2580 sterii
2118 2536 2321 2582 sancta
2387 2527 2487 2582 Dei
2544 2529 2846 2585 Genetricis
2898 2532 3087 2587 Maria
3134 2532 3191 2586 in
3240 2532 3514 2588 Aventino

1920 2627 2140 2688 monte,
2175 2619 2242 2675 ad
2279 2621 2699 2677 instructionem
2728 2623 2963 2679 liberalis
3014 2625 3253 2681 scientia
3283 2634 3337 2681 et
3364 2642 3513 2681 com-

1919 2712 2245 2782 positionem
2284 2714 2509 2769 moralis
2555 2715 2873 2786 disciplina,
2931 2734 2958 2771 a
3001 2719 3315 2789 parentibus
3363 2735 3514 2775 com-

1922 2806 2234 2871 mendatus,
2271 2808 2325 2861 in
2349 2809 2496 2862 brevi
2518 2810 2761 2865 ostendit
2784 2811 3109 2882 spectabiles
3134 2813 3299 2867 ﬂores
3320 2813 3513 2868 utrius-

1915 2914 2022 2967 que
2050 2900 2396 2955 nutrimenti.
2431 2904 2557 2955 Jam
2592 2918 2719 2958 vero
2756 2905 3183 2959 adolescentiam
3212 2906 3508 2977 ingressus,

1916 2989 2190 3061 profectus
2237 3001 2319 3047 est
2360 2992 2411 3046 in
2442 2994 2751 3062 Franciam,
2792 2994 3107 3051 domiturus
3150 2998 3282 3051 inibi
3331 2998 3513 3054 carnis

203 3091 470 3162 Spiritum
531 3097 785 3144 sanctum
845 3087 1380 3159 blasphemaverunt,
1457 3100 1692 3155 eumque
1750 3085 1802 3139 in
1841 3101 1885 3164 ε
1918 3085 2274 3155 petulantiam
2320 3094 2374 3141 et
2402 3087 2653 3143 molestia
2692 3088 3144 3161 peregrinationis
3172 3099 3225 3145 et
3253 3091 3513 3148 instantia

204 3201 362 3241 servo
374 3200 479 3239 suo
504 3191 826 3255 arguentem
851 3182 919 3237 de
941 3189 1184 3252 peccato,
1205 3179 1534 3235 lniernalem
1553 3179 1803 3234 titionem

209 3286 575 3334 vocaverunt:
601 3276 733 3347 justi
784 3275 880 3330 Dei
927 3276 1152 3339 ultione,
1187 3272 1550 3328 irremissibili
1606 3272 1804 3328 delicto

218 3372 453 3445 obligati,
475 3379 798 3442 perpetuam
826 3369 1105 3424 miseriam
1145 3368 1401 3438 maligna
1432 3366 1805 3437 appellationis

210 3466 540 3532 inciderunt,
565 3472 619 3519 et
640 3463 847 3518 mirum
890 3462 944 3516 in
968 3461 1223 3527 modum,
1256 3460 1405 3529 quod
1444 3460 1545 3529 piis
1568 3469 1685 3515 erat
1714 3475 1803 3514 sa-

207 3558 513 3623 lutiferum,
547 3557 729 3627 impiis
759 3555 967 3612 factum
988 3562 1069 3610 est
1090 3552 1457 3609 mortiferum.
1485 3554 1591 3608 Hic
1620 3568 1807 3608 succe-

204 3654 280 3708 dit
335 3652 687 3718 miraculum,
734 3666 844 3705 non
887 3649 1067 3704 solum
1108 3648 1260 3711 Elia.
1318 3647 1413 3702 sed
1461 3647 1627 3701 etiam
1672 3646 1802 3718 justi

210 3744 372 3809 Abel,
392 3754 444 3800 et
460 3744 846 3817 sapientissimi
873 3741 1208 3808 Salomonis,
1231 3757 1329 3796 nec
1355 3757 1467 3795 non
1491 3748 1547 3795 et
1572 3740 1805 3794 aliorum

206 3842 271 3894 Pa
285 3848 439 3892 trum
481 3838 742 3909 exemplis
762 3836 1084 3908 gloriosum,
1107 3850 1342 3905 quorum
1371 3834 1621 3889 videlicet
1666 3832 1803 3888 liba-

204 3930 654 4003 minibusillapsa
698 3940 780 3987 est
813 3947 906 4001 per
956 3929 1196 4000 speciem
1249 3929 1389 4000 ignis
1419 3928 1587 4001 gratia
1637 3924 1809 3983 sancti

203 4024 467 4097 Spiritus.
518 4026 751 4079 Domino
795 4037 1041 4095 namque
1096 4032 1324 4078 auctore
1370 4021 1703 4076 sublimatus
1753 4020 1809 4075 in

206 4117 436 4191 specula
479 4119 872 4189 Apostolorum
919 4118 1062 4172 Petri
1094 4125 1148 4171 et
1168 4115 1337 4179 Pauli,
1364 4130 1491 4170 cum
1514 4114 1569 4169 in
1592 4114 1811 4169 univer-

208 4231 325 4269 sam
361 4220 565 4267 terram
596 4212 923 4283 produceret
945 4226 1143 4266 sonum
1166 4224 1380 4275 eorum,
1407 4209 1530 4263 etin
1559 4207 1695 4262 ﬁnes
1724 4222 1811 4261 or—

210 4308 292 4363 bis
318 4316 487 4364 terra
510 4305 897 4361 disseminaret
927 4303 1086 4359 verba
1109 4319 1331 4370 eorum;
1360 4302 1602 4357 moderni
1633 4304 1809 4355 Nero-

212 4402 317 4465 nis,
350 4400 559 4455 scilicet
606 4401 788 4471 quarti
820 4398 1045 4454 Henrici
1081 4397 1265 4468 Regis,
1297 4396 1454 4467 cujus
1496 4395 1714 4468 ﬂagitiis
1757 4403 1813 4448 et

213 4494 551 4550 facinoribus
597 4494 781 4549 omnis
832 4491 1150 4564 pradicatio
1181 4490 1439 4554 veritatis,
1470 4490 1614 4543 velut
1669 4486 1811 4558 ignis

214 4604 403 4651 urens,
459 4587 811 4643 intolerabilis
876 4595 1012 4649 erat,
1070 4584 1441 4657 gravissimam
1498 4591 1689 4636 contra
1750 4596 1809 4636 se

212 4683 655 4754 persecutionem
685 4680 985 4736 commovit
1018 4678 1283 4748 :ideoque
1312 4676 1632 4731 necessitate
1653 4690 1809 4730 com-

214 4779 407 4845 pulsus
434 4773 619 4847 fugere
650 4774 721 4829 de
746 4773 963 4828 civitate
989 4771 1042 4826 in
1069 4772 1368 4837 civitatem,
1410 4768 1810 4825 Christianissi-

216 4886 319 4927 ma
342 4868 653 4925 Comitissa
678 4866 954 4922 Mathildis
992 4865 1218 4921 tutelam
1242 4864 1309 4919 ad
1332 4874 1547 4934 tempus
1566 4862 1809 4934 expetiit.

216 4966 465 5034 Cumque
515 4961 663 5033 apud
693 4976 815 5016 eam
846 4960 900 5014 in
945 4975 1075 5030 pace
1103 4958 1275 5014 iactus
1304 4966 1443 5013 esset
1483 4958 1634 5011 locus
1675 4956 1810 5028 ejus,

219 5067 269 5111 et
297 5056 574 5112 habitatio
601 5054 720 5125 ejus
775 5055 831 5108 in
858 5054 1007 5119 Sion,
1033 5054 1138 5107 hoc
1172 5060 1257 5106 est
1291 5051 1349 5106 in
1380 5050 1597 5121 specula
1619 5050 1814 5105 divina

220 5148 730 5221 contemplationis;
764 5154 1083 5202 recurrente
1132 5141 1444 5215 temporum
1488 5151 1628 5211 rota,
1674 5145 1814 5198 forte

224 5243 552 5299 imminebat
584 5243 702 5297 dies
731 5241 971 5296 maxime
1014 5239 1192 5295 dedita
1236 5237 1646 5293 Pontiﬁcalibus
1696 5235 1816 5292 ofﬁ-

224 5336 337 5403 ciis,
359 5353 481 5408 qua
504 5334 831 5406 muncupari
858 5332 1002 5389 solet
1023 5335 1190 5391 Cana
1220 5331 1470 5387 Domini.
1502 5332 1659 5385 Hanc
1685 5345 1815 5401 ergo

298 5520 372 5583 (4)
412 5518 714 5573 Nonantula
738 5517 794 5571 in
836 5513 1092 5571 conﬁniis
1120 5514 1233 5583 agri
1264 5512 1588 5568 Mutinensis
1615 5520 1671 5566 et
1708 5514 1815 5566 Bo-

228 5590 497 5643 noniensis
523 5588 749 5644 fundata
778 5590 833 5645 S.
855 5588 1111 5643 Anselmo
1132 5588 1313 5655 primo
1346 5585 1575 5647 Abbate,
1607 5583 1813 5655 qui_di-

226 5661 355 5713 tavit
374 5660 518 5714 illam
548 5660 798 5730 reliquiis
823 5660 878 5715 S.
907 5653 1266 5730 Silvestri',ut
1302 5656 1510 5730 dictum
1539 5663 1634 5730 est
1661 5653 1730 5730 ad
1757 5656 1813 5730 S.

233 5726 691 5787 AnselmiVitam—
716 5732 805 5786 die
829 5737 880 5786 3.
918 5730 1120 5797 Martii,
1158 5728 1365 5783 ibidem
1407 5728 1575 5783 etiam
1624 5726 1816 5797 haberi

231 5815 418 5873 corpus
462 5801 738 5859 Hadriani
785 5804 943 5871 Papa
972 5796 1179 5857 nonI.
1215 5798 1315 5856 sed
1355 5800 1450 5855 IIl.
1502 5796 1716 5855 ostendi
1757 5798 1815 5853 in

516 5894 748 5947 PATROL.
787 5892 1039 5947 CXLVIII.

1916 3172 2257 3234 eruditionis.
2291 3180 2421 3235 Inde
2453 3189 2571 3250 post
2602 3182 2807 3254 aliquot
2832 3198 3010 3239 annos
3048 3186 3266 3239 Roman
3311 3185 3514 3241 reditu-

1914 3288 2026 3340 rus,
2060 3274 2271 3327 occulta
2298 3274 2395 3327 Dei
2428 3276 2852 3345 praparatione,
2874 3294 3095 3334 moram
3116 3276 3244 3333 fecit
3268 3280 3511 3350 aliquan-

1913 3373 2033 3420 tum
2054 3366 2314 3437 temporis
2340 3368 2392 3420 in
2413 3368 2533 3421 aula
2569 3370 2793 3424 Henrici
2822 3373 2916 3436 Ill,
2955 3380 3015 3426 ut
3061 3372 3185 3443 quia
3208 3373 3513 3428 subliman-

1914 3457 2017 3513 dus
2061 3467 2177 3513 erat
2232 3460 2287 3514 in
2352 3460 2587 3514 culmine
2653 3462 2976 3530 Sacerdotii,
3052 3462 3329 3534 profectus
3392 3466 3511 3536 ejus

1916 3550 2239 3608 manifestus
2290 3552 2445 3607 ﬁeret
2490 3553 2749 3609 omnibus
2786 3570 2853 3609 ex
2894 3556 3000 3610 alta
3057 3556 3281 3627 specula
3333 3559 3504 3630 regni.

1915 3646 2058 3700 Hinc
2115 3645 2231 3716 ipse
2284 3649 2591 3717 Imperator
2642 3648 2823 3704 aiebat
2860 3665 3142 3721 nunquam
3192 3666 3250 3705 se
3295 3651 3511 3708 audisse

1916 3738 2199 3794 hominem
2224 3756 2347 3795 cum
2380 3748 2528 3795 tanta
2581 3741 2775 3797 ﬁducia
2802 3744 3045 3798 Verbum
3078 3744 3179 3799 Dei
3208 3744 3512 3815 pradican-

1916 3840 2047 3887 tein.
2078 3832 2451 3889 Probatissimi
2481 3851 2701 3907 quoque
2735 3836 3148 3909 EpiscOporum,
3198 3838 3511 3910 reipublica

1918 3928 2342 3993 consulentium,
2374 3927 2788 3986 admirabantur
2839 3931 2893 3985 in
2935 3932 3114 3987 verbis
3160 3933 3354 4005 gratia
3383 3950 3511 4006 qua

1918 4020 2288 4091 procedebant
2314 4022 2380 4077 de
2408 4038 2501 4077 ore
2532 4023 2672 4093 ejus.

1990 4121 2039 4168 7.
2083 4117 2209 4170 Post
2255 4114 2372 4171 hac
2406 4120 2644 4172 Romam
2692 4132 2960 4185 reversus,
3007 4134 3132 4175 cum
3175 4120 3357 4176 studio
3394 4136 3515 4194 per-

1918 4207 2168 4263 fectionis
2210 4208 2508 4275 insisteret,
2555 4219 2613 4265 et
2647 4210 3164 4282 acceptadivinitus
3192 4216 3392 4270 talenta
3430 4216 3512 4271 inv

1922 4301 2168 4356 tellectus
2196 4311 2359 4374 atque
2390 4306 2724 4374 operationis
2772 4306 3050 4376 duplicare
3079 4318 3368 4380 satageret,
3397 4317 3510 4365 tor-
3584 4314 3587 4317 ⁷

1920 4402 2109 4465 pentes
2137 4395 2475 4452 domesticos
2524 4398 2697 4452 sensit
2716 4399 2990 4466 inimicos,
3025 4408 3079 4455 et
3113 4401 3244 4457 illud
3272 4402 3513 4459 veritatis

1919 4488 2154 4559 elogium
2195 4490 2482 4561 probavit:
2511 4492 2689 4547 Nemo
2722 4492 2989 4564 propheta
3035 4503 3290 4566 acceptus
3335 4503 3419 4550 est
3454 4497 3513 4553 in

1920 4582 2093 4653 patria
2133 4599 2229 4639 sua
2270 4587 2418 4649 (Luc.
2471 4591 2576 4650 1v).
2610 4586 2847 4641 Proinde
2896 4603 3115 4658 parcere
3147 4586 3336 4643 vo‘lens
3382 4589 3514 4644 invi-

1918 4674 2044 4740 dia,
2074 4684 2130 4730 et
2158 4677 2421 4747 majorem
2460 4678 2705 4733 caritatis
2734 4678 2973 4735 fructum
3002 4695 3271 4751 quarere,
3300 4681 3513 4752 ingredi

1895 4769 2113 4823 ‘statuit
2151 4769 2206 4823 in
2236 4778 2414 4839 partes
2444 4771 2759 4829 Germania
2788 4783 2841 4829 et
2887 4774 3100 4831 Gallia.
3136 4777 3381 4847 Cumque
3424 4792 3513 4833 ve-

1925 4861 2090 4916 nisset
2126 4863 2194 4917 ad
2242 4869 2425 4933 AqUas
2462 4864 2759 4935 pendentes
2791 4873 2898 4934 (6),
2948 4884 3220 4939 apparens
3250 4870 3300 4923 ei
3347 4870 3399 4924 in
3438 4871 3513 4926 vi-

1920 4955 2072 5010 sione
2102 4959 2165 5011 B.
2196 4958 2409 5023 Petrus,
2438 4958 2527 5028 qui
2562 4959 2674 5030 jam
2702 4962 3049 5016 ascensiones
3078 4963 3195 5032 ejus
3228 4963 3287 5017 in
3325 4964 3517 5020 Cathe-

1922 5049 2078 5104 dram
2106 5066 2260 5104 suam
2284 5051 2624 5122 disponebat,
2661 5052 2877 5123 prodire
2911 5070 3037 5109 eum
3066 5055 3293 5111 ulterius
3328 5057 3513 5128 probi-

1922 5143 2101 5199 bebat.
2133 5147 2254 5215 Ipse
2282 5154 2490 5213 autem,
2518 5146 2759 5202 fallacem
2791 5148 3110 5203 existimans
3138 5148 3449 5223 imaginem,
3484 5168 3515 5208 a

1922 5237 2198 5306 proposito
2234 5235 2422 5292 itinere
2451 5254 2561 5294 non
2604 5240 2833 5295 reﬂexit.
2863 5243 3005 5295 Item
3048 5241 3305 5300 secunda
3344 5245 3519 5300 noctis

1923 5328 2167 5384 similem
2192 5329 2457 5387 visionem
2489 5332 2809 5403 praterivit.
2838 5335 2980 5390 Tum
3002 5350 3130 5391 vero
3152 5338 3310 5393 tertia
3356 5344 3522 5394 nocte

1925 5511 2289 5583 Chronologia
2324 5514 2623 5571 Pontiﬁcis.

1999 5583 2085 5658 (5)7
2119 5585 2371 5658 meminit
2407 5588 2692 5658 sequentis
2718 5588 2963 5645 historia
3015 5590 3352 5648 Bertholdus
3378 5594 3522 5649 Con-

1926 5657 2240 5711 stantiensis
2258 5656 2325 5710 ad
2359 5656 2569 5712 annum
2599 5664 2751 5714 1082.

2002 5729 2073 5809 (εξ)
2098 5728 2529 5809 Aqui—pendens
2577 5732 2842 5805 oppidum
2870 5731 3092 5789 ditionis
3130 5733 3427 5788 Pontiﬁcia
3468 5732 3524 5789 in

1925 5800 2203 5855 territorio
2229 5800 2594 5858 Urbevetano.

3136 5895 3167 5943 2
