4122 6180
584 245 649 301 43
1813 242 1868 297 S.
1912 242 2162 297 GREGOI

2267 241 2294 296 5
2330 243 2417 297 V11
2458 243 2626 298 PAPA
2640 285 2651 296 .
3820 244 3882 296 44

583 386 710 425 cum
740 371 981 426 maximo
1010 378 1222 426 terrore
1248 369 1504 440 ingerens
1534 382 1592 421 se
1630 365 1797 421 facies
1822 366 2169 437 Apostolica,
2202 375 2255 431 Α

584 465 819 537 graviter
844 480 970 521 eum
1002 465 1296 527 luiturum,
1328 461 1371 515 si
1393 477 1507 515 non
1535 469 1918 527 reverteretur,
1948 460 2175 515 intenta-

586 559 689 626 vit;
711 560 900 631 sicque
927 574 1055 614 eum
1097 558 1154 611 in
1184 559 1452 611 Romana
1476 554 1735 610 Ecclesiae
1792 554 2045 609 solatium
2098 570 2173 609 rc-

580 654 813 709 vocavit.

652 754 706 801 8.
738 751 802 801 In
848 743 1037 799 diebus
1059 742 1184 813 illis,
1233 751 1455 798 mortuo
1503 745 1742 797 Damaso
1789 747 1859 809 (7)
1907 741 2171 807 secundo,

581 838 839 895 successit
853 853 1030 893 nonus
1049 838 1163 892 Leo
1188 843 1289 903 (8);
1318 836 1434 907 qui,
1465 836 1750 891 laudabilis
1793 835 1886 891 viri
1928 834 2175 907 pruden-

578 933 708 987 tiam
736 940 791 987 et
815 932 1161 987 sanctitatem
1206 947 1271 986 ex
1292 930 1458 986 corde
1481 938 1766 985 veneratus
1795 937 1851 985 et
1889 932 2172 1000 amplexa-

578 1034 686 1093 tus,
719 1026 837 1097 ejus
863 1041 958 1097 per
1004 1025 1186 1080 omnia
1212 1024 1438 1079 consilia
1465 1024 1734 1094 suscepit;
1757 1032 1811 1079 et
1832 1022 1952 1079 hac
1976 1039 2169 1078 eorum

575 1119 867 1175 concordia
897 1118 1198 1190 plurimum
1231 1118 1287 1172 in
1316 1134 1447 1189 agro
1489 1116 1775 1173 Dominico
1805 1117 1975 1186 spinis
2004 1117 2172 1171 erutis

576 1212 945 1268 fructiﬁcavit.
987 1214 1203 1267 Interea
1243 1210 1623 1267 Subdiaconus
1672 1211 1740 1265 ab
1787 1209 1978 1265 eodem
2029 1212 2173 1281 Papa

576 1306 875 1371 ordinatus,
902 1306 1243 1362 monasterio
1273 1307 1331 1361 S.
1373 1304 1546 1369 Pauli,
1584 1304 1973 1359 miserabiliter
1999 1302 2171 1358 deso-

575 1400 707 1467 lato,
740 1398 996 1470 pralatus
1022 1407 1123 1462 est,
1153 1399 1247 1455 tali
1291 1398 1542 1470 primitus
1571 1398 1778 1452 visione
1804 1396 2168 1452 confortatus.

575 1498 858 1565 Apparens
886 1493 934 1548 ei
957 1495 1016 1547 Β.
1050 1492 1248 1548 Paulus
1270 1493 1323 1547 in
1350 1491 1567 1549 basilica
1598 1491 1922 1553 suastabat,
1964 1507 2029 1545 ac
2071 1507 2167 1561 pa-

575 1588 679 1642 lam
712 1586 967 1643 manibus
1001 1595 1192 1642 tenens
1222 1595 1461 1641 stercora
1492 1584 1696 1653 boum,
1738 1584 1807 1639 de
1850 1584 2165 1655 pavimento

2898 368 3143 423 CAPUT
3184 370 3231 423 ll
3248 410 3261 422 .

2569 463 2835 515 Miracula
2870 465 2922 514 et
2960 467 3107 528 gesta
3149 467 3279 517 ante
3300 466 3598 533 Papamm.

2364 560 2441 607 10.
2474 556 2685 607 Interea
2720 553 3020 624 Spiritualis
3061 554 3320 626 agricola,
3370 565 3593 613 sanctus
3634 554 3882 612 videlicet

2283 649 2396 700 Leo
2428 649 2527 700 IX.
2556 650 2699 718 Papa
2720 651 2853 713 (10),
2873 648 3224 704 considerans
3248 658 3305 705 et
3323 649 3607 706 admirans
3642 651 3879 706 multum

2283 739 2521 796 fructum
2555 741 2790 811 palmitis
2820 741 3006 813 hujus,
3066 758 3130 798 eo
3179 743 3324 814 quod
3369 743 3487 814 ipse
3529 753 3781 800 maneret
3827 744 3879 798 in

2282 833 2519 902 Christo,
2548 843 2601 889 et
2625 834 2879 891 Christus
2899 836 2956 890 in
2978 836 3131 908 ipso;
3158 836 3405 892 dilatavit
3445 839 3502 893 in
3546 854 3611 893 eo
3638 838 3878 894 mansio-

2282 943 2409 982 nem
2435 928 2637 983 Christi
2666 945 2761 1000 per
2795 928 3209 1000 impositionem
3231 931 3450 986 Ordinis
3470 932 3720 997 Levitici,
3746 940 3801 986 et
3820 941 3876 986 ut

2283 1019 2521 1077 fructum
2556 1023 2679 1094 plus
2706 1021 2963 1089 afferret,
2986 1027 3253 1079 Romana
3298 1026 3556 1081 Ecclesia
3583 1024 3877 1081 Archidia-

2280 1131 2482 1170 conum
2534 1116 2784 1171 instituit.
2824 1121 2950 1172 Post
2999 1116 3116 1172 hac
3148 1118 3199 1171 in
3255 1127 3431 1188 partes
3461 1119 3768 1175 Galliarum
3800 1118 3877 1174 di-

2279 1218 2479 1277 rectus,
2517 1211 2589 1265 ita
2642 1211 2915 1266 creditum
2946 1212 3045 1265 sibi
3088 1213 3414 1282 Apostolica
3455 1213 3586 1268 vicis
3629 1214 3879 1269 exhibuit

2279 1302 2551 1371 ofﬁcium,
2609 1312 2670 1359 ut
2712 1304 2909 1360 merito
2958 1321 3087 1360 cum
3145 1306 3409 1375 Apostolo
3455 1306 3631 1361 dicere
3692 1314 3878 1378 posset

2283 1420 2308 1446 ‹‹
2352 1400 2467 1453 Deo
2498 1398 2722 1470 gratias,
2770 1400 2862 1469 qui
2892 1413 3111 1471 semper
3143 1398 3448 1470 triumphat
3487 1415 3589 1454 nos
3625 1400 3679 1454 in
3713 1399 3872 1455 Chri-

2277 1499 2364 1546 sto
2412 1492 2561 1559 Jesu,
2616 1501 2670 1546 et
2712 1492 2939 1546 odorem
2984 1492 3195 1547 notitia
3252 1508 3366 1547 sua
3414 1492 3725 1547 manifestat
3782 1508 3877 1563 per

2276 1600 2378 1640 nos
2424 1585 2478 1639 in
2508 1585 2661 1640 omni
2695 1585 2837 1655 loco,
2871 1585 2997 1657 quia
3046 1585 3245 1641 Christi
3290 1586 3470 1641 bonus
3506 1587 3645 1642 odor
3684 1602 3873 1641 sumus

573 1681 801 1743 levabat,
850 1697 913 1735 ac
964 1678 1113 1735 foras
1159 1679 1423 1751 jactabat.
1457 1680 1713 1750 Cumque
1734 1686 2010 1749 spectator
2029 1677 2168 1732 otio-
2197 1715 2244 1776 B
2280 1680 2419 1743 Deo,
2450 1678 2506 1732 in
2557 1678 2621 1732 iis
2650 1678 2892 1750 quisalvi
2915 1680 3072 1745 ﬁunt,
3107 1688 3161 1733 et
3188 1680 3241 1734 in
3265 1678 3328 1734 iis
3353 1680 3445 1752 qui
3464 1688 3725 1752 pereunt;
3758 1680 3873 1735 aliis

570 1790 665 1829 sus
692 1774 991 1841 assisteret,
1022 1773 1339 1844 increpabat
1362 1788 1489 1827 eum
1524 1772 1840 1842 Apostolus,
1866 1787 2032 1841 quare
2060 1788 2168 1825 non

569 1884 627 1922 se
675 1866 957 1938 adjuvaret
1001 1883 1015 1921 :
1049 1866 1321 1939 jussitque
1350 1882 1473 1921 eum
1514 1865 1692 1936 palam
1730 1862 2165 1935 apprehendere,

570 1968 626 2015 et
672 1960 1057 2029 ﬁmumfsicut
1104 1959 1218 2031 ipse
1275 1959 1502 2027 faceret)
1559 1959 1768 2031 ejicere.
1820 1958 2169 2013 Latrunculis

568 2053 715 2109 enim
745 2053 1061 2125 Campania
1088 2052 1468 2124 diripientibus
1496 2051 1735 2108 subsidia
1774 2052 2077 2119 alimonia,
2109 2052 2164 2105 in
2195 2038 2201 2043 ’

573 2154 791 2203 tantum
813 2147 1133 2217 languorem
1170 2146 1434 2203 inciderat
1468 2145 1815 2201 observantia
1866 2146 2166 2201 sanctitatis

566 2248 621 2295 et
648 2244 869 2312 regula,
902 2249 965 2296 ut
1007 2249 1059 2295 et
1105 2248 1374 2303 armenta,
1404 2239 1627 2295 licenter
1673 2237 2027 2310 ingredientia
2075 2240 2165 2294 do-

567 2349 724 2389 mum
750 2333 1010 2389 orationis
1042 2332 1342 2399 foedarent;
1396 2342 1452 2389 et
1478 2333 1756 2399 mulieres,
1780 2332 1837 2387 in
1870 2331 2163 2387 refectorio

564 2427 867 2482 necessaria
898 2427 1301 2495 ministrantes,
1337 2426 1541 2483 famam
1572 2427 2045 2499 paucissimorum,
2072 2427 2161 2497 qui

564 2529 961 2588 remanserant,
1007 2521 1407 2577 monachorum
1467 2520 1915 2577 dehonestarent.
1979 2520 2163 2575 Elimi-

562 2622 688 2668 nata
710 2615 872 2687 igitur
895 2615 1047 2669 omni
1077 2616 1357 2686 spurcitia,
1404 2623 1457 2670 et
1486 2622 1803 2686 recuperata
1848 2613 2160 2669 victualium

561 2706 905 2773 sufficientia,
960 2708 1317 2781 congregavit
1392 2708 1682 2763 honestam
1754 2707 2159 2763 multitudinem

562 2802 916 2865 Regularium
968 2802 1373 2857 monachorum
1424 2819 1437 2855 :
1496 2817 1739 2872 quorum
1798 2800 2060 2871 religione
2106 2808 2160 2855 et

559 2894 836 2965 disciplina
857 2895 1237 2951 venerabiliter
1276 2912 1446 2964 usque
1470 2892 1634 2949 hodie
1664 2895 1828 2963 pollet
1858 2895 2009 2947 locus
2036 2893 2154 2947 iste.

629 2995 681 3043 9.
738 2988 985 3059 Denique
1036 2998 1149 3043 tam
1198 2988 1531 3060 singularem
1590 2989 1761 3056 coepit
1796 2986 1998 3041 habere
2029 2986 2160 3040 fidu.

2278 1771 2498 1843 quidem
2545 1771 2683 1826 odor
2731 1772 2923 1827 mortis
2967 1772 3020 1827 in
3047 1781 3318 1841 mortem,
3359 1774 3476 1829 aliis
3515 1782 3700 1830 autem
3732 1773 3875 1830 odor

2278 1865 2398 1921 vita
2427 1864 2485 1920 in
2523 1865 2691 1920 vitam
2732 1868 2810 1931 (II
2829 1867 2950 1923 Cor.
2984 1882 3031 1921 ιι
3059 1884 3071 1920 :
3105 1871 3163 1934 ).
3202 1891 3226 1915 υ

2351 1966 2435 2015 11.
2486 1959 2729 2014 Primam
2758 1975 2887 2015 sane
2918 1958 3104 2015 odoris
3122 1960 3283 2032 hujus
3336 1960 3688 2031 fragrantiam
3718 1964 3873 2034 Lug-

2275 2054 2506 2120 dunum,
2552 2069 2676 2124 qua
2716 2055 2888 2125 prima
2923 2054 3080 2110 sedes
3120 2063 3202 2109 est
3249 2054 3583 2121 Galliarum,
3626 2055 3871 2127 synodali

2273 2146 2607 2203 discussione
2638 2148 2897 2218 suscepit.
2932 2149 3094 2213 Nam,
3128 2148 3265 2202 sicut
3290 2150 3430 2219 Papa
3476 2148 3720 2204 Kalistus
3744 2164 3873 2204 nar-

2274 2255 2394 2295 rare
2430 2242 2730 2307 consuevit,
2771 2241 2945 2312 prima
2976 2241 3199 2297 Coucilii
3230 2240 3337 2307 die,
3390 2243 3757 2312 proclamatus
3787 2250 3871 2297 est

2272 2334 2498 2404 quidam
2528 2334 3054 2405 Pseudo-episcopus
3094 2334 3160 2390 de
3191 2334 3507 2390 Simoniaca
3540 2334 3874 2391 Pontiﬁcalis

2269 2427 2523 2481 culminis
2543 2428 2889 2495 ascensione;
2922 2427 3018 2483 sed
3048 2428 3173 2497 quia
3202 2428 3271 2483 ad
3310 2427 3475 2483 linem
3506 2428 3725 2499 perduci
3754 2444 3866 2483 non

2271 2521 2447 2591 potuit
2482 2520 2750 2591 probatio,
2784 2521 2839 2574 in
2861 2530 3185 2592 sequentem
3217 2521 3363 2576 diem
3408 2522 3616 2592 prolata
3648 2531 3746 2577 est.
3781 2526 3867 2577 In-

2270 2613 2428 2669 terim
2461 2614 2594 2684 quid
2620 2613 2823 2669 faceret
2844 2614 2946 2669 sibi
2973 2616 3113 2670 male
3143 2614 3432 2670 conscius?
3463 2616 3584 2683 Quo
3610 2632 3667 2671 se
3691 2626 3867 2671 verte-

2268 2711 2385 2763 ret?
2413 2707 2719 2761 Adamante
2744 2708 3026 2763 duriorem
3049 2707 3252 2779 judicis
3288 2716 3527 2763 mentem
3577 2708 3725 2764 nullo
3756 2724 3867 2763 mu-

2266 2816 2398 2854 nere
2437 2816 2603 2855 ausus
2645 2808 2730 2856 est
2762 2809 3050 2869 attentare,
3083 2818 3194 2856 non
3237 2800 3496 2857 dubitans
3525 2818 3582 2857 se
3629 2818 3725 2873 per
3759 2802 3863 2856 hoc

2267 2892 2723 2947 ardentissimum
2762 2894 3005 2948 veritatis
3053 2903 3357 2949 amatorem
3416 2895 3589 2966 magis
3650 2910 3867 2965 exaspe-

2268 3001 2388 3040 rare
2430 3002 2593 3057 quam
2635 2986 2869 3057 placare.
2916 2991 3052 3041 Data
3102 2987 3263 3058 igitur
3308 2988 3557 3057 pecunia,
3602 2988 3865 3058 oppilavit

557 3082 698 3136 ciam
746 3098 912 3151 super
957 3081 1407 3151 Opitulationibus
1449 3095 1675 3151 precum
1711 3078 1961 3145 illorum,
1996 3088 2087 3142 ut,
2117 3078 2159 3134 si
2196 3093 2239 3155 ρ
2269 3095 2362 3133 ora
2393 3087 2508 3134 tam
2551 3090 2931 3135 accusatorum
2963 3096 3125 3151 quam
3152 3080 3393 3149 testium,
3431 3089 3484 3133 et
3527 3091 3860 3149 coaperante

557 3174 773 3246 quando
810 3191 921 3228 non
965 3174 1288 3229 liberaretur
1315 3174 1383 3229 ab
1438 3172 1875 3238 adversitatibus,
1917 3172 2161 3227 certissi-

558 3284 713 3323 mum
738 3268 783 3323 ei
803 3268 1021 3340 signum
1045 3267 1216 3334 ﬁeret,
1242 3267 1474 3339 alicujus
1493 3265 1675 3321 delicti
1695 3264 2156 3336 impedimentum

557 3375 675 3416 esse
721 3361 860 3416 inter
902 3376 1041 3415 eos:
1095 3376 1208 3432 quo
1255 3360 1511 3430 prasenti
1546 3358 1713 3430 ipsius
1753 3344 2158 3414 examinatione

556 3464 815 3525 correcto,
846 3454 1009 3511 solito
1039 3470 1203 3509 cursu
1232 3453 1613 3509 liberationem
1652 3453 1770 3524 ejus
1801 3452 2156 3508 acceleratam

557 3548 767 3604 ferebat
797 3547 972 3603 oratio
1018 3549 1169 3615 (Gal.
1227 3552 1328 3613 v1).
1378 3549 1580 3602 Beatus
1617 3546 1775 3616 plane
1798 3550 1977 3613 Pater,
2016 3545 2155 3601 beati

555 3641 671 3705 ﬁlii,
700 3657 836 3713 quos
878 3641 1019 3695 inter
1060 3640 1366 3712 ignorantia
1406 3651 1462 3694 et
1500 3640 1797 3710 impunitas
1826 3640 2003 3710 culpa
2032 3656 2151 3694 ιιιοι

555 3749 676 3787 ram
698 3749 805 3787 non
834 3732 1011 3804 potuit
1041 3733 1260 3798 habere,
1292 3732 1412 3797 sed,
1443 3732 1691 3802 exemplo
1729 3732 1954 3804 quidem
1985 3734 2155 3788 Josue

558 3825 799 3898 prodita,
820 3826 876 3880 in
898 3825 1087 3897 spiritu
1114 3825 1377 3893 lenitatis,
1410 3826 1717 3881 secundum
1739 3827 1988 3897 Apostoli
2020 3843 2152 3898 pra-

556 3927 795 3990 ceptum,
820 3920 1080 3991 castigata
1102 3924 1208 3975 est!
1253 3919 1307 3974 Si
1337 3920 1429 3990 qui
1459 3928 1670 3987 tamen,
1723 3920 2015 3991 cujuslibet
2036 3936 2154 3991 pro-

555 4012 807 4068 fessionis
855 4012 1082 4079 fuerint,
1110 4013 1348 4084 majores
1372 4012 1579 4083 culpas,
1610 4021 1663 4067 et
1692 4013 1928 4067 maxime
1949 4015 2015 4068 ad
2046 4015 2149 4068 im-

557 4104 887 4161 munditiam
908 4106 989 4160 vel
1018 4106 1362 4177 sacrilegium
1393 4106 1744 4177 pertinentes,
1765 4107 1906 4177 apud
1937 4110 1990 4161 S.
2015 4111 2150 4163 Pau-

556 4199 671 4254 lum
706 4200 1054 4255 committere
1091 4208 1574 4270 prasumpserunt,
1625 4215 1754 4254 mox
1788 4200 1841 4254 in
1880 4199 2152 4271 Apostoli-

554 4307 634 4348 ca
661 4292 981 4348 reverentia
1030 4292 1345 4361 (honorem)
1397 4293 1464 4347 ab
1499 4293 1923 4348 exterminatore
1976 4294 2148 4364 perie-

553 4395 701 4441 runt.
739 4385 891 4442 Sicut
917 4387 1088 4454 enim,
1142 4389 1217 4455 (9)
1268 4386 1423 4458 primi
1479 4387 1727 4459 Gregorii
1761 4395 2032 4459 tempore,
2077 4390 2139 4441 B.

2268 3173 2576 3228 securitatis
2628 3174 2945 3241 insolentia,
2983 3173 3224 3227 tumidus
3279 3172 3525 3227 crastina
3595 3173 3859 3227 sessionis

2267 3266 2533 3336 cognitori
2562 3266 2863 3333 insultavit,
2884 3266 3069 3321 dicens
3092 3285 3106 3319 :
3129 3266 3239 3321 Ubi
3286 3274 3436 3331 sunt,
3458 3265 3550 3336 qui
3585 3280 3675 3320 me
3695 3281 3857 3321 accu-

2266 3360 2496 3414 sabant?
2527 3377 2692 3415 nemo
2725 3378 2812 3416 me
2841 3360 3243 3415 condemnavit.
3277 3358 3359 3413 Ad
3380 3358 3499 3414 hac
3525 3360 3729 3415 zelotes
3753 3360 3858 3415 Dei

2266 3454 2376 3508 alto
2408 3456 2615 3525 gemitu
2633 3455 2931 3525 suspirans,
2965 3462 3018 3509 et
3048 3452 3327 3508 frixorium
3364 3452 3546 3508 cordis
3582 3453 3669 3507 sui
3699 3467 3861 3524 super

2265 3546 2366 3602 illis
2408 3547 2498 3619 qui
2528 3548 2772 3619 corrupti
2796 3557 2953 3603 erant
2972 3547 3317 3619 dedignativo
3346 3554 3505 3617 gestu
3526 3546 3859 3617 signiﬁcans,

2264 3640 2342 3694 ait
2379 3640 2451 3695 ad
2492 3650 2869 3711 corruptorem
2918 3640 3171 3707 :Credis,
3204 3657 3237 3695 ο
3285 3638 3554 3710 episcope,
3601 3638 3857 3709 Spiritum

2264 3742 2515 3789 sanctum
2546 3734 2706 3789 unius
2730 3750 2857 3789 cum
2907 3736 3063 3788 Patre
3079 3743 3134 3788 et
3161 3733 3302 3789 Filio
3328 3748 3445 3788 esse
3467 3732 3784 3788 substantia
3804 3741 3860 3787 et

2263 3826 2512 3883 deitatis?
2538 3828 2661 3896 Quo
2682 3825 3072 3899 respondente,
3106 3827 3315 3894 Credo;
3344 3826 3468 3896 Dic,
3498 3826 3695 3897 inquit,
3726 3825 3858 3882 Glo-

2264 3920 2341 3975 ria
2372 3921 2537 3990 Patri,
2573 3932 2631 3976 et
2657 3921 2815 3989 Filio,
2839 3930 2892 3975 et
2916 3920 3141 3991 Spiritui
3166 3930 3373 3975 sancto.
3416 3921 3668 3992 Cumque
3709 3920 3855 3973 hunc

2266 4015 2605 4070 Versiculum
2628 4057 2642 4083 ,
2694 4015 2761 4071 ad
2805 4014 3301 4070 commendandam
3332 4024 3537 4069 sancta
3565 4013 3859 4082 iTrinitatis

2263 4106 2426 4163 ﬁdem
2454 4107 2484 4163 ὲ
2528 4109 2762 4164 Nicanis
2791 4110 3045 4164 Patribus
3076 4106 3445 4179 liymnizando
3486 4107 3778 4178 prolatum,
3801 4112 3860 4161 et

2260 4202 2324 4256 B.
2358 4202 2692 4272 Hieronymo
2738 4218 2833 4273 pro
2878 4210 3142 4257 succentu
3171 4206 3282 4269 (ll)
3314 4201 3659 4271 singulorum
3696 4199 3854 4254 Psal-

2261 4311 2480 4350 morum
2520 4298 2760 4350 Damaso
2808 4297 2967 4366 Papa
3020 4294 3493 4361 commendatum,
3534 4291 3858 4348 ﬁducialiter

2251 4387 2482 4443 adorsus
2514 4387 2733 4453 fuisset;
2767 4389 2951 4444 Gloria
2975 4390 3121 4444 Patri
3147 4398 3203 4444 et
3240 4388 3375 4443 Filio
3396 4427 3411 4454 ,
3453 4386 3698 4453 dicebat,
3734 4386 3855 4454 sed,

555 4479 801 4535 Andreas
818 4482 1111 4552 Apostolus
1128 4482 1275 4535 ultor
1295 4480 1772 4552 exstitisselegitur
1789 4482 1872 4536 sui
1895 4490 2144 4537 sanctua-
2174 4476 2224 4536 D
2254 4482 2518 4553 Spiritum
2558 4492 2811 4537 sanctum
2866 4483 3156 4538 nominare
3205 4480 3434 4536 minime
3483 4479 3714 4535 valebat.
3765 4481 3860 4534 Se-

555 4572 650 4639 rii;
681 4573 754 4627 ita
774 4583 828 4628 et
856 4574 913 4628 in
941 4574 1137 4630 diebus
1175 4573 1516 4630 Hiltebrandi
1557 4574 1912 4646 ejusdemque
1939 4578 2149 4646 Grego-

552 4666 616 4722 rii
628 4668 728 4722 Vll
740 4708 753 4722 .
766 4668 1046 4737 B.,Paulus
1062 4669 1360 4740 Apostolus
1382 4667 1583 4723 vindex
1602 4669 1803 4725 enituit
1816 4667 1899 4724 sui
1920 4669 2148 4724 sanctili-
2160 4734 2173 4747 .

553 4760 639 4829 cii,
670 4768 904 4831 utroque
932 4761 1136 4817 scilicet
1175 4762 1441 4834 Apostolo
1480 4771 1810 4835 cooperante
1836 4779 1936 4819 suo
1962 4779 2150 4834 opera-

554 4869 655 4910 1⁵10.

621 5088 693 5148 (7)
735 5086 991 5139 Damasus
1037 5083 1110 5137 ΙΙ.
1143 5087 1358 5135 creatus
1396 5086 1478 5133 est
1525 5076 1611 5131 die
1677 5083 1761 5131 17.
1815 5076 1943 5131 Julii
2005 5092 2147 5132 anno

555 5161 713 5210 1048.
769 5163 842 5221 et,
886 5169 1014 5209 cum
1066 5153 1296 5207 sedisset
1350 5150 1464 5205 dies
1515 5155 1605 5203 23.
1647 5148 1917 5203 extinctus
1953 5156 2055 5216 est,
2090 5158 2148 5205 ut

551 5225 814 5290 creditur,
849 5240 1079 5280 veneno.

625 5301 701 5360 (8)
732 5296 910 5349 Vitam
930 5297 983 5350 S.
1026 5296 1217 5349 Leonis
1253 5295 1348 5348 IX.
1371 5290 1629 5347 dedimus
1660 5296 1751 5345 19.
1787 5290 2005 5362 Aprilis.
2040 5294 2147 5345 An-

552 5380 655 5418 nus
675 5373 858 5417 autem
879 5374 1010 5419 tunc
1033 5374 1150 5419 erat
1173 5369 1333 5418 1084.

623 5438 698 5499 (9)
728 5436 861 5488 Hac
891 5435 1159 5489 habentur
1189 5435 1241 5488 in
1267 5434 1389 5488 Vita
1419 5435 1475 5489 S.
1503 5434 1768 5502 Gregorii,
1802 5450 1829 5487 a
1848 5432 2004 5487 nobis
2054 5439 2139 5488 12.

550 5504 730 5559 Martii
787 5504 1070 5573 illustrata,
1128 5516 1352 5561 auctore
1391 5508 1603 5559 Joanne
1645 5509 1895 5560 Diacono
1948 5504 2043 5559 lib.
2086 5514 2140 5561 ιι.

551 5593 711 5632 num.
732 5582 823 5632 96.

622 5650 735 5717 (10)
773 5648 912 5702 Cum
951 5647 1004 5701 S.
1054 5647 1227 5703 Leoni
1281 5649 1382 5702 1X.
1430 5647 1779 5702 successisset
1832 5647 2021 5702 Victor
2069 5649 2139 5704 II.

546 5729 761 5778 creatus
790 5725 873 5775 13.
905 5717 1099 5790 Aprilis
1126 5734 1267 5773 anno
1293 5722 1450 5773 1055.
1500 5719 1732 5772 missum
1764 5735 1821 5773 se
1856 5720 1910 5773 in
1939 5719 2142 5775 Gallias

549 5800 782 5850 testatur
808 5791 929 5863 ipse
954 5789 1366 5849 Hildebrandus
1392 5789 1535 5863 apud
1582 5790 1930 5845 Desiderium
1960 5790 2142 5846 Abba-

2259 4574 2439 4629 cundo
2460 4584 2665 4630 tentare
2681 4577 3027 4643 admonitus,
3056 4574 3254 4631 defecit
3283 4575 3338 4629 in
3370 4574 3528 4629 Filio.
3563 4574 3748 4629 Tertio
3778 4588 3858 4627 re-

2258 4677 2443 4739 petere
2474 4669 2791 4740 permissus,
2832 4670 3066 4725 obticuit
3105 4670 3160 4722 in
3203 4670 3380 4723 Patre.
3423 4670 3580 4723 Tunc
3626 4666 3855 4722 demum

2260 4760 2488 4833 pedibus
2539 4763 2892 4834 Apocrisiarii
2958 4762 3302 4834 provolutus,
3362 4760 3733 4816 Simoniacum
3796 4774 3858 4813 se

2258 4868 2375 4910 esse
2405 4855 2684 4926 professus
2715 4866 2818 4913 est.
2850 4856 2958 4925 Qui
2985 4872 3113 4912 mox
3144 4865 3204 4911 ut
3228 4854 3298 4910 ab
3330 4855 3658 4927 Episcopatu
3697 4854 3858 4924 depo-

2253 5087 2368 5134 tem
2425 5078 2797 5145 Casinensem,
2833 5078 2961 5134 dein
2999 5079 3283 5135 Victorem
3314 5081 3386 5133 ll.
3420 5079 3620 5145 Papam
3659 5074 3747 5129 lib.
3794 5081 3848 5130 3.

2262 5150 2633 5219 Dialogorum,
2656 5150 2865 5221 etapud
2884 5152 3107 5205 Petrum
3124 5145 3739 5221 Damianqupusculo
3761 5152 3847 5221 19.

2255 5237 2354 5291 cap
2396 5217 2447 5275 6.
2499 5222 2645 5293 apud
2692 5217 2834 5291 quos
2881 5238 3114 5292 sequens
3157 5228 3407 5293 narratur
3454 5217 3694 5293 historia,
3729 5219 3851 5293 _sed

2256 5286 2623 5367 Stibdiacoitus
2658 5286 2982 5367 appellatur.
3007 5290 3381 5367 Verumiinfra
3420 5286 3567 5367 apud
3596 5289 3851 5367 _Berthol-

2254 5362 2386 5417 dum
2415 5380 2567 5417 num.
2609 5375 2625 5417 ι
2661 5362 2717 5418 et
2751 5366 2892 5433 apud
2910 5366 3326 5420 Grutmundum
3355 5362 3850 5433 ArchiepiscOpum

2256 5438 2595 5489 Aversanum
2644 5436 2735 5489 lib.
2770 5430 2799 5489 3
2832 5438 2899 5490 de
2943 5438 3184 5490 Veritatc
3239 5430 3495 5502 Corporis
3548 5432 3751 5487 Christi
3792 5432 3848 5485 in

2254 5505 2621 5569 Eucharistia,
2649 5507 3082 5562 Archidiaconus
3102 5506 3317 5561 dicitur.

2324 5581 2369 5639 (l
2390 5583 2434 5641 1)
2484 5580 2566 5632 De
2602 5578 2705 5633 hoc
2734 5585 3000 5641 succentu,
3034 5595 3062 5632 a
3094 5579 3147 5649 S.
3191 5577 3534 5649 Hieronymo
3564 5590 3851 5649 commen-

2250 5649 2399 5715 dato,
2446 5650 2679 5719 egimus,
2733 5650 2789 5703 in
2841 5648 3133 5704 Annotatis
3179 5647 3247 5703 ad
3304 5646 3573 5719 Epistolas
3626 5646 3851 5717 pravias

2254 5720 2469 5792 utrique
2499 5721 2819 5791 adscriptas,
2851 5731 2980 5776 ante
3012 5719 3304 5792 Catalogos
3344 5729 3553 5778 veteres
3583 5720 3849 5792 antiquo-

2250 5790 2756 5861 rum'Pontificum,
2782 5792 2961 5848 editos
2984 5800 3115 5848 ante
3145 5790 3366 5849 tomum
3394 5807 3434 5848 ι.
3459 5790 3661 5863 Aprilis
3677 5806 3731 5860 p.
3757 5794 3845 5843 ιν.
